  <div class='ocr_page' id='page_1' title='image "/cluster/home/n/w/nwhite01/storage/ocr_20150623/143/nnc1.0046980733/415.png"; bbox 0 0 4212 6442; ppageno 0'>
   <div class='ocr_carea' id='block_1_1' title="bbox 641 358 750 413">
    <p class='ocr_par' dir='ltr' id='par_1_1' title="bbox 641 358 750 413">
     <span class='ocr_line' id='line_1_1' title="bbox 641 358 750 413; baseline 0 -1"><span class='ocrx_word' id='word_1_1' title='bbox 641 358 750 413; x_wconf 80' lang='grc'><strong>815</strong></span> 
     </span>
    </p>
   </div>
   <div class='ocr_carea' id='block_1_2' title="bbox 1939 356 2740 415">
    <p class='ocr_par' dir='ltr' id='par_1_2' title="bbox 1939 356 2740 415">
     <span class='ocr_line' id='line_1_2' title="bbox 1939 356 2740 415; baseline -0.001 0"><span class='ocrx_word' id='word_1_2' title='bbox 1939 356 2236 415; x_wconf 64' lang='grc' dir='ltr'>οεοιιοιι</span> <span class='ocrx_word' id='word_1_3' title='bbox 2278 358 2740 414; x_wconf 67' lang='grc' dir='ltr'><strong>ΡΔΟΗῩΜΒΒΒ</strong></span> 
     </span>
    </p>
   </div>
   <div class='ocr_carea' id='block_1_3' title="bbox 3937 364 4044 421">
    <p class='ocr_par' dir='ltr' id='par_1_3' title="bbox 3937 364 4044 421">
     <span class='ocr_line' id='line_1_3' title="bbox 3937 364 4044 421; baseline 0 -2"><span class='ocrx_word' id='word_1_4' title='bbox 3937 364 4044 421; x_wconf 82' lang='grc'><strong>816</strong></span> 
     </span>
    </p>
   </div>
   <div class='ocr_carea' id='block_1_4' title="bbox 645 477 4049 558">
    <p class='ocr_par' dir='ltr' id='par_1_4' title="bbox 645 477 4049 558">
     <span class='ocr_line' id='line_1_4' title="bbox 645 477 4049 558; baseline 0.002 -24"><span class='ocrx_word' id='word_1_5' title='bbox 645 479 741 552; x_wconf 82' lang='grc' dir='ltr'>μὶν</span> <span class='ocrx_word' id='word_1_6' title='bbox 775 477 1090 555; x_wconf 70' lang='grc' dir='ltr'>ἀρρωστῶν,</span> <span class='ocrx_word' id='word_1_7' title='bbox 1120 478 1282 534; x_wconf 86' lang='grc' dir='ltr'>τούτο</span> <span class='ocrx_word' id='word_1_8' title='bbox 1313 477 1372 534; x_wconf 80' lang='grc' dir='ltr'><strong>δὶ</strong></span> <span class='ocrx_word' id='word_1_9' title='bbox 1408 479 1498 535; x_wconf 83' lang='grc' dir='ltr'><strong>καὶ</strong></span> <span class='ocrx_word' id='word_1_10' title='bbox 1548 477 1818 552; x_wconf 73' lang='grc' dir='ltr'><strong>πολέμοις</strong></span> <span class='ocrx_word' id='word_1_11' title='bbox 1869 477 2283 556; x_wconf 79' lang='grc' dir='ltr'>ὲνασχολούμε-</span> <span class='ocrx_word' id='word_1_12' title='bbox 2313 483 2367 550; x_wconf 78' lang='grc' dir='ltr'><strong>Α</strong></span> <span class='ocrx_word' id='word_1_13' title='bbox 2399 478 2554 544; x_wconf 77' lang='grc' dir='ltr'>εὐθὺς</span> <span class='ocrx_word' id='word_1_14' title='bbox 2587 479 3040 554; x_wconf 76' lang='grc' dir='ltr'>ἐνσκευασάμενοι</span> <span class='ocrx_word' id='word_1_15' title='bbox 3083 481 3174 536; x_wconf 84' lang='grc' dir='ltr'>τὸν</span> <span class='ocrx_word' id='word_1_16' title='bbox 3226 483 3418 556; x_wconf 83' lang='grc' dir='ltr'>νεκρὸν</span> <span class='ocrx_word' id='word_1_17' title='bbox 3464 481 3669 539; x_wconf 68' lang='grc' dir='ltr'>ἐκείνου</span> <span class='ocrx_word' id='word_1_18' title='bbox 3713 485 3788 550; x_wconf 85' lang='grc' dir='ltr'>ὡς</span> <span class='ocrx_word' id='word_1_19' title='bbox 3815 485 3868 541; x_wconf 76' lang='grc' dir='ltr'>ἐν</span> <span class='ocrx_word' id='word_1_20' title='bbox 3898 485 4049 558; x_wconf 89' lang='grc' dir='ltr'>πλη-</span> 
     </span>
    </p>
   </div>
   <div class='ocr_carea' id='block_1_5' title="bbox 640 567 2288 643">
    <p class='ocr_par' dir='ltr' id='par_1_5' title="bbox 640 567 2288 643">
     <span class='ocr_line' id='line_1_5' title="bbox 640 567 2288 643; baseline 0 -21"><span class='ocrx_word' id='word_1_21' title='bbox 640 588 756 638; x_wconf 86' lang='grc' dir='ltr'>νος,</span> <span class='ocrx_word' id='word_1_22' title='bbox 800 567 1005 642; x_wconf 79' lang='grc' dir='ltr'>ἀνήρτα</span> <span class='ocrx_word' id='word_1_23' title='bbox 1046 589 1103 623; x_wconf 91' lang='grc' dir='ltr'>τε</span> <span class='ocrx_word' id='word_1_24' title='bbox 1156 569 1376 630; x_wconf 78' lang='grc' dir='ltr'><strong>τούτοις</strong></span> <span class='ocrx_word' id='word_1_25' title='bbox 1430 568 1496 622; x_wconf 82' lang='grc' dir='ltr'>τὰ</span> <span class='ocrx_word' id='word_1_26' title='bbox 1545 567 1836 643; x_wconf 86' lang='grc' dir='ltr'>πράγματα</span> <span class='ocrx_word' id='word_1_27' title='bbox 1890 567 1979 623; x_wconf 83' lang='grc' dir='ltr'>καὶ</span> <span class='ocrx_word' id='word_1_28' title='bbox 2039 570 2174 642; x_wconf 89' lang='grc' dir='ltr'>πρὸς</span> <span class='ocrx_word' id='word_1_29' title='bbox 2227 569 2288 623; x_wconf 88' lang='grc' dir='ltr'>τὸ</span> 
     </span>
    </p>
   </div>
   <div class='ocr_carea' id='block_1_6' title="bbox 642 654 2286 733">
    <p class='ocr_par' dir='ltr' id='par_1_6' title="bbox 642 654 2286 733">
     <span class='ocr_line' id='line_1_6' title="bbox 642 654 2286 733; baseline 0.001 -23"><span class='ocrx_word' id='word_1_30' title='bbox 642 658 1062 730; x_wconf 80' lang='grc' dir='ltr'>νοσοκομεῖσθαι</span> <span class='ocrx_word' id='word_1_31' title='bbox 1094 658 1182 727; x_wconf 76' lang='grc' dir='ltr'><strong>ᾖν.</strong></span> <span class='ocrx_word' id='word_1_32' title='bbox 1216 657 1281 714; x_wconf 83' lang='grc' dir='ltr'><strong>Οἱ</strong></span> <span class='ocrx_word' id='word_1_33' title='bbox 1333 654 1390 710; x_wconf 78' lang='grc' dir='ltr'><strong>δὲ</strong></span> <span class='ocrx_word' id='word_1_34' title='bbox 1441 658 1558 720; x_wconf 87' lang='grc' dir='ltr'>καθ’</span> <span class='ocrx_word' id='word_1_35' title='bbox 1606 657 1817 733; x_wconf 77' lang='grc' dir='ltr'>ἡμέραν</span> <span class='ocrx_word' id='word_1_36' title='bbox 1871 657 2044 730; x_wconf 82' lang='grc' dir='ltr'>θέαμα</span> <span class='ocrx_word' id='word_1_37' title='bbox 2101 658 2286 733; x_wconf 72' lang='grc' dir='ltr'>ἑώρων</span> 
     </span>
    </p>
   </div>
   <div class='ocr_carea' id='block_1_7' title="bbox 645 744 2288 821">
    <p class='ocr_par' dir='ltr' id='par_1_7' title="bbox 645 744 2288 821">
     <span class='ocr_line' id='line_1_7' title="bbox 645 744 2288 821; baseline -0.001 -21"><span class='ocrx_word' id='word_1_38' title='bbox 645 744 878 800; x_wconf 79' lang='grc' dir='ltr'>ἐλεεινὸν</span> <span class='ocrx_word' id='word_1_39' title='bbox 936 746 1252 820; x_wconf 82' lang='grc' dir='ltr'>’Δγαρηνῶν</span> <span class='ocrx_word' id='word_1_40' title='bbox 1303 745 1497 818; x_wconf 82' lang='grc' dir='ltr'>μεταξυ</span> <span class='ocrx_word' id='word_1_41' title='bbox 1554 745 1642 800; x_wconf 85' lang='grc' dir='ltr'><strong>καὶ</strong></span> <span class='ocrx_word' id='word_1_42' title='bbox 1693 746 1958 803; x_wconf 86' lang='grc' dir='ltr'>Λατίνων.</span> <span class='ocrx_word' id='word_1_43' title='bbox 1991 746 2128 816; x_wconf 80' lang='grc' dir='ltr'><strong>Ἐξω</strong></span> <span class='ocrx_word' id='word_1_44' title='bbox 2184 746 2288 821; x_wconf 83' lang='grc' dir='ltr'>γὰρ</span> 
     </span>
    </p>
   </div>
   <div class='ocr_carea' id='block_1_8' title="bbox 645 830 2288 911">
    <p class='ocr_par' dir='ltr' id='par_1_8' title="bbox 645 830 2288 911">
     <span class='ocr_line' id='line_1_8' title="bbox 645 830 2288 911; baseline 0.001 -25"><span class='ocrx_word' id='word_1_45' title='bbox 645 830 920 903; x_wconf 80' lang='grc' dir='ltr'><strong>Θαλάσσης</strong></span> <span class='ocrx_word' id='word_1_46' title='bbox 1023 832 1544 911; x_wconf 72' lang='grc' dir='ltr'>ἰπιταφρευσάμενοι</span> <span class='ocrx_word' id='word_1_47' title='bbox 1655 832 1854 890; x_wconf 91' lang='grc' dir='ltr'>Ἰταλοὶ</span> <span class='ocrx_word' id='word_1_48' title='bbox 1963 833 2288 907; x_wconf 83' lang='grc' dir='ltr'><strong>ὀχυρώματι</strong></span> 
     </span>
    </p>
   </div>
   <div class='ocr_carea' id='block_1_9' title="bbox 644 919 2286 996">
    <p class='ocr_par' dir='ltr' id='par_1_9' title="bbox 644 919 2286 996">
     <span class='ocr_line' id='line_1_9' title="bbox 644 919 2286 996; baseline 0.001 -22"><span class='ocrx_word' id='word_1_49' title='bbox 644 919 890 994; x_wconf 75' lang='grc' dir='ltr'>ἐχρῶντο</span> <span class='ocrx_word' id='word_1_50' title='bbox 947 925 1016 995; x_wconf 80' lang='grc' dir='ltr'>τῇ</span> <span class='ocrx_word' id='word_1_51' title='bbox 1048 921 1255 996; x_wconf 84' lang='grc' dir='ltr'>τάφρῳ,</span> <span class='ocrx_word' id='word_1_52' title='bbox 1295 922 1357 976; x_wconf 88' lang='grc' dir='ltr'>τὸ</span> <span class='ocrx_word' id='word_1_53' title='bbox 1416 922 1609 995; x_wconf 79' lang='grc' dir='ltr'>μεταξὺ</span> <span class='ocrx_word' id='word_1_54' title='bbox 1657 923 1999 996; x_wconf 59' lang='grc' dir='ltr'>κατέχοντες</span> <span class='ocrx_word' id='word_1_55' title='bbox 2031 922 2185 978; x_wconf 85' lang='grc' dir='ltr'>Αἷθίο</span> <span class='ocrx_word' id='word_1_56' title='bbox 2235 943 2286 984; x_wconf 88' lang='grc' dir='ltr'><strong>ες</strong></span> 
     </span>
    </p>
   </div>
   <div class='ocr_carea' id='block_1_10' title="bbox 642 1006 2286 1087">
    <p class='ocr_par' dir='ltr' id='par_1_10' title="bbox 642 1006 2286 1087">
     <span class='ocr_line' id='line_1_10' title="bbox 642 1006 2286 1087; baseline 0.001 -23"><span class='ocrx_word' id='word_1_57' title='bbox 642 1006 700 1064; x_wconf 68' lang='grc' dir='ltr'><strong>δὲ</strong></span> <span class='ocrx_word' id='word_1_58' title='bbox 730 1006 1046 1086; x_wconf 82' lang='grc' dir='ltr'>Καρχηδόνι</span> <span class='ocrx_word' id='word_1_59' title='bbox 1097 1010 1338 1087; x_wconf 79' lang='grc' dir='ltr'><strong>φρουρίῳ</strong></span> <span class='ocrx_word' id='word_1_60' title='bbox 1383 1031 1443 1064; x_wconf 89' lang='grc' dir='ltr'><strong>τε</strong></span> <span class='ocrx_word' id='word_1_61' title='bbox 1471 1010 1560 1064; x_wconf 86' lang='grc' dir='ltr'><strong>καὶ</strong></span> <span class='ocrx_word' id='word_1_62' title='bbox 1619 1011 1944 1086; x_wconf 77' lang='grc' dir='ltr'><strong>ὁρμητηρίῳ</strong></span> <span class='ocrx_word' id='word_1_63' title='bbox 2003 1013 2286 1085; x_wconf 77' lang='grc' dir='ltr'>χρώμενοι</span> 
     </span>
    </p>
   </div>
   <div class='ocr_carea' id='block_1_11' title="bbox 645 1098 2281 1175">
    <p class='ocr_par' dir='ltr' id='par_1_11' title="bbox 645 1098 2281 1175">
     <span class='ocr_line' id='line_1_11' title="bbox 645 1098 2281 1175; baseline 0.001 -23"><span class='ocrx_word' id='word_1_64' title='bbox 645 1099 794 1173; x_wconf 73' lang='grc' dir='ltr'>εἶχον</span> <span class='ocrx_word' id='word_1_65' title='bbox 833 1100 929 1172; x_wconf 80' lang='grc' dir='ltr'>μὶν</span> <span class='ocrx_word' id='word_1_66' title='bbox 977 1099 1027 1153; x_wconf 81' lang='grc' dir='ltr'>ἐν</span> <span class='ocrx_word' id='word_1_67' title='bbox 1074 1099 1305 1175; x_wconf 77' lang='grc' dir='ltr'><strong>ἀσφαλεῖ</strong></span> <span class='ocrx_word' id='word_1_68' title='bbox 1355 1102 1642 1168; x_wconf 82' lang='grc' dir='ltr'>καθῆσθαι,</span> <span class='ocrx_word' id='word_1_69' title='bbox 1702 1101 1850 1174; x_wconf 74' lang='grc' dir='ltr'>εἶχον</span> <span class='ocrx_word' id='word_1_70' title='bbox 1907 1098 1963 1154; x_wconf 75' lang='grc' dir='ltr'><strong>δὲ</strong></span> <span class='ocrx_word' id='word_1_71' title='bbox 2027 1102 2113 1154; x_wconf 82' lang='grc' dir='ltr'><strong>καὶ</strong></span> <span class='ocrx_word' id='word_1_72' title='bbox 2175 1099 2281 1171; x_wconf 73' lang='grc' dir='ltr'>ὅπη</span> 
     </span>
    </p>
   </div>
   <div class='ocr_carea' id='block_1_12' title="bbox 643 1187 2287 1264">
    <p class='ocr_par' dir='ltr' id='par_1_12' title="bbox 643 1187 2287 1264">
     <span class='ocr_line' id='line_1_12' title="bbox 643 1187 2287 1264; baseline 0.001 -22"><span class='ocrx_word' id='word_1_73' title='bbox 643 1189 894 1263; x_wconf 79' lang='grc' dir='ltr'><strong>παρείκοι</strong></span> <span class='ocrx_word' id='word_1_74' title='bbox 921 1187 1266 1264; x_wconf 71' lang='grc' dir='ltr'>θαρρούντως</span> <span class='ocrx_word' id='word_1_75' title='bbox 1297 1189 1494 1264; x_wconf 82' lang='grc' dir='ltr'>ὁρμᾷν.</span> <span class='ocrx_word' id='word_1_76' title='bbox 1536 1189 1633 1243; x_wconf 80' lang='grc' dir='ltr'><strong>Καὶ</strong></span> <span class='ocrx_word' id='word_1_77' title='bbox 1683 1194 1928 1263; x_wconf 81' lang='grc' dir='ltr'>συνεχῶς</span> <span class='ocrx_word' id='word_1_78' title='bbox 1976 1191 2091 1243; x_wconf 81' lang='grc' dir='ltr'>καθ’</span> <span class='ocrx_word' id='word_1_79' title='bbox 2147 1191 2287 1262; x_wconf 81' lang='grc' dir='ltr'><strong>ἠμὲ·</strong></span> 
     </span>
    </p>
   </div>
   <div class='ocr_carea' id='block_1_13' title="bbox 637 1274 2284 1353">
    <p class='ocr_par' dir='ltr' id='par_1_13' title="bbox 637 1274 2284 1353">
     <span class='ocr_line' id='line_1_13' title="bbox 637 1274 2284 1353; baseline 0.001 -22"><span class='ocrx_word' id='word_1_80' title='bbox 637 1297 732 1351; x_wconf 88' lang='grc' dir='ltr'><strong>ραν</strong></span> <span class='ocrx_word' id='word_1_81' title='bbox 767 1274 1127 1348; x_wconf 72' lang='grc' dir='ltr'><strong>διεπολέμουν</strong></span> <span class='ocrx_word' id='word_1_82' title='bbox 1159 1277 1296 1347; x_wconf 88' lang='grc' dir='ltr'>πρὸς</span> <span class='ocrx_word' id='word_1_83' title='bbox 1345 1275 1651 1348; x_wconf 77' lang='grc' dir='ltr'>ἀλλήλους,</span> <span class='ocrx_word' id='word_1_84' title='bbox 1685 1279 1758 1341; x_wconf 87' lang='grc' dir='ltr'><strong>ὡς</strong></span> <span class='ocrx_word' id='word_1_85' title='bbox 1788 1277 2074 1340; x_wconf 76' lang='grc' dir='ltr'>πλείστους</span> <span class='ocrx_word' id='word_1_86' title='bbox 2105 1279 2284 1353; x_wconf 80' lang='grc' dir='ltr'>ἀμφο-</span> 
     </span>
    </p>
   </div>
   <div class='ocr_carea' id='block_1_14' title="bbox 631 1363 2285 1441">
    <p class='ocr_par' dir='ltr' id='par_1_14' title="bbox 631 1363 2285 1441">
     <span class='ocr_line' id='line_1_14' title="bbox 631 1363 2285 1441; baseline 0.001 -21"><span class='ocrx_word' id='word_1_87' title='bbox 631 1366 861 1441; x_wconf 85' lang='grc' dir='ltr'>τέρωθεν</span> <span class='ocrx_word' id='word_1_88' title='bbox 899 1365 1134 1422; x_wconf 82' lang='grc' dir='ltr'><strong>πίπτειν.</strong></span> <span class='ocrx_word' id='word_1_89' title='bbox 1185 1364 1464 1422; x_wconf 83' lang='grc' dir='ltr'>Ἐπέκειτο</span> <span class='ocrx_word' id='word_1_90' title='bbox 1498 1363 1554 1420; x_wconf 79' lang='grc' dir='ltr'><strong>δὲ</strong></span> <span class='ocrx_word' id='word_1_91' title='bbox 1585 1364 1785 1438; x_wconf 85' lang='grc' dir='ltr'>λοιμὸς</span> <span class='ocrx_word' id='word_1_92' title='bbox 1833 1366 2086 1440; x_wconf 76' lang='grc' dir='ltr'>ἰσχυρὸς,</span> <span class='ocrx_word' id='word_1_93' title='bbox 2124 1365 2285 1436; x_wconf 78' lang='grc' dir='ltr'>ἔθνη-</span> 
     </span>
    </p>
   </div>
   <div class='ocr_carea' id='block_1_15' title="bbox 632 1451 2278 1530">
    <p class='ocr_par' dir='ltr' id='par_1_15' title="bbox 632 1451 2278 1530">
     <span class='ocr_line' id='line_1_15' title="bbox 632 1451 2278 1530; baseline 0.001 -21"><span class='ocrx_word' id='word_1_94' title='bbox 632 1475 758 1509; x_wconf 83' lang='grc' dir='ltr'>σκον</span> <span class='ocrx_word' id='word_1_95' title='bbox 789 1451 847 1512; x_wconf 75' lang='grc' dir='ltr'><strong>δὲ</strong></span> <span class='ocrx_word' id='word_1_96' title='bbox 895 1452 1274 1530; x_wconf 71' lang='grc' dir='ltr'>ἐπασσύτεροι,</span> <span class='ocrx_word' id='word_1_97' title='bbox 1332 1453 1422 1508; x_wconf 85' lang='grc' dir='ltr'><strong>καὶ</strong></span> <span class='ocrx_word' id='word_1_98' title='bbox 1480 1455 1508 1508; x_wconf 82' lang='grc' dir='ltr'>ὁ</span> <span class='ocrx_word' id='word_1_99' title='bbox 1567 1454 1782 1518; x_wconf 81' lang='grc' dir='ltr'>θάπτων</span> <span class='ocrx_word' id='word_1_100' title='bbox 1834 1453 1937 1509; x_wconf 81' lang='grc' dir='ltr'><strong>οὐκ</strong></span> <span class='ocrx_word' id='word_1_101' title='bbox 1993 1456 2083 1525; x_wconf 73' lang='grc' dir='ltr'><strong>ἦν,</strong></span> <span class='ocrx_word' id='word_1_102' title='bbox 2114 1456 2278 1528; x_wconf 84' lang='grc' dir='ltr'>πυραὶ</span> 
     </span>
    </p>
   </div>
   <div class='ocr_carea' id='block_1_16' title="bbox 631 1538 2279 1622">
    <p class='ocr_par' dir='ltr' id='par_1_16' title="bbox 631 1538 2279 1622">
     <span class='ocr_line' id='line_1_16' title="bbox 631 1538 2279 1622; baseline 0.001 -25"><span class='ocrx_word' id='word_1_103' title='bbox 631 1538 689 1597; x_wconf 77' lang='grc' dir='ltr'><strong>δὶ</strong></span> <span class='ocrx_word' id='word_1_104' title='bbox 743 1540 943 1598; x_wconf 81' lang='grc' dir='ltr'>νεκύων</span> <span class='ocrx_word' id='word_1_105' title='bbox 1002 1542 1062 1597; x_wconf 83' lang='grc' dir='ltr'><strong>ού</strong></span> <span class='ocrx_word' id='word_1_106' title='bbox 1118 1542 1335 1598; x_wconf 80' lang='grc' dir='ltr'>καίοντο</span> <span class='ocrx_word' id='word_1_107' title='bbox 1415 1544 1898 1613; x_wconf 83' lang='grc' dir='ltr'>κατατεθνηώτων.</span> <span class='ocrx_word' id='word_1_108' title='bbox 1984 1544 2046 1598; x_wconf 86' lang='grc' dir='ltr'>Ἣ</span> <span class='ocrx_word' id='word_1_109' title='bbox 2075 1544 2279 1622; x_wconf 78' lang='grc' dir='ltr'>τάφρος</span> 
     </span>
    </p>
   </div>
   <div class='ocr_carea' id='block_1_17' title="bbox 632 1629 2278 1707">
    <p class='ocr_par' dir='ltr' id='par_1_17' title="bbox 632 1629 2278 1707">
     <span class='ocr_line' id='line_1_17' title="bbox 632 1629 2278 1707; baseline 0.001 -21"><span class='ocrx_word' id='word_1_110' title='bbox 632 1629 678 1686; x_wconf 84' lang='grc' dir='ltr'><strong>δ’</strong></span> <span class='ocrx_word' id='word_1_111' title='bbox 727 1629 900 1702; x_wconf 73' lang='grc' dir='ltr'>ἐκείνη</span> <span class='ocrx_word' id='word_1_112' title='bbox 964 1630 1146 1707; x_wconf 80' lang='grc' dir='ltr'>εὐρεῖά</span> <span class='ocrx_word' id='word_1_113' title='bbox 1199 1653 1257 1688; x_wconf 91' lang='grc' dir='ltr'><strong>τε</strong></span> <span class='ocrx_word' id='word_1_114' title='bbox 1302 1632 1391 1687; x_wconf 87' lang='grc' dir='ltr'><strong>καὶ</strong></span> <span class='ocrx_word' id='word_1_115' title='bbox 1450 1631 1634 1707; x_wconf 83' lang='grc' dir='ltr'>ῥαθεὶα</span> <span class='ocrx_word' id='word_1_116' title='bbox 1702 1632 1832 1686; x_wconf 80' lang='grc' dir='ltr'>οὖσα</span> <span class='ocrx_word' id='word_1_117' title='bbox 1906 1630 2001 1694; x_wconf 78' lang='grc' dir='ltr'>οὓς</span> <span class='ocrx_word' id='word_1_118' title='bbox 2079 1637 2278 1702; x_wconf 85' lang='grc' dir='ltr'>ζῶντας</span> 
     </span>
    </p>
   </div>
   <div class='ocr_carea' id='block_1_18' title="bbox 631 1718 2278 1797">
    <p class='ocr_par' dir='ltr' id='par_1_18' title="bbox 631 1718 2278 1797">
     <span class='ocr_line' id='line_1_18' title="bbox 631 1718 2278 1797; baseline 0.001 -21"><span class='ocrx_word' id='word_1_119' title='bbox 631 1721 861 1797; x_wconf 67' lang='grc' dir='ltr'>ἐτήρει,</span> <span class='ocrx_word' id='word_1_120' title='bbox 919 1721 1149 1785; x_wconf 88' lang='grc' dir='ltr'>τούτους</span> <span class='ocrx_word' id='word_1_121' title='bbox 1203 1723 1291 1776; x_wconf 88' lang='grc' dir='ltr'><strong>καὶ</strong></span> <span class='ocrx_word' id='word_1_122' title='bbox 1351 1721 1610 1785; x_wconf 79' lang='grc' dir='ltr'>θανόντας</span> <span class='ocrx_word' id='word_1_123' title='bbox 1668 1718 1935 1796; x_wconf 81' lang='grc' dir='ltr'>ἐδέχετο,</span> <span class='ocrx_word' id='word_1_124' title='bbox 1986 1721 2073 1777; x_wconf 88' lang='grc' dir='ltr'><strong>καὶ</strong></span> <span class='ocrx_word' id='word_1_125' title='bbox 2131 1721 2278 1777; x_wconf 76' lang='grc' dir='ltr'>οὕτω</span> 
     </span>
    </p>
   </div>
   <div class='ocr_carea' id='block_1_19' title="bbox 629 1810 2278 1886">
    <p class='ocr_par' dir='ltr' id='par_1_19' title="bbox 629 1810 2278 1886">
     <span class='ocr_line' id='line_1_19' title="bbox 629 1810 2278 1886; baseline -0.001 -19"><span class='ocrx_word' id='word_1_126' title='bbox 629 1810 925 1873; x_wconf 76' lang='grc' dir='ltr'>πλείστους</span> <span class='ocrx_word' id='word_1_127' title='bbox 957 1810 1093 1866; x_wconf 83' lang='grc' dir='ltr'>ὥστε</span> <span class='ocrx_word' id='word_1_128' title='bbox 1134 1811 1224 1866; x_wconf 84' lang='grc' dir='ltr'><strong>καὶ</strong></span> <span class='ocrx_word' id='word_1_129' title='bbox 1275 1811 1771 1886; x_wconf 73' lang='grc' dir='ltr'>ἀναχωματοῦσθαι</span> <span class='ocrx_word' id='word_1_130' title='bbox 1827 1812 1962 1866; x_wconf 87' lang='grc' dir='ltr'>κατὰ</span> <span class='ocrx_word' id='word_1_131' title='bbox 1997 1813 2134 1885; x_wconf 87' lang='grc' dir='ltr'>μέρη</span> <span class='ocrx_word' id='word_1_132' title='bbox 2168 1834 2278 1868; x_wconf 88' lang='grc' dir='ltr'>κιν-</span> 
     </span>
    </p>
   </div>
   <div class='ocr_carea' id='block_1_20' title="bbox 631 1897 2278 1976">
    <p class='ocr_par' dir='ltr' id='par_1_20' title="bbox 631 1897 2278 1976">
     <span class='ocr_line' id='line_1_20' title="bbox 631 1897 2278 1976; baseline 0.001 -21"><span class='ocrx_word' id='word_1_133' title='bbox 631 1898 864 1956; x_wconf 82' lang='grc' dir='ltr'>δυνεύειν</span> <span class='ocrx_word' id='word_1_134' title='bbox 905 1899 1369 1976; x_wconf 82' lang='grc' dir='ltr'>ἀγχωμαλοῦσαν.</span> <span class='ocrx_word' id='word_1_135' title='bbox 1423 1900 1565 1956; x_wconf 81' lang='grc' dir='ltr'>οὕτω</span> <span class='ocrx_word' id='word_1_136' title='bbox 1615 1900 1808 1975; x_wconf 86' lang='grc' dir='ltr'>συχνοὶ</span> <span class='ocrx_word' id='word_1_137' title='bbox 1856 1897 2000 1964; x_wconf 69' lang='grc' dir='ltr'>ἔνθεν</span> <span class='ocrx_word' id='word_1_138' title='bbox 2065 1903 2160 1974; x_wconf 74' lang='grc' dir='ltr'>μὲν</span> <span class='ocrx_word' id='word_1_139' title='bbox 2198 1907 2278 1974; x_wconf 84' lang='grc' dir='ltr'>τῷ</span> 
     </span>
    </p>
   </div>
   <div class='ocr_carea' id='block_1_21' title="bbox 629 1986 2277 2064">
    <p class='ocr_par' dir='ltr' id='par_1_21' title="bbox 629 1986 2277 2064">
     <span class='ocr_line' id='line_1_21' title="bbox 629 1986 2277 2064; baseline 0 -19"><span class='ocrx_word' id='word_1_140' title='bbox 629 1987 885 2061; x_wconf 65' lang='grc' dir='ltr'>πολέμῳ,</span> <span class='ocrx_word' id='word_1_141' title='bbox 920 1988 1120 2053; x_wconf 79' lang='grc' dir='ltr'>ἐκεῖθεν</span> <span class='ocrx_word' id='word_1_142' title='bbox 1154 1988 1210 2044; x_wconf 72' lang='grc' dir='ltr'><strong>δὲ</strong></span> <span class='ocrx_word' id='word_1_143' title='bbox 1233 1995 1312 2062; x_wconf 77' lang='grc' dir='ltr'><strong>τῷ</strong></span> <span class='ocrx_word' id='word_1_144' title='bbox 1343 1989 1528 2063; x_wconf 81' lang='grc' dir='ltr'>λοιμῷ</span> <span class='ocrx_word' id='word_1_145' title='bbox 1568 1986 1817 2046; x_wconf 75' lang='grc' dir='ltr'>ἔπιπτον.</span> <span class='ocrx_word' id='word_1_146' title='bbox 1859 1992 2039 2064; x_wconf 83' lang='grc' dir='ltr'>Ὀρμή</span> <span class='ocrx_word' id='word_1_147' title='bbox 2065 1988 2110 2045; x_wconf 84' lang='grc' dir='ltr'>δ’</span> <span class='ocrx_word' id='word_1_148' title='bbox 2141 1989 2277 2045; x_wconf 80' lang='grc' dir='ltr'>ἐκεί-</span> 
     </span>
    </p>
   </div>
   <div class='ocr_carea' id='block_1_22' title="bbox 628 2077 2276 2155">
    <p class='ocr_par' dir='ltr' id='par_1_22' title="bbox 628 2077 2276 2155">
     <span class='ocr_line' id='line_1_22' title="bbox 628 2077 2276 2155; baseline 0 -21"><span class='ocrx_word' id='word_1_149' title='bbox 628 2099 741 2141; x_wconf 89' lang='grc' dir='ltr'>νοις</span> <span class='ocrx_word' id='word_1_150' title='bbox 773 2080 944 2148; x_wconf 83' lang='grc' dir='ltr'>ἀνέζει</span> <span class='ocrx_word' id='word_1_151' title='bbox 984 2081 1059 2140; x_wconf 86' lang='grc' dir='ltr'>ὡς</span> <span class='ocrx_word' id='word_1_152' title='bbox 1123 2080 1253 2154; x_wconf 74' lang='grc' dir='ltr'>ὑπὲρ</span> <span class='ocrx_word' id='word_1_153' title='bbox 1301 2084 1537 2155; x_wconf 87' lang='grc' dir='ltr'>σταυροῦ</span> <span class='ocrx_word' id='word_1_154' title='bbox 1585 2077 1977 2137; x_wconf 83' lang='grc' dir='ltr'>κινδυνεύουσι.</span> <span class='ocrx_word' id='word_1_155' title='bbox 2029 2080 2160 2135; x_wconf 80' lang='grc' dir='ltr'>Τότε</span> <span class='ocrx_word' id='word_1_156' title='bbox 2189 2081 2276 2135; x_wconf 84' lang='grc' dir='ltr'><strong>καὶ</strong></span> 
     </span>
    </p>
   </div>
   <div class='ocr_carea' id='block_1_23' title="bbox 628 2167 2276 2244">
    <p class='ocr_par' dir='ltr' id='par_1_23' title="bbox 628 2167 2276 2244">
     <span class='ocr_line' id='line_1_23' title="bbox 628 2167 2276 2244; baseline -0.005 -22"><span class='ocrx_word' id='word_1_157' title='bbox 628 2170 657 2222; x_wconf 86' lang='grc' dir='ltr'>ὁ</span> <span class='ocrx_word' id='word_1_158' title='bbox 831 2169 943 2222; x_wconf 88' lang='grc' dir='ltr'>ἐπεὶ</span> <span class='ocrx_word' id='word_1_159' title='bbox 979 2173 1168 2242; x_wconf 88' lang='grc' dir='ltr'>χεῖρον</span> <span class='ocrx_word' id='word_1_160' title='bbox 1198 2170 1312 2244; x_wconf 75' lang='grc' dir='ltr'>εἶχε</span> <span class='ocrx_word' id='word_1_161' title='bbox 1343 2171 1431 2223; x_wconf 84' lang='grc' dir='ltr'><strong>καὶ</strong></span> <span class='ocrx_word' id='word_1_162' title='bbox 1480 2170 1532 2223; x_wconf 76' lang='grc' dir='ltr'><strong>οἱ</strong></span> <span class='ocrx_word' id='word_1_163' title='bbox 1565 2170 1628 2223; x_wconf 70' lang='grc' dir='ltr'>τὰ</span> <span class='ocrx_word' id='word_1_164' title='bbox 1677 2176 1776 2238; x_wconf 76' lang='grc' dir='ltr'><strong>τῆς</strong></span> <span class='ocrx_word' id='word_1_165' title='bbox 1811 2168 2084 2244; x_wconf 79' lang='grc' dir='ltr'>σωτηρίας</span> <span class='ocrx_word' id='word_1_166' title='bbox 2141 2172 2276 2225; x_wconf 78' lang='grc' dir='ltr'><strong>απέ-</strong></span> 
     </span>
    </p>
   </div>
   <div class='ocr_carea' id='block_1_24' title="bbox 625 2256 2276 2333">
    <p class='ocr_par' dir='ltr' id='par_1_24' title="bbox 625 2256 2276 2333">
     <span class='ocr_line' id='line_1_24' title="bbox 625 2256 2276 2333; baseline 0.001 -22"><span class='ocrx_word' id='word_1_167' title='bbox 625 2278 860 2332; x_wconf 90' lang='grc' dir='ltr'>γνωστο,</span> <span class='ocrx_word' id='word_1_168' title='bbox 919 2257 1043 2312; x_wconf 73' lang='grc' dir='ltr'>ὅσον</span> <span class='ocrx_word' id='word_1_169' title='bbox 1104 2260 1168 2327; x_wconf 74' lang='grc' dir='ltr'>ἦν</span> <span class='ocrx_word' id='word_1_170' title='bbox 1229 2259 1581 2333; x_wconf 76' lang='grc' dir='ltr'>χρηματίσας</span> <span class='ocrx_word' id='word_1_171' title='bbox 1643 2257 1892 2326; x_wconf 81' lang='grc' dir='ltr'>ἐκείνοις,</span> <span class='ocrx_word' id='word_1_172' title='bbox 1953 2258 2042 2313; x_wconf 84' lang='grc' dir='ltr'><strong>καὶ</strong></span> <span class='ocrx_word' id='word_1_173' title='bbox 2100 2256 2276 2329; x_wconf 78' lang='grc' dir='ltr'>δείξας</span> 
     </span>
    </p>
   </div>
   <div class='ocr_carea' id='block_1_25' title="bbox 627 2346 2277 2424">
    <p class='ocr_par' dir='ltr' id='par_1_25' title="bbox 627 2346 2277 2424">
     <span class='ocr_line' id='line_1_25' title="bbox 627 2346 2277 2424; baseline 0.001 -23"><span class='ocrx_word' id='word_1_174' title='bbox 627 2346 802 2422; x_wconf 80' lang='grc' dir='ltr'>ῥοπὴν</span> <span class='ocrx_word' id='word_1_175' title='bbox 850 2347 988 2421; x_wconf 83' lang='grc' dir='ltr'>πρὸς</span> <span class='ocrx_word' id='word_1_176' title='bbox 1048 2346 1268 2420; x_wconf 80' lang='grc' dir='ltr'>είρήνην</span> <span class='ocrx_word' id='word_1_177' title='bbox 1330 2347 1473 2422; x_wconf 80' lang='grc' dir='ltr'>ἔχων</span> <span class='ocrx_word' id='word_1_178' title='bbox 1534 2347 1624 2402; x_wconf 82' lang='grc' dir='ltr'><strong>καί</strong></span> <span class='ocrx_word' id='word_1_179' title='bbox 1679 2349 1729 2422; x_wconf 89' lang='grc' dir='ltr'><strong>γ’</strong></span> <span class='ocrx_word' id='word_1_180' title='bbox 1781 2347 1825 2402; x_wconf 74' lang='grc' dir='ltr'>εἰ</span> <span class='ocrx_word' id='word_1_181' title='bbox 1883 2348 2156 2424; x_wconf 89' lang='grc' dir='ltr'>περιέσται</span> <span class='ocrx_word' id='word_1_182' title='bbox 2186 2350 2277 2404; x_wconf 82' lang='grc' dir='ltr'><strong>καὶ</strong></span> 
     </span>
    </p>
   </div>
   <div class='ocr_carea' id='block_1_26' title="bbox 625 2434 2279 2513">
    <p class='ocr_par' dir='ltr' id='par_1_26' title="bbox 625 2434 2279 2513">
     <span class='ocr_line' id='line_1_26' title="bbox 625 2434 2279 2513; baseline 0.002 -23"><span class='ocrx_word' id='word_1_183' title='bbox 625 2438 1010 2513; x_wconf 78' lang='grc' dir='ltr'>συγκροτήσων</span> <span class='ocrx_word' id='word_1_184' title='bbox 1093 2438 1169 2498; x_wconf 75' lang='grc' dir='ltr'>εἱς</span> <span class='ocrx_word' id='word_1_185' title='bbox 1237 2434 1461 2510; x_wconf 83' lang='grc' dir='ltr'>δύναμιν</span> <span class='ocrx_word' id='word_1_186' title='bbox 1496 2481 1511 2508; x_wconf 95' lang='grc'><strong>,</strong></span> <span class='ocrx_word' id='word_1_187' title='bbox 1594 2436 1836 2493; x_wconf 82' lang='grc' dir='ltr'>ἐκέλευεν</span> <span class='ocrx_word' id='word_1_188' title='bbox 1921 2440 2279 2513; x_wconf 77' lang='grc' dir='ltr'>ἀναμένοντας</span> 
     </span>
    </p>
   </div>
   <div class='ocr_carea' id='block_1_27' title="bbox 625 2522 2276 2599">
    <p class='ocr_par' dir='ltr' id='par_1_27' title="bbox 625 2522 2276 2599">
     <span class='ocr_line' id='line_1_27' title="bbox 625 2522 2276 2599; baseline 0.003 -21"><span class='ocrx_word' id='word_1_189' title='bbox 625 2524 922 2599; x_wconf 76' lang='grc' dir='ltr'>ἡσυχάζειν</span> <span class='ocrx_word' id='word_1_190' title='bbox 960 2567 972 2580; x_wconf 90' lang='grc'><strong>.</strong></span> <span class='ocrx_word' id='word_1_191' title='bbox 1036 2525 1183 2582; x_wconf 84' lang='grc' dir='ltr'>Ἐπεὶ</span> <span class='ocrx_word' id='word_1_192' title='bbox 1248 2522 1292 2579; x_wconf 80' lang='grc' dir='ltr'><strong>δ’</strong></span> <span class='ocrx_word' id='word_1_193' title='bbox 1345 2532 1444 2594; x_wconf 79' lang='grc' dir='ltr'><strong>τῆς</strong></span> <span class='ocrx_word' id='word_1_194' title='bbox 1505 2523 1768 2595; x_wconf 84' lang='grc' dir='ltr'>ἐπιούσης</span> <span class='ocrx_word' id='word_1_195' title='bbox 1848 2525 2043 2598; x_wconf 82' lang='grc' dir='ltr'>ἐπέστη</span> <span class='ocrx_word' id='word_1_196' title='bbox 2107 2528 2158 2580; x_wconf 73' lang='grc' dir='ltr'><strong>οἱ</strong></span> <span class='ocrx_word' id='word_1_197' title='bbox 2215 2529 2276 2583; x_wconf 90' lang='grc' dir='ltr'><strong>τὸ</strong></span> 
     </span>
    </p>
   </div>
   <div class='ocr_carea' id='block_1_28' title="bbox 623 2608 2274 2694">
    <p class='ocr_par' dir='ltr' id='par_1_28' title="bbox 623 2608 2274 2694">
     <span class='ocr_line' id='line_1_28' title="bbox 623 2608 2274 2694; baseline 0.002 -26"><span class='ocrx_word' id='word_1_198' title='bbox 623 2614 804 2690; x_wconf 85' lang='grc' dir='ltr'>χρεὼν</span> <span class='ocrx_word' id='word_1_199' title='bbox 836 2613 926 2669; x_wconf 84' lang='grc' dir='ltr'><strong>καὶ</strong></span> <span class='ocrx_word' id='word_1_200' title='bbox 974 2612 1083 2685; x_wconf 71' lang='grc' dir='ltr'><strong>ἤδη</strong></span> <span class='ocrx_word' id='word_1_201' title='bbox 1109 2608 1140 2669; x_wconf 77' lang='grc' dir='ltr'><strong><em>ὅ</em></strong></span> <span class='ocrx_word' id='word_1_202' title='bbox 1324 2611 1595 2686; x_wconf 80' lang='grc' dir='ltr'>ἐτελεύτα,</span> <span class='ocrx_word' id='word_1_203' title='bbox 1647 2616 1699 2670; x_wconf 79' lang='grc' dir='ltr'><strong>οἱ</strong></span> <span class='ocrx_word' id='word_1_204' title='bbox 1758 2614 1852 2689; x_wconf 72' lang='grc' dir='ltr'>μὶν</span> <span class='ocrx_word' id='word_1_205' title='bbox 1883 2615 2018 2694; x_wconf 83' lang='grc' dir='ltr'>ἀμφ’</span> <span class='ocrx_word' id='word_1_206' title='bbox 2072 2616 2274 2672; x_wconf 75' lang='grc' dir='ltr'>ἐκεῖνον</span> 
     </span>
    </p>
   </div>
   <div class='ocr_carea' id='block_1_29' title="bbox 624 2832 2274 2911">
    <p class='ocr_par' dir='ltr' id='par_1_29' title="bbox 624 2832 2274 2911">
     <span class='ocr_line' id='line_1_29' title="bbox 624 2832 2274 2911; baseline -0.003 -18"><span class='ocrx_word' id='word_1_207' title='bbox 624 2836 941 2911; x_wconf 89' lang='lat' dir='ltr'><strong>gotiorum,</strong></span> <span class='ocrx_word' id='word_1_208' title='bbox 971 2833 1235 2891; x_wconf 90' lang='lat' dir='ltr'><strong>intentus</strong></span> <span class='ocrx_word' id='word_1_209' title='bbox 1265 2832 1585 2889; x_wconf 84' lang='lat' dir='ltr'><strong>valetudini</strong></span> <span class='ocrx_word' id='word_1_210' title='bbox 1616 2833 1770 2888; x_wconf 72' lang='lat'><strong>868</strong></span> <span class='ocrx_word' id='word_1_211' title='bbox 1824 2834 2118 2889; x_wconf 65' lang='lat' dir='ltr'><strong>curanda.</strong></span> <span class='ocrx_word' id='word_1_212' title='bbox 2166 2834 2274 2890; x_wconf 92' lang='lat' dir='ltr'><strong>Per</strong></span> 
     </span>
    </p>
   </div>
   <div class='ocr_carea' id='block_1_30' title="bbox 627 2921 2269 2994">
    <p class='ocr_par' dir='ltr' id='par_1_30' title="bbox 627 2921 2269 2994">
     <span class='ocr_line' id='line_1_30' title="bbox 627 2921 2269 2994; baseline -0.004 -10"><span class='ocrx_word' id='word_1_213' title='bbox 627 2929 732 2984; x_wconf 90' lang='lat' dir='ltr'><strong>has</strong></span> <span class='ocrx_word' id='word_1_214' title='bbox 764 2941 959 2982; x_wconf 91' lang='lat' dir='ltr'><strong>moras</strong></span> <span class='ocrx_word' id='word_1_215' title='bbox 987 2923 1355 2980; x_wconf 86' lang='lat' dir='ltr'><strong>feriebantur</strong></span> <span class='ocrx_word' id='word_1_216' title='bbox 1402 2921 1555 2978; x_wconf 90' lang='lat' dir='ltr'><strong>oculi</strong></span> <span class='ocrx_word' id='word_1_217' title='bbox 1604 2921 1865 2994; x_wconf 83' lang='lat' dir='ltr'><strong>quotidie</strong></span> <span class='ocrx_word' id='word_1_218' title='bbox 1934 2927 2269 2980; x_wconf 90' lang='lat' dir='ltr'><strong>nostrorum</strong></span> 
     </span>
    </p>
   </div>
   <div class='ocr_carea' id='block_1_31' title="bbox 623 3012 2267 3090">
    <p class='ocr_par' dir='ltr' id='par_1_31' title="bbox 623 3012 2267 3090">
     <span class='ocr_line' id='line_1_31' title="bbox 623 3012 2267 3090; baseline -0.004 -16"><span class='ocrx_word' id='word_1_219' title='bbox 623 3013 960 3090; x_wconf 79' lang='lat' dir='ltr'><strong>spectaculo</strong></span> <span class='ocrx_word' id='word_1_220' title='bbox 994 3012 1266 3068; x_wconf 90' lang='lat' dir='ltr'><strong>luctuoso</strong></span> <span class='ocrx_word' id='word_1_221' title='bbox 1298 3012 1585 3068; x_wconf 81' lang='lat' dir='ltr'><strong>atrocium</strong></span> <span class='ocrx_word' id='word_1_222' title='bbox 1635 3017 1692 3068; x_wconf 88' lang='lat' dir='ltr'><strong>et</strong></span> <span class='ocrx_word' id='word_1_223' title='bbox 1739 3015 2116 3069; x_wconf 91' lang='lat' dir='ltr'><strong>cruentorum</strong></span> <span class='ocrx_word' id='word_1_224' title='bbox 2167 3019 2267 3068; x_wconf 82' lang='lat' dir='ltr'><strong>La-</strong></span> 
     </span>
    </p>
   </div>
   <div class='ocr_carea' id='block_1_32' title="bbox 621 3101 2268 3174">
    <p class='ocr_par' dir='ltr' id='par_1_32' title="bbox 621 3101 2268 3174">
     <span class='ocr_line' id='line_1_32' title="bbox 621 3101 2268 3174; baseline -0.002 -13"><span class='ocrx_word' id='word_1_225' title='bbox 621 3107 776 3161; x_wconf 86' lang='lat' dir='ltr'><strong>tinos</strong></span> <span class='ocrx_word' id='word_1_226' title='bbox 806 3104 959 3159; x_wconf 89' lang='lat' dir='ltr'><strong>inter</strong></span> <span class='ocrx_word' id='word_1_227' title='bbox 985 3101 1849 3174; x_wconf 86' lang='lat' dir='ltr'><strong>Agarenosque.certaminum.</strong></span> <span class='ocrx_word' id='word_1_228' title='bbox 1882 3101 2268 3172; x_wconf 79' lang='lat' dir='ltr'><strong>Aliquantum</strong></span> 
     </span>
    </p>
   </div>
   <div class='ocr_carea' id='block_1_33' title="bbox 622 3190 2269 3263">
    <p class='ocr_par' dir='ltr' id='par_1_33' title="bbox 622 3190 2269 3263">
     <span class='ocr_line' id='line_1_33' title="bbox 622 3190 2269 3263; baseline -0.002 -11"><span class='ocrx_word' id='word_1_229' title='bbox 622 3214 657 3253; x_wconf 84' lang='lat' dir='ltr'><strong>a</strong></span> <span class='ocrx_word' id='word_1_230' title='bbox 686 3194 882 3251; x_wconf 88' lang='lat' dir='ltr'><strong>littore</strong></span> <span class='ocrx_word' id='word_1_231' title='bbox 915 3193 1132 3249; x_wconf 88' lang='lat' dir='ltr'><strong>fossam</strong></span> <span class='ocrx_word' id='word_1_232' title='bbox 1164 3190 1290 3246; x_wconf 81' lang='lat' dir='ltr'><strong>Itali</strong></span> <span class='ocrx_word' id='word_1_233' title='bbox 1347 3191 1579 3262; x_wconf 78' lang='lat' dir='ltr'><strong>longam</strong></span> <span class='ocrx_word' id='word_1_234' title='bbox 1627 3192 1938 3260; x_wconf 85' lang='lat' dir='ltr'><strong>duxerant,</strong></span> <span class='ocrx_word' id='word_1_235' title='bbox 1998 3195 2056 3247; x_wconf 87' lang='lat' dir='ltr'><strong>et</strong></span> <span class='ocrx_word' id='word_1_236' title='bbox 2113 3193 2269 3263; x_wconf 90' lang='lat' dir='ltr'><strong>quod</strong></span> 
     </span>
    </p>
   </div>
   <div class='ocr_carea' id='block_1_34' title="bbox 623 3281 2278 3353">
    <p class='ocr_par' dir='ltr' id='par_1_34' title="bbox 623 3281 2278 3353">
     <span class='ocr_line' id='line_1_34' title="bbox 623 3281 2278 3353; baseline -0.002 -11"><span class='ocrx_word' id='word_1_237' title='bbox 623 3301 755 3342; x_wconf 86' lang='lat' dir='ltr'><strong>eam</strong></span> <span class='ocrx_word' id='word_1_238' title='bbox 788 3285 943 3339; x_wconf 89' lang='lat' dir='ltr'><strong>inter</strong></span> <span class='ocrx_word' id='word_1_239' title='bbox 972 3299 1037 3338; x_wconf 89' lang='lat' dir='ltr'><strong>ac</strong></span> <span class='ocrx_word' id='word_1_240' title='bbox 1070 3297 1230 3338; x_wconf 89' lang='lat' dir='ltr'><strong>mare</strong></span> <span class='ocrx_word' id='word_1_241' title='bbox 1264 3281 1504 3353; x_wconf 84' lang='lat' dir='ltr'><strong>patebat</strong></span> <span class='ocrx_word' id='word_1_242' title='bbox 1535 3281 2025 3353; x_wconf 83' lang='lat' dir='ltr'><strong>spatiitenebant.</strong></span> <span class='ocrx_word' id='word_1_243' title='bbox 2059 3283 2278 3340; x_wconf 70' lang='lat' dir='ltr'><strong>Ethio-</strong></span> 
     </span>
    </p>
   </div>
   <div class='ocr_carea' id='block_1_35' title="bbox 624 3371 2273 3449">
    <p class='ocr_par' dir='ltr' id='par_1_35' title="bbox 624 3371 2273 3449">
     <span class='ocr_line' id='line_1_35' title="bbox 624 3371 2273 3449; baseline -0.002 -17"><span class='ocrx_word' id='word_1_244' title='bbox 624 3392 729 3449; x_wconf 88' lang='lat' dir='ltr'><strong>pes</strong></span> <span class='ocrx_word' id='word_1_245' title='bbox 758 3373 1109 3445; x_wconf 80' lang='lat' dir='ltr'><strong>Carthagine</strong></span> <span class='ocrx_word' id='word_1_246' title='bbox 1140 3387 1244 3444; x_wconf 94' lang='lat' dir='ltr'><strong>pro</strong></span> <span class='ocrx_word' id='word_1_247' title='bbox 1277 3386 1408 3426; x_wconf 86' lang='lat' dir='ltr'><strong>arce</strong></span> <span class='ocrx_word' id='word_1_248' title='bbox 1437 3371 1528 3426; x_wconf 89' lang='lat' dir='ltr'><strong>usi</strong></span> <span class='ocrx_word' id='word_1_249' title='bbox 1561 3372 1633 3426; x_wconf 91' lang='lat' dir='ltr'><strong>ad</strong></span> <span class='ocrx_word' id='word_1_250' title='bbox 1663 3371 2096 3443; x_wconf 82' lang='lat' dir='ltr'><strong>receptaculum</strong></span> <span class='ocrx_word' id='word_1_251' title='bbox 2126 3377 2273 3444; x_wconf 90' lang='lat' dir='ltr'><strong>tuta,</strong></span> 
     </span>
    </p>
   </div>
   <div class='ocr_carea' id='block_1_36' title="bbox 627 3460 2274 3537">
    <p class='ocr_par' dir='ltr' id='par_1_36' title="bbox 627 3460 2274 3537">
     <span class='ocr_line' id='line_1_36' title="bbox 627 3460 2274 3537; baseline -0.002 -16"><span class='ocrx_word' id='word_1_252' title='bbox 627 3466 757 3537; x_wconf 83' lang='lat' dir='ltr'><strong>ejus</strong></span> <span class='ocrx_word' id='word_1_253' title='bbox 787 3463 1004 3518; x_wconf 86' lang='lat' dir='ltr'><strong>ﬁducia</strong></span> <span class='ocrx_word' id='word_1_254' title='bbox 1033 3460 1424 3533; x_wconf 83' lang='lat' dir='ltr'><strong>erumpebant</strong></span> <span class='ocrx_word' id='word_1_255' title='bbox 1453 3460 1734 3516; x_wconf 90' lang='lat' dir='ltr'><strong>audacius</strong></span> <span class='ocrx_word' id='word_1_256' title='bbox 1762 3460 1823 3516; x_wconf 91' lang='lat' dir='ltr'><strong>in</strong></span> <span class='ocrx_word' id='word_1_257' title='bbox 1863 3461 2084 3518; x_wconf 88' lang='lat' dir='ltr'><strong>hostes.</strong></span> <span class='ocrx_word' id='word_1_258' title='bbox 2125 3463 2274 3519; x_wconf 85' lang='lat' dir='ltr'><strong>Hinc</strong></span> 
     </span>
    </p>
   </div>
   <div class='ocr_carea' id='block_1_37' title="bbox 631 3548 2274 3625">
    <p class='ocr_par' dir='ltr' id='par_1_37' title="bbox 631 3548 2274 3625">
     <span class='ocr_line' id='line_1_37' title="bbox 631 3548 2274 3625; baseline -0.002 -16"><span class='ocrx_word' id='word_1_259' title='bbox 631 3552 988 3625; x_wconf 73' lang='lat' dir='ltr'><strong>quotidianae</strong></span> <span class='ocrx_word' id='word_1_260' title='bbox 1019 3548 1389 3606; x_wconf 88' lang='lat' dir='ltr'><strong>velitationes</strong></span> <span class='ocrx_word' id='word_1_261' title='bbox 1437 3551 1492 3604; x_wconf 87' lang='lat' dir='ltr'><strong>et</strong></span> <span class='ocrx_word' id='word_1_262' title='bbox 1532 3564 1742 3620; x_wconf 70' lang='lat' dir='ltr'><strong>pugnas</strong></span> <span class='ocrx_word' id='word_1_263' title='bbox 1791 3549 2274 3621; x_wconf 81' lang='lat' dir='ltr'><strong>conserebantur,</strong></span> 
     </span>
    </p>
   </div>
   <div class='ocr_carea' id='block_1_38' title="bbox 631 3638 2273 3716">
    <p class='ocr_par' dir='ltr' id='par_1_38' title="bbox 631 3638 2273 3716">
     <span class='ocr_line' id='line_1_38' title="bbox 631 3638 2273 3716; baseline -0.001 -20"><span class='ocrx_word' id='word_1_264' title='bbox 631 3641 908 3716; x_wconf 86' lang='lat' dir='ltr'><strong>plurimis</strong></span> <span class='ocrx_word' id='word_1_265' title='bbox 939 3639 1213 3710; x_wconf 91' lang='lat' dir='ltr'><strong>utrinque</strong></span> <span class='ocrx_word' id='word_1_266' title='bbox 1236 3638 1594 3694; x_wconf 84' lang='lat' dir='ltr'><strong>cadentibus.</strong></span> <span class='ocrx_word' id='word_1_267' title='bbox 1618 3639 2010 3694; x_wconf 83' lang='lat' dir='ltr'><strong>Grassabatur</strong></span> <span class='ocrx_word' id='word_1_268' title='bbox 2037 3639 2273 3695; x_wconf 81' lang='lat' dir='ltr'><strong>interim</strong></span> 
     </span>
    </p>
   </div>
   <div class='ocr_carea' id='block_1_39' title="bbox 633 3727 2276 3806">
    <p class='ocr_par' dir='ltr' id='par_1_39' title="bbox 633 3727 2276 3806">
     <span class='ocr_line' id='line_1_39' title="bbox 633 3727 2276 3806; baseline -0.001 -18"><span class='ocrx_word' id='word_1_269' title='bbox 633 3731 960 3806; x_wconf 91' lang='lat' dir='ltr'><strong>perniciosa</strong></span> <span class='ocrx_word' id='word_1_270' title='bbox 982 3729 1184 3801; x_wconf 91' lang='lat' dir='ltr'><strong>pestis,</strong></span> <span class='ocrx_word' id='word_1_271' title='bbox 1218 3727 1733 3799; x_wconf 88' lang='lat' dir='ltr'><strong>densabanturque</strong></span> <span class='ocrx_word' id='word_1_272' title='bbox 1762 3733 2002 3798; x_wconf 86' lang='lat' dir='ltr'><strong>mortes,</strong></span> <span class='ocrx_word' id='word_1_273' title='bbox 2034 3730 2178 3786; x_wconf 87' lang='lat' dir='ltr'><strong>adeo</strong></span> <span class='ocrx_word' id='word_1_274' title='bbox 2210 3734 2276 3786; x_wconf 91' lang='lat' dir='ltr'><strong>ut</strong></span> 
     </span>
    </p>
   </div>
   <div class='ocr_carea' id='block_1_40' title="bbox 616 3817 2274 3889">
    <p class='ocr_par' dir='ltr' id='par_1_40' title="bbox 616 3817 2274 3889">
     <span class='ocr_line' id='line_1_40' title="bbox 616 3817 2274 3889; baseline -0.002 -11"><span class='ocrx_word' id='word_1_275' title='bbox 616 3821 931 3878; x_wconf 82' lang='lat' dir='ltr'><strong>funeribus</strong></span> <span class='ocrx_word' id='word_1_276' title='bbox 952 3817 1207 3874; x_wconf 86' lang='lat' dir='ltr'><strong>Libitina</strong></span> <span class='ocrx_word' id='word_1_277' title='bbox 1237 3818 1486 3888; x_wconf 86' lang='lat' dir='ltr'><strong>deesset,</strong></span> <span class='ocrx_word' id='word_1_278' title='bbox 1536 3817 1960 3889; x_wconf 89' lang='lat' dir='ltr'><strong>superstitibus</strong></span> <span class='ocrx_word' id='word_1_279' title='bbox 1992 3819 2062 3874; x_wconf 88' lang='lat' dir='ltr'><strong>ad</strong></span> <span class='ocrx_word' id='word_1_280' title='bbox 2095 3820 2274 3874; x_wconf 89' lang='lat' dir='ltr'><strong>cada-</strong></span> 
     </span>
    </p>
   </div>
   <div class='ocr_carea' id='block_1_41' title="bbox 619 3906 2272 3982">
    <p class='ocr_par' dir='ltr' id='par_1_41' title="bbox 619 3906 2272 3982">
     <span class='ocr_line' id='line_1_41' title="bbox 619 3906 2272 3982; baseline -0.001 -14"><span class='ocrx_word' id='word_1_281' title='bbox 619 3927 826 3969; x_wconf 90' lang='lat' dir='ltr'><strong>verum</strong></span> <span class='ocrx_word' id='word_1_282' title='bbox 842 3909 1208 3982; x_wconf 83' lang='lat' dir='ltr'><strong>sepulturam</strong></span> <span class='ocrx_word' id='word_1_283' title='bbox 1229 3924 1341 3962; x_wconf 91' lang='lat' dir='ltr'><strong>non</strong></span> <span class='ocrx_word' id='word_1_284' title='bbox 1368 3906 2024 3964; x_wconf 80' lang='lat' dir='ltr'><strong>sufﬁcientibus.Unum</strong></span> <span class='ocrx_word' id='word_1_285' title='bbox 2046 3909 2272 3966; x_wconf 87' lang='lat' dir='ltr'><strong>scilicet</strong></span> 
     </span>
    </p>
   </div>
   <div class='ocr_carea' id='block_1_42' title="bbox 617 3996 2267 4070">
    <p class='ocr_par' dir='ltr' id='par_1_42' title="bbox 617 3996 2267 4070">
     <span class='ocr_line' id='line_1_42' title="bbox 617 3996 2267 4070; baseline -0.001 -16"><span class='ocrx_word' id='word_1_286' title='bbox 617 4000 763 4056; x_wconf 91' lang='lat' dir='ltr'><strong>illud</strong></span> <span class='ocrx_word' id='word_1_287' title='bbox 789 3999 860 4055; x_wconf 90' lang='lat' dir='ltr'><strong>ad</strong></span> <span class='ocrx_word' id='word_1_288' title='bbox 880 3997 1163 4070; x_wconf 81' lang='lat' dir='ltr'><strong>tragicam</strong></span> <span class='ocrx_word' id='word_1_289' title='bbox 1181 3996 1496 4053; x_wconf 90' lang='lat' dir='ltr'><strong>Iliacorum</strong></span> <span class='ocrx_word' id='word_1_290' title='bbox 1513 3996 1802 4052; x_wconf 89' lang='lat' dir='ltr'><strong>malorum</strong></span> <span class='ocrx_word' id='word_1_291' title='bbox 1817 3997 2024 4054; x_wconf 81' lang='lat' dir='ltr'><strong>faciem</strong></span> <span class='ocrx_word' id='word_1_292' title='bbox 2048 3998 2267 4067; x_wconf 89' lang='lat' dir='ltr'><strong>deerat,</strong></span> 
     </span>
    </p>
   </div>
   <div class='ocr_carea' id='block_1_43' title="bbox 614 4089 2271 4164">
    <p class='ocr_par' dir='ltr' id='par_1_43' title="bbox 614 4089 2271 4164">
     <span class='ocr_line' id='line_1_43' title="bbox 614 4089 2271 4164; baseline -0.001 -16"><span class='ocrx_word' id='word_1_293' title='bbox 614 4093 772 4164; x_wconf 90' lang='lat' dir='ltr'><strong>quod</strong></span> <span class='ocrx_word' id='word_1_294' title='bbox 832 4107 986 4163; x_wconf 67' lang='lat' dir='ltr'><strong>pyra:</strong></span> <span class='ocrx_word' id='word_1_295' title='bbox 1037 4095 1403 4144; x_wconf 88' lang='lat' dir='ltr'><strong>mortuorum</strong></span> <span class='ocrx_word' id='word_1_296' title='bbox 1458 4104 1573 4144; x_wconf 90' lang='lat' dir='ltr'><strong>non</strong></span> <span class='ocrx_word' id='word_1_297' title='bbox 1617 4089 1912 4160; x_wconf 84' lang='lat' dir='ltr'><strong>arderent,</strong></span> <span class='ocrx_word' id='word_1_298' title='bbox 1959 4089 2061 4145; x_wconf 91' lang='lat' dir='ltr'><strong>sed</strong></span> <span class='ocrx_word' id='word_1_299' title='bbox 2111 4091 2271 4147; x_wconf 85' lang='lat' dir='ltr'><strong>fossa</strong></span> 
     </span>
    </p>
   </div>
   <div class='ocr_carea' id='block_1_44' title="bbox 615 4177 2265 4250">
    <p class='ocr_par' dir='ltr' id='par_1_44' title="bbox 615 4177 2265 4250">
     <span class='ocr_line' id='line_1_44' title="bbox 615 4177 2265 4250; baseline -0.002 -13"><span class='ocrx_word' id='word_1_300' title='bbox 615 4183 820 4238; x_wconf 90' lang='lat' dir='ltr'><strong>eadem</strong></span> <span class='ocrx_word' id='word_1_301' title='bbox 879 4178 982 4234; x_wconf 90' lang='lat' dir='ltr'><strong>illa</strong></span> <span class='ocrx_word' id='word_1_302' title='bbox 1013 4179 1301 4250; x_wconf 88' lang='lat' dir='ltr'><strong>profunda</strong></span> <span class='ocrx_word' id='word_1_303' title='bbox 1330 4182 1387 4232; x_wconf 91' lang='lat' dir='ltr'><strong>et</strong></span> <span class='ocrx_word' id='word_1_304' title='bbox 1442 4177 1582 4246; x_wconf 89' lang='lat' dir='ltr'><strong>lata,</strong></span> <span class='ocrx_word' id='word_1_305' title='bbox 1615 4194 1740 4250; x_wconf 68' lang='lat' dir='ltr'><strong>quae</strong></span> <span class='ocrx_word' id='word_1_306' title='bbox 1783 4179 1941 4235; x_wconf 90' lang='lat' dir='ltr'><strong>vivos</strong></span> <span class='ocrx_word' id='word_1_307' title='bbox 1971 4179 2265 4250; x_wconf 89' lang='lat' dir='ltr'><strong>tuebatur,</strong></span> 
     </span>
    </p>
   </div>
   <div class='ocr_carea' id='block_1_45' title="bbox 2396 569 4045 652">
    <p class='ocr_par' dir='ltr' id='par_1_45' title="bbox 2396 569 4045 652">
     <span class='ocr_line' id='line_1_45' title="bbox 2396 569 4045 652; baseline 0.004 -29"><span class='ocrx_word' id='word_1_308' title='bbox 2396 569 2627 644; x_wconf 82' lang='grc' dir='ltr'>ροφορίᾳ</span> <span class='ocrx_word' id='word_1_309' title='bbox 2704 569 3054 642; x_wconf 80' lang='grc' dir='ltr'>ᾠκειωμένου</span> <span class='ocrx_word' id='word_1_310' title='bbox 3132 575 3270 643; x_wconf 79' lang='grc' dir='ltr'>Θεῷ,</span> <span class='ocrx_word' id='word_1_311' title='bbox 3340 571 3534 648; x_wconf 86' lang='grc' dir='ltr'>μύροις</span> <span class='ocrx_word' id='word_1_312' title='bbox 3589 570 3903 652; x_wconf 78' lang='grc' dir='ltr'>ἀλείφοντες</span> <span class='ocrx_word' id='word_1_313' title='bbox 3958 579 4045 630; x_wconf 89' lang='grc' dir='ltr'><strong>καὶ</strong></span> 
     </span>
    </p>
   </div>
   <div class='ocr_carea' id='block_1_46' title="bbox 2399 657 4043 740">
    <p class='ocr_par' dir='ltr' id='par_1_46' title="bbox 2399 657 4043 740">
     <span class='ocr_line' id='line_1_46' title="bbox 2399 657 4043 740; baseline 0.005 -26"><span class='ocrx_word' id='word_1_314' title='bbox 2399 659 2670 736; x_wconf 88' lang='grc' dir='ltr'>βράσμασι</span> <span class='ocrx_word' id='word_1_315' title='bbox 2714 657 2962 732; x_wconf 79' lang='grc' dir='ltr'>λεϐήτων</span> <span class='ocrx_word' id='word_1_316' title='bbox 3017 660 3316 735; x_wconf 74' lang='grc' dir='ltr'>ένὲψοντες,</span> <span class='ocrx_word' id='word_1_317' title='bbox 3363 663 3569 736; x_wconf 81' lang='grc' dir='ltr'>τιμίοις</span> <span class='ocrx_word' id='word_1_318' title='bbox 3597 663 3804 740; x_wconf 89' lang='grc' dir='ltr'>χηλοῖς</span> <span class='ocrx_word' id='word_1_319' title='bbox 3850 665 4043 722; x_wconf 63' lang='grc' dir='ltr'>έναπευ</span> 
     </span>
    </p>
   </div>
   <div class='ocr_carea' id='block_1_47' title="bbox 2392 749 4045 827">
    <p class='ocr_par' dir='ltr' id='par_1_47' title="bbox 2392 749 4045 827">
     <span class='ocr_line' id='line_1_47' title="bbox 2392 749 4045 827; baseline 0.004 -24"><span class='ocrx_word' id='word_1_320' title='bbox 2392 749 2573 813; x_wconf 89' lang='grc' dir='ltr'>τίθουν</span> <span class='ocrx_word' id='word_1_321' title='bbox 2604 750 2671 804; x_wconf 79' lang='grc' dir='ltr'>τὰ</span> <span class='ocrx_word' id='word_1_322' title='bbox 2725 749 2951 823; x_wconf 86' lang='grc' dir='ltr'>λείψανα</span> <span class='ocrx_word' id='word_1_323' title='bbox 2994 751 3067 812; x_wconf 82' lang='grc' dir='ltr'>ὡς</span> <span class='ocrx_word' id='word_1_324' title='bbox 3124 755 3191 825; x_wconf 82' lang='grc' dir='ltr'><strong>τῇ</strong></span> <span class='ocrx_word' id='word_1_325' title='bbox 3238 749 3459 827; x_wconf 81' lang='grc' dir='ltr'>πατρίδι</span> <span class='ocrx_word' id='word_1_326' title='bbox 3515 752 3965 827; x_wconf 86' lang='grc' dir='ltr'>ἀνακομίσοντες,</span> <span class='ocrx_word' id='word_1_327' title='bbox 3994 758 4045 811; x_wconf 69' lang='grc' dir='ltr'>οἱ</span> 
     </span>
    </p>
   </div>
   <div class='ocr_carea' id='block_1_48' title="bbox 2394 833 4042 919">
    <p class='ocr_par' dir='ltr' id='par_1_48' title="bbox 2394 833 4042 919">
     <span class='ocr_line' id='line_1_48' title="bbox 2394 833 4042 919; baseline 0.003 -26"><span class='ocrx_word' id='word_1_328' title='bbox 2394 835 2451 893; x_wconf 82' lang='grc' dir='ltr'><strong>δέ</strong></span> <span class='ocrx_word' id='word_1_329' title='bbox 2480 858 2543 912; x_wconf 87' lang='grc' dir='ltr'>γε</span> <span class='ocrx_word' id='word_1_330' title='bbox 2592 833 2846 913; x_wconf 76' lang='grc' dir='ltr'>πρέσϐεις</span> <span class='ocrx_word' id='word_1_331' title='bbox 2893 843 3092 911; x_wconf 83' lang='grc' dir='ltr'>κεναῖς,</span> <span class='ocrx_word' id='word_1_332' title='bbox 3127 839 3155 894; x_wconf 86' lang='grc' dir='ltr'><strong>’ὁ</strong></span> <span class='ocrx_word' id='word_1_333' title='bbox 3190 837 3428 914; x_wconf 80' lang='grc' dir='ltr'>λέγεται,</span> <span class='ocrx_word' id='word_1_334' title='bbox 3475 846 3582 897; x_wconf 82' lang='grc' dir='ltr'><strong>τῶν</strong></span> <span class='ocrx_word' id='word_1_335' title='bbox 3645 843 4042 919; x_wconf 78' lang='grc' dir='ltr'>ὑπεσχημένων</span> 
     </span>
    </p>
   </div>
   <div class='ocr_carea' id='block_1_49' title="bbox 2394 926 4043 1007">
    <p class='ocr_par' dir='ltr' id='par_1_49' title="bbox 2394 926 4043 1007">
     <span class='ocr_line' id='line_1_49' title="bbox 2394 926 4043 1007; baseline 0.004 -26"><span class='ocrx_word' id='word_1_336' title='bbox 2394 926 2723 1003; x_wconf 75' lang='grc' dir='ltr'>ὑπέστρεφον</span> <span class='ocrx_word' id='word_1_337' title='bbox 2755 933 2874 991; x_wconf 90' lang='grc' dir='ltr'>ταῖς</span> <span class='ocrx_word' id='word_1_338' title='bbox 2932 927 3141 1003; x_wconf 87' lang='grc' dir='ltr'>χερσίν.</span> <span class='ocrx_word' id='word_1_339' title='bbox 3207 928 3359 986; x_wconf 88' lang='grc' dir='ltr'>Ἀλλ’</span> <span class='ocrx_word' id='word_1_340' title='bbox 3393 931 3421 985; x_wconf 85' lang='grc' dir='ltr'>ὁ</span> <span class='ocrx_word' id='word_1_341' title='bbox 3457 931 3708 1005; x_wconf 83' lang='grc' dir='ltr'>βασιλεὺς</span> <span class='ocrx_word' id='word_1_342' title='bbox 3766 933 3866 988; x_wconf 80' lang='grc' dir='ltr'>οὐκ</span> <span class='ocrx_word' id='word_1_343' title='bbox 3892 934 4043 1007; x_wconf 77' lang='grc' dir='ltr'>ἠφίει</span> 
     </span>
    </p>
   </div>
   <div class='ocr_carea' id='block_1_50' title="bbox 2390 1018 4043 1096">
    <p class='ocr_par' dir='ltr' id='par_1_50' title="bbox 2390 1018 4043 1096">
     <span class='ocr_line' id='line_1_50' title="bbox 2390 1018 4043 1096; baseline 0.004 -26"><span class='ocrx_word' id='word_1_344' title='bbox 2390 1022 2890 1092; x_wconf 79' lang='grc' dir='ltr'>προσμηχανᾶσθαι</span> <span class='ocrx_word' id='word_1_345' title='bbox 2943 1018 3200 1092; x_wconf 81' lang='grc' dir='ltr'>ἁμαρτὼν</span> <span class='ocrx_word' id='word_1_346' title='bbox 3261 1022 3367 1073; x_wconf 81' lang='grc' dir='ltr'><strong>τῶν</strong></span> <span class='ocrx_word' id='word_1_347' title='bbox 3429 1019 3488 1074; x_wconf 70' lang='grc' dir='ltr'>ἐκ</span> <span class='ocrx_word' id='word_1_348' title='bbox 3542 1024 3642 1074; x_wconf 77' lang='grc' dir='ltr'><strong>τοῦ</strong></span> <span class='ocrx_word' id='word_1_349' title='bbox 3673 1020 3863 1096; x_wconf 78' lang='grc' dir='ltr'>ῥηγὲς,</span> <span class='ocrx_word' id='word_1_350' title='bbox 3896 1022 4043 1078; x_wconf 81' lang='grc' dir='ltr'>ἀλλὰ</span> 
     </span>
    </p>
   </div>
   <div class='ocr_carea' id='block_1_51' title="bbox 2391 1101 4041 1184">
    <p class='ocr_par' dir='ltr' id='par_1_51' title="bbox 2391 1101 4041 1184">
     <span class='ocr_line' id='line_1_51' title="bbox 2391 1101 4041 1184; baseline 0.004 -26"><span class='ocrx_word' id='word_1_351' title='bbox 2391 1104 2628 1166; x_wconf 87' lang='grc' dir='ltr'>πολλοῖς</span> <span class='ocrx_word' id='word_1_352' title='bbox 2661 1105 2863 1180; x_wconf 70' lang='grc' dir='ltr'>ἑτέροις</span> <span class='ocrx_word' id='word_1_353' title='bbox 2901 1101 3265 1178; x_wconf 76' lang='grc' dir='ltr'>μεσολαϐοῦσι</span> <span class='ocrx_word' id='word_1_354' title='bbox 3297 1107 3434 1179; x_wconf 89' lang='grc' dir='ltr'>πρὸς</span> <span class='ocrx_word' id='word_1_355' title='bbox 3463 1110 3684 1163; x_wconf 89' lang='grc' dir='ltr'>πάππαν</span> <span class='ocrx_word' id='word_1_356' title='bbox 3717 1113 3774 1182; x_wconf 82' lang='grc' dir='ltr'>(ἡ</span> <span class='ocrx_word' id='word_1_357' title='bbox 3805 1109 3910 1184; x_wconf 80' lang='grc' dir='ltr'>γὰρ</span> <span class='ocrx_word' id='word_1_358' title='bbox 3945 1115 4041 1165; x_wconf 71' lang='grc' dir='ltr'><strong>τοῦ</strong></span> 
     </span>
    </p>
   </div>
   <div class='ocr_carea' id='block_1_52' title="bbox 2390 1190 4037 1268">
    <p class='ocr_par' dir='ltr' id='par_1_52' title="bbox 2390 1190 4037 1268">
     <span class='ocr_line' id='line_1_52' title="bbox 2390 1190 4037 1268; baseline 0.002 -18"><span class='ocrx_word' id='word_1_359' title='bbox 2390 1191 2678 1268; x_wconf 88' lang='grc' dir='ltr'>Καρούλου</span> <span class='ocrx_word' id='word_1_360' title='bbox 2737 1193 2973 1256; x_wconf 75' lang='grc' dir='ltr'>ἐπίθεσις</span> <span class='ocrx_word' id='word_1_361' title='bbox 3034 1190 3233 1268; x_wconf 77' lang='grc' dir='ltr'>ἔπειθε)</span> <span class='ocrx_word' id='word_1_362' title='bbox 3287 1195 3354 1250; x_wconf 80' lang='grc' dir='ltr'><strong>τὰ</strong></span> <span class='ocrx_word' id='word_1_363' title='bbox 3398 1201 3494 1251; x_wconf 81' lang='grc' dir='ltr'>τοῦ</span> <span class='ocrx_word' id='word_1_364' title='bbox 3543 1202 3749 1253; x_wconf 83' lang='grc' dir='ltr'>σκοποῦ</span> <span class='ocrx_word' id='word_1_365' title='bbox 3805 1196 4037 1254; x_wconf 82' lang='grc' dir='ltr'>διανύειν</span> 
     </span>
    </p>
   </div>
   <div class='ocr_carea' id='block_1_53' title="bbox 2391 1280 3007 1358">
    <p class='ocr_par' dir='ltr' id='par_1_53' title="bbox 2391 1280 3007 1358">
     <span class='ocr_line' id='line_1_53' title="bbox 2391 1280 3007 1358; baseline 0.006 -22"><span class='ocrx_word' id='word_1_366' title='bbox 2391 1280 2442 1352; x_wconf 77' lang='grc' dir='ltr'><strong>ἐξ</strong></span> <span class='ocrx_word' id='word_1_367' title='bbox 2475 1284 2708 1345; x_wconf 76' lang='grc' dir='ltr'>ἅπαντος</span> <span class='ocrx_word' id='word_1_368' title='bbox 2737 1282 3007 1358; x_wconf 80' lang='grc' dir='ltr'>ἐπειρᾶτο.</span> 
     </span>
    </p>
   </div>
   <div class='ocr_carea' id='block_1_54' title="bbox 2391 1442 4037 1516">
    <p class='ocr_par' dir='ltr' id='par_1_54' title="bbox 2391 1442 4037 1516">
     <span class='ocr_line' id='line_1_54' title="bbox 2391 1442 4037 1516; baseline 0.003 -21"><span class='ocrx_word' id='word_1_369' title='bbox 2391 1442 2442 1499; x_wconf 87' lang='grc' dir='ltr'><strong>ι’.</strong></span> <span class='ocrx_word' id='word_1_370' title='bbox 2503 1443 2689 1504; x_wconf 86' lang='grc' dir='ltr'>Ὅπως</span> <span class='ocrx_word' id='word_1_371' title='bbox 2748 1442 3084 1516; x_wconf 78' lang='grc' dir='ltr'>ἀκουομένου</span> <span class='ocrx_word' id='word_1_372' title='bbox 3137 1447 3234 1498; x_wconf 77' lang='grc' dir='ltr'>τοῦ</span> <span class='ocrx_word' id='word_1_373' title='bbox 3293 1442 3491 1499; x_wconf 87' lang='grc' dir='ltr'>στόλου</span> <span class='ocrx_word' id='word_1_374' title='bbox 3561 1447 3626 1500; x_wconf 77' lang='grc' dir='ltr'><strong>τὰ</strong></span> <span class='ocrx_word' id='word_1_375' title='bbox 3685 1445 3821 1502; x_wconf 73' lang='grc' dir='ltr'>κατὰ</span> <span class='ocrx_word' id='word_1_376' title='bbox 3875 1445 4037 1501; x_wconf 82' lang='grc' dir='ltr'>πόλιν</span> 
     </span>
    </p>
   </div>
   <div class='ocr_carea' id='block_1_55' title="bbox 2815 1513 3605 1591">
    <p class='ocr_par' dir='ltr' id='par_1_55' title="bbox 2815 1513 3605 1591">
     <span class='ocr_line' id='line_1_55' title="bbox 2815 1513 3605 1591; baseline 0.005 -22"><span class='ocrx_word' id='word_1_377' title='bbox 2815 1516 2843 1569; x_wconf 83' lang='grc' dir='ltr'>ὁ</span> <span class='ocrx_word' id='word_1_378' title='bbox 2877 1513 3132 1591; x_wconf 84' lang='grc' dir='ltr'>βασιλεὺς</span> <span class='ocrx_word' id='word_1_379' title='bbox 3160 1516 3605 1591; x_wconf 74' lang='grc' dir='ltr'>παρεσκευᾶζετο.</span> 
     </span>
    </p>
   </div>
   <div class='ocr_carea' id='block_1_56' title="bbox 2457 1635 4032 1718">
    <p class='ocr_par' dir='ltr' id='par_1_56' title="bbox 2457 1635 4032 1718">
     <span class='ocr_line' id='line_1_56' title="bbox 2457 1635 4032 1718; baseline 0.003 -25"><span class='ocrx_word' id='word_1_380' title='bbox 2457 1636 2536 1694; x_wconf 83' lang='grc' dir='ltr'><strong>Οὐ</strong></span> <span class='ocrx_word' id='word_1_381' title='bbox 2574 1639 2681 1710; x_wconf 74' lang='grc' dir='ltr'>μὴν</span> <span class='ocrx_word' id='word_1_382' title='bbox 2715 1635 2773 1692; x_wconf 78' lang='grc' dir='ltr'><strong>δὲ</strong></span> <span class='ocrx_word' id='word_1_383' title='bbox 2814 1639 2905 1692; x_wconf 81' lang='grc' dir='ltr'>κᾶὶ</span> <span class='ocrx_word' id='word_1_384' title='bbox 2948 1641 3056 1693; x_wconf 83' lang='grc' dir='ltr'>τῶν</span> <span class='ocrx_word' id='word_1_385' title='bbox 3118 1639 3200 1693; x_wconf 80' lang='grc' dir='ltr'><strong>είσ</strong></span> <span class='ocrx_word' id='word_1_386' title='bbox 3243 1641 3583 1716; x_wconf 76' lang='grc' dir='ltr'>παρασκευάς</span> <span class='ocrx_word' id='word_1_387' title='bbox 3613 1640 4032 1718; x_wconf 68' lang='grc' dir='ltr'>κατερρᾳθυμη-</span> 
     </span>
    </p>
   </div>
   <div class='ocr_carea' id='block_1_57' title="bbox 2389 1724 4034 1805">
    <p class='ocr_par' dir='ltr' id='par_1_57' title="bbox 2389 1724 4034 1805">
     <span class='ocr_line' id='line_1_57' title="bbox 2389 1724 4034 1805; baseline 0.004 -25"><span class='ocrx_word' id='word_1_388' title='bbox 2389 1727 2565 1799; x_wconf 89' lang='grc' dir='ltr'>μένως</span> <span class='ocrx_word' id='word_1_389' title='bbox 2597 1728 2712 1802; x_wconf 71' lang='grc' dir='ltr'>εἶχε</span> <span class='ocrx_word' id='word_1_390' title='bbox 2741 1726 2831 1782; x_wconf 83' lang='grc' dir='ltr'><strong>καὶ</strong></span> <span class='ocrx_word' id='word_1_391' title='bbox 2883 1724 3167 1800; x_wconf 82' lang='grc' dir='ltr'>ἀμελλῶς,</span> <span class='ocrx_word' id='word_1_392' title='bbox 3221 1729 3296 1791; x_wconf 86' lang='grc' dir='ltr'>ὡς</span> <span class='ocrx_word' id='word_1_393' title='bbox 3353 1729 3552 1793; x_wconf 76' lang='grc' dir='ltr'>ἐκεῖθεν</span> <span class='ocrx_word' id='word_1_394' title='bbox 3607 1732 3768 1803; x_wconf 88' lang='grc' dir='ltr'>μὸνον</span> <span class='ocrx_word' id='word_1_395' title='bbox 3800 1729 4034 1805; x_wconf 72' lang='grc' dir='ltr'>προσδοο</span> 
     </span>
    </p>
   </div>
   <div class='ocr_carea' id='block_1_58' title="bbox 2385 1816 4034 1892">
    <p class='ocr_par' dir='ltr' id='par_1_58' title="bbox 2385 1816 4034 1892">
     <span class='ocr_line' id='line_1_58' title="bbox 2385 1816 4034 1892; baseline 0.002 -22"><span class='ocrx_word' id='word_1_396' title='bbox 2385 1819 2495 1870; x_wconf 81' lang='grc' dir='ltr'>κῶν</span> <span class='ocrx_word' id='word_1_397' title='bbox 2557 1816 2935 1890; x_wconf 84' lang='grc' dir='ltr'>ἀποχρώυτως</span> <span class='ocrx_word' id='word_1_398' title='bbox 2985 1819 3352 1892; x_wconf 75' lang='grc' dir='ltr'>γενήσεσθαι,</span> <span class='ocrx_word' id='word_1_399' title='bbox 3417 1821 3500 1892; x_wconf 65' lang='grc' dir='ltr'><strong>[Ρυ</strong></span> <span class='ocrx_word' id='word_1_400' title='bbox 3558 1821 3687 1892; x_wconf 84' lang='grc'><strong>248]</strong></span> <span class='ocrx_word' id='word_1_401' title='bbox 3744 1819 3892 1876; x_wconf 76' lang='grc' dir='ltr'>ἀλλὰ</span> <span class='ocrx_word' id='word_1_402' title='bbox 3946 1820 4034 1876; x_wconf 84' lang='grc' dir='ltr'><strong>καὶ</strong></span> 
     </span>
    </p>
   </div>
   <div class='ocr_carea' id='block_1_59' title="bbox 2389 1902 4032 1984">
    <p class='ocr_par' dir='ltr' id='par_1_59' title="bbox 2389 1902 4032 1984">
     <span class='ocr_line' id='line_1_59' title="bbox 2389 1902 4032 1984; baseline 0.005 -27"><span class='ocrx_word' id='word_1_403' title='bbox 2389 1902 2548 1965; x_wconf 82' lang='grc' dir='ltr'>αὐτὸς</span> <span class='ocrx_word' id='word_1_404' title='bbox 2578 1906 2650 1967; x_wconf 84' lang='grc' dir='ltr'>ὡς</span> <span class='ocrx_word' id='word_1_405' title='bbox 2680 1906 2795 1981; x_wconf 73' lang='grc' dir='ltr'>εἶχε</span> <span class='ocrx_word' id='word_1_406' title='bbox 2837 1905 3282 1979; x_wconf 88' lang='grc' dir='ltr'>παρεσκευάζετο.</span> <span class='ocrx_word' id='word_1_407' title='bbox 3341 1907 3662 1984; x_wconf 84' lang='grc' dir='ltr'>Εἷσαγαγὼν</span> <span class='ocrx_word' id='word_1_408' title='bbox 3721 1914 3853 1984; x_wconf 78' lang='grc' dir='ltr'>γοῦν</span> <span class='ocrx_word' id='word_1_409' title='bbox 3901 1909 4032 1984; x_wconf 77' lang='grc' dir='ltr'><strong>ἔξω·</strong></span> 
     </span>
    </p>
   </div>
   <div class='ocr_carea' id='block_1_60' title="bbox 2389 1993 4029 2070">
    <p class='ocr_par' dir='ltr' id='par_1_60' title="bbox 2389 1993 4029 2070">
     <span class='ocr_line' id='line_1_60' title="bbox 2389 1993 4029 2070; baseline 0.002 -22"><span class='ocrx_word' id='word_1_410' title='bbox 2389 2006 2474 2058; x_wconf 85' lang='grc' dir='ltr'>θεν</span> <span class='ocrx_word' id='word_1_411' title='bbox 2507 1999 2654 2048; x_wconf 88' lang='grc' dir='ltr'>σῖτον</span> <span class='ocrx_word' id='word_1_412' title='bbox 2702 1994 2837 2049; x_wconf 83' lang='grc' dir='ltr'>ὥστε</span> <span class='ocrx_word' id='word_1_413' title='bbox 2891 1994 3140 2070; x_wconf 87' lang='grc' dir='ltr'>πύργολς</span> <span class='ocrx_word' id='word_1_414' title='bbox 3197 1993 3488 2070; x_wconf 78' lang='grc' dir='ltr'>πληρῶσαι</span> <span class='ocrx_word' id='word_1_415' title='bbox 3545 2003 3623 2069; x_wconf 81' lang='grc' dir='ltr'><strong>τῷ</strong></span> <span class='ocrx_word' id='word_1_416' title='bbox 3679 1998 3904 2069; x_wconf 74' lang='grc' dir='ltr'>πλήθει,</span> <span class='ocrx_word' id='word_1_417' title='bbox 3938 2001 4029 2054; x_wconf 89' lang='grc' dir='ltr'>τὸν</span> 
     </span>
    </p>
   </div>
   <div class='ocr_carea' id='block_1_61' title="bbox 2389 2079 4036 2163">
    <p class='ocr_par' dir='ltr' id='par_1_61' title="bbox 2389 2079 4036 2163">
     <span class='ocr_line' id='line_1_61' title="bbox 2389 2079 4036 2163; baseline 0.003 -28"><span class='ocrx_word' id='word_1_418' title='bbox 2389 2079 2582 2136; x_wconf 82' lang='grc' dir='ltr'>λοιπὸν</span> <span class='ocrx_word' id='word_1_419' title='bbox 2614 2088 2732 2144; x_wconf 84' lang='grc' dir='ltr'>τοῖς</span> <span class='ocrx_word' id='word_1_420' title='bbox 2763 2081 3016 2147; x_wconf 89' lang='grc' dir='ltr'>πολίταις</span> <span class='ocrx_word' id='word_1_421' title='bbox 3065 2089 3326 2160; x_wconf 78' lang='grc' dir='ltr'>παρεῖχεν</span> <span class='ocrx_word' id='word_1_422' title='bbox 3380 2084 3458 2147; x_wconf 72' lang='grc' dir='ltr'>εἷς</span> <span class='ocrx_word' id='word_1_423' title='bbox 3518 2084 3764 2163; x_wconf 74' lang='grc' dir='ltr'>φυλακὴν</span> <span class='ocrx_word' id='word_1_424' title='bbox 3798 2087 3873 2150; x_wconf 88' lang='grc' dir='ltr'><strong>ὡς</strong></span> <span class='ocrx_word' id='word_1_425' title='bbox 3899 2088 4036 2142; x_wconf 83' lang='grc' dir='ltr'>κατᾶ</span> 
     </span>
    </p>
   </div>
   <div class='ocr_carea' id='block_1_62' title="bbox 2387 2171 4038 2251">
    <p class='ocr_par' dir='ltr' id='par_1_62' title="bbox 2387 2171 4038 2251">
     <span class='ocr_line' id='line_1_62' title="bbox 2387 2171 4038 2251; baseline 0.002 -25"><span class='ocrx_word' id='word_1_426' title='bbox 2387 2172 2571 2246; x_wconf 87' lang='grc' dir='ltr'>καιρὸν</span> <span class='ocrx_word' id='word_1_427' title='bbox 2624 2171 2775 2236; x_wconf 75' lang='grc' dir='ltr'>αὖθις</span> <span class='ocrx_word' id='word_1_428' title='bbox 2833 2172 3265 2247; x_wconf 79' lang='grc' dir='ltr'>ἂντιπαρέξουσι,</span> <span class='ocrx_word' id='word_1_429' title='bbox 3322 2174 3412 2228; x_wconf 86' lang='grc' dir='ltr'><strong>καὶ</strong></span> <span class='ocrx_word' id='word_1_430' title='bbox 3460 2175 3672 2249; x_wconf 90' lang='grc' dir='ltr'>χοίρων</span> <span class='ocrx_word' id='word_1_431' title='bbox 3729 2174 3864 2237; x_wconf 79' lang='grc' dir='ltr'>ὅλας</span> <span class='ocrx_word' id='word_1_432' title='bbox 3914 2176 4038 2251; x_wconf 82' lang='grc' dir='ltr'>ἀγέ-</span> 
     </span>
    </p>
   </div>
   <div class='ocr_carea' id='block_1_63' title="bbox 2388 2259 4038 2338">
    <p class='ocr_par' dir='ltr' id='par_1_63' title="bbox 2388 2259 4038 2338">
     <span class='ocr_line' id='line_1_63' title="bbox 2388 2259 4038 2338; baseline 0.003 -24"><span class='ocrx_word' id='word_1_433' title='bbox 2388 2259 2506 2332; x_wconf 88' lang='grc' dir='ltr'>λας,</span> <span class='ocrx_word' id='word_1_434' title='bbox 2565 2260 2654 2314; x_wconf 83' lang='grc' dir='ltr'><strong>καὶ</strong></span> <span class='ocrx_word' id='word_1_435' title='bbox 2713 2261 2912 2323; x_wconf 83' lang='grc' dir='ltr'>αὐτοὺς</span> <span class='ocrx_word' id='word_1_436' title='bbox 2962 2260 3249 2338; x_wconf 70' lang='grc' dir='ltr'>ἐπεμέριζε</span> <span class='ocrx_word' id='word_1_437' title='bbox 3296 2267 3418 2325; x_wconf 90' lang='grc' dir='ltr'>τοῖς</span> <span class='ocrx_word' id='word_1_438' title='bbox 3461 2261 3717 2325; x_wconf 86' lang='grc' dir='ltr'>πολίταις</span> <span class='ocrx_word' id='word_1_439' title='bbox 3766 2264 3861 2318; x_wconf 80' lang='grc' dir='ltr'>ανὰ</span> <span class='ocrx_word' id='word_1_440' title='bbox 3909 2263 4038 2319; x_wconf 85' lang='grc' dir='ltr'>δέκα</span> 
     </span>
    </p>
   </div>
   <div class='ocr_carea' id='block_1_64' title="bbox 2385 2347 4039 2431">
    <p class='ocr_par' dir='ltr' id='par_1_64' title="bbox 2385 2347 4039 2431">
     <span class='ocr_line' id='line_1_64' title="bbox 2385 2347 4039 2431; baseline 0.001 -25"><span class='ocrx_word' id='word_1_441' title='bbox 2385 2351 2475 2406; x_wconf 84' lang='grc' dir='ltr'><strong>καὶ</strong></span> <span class='ocrx_word' id='word_1_442' title='bbox 2506 2347 2672 2405; x_wconf 90' lang='grc' dir='ltr'>πλέον</span> <span class='ocrx_word' id='word_1_443' title='bbox 2701 2351 2734 2418; x_wconf 78' lang='grc' dir='ltr'><strong>ἢ</strong></span> <span class='ocrx_word' id='word_1_444' title='bbox 2767 2351 2855 2405; x_wconf 82' lang='grc' dir='ltr'><strong>καὶ</strong></span> <span class='ocrx_word' id='word_1_445' title='bbox 2887 2349 3144 2407; x_wconf 78' lang='grc' dir='ltr'>ἐλλεῖπον</span> <span class='ocrx_word' id='word_1_446' title='bbox 3198 2350 3405 2424; x_wconf 70' lang='grc' dir='ltr'>ἑκάστῳ</span> <span class='ocrx_word' id='word_1_447' title='bbox 3454 2349 3637 2414; x_wconf 80' lang='grc' dir='ltr'>διδοὺς</span> <span class='ocrx_word' id='word_1_448' title='bbox 3684 2353 3822 2408; x_wconf 83' lang='grc' dir='ltr'>ὥστε</span> <span class='ocrx_word' id='word_1_449' title='bbox 3869 2354 4039 2431; x_wconf 84' lang='grc' dir='ltr'>σφάτ-</span> 
     </span>
    </p>
   </div>
   <div class='ocr_carea' id='block_1_65' title="bbox 2384 2438 4042 2516">
    <p class='ocr_par' dir='ltr' id='par_1_65' title="bbox 2384 2438 4042 2516">
     <span class='ocr_line' id='line_1_65' title="bbox 2384 2438 4042 2516; baseline 0.002 -21"><span class='ocrx_word' id='word_1_450' title='bbox 2384 2461 2495 2496; x_wconf 91' lang='grc' dir='ltr'>τειν</span> <span class='ocrx_word' id='word_1_451' title='bbox 2555 2439 2646 2495; x_wconf 82' lang='grc' dir='ltr'><strong>καὶ</strong></span> <span class='ocrx_word' id='word_1_452' title='bbox 2703 2439 2895 2502; x_wconf 80' lang='grc' dir='ltr'>αὐτοὺς</span> <span class='ocrx_word' id='word_1_453' title='bbox 2969 2438 3462 2516; x_wconf 83' lang='grc' dir='ltr'>ἀποκερδαίνοντας</span> <span class='ocrx_word' id='word_1_454' title='bbox 3535 2442 3604 2496; x_wconf 78' lang='grc' dir='ltr'>τὰ</span> <span class='ocrx_word' id='word_1_455' title='bbox 3667 2442 3917 2507; x_wconf 79' lang='grc' dir='ltr'>ἐντόσθια</span> <span class='ocrx_word' id='word_1_456' title='bbox 3974 2443 4042 2498; x_wconf 76' lang='grc' dir='ltr'>τὰ</span> 
     </span>
    </p>
   </div>
   <div class='ocr_carea' id='block_1_66' title="bbox 2386 2527 4037 2608">
    <p class='ocr_par' dir='ltr' id='par_1_66' title="bbox 2386 2527 4037 2608">
     <span class='ocr_line' id='line_1_66' title="bbox 2386 2527 4037 2608; baseline 0 -23"><span class='ocrx_word' id='word_1_457' title='bbox 2386 2531 2591 2605; x_wconf 84' lang='grc' dir='ltr'>ταρίχη</span> <span class='ocrx_word' id='word_1_458' title='bbox 2645 2533 2724 2600; x_wconf 81' lang='grc' dir='ltr'>τῷ</span> <span class='ocrx_word' id='word_1_459' title='bbox 2780 2534 2952 2603; x_wconf 85' lang='grc' dir='ltr'>κοινῷ</span> <span class='ocrx_word' id='word_1_460' title='bbox 3004 2527 3288 2608; x_wconf 87' lang='grc' dir='ltr'>φυλάττειν</span> <span class='ocrx_word' id='word_1_461' title='bbox 3326 2573 3340 2599; x_wconf 91' lang='grc'><strong>,</strong></span> <span class='ocrx_word' id='word_1_462' title='bbox 3399 2529 3544 2585; x_wconf 79' lang='grc' dir='ltr'>ὅπλα</span> <span class='ocrx_word' id='word_1_463' title='bbox 3600 2552 3658 2586; x_wconf 90' lang='grc' dir='ltr'><strong>τε</strong></span> <span class='ocrx_word' id='word_1_464' title='bbox 3717 2533 3887 2607; x_wconf 82' lang='grc' dir='ltr'>μυρία</span> <span class='ocrx_word' id='word_1_465' title='bbox 3941 2533 4037 2587; x_wconf 81' lang='grc' dir='ltr'><strong>καὶ</strong></span> 
     </span>
    </p>
   </div>
   <div class='ocr_carea' id='block_1_67' title="bbox 2388 2615 4040 2697">
    <p class='ocr_par' dir='ltr' id='par_1_67' title="bbox 2388 2615 4040 2697">
     <span class='ocr_line' id='line_1_67' title="bbox 2388 2615 4040 2697; baseline 0.001 -23"><span class='ocrx_word' id='word_1_466' title='bbox 2388 2620 2601 2682; x_wconf 82' lang='grc' dir='ltr'>ὀϊστοὺς</span> <span class='ocrx_word' id='word_1_467' title='bbox 2632 2619 2720 2675; x_wconf 85' lang='grc' dir='ltr'><strong>καὶ</strong></span> <span class='ocrx_word' id='word_1_468' title='bbox 2753 2619 2949 2696; x_wconf 79' lang='grc' dir='ltr'>δργανα</span> <span class='ocrx_word' id='word_1_469' title='bbox 2999 2615 3331 2697; x_wconf 75' lang='grc' dir='ltr'>πετροϐόλα,</span> <span class='ocrx_word' id='word_1_470' title='bbox 3390 2620 3753 2696; x_wconf 84' lang='grc' dir='ltr'>ὁπλοτέχναις</span> <span class='ocrx_word' id='word_1_471' title='bbox 3802 2621 3893 2676; x_wconf 85' lang='grc' dir='ltr'><strong>καὶ</strong></span> <span class='ocrx_word' id='word_1_472' title='bbox 3930 2643 4040 2695; x_wconf 85' lang='grc' dir='ltr'>μη-</span> 
     </span>
    </p>
   </div>
   <div class='ocr_carea' id='block_1_68' title="bbox 2385 2835 4033 2909">
    <p class='ocr_par' dir='ltr' id='par_1_68' title="bbox 2385 2835 4033 2909">
     <span class='ocr_line' id='line_1_68' title="bbox 2385 2835 4033 2909; baseline 0.001 -19"><span class='ocrx_word' id='word_1_473' title='bbox 2385 2835 2593 2892; x_wconf 90' lang='lat' dir='ltr'><strong>merito</strong></span> <span class='ocrx_word' id='word_1_474' title='bbox 2640 2835 2872 2902; x_wconf 71' lang='lat' dir='ltr'><strong>animae,</strong></span> <span class='ocrx_word' id='word_1_475' title='bbox 2931 2851 3108 2906; x_wconf 89' lang='lat' dir='ltr'><strong>quam</strong></span> <span class='ocrx_word' id='word_1_476' title='bbox 3158 2840 3271 2891; x_wconf 89' lang='lat' dir='ltr'><strong>Deo</strong></span> <span class='ocrx_word' id='word_1_477' title='bbox 3302 2853 3431 2892; x_wconf 89' lang='lat' dir='ltr'><strong>esse</strong></span> <span class='ocrx_word' id='word_1_478' title='bbox 3453 2836 3868 2893; x_wconf 85' lang='lat' dir='ltr'><strong>charissimam</strong></span> <span class='ocrx_word' id='word_1_479' title='bbox 3899 2853 4033 2909; x_wconf 90' lang='lat' dir='ltr'><strong>per-</strong></span> 
     </span>
    </p>
   </div>
   <div class='ocr_carea' id='block_1_69' title="bbox 2382 2923 4036 2996">
    <p class='ocr_par' dir='ltr' id='par_1_69' title="bbox 2382 2923 4036 2996">
     <span class='ocr_line' id='line_1_69' title="bbox 2382 2923 4036 2996; baseline 0.002 -17"><span class='ocrx_word' id='word_1_480' title='bbox 2382 2923 2802 2980; x_wconf 87' lang='lat' dir='ltr'><strong>suasissimum</strong></span> <span class='ocrx_word' id='word_1_481' title='bbox 2832 2923 3147 2991; x_wconf 87' lang='lat' dir='ltr'><strong>habebant,</strong></span> <span class='ocrx_word' id='word_1_482' title='bbox 3205 2925 3525 2996; x_wconf 86' lang='lat' dir='ltr'><strong>unguentis</strong></span> <span class='ocrx_word' id='word_1_483' title='bbox 3583 2924 3914 2981; x_wconf 86' lang='lat' dir='ltr'><strong>delibutum</strong></span> <span class='ocrx_word' id='word_1_484' title='bbox 3977 2932 4036 2982; x_wconf 91' lang='lat' dir='ltr'><strong>et</strong></span> 
     </span>
    </p>
   </div>
   <div class='ocr_carea' id='block_1_70' title="bbox 2382 3011 4039 3086">
    <p class='ocr_par' dir='ltr' id='par_1_70' title="bbox 2382 3011 4039 3086">
     <span class='ocr_line' id='line_1_70' title="bbox 2382 3011 4039 3086; baseline 0.003 -20"><span class='ocrx_word' id='word_1_485' title='bbox 2382 3011 2589 3068; x_wconf 89' lang='lat' dir='ltr'><strong>alienis</strong></span> <span class='ocrx_word' id='word_1_486' title='bbox 2623 3012 2980 3068; x_wconf 83' lang='lat' dir='ltr'><strong>ferventibus</strong></span> <span class='ocrx_word' id='word_1_487' title='bbox 3010 3013 3306 3069; x_wconf 89' lang='lat' dir='ltr'><strong>incoctum</strong></span> <span class='ocrx_word' id='word_1_488' title='bbox 3339 3014 3608 3086; x_wconf 89' lang='lat' dir='ltr'><strong>pretiosis</strong></span> <span class='ocrx_word' id='word_1_489' title='bbox 3641 3015 4039 3071; x_wconf 88' lang='lat' dir='ltr'><strong>condiderunt</strong></span> 
     </span>
    </p>
   </div>
   <div class='ocr_carea' id='block_1_71' title="bbox 2381 3102 4023 3176">
    <p class='ocr_par' dir='ltr' id='par_1_71' title="bbox 2381 3102 4023 3176">
     <span class='ocr_line' id='line_1_71' title="bbox 2381 3102 4023 3176; baseline 0.002 -19"><span class='ocrx_word' id='word_1_490' title='bbox 2381 3102 2536 3157; x_wconf 76' lang='lat'><strong>364</strong></span> <span class='ocrx_word' id='word_1_491' title='bbox 2566 3102 2796 3171; x_wconf 90' lang='lat' dir='ltr'><strong>loculis,</strong></span> <span class='ocrx_word' id='word_1_492' title='bbox 2830 3103 3195 3158; x_wconf 82' lang='lat' dir='ltr'><strong>venerandae</strong></span> <span class='ocrx_word' id='word_1_493' title='bbox 3227 3103 3358 3159; x_wconf 92' lang='lat' dir='ltr'><strong>illas</strong></span> <span class='ocrx_word' id='word_1_494' title='bbox 3407 3120 3604 3160; x_wconf 88' lang='lat' dir='ltr'><strong>secum</strong></span> <span class='ocrx_word' id='word_1_495' title='bbox 3657 3103 3716 3158; x_wconf 90' lang='lat' dir='ltr'><strong>in</strong></span> <span class='ocrx_word' id='word_1_496' title='bbox 3766 3104 4023 3176; x_wconf 89' lang='lat' dir='ltr'><strong>patriam</strong></span> 
     </span>
    </p>
   </div>
   <div class='ocr_carea' id='block_1_72' title="bbox 2385 3190 4032 3263">
    <p class='ocr_par' dir='ltr' id='par_1_72' title="bbox 2385 3190 4032 3263">
     <span class='ocr_line' id='line_1_72' title="bbox 2385 3190 4032 3263; baseline 0.001 -17"><span class='ocrx_word' id='word_1_497' title='bbox 2385 3190 2664 3263; x_wconf 89' lang='lat' dir='ltr'><strong>reliquias</strong></span> <span class='ocrx_word' id='word_1_498' title='bbox 2704 3190 2969 3248; x_wconf 86' lang='lat' dir='ltr'><strong>relaturi.</strong></span> <span class='ocrx_word' id='word_1_499' title='bbox 3021 3191 3216 3263; x_wconf 85' lang='lat' dir='ltr'><strong>Legati</strong></span> <span class='ocrx_word' id='word_1_500' title='bbox 3249 3208 3381 3248; x_wconf 92' lang='lat' dir='ltr'><strong>vero</strong></span> <span class='ocrx_word' id='word_1_501' title='bbox 3435 3192 3581 3247; x_wconf 90' lang='lat' dir='ltr'><strong>nihil</strong></span> <span class='ocrx_word' id='word_1_502' title='bbox 3631 3191 3746 3248; x_wconf 89' lang='lat' dir='ltr'><strong>nisi</strong></span> <span class='ocrx_word' id='word_1_503' title='bbox 3791 3209 4032 3261; x_wconf 89' lang='lat' dir='ltr'><strong>vacuas,</strong></span> 
     </span>
    </p>
   </div>
   <div class='ocr_carea' id='block_1_73' title="bbox 2384 3279 4031 3353">
    <p class='ocr_par' dir='ltr' id='par_1_73' title="bbox 2384 3279 4031 3353">
     <span class='ocr_line' id='line_1_73' title="bbox 2384 3279 4031 3353; baseline 0.002 -19"><span class='ocrx_word' id='word_1_504' title='bbox 2384 3280 2538 3351; x_wconf 90' lang='lat' dir='ltr'><strong>quod</strong></span> <span class='ocrx_word' id='word_1_505' title='bbox 2573 3279 2807 3348; x_wconf 91' lang='lat' dir='ltr'><strong>dicitur,</strong></span> <span class='ocrx_word' id='word_1_506' title='bbox 2842 3296 3053 3336; x_wconf 89' lang='lat' dir='ltr'><strong>manus</strong></span> <span class='ocrx_word' id='word_1_507' title='bbox 3074 3296 3139 3336; x_wconf 92' lang='lat' dir='ltr'><strong>ex</strong></span> <span class='ocrx_word' id='word_1_508' title='bbox 3183 3280 3364 3336; x_wconf 89' lang='lat' dir='ltr'><strong>tantis</strong></span> <span class='ocrx_word' id='word_1_509' title='bbox 3411 3281 3720 3352; x_wconf 87' lang='lat' dir='ltr'><strong>promissis</strong></span> <span class='ocrx_word' id='word_1_510' title='bbox 3773 3287 4031 3353; x_wconf 88' lang='lat' dir='ltr'><strong>reporta-</strong></span> 
     </span>
    </p>
   </div>
   <div class='ocr_carea' id='block_1_74' title="bbox 2384 3368 4033 3442">
    <p class='ocr_par' dir='ltr' id='par_1_74' title="bbox 2384 3368 4033 3442">
     <span class='ocr_line' id='line_1_74' title="bbox 2384 3368 4033 3442; baseline 0 -18"><span class='ocrx_word' id='word_1_511' title='bbox 2384 3373 2524 3424; x_wconf 91' lang='lat' dir='ltr'><strong>runt</strong></span> <span class='ocrx_word' id='word_1_512' title='bbox 2553 3370 3104 3424; x_wconf 68' lang='lat' dir='ltr'><strong>domum.Caeterum</strong></span> <span class='ocrx_word' id='word_1_513' title='bbox 3133 3368 3449 3440; x_wconf 88' lang='lat' dir='ltr'><strong>imperator</strong></span> <span class='ocrx_word' id='word_1_514' title='bbox 3471 3386 3572 3442; x_wconf 91' lang='lat' dir='ltr'><strong>per</strong></span> <span class='ocrx_word' id='word_1_515' title='bbox 3595 3369 3749 3441; x_wconf 89' lang='lat' dir='ltr'><strong>regis</strong></span> <span class='ocrx_word' id='word_1_516' title='bbox 3780 3377 4033 3426; x_wconf 87' lang='lat' dir='ltr'><strong>mortem</strong></span> 
     </span>
    </p>
   </div>
   <div class='ocr_carea' id='block_1_75' title="bbox 2382 3458 4038 3531">
    <p class='ocr_par' dir='ltr' id='par_1_75' title="bbox 2382 3458 4038 3531">
     <span class='ocr_line' id='line_1_75' title="bbox 2382 3458 4038 3531; baseline -0.001 -16"><span class='ocrx_word' id='word_1_517' title='bbox 2382 3475 2487 3531; x_wconf 89' lang='lat' dir='ltr'><strong>spe</strong></span> <span class='ocrx_word' id='word_1_518' title='bbox 2518 3460 2836 3515; x_wconf 87' lang='lat' dir='ltr'><strong>frustratus</strong></span> <span class='ocrx_word' id='word_1_519' title='bbox 2867 3475 3117 3525; x_wconf 89' lang='lat' dir='ltr'><strong>sua,non</strong></span> <span class='ocrx_word' id='word_1_520' title='bbox 3141 3465 3336 3514; x_wconf 85' lang='lat' dir='ltr'><strong>tamen</strong></span> <span class='ocrx_word' id='word_1_521' title='bbox 3359 3460 3586 3515; x_wconf 86' lang='lat' dir='ltr'><strong>destitit</strong></span> <span class='ocrx_word' id='word_1_522' title='bbox 3607 3458 3719 3515; x_wconf 87' lang='lat' dir='ltr'><strong>alia</strong></span> <span class='ocrx_word' id='word_1_523' title='bbox 3740 3461 3810 3515; x_wconf 87' lang='lat' dir='ltr'><strong>ad</strong></span> <span class='ocrx_word' id='word_1_524' title='bbox 3846 3461 4038 3516; x_wconf 87' lang='lat' dir='ltr'><strong>desti-</strong></span> 
     </span>
    </p>
   </div>
   <div class='ocr_carea' id='block_1_76' title="bbox 2384 3547 4034 3621">
    <p class='ocr_par' dir='ltr' id='par_1_76' title="bbox 2384 3547 4034 3621">
     <span class='ocr_line' id='line_1_76' title="bbox 2384 3547 4034 3621; baseline 0.001 -18"><span class='ocrx_word' id='word_1_525' title='bbox 2384 3553 2586 3604; x_wconf 88' lang='lat' dir='ltr'><strong>natum</strong></span> <span class='ocrx_word' id='word_1_526' title='bbox 2620 3548 2712 3605; x_wconf 91' lang='lat' dir='ltr'><strong>via</strong></span> <span class='ocrx_word' id='word_1_527' title='bbox 2744 3549 3020 3621; x_wconf 88' lang='lat' dir='ltr'><strong>grassari,</strong></span> <span class='ocrx_word' id='word_1_528' title='bbox 3051 3549 3154 3604; x_wconf 91' lang='lat' dir='ltr'><strong>sed</strong></span> <span class='ocrx_word' id='word_1_529' title='bbox 3197 3547 3402 3605; x_wconf 90' lang='lat' dir='ltr'><strong>multis</strong></span> <span class='ocrx_word' id='word_1_530' title='bbox 3455 3548 3586 3604; x_wconf 90' lang='lat' dir='ltr'><strong>aliis</strong></span> <span class='ocrx_word' id='word_1_531' title='bbox 3617 3549 3772 3621; x_wconf 89' lang='lat' dir='ltr'><strong>apud</strong></span> <span class='ocrx_word' id='word_1_532' title='bbox 3815 3565 4034 3621; x_wconf 88' lang='lat' dir='ltr'><strong>papam</strong></span> 
     </span>
    </p>
   </div>
   <div class='ocr_carea' id='block_1_77' title="bbox 2382 3638 4036 3710">
    <p class='ocr_par' dir='ltr' id='par_1_77' title="bbox 2382 3638 4036 3710">
     <span class='ocr_line' id='line_1_77' title="bbox 2382 3638 4036 3710; baseline 0.001 -17"><span class='ocrx_word' id='word_1_533' title='bbox 2382 3639 2874 3695; x_wconf 88' lang='lat' dir='ltr'><strong>intercessoribus</strong></span> <span class='ocrx_word' id='word_1_534' title='bbox 2931 3638 3214 3694; x_wconf 89' lang='lat' dir='ltr'><strong>adhibitis</strong></span> <span class='ocrx_word' id='word_1_535' title='bbox 3263 3642 3421 3705; x_wconf 89' lang='lat' dir='ltr'><strong>(nam</strong></span> <span class='ocrx_word' id='word_1_536' title='bbox 3480 3638 3686 3710; x_wconf 89' lang='lat' dir='ltr'><strong>ingens</strong></span> <span class='ocrx_word' id='word_1_537' title='bbox 3734 3656 3769 3694; x_wconf 87' lang='lat' dir='ltr'><strong>a</strong></span> <span class='ocrx_word' id='word_1_538' title='bbox 3825 3639 4036 3694; x_wconf 84' lang='lat' dir='ltr'><strong>Carolo</strong></span> 
     </span>
    </p>
   </div>
   <div class='ocr_carea' id='block_1_78' title="bbox 2383 3726 4039 3800">
    <p class='ocr_par' dir='ltr' id='par_1_78' title="bbox 2383 3726 4039 3800">
     <span class='ocr_line' id='line_1_78' title="bbox 2383 3726 4039 3800; baseline -0.001 -16"><span class='ocrx_word' id='word_1_539' title='bbox 2383 3733 2574 3784; x_wconf 89' lang='lat' dir='ltr'><strong>metus</strong></span> <span class='ocrx_word' id='word_1_540' title='bbox 2605 3728 2804 3784; x_wconf 90' lang='lat' dir='ltr'><strong>omnia</strong></span> <span class='ocrx_word' id='word_1_541' title='bbox 2824 3726 3072 3800; x_wconf 89' lang='lat' dir='ltr'><strong>experiri</strong></span> <span class='ocrx_word' id='word_1_542' title='bbox 3104 3728 3408 3800; x_wconf 88' lang='lat' dir='ltr'><strong>suadebat)</strong></span> <span class='ocrx_word' id='word_1_543' title='bbox 3440 3728 3752 3800; x_wconf 87' lang='lat' dir='ltr'><strong>impetrare</strong></span> <span class='ocrx_word' id='word_1_544' title='bbox 3780 3728 3855 3784; x_wconf 92' lang='lat' dir='ltr'><strong>ab</strong></span> <span class='ocrx_word' id='word_1_545' title='bbox 3877 3744 3946 3784; x_wconf 89' lang='lat' dir='ltr'><strong>eo</strong></span> <span class='ocrx_word' id='word_1_546' title='bbox 3969 3734 4039 3783; x_wconf 93' lang='lat' dir='ltr'><strong>ut</strong></span> 
     </span>
    </p>
   </div>
   <div class='ocr_carea' id='block_1_79' title="bbox 2379 3817 3726 3889">
    <p class='ocr_par' dir='ltr' id='par_1_79' title="bbox 2379 3817 3726 3889">
     <span class='ocr_line' id='line_1_79' title="bbox 2379 3817 3726 3889; baseline -0.001 -15"><span class='ocrx_word' id='word_1_547' title='bbox 2379 3817 2568 3874; x_wconf 88' lang='lat' dir='ltr'><strong>Caroli</strong></span> <span class='ocrx_word' id='word_1_548' title='bbox 2599 3817 3025 3889; x_wconf 83' lang='lat' dir='ltr'><strong>expeditionem</strong></span> <span class='ocrx_word' id='word_1_549' title='bbox 3050 3817 3355 3888; x_wconf 86' lang='lat' dir='ltr'><strong>impediret</strong></span> <span class='ocrx_word' id='word_1_550' title='bbox 3385 3818 3726 3874; x_wconf 90' lang='lat' dir='ltr'><strong>conabatur.</strong></span> 
     </span>
    </p>
   </div>
   <div class='ocr_carea' id='block_1_80' title="bbox 2381 3924 4036 3996">
    <p class='ocr_par' dir='ltr' id='par_1_80' title="bbox 2381 3924 4036 3996">
     <span class='ocr_line' id='line_1_80' title="bbox 2381 3924 4036 3996; baseline -0.001 -15"><span class='ocrx_word' id='word_1_551' title='bbox 2381 3926 2466 3981; x_wconf 90' lang='grc'><strong>10.</strong></span> <span class='ocrx_word' id='word_1_552' title='bbox 2504 3927 2567 3982; x_wconf 76' lang='lat' dir='ltr'><strong>Ut</strong></span> <span class='ocrx_word' id='word_1_553' title='bbox 2597 3927 2671 3981; x_wconf 86' lang='lat' dir='ltr'><strong>ad</strong></span> <span class='ocrx_word' id='word_1_554' title='bbox 2696 3928 2910 3996; x_wconf 77' lang='lat' dir='ltr'><strong>famam</strong></span> <span class='ocrx_word' id='word_1_555' title='bbox 2946 3932 3202 3981; x_wconf 70' lang='lat' dir='ltr'><strong>venturae</strong></span> <span class='ocrx_word' id='word_1_556' title='bbox 3256 3926 3477 3996; x_wconf 69' lang='lat' dir='ltr'><strong>infestae</strong></span> <span class='ocrx_word' id='word_1_557' title='bbox 3528 3925 3718 3980; x_wconf 73' lang='lat' dir='ltr'><strong>classis</strong></span> <span class='ocrx_word' id='word_1_558' title='bbox 3773 3924 3837 3979; x_wconf 75' lang='lat' dir='ltr'><strong>in</strong></span> <span class='ocrx_word' id='word_1_559' title='bbox 3894 3925 4036 3980; x_wconf 82' lang='lat' dir='ltr'><strong>urbe</strong></span> 
     </span>
    </p>
   </div>
   <div class='ocr_carea' id='block_1_81' title="bbox 2451 3995 4038 4124">
    <p class='ocr_par' dir='ltr' id='par_1_81' title="bbox 2451 3995 4038 4124">
     <span class='ocr_line' id='line_1_81' title="bbox 2451 3995 4038 4124; baseline -0.001 -72"><span class='ocrx_word' id='word_1_560' title='bbox 2451 3999 2758 4124; x_wconf 46' lang='lat' dir='ltr'><strong>initperattior</strong></span> <span class='ocrx_word' id='word_1_561' title='bbox 2784 4000 3190 4070; x_wconf 72' lang='lat' dir='ltr'><strong>praeparaverit</strong></span> <span class='ocrx_word' id='word_1_562' title='bbox 3215 4011 3338 4069; x_wconf 52' lang='lat' dir='ltr'><strong>qua</strong></span> <span class='ocrx_word' id='word_1_563' title='bbox 3356 3995 3667 4053; x_wconf 77' lang='lat' dir='ltr'><strong>necessaria</strong></span> <span class='ocrx_word' id='word_1_564' title='bbox 3678 3998 4038 4069; x_wconf 70' lang='lat' dir='ltr'><strong>putabantur</strong></span> 
     </span>
     <span class='ocr_line' id='line_1_82' title="bbox 2451 4086 2763 4124; baseline 0 0"><span class='ocrx_word' id='word_1_565' title='bbox 2451 4087 2498 4124; x_wconf 81' lang='grc' dir='ltr'><strong>ει</strong></span> <span class='ocrx_word' id='word_1_566' title='bbox 2550 4087 2655 4124; x_wconf 77' lang='lat' dir='ltr'><strong>uen</strong></span> <span class='ocrx_word' id='word_1_567' title='bbox 2696 4086 2763 4124; x_wconf 64' lang='grc' dir='ltr'><strong>κ.</strong></span> 
     </span>
    </p>
   </div>
   <div class='ocr_carea' id='block_1_82' title="bbox 2447 4086 2763 4126">
    <p class='ocr_par' dir='ltr' id='par_1_82' title="bbox 2447 4086 2763 4126">
     <span class='ocr_line' id='line_1_83' title="bbox 2447 4086 2763 4126; baseline -0.006 0"><span class='ocrx_word' id='word_1_568' title='bbox 2447 4087 2498 4126; x_wconf 81' lang='grc' dir='ltr'><strong>ει</strong></span> <span class='ocrx_word' id='word_1_569' title='bbox 2525 4086 2763 4126; x_wconf 61' lang='lat' dir='ltr'><strong>menum.</strong></span> 
     </span>
    </p>
   </div>
   <div class='ocr_carea' id='block_1_83' title="bbox 2445 4175 4034 4248">
    <p class='ocr_par' dir='ltr' id='par_1_83' title="bbox 2445 4175 4034 4248">
     <span class='ocr_line' id='line_1_84' title="bbox 2445 4175 4034 4248; baseline -0.001 -17"><span class='ocrx_word' id='word_1_570' title='bbox 2445 4176 2560 4232; x_wconf 91' lang='lat' dir='ltr'><strong>Nec</strong></span> <span class='ocrx_word' id='word_1_571' title='bbox 2592 4192 2761 4248; x_wconf 91' lang='lat' dir='ltr'><strong>porro</strong></span> <span class='ocrx_word' id='word_1_572' title='bbox 2795 4175 2951 4231; x_wconf 88' lang='lat' dir='ltr'><strong>idem</strong></span> <span class='ocrx_word' id='word_1_573' title='bbox 2985 4175 3078 4232; x_wconf 91' lang='lat' dir='ltr'><strong>his</strong></span> <span class='ocrx_word' id='word_1_574' title='bbox 3109 4175 3419 4232; x_wconf 90' lang='lat' dir='ltr'><strong>conatibus</strong></span> <span class='ocrx_word' id='word_1_575' title='bbox 3444 4178 3566 4231; x_wconf 89' lang='lat' dir='ltr'><strong>arte</strong></span> <span class='ocrx_word' id='word_1_576' title='bbox 3595 4175 3841 4231; x_wconf 86' lang='lat' dir='ltr'><strong>Martem</strong></span> <span class='ocrx_word' id='word_1_577' title='bbox 3866 4191 4034 4231; x_wconf 78' lang='lat' dir='ltr'><strong>aver-</strong></span> 
     </span>
    </p>
   </div>
   <div class='ocr_carea' id='block_1_84' title="bbox 612 4264 4031 4339">
    <p class='ocr_par' dir='ltr' id='par_1_84' title="bbox 612 4264 4031 4339">
     <span class='ocr_line' id='line_1_85' title="bbox 612 4264 4031 4339; baseline -0.001 -13"><span class='ocrx_word' id='word_1_578' title='bbox 612 4271 922 4326; x_wconf 87' lang='lat' dir='ltr'><strong>delunctos</strong></span> <span class='ocrx_word' id='word_1_579' title='bbox 954 4268 1235 4334; x_wconf 89' lang='lat' dir='ltr'><strong>hauriret,</strong></span> <span class='ocrx_word' id='word_1_580' title='bbox 1267 4271 1428 4323; x_wconf 76' lang='lat' dir='ltr'><strong>tanto</strong></span> <span class='ocrx_word' id='word_1_581' title='bbox 1476 4269 1600 4337; x_wconf 88' lang='lat' dir='ltr'><strong>jam</strong></span> <span class='ocrx_word' id='word_1_582' title='bbox 1660 4283 1926 4339; x_wconf 88' lang='lat' dir='ltr'><strong>numero,</strong></span> <span class='ocrx_word' id='word_1_583' title='bbox 1990 4272 2052 4324; x_wconf 93' lang='lat' dir='ltr'><strong>ut</strong></span> <span class='ocrx_word' id='word_1_584' title='bbox 2106 4269 2266 4325; x_wconf 88' lang='lat' dir='ltr'><strong>brevi</strong></span> <span class='ocrx_word' id='word_1_585' title='bbox 2375 4265 2536 4321; x_wconf 90' lang='lat' dir='ltr'><strong>tendi</strong></span> <span class='ocrx_word' id='word_1_586' title='bbox 2598 4266 2742 4321; x_wconf 88' lang='lat' dir='ltr'><strong>adeo</strong></span> <span class='ocrx_word' id='word_1_587' title='bbox 2798 4265 3212 4321; x_wconf 84' lang='lat' dir='ltr'><strong>confidendum</strong></span> <span class='ocrx_word' id='word_1_588' title='bbox 3261 4265 3487 4336; x_wconf 88' lang='lat' dir='ltr'><strong>putavit</strong></span> <span class='ocrx_word' id='word_1_589' title='bbox 3531 4269 3812 4336; x_wconf 87' lang='lat' dir='ltr'><strong>tanquam</strong></span> <span class='ocrx_word' id='word_1_590' title='bbox 3865 4264 4031 4321; x_wconf 86' lang='lat' dir='ltr'><strong>haud</strong></span> 
     </span>
    </p>
   </div>
   <div class='ocr_carea' id='block_1_85' title="bbox 610 4353 4033 4431">
    <p class='ocr_par' dir='ltr' id='par_1_85' title="bbox 610 4353 4033 4431">
     <span class='ocr_line' id='line_1_86' title="bbox 610 4353 4033 4431; baseline -0.002 -14"><span class='ocrx_word' id='word_1_591' title='bbox 610 4361 964 4431; x_wconf 89' lang='lat' dir='ltr'><strong>complenda</strong></span> <span class='ocrx_word' id='word_1_592' title='bbox 994 4359 1291 4414; x_wconf 90' lang='lat' dir='ltr'><strong>videretur</strong></span> <span class='ocrx_word' id='word_1_593' title='bbox 1320 4362 1376 4413; x_wconf 91' lang='lat' dir='ltr'><strong>et</strong></span> <span class='ocrx_word' id='word_1_594' title='bbox 1407 4358 1474 4412; x_wconf 87' lang='lat' dir='ltr'><strong>ad</strong></span> <span class='ocrx_word' id='word_1_595' title='bbox 1506 4359 1901 4430; x_wconf 68' lang='lat' dir='ltr'><strong>aequalitatem</strong></span> <span class='ocrx_word' id='word_1_596' title='bbox 1941 4359 2266 4416; x_wconf 90' lang='lat' dir='ltr'><strong>attollenda</strong></span> <span class='ocrx_word' id='word_1_597' title='bbox 2371 4356 2548 4411; x_wconf 91' lang='lat' dir='ltr'><strong>dubie</strong></span> <span class='ocrx_word' id='word_1_598' title='bbox 2576 4371 2916 4412; x_wconf 91' lang='lat' dir='ltr'><strong>successum</strong></span> <span class='ocrx_word' id='word_1_599' title='bbox 2948 4359 3214 4426; x_wconf 90' lang='lat' dir='ltr'><strong>optatum</strong></span> <span class='ocrx_word' id='word_1_600' title='bbox 3247 4353 3564 4420; x_wconf 90' lang='lat' dir='ltr'><strong>habituris,</strong></span> <span class='ocrx_word' id='word_1_601' title='bbox 3598 4359 3662 4409; x_wconf 92' lang='lat' dir='ltr'><strong>ut</strong></span> <span class='ocrx_word' id='word_1_602' title='bbox 3701 4359 4033 4426; x_wconf 87' lang='lat' dir='ltr'><strong>apparatus</strong></span> 
     </span>
    </p>
   </div>
   <div class='ocr_carea' id='block_1_86' title="bbox 604 4443 4034 4521">
    <p class='ocr_par' dir='ltr' id='par_1_86' title="bbox 604 4443 4034 4521">
     <span class='ocr_line' id='line_1_87' title="bbox 604 4443 4034 4521; baseline -0.002 -15"><span class='ocrx_word' id='word_1_603' title='bbox 604 4451 797 4521; x_wconf 89' lang='lat' dir='ltr'><strong>campi</strong></span> <span class='ocrx_word' id='word_1_604' title='bbox 823 4468 839 4520; x_wconf 89' lang='lat'><strong>;</strong></span> <span class='ocrx_word' id='word_1_605' title='bbox 865 4455 984 4504; x_wconf 89' lang='lat' dir='ltr'><strong>tam</strong></span> <span class='ocrx_word' id='word_1_606' title='bbox 1017 4449 1077 4503; x_wconf 90' lang='lat' dir='ltr'><strong>in</strong></span> <span class='ocrx_word' id='word_1_607' title='bbox 1111 4465 1236 4504; x_wconf 90' lang='lat' dir='ltr'><strong>eam</strong></span> <span class='ocrx_word' id='word_1_608' title='bbox 1273 4447 1442 4503; x_wconf 89' lang='lat' dir='ltr'><strong>multi</strong></span> <span class='ocrx_word' id='word_1_609' title='bbox 1486 4448 1746 4519; x_wconf 87' lang='lat' dir='ltr'><strong>quotidie</strong></span> <span class='ocrx_word' id='word_1_610' title='bbox 1796 4449 2012 4520; x_wconf 89' lang='lat' dir='ltr'><strong>partim</strong></span> <span class='ocrx_word' id='word_1_611' title='bbox 2063 4449 2261 4504; x_wconf 92' lang='lat' dir='ltr'><strong>hostili</strong></span> <span class='ocrx_word' id='word_1_612' title='bbox 2371 4444 2686 4517; x_wconf 87' lang='lat' dir='ltr'><strong>negligere,</strong></span> <span class='ocrx_word' id='word_1_613' title='bbox 2718 4444 2998 4500; x_wconf 91' lang='lat' dir='ltr'><strong>bellicos:</strong></span> <span class='ocrx_word' id='word_1_614' title='bbox 3033 4443 3209 4499; x_wconf 89' lang='lat' dir='ltr'><strong>simul</strong></span> <span class='ocrx_word' id='word_1_615' title='bbox 3234 4444 3390 4499; x_wconf 90' lang='lat' dir='ltr'><strong>enim</strong></span> <span class='ocrx_word' id='word_1_616' title='bbox 3415 4443 3869 4515; x_wconf 79' lang='lat' dir='ltr'><strong>providendisin</strong></span> <span class='ocrx_word' id='word_1_617' title='bbox 3898 4460 4034 4499; x_wconf 83' lang='lat' dir='ltr'><strong>om-</strong></span> 
     </span>
    </p>
   </div>
   <div class='ocr_carea' id='block_1_87' title="bbox 605 4533 4030 4612">
    <p class='ocr_par' dir='ltr' id='par_1_87' title="bbox 605 4533 4030 4612">
     <span class='ocr_line' id='line_1_88' title="bbox 605 4533 4030 4612; baseline -0.002 -16"><span class='ocrx_word' id='word_1_618' title='bbox 605 4541 739 4596; x_wconf 66' lang='lat' dir='ltr'><strong>caasi</strong></span> <span class='ocrx_word' id='word_1_619' title='bbox 773 4541 943 4608; x_wconf 87' lang='lat' dir='ltr'><strong>ferro,</strong></span> <span class='ocrx_word' id='word_1_620' title='bbox 979 4540 1191 4612; x_wconf 86' lang='lat' dir='ltr'><strong>partim</strong></span> <span class='ocrx_word' id='word_1_621' title='bbox 1220 4539 1314 4594; x_wconf 91' lang='lat' dir='ltr'><strong>lue</strong></span> <span class='ocrx_word' id='word_1_622' title='bbox 1341 4539 1617 4610; x_wconf 80' lang='lat' dir='ltr'><strong>pestifera</strong></span> <span class='ocrx_word' id='word_1_623' title='bbox 1665 4539 1940 4595; x_wconf 87' lang='lat' dir='ltr'><strong>exstincti</strong></span> <span class='ocrx_word' id='word_1_624' title='bbox 1990 4539 2258 4595; x_wconf 90' lang='lat' dir='ltr'><strong>devolve-</strong></span> <span class='ocrx_word' id='word_1_625' title='bbox 2292 4538 2338 4602; x_wconf 93' lang='lat' dir='ltr'><strong>D</strong></span> <span class='ocrx_word' id='word_1_626' title='bbox 2368 4551 2498 4590; x_wconf 91' lang='lat' dir='ltr'><strong>nem</strong></span> <span class='ocrx_word' id='word_1_627' title='bbox 2534 4538 2806 4590; x_wconf 90' lang='lat' dir='ltr'><strong>eventum</strong></span> <span class='ocrx_word' id='word_1_628' title='bbox 2841 4551 2967 4602; x_wconf 69' lang='lat' dir='ltr'><strong>quae</strong></span> <span class='ocrx_word' id='word_1_629' title='bbox 2997 4533 3069 4588; x_wconf 90' lang='lat' dir='ltr'><strong>ad</strong></span> <span class='ocrx_word' id='word_1_630' title='bbox 3099 4533 3214 4588; x_wconf 88' lang='lat' dir='ltr'><strong>vim</strong></span> <span class='ocrx_word' id='word_1_631' title='bbox 3253 4533 3567 4589; x_wconf 87' lang='lat' dir='ltr'><strong>arcendam</strong></span> <span class='ocrx_word' id='word_1_632' title='bbox 3608 4548 3756 4604; x_wconf 91' lang='lat' dir='ltr'><strong>opus</strong></span> <span class='ocrx_word' id='word_1_633' title='bbox 3798 4538 4030 4600; x_wconf 89' lang='lat' dir='ltr'><strong>essent,</strong></span> 
     </span>
    </p>
   </div>
   <div class='ocr_carea' id='block_1_88' title="bbox 603 4620 4028 4701">
    <p class='ocr_par' dir='ltr' id='par_1_88' title="bbox 603 4620 4028 4701">
     <span class='ocr_line' id='line_1_89' title="bbox 603 4620 4028 4701; baseline -0.003 -16"><span class='ocrx_word' id='word_1_634' title='bbox 603 4630 839 4685; x_wconf 88' lang='lat' dir='ltr'><strong>bantur.</strong></span> <span class='ocrx_word' id='word_1_635' title='bbox 873 4629 1164 4701; x_wconf 87' lang='lat' dir='ltr'><strong>Vigebant</strong></span> <span class='ocrx_word' id='word_1_636' title='bbox 1218 4633 1416 4684; x_wconf 90' lang='lat' dir='ltr'><strong>tamen</strong></span> <span class='ocrx_word' id='word_1_637' title='bbox 1459 4629 1670 4684; x_wconf 88' lang='lat' dir='ltr'><strong>animis</strong></span> <span class='ocrx_word' id='word_1_638' title='bbox 1724 4628 1980 4700; x_wconf 86' lang='lat' dir='ltr'><strong>reliqui;</strong></span> <span class='ocrx_word' id='word_1_639' title='bbox 2034 4633 2090 4683; x_wconf 93' lang='lat' dir='ltr'><strong>et</strong></span> <span class='ocrx_word' id='word_1_640' title='bbox 2146 4628 2259 4684; x_wconf 89' lang='lat' dir='ltr'><strong>sibi</strong></span> <span class='ocrx_word' id='word_1_641' title='bbox 2371 4623 2707 4694; x_wconf 79' lang='lat' dir='ltr'><strong>diligentem</strong></span> <span class='ocrx_word' id='word_1_642' title='bbox 2740 4622 3578 4694; x_wconf 83' lang='lat' dir='ltr'><strong>impenditoperam.Primum</strong></span> <span class='ocrx_word' id='word_1_643' title='bbox 3608 4620 3873 4676; x_wconf 88' lang='lat' dir='ltr'><strong>omnium</strong></span> <span class='ocrx_word' id='word_1_644' title='bbox 3902 4621 4028 4676; x_wconf 87' lang='lat' dir='ltr'><strong>fru-</strong></span> 
     </span>
    </p>
   </div>
   <div class='ocr_carea' id='block_1_89' title="bbox 608 4711 4027 4792">
    <p class='ocr_par' dir='ltr' id='par_1_89' title="bbox 608 4711 4027 4792">
     <span class='ocr_line' id='line_1_90' title="bbox 608 4711 4027 4792; baseline -0.003 -18"><span class='ocrx_word' id='word_1_645' title='bbox 608 4720 827 4776; x_wconf 91' lang='lat' dir='ltr'><strong>conscii</strong></span> <span class='ocrx_word' id='word_1_646' title='bbox 861 4736 964 4792; x_wconf 91' lang='lat' dir='ltr'><strong>pro</strong></span> <span class='ocrx_word' id='word_1_647' title='bbox 998 4719 1188 4776; x_wconf 90' lang='lat' dir='ltr'><strong>crucis</strong></span> <span class='ocrx_word' id='word_1_648' title='bbox 1217 4719 1403 4792; x_wconf 88' lang='lat' dir='ltr'><strong>gloria</strong></span> <span class='ocrx_word' id='word_1_649' title='bbox 1433 4717 1749 4791; x_wconf 88' lang='lat' dir='ltr'><strong>periclitari</strong></span> <span class='ocrx_word' id='word_1_650' title='bbox 1781 4735 1931 4785; x_wconf 84' lang='lat' dir='ltr'><strong>sese,</strong></span> <span class='ocrx_word' id='word_1_651' title='bbox 1986 4720 2252 4775; x_wconf 86' lang='lat' dir='ltr'><strong>ardorem</strong></span> <span class='ocrx_word' id='word_1_652' title='bbox 2364 4719 2625 4770; x_wconf 90' lang='lat' dir='ltr'><strong>mentum</strong></span> <span class='ocrx_word' id='word_1_653' title='bbox 2660 4713 2877 4768; x_wconf 87' lang='lat' dir='ltr'><strong>invexit</strong></span> <span class='ocrx_word' id='word_1_654' title='bbox 2907 4713 2966 4767; x_wconf 91' lang='lat' dir='ltr'><strong>in</strong></span> <span class='ocrx_word' id='word_1_655' title='bbox 3017 4712 3224 4767; x_wconf 90' lang='lat' dir='ltr'><strong>urbem</strong></span> <span class='ocrx_word' id='word_1_656' title='bbox 3287 4715 3448 4771; x_wconf 87' lang='lat' dir='ltr'><strong>tanta</strong></span> <span class='ocrx_word' id='word_1_657' title='bbox 3505 4711 3693 4783; x_wconf 89' lang='lat' dir='ltr'><strong>copia,</strong></span> <span class='ocrx_word' id='word_1_658' title='bbox 3743 4715 3807 4766; x_wconf 91' lang='lat' dir='ltr'><strong>ut</strong></span> <span class='ocrx_word' id='word_1_659' title='bbox 3859 4712 4027 4781; x_wconf 91' lang='lat' dir='ltr'><strong>quod</strong></span> 
     </span>
    </p>
   </div>
   <div class='ocr_carea' id='block_1_90' title="bbox 605 4797 4025 4880">
    <p class='ocr_par' dir='ltr' id='par_1_90' title="bbox 605 4797 4025 4880">
     <span class='ocr_line' id='line_1_91' title="bbox 605 4797 4025 4880; baseline -0.003 -14"><span class='ocrx_word' id='word_1_660' title='bbox 605 4809 1033 4880; x_wconf 88' lang='lat' dir='ltr'><strong>audaciamque</strong></span> <span class='ocrx_word' id='word_1_661' title='bbox 1076 4827 1109 4865; x_wconf 88' lang='lat' dir='ltr'><strong>a</strong></span> <span class='ocrx_word' id='word_1_662' title='bbox 1168 4826 1346 4865; x_wconf 87' lang='lat' dir='ltr'><strong>causa</strong></span> <span class='ocrx_word' id='word_1_663' title='bbox 1403 4808 1538 4864; x_wconf 88' lang='lat' dir='ltr'><strong>belli</strong></span> <span class='ocrx_word' id='word_1_664' title='bbox 1579 4813 1900 4876; x_wconf 84' lang='lat' dir='ltr'><strong>trahentes,</strong></span> <span class='ocrx_word' id='word_1_665' title='bbox 1932 4808 2253 4865; x_wconf 88' lang='lat' dir='ltr'><strong>fortissime</strong></span> <span class='ocrx_word' id='word_1_666' title='bbox 2363 4805 2434 4860; x_wconf 88' lang='lat' dir='ltr'><strong>ab</strong></span> <span class='ocrx_word' id='word_1_667' title='bbox 2463 4803 2688 4860; x_wconf 92' lang='lat' dir='ltr'><strong>horreis</strong></span> <span class='ocrx_word' id='word_1_668' title='bbox 2719 4801 2978 4874; x_wconf 88' lang='lat' dir='ltr'><strong>publicis</strong></span> <span class='ocrx_word' id='word_1_669' title='bbox 3018 4806 3077 4856; x_wconf 88' lang='lat' dir='ltr'><strong>et</strong></span> <span class='ocrx_word' id='word_1_670' title='bbox 3133 4801 3401 4857; x_wconf 88' lang='lat' dir='ltr'><strong>turribus</strong></span> <span class='ocrx_word' id='word_1_671' title='bbox 3458 4800 3706 4872; x_wconf 84' lang='lat' dir='ltr'><strong>expletis</strong></span> <span class='ocrx_word' id='word_1_672' title='bbox 3755 4797 4025 4856; x_wconf 86' lang='lat' dir='ltr'><strong>multum</strong></span> 
     </span>
    </p>
   </div>
   <div class='ocr_carea' id='block_1_91' title="bbox 605 4889 4029 4971">
    <p class='ocr_par' dir='ltr' id='par_1_91' title="bbox 605 4889 4029 4971">
     <span class='ocr_line' id='line_1_92' title="bbox 605 4889 4029 4971; baseline -0.003 -17"><span class='ocrx_word' id='word_1_673' title='bbox 605 4900 889 4955; x_wconf 89' lang='lat' dir='ltr'><strong>adversus</strong></span> <span class='ocrx_word' id='word_1_674' title='bbox 923 4899 1294 4971; x_wconf 88' lang='lat' dir='ltr'><strong>quantamvis</strong></span> <span class='ocrx_word' id='word_1_675' title='bbox 1315 4899 1556 4956; x_wconf 75' lang='lat' dir='ltr'><strong>fortunae</strong></span> <span class='ocrx_word' id='word_1_676' title='bbox 1587 4898 1956 4970; x_wconf 83' lang='lat' dir='ltr'><strong>iniquitatem</strong></span> <span class='ocrx_word' id='word_1_677' title='bbox 1988 4898 2252 4954; x_wconf 91' lang='lat' dir='ltr'><strong>niteban-</strong></span> <span class='ocrx_word' id='word_1_678' title='bbox 2360 4894 2552 4950; x_wconf 89' lang='lat' dir='ltr'><strong>adhuc</strong></span> <span class='ocrx_word' id='word_1_679' title='bbox 2585 4892 3241 4964; x_wconf 88' lang='lat' dir='ltr'><strong>supererat,deponeret</strong></span> <span class='ocrx_word' id='word_1_680' title='bbox 3270 4891 3425 4961; x_wconf 89' lang='lat' dir='ltr'><strong>apud</strong></span> <span class='ocrx_word' id='word_1_681' title='bbox 3462 4889 3618 4945; x_wconf 88' lang='lat' dir='ltr'><strong>cives</strong></span> <span class='ocrx_word' id='word_1_682' title='bbox 3649 4890 3879 4960; x_wconf 89' lang='lat' dir='ltr'><strong>signato</strong></span> <span class='ocrx_word' id='word_1_683' title='bbox 3903 4904 4029 4944; x_wconf 61' lang='lat' dir='ltr'><strong>nu-</strong></span> 
     </span>
    </p>
   </div>
   <div class='ocr_carea' id='block_1_92' title="bbox 595 4987 2249 5045">
    <p class='ocr_par' dir='ltr' id='par_1_92' title="bbox 595 4987 2249 5045">
     <span class='ocr_line' id='line_1_93' title="bbox 595 4987 2249 5045; baseline 0 -2"><span class='ocrx_word' id='word_1_684' title='bbox 595 4992 715 5043; x_wconf 90' lang='lat' dir='ltr'><strong>tur.</strong></span> <span class='ocrx_word' id='word_1_685' title='bbox 751 4991 869 5043; x_wconf 86' lang='lat' dir='ltr'><strong>Rex</strong></span> <span class='ocrx_word' id='word_1_686' title='bbox 899 4988 1137 5044; x_wconf 87' lang='lat' dir='ltr'><strong>interim</strong></span> <span class='ocrx_word' id='word_1_687' title='bbox 1172 4988 1376 5045; x_wconf 85' lang='lat' dir='ltr'><strong>morbo</strong></span> <span class='ocrx_word' id='word_1_688' title='bbox 1408 4988 1802 5044; x_wconf 89' lang='lat' dir='ltr'><strong>invalescente</strong></span> <span class='ocrx_word' id='word_1_689' title='bbox 1851 4987 1910 5041; x_wconf 93' lang='lat' dir='ltr'><strong>in</strong></span> <span class='ocrx_word' id='word_1_690' title='bbox 1967 5003 2102 5043; x_wconf 90' lang='lat' dir='ltr'><strong>eum</strong></span> <span class='ocrx_word' id='word_1_691' title='bbox 2154 5004 2249 5043; x_wconf 83' lang='lat' dir='ltr'><strong>re-</strong></span> 
     </span>
    </p>
   </div>
   <div class='ocr_carea' id='block_1_93' title="bbox 593 5076 2247 5149">
    <p class='ocr_par' dir='ltr' id='par_1_93' title="bbox 593 5076 2247 5149">
     <span class='ocr_line' id='line_1_94' title="bbox 593 5076 2247 5149; baseline 0 -17"><span class='ocrx_word' id='word_1_692' title='bbox 593 5078 803 5134; x_wconf 87' lang='lat' dir='ltr'><strong>dactus</strong></span> <span class='ocrx_word' id='word_1_693' title='bbox 834 5081 1052 5134; x_wconf 88' lang='lat' dir='ltr'><strong>statum</strong></span> <span class='ocrx_word' id='word_1_694' title='bbox 1090 5082 1155 5133; x_wconf 91' lang='lat' dir='ltr'><strong>ut</strong></span> <span class='ocrx_word' id='word_1_695' title='bbox 1184 5080 1254 5134; x_wconf 88' lang='lat' dir='ltr'><strong>de</strong></span> <span class='ocrx_word' id='word_1_696' title='bbox 1294 5078 1412 5133; x_wconf 91' lang='lat' dir='ltr'><strong>vita</strong></span> <span class='ocrx_word' id='word_1_697' title='bbox 1461 5079 1590 5149; x_wconf 87' lang='lat' dir='ltr'><strong>ejus</strong></span> <span class='ocrx_word' id='word_1_698' title='bbox 1626 5078 2056 5148; x_wconf 90' lang='lat' dir='ltr'><strong>desperaretur,</strong></span> <span class='ocrx_word' id='word_1_699' title='bbox 2107 5076 2247 5132; x_wconf 88' lang='lat' dir='ltr'><strong>allo-</strong></span> 
     </span>
    </p>
   </div>
   <div class='ocr_carea' id='block_1_94' title="bbox 587 5153 2244 5239">
    <p class='ocr_par' dir='ltr' id='par_1_94' title="bbox 587 5153 2244 5239">
     <span class='ocr_line' id='line_1_95' title="bbox 587 5153 2244 5239; baseline 0.001 -19"><span class='ocrx_word' id='word_1_700' title='bbox 587 5169 763 5221; x_wconf 88' lang='lat' dir='ltr'><strong>cutus</strong></span> <span class='ocrx_word' id='word_1_701' title='bbox 797 5170 992 5222; x_wconf 90' lang='lat' dir='ltr'><strong>tamen</strong></span> <span class='ocrx_word' id='word_1_702' title='bbox 1024 5153 1251 5239; x_wconf 82' lang='lat' dir='ltr'><strong>legatos</strong></span> <span class='ocrx_word' id='word_1_703' title='bbox 1284 5171 1392 5238; x_wconf 89' lang='lat' dir='ltr'><strong>est,</strong></span> <span class='ocrx_word' id='word_1_704' title='bbox 1423 5182 1698 5239; x_wconf 84' lang='lat' dir='ltr'><strong>magnam</strong></span> <span class='ocrx_word' id='word_1_705' title='bbox 1745 5164 2062 5221; x_wconf 81' lang='lat' dir='ltr'><strong>ostendens</strong></span> <span class='ocrx_word' id='word_1_706' title='bbox 2112 5182 2244 5236; x_wconf 87' lang='lat' dir='ltr'><strong>pro—</strong></span> 
     </span>
    </p>
   </div>
   <div class='ocr_carea' id='block_1_95' title="bbox 586 5255 2245 5328">
    <p class='ocr_par' dir='ltr' id='par_1_95' title="bbox 586 5255 2245 5328">
     <span class='ocr_line' id='line_1_96' title="bbox 586 5255 2245 5328; baseline 0.001 -19"><span class='ocrx_word' id='word_1_707' title='bbox 586 5255 932 5326; x_wconf 89' lang='lat' dir='ltr'><strong>pensionem</strong></span> <span class='ocrx_word' id='word_1_708' title='bbox 962 5257 1032 5312; x_wconf 91' lang='lat' dir='ltr'><strong>ad</strong></span> <span class='ocrx_word' id='word_1_709' title='bbox 1055 5273 1255 5328; x_wconf 89' lang='lat' dir='ltr'><strong>pacem</strong></span> <span class='ocrx_word' id='word_1_710' title='bbox 1281 5256 1864 5328; x_wconf 85' lang='lat' dir='ltr'><strong>interimperatorem</strong></span> <span class='ocrx_word' id='word_1_711' title='bbox 1886 5255 2245 5324; x_wconf 85' lang='lat' dir='ltr'><strong>fratremque</strong></span> 
     </span>
    </p>
   </div>
   <div class='ocr_carea' id='block_1_96' title="bbox 586 5343 2241 5418">
    <p class='ocr_par' dir='ltr' id='par_1_96' title="bbox 586 5343 2241 5418">
     <span class='ocr_line' id='line_1_97' title="bbox 586 5343 2241 5418; baseline 0.001 -19"><span class='ocrx_word' id='word_1_712' title='bbox 586 5347 1038 5416; x_wconf 88' lang='lat' dir='ltr'><strong>procurandam.</strong></span> <span class='ocrx_word' id='word_1_713' title='bbox 1072 5348 1333 5418; x_wconf 88' lang='lat' dir='ltr'><strong>Eamque</strong></span> <span class='ocrx_word' id='word_1_714' title='bbox 1364 5346 1836 5403; x_wconf 89' lang='lat' dir='ltr'><strong>conciliationem</strong></span> <span class='ocrx_word' id='word_1_715' title='bbox 1879 5361 1983 5415; x_wconf 93' lang='lat' dir='ltr'><strong>pro</strong></span> <span class='ocrx_word' id='word_1_716' title='bbox 2016 5343 2241 5400; x_wconf 90' lang='lat' dir='ltr'><strong>viribus</strong></span> 
     </span>
    </p>
   </div>
   <div class='ocr_carea' id='block_1_97' title="bbox 585 5431 2238 5507">
    <p class='ocr_par' dir='ltr' id='par_1_97' title="bbox 585 5431 2238 5507">
     <span class='ocr_line' id='line_1_98' title="bbox 585 5431 2238 5507; baseline -0.001 -20"><span class='ocrx_word' id='word_1_717' title='bbox 585 5449 647 5488; x_wconf 89' lang='lat' dir='ltr'><strong>se</strong></span> <span class='ocrx_word' id='word_1_718' title='bbox 699 5440 1127 5505; x_wconf 88' lang='lat' dir='ltr'><strong>promoturum,</strong></span> <span class='ocrx_word' id='word_1_719' title='bbox 1206 5437 1255 5491; x_wconf 92' lang='lat' dir='ltr'><strong>si</strong></span> <span class='ocrx_word' id='word_1_720' title='bbox 1325 5437 1444 5491; x_wconf 86' lang='lat' dir='ltr'><strong>vita</strong></span> <span class='ocrx_word' id='word_1_721' title='bbox 1509 5437 1866 5507; x_wconf 84' lang='lat' dir='ltr'><strong>suppeteret,</strong></span> <span class='ocrx_word' id='word_1_722' title='bbox 1946 5431 2238 5504; x_wconf 79' lang='lat' dir='ltr'><strong>promisit,</strong></span> 
     </span>
    </p>
   </div>
   <div class='ocr_carea' id='block_1_98' title="bbox 580 5522 2239 5597">
    <p class='ocr_par' dir='ltr' id='par_1_98' title="bbox 580 5522 2239 5597">
     <span class='ocr_line' id='line_1_99' title="bbox 580 5522 2239 5597; baseline -0.001 -19"><span class='ocrx_word' id='word_1_723' title='bbox 580 5527 918 5595; x_wconf 84' lang='lat' dir='ltr'><strong>exspectare</strong></span> <span class='ocrx_word' id='word_1_724' title='bbox 950 5525 1176 5581; x_wconf 88' lang='lat' dir='ltr'><strong>interea</strong></span> <span class='ocrx_word' id='word_1_725' title='bbox 1201 5525 1362 5597; x_wconf 91' lang='lat' dir='ltr'><strong>ipsos</strong></span> <span class='ocrx_word' id='word_1_726' title='bbox 1408 5530 1476 5583; x_wconf 85' lang='lat' dir='ltr'><strong>et.</strong></span> <span class='ocrx_word' id='word_1_727' title='bbox 1516 5525 1819 5596; x_wconf 88' lang='lat' dir='ltr'><strong>quiescere</strong></span> <span class='ocrx_word' id='word_1_728' title='bbox 1861 5522 2101 5594; x_wconf 83' lang='lat' dir='ltr'><strong>jubens.</strong></span> <span class='ocrx_word' id='word_1_729' title='bbox 2153 5522 2239 5576; x_wconf 90' lang='lat' dir='ltr'><strong>Ab</strong></span> 
     </span>
    </p>
   </div>
   <div class='ocr_carea' id='block_1_99' title="bbox 2361 4977 4028 5054">
    <p class='ocr_par' dir='ltr' id='par_1_99' title="bbox 2361 4977 4028 5054">
     <span class='ocr_line' id='line_1_100' title="bbox 2361 4977 4028 5054; baseline -0.005 -14"><span class='ocrx_word' id='word_1_730' title='bbox 2361 5000 2542 5052; x_wconf 90' lang='lat' dir='ltr'><strong>mero,</strong></span> <span class='ocrx_word' id='word_1_731' title='bbox 2601 4981 3142 5054; x_wconf 68' lang='lat' dir='ltr'><strong>repraasentandum</strong></span> <span class='ocrx_word' id='word_1_732' title='bbox 3204 4979 3277 5034; x_wconf 91' lang='lat' dir='ltr'><strong>ab</strong></span> <span class='ocrx_word' id='word_1_733' title='bbox 3336 4978 3483 5051; x_wconf 89' lang='lat' dir='ltr'><strong>ipsis</strong></span> <span class='ocrx_word' id='word_1_734' title='bbox 3533 4977 3660 5050; x_wconf 90' lang='lat' dir='ltr'><strong>pari</strong></span> <span class='ocrx_word' id='word_1_735' title='bbox 3716 4993 4028 5047; x_wconf 89' lang='lat' dir='ltr'><strong>mensura,</strong></span> 
     </span>
    </p>
   </div>
   <div class='ocr_carea' id='block_1_100' title="bbox 2358 5065 4022 5145">
    <p class='ocr_par' dir='ltr' id='par_1_100' title="bbox 2358 5065 4022 5145">
     <span class='ocr_line' id='line_1_101' title="bbox 2358 5065 4022 5145; baseline -0.003 -17"><span class='ocrx_word' id='word_1_736' title='bbox 2358 5074 2590 5145; x_wconf 86' lang='lat' dir='ltr'><strong>quando</strong></span> <span class='ocrx_word' id='word_1_737' title='bbox 2651 5074 3073 5144; x_wconf 85' lang='lat' dir='ltr'><strong>repeterentur.</strong></span> <span class='ocrx_word' id='word_1_738' title='bbox 3111 5068 3351 5124; x_wconf 85' lang='lat' dir='ltr'><strong>Induxit</strong></span> <span class='ocrx_word' id='word_1_739' title='bbox 3396 5072 3454 5123; x_wconf 93' lang='lat' dir='ltr'><strong>et</strong></span> <span class='ocrx_word' id='word_1_740' title='bbox 3490 5065 4022 5123; x_wconf 87' lang='lat' dir='ltr'><strong>numerosissimos</strong></span> 
     </span>
    </p>
   </div>
   <div class='ocr_carea' id='block_1_101' title="bbox 2357 5155 4022 5234">
    <p class='ocr_par' dir='ltr' id='par_1_101' title="bbox 2357 5155 4022 5234">
     <span class='ocr_line' id='line_1_102' title="bbox 2357 5155 4022 5234; baseline -0.005 -14"><span class='ocrx_word' id='word_1_741' title='bbox 2357 5180 2534 5221; x_wconf 90' lang='lat' dir='ltr'><strong>suum</strong></span> <span class='ocrx_word' id='word_1_742' title='bbox 2565 5178 2790 5234; x_wconf 83' lang='lat' dir='ltr'><strong>greges,</strong></span> <span class='ocrx_word' id='word_1_743' title='bbox 2821 5177 2970 5232; x_wconf 91' lang='lat' dir='ltr'><strong>quos</strong></span> <span class='ocrx_word' id='word_1_744' title='bbox 3001 5158 3140 5216; x_wconf 90' lang='lat' dir='ltr'><strong>item</strong></span> <span class='ocrx_word' id='word_1_745' title='bbox 3174 5158 3402 5214; x_wconf 88' lang='lat' dir='ltr'><strong>civibus</strong></span> <span class='ocrx_word' id='word_1_746' title='bbox 3435 5155 3762 5221; x_wconf 89' lang='lat' dir='ltr'><strong>distribuit,</strong></span> <span class='ocrx_word' id='word_1_747' title='bbox 3811 5156 4022 5212; x_wconf 82' lang='lat' dir='ltr'><strong>decem</strong></span> 
     </span>
    </p>
   </div>
   <div class='ocr_carea' id='block_1_102' title="bbox 2355 5244 4022 5324">
    <p class='ocr_par' dir='ltr' id='par_1_102' title="bbox 2355 5244 4022 5324">
     <span class='ocr_line' id='line_1_103' title="bbox 2355 5244 4022 5324; baseline -0.005 -15"><span class='ocrx_word' id='word_1_748' title='bbox 2355 5254 2568 5324; x_wconf 86' lang='lat' dir='ltr'><strong>cuique</strong></span> <span class='ocrx_word' id='word_1_749' title='bbox 2601 5251 2735 5323; x_wconf 87' lang='lat' dir='ltr'><strong>plus</strong></span> <span class='ocrx_word' id='word_1_750' title='bbox 2781 5249 3050 5306; x_wconf 89' lang='lat' dir='ltr'><strong>minusve</strong></span> <span class='ocrx_word' id='word_1_751' title='bbox 3099 5248 3291 5320; x_wconf 89' lang='lat' dir='ltr'><strong>porcis</strong></span> <span class='ocrx_word' id='word_1_752' title='bbox 3341 5245 3684 5319; x_wconf 87' lang='lat' dir='ltr'><strong>assignatis.</strong></span> <span class='ocrx_word' id='word_1_753' title='bbox 3737 5244 3853 5300; x_wconf 85' lang='lat' dir='ltr'><strong>Hos</strong></span> <span class='ocrx_word' id='word_1_754' title='bbox 3911 5247 4022 5316; x_wconf 89' lang='lat' dir='ltr'><strong>qui</strong></span> 
     </span>
    </p>
   </div>
   <div class='ocr_carea' id='block_1_103' title="bbox 2353 5334 4021 5413">
    <p class='ocr_par' dir='ltr' id='par_1_103' title="bbox 2353 5334 4021 5413">
     <span class='ocr_line' id='line_1_104' title="bbox 2353 5334 4021 5413; baseline -0.005 -14"><span class='ocrx_word' id='word_1_755' title='bbox 2353 5342 2740 5413; x_wconf 87' lang='lat' dir='ltr'><strong>accipiebant,</strong></span> <span class='ocrx_word' id='word_1_756' title='bbox 2757 5339 3019 5396; x_wconf 91' lang='lat' dir='ltr'><strong>occidere</strong></span> <span class='ocrx_word' id='word_1_757' title='bbox 3049 5337 3355 5394; x_wconf 88' lang='lat' dir='ltr'><strong>confestim</strong></span> <span class='ocrx_word' id='word_1_758' title='bbox 3390 5335 3777 5407; x_wconf 89' lang='lat' dir='ltr'><strong>jubebantur,</strong></span> <span class='ocrx_word' id='word_1_759' title='bbox 3822 5339 3881 5389; x_wconf 87' lang='lat' dir='ltr'><strong>et</strong></span> <span class='ocrx_word' id='word_1_760' title='bbox 3918 5334 4021 5390; x_wconf 87' lang='lat' dir='ltr'><strong>in-</strong></span> 
     </span>
    </p>
   </div>
   <div class='ocr_carea' id='block_1_104' title="bbox 2353 5423 4025 5502">
    <p class='ocr_par' dir='ltr' id='par_1_104' title="bbox 2353 5423 4025 5502">
     <span class='ocr_line' id='line_1_105' title="bbox 2353 5423 4025 5502; baseline -0.006 -12"><span class='ocrx_word' id='word_1_761' title='bbox 2353 5433 2568 5490; x_wconf 89' lang='lat' dir='ltr'><strong>testina</strong></span> <span class='ocrx_word' id='word_1_762' title='bbox 2599 5431 2838 5502; x_wconf 89' lang='lat' dir='ltr'><strong>quidem</strong></span> <span class='ocrx_word' id='word_1_763' title='bbox 2869 5427 2988 5487; x_wconf 79' lang='lat' dir='ltr'><strong>sibi</strong></span> <span class='ocrx_word' id='word_1_764' title='bbox 3014 5428 3248 5498; x_wconf 88' lang='lat' dir='ltr'><strong>habere,</strong></span> <span class='ocrx_word' id='word_1_765' title='bbox 3283 5425 3553 5482; x_wconf 87' lang='lat' dir='ltr'><strong>membra</strong></span> <span class='ocrx_word' id='word_1_766' title='bbox 3604 5424 3795 5480; x_wconf 89' lang='lat' dir='ltr'><strong>solida</strong></span> <span class='ocrx_word' id='word_1_767' title='bbox 3839 5423 4025 5480; x_wconf 86' lang='lat' dir='ltr'><strong>salita</strong></span> 
     </span>
    </p>
   </div>
   <div class='ocr_carea' id='block_1_105' title="bbox 2351 5514 4019 5595">
    <p class='ocr_par' dir='ltr' id='par_1_105' title="bbox 2351 5514 4019 5595">
     <span class='ocr_line' id='line_1_106' title="bbox 2351 5514 4019 5595; baseline -0.006 -17"><span class='ocrx_word' id='word_1_768' title='bbox 2351 5521 2589 5595; x_wconf 90' lang='lat' dir='ltr'><strong>publico</strong></span> <span class='ocrx_word' id='word_1_769' title='bbox 2649 5536 2901 5576; x_wconf 89' lang='lat' dir='ltr'><strong>servare.</strong></span> <span class='ocrx_word' id='word_1_770' title='bbox 2955 5522 3313 5575; x_wconf 89' lang='lat' dir='ltr'><strong>Immensam</strong></span> <span class='ocrx_word' id='word_1_771' title='bbox 3367 5516 3438 5570; x_wconf 88' lang='lat' dir='ltr'><strong>ad</strong></span> <span class='ocrx_word' id='word_1_772' title='bbox 3491 5514 3613 5570; x_wconf 67' lang='lat' dir='ltr'><strong>hinc</strong></span> <span class='ocrx_word' id='word_1_773' title='bbox 3656 5515 4019 5585; x_wconf 88' lang='lat' dir='ltr'><strong>comportari</strong></span> 
     </span>
    </p>
   </div>
   <div class='ocr_carea' id='block_1_106' title="bbox 581 5602 4018 5687">
    <p class='ocr_par' dir='ltr' id='par_1_106' title="bbox 581 5602 4018 5687">
     <span class='ocr_line' id='line_1_107' title="bbox 581 5602 4018 5687; baseline -0.002 -20"><span class='ocrx_word' id='word_1_774' title='bbox 581 5612 673 5668; x_wconf 89' lang='lat' dir='ltr'><strong>his</strong></span> <span class='ocrx_word' id='word_1_775' title='bbox 706 5613 878 5671; x_wconf 89' lang='lat' dir='ltr'><strong>dictis</strong></span> <span class='ocrx_word' id='word_1_776' title='bbox 911 5620 1144 5687; x_wconf 89' lang='lat' dir='ltr'><strong>postera</strong></span> <span class='ocrx_word' id='word_1_777' title='bbox 1201 5615 1252 5671; x_wconf 89' lang='lat' dir='ltr'><strong>ei</strong></span> <span class='ocrx_word' id='word_1_778' title='bbox 1303 5616 1429 5672; x_wconf 92' lang='lat' dir='ltr'><strong>dies</strong></span> <span class='ocrx_word' id='word_1_779' title='bbox 1478 5630 1759 5686; x_wconf 90' lang='lat' dir='ltr'><strong>suprema</strong></span> <span class='ocrx_word' id='word_1_780' title='bbox 1809 5611 2020 5667; x_wconf 83' lang='lat' dir='ltr'><strong>illuxit.</strong></span> <span class='ocrx_word' id='word_1_781' title='bbox 2085 5612 2238 5684; x_wconf 83' lang='lat' dir='ltr'><strong>Rege</strong></span> <span class='ocrx_word' id='word_1_782' title='bbox 2347 5611 2572 5670; x_wconf 88' lang='lat' dir='ltr'><strong>curavit</strong></span> <span class='ocrx_word' id='word_1_783' title='bbox 2601 5626 2905 5665; x_wconf 88' lang='lat' dir='ltr'><strong>armorum</strong></span> <span class='ocrx_word' id='word_1_784' title='bbox 2939 5608 3132 5665; x_wconf 88' lang='lat' dir='ltr'><strong>omnis</strong></span> <span class='ocrx_word' id='word_1_785' title='bbox 3155 5607 3352 5662; x_wconf 69' lang='lat' dir='ltr'><strong>formae</strong></span> <span class='ocrx_word' id='word_1_786' title='bbox 3384 5605 3640 5678; x_wconf 90' lang='lat' dir='ltr'><strong>copiam,</strong></span> <span class='ocrx_word' id='word_1_787' title='bbox 3669 5602 4018 5675; x_wconf 88' lang='lat' dir='ltr'><strong>jaculorum</strong></span> 
     </span>
    </p>
   </div>
   <div class='ocr_carea' id='block_1_107' title="bbox 577 5693 4016 5776">
    <p class='ocr_par' dir='ltr' id='par_1_107' title="bbox 577 5693 4016 5776">
     <span class='ocr_line' id='line_1_108' title="bbox 577 5693 4016 5776; baseline -0.002 -19"><span class='ocrx_word' id='word_1_788' title='bbox 577 5707 832 5774; x_wconf 89' lang='lat' dir='ltr'><strong>mortuo,</strong></span> <span class='ocrx_word' id='word_1_789' title='bbox 875 5705 976 5776; x_wconf 91' lang='lat' dir='ltr'><strong>qui</strong></span> <span class='ocrx_word' id='word_1_790' title='bbox 1029 5705 1079 5762; x_wconf 91' lang='lat' dir='ltr'><strong>ci</strong></span> <span class='ocrx_word' id='word_1_791' title='bbox 1131 5706 1426 5773; x_wconf 89' lang='lat' dir='ltr'><strong>astabant,</strong></span> <span class='ocrx_word' id='word_1_792' title='bbox 1486 5703 1749 5761; x_wconf 75' lang='lat' dir='ltr'><strong>defuncti</strong></span> <span class='ocrx_word' id='word_1_793' title='bbox 1806 5702 2076 5770; x_wconf 89' lang='lat' dir='ltr'><strong>cadaver,</strong></span> <span class='ocrx_word' id='word_1_794' title='bbox 2129 5717 2234 5773; x_wconf 89' lang='lat' dir='ltr'><strong>pro</strong></span> <span class='ocrx_word' id='word_1_795' title='bbox 2345 5699 3067 5776; x_wconf 71' lang='lat' dir='ltr'><strong>praesertim,sagittarum</strong></span> <span class='ocrx_word' id='word_1_796' title='bbox 3095 5713 3163 5755; x_wconf 85' lang='lat' dir='ltr'><strong>ac</strong></span> <span class='ocrx_word' id='word_1_797' title='bbox 3189 5693 3440 5753; x_wconf 89' lang='lat' dir='ltr'><strong>telorum</strong></span> <span class='ocrx_word' id='word_1_798' title='bbox 3464 5694 3727 5766; x_wconf 89' lang='lat' dir='ltr'><strong>cujusvis</strong></span> <span class='ocrx_word' id='word_1_799' title='bbox 3749 5694 4016 5766; x_wconf 84' lang='lat' dir='ltr'><strong>generis.</strong></span> 
     </span>
    </p>
   </div>
  </div>
