4242 6438
175 401 280 458 817

1250 403 1346 454 DE
1385 401 1756 455 MICHABLR
1793 399 2234 457 PALEOLOGO
2271 402 2407 457 LIB.
2445 404 2515 455 V.

3482 395 3589 449 818

172 526 428 596 χανικοῖς
456 523 518 577 τὸ
565 520 747 576 ἰκανὸν
803 521 1087 595 παρέχων,
1141 519 1427 593 ἡτοίμαζε.
1471 520 1574 577 Καὶ
1604 520 1665 574 τὸ
1694 540 1823 574 ναυ-
1852 521 1907 588 Α
1938 517 2211 595 ἀνδράσιν,
2273 520 2674 600 ἀσφαλέστερον
2736 519 2793 576 δὶ
2849 517 3154 596 πράγμασι,
3201 518 3263 573 τὸ
3310 517 3446 590 πρὸς
3495 515 3588 570 τὸν

172 612 322 666 τικὸν
356 611 619 684 ἐξῄρτμεν
653 607 813 667 ἅπαν.
848 607 1189 681 Οίκοδόμους
1218 610 1267 664 τ’
1315 608 1609 678 ἐπιστήσας
1638 608 1830 664 πλείο·

172 721 267 763 νας
319 701 410 754 καὶ
461 699 746 760 ἐπιστάτας
805 695 1066 770 ἐδιδύμου
1122 699 1184 751 τὸ
1240 703 1427 772 τεῖχος
1472 704 1572 765 τῆς
1612 696 1827 760 πόλεως

172 791 234 843 τὸ
266 790 403 862 πρὸς
455 787 722 851 θάλασσαν
752 807 765 820 ·
817 786 878 840 τὸ
926 787 1030 861 γὰρ
1081 787 1218 860 πρὸς
1255 788 1355 854 τήν
1388 794 1487 854 τῆν
1523 784 1827 841 δεδίπλωτο

174 881 418 940 πάντως.
453 879 554 934 Καὶ
601 877 732 933 λαὸν
782 876 1038 932 πλεῖστον
1087 877 1176 932 καὶ
1230 877 1501 952 μάχιμον,
1535 874 1658 931 ὅσον
1693 879 1830 933 ἀπο-

174 972 403 1043 χρῶντα
431 965 659 1041 τοιαύτῃ
705 970 1018 1042 παρασκευῇ
1070 966 1321 1040 πολέμου
1366 965 1528 1036 ᾤετο,
1580 966 1631 1036 ἐξ
1659 967 1831 1036 αὐτῆς

176 1054 472 1126 διὲταττεν,
503 1057 577 1120 ὡς
622 1055 699 1118 εἰς
745 1059 932 1131 καιρὸν
973 1055 1472 1131 εἲσαχθησομένους
1508 1057 1600 1129 ἅμ’
1631 1052 1828 1117 ὅπλοις

173 1145 263 1201 καὶ
315 1144 690 1218 δαπανήμασι.
745 1145 984 1219 Ηέμπων
1032 1167 1090 1200 τε
1131 1146 1257 1207 τοὺς
1308 1147 1400 1218 μὲν
1449 1149 1554 1199 τῶν
1595 1146 1715 1200 κατ’
1743 1145 1827 1199 αἷ-

172 1235 408 1310 γιαλοὺς
454 1235 783 1310 κατωχύρου
840 1234 928 1289 καὶ
988 1238 1207 1306 νήσους,
1253 1235 1378 1297 τοὺς
1429 1232 1475 1288 δ’
1523 1232 1825 1290 ἀνέστελλε.

174 1325 277 1382 Καὶ
307 1326 370 1380 τὸ
401 1323 453 1380 ἐν
505 1324 844 1399 Βλαχὲρναις
887 1325 1111 1401 νεώριον
1163 1326 1265 1380 οὐκ
1313 1321 1723 1400 ἀποδεχόμενος
1753 1325 1827 1385 ὡς

170 1414 310 1470 κατὰ
358 1413 650 1489 πρόσωπον
705 1414 950 1488 παρέχον
1005 1419 1124 1476 ταῖς
1156 1414 1310 1468 ναυσὶ
1377 1414 1512 1486 πρὸς
1570 1415 1666 1475 τὰς
1718 1417 1826 1466 τῶν

169 1505 387 1579 ἐχθρῶν
414 1505 514 1572 τήν
554 1504 766 1576 μάχην,
816 1504 879 1558 τὸ
929 1501 987 1558 δὲ
1035 1504 1171 1558 κατὰ
1219 1502 1511 1577 πρόσωπον
1565 1500 1827 1577 δυσχερὲς

172 1594 307 1648 εἶναι
396 1593 470 1654 ὡς
551 1591 972 1654 ἀντιστατούσας
1055 1592 1299 1668 ἰσχυρῶς
1377 1593 1668 1666 μάχεσθαι,
1733 1591 1826 1646 τὸν

169 1684 374 1754 ὅμοιον
405 1681 612 1756 τρόπον
661 1682 750 1736 καὶ
798 1685 876 1751 τῷ
932 1681 1152 1753 παλαιῷ
1206 1680 1419 1756 νεωρίῳ
1475 1683 1824 1756 προσήχοετο

1937 609 2155 684 Βλάγκα
2187 611 2576 667 Κοντοσκὲλιον
2629 608 3010 683 ἀνοικοδομεῖν
3039 607 3255 678 ἤθελεν,
3308 604 3446 660 ὥστε
3493 625 3587 679 γυ-

1937 703 2105 770 ρῶσαι
2185 702 2278 773 μὲν
2356 701 2635 776 μεγίσταις
2711 699 2933 774 πέτραις
2997 699 3087 752 τὸν
3145 694 3334 766 κύκλῳ
3391 693 3581 765 τόπον,

1934 783 2230 858 ἐμϐαθῦναι
2266 787 2447 859 δὲτὴν
2496 790 2642 852 ἐντὸς
2674 789 2968 860 θάλασσαν,
3004 785 3234 862 ἄργυρον
3285 786 3443 859 ὑγρὸν
3475 803 3581 857 χυ-

1932 877 2020 930 τὸν
2083 874 2432 951 ἐμϐαλόντα,
2488 877 2924 951 ἐποικοδομῆσαί
2982 898 3039 932 τε
3102 877 3193 930 καὶ
3246 873 3404 948 στέγη
3465 875 3582 932 ταῖς

1934 967 2115 1021 ναυσὶν
2183 969 2536 1044 ἀποχρῶντα,
2618 967 2798 1030 πύλας
2880 965 2927 1022 δ’
3004 967 3264 1020 ἐπιθεῖναι
3321 960 3581 1037 ἀραρυίας

1935 1058 2019 1128 [Ρ.
2051 1059 2177 1130 249]
2211 1057 2269 1112 ἐκ
2301 1056 2528 1134 σιδήρου
2577 1061 2645 1131 τῇ
2678 1057 2730 1111 ἐν
2764 1061 2886 1118 ταῖς
2931 1053 3152 1130 πέτραις
3199 1052 3418 1125 εἰσίθμη
3453 1047 3582 1120 ἔξω·

1934 1155 2042 1214 θεν,
2103 1146 2232 1201 ὥσθ’
2289 1148 2401 1220 ἅμα
2458 1147 2550 1219 μὲν
2612 1145 2871 1222 ἀσφαλῶς
2922 1141 3067 1220 ἔχειν
3094 1144 3185 1199 τὸν
3218 1141 3437 1212 στόλον,
3469 1141 3584 1212 ἅμα

1934 1232 2108 1289 δὲκαὶ
2151 1240 2270 1299 ταῖς
2312 1241 2420 1290 τῶν
2471 1236 2684 1311 ἐχθρῶν
2738 1233 3098 1310 ἆναγομέναις
3147 1233 3250 1305 (μὴ
3298 1229 3399 1305 γάρ
3449 1229 3582 1284 εἶναι

1933 1322 2022 1378 διά
2050 1325 2112 1378 τὸ
2146 1323 2348 1400 ῥοῶδες
2373 1332 2475 1394 τῆς
2505 1324 2782 1394 θαλάσσης
2821 1323 3094 1392 ἵστασθαι)
3141 1321 3369 1376 κατόπιν
3417 1317 3581 1391 ἐμπί-

1931 1435 2081 1469 πτειν
2138 1415 2234 1476 τᾶς
2293 1416 2583 1488 ἡμετέρας.
2638 1412 3000 1491 Ἠσφαλίζετο
3053 1409 3110 1466 δὲ
3155 1411 3244 1464 καὶ
3305 1408 3434 1470 τοὺς
3492 1406 3579 1462 ἐπὶ

1928 1511 2029 1571 τῆς
2077 1503 2301 1575 περαίας
2333 1502 2667 1572 Γεννουέτας,
2723 1505 2796 1564 ὡς
2831 1504 2906 1574 μὴ
2940 1504 3382 1563 συνεπιτιθῶνται
3427 1496 3578 1572 στέρ-

1928 1612 2112 1666 γοντες
2144 1592 2239 1652 τάς
2269 1589 2527 1659 σπονδὰς,
2578 1591 2642 1646 οὐ
2701 1591 2809 1662 μὴν
2857 1588 2915 1644 δὲ
2945 1586 3090 1643 ἀλλὰ
3118 1586 3210 1641 καὶ
3263 1583 3446 1645 ἄλλως
3479 1605 3577 1648 cpu-

1929 1679 2210 1734 λάττοιντο
2241 1683 2337 1749 τήν
2388 1681 2525 1756 πρὸς
2577 1679 2704 1741 τοὺς
2755 1676 3214 1749 ἐπελευσομένους
3263 1673 3572 1740 κοινωνίαν,

170 1769 342 1846 (λέγω
401 1767 458 1824 δὲ
506 1768 739 1824 παλαιὸν
800 1769 910 1844 οὐχ
966 1771 1010 1841 ᾧ
1065 1772 1197 1844 χθὲς
1255 1770 1345 1824 καὶ
1377 1771 1569 1845 πρώην
1605 1775 1821 1823 Λατῖνοι
1926 1768 2021 1822 κᾶν
2055 1768 2389 1843 ἀπόσχοιντο
2419 1773 2514 1823 τοῦ
2545 1770 2679 1838 πρὸς
2712 1767 2946 1829 ἐκείνους
2978 1765 3232 1836 πολέμου
3265 1761 3354 1817 διὰ
3389 1763 3451 1816 τὸ
3482 1761 3572 1836 γέ-

169 1857 444 1933 ἐχρῶντο,
494 1863 574 1930 τῷ
621 1859 758 1934 πρὸς
805 1861 874 1931 τῇ
929 1862 1066 1931 μονῇ
1110 1863 1206 1912 τοῦ
1252 1858 1530 1935 εὐεργέτου
1563 1862 1821 1931 Χριστοῦ.
1854 1871 1900 1936 Β
1928 1878 2045 1924 νος,
2081 1855 2265 1919 ἄλλως
2299 1855 2355 1912 δὲ
2384 1857 2472 1912 καὶ
2511 1858 2759 1932 παρέσπα
2804 1855 2893 1912 καὶ
2928 1852 3097 1915 ἰδίους
3127 1851 3299 1908 ἐποίει
3331 1851 3576 1923 (λυζίους

168 1947 319 2002 ἀλλὰ
372 1949 435 2002 τὸ
483 1949 620 2020 πρὸς
672 1951 740 2020 τῇ
798 1947 947 2022 πύλῃ
1005 1952 1101 2002 τοῦ
1157 1947 1385 2022 νεωρίου
1435 1947 1629 2002 ἐκεῖθεν
1681 1948 1817 2001 ὠνο-

172 2037 451 2111 μασμένη)
503 2037 577 2098 ὡς
636 2035 850 2100 πάντως
915 2041 1011 2091 τοῦ
1067 2036 1201 2092 κατὰ
1270 2035 1538 2100 θάλασσαν
1593 2039 1818 2112 κὲρατος

168 2124 396 2197 λιμένος
452 2121 606 2186 ὄντος
658 2125 748 2178 καὶ
772 2122 965 2179 ταυτὸν
1013 2129 1130 2186 τοῖς
1162 2123 1450 2197 Ῥωμαίων
1482 2125 1665 2180 ναυσὶν
1697 2127 1818 2179 ὅσον

165 2213 257 2268 καὶ
316 2218 438 2275 ταῖς
492 2217 600 2268 τῶν
661 2212 875 2288 ἐγθρῶν
910 2210 1175 2278 διδόντος.
1213 2212 1371 2270 Ἀλλ’
1405 2213 1563 2276 εἰδὼς
1592 2215 1653 2269 τὸ
1688 2215 1822 2269 κατὰ

162 2303 348 2358 νώτου
378 2302 671 2379 γινομένας
733 2303 1000 2377 μάχεσθαι
1051 2303 1175 2358 ὅσον
1221 2301 1663 2380 θαρῥαλεώτερον
1728 2304 1822 2378 μὶν

169 2521 452 2578 Ballistas
484 2525 764 2593 praterea
793 2525 852 2577 et
901 2521 1202 2578 machinas
1254 2522 1616 2594 ejaculandis
1667 2521 1823 2578 saxis

172 2611 303 2668 ﬁeri
333 2611 617 2683 plurimas
640 2611 844 2682 jussit,
870 2611 1050 2668 fabris
1080 2628 1283 2668 earum
1316 2612 1639 2667 artiﬁcibus
1663 2613 1827 2680 justa

172 2702 448 2757 mercede
478 2706 810 2756 numerata.
865 2700 1125 2757 Classem
1177 2702 1238 2756 in
1286 2701 1494 2772 primis
1539 2700 1828 2772 expedivit

171 2809 374 2859 suam,
407 2792 752 2864 cunctisque
775 2793 1122 2848 necessariis
1145 2793 1442 2849 instruxit.
1479 2792 1826 2848 Architectis

171 2882 318 2938 item
334 2885 390 2937 et
402 2882 798 2937 structoribus
813 2899 929 2937 uno
953 2886 1214 2952 tempore
1232 2881 1515 2938 adhibitis
1535 2881 1826 2953 pluribus,

171 2986 416 3026 murum
468 2969 631 3026 urbis
681 2987 799 3042 qua
831 2986 990 3026 mare
1021 2975 1246 3043 spectat
1276 2971 1596 3043 geminavit
1623 2969 1734 3026 alio
1765 2989 1827 3026 a-

169 3062 400 3114 structo
435 3074 448 3114 :
478 3075 615 3114 nam
635 3059 735 3130 qui
757 3059 1022 3131 partibus
1041 3061 1295 3118 civitatis
1311 3062 1382 3116 ad
1407 3064 1618 3117 terram
1646 3060 1829 3115 versis

167 3148 651 3220 praetendebatur
692 3149 1030 3221 duplicatus
1079 3149 1298 3222 ubique
1347 3151 1572 3206 dudum
1621 3151 1827 3206 fueral.

167 3238 325 3295 865
351 3236 792 3294 Multitudinem
811 3255 1045 3310 quoque
1058 3255 1236 3311 quam
1256 3239 1567 3295 maximam
1585 3241 1824 3296 fortium
1859 3274 1900 3311 ,ας

166 3331 230 3384 et
251 3328 704 3383 exercitatorum
727 3328 896 3384 bellis
918 3329 1247 3397 hominum,
1282 3329 1561 3402 quaniam
1594 3331 1827 3385 abunde

168 3416 556 3473 suffecturam
579 3417 820 3473 rebatur
839 3419 1067 3474 cunctis
1093 3419 1271 3474 simul
1295 3419 1437 3475 locis
1461 3423 1635 3475 vastae
1668 3419 1827 3475 urbis

170 3505 708 3577 defensundisdam
735 3523 890 3562 nunc
913 3513 1327 3580 oongregatam
1351 3509 1525 3565 certis
1547 3512 1707 3564 extra
1729 3525 1827 3563 ur-

171 3595 312 3651 bem
337 3594 690 3651 stationibus
722 3596 1033 3669 disposuit,
1067 3597 1555 3654 introducendam
1588 3598 1647 3652 in
1679 3601 1826 3653 tem-

167 3699 314 3756 pore
340 3700 475 3739 cum
499 3685 682 3740 armis
707 3690 763 3741 et
783 3691 1136 3753 commeatu,
1167 3704 1294 3758 quae
1328 3689 1468 3743 foris
1503 3687 1822 3742 habuisset.

162 3773 332 3829 Misit
351 3773 528 3829 etiam
553 3789 655 3845 per
674 3773 872 3831 littora
893 3781 950 3831 et
969 3763 1199 3832 insulas.
1218 3776 1319 3847 qui
1354 3776 1683 3832 maritimos
1707 3775 1826 3830 adi-

164 3867 268 3918 tus
302 3863 740 3919 munitionibus
771 3872 1269 3937 praaoccuparent;
1297 3865 1357 3921 in
1390 3883 1502 3936 quo
1534 3864 1824 3920 delectum

160 3951 536 4022 etjudicium
564 3953 978 4024 adhibuit,non
1003 3961 1279 4027 portuum
1303 3971 1372 4011 ex
1394 3970 1560 4026 aequo
1582 3957 1825 4009 cuncto.

163 4057 322 4110 rum,
357 4041 801 4113 suspiciendam
853 4044 1248 4101 defensionem
1303 4060 1572 4110 censens,
1623 4041 1824 4098 navale

160 4130 464 4202 siquidem
490 4130 947 4189 Blachernarum
973 4151 1088 4190 non
1113 4133 1417 4206 probabat,
1444 4133 1600 4205 quod
1625 4147 1823 4201 naves,

163 4221 215 4276 si
241 4237 373 4292 quas
397 4220 477 4276 ibi
512 4220 1006 4293 relinquerentur,
1031 4223 1234 4280 hostili
1262 4229 1469 4280 contra
1492 4223 1822 4295 appulsuraa

161 4309 347 4366 classi
370 4310 648 4367 adversas
668 4311 967 4382 obiiceret;
1002 4313 1058 4368 id
1085 4314 1239 4384 quod
1263 4315 1334 4369 ad
1361 4329 1566 4386 pugnas
1591 4328 1825 4368 succes-

158 4415 299 4455 sum
329 4397 590 4470 plurium
613 4400 666 4455 vi
694 4417 931 4457 summa
952 4418 1019 4458 ex
1043 4402 1157 4458 alto
1190 4402 1590 4458 invehentium
1622 4405 1824 4458 contra

158 4488 477 4561 pauciores
499 4492 667 4546 terra:
696 4491 1404 4563 admotas,periculosum
1429 4491 1820 4547 existimabat.

151 4577 345 4633 Vetus
368 4577 587 4650 pariter
610 4578 812 4636 navale
833 4580 947 4652 ipsi
972 4598 1086 4636 non
1112 4581 1590 4653 placebat.Vetus
1619 4579 1822 4635 navale

1930 1947 2072 2000 εἶπεν
2127 1945 2187 2000 ἂν
2242 1968 2324 2008 τις
2384 1946 2623 2020 ἐκείνων)
2673 1950 2793 2007 ταῖς
2849 1943 3148 2016 εὐμενείαις
3185 1984 3198 2000 .
3255 1940 3359 1998 Καὶ
3409 1944 3577 1995 ταῗιτα

1929 2037 2179 2108 πράττων
2258 2035 2349 2090 καί
2432 2035 2964 2108 κατασκευαζόμενος
3047 2027 3340 2108 πρεσϐείας
3424 2027 3575 2091 αὖθις

1931 2126 2134 2201 συχνάς
2189 2124 2548 2182 ἀποστέλλειν
2579 2125 2678 2181 οὐκ
2707 2125 2945 2180 ἀπώκνει
3003 2124 3150 2198 παρὰ
3204 2122 3297 2178 τὸν
3353 2122 3574 2182 πάππαν

1931 2212 2020 2268 διὰ
2051 2213 2350 2288 θαλάσσης,
2401 2215 2490 2271 καὶ
2526 2215 2738 2290 μᾶλλον
2773 2217 2854 2270 ὅτι
2887 2213 2974 2269 καὶ
3008 2215 3253 2287 συνεχῶς
3285 2211 3337 2266 οἱ
3362 2211 3577 2264 πάππαι

1931 2302 2371 2376 ἀπηλλάττοντο,
2429 2309 2508 2378 τῷ
2567 2303 2798 2378 θανᾶτῳ.
2858 2304 2956 2358 Καὶ
3013 2302 3075 2358 τὸ
3122 2305 3229 2358 τῶν
3281 2295 3580 2378 πρεσϐειῶν

1935 2526 2183 2581 fundum
2215 2525 2484 2582 immisso
2535 2528 2777 2597 argento
2825 2523 2974 2580 vivo.
3024 2521 3160 2578 Moli
3211 2537 3448 2594 quoque
3492 2520 3579 2575 illi

1935 2615 2088 2669 muri
2119 2615 2422 2672 circularis
2453 2614 2827 2672 inmdificavit
2857 2612 3096 2669 loricam
3128 2609 3350 2666 idonea
3385 2608 3582 2666 altitu-

1935 2703 2090 2760 dinis
2123 2706 2192 2760 ad
2227 2722 2402 2761 naves
2433 2705 2594 2760 intus
2626 2704 2848 2776 positas
2895 2701 3207 2774 tegendas;
3255 2704 3380 2755 tum
3428 2698 3579 2755 ostio

1936 2793 2179 2850 claustri
2211 2796 2340 2865 ejus
2372 2799 2638 2850 catenam
2692 2794 2938 2850 ferream
2993 2789 3282 2863 imposuit
3327 2788 3583 2845 exterius

1937 2887 2060 2938 arte
2107 2883 2483 2940 commissam
2535 2883 2805 2939 foramini
2857 2882 2925 2938 ad
2960 2896 3088 2936 eam
3117 2879 3489 2934 inserendam
3522 2877 3583 2931 in

1938 2973 2096 3029 saxis
2125 2974 2178 3028 vi
2207 2979 2426 3032 cavato.
2453 2975 2582 3031 Haec
2611 2976 3071 3029 consecuturum
3103 2985 3166 3025 se
3197 2967 3442 3040 putabat
3471 2966 3584 3023 isto

1940 3063 2332 3131 munimento,
2367 3067 2431 3118 ut
2457 3067 2616 3119 tutas
2645 3079 2679 3117 a
2700 3062 2754 3117 vi
2782 3062 2943 3118 omni
2973 3076 3042 3117 ea
3067 3057 3320 3114 statione
3349 3055 3590 3112 haberet

1938 3168 2142 3220 naves,
2172 3157 2230 3209 et
2261 3157 2326 3208 ut
2352 3153 2468 3208 illas
2499 3153 2634 3208 inde
2666 3152 2822 3208 806
2853 3153 3183 3222 opportune
3232 3147 3292 3202 in
3340 3144 3588 3201 hostiles

1941 3259 2171 3298 aversas
2219 3246 2456 3314 possent
2503 3258 2809 3314 erumpere
2842 3259 2854 3296 :
2890 3237 3230 3312 providebat
3275 3235 3432 3290 enim
3469 3235 3590 3290 fore

1943 3336 2006 3388 ut
2053 3332 2390 3388 invehentes
2439 3347 2568 3388 sese
2616 3332 2688 3387 ad
2723 3329 2940 3386 ostium
2975 3328 3105 3399 ejus
3136 3329 3341 3397 portus
3373 3323 3587 3380 Latinae

1940 3437 2138 3491 naves,
2172 3421 2454 3493 adituque
2504 3419 2805 3493 prohibita;
2855 3417 3018 3474 obice
3070 3418 3309 3480 catenae,
3358 3412 3439 3469 ibi
3486 3411 3586 3468 diu

1940 3518 2172 3582 propter
2205 3510 2386 3566 maris
2418 3510 2639 3565 ﬂuxum
2671 3508 2986 3564 consistere
3018 3504 3352 3577 nequirent,
3384 3501 3588 3572 sicque

1937 3600 1995 3654 in
2029 3615 2150 3668 eas,
2202 3599 2377 3655 simul
2429 3616 2634 3671 proras
2681 3597 3014 3663 vertissent,
3057 3598 3269 3650 nostra:
3321 3608 3354 3648 ιι
3400 3590 3584 3662 puppi

1940 3688 2106 3745 facile
2130 3706 2196 3745 ac
2219 3693 2344 3745 tuto
2378 3693 2617 3762 possent
2646 3689 2937 3760 impetum
2971 3688 3176 3742 facere.
3210 3683 3592 3751 Preoccupa-

1933 3778 2015 3832 vit
2045 3795 2278 3849 quoque
2300 3782 2577 3834 renovato
2611 3777 2823 3833 foedere
2853 3793 2918 3832 ac
2970 3769 3346 3847 praemunivit
3394 3769 3591 3824 Genu-

1935 3884 2107 3925 enses
2139 3868 2475 3925 habitantes
2508 3869 2567 3924 in
2595 3869 2806 3937 Peraea,
2842 3883 2914 3922 ne
2947 3863 3167 3921 Latinis
3195 3875 3258 3918 se
3308 3860 3590 3931 adjunge-

1935 3963 2066 4013 rent
2084 3959 2152 4014 ad
2179 3959 2384 4014 urbem
2408 3957 2586 4015 simul
2611 3955 3093 4030 oppugnandam,
3121 3951 3221 4008 sed
3244 3946 3506 4005 volentes
3529 3947 3588 4001 in

1933 4047 2047 4102 fide
2115 4053 2420 4119 pactorum
2488 4050 2818 4119 perstarent
2875 4041 3378 4116 quiescerentque.
3438 4036 3590 4102 Quin

1933 4135 2108 4192 etiam
2135 4138 2206 4193 ad
2230 4142 2516 4210 quantum
2543 4139 2742 4208 posset
2773 4129 3264 4207 praevertendum.
3301 4141 3373 4182 ne
3407 4123 3588 4180 libido

1934 4241 2034 4281 eos
2066 4231 2295 4299 caperet
2327 4241 2459 4282 cum
2491 4224 2877 4298 popularibus
2928 4223 3195 4294 ipsorum
3251 4213 3438 4280 Italis,
3487 4211 3588 4268 ubi

1934 4316 2144 4371 armati
2176 4315 2839 4386 advenissent,aliquam
2869 4312 3075 4368 saltem
3107 4300 3590 4365 communicatio-

1933 4419 2069 4460 nem
2085 4405 2557 4477 usurpandi,quo
2574 4404 2774 4475 utique
2788 4399 3118 4473 impulsura
3130 4398 3255 4453 erat
3266 4410 3365 4450 eos
3378 4407 3585 4449 neces-

1934 4494 2130 4549 situdo
2161 4494 2513 4566 cognitionis
2545 4498 2602 4549 et
2631 4492 2864 4565 generis
2897 4506 2963 4546 ac
2995 4486 3194 4561 patriae
3226 4481 3583 4549 communis,

1932 4585 1988 4638 et
2020 4582 2390 4655 peculiariter
2419 4583 2737 4638 invitatura
2767 4579 3028 4637 hostium
3062 4578 3135 4633 ab
3188 4573 3333 4646 ipsis
3381 4568 3586 4627 verisi-

151 4682 300 4722 voco
318 4651 1377 4741 nonillud,quonuperLatiniurbem
1394 4674 1679 4726 tementes
1697 4672 1819 4724 ute-
1854 4651 1898 4716 Ῑ)
1931 4651 2150 4727 militer
2197 4673 2312 4728 vim
2342 4672 2478 4728 belli
2511 4675 3046 4743 temperaturorum
3076 4661 3425 4727 moderatio,
3459 4659 3582 4732 pel-

150 4756 560 4827 bantur,quod
575 4761 862 4830 estprope
879 4761 1300 4816 monasterium
1315 4759 1531 4816 Christi
1565 4759 1827 4814 benefac-

150 4844 441 4914 toris,sed
456 4844 614 4900 aliud
629 4852 806 4918 portas
819 4848 1077 4904 vicinum
1089 4865 1234 4921 ,qure
1249 4849 1434 4906 abillo
1450 4853 1627 4921 portae
1644 4865 1824 4904 nava-

156 4934 236 4988 lis
251 4949 468 4989 nomen
485 4935 923 5007 accepit.Causa
934 4954 1040 4994 cur
1060 4938 1170 4995 hoc
1183 4938 1518 5012 displiceret
1531 4938 1824 5008 erat,quia

157 5026 361 5078 totum
386 5021 533 5078 illud
562 5040 743 5082 cornu
768 5027 916 5082 mari
951 5033 1298 5100 praetentum
1331 5028 1442 5085 late
1474 5031 1820 5101 portuosum

157 5115 346 5176 est,et
359 5128 558 5184 parem
572 5117 1046 5175 commoditatem
1061 5117 1141 5174 ibi
1161 5118 1358 5175 standi
1372 5117 1820 5188 hostilibuijta

158 5202 569 5274 Romanisque
601 5206 894 5277 prabebat
922 5209 1310 5265 navibus.Sed
1346 5209 1676 5279 intelligens
1699 5208 1818 5264 fore

154 5291 307 5348 utile
338 5291 621 5350 Romanis
651 5297 899 5354 navibus
932 5314 1105 5371 posse
1136 5299 1373 5356 Latinas
1405 5318 1438 5356 a
1468 5304 1626 5368 tergo
1675 5299 1816 5353 ado-

154 5380 262 5437 riri
295 5381 406 5451 (sic
431 5383 589 5440 enim
613 5389 667 5442 et
689 5388 972 5444 audacius
994 5395 1358 5462 pugnaturos
1379 5390 1621 5457 viros,et
1643 5389 1816 5444 rebus

153 5470 434 5529 securius
465 5475 798 5532 consultum
829 5477 1392 5549 iri),Contoskelium
1424 5480 1579 5551 quod
1596 5477 1814 5534 Blancaa

153 5562 398 5633 adjacet
431 5563 783 5622 reedificare
831 5567 1034 5624 voluit.
1087 5569 1285 5641 Itaque
1333 5570 1524 5625 locum
1574 5567 1817 5624 ambivit

156 5667 336 5708 muro
349 5649 645 5724 lapidibus
658 5655 1316 5732 maximisexstructo,et
1328 5658 1816 5730 comprehensum

153 5752 227 5799 eo
257 5755 404 5814 gyro
436 5757 596 5801 mare
643 5747 997 5820 profundius
1044 5748 1253 5822 effecit,
1304 5748 1554 5824 deprimi
1596 5748 1813 5821 jubens

1936 4761 2076 4817 lexit
2107 4761 2412 4819 blanditiis
2459 4761 2874 4830 beneficiisque
2901 4757 3228 4830 praecipuos
3269 4766 3470 4809 eorum
3519 4753 3587 4806 ut

1935 4852 2176 4908 clientes
2221 4852 2332 4909 sibi
2379 4855 2435 4908 et
2483 4851 2660 4924 (quod
2697 4865 2899 4906 eorum
2929 4843 3282 4903 vocabulum
3314 4841 3426 4911 est)
3455 4839 3582 4911 ligii

1932 4943 2160 5006 fierent,
2194 4941 2302 4998 hoc
2334 4941 2620 5013 singulari
2654 4940 2925 5012 professas
2957 4932 3344 5007 subiectionis
3387 4928 3580 4985 ofﬁcio

1930 5033 2000 5087 ad
2050 5031 2226 5086 fidem
2282 5031 2697 5086 inconcussam
2751 5027 3025 5084 devincti.
3080 5025 3240 5080 Inter
3271 5021 3391 5077 haec
3421 5017 3580 5074 varie

1928 5119 2283 5193 providenda
2315 5121 2689 5192 parandaque
2721 5135 2835 5174 non
2889 5115 3159 5173 cessabat
3208 5110 3386 5168 variis
3437 5107 3578 5164 sub-

1926 5210 2064 5265 inde
2099 5209 2409 5265 missitatis
2453 5210 2542 5265 via
2573 5208 2872 5265 maritima
2901 5207 3118 5262 instare
3150 5201 3304 5275 apud
3339 5200 3576 5269 Papam,

1927 5300 2189 5372 urgendo
2223 5301 2377 5372 quod
2410 5304 2699 5371 cceperat;
2741 5302 2808 5353 et.
2847 5295 2987 5368 quia
3035 5290 3412 5363 contingebat
3463 5288 3578 5344 fre-

1925 5389 2130 5460 quenti
2178 5389 2522 5459 pontiﬁcum
2565 5393 2750 5445 morte
2781 5386 2928 5442 alios
2958 5401 3026 5442 ex
3053 5383 3185 5439 aliis
3213 5395 3398 5453 papas
3428 5377 3579 5432 fieri.

1924 5483 1992 5534 ut
2015 5495 2304 5550 quemque
2337 5479 2406 5534 de
2439 5495 2588 5534 novo
2618 5481 2880 5533 creatum
2914 5475 3174 5538 noverat,
3201 5469 3400 5526 statim
3428 5467 3580 5521 deli-

1924 5567 2201 5623 niendam
2235 5583 2338 5639 per
2366 5583 2507 5624 suos
2537 5567 2766 5639 sibique
2796 5568 2862 5621 ut
2889 5565 3116 5636 poterat
3144 5556 3576 5618 conciliandum

1924 5655 2258 5713 curabat.ln
2273 5657 2460 5728 capite
2473 5657 2682 5712 barum
2695 5653 2956 5712 omnium
2970 5668 3105 5709 cum
3119 5646 3578 5723 papatractatio-

1926 5762 2069 5804 num
2101 5746 2430 5819 ponebatur
2459 5747 2725 5819 speciosa
2754 5743 2876 5800 illic
2907 5743 2959 5800 ei
2990 5745 3189 5815 optata
3215 5755 3327 5811 res,
3377 5736 3571 5794 conci-
