4212 6442
676 385 785 441 819

1983 398 2284 455 GEORGII
2320 402 2781 459 PACHYMBRB

3972 404 4077 459 820

670 505 967 585 κεφάλαιον
1022 510 1057 579 ἡ
1088 513 1197 565 τῶν
1240 510 1584 583 Ἐκκλησιῶν
1612 511 1812 577 ἓνωσις
1842 516 2057 572 καὶτοῦ
2081 519 2319 574 παλαιοῦ
2349 526 2403 592 Α
2430 522 2695 578 τοιούτων
2748 524 3037 600 εἰρηνικῶν
3090 523 3336 580 σπονδῶν
3378 526 3442 581 τὸ
3492 523 3787 581 σκάνδαλον
3830 526 4075 593 λύεσθαι,

675 594 981 652 σκανδάλου
1032 598 1344 675 ἀναίρεσις.
1421 603 1730 678 Συγκρίνων
1803 604 1904 680 γὰρ
1970 607 2033 661 τὸ
2086 607 2173 661 ἐπὶ
2220 612 2316 662 τοῦ

674 685 851 740 Δοῦκα
879 688 1134 742 Ἰωάννου
1193 688 1493 753 συδοδικῶς
1548 693 1769 767 γεγονὸς
1816 698 1944 770 παρ’
2000 695 2175 750 αἰτίαν
2222 702 2319 751 τοῦ

674 770 1032 828 ἀποστέλλειν
1061 772 1256 830 ἰκεῖθεν
1305 778 1395 831 καὶ
1445 785 1757 855 συμμαχεῖν
1798 786 1914 843 τοῖς
1963 781 2111 856 ἐντῇ
2159 782 2318 838 πόλει

674 861 1033 936 ἀποσχέσθαι,
1083 864 1157 926 ὡς
1217 866 1452 939 ἑτοίμων
1482 872 1589 922 τῶν
1646 869 1927 944 ἡμετέρων
1977 867 2144 926 ὅντων
2207 870 2321 927 λει-

671 956 918 1025 τουργεῖν
967 952 1139 1007 ἐκεῖσε
1193 956 1284 1008 καὶ
1342 956 1705 1030 μνημονεῦειν
1761 964 1862 1014 τοῦ
1918 962 2113 1015 πάππα
2157 966 2326 1016 ταὺτα

678 1040 1129 1114 ὑποσχνουμένου
1160 1044 1270 1116 (καὶ
1319 1044 1721 1102 ἀπεστέλλοντο
1753 1047 1782 1103 ὅ
1818 1070 1877 1103 τε
1909 1049 2157 1125 Σάρδεων
2206 1056 2324 1107 Ἀν-

679 1125 928 1203 δρονικος
980 1132 1070 1184 καὶ
1120 1132 1148 1185 ὁ
1194 1133 1423 1202 Κυζίκου
1476 1136 1765 1212 Γεώργιος,
1814 1138 1903 1192 καὶ
1950 1141 2078 1213 τάχ’
2121 1140 2180 1193 ἂν
2211 1138 2328 1214 ἐγε-

678 1218 867 1292 γόνει,
928 1220 979 1274 oi
1047 1220 1241 1277 ἐκεῖνοι
1301 1222 1684 1301 κατεδέχοντο)
1739 1261 1806 1270 -
1878 1230 2174 1304 συγκρίνων
2236 1228 2325 1283 οὖν

677 1306 852 1364 ἐκεῖνο
900 1312 1035 1386 πρὸς
1092 1317 1278 1384 τοῦτο,
1332 1316 1421 1369 καὶ
1482 1316 2016 1393 ἀναγκαστικώτερον
2069 1319 2326 1392 εὑρίσκων

675 1398 740 1453 τὸ
770 1403 860 1453 νῦν
884 1400 918 1469 ἢ
946 1402 1007 1455 τὸ
1056 1403 1345 1479 πρότερον,
1379 1407 1491 1478 ὅσῳ
1521 1408 1646 1461 τότε
1680 1410 1773 1479 μὲν
1806 1405 2137 1484 προσλαϐεῖν
2171 1408 2334 1478 ἠπεί-

678 1509 841 1562 γοντο
872 1489 935 1543 τὸ
968 1491 1043 1562 μὴ
1071 1494 1197 1567 παρ’
1247 1495 1435 1556 αὐτοῖς
1471 1495 1550 1563 ὃν,
1605 1502 1692 1550 vin
1756 1494 1803 1550 δ’
1851 1493 2150 1553 ἀποϐαλεῖν
2182 1500 2248 1552 τά
2278 1498 2329 1552 ὲν

687 1581 845 1653 χερσὶ
902 1578 1321 1651 κινδυνεύουσι,
1379 1586 1450 1639 τὰ
1516 1586 1651 1641 αὐτά
1704 1586 1987 1660 προῦτεινε
2040 1589 2129 1643 καὶ
2191 1588 2333 1643 οὕτω

679 1669 799 1727 τοῖς
830 1664 1024 1723 πάλαι.
1059 1668 1216 1740 Μηδὲ
1238 1672 1340 1745 γὰρ
1365 1670 1552 1733 ἄλλως
1588 1671 1736 1748 ἔχειν
1764 1677 1966 1729 πείθειν
1998 1676 2088 1730 τὸν
2112 1676 2331 1730 πάππαν

692 1755 1030 1832 ὑπερμαχεῖν
1088 1757 1195 1812 τῶν
1255 1765 1523 1835 Γραικῶν,
1575 1761 1624 1815 εἲ
1686 1764 1760 1835 μή
1816 1768 1982 1818 ταῦτα
2036 1764 2188 1838 λέγοι
2246 1766 2335 1818 καὶ

2436 608 2525 665 διὰ
2566 609 2624 666 δὶ
2676 619 2777 682 τῆς
2821 618 2919 668 τοῦ
2976 612 3279 669 σκανδάλου
3336 613 3543 677 λύσεως
3589 613 3945 689 ἐπισχεθῆναι
4002 620 4079 687 τῷ

2436 698 2709 773 Καρούλφ
2738 704 2831 755 τὸν
2862 701 3080 771 στόλον,
3113 699 3202 757 διὰ
3231 700 3287 757 δί
3314 707 3411 757 τοῦ
3442 703 3605 758 πάλιν
3638 702 3894 781 ἀσφαλῶς
3948 705 4078 766 τοὺς

2436 789 2743 860 Ῥωμαίους
2789 787 2936 865 ἔχειν
2967 790 3056 844 καὶ
3091 792 3165 863 μὴ
3218 792 3347 866 χθὲς
3396 792 3482 845 καὶ
3530 792 3636 863 πρὸ
3684 791 3875 865 τρίτης
3922 792 4082 867 μόγις

2440 875 2649 938 ἰδόντας
2706 880 2804 947 τήν
2868 877 3103 954 πατρίδα
3156 879 3244 934 καὶ
3299 877 3578 954 δυσχερῶς
3641 881 4081 941 ἐπανασωθέντας

2439 966 2602 1022 πάλιν
2636 967 2863 1043 ἀφέντας
2920 967 3375 1042 ἐπανακάμπτειν,
3433 971 3568 1045 πρὸς
3625 973 3704 1039 τῷ
3751 968 3840 1023 καὶ
3893 965 4083 1028 ἄλλως

2441 1054 2665 1131 ὲξῆφθαι
2740 1063 2857 1119 τοῖς
2906 1059 3153 1119 πΛείτοις
3199 1056 3466 1114 κίνδυνον.
3524 1060 3702 1113 Ταῦτα
3760 1054 4085 1127 διανοούμε-

2440 1166 2528 1205 νος
2581 1144 2756 1207 πολὺς
2818 1147 2882 1214 ἦν
2933 1148 3023 1200 καὶ
3071 1146 3418 1221 πατριάρχην
3472 1146 3670 1200 πείθων
3717 1144 3807 1199 καὶ
3839 1142 4084 1199 σύνοδον.

2441 1234 2509 1289 Οἱ
2542 1232 2587 1287 δ’
2620 1233 3028 1311 ἀφωσιωμίνως
3075 1235 3217 1289 οὕτω
3274 1235 3367 1288 καὶ
3415 1232 3751 1295 ἐπιπολαίως
3794 1232 4085 1291 ἀκούοντες

2440 1327 2645 1397 πτερῷ,
2688 1324 2749 1377 τὸ
2805 1327 2902 1377 τοῦ
2956 1320 3148 1398 λόγου,
3206 1325 3273 1378 τὰ
3324 1324 3436 1377 ὦτα
3464 1323 3762 1394 κνωμένοις
3824 1320 4081 1391 ἐῴκεσαν.

2442 1411 2518 1467 Οὐ
2575 1413 2676 1485 γὰρ
2733 1413 2800 1480 ἦν
2859 1412 3044 1465 αὐτοῖς
3085 1412 3396 1479 ἀντιστῆναι
3422 1411 3485 1464 τὸ
3514 1415 3726 1485 πρῶτον
3761 1409 3851 1461 καὶ
3884 1407 4085 1461 ἀπολί-

2442 1521 2553 1575 γειν
2598 1500 2807 1567 τέλεον,
2839 1498 2985 1555 ἀλλά
3036 1500 3210 1572 μένειν
3243 1501 3330 1554 καὶ
3375 1501 3527 1560 αὖθις
3560 1499 3610 1553 ἐν
3659 1501 3725 1569 τῇ
3773 1496 3934 1571 κυρίᾳ
3986 1496 4084 1561 τὴν

2446 1585 2771 1657 Ἐκκλησίαν
2817 1587 3141 1661 ἡγούμενοι.
3193 1592 3273 1659 [Ρ.
3306 1590 3431 1660 250]
3475 1588 3655 1647 καθὼς
3705 1584 3795 1640 καὶ
3847 1584 4084 1659 ἀρχῆθεν

2446 1676 2582 1751 εἶχε,
2639 1677 2728 1731 καὶ
2792 1677 2867 1748 μὴ
2925 1678 3069 1751 παρά
3124 1675 3386 1746 καπήλων
3446 1672 3772 1729 κινδυνεύειν
3811 1672 4087 1746 κρίνεσθαι

2447 1766 2538 1818 καὶ
2568 1764 2872 1840 βαναύσων,
2926 1770 3139 1839 πρῶτον
3202 1765 3297 1837 μὲν
3353 1763 3451 1818 οὐκ
3498 1763 3647 1838 εἶχον
3705 1762 3780 1822 εἶς
3824 1766 3952 1815 νοῦν
4000 1758 4087 1813 οὗ·

686 1844 937 1919 πράττοι’
1003 1850 1330 1920 προσίστατο
1378 1850 1480 1926 γάρ
1529 1851 1590 1905 τὸ
1622 1848 1944 1922 σκάνδαλον,
1999 1853 2180 1908 καὶτὸ
2212 1853 2413 1949 λευ-Β
2448 1857 2556 1916 τῶς
2612 1852 2662 1907 ἐν
2730 1853 2920 1927 ἀκαρεῖ
2974 1852 3296 1921 τελεσθῆναι
3350 1854 3413 1906 τὸ
3478 1850 3622 1926 παρά
3672 1854 3768 1904 τοῦ
3820 1847 4089 1923 βασιλέως

685 1931 816 1994 κοὺς
866 1934 1203 2014 Ἀγαρηνοὺς
1254 1937 1386 1993 εἶναι
1437 1939 1700 2013 Γραικοὺς
1744 1942 1871 2015 παρ’
1928 1940 2151 2003 ἐκείνοις
2216 1947 2335 2015 μεῖ-

687 2026 777 2091 ζον
828 2018 1023 2099 ᾔρετο.
1073 2027 1227 2080 Ταῦτ’
1285 2028 1389 2103 ἄρα
1442 2030 1529 2083 καὶ
1591 2029 1865 2103 ᾠκονόμει
1926 2028 2017 2086 διὰ
2076 2032 2170 2103 μὲν
2229 2036 2335 2085 τῶν

673 2238 838 2296 liatio
868 2241 1259 2299 Ecclesiarum
1293 2248 1350 2300 et
1380 2248 1607 2319 antiqui
1641 2248 1901 2304 scandali
1964 2249 2202 2304 amotio.
2238 2249 2323 2304 Ad

674 2326 784 2384 hoc
812 2328 911 2385 ille
942 2332 1026 2386 sic
1050 2333 1342 2405 agendum
1374 2337 1716 2392 movebatur
1741 2336 2004 2408 exemplo
2027 2355 2055 2393 e
2078 2337 2325 2393 Joannis

672 2421 842 2474 Ducas
892 2420 1228 2493 principatu
1280 2426 1545 2495 repetito.
1603 2426 1891 2483 Memoria
1940 2428 2157 2499 quippe
2206 2443 2323 2483 non

671 2504 755 2563 ita
794 2512 961 2565 vetus
996 2511 1285 2581 exstabat,
1314 2512 1537 2570 Joanne
1568 2514 1729 2571 Duca
1756 2515 2086 2588 imperante
2114 2516 2323 2589 synodi

670 2612 963 2654 consensu
998 2599 1290 2680 decretam
1323 2602 1688 2676 missumque
1717 2605 2069 2678 legationem
2101 2607 2173 2662 ad
2215 2623 2322 2678 pa-

671 2702 832 2757 pam,
866 2703 984 2759 qua
1014 2688 1201 2745 nostri
1245 2692 1674 2762 proﬁtebantur
1725 2698 2027 2767 separatos
2076 2694 2322 2767 obsequi

669 2775 934 2847 pontiﬁci
966 2776 1229 2835 Romano
1261 2781 1509 2853 ejusque
1547 2782 1609 2838 in
1659 2800 1825 2839 sacra
1871 2783 2107 2854 liturgia
2154 2800 2320 2838 men-

669 2863 889 2920 tionem
935 2864 1046 2922 rite
1097 2867 1308 2939 facere,
1358 2870 1406 2925 si
1457 2870 1506 2927 is
1557 2872 1895 2928 societatem
1948 2873 2324 2944 abrumperet

671 2969 806 3008 cum
823 2953 1042 3011 Latinis
1065 2956 1271 3013 urbem
1294 2958 1866 3034 ConstantinOpolim
1885 2961 2243 3032 tenentibus,
2266 2967 2323 3017 et

668 3058 732 3097 se
761 3041 880 3099 illis
910 3044 1128 3101 auxilia
1159 3063 1275 3103 non
1309 3047 1636 3105 missurum
1669 3050 2058 3122 polliceretur.
2114 3054 2193 3106 Ea
2240 3050 2319 3105 le-

667 3130 904 3203 gatione
949 3133 1130 3190 functi
1174 3141 1313 3193 sunt
1361 3138 1621 3214 episcopi
1651 3142 1790 3207 duo,
1825 3141 1975 3196 361
2010 3140 2319 3196 Sardensis

665 3222 1037 3280 Andronicus
1080 3235 1134 3281 et
1182 3227 1500 3299 Cyzicenus
1550 3230 1853 3303 Georgius.
1907 3233 2321 3303 Fecissentque

668 3311 854 3367 nostri
878 3314 1035 3384 quod
1069 3315 1414 3384 offerebant,
1447 3318 1498 3374 si
1525 3318 1610 3375 illi
1644 3321 2003 3393 propositam
2036 3322 2322 3377 conditio-

667 3415 801 3456 nem
868 3408 1178 3475 acceptare
1237 3406 1579 3463 voluissent.
1640 3408 1705 3464 In
1765 3408 1875 3465 hac
1931 3410 2331 3466 recordatione

668 3488 918 3547 celebris
961 3491 1095 3548 facti
1119 3509 1469 3566 comparans
1490 3495 1814 3569 imperator
1842 3499 2014 3554 ambo
2042 3503 2327 3571 tempora,

667 3577 1002 3648 reperiebat
1034 3582 1223 3655 magis
1255 3601 1413 3640 nunc
1463 3587 1859 3643 necessarium
1906 3587 1964 3643 id
2013 3589 2325 3644 consilium

667 3666 875 3735 videri,
908 3669 1205 3741 siquidem
1235 3677 1395 3739 tunc,
1419 3674 1537 3730 ista
1566 3678 1819 3746 majores
1846 3677 2032 3733 nostri
2065 3677 2324 3749 pacisce-

670 3754 893 3812 bantur
921 3760 993 3814 ad
1025 3764 1491 3834 recuperandum
1523 3766 1678 3836 quod
1712 3783 1824 3822 non
1856 3767 2135 3823 tenebant
2160 3784 2172 3822 ε
2197 3782 2321 3822 mo-

671 3844 747 3900 do
779 3850 973 3903 autem
1006 3849 1100 3921 agi
1132 3851 1205 3906 de
1236 3868 1352 3907 non
1384 3852 1705 3910 amittendo
1734 3857 1886 3926 quod
1918 3856 1978 3911 in
2010 3874 2189 3913 manu
2230 3873 2324 3912 es-

672 3939 784 3990 set.
834 3935 993 3993 Solet
1051 3943 1248 3995 autem
1310 3942 1504 4013 majus
1557 3944 1751 4016 putari
1808 3945 2031 4002 malum
2080 3946 2322 4018 perdere

670 4024 827 4094 quod
852 4025 1182 4097 possideas,
1217 4045 1395 4101 quam
1418 4048 1532 4088 non
1565 4034 1869 4106 acquirere
1898 4037 2054 4107 quod
2091 4034 2195 4091 tibi
2223 4036 2320 4091 de-

664 4110 857 4168 bitum
892 4114 1212 4173 existimes.
1245 4118 1301 4174 Si
1333 4136 1471 4193 ergo
1503 4134 1655 4179 recte
1703 4141 1768 4180 ac
1812 4126 2133 4197 prudenter
2179 4131 2318 4180 tunc

666 4201 854 4258 nostri
889 4220 993 4275 pro
1026 4222 1131 4277 spe
1157 4212 1540 4280 recuperandi
1576 4213 1777 4270 urbem
1810 4214 1948 4270 talia
1978 4215 2317 4287 promittere

662 4293 1007 4362 potuerunt,
1040 4295 1247 4365 quidni
1273 4314 1380 4354 nos
1410 4302 1643 4357 easdem
1674 4302 1802 4360 sine
1833 4303 2002 4375 justa
2027 4304 2315 4374 vitupera-

661 4378 824 4435 tione
856 4382 1233 4452 paciscamur
1260 4384 1319 4441 in
1346 4390 1619 4458 praesenti
1647 4397 1811 4448 metu
1843 4393 2109 4464 ejusdem
2151 4392 2315 4448 urbis

664 4466 1036 4539 amittendae;
1090 4472 1260 4542 cujus
1306 4490 1516 4548 nempe
1555 4478 1851 4548 jacturam
1910 4479 2090 4535 vitare
2146 4478 2316 4535 aliter

662 4571 784 4611 non
816 4560 1169 4628 possumus?
1198 4562 1571 4623 Manifestum
1604 4573 1800 4624 autem
1833 4585 1962 4625 esse
1993 4587 2109 4625 non
2141 4585 2313 4640 posse

2443 1941 2787 2014 κινούμενον,
2844 1939 2972 1997 ἀλλ’
3030 1942 3102 2003 ὡς
3133 1941 3223 1995 καὶ
3254 1940 3524 2002 πολλάκις
3563 1940 3899 2010 κινησάντων
3934 1937 4092 2011 βασι-

2445 2030 2584 2087 λὲων
2639 2028 2826 2086 ἄλλων
2874 2031 2942 2085 τά
3001 2031 3121 2107 περὶ
3173 2028 3377 2085 τούτων
3427 2029 3845 2098 ἀνακυπτουσῷν
3894 2025 4085 2080 αἰτιῶν

2433 2249 2871 2305 conditionibus
2928 2247 3268 2303 memoratis
3328 2245 3679 2319 paciscenda
3739 2261 3753 2300 :
3805 2240 4089 2297 seandalo

2432 2354 2604 2411 porro
2664 2342 2877 2405 amoto,
2933 2353 3182 2407 pronum
3242 2335 3453 2391 deinde
3500 2337 3739 2405 speratu
3788 2335 3914 2387 erat
3962 2346 4085 2384 non

2432 2443 2582 2500 aegre
2611 2427 3054 2497 impetrandum
3085 2430 3149 2481 ut
3196 2423 3485 2497 expeditio
3532 2421 3832 2478 maritima
3879 2417 4096 2487 Caroli,

2432 2533 2559 2589 qua
2581 2516 2904 2588 prasertim
2928 2515 3263 2581 timebatur,
3284 2514 3419 2569 inde
3445 2509 3987 2585 impediretur.Qua
4020 2524 4092 2564 ex

2431 2622 2492 2661 re
2509 2606 2787 2662 Romanis
2806 2621 3063 2677 praesens
3082 2605 3355 2675 idemque
3368 2600 3665 2672 quantivis
3676 2598 3844 2672 pretii
3858 2598 4092 2653 fructus

2432 2695 2760 2763 exsisteret,
2793 2710 3003 2765 nempe
3034 2698 3099 2747 ut
3128 2694 3505 2747 ﬁrmarentur
3530 2689 3591 2744 in
3622 2705 3827 2758 secura
3857 2702 4096 2758 posses-

2432 2783 2596 2837 sione
2627 2799 2814 2854 nuper
2858 2786 3021 2838 tanto
3071 2780 3163 2835 vix
3210 2779 3409 2836 labore
3456 2782 3806 2849 recuperata;
3856 2774 4088 2847 patriae,

2431 2887 2544 2926 neu
2595 2875 2962 2943 cogerentur,
3012 2870 3168 2941 quod
3220 2866 3621 2923 miserrimum
3654 2865 3925 2936 idemque
3961 2880 4086 2919 non

2428 2959 2664 3015 vitabile
2696 2960 2863 3017 aliter
2892 2964 3067 3029 esset,
3099 2974 3274 3030 quam
3310 2957 3383 3012 ab
3415 2955 3540 3011 heri
3570 2958 3673 3009 aut
3704 2952 3917 3009 nudius
3961 2952 4086 3007 fere

2429 3050 2640 3105 tertius
2674 3049 2922 3105 revisere
2952 3046 3267 3121 coepissent
3286 3062 3355 3101 ex
3376 3050 3495 3100 tam
3518 3043 3819 3099 diuturam
3840 3046 4089 3111 tamque

2433 3138 2563 3193 dira
2610 3138 2893 3195 servitute
2941 3154 3174 3193 summa
3217 3134 3275 3189 vi
3325 3137 3615 3205 receptam
3668 3129 4085 3187 dulcissimam

2436 3227 2709 3299 patriam,
2742 3227 3069 3298 relinquere
3098 3226 3311 3281 iterum
3344 3228 3401 3279 et
3431 3223 3491 3278 in
3524 3221 3846 3292 longinqua
3876 3218 4089 3273 exsilia

2435 3318 2644 3373 redire.
2677 3317 2842 3372 Talia
2876 3316 3191 3388 imperator
3235 3313 3472 3369 assidue
3523 3327 3724 3367 secum
3773 3312 4084 3380 reputans,

2435 3412 2491 3462 et
2513 3407 2668 3479 apud
2694 3406 3013 3461 familiares
3036 3406 3332 3461 disserens
3355 3418 3488 3457 cum
3510 3398 3795 3457 continua
3814 3395 4095 3453 inculca-

2432 3497 2591 3553 tione
2619 3497 2863 3569 periculi
2894 3495 3136 3553 extremi
3165 3511 3328 3567 aeque
3356 3492 3510 3549 868
3559 3490 3791 3548 cunctis
3836 3489 4082 3560 impen-

2430 3587 2643 3656 dentis,
2695 3588 2866 3655 cujus
2912 3585 3033 3641 haec
3066 3601 3181 3640 una
3212 3580 3595 3656 pravertendi
3623 3582 3929 3635 oﬁ'erretur
3959 3577 4088 3644 via,

2432 3674 2654 3731 multus
2686 3676 2826 3732 item
2855 3680 2980 3731 erat
3004 3675 3061 3729 in
3090 3673 3392 3729 suadendo
3423 3671 3538 3727 ista
3571 3675 3695 3725 tum
3729 3666 4081 3740 patriarchas

2431 3768 2552 3820 tum
2587 3766 2831 3838 synodo.
2861 3764 2952 3821 Illi
2985 3767 3184 3819 autem
3214 3761 3325 3817 etsi
3358 3760 3545 3816 obiter
3592 3757 3715 3813 haec
3768 3756 3963 3829 potius
4012 3772 4084 3810 ac

2428 3854 2824 3925 perfunctorie
2845 3870 3023 3926 quam
3050 3852 3301 3914 libenter
3322 3848 3774 3919 audiebant,per
3793 3862 3857 3901 se
3876 3849 4081 3900 tamen

2426 3948 2567 3999 tunc
2589 3944 2850 4000 tulerunt
2870 3947 3098 4016 gratam
3121 3957 3250 3997 eam
3275 3939 3385 3995 sibi
3402 3938 3849 4010 jucundamque
3871 3933 4081 3989 inferri

2426 4034 2807 4101 mentionem,
2850 4031 3005 4089 velut
3050 4048 3117 4087 ea
3164 4030 3425 4102 ipsorum
3480 4024 3915 4082 demulceretur
3962 4039 4077 4078 au-

2426 4139 2553 4193 res;
2586 4123 2740 4194 quod
2766 4121 2908 4178 falso
2930 4119 3346 4183 simulabatur,
3380 4115 3552 4187 longe
3583 4115 3657 4170 ab
3688 4111 3919 4169 arcanis
3950 4111 4077 4167 dis-

2424 4228 2670 4283 crepans
2700 4212 2994 4267 sensibus.
3028 4213 3244 4265 Verum
3278 4206 3399 4261 illis
3432 4208 3496 4260 ut
3523 4221 3640 4260 non
3674 4201 3941 4274 placebat
3972 4217 4083 4256 ne-

2422 4300 2759 4373 gotium,ita
2790 4317 2891 4357 nec
2923 4298 3273 4371 suppetebat
3301 4311 3563 4368 praesens
3592 4291 3827 4348 animus
3860 4289 3932 4344 ad
3968 4293 4081 4345 οι)-

2422 4391 2699 4445 standum
2735 4405 2927 4445 coram
2961 4388 3017 4443 in
3052 4404 3117 4443 os
3148 4384 3395 4458 principi
3430 4387 3637 4439 contra
3666 4378 4083 4449 nitenti,cujus

2420 4478 2611 4551 gratia
2630 4484 2685 4534 et
2705 4478 3058 4535 verecundia
3078 4474 3327 4532 obnoxie
3353 4469 3658 4529 constricti
3685 4468 4080 4539 acquiescan-

2420 4568 2568 4623 tium
2608 4568 2863 4640 speciem
2914 4565 3269 4639 prmbebant.
3316 4562 3628 4631 Utcunque
3675 4557 3795 4613 illis
3842 4559 4079 4613 certum

662 4643 788 4700 ulla
819 4646 1043 4703 ratione
1072 4650 1166 4722 agi
1199 4668 1333 4709 cum
1364 4672 1514 4727 papa
1544 4673 1647 4729 spe
1696 4656 2015 4714 inducendi
2063 4674 2197 4714 eum
2240 4657 2311 4713 ad
2345 4641 2390 4707 Ι)
2424 4662 2549 4713 erat
2578 4662 2839 4731 perstare
2883 4656 3157 4727 deinceps
3189 4667 3423 4725 quoque
3447 4649 3507 4705 in
3531 4646 3713 4705 semel
3745 4646 3903 4702 adita
3933 4661 4077 4717 pos-

659 4732 978 4791 favendum
1009 4737 1246 4809 Graecis,
1272 4743 1385 4798 nisi
1414 4746 1605 4816 prima
1632 4746 1693 4802 in
1726 4748 1914 4804 fronte
1944 4746 2307 4803 tractationis

656 4820 869 4879 talium
903 4841 1101 4883 rerum
1133 4832 1449 4901 promissio
1481 4842 1638 4892 certa
1666 4837 2013 4894 collocetur:
2042 4836 2306 4909 quandiu

657 4911 816 4969 enim
850 4916 1184 4975 conciliatio
1214 4919 1602 4982 Ecclesiarum
1637 4943 1750 4983 non
1782 4927 2135 4997 ostenditur,
2177 4942 2305 4998 per-

658 5005 777 5057 stat
802 5005 1149 5064 scandalum
1183 5013 1372 5081 vetus,
1406 5018 1464 5069 et
1493 5017 1895 5074 conventionis
1925 5017 2119 5073 omnis
2149 5016 2303 5071 viam

658 5091 910 5148 obstruit
928 5093 1080 5168 lapis
1102 5099 1338 5170 quidam
1364 5104 1616 5176 antique
1648 5107 2303 5176 oll‘ensionis,invetera-

655 5183 833 5252 taque
849 5182 1072 5242 Latinis
1086 5193 1450 5249 consuetudo
1463 5194 1691 5252 Graecos
1706 5196 2079 5253 existimandi
2093 5212 2302 5252 vocan-

656 5269 837 5342 dique
867 5272 1219 5335 Sarracenos
1255 5278 1420 5351 alios;
1453 5283 1549 5354 qui
1583 5301 1793 5342 sensus
1825 5286 2016 5357 quoad
2051 5286 2109 5341 in
2141 5284 2303 5356 ipso-

655 5374 788 5414 rum
804 5360 1053 5434 viguerit
1073 5366 1539 5439 animis,l'rustra
1560 5379 1827 5447 speretur
1840 5374 2020 5431 ullam
2038 5390 2300 5445 unquam

656 5463 1066 5520 processuram
1098 5458 1359 5530 cujusvis
1390 5476 1524 5518 cum
1557 5464 1630 5520 iis
1661 5465 1983 5522 concordiis
2031 5462 2300 5519 ineundis

657 5538 1164 5629 ra_tionem.Quare
1197 5565 1305 5606 suo
1336 5554 1594 5610 serviens
1616 5556 1866 5629 tempori
1888 5555 2129 5612 omnino
2160 5569 2300 5609 con-

657 5626 853 5687 stituit
882 5631 992 5691 boc
1019 5639 1372 5697 aeternorum
1419 5626 1801 5702 dissidiorum
1852 5661 2052 5703 semen
2104 5651 2156 5699 et
2201 5659 2298 5698 ne-

657 5720 923 5779 cessariae
954 5725 1379 5788 conciliationis
1412 5731 1651 5792 unicum
1674 5736 1899 5795 obicem
1930 5735 2301 5806 tollere,paoe

2416 4745 2681 4802 sessione
2703 4744 3067 4802 auctoritatis
3089 4739 3563 4814 independentis,
3595 4753 3709 4807 qua
3729 4732 4075 4801 Ecclesiam,

2416 4839 2482 4891 ut
2512 4835 2698 4908 prius,
2728 4836 2799 4891 ab
2832 4833 2991 4891 omni
3021 4831 3352 4889 absolutam
3384 4828 3561 4885 alieni
3592 4825 3881 4899 primatus
3922 4822 4075 4877 sub-

2408 4925 2664 4997 jcctione
2692 4942 2757 4982 se
2786 4925 2963 4981 ﬁxum
2998 4922 3297 4979 habebant
3328 4919 3605 4985 tuituros,
3629 4931 3700 4971 ne
3730 4928 4073 4985 cauponum

2414 5013 2719 5072 illiberalis
2779 5013 2955 5071 sortis
3013 5011 3485 5070 homuncionum
3546 5005 3759 5076 subjici
3803 5018 4077 5073 unquam

2414 5104 2545 5176 ipso
2596 5105 2773 5178 (quod
2836 5100 3355 5171 abominabantur)
3401 5096 3629 5169 judicio
3680 5092 4076 5163 contingeret.

2414 5193 2800 5250 Dissimulare
2832 5197 3029 5250 autem
3059 5191 3119 5247 in
3152 5190 3283 5246 istis
3316 5186 3506 5243 initiis
3537 5188 3664 5241 tuto
3698 5199 3760 5239 se
3783 5184 4080 5253 putarunt

2413 5300 2607 5355 posse,
2652 5284 2911 5356 primum
2965 5282 3105 5354 quia
3152 5292 3459 5351 nunquam
3504 5274 3652 5347 ipsis
3703 5272 3762 5327 in
3812 5272 4081 5326 mentem

2414 5373 2573 5427 venit
2596 5389 2711 5428 uno
2734 5372 2818 5428 sic
2842 5374 3138 5427 momento
3161 5364 3694 5424 consummandam
3720 5375 3866 5428 rem,
3892 5373 4077 5428 quam

2411 5478 2641 5519 movere
2699 5461 3019 5534 incipiebat
3073 5458 3412 5531 imperator,
3471 5468 3676 5510 verum
3717 5452 4072 5506 eventurum

2411 5568 2570 5607 nunc
2595 5568 2828 5623 quoque
2859 5548 3231 5607 conﬁdebant
3258 5546 3415 5619 quod
3442 5559 3597 5616 saepe
3628 5539 3759 5598 aliis
3788 5536 3933 5594 alias
3960 5536 4077 5593 im-

2412 5641 2782 5713 peratoribus
2810 5641 2967 5698 idem
3020 5636 3318 5712 aggressis
3358 5651 3472 5693 usu
3493 5634 3975 5700 venerat,nemps
4003 5632 4079 5683 ut

2412 5730 2843 5790 disturbaretur
2870 5747 2976 5805 per
2999 5744 3129 5787 sese
3158 5724 3483 5799 negotium,
3514 5727 3724 5797 sponte
3771 5718 3953 5788 natis,
4004 5722 4074 5774 ut
