4212 6442
126 416 204 469 821

1178 421 1273 472 υΕ
1310 417 1683 474 ΜΙΟΗΔΜ
1720 416 2163 474 PALEOLOGO
2198 418 2333 471 LIB.
2373 420 2442 471 ν.

3391 415 3499 470 822

125 533 395 605 ἐκωλύετο,
449 536 589 593 οὕτω
646 537 890 613 γενέσθαι
948 536 1037 593 καί
1091 537 1233 608 τότε,
1295 536 1541 615 δεύτερον
1574 536 1632 594 δὲ
1663 539 1736 600 ὡς
1766 540 1816 609 Α
1851 532 2282 611 διαϐεϐοημένου
2310 535 2387 601 εἲς
2436 538 2629 612 ἀρετὴν
2678 536 2767 591 καὶ
2820 537 3074 609 ζηλωτοῦ
3118 544 3220 608 τῆς
3259 538 3494 613 ἀρχαίας

127 626 160 680 εἰ
209 626 293 679 καὶ
350 628 425 698 μὴ
476 624 710 702 γένοιτο,
773 628 850 700 μή
909 629 969 683 ἀν
1028 628 1199 691 οὕτως
1250 629 1477 703 ἀρθῆναι
1513 624 1648 703 μὲγα
1676 629 1738 683 τὸ

125 714 393 785 amna;
424 714 746 773 σκάνδαλον.
805 718 889 772 Ἐν
946 716 1163 781 τούτοις
1218 718 1311 790 μὶν
1372 715 1461 771 οὖν
1505 716 1573 772 τά
1602 717 1739 771 ἐκεί-

122 823 227 856 νων.
287 803 393 859 Καὶ
454 803 660 881 φριίοις
720 805 814 875 μὲν
873 806 962 860 καὶ
1018 806 1234 867 λοιποῖς
1265 804 1497 867 Ἰταλοῖς
1529 807 1741 881 ἀγαπη-

120 894 257 953 τικὼς
309 893 730 969 προσεφέροντο,
778 895 868 949 καὶ
921 894 1044 949 ὅσον
1093 896 1159 963 ἦν
1212 895 1275 949 τὸ
1318 894 1454 949 κατά
1481 896 1739 965 Χριστια-

118 980 219 1042 νοὺς
243 981 306 1035 οὐ
340 979 635 1053 διίσταντο,
686 982 773 1038 ἐπὶ
826 981 881 1039 δὲ
923 986 1001 1056 τῷ
1052 982 1244 1039 πλέονι
1284 982 1398 1039 οὐδ’
1430 984 1734 1058 ἐγνωσιμά-

124 1088 257 1144 χουν,
320 1072 667 1144 μαμάκουθοί
720 1094 860 1135 τινες
919 1069 1067 1134 ὄντες
1122 1072 1175 1145 (ἢ
1232 1076 1284 1127 τί
1346 1072 1405 1127 ἃν
1463 1070 1735 1145 ε’ίποιμι;)

118 1157 435 1229 ἀναισθήτως
484 1166 594 1216 τῶν
671 1163 1059 1237 πραττομένων
1130 1161 1370 1237 ἔχοντες.
1430 1159 1575 1217 ’Έδει
1635 1161 1734 1234 γὰρ

119 1246 330 1323 ἀρχῆθεν
381 1248 594 1324 ἐπέχειν
649 1251 739 1305 καὶ
808 1251 1062 1322 ἀντισπᾷν
1120 1253 1194 1325 μὴ
1243 1248 1733 1325 καταδεχομένους,

115 1339 194 1390 κᾶν
238 1338 264 1390 δ
316 1358 365 1392 τι
414 1338 649 1413 γένοιτο,
701 1338 847 1415 εἶ’περ
890 1341 999 1395 τῶν
1048 1339 1506 1415 ἀπηγορευμένων
1550 1337 1734 1410 ἐνόμι-

118 1428 191 1492 ζον
218 1425 273 1479 τὸ
294 1423 648 1500 τελούμενον.
683 1426 835 1484 Ἀλλ’
872 1428 1066 1483 ἐκεῖνοι
1097 1430 1195 1497 τὴν
1224 1426 1545 1498 Ἐκκλησίαν
1590 1424 1733 1501 ἔχειν

111 1512 155 1568 ἐν
200 1514 423 1592 ἀσφαλεῖ
479 1516 749 1590 οῗόμενοι,
804 1519 878 1582 ὡς
932 1518 1280 1593 προείρηται,
1334 1518 1452 1581 καθ’
1504 1515 1610 1571 ὅτι
1644 1514 1733 1570 καὶ

111 1605 280 1677 πράξοι
330 1606 582 1679 νομισθὲν
644 1607 939 1685 συμφέρον,
996 1608 1297 1682 ἡσύχαζον,
1348 1606 1437 1661 καὶ
1480 1606 1733 1677 κινουμέ-

112 1714 200 1746 νων
250 1694 391 1769 παρά
450 1696 717 1771 βασιλέως
777 1700 884 1752 τῶν
941 1695 1207 1752 τοιούτων
1267 1695 1375 1769 (ἐπὶ
1430 1694 1573 1751 πολὺ
1630 1694 1731 1769 γὰρ

111 1777 326 1857 ἰτρίϐετο
381 1785 443 1839 τὸ
502 1784 843 1860 κινούμενον)
900 1784 1252 1859 κατημέλουν
1306 1784 1398 1840 καὶ
1450 1784 1525 1847 ὡς
1576 1781 1729 1839 οὐδὲν

111 1867 360 1944 ἐνόμιζον.

114 1997 195 2056 ιιι.Δ
240 1980 424 2056 ’ρπως
501 1980 783 2056 σταθέντος
857 1983 1053 2056 πάππα
1123 1986 1219 2056 τοῦ
1293 1981 1622 2056 Γρηγορίουᾼ,
1695 1980 1722 2034 ὁ

173 2050 412 2139 βασιλεὺς
482 2054 620 2129 πρὸς
694 2056 796 2125 τὴν
868 2056 983 2127 μετ’
1039 2054 1246 2110 ἐκείνου
1304 2050 1529 2128 εἰρήνην
1579 2052 1720 2125 ᾤκο-

156 2143 389 2193 νομειτο.

158 2230 229 2301 [Ρ.
253 2232 375 2305 251]
407 2229 579 2294 Τέλος
608 2236 706 2287 τοῦ
752 2232 886 2289 κατὰ
934 2232 1129 2309 Συρίαν
1162 2230 1492 2309 Γρηγορίου,
1524 2228 1719 2307 ἀνδρὸς

103 2446 171 2517 ﬁt,
200 2447 253 2503 in
283 2450 411 2522 ipso
447 2451 811 2509 tractationis
832 2456 1083 2510 decursu
1116 2452 1537 2509 otl'ensionibus
1557 2448 1715 2505 colli-

102 2536 339 2595 dcntium
370 2556 499 2597 sese
531 2545 794 2598 votorum
843 2543 1291 2613 studiorumque
1333 2543 1484 2597 inter
1527 2547 1718 2613 partes

101 2623 249 2699 longe
278 2628 527 2686 diversis
578 2631 855 2704 utrinque
886 2637 1322 2705 praeoccupatas
1338 2631 1640 2687 affectibus
1663 2634 1718 2686 et

100 2716 350 2774 sensibus
376 2739 390 2787 ;
412 2719 569 2776 unde
585 2719 643 2775 in
668 2720 904 2793 plenum
922 2722 1190 2778 effectum
1210 2720 1447 2777 sincerae
1480 2737 1715 2777 concor-

102 2804 192 2859 diae
237 2809 473 2879 perduci
537 2812 809 2868 tractatio
858 2829 1162 2884 nunquam
1219 2816 1432 2884 posset.
1500 2809 1717 2867 Deinde

101 2895 219 2964 quia
240 2897 325 2953 vel
358 2902 408 2954 si
442 2900 587 2956 forte
618 2902 920 2958 conventio
955 2903 1210 2974 partium
1254 2918 1531 2957 asssensu
1592 2917 1717 2956 coa-

100 2981 316 3042 lesceret
345 2988 403 3044 in
428 2994 599 3060 pacta
629 2992 905 3062 utrinque
933 2991 1229 3063 stipulata,
1260 2990 1429 3060 {haud
1479 2992 1715 3045 secutu-

102 3075 268 3130 turam
306 3080 504 3134 tamen
540 3096 798 3150 unquam
817 3080 1209 3151 Opinabantur
1240 3097 1307 3135 ex
1322 3083 1482 3151 parte
1501 3078 1717 3133 Graeco-

98 3178 209 3219 rum
236 3168 667 3224 exsecutionem
699 3172 934 3241 propter
964 3171 1077 3225 alte
1125 3169 1472 3241 impressam
1504 3166 1719 3223 animis

94 3254 325 3311 nationis
356 3255 521 3312 illius
555 3258 839 3314 universae.
862 3258 1222 3315 eversionem
1282 3275 1315 3313 a
1348 3257 1559 3312 ritibus
1592 3272 1713 3311 mo-

93 3340 370 3414 ribusque,
405 3363 474 3402 ac
505 3348 830 3417 praesertim
862 3347 1108 3419 imperio
1141 3344 1434 3419 spirituali
1468 3344 1715 3401 auctori-

96 3433 307 3505 tateque
366 3435 429 3491 in
489 3435 666 3493 rebus
722 3436 1136 3494 ecclesiasticis
1196 3435 1481 3507 superiori
1541 3450 1721 3506 agno-

94 3521 285 3577 scenda
308 3524 691 3593 Latinorum;
725 3543 794 3582 ex
814 3543 930 3597 qua
959 3525 1079 3582 iras
1109 3526 1358 3596 odiaque
1398 3524 1455 3579 in
1488 3527 1720 3579 tantum

90 3612 353 3669 exarsisse
384 3613 773 3671 dissidiorum
804 3620 1155 3672 aeternorum
1198 3614 1532 3671 incendium
1564 3613 1720 3669 vide-

89 3696 230 3768 bant,
260 3702 355 3757 cui
388 3704 547 3760 bona
578 3705 693 3761 ﬁde
722 3705 1140 3779 restinguendo
1174 3704 1397 3761 nullam
1438 3704 1719 3759 suﬂ‘ectu-

93 3801 200 3843 ram
256 3798 570 3863 appareret
618 3793 1045 3867 qualiscunque
1094 3794 1522 3850 conciliationis
1570 3793 1723 3848 inter

94 3879 262 3949 capita
290 3883 581 3953 partium,
616 3885 932 3954 quantavis
962 3884 1198 3941 sancite
1232 3882 1535 3955 religione,
1558 3899 1715 3939 reve-

93 3969 417 4027 rentiam.Ei
450 3974 683 4029 ﬁducia:
713 3974 983 4030 Ecclesiae
1015 3978 1155 4029 tunc
1188 3978 1399 4030 nostrae
1425 3972 1718 4045 principes

91 4052 1010 4135 indormientes,prasterquam,ut
1040 4063 1177 4134 dixi,
1211 4063 1435 4136 placide
1459 4062 1712 4118 admise-

92 4148 474 4218 runtprimam
498 4150 719 4207 illatam
739 4152 809 4207 ab
834 4152 1182 4224 imperatore
1206 4152 1561 4208 mentionem
1585 4151 1718 4207 sub-

82 4230 327 4299 iectionis
356 4256 527 4311 papae
562 4240 922 4312 proﬁtendae,
941 4240 1092 4296 ultro
1116 4240 1491 4311 etiam,quasi
1516 4239 1719 4311 auspi-

88 4328 259 4382 cantes
278 4330 686 4395 concordiam,
716 4329 940 4385 Frerios
972 4335 1029 4385 et
1076 4329 1334 4400 reliquos
1387 4329 1582 4395 Italos,
1618 4328 1716 4399 qui

90 4413 201 4469 tunc
218 4416 727 4491 Constantinopoli
756 4417 1569 4487 versabuntur,benevolentia
1600 4434 1714 4472 non

86 4501 280 4576 vulgari
311 4508 599 4581 amplecti
631 4508 904 4579 deinceps
951 4508 1296 4564 all‘ectarunt
1344 4508 1711 4563 communio-

88 4604 195 4647 nem
214 4593 336 4652 sine
352 4595 673 4653 discrimin
695 4597 1110 4653 eadmittentes
1136 4612 1334 4653 eorum
1356 4597 1414 4651 in
1439 4596 1713 4651 omnibus

1845 632 1952 681 τῶν
1977 626 2316 698 Ἑκκλησιῶν
2342 626 2562 701 εἰρήνης
2586 628 2672 681 καὶ
2709 626 2993 699 ὁμονοίας,
3027 627 3102 689 εἴς
3130 630 3193 683 τὸ
3217 628 3492 683 παππικὸν

1846 715 2287 791 προσκληθέντος
2343 714 2556 789 ἀξίωμα
2613 715 2703 770 καὶ
2760 713 2869 786 ἤδη
2914 718 3013 786 τὴν
3060 715 3146 771 ἐπὶ
3187 717 3405 789 Ῥώμης
3435 715 3494 772 ἐκ

1847 806 2046 879 Συρίας
2086 804 2360 871 ἀνύοντος,
2413 804 2615 880 γίνεταί
2672 805 2723 858 οἱ
2782 804 3035 878 ἐνθύμιον
3097 803 3354 877 (ἤκουστο
3386 804 3487 881 γάρ

1846 892 2034 965 ἐκείνῳ
2059 894 2161 947 κὰκ
2188 898 2294 948 τῶν
2326 897 2423 948 τοῦ
2468 892 2737 968 βασιλέως
2786 895 3120 967 μηνυμάτων
3170 894 3305 968 πρὸς
3342 895 3486 949 πάπ-

1843 1002 1946 1036 παν
1995 982 2068 1044 ὡς
2121 984 2215 1051 τὴν
2267 982 2485 1053 εἰρήνην
2536 986 2644 1037 τῶν
2696 982 3037 1053 Ἐκκλησιῶν
3084 984 3317 1057 αἱροῖτο)
3348 983 3487 1055 πέμ·

1844 1073 1938 1143 qm
1971 1072 2105 1144 πρὸς
2162 1072 2408 1146 βασιλέα,
2461 1070 2550 1125 καὶ
2578 1070 2811 1145 φιλικῶς
2881 1073 2976 1145 μὶν
3017 1072 3083 1128 τά
3129 1076 3320 1148 πρῶτα
3353 1072 3486 1127 έκεῖ-

1842 1181 1932 1214 νον
1966 1161 2320 1230 ἀσπάσασθαι,
2364 1161 2475 1233 ἅμα
2507 1157 2564 1215 δὲ
2614 1161 2701 1216 καὶ
2735 1158 2982 1226 δηλῶσαι
3010 1164 3112 1231 τήν
3142 1169 3365 1231 κΛῆσιν,
3394 1163 3481 1217 καὶ

1844 1249 1917 1310 ὡς
1970 1251 2068 1312 τῆς
2126 1249 2347 1324 εἲτρήνης
2409 1247 2649 1311 ἐκτόπως
2696 1254 2800 1304 τῶν
2862 1249 3201 1321 Ἐκκλησιῶν
3235 1249 3482 1325 ὀρέγοιτο

1842 1335 1935 1391 κᾶν
1974 1337 2233 1412 βούλοιτο
2261 1342 2421 1393 τοῦτο
2473 1338 2560 1393 καὶ
2611 1340 2638 1394 ὁ
2693 1339 2969 1413 βασιλεὺς,
3017 1340 3115 1395 οὐκ
3145 1338 3204 1394 ἂν
3237 1339 3289 1394 ἐν
3324 1336 3482 1412 ἄλλῳ

1841 1426 2079 1501 γενέσθαι
2137 1426 2363 1482 κάλλιον
2419 1428 2453 1496 ἢ
2516 1427 2679 1482 αὐτοῦ
2735 1450 2792 1501 γε
2845 1431 2944 1498 τήν
2999 1430 3282 1498 παππικήν
3334 1428 3483 1499 ἀξίαν

1841 1517 2193 1591 κατέχοντος.
2254 1521 2427 1571 Ταῦτα
2478 1521 2574 1572 τοῦ
2633 1518 2940 1593 Γρηγορίου
2975 1516 3063 1573 διδ.
3110 1518 3343 1595 φρερῖων
3373 1515 3483 1573 δια-

1846 1607 2245 1677 μηνυσαμένου,
2280 1603 2449 1675 δῆλον
2508 1606 2573 1674 ἦν
2623 1608 2695 1667 ὡς
2752 1608 2780 1661 ὁ
2844 1607 2937 1675 μὲν
2975 1613 3186 1680 κρατῶν
3214 1607 3348 1662 κατά
3381 1605 3484 1662 δει-

1842 1693 1961 1749 λίαν
2007 1698 2105 1763 τήν
2138 1695 2272 1770 πρὸς
2321 1696 2411 1748 τὸν
2461 1694 2737 1769 ΚάρουΑον
2788 1696 2886 1764 τὴν
2923 1695 3147 1771 εἰρήνην
3177 1696 3374 1766 ἐζήτει,
3407 1697 3481 1758 ὡς

1842 1782 2005 1851 αὐτῆς
2038 1804 2099 1858 γε
2134 1785 2208 1854 μή
2239 1780 2404 1853 οὔσης
2440 1781 2570 1856 μηδ’
2619 1783 2696 1847 εἷς
2741 1788 2863 1839 νοῦν
2899 1784 3075 1862 φέρειν
3110 1785 3315 1856 ἐκείνην
3363 1787 3479 1840 πώ-

1761 1909 1807 1973 B
1839 1893 1989 1939 ποτε,
2024 1874 2081 1926 oi.
2112 1870 2167 1927 δὲ
2198 1873 2318 1949 περὶ
2351 1873 2439 1928 τὸν
2474 1873 2773 1949 Γρηγόριον
2825 1872 2896 1930 δι’
2936 1876 3067 1931 αὐτὸ
3091 1880 3255 1930 τοῦτο
3287 1874 3348 1930 τὸ
3378 1881 3479 1944 τῆς

1747 3306 1789 3373 C

1837 1962 2061 2036 εἰρήνης
2089 1961 2253 2017 καλὸν
2284 1961 2371 2017 καὶ
2402 1963 2500 2031 τήν
2544 1966 2652 2017 τῶν
2705 1961 3047 2034 Ἐκκλησιῶν
3077 1960 3290 2020 ἕνωσιν.
3323 1962 3478 2033 Μηδὲ

1831 2050 1934 2125 γὰρ
1996 2048 2201 2105 δίκαιον
2260 2048 2389 2123 μηδ’
2446 2051 2593 2113 ὅλως
2650 2048 2878 2128 εὔλογον
2928 2048 3054 2122 ἔθνή
3101 2057 3325 2107 τοιαῦτα
3382 2052 3469 2107 ἐπὶ

1834 2144 2051 2210 μικροῖς
2094 2160 2201 2193 τισι
2263 2136 2627 2215 διαφέρεσθαι,
2685 2139 2813 2195 ἀλλ’
2877 2142 2911 2211 ἢ
2971 2138 3348 2214 ἀποδούμενον
3376 2140 3471 2204 τὰς

1828 2227 2001 2291 αἰτίας
2076 2228 2166 2283 τὸν
2249 2227 2576 2303 αἰτιώμενον
2661 2228 2956 2305 εἰρηνεύειν
3033 2230 3293 2307 παρέχειν
3354 2236 3471 2293 τοῖς

1828 2446 2182 2502 viderentur.
2218 2446 2304 2502 Illi
2339 2450 2534 2502 autem
2560 2446 2619 2502 in
2641 2451 2767 2503 tuto
2792 2465 3129 2506 mansuram
3154 2449 3330 2506 salvis
3348 2450 3473 2506 suis

1828 2535 2151 2608 privilegiis
2186 2553 2251 2592 ac
2275 2536 2515 2607 juribus
2545 2536 3190 2610 Ecclesiam,quidquid
3214 2540 3469 2611 impera-

1829 2624 2048 2680 toristis
2098 2625 2501 2681 molitionibus
2560 2625 2838 2682 utilitatis
2882 2627 3103 2684 intuitu
3163 2630 3470 2701 praesentis

1829 2714 2100 2781 efﬁceret,
2151 2715 2442 2784 arbitrari,
2476 2719 2539 2771 ut
2569 2716 2792 2772 dictum
2824 2722 2929 2787 est,
2963 2718 3328 2789 quieverunt,
3386 2717 3475 2776 vel

1827 2803 1989 2875 ipsos
2015 2803 2115 2859 illo
2144 2804 2398 2874 quodam
2432 2806 2608 2861 tacito
2651 2805 2870 2861 silentii
2902 2808 3178 2878 suffragio
3209 2825 3473 2881 compro-

1828 2892 1964 2948 bare
1992 2893 2103 2948 visi
2132 2910 2258 2965 quas
2290 2894 2607 2965 imperator
2639 2912 2867 2951 movere
2901 2896 2971 2951 de
3002 2898 3218 2953 talibus
3275 2898 3470 2970 incep-

1828 2982 2008 3037 tabat.
2043 2982 2154 3038 Nec
2187 3000 2463 3053 processu
2495 2983 2654 3054 ipsos
2686 2985 2900 3057 negotii
2944 3002 3048 3058 per
3076 2985 3262 3043 lentas
3297 2988 3467 3042 tracti

1828 3088 2023 3127 moras
2051 3072 2285 3127 excitati
2319 3076 2479 3139 sunt,
2511 3072 2720 3129 stolide
2749 3075 2936 3129 securi
2986 3093 3088 3148 per
3134 3076 3468 3148 opinionem

1828 3159 2060 3230 falsam,
2096 3178 2211 3233 qua
2243 3165 2427 3232 empta
2468 3162 2756 3232 ejusmodi
2807 3180 3108 3236 nunquam
3160 3166 3232 3221 ad
3293 3166 3468 3221 ﬁnem

1828 3251 2193 3324 provehenda
2222 3268 2571 3324 persuasum
2596 3252 2905 3310 habebant.

1828 3412 1915 3467 11.
1955 3412 2015 3468 Ut
2053 3414 2351 3469 constituto
2391 3428 2533 3484 papa
2579 3414 2848 3480 Gregorio
2891 3412 3193 3484 imperator
3239 3432 3363 3472 cum
3410 3434 3475 3473 eo

2208 3483 2439 3538 tractari
2457 3499 2645 3554 pacem
2675 3483 3089 3555 procuraverit.

1897 3605 2047 3663 Dum
2077 3607 2196 3663 haec
2231 3607 2551 3680 agitantur,
2579 3608 2854 3681 Gregorio
2876 3609 2977 3681 qui
3015 3615 3141 3666 erat
3183 3611 3242 3666 in
3283 3613 3470 3685 Syria,

1825 3698 1947 3753 viro
1962 3697 2075 3754 late
2091 3698 2382 3754 celebrato
2402 3698 2557 3754 fama
2572 3698 2806 3756 virtutis
2819 3700 3470 3773 etinsigniterstudioso

1826 3788 2082 3861 antiquae
2114 3787 2504 3845 Ecclesiarum
2530 3789 2691 3862 pacis
2732 3797 2905 3861 alque
2960 3792 3305 3864 concordiae,
3336 3798 3466 3850 tan-

1825 3878 1955 3933 dem
1984 3879 2040 3933 in
2061 3877 2327 3950 papalem
2358 3877 2702 3950 dignitatem
2716 3884 2917 3935 vocato
2933 3881 3463 3954 eteSyriaRomam

1816 3969 1939 4039 jam
1976 3969 2045 4023 ad
2071 3969 2178 4024 hoc
2226 3968 2640 4041 proficiscenti,
2671 3970 2831 4025 venit
2861 3971 2918 4025 in
2953 3976 3204 4028 mentem
3237 3974 3468 4030 mittere

1824 4058 1893 4113 ad
1929 4058 2335 4130 imperatorem
2381 4063 2569 4115 certos
2600 4058 2869 4116 homines
2909 4078 3042 4116 cum
3099 4061 3332 4133 litteris,
3366 4064 3469 4135 qui

1822 4164 1953 4203 eum
2022 4147 2281 4218 primum
2333 4165 2366 4203 a
2418 4164 2480 4204 se
2534 4147 3082 4206 benevolentissime
3120 4152 3468 4223 salutarent,

1818 4236 2261 4306 indicarentque
2293 4236 2385 4291 sui
2418 4237 2777 4292 vocationem
2803 4238 2872 4293 ad
2900 4241 3473 4313 papatum,denique

1820 4326 2185 4383 declararent
2213 4328 2431 4399 ingenti
2464 4344 2524 4384 se
2556 4329 2758 4385 ardere
2781 4330 3067 4386 desiderio
3089 4335 3471 4403 procuranda:

1819 4416 1979 4488 pacis
2007 4416 2391 4473 Ecclesiarum
2425 4422 2481 4472 et
2511 4418 2690 4472 firmae
2742 4418 2893 4474 inter
2944 4435 3042 4475 eas
3091 4421 3468 4478 concilianda

1819 4506 2160 4562 concordiae.
2196 4507 2478 4574 Quocirca
2534 4508 2954 4579 significarent,
2991 4510 3040 4565 si
3093 4512 3218 4583 pari
3267 4512 3464 4569 studio

1818 4599 2115 4651 teneretur
2146 4596 2463 4667 imperator
2489 4597 2780 4665 (audierat
2801 4598 2959 4653 enim
2979 4600 3290 4671 Gregorius
3323 4601 3464 4673 quid

87 4694 190 4773 qua:
244 4683 652 4742 Christianam
707 4684 1044 4757 religionem
1115 4686 1481 4754 attinebant;
1550 4688 1607 4740 et
1659 4684 1707 4740 si
1739 4670 1788 4736 D
1819 4688 1892 4743 ab
1940 4688 2067 4760 ipso
2108 4689 2322 4745 moveri
2375 4693 2629 4762 coeptum
2684 4691 2755 4745 de
2812 4691 2921 4747 hoc
2968 4670 3177 4764 genere
3234 4670 3466 4773 fuisset,

89 4766 214 4825 389
235 4774 375 4844 quid
410 4774 556 4846 plus
580 4773 929 4846 exigeretur,
967 4774 1123 4830 baud
1149 4791 1209 4830 se
1233 4775 1501 4846 praefecte
1536 4790 1714 4846 repu-

87 4864 336 4928 gnaturos
359 4882 482 4936 pra:
502 4881 571 4920 se
596 4862 1138 4932 ierebant,nimium
1156 4863 1453 4935 simplices
1472 4864 1711 4935 quidam

90 4960 141 5002 ac
159 4950 305 5008 stulti
320 4953 488 5025 (quid
511 4952 678 5011 enim
697 4951 888 5008 dicam
907 4952 1099 5009 lenius
1122 4952 1278 5025 ?)qui
1294 4970 1407 5010 non
1428 4954 1715 5009 sentirent

87 5040 201 5107 quid
230 5046 612 5115 ageretur,et
642 5058 814 5114 quem
846 5042 904 5097 in
936 5041 1150 5098 exitum
1177 5043 1247 5098 ab
1283 5042 1373 5099 bis
1406 5041 1713 5115 principiis

88 5142 272 5196 pronus
298 5132 510 5207 lapsus
564 5136 747 5200 esset,
782 5149 899 5204 prae
933 5133 1142 5189 mentis
1185 5132 1534 5190 hebetudine
1596 5150 1709 5189 non

88 5224 851 5296 prospexerintﬂportuerat
880 5222 1035 5278 enim
1065 5240 1099 5279 a
1121 5222 1327 5295 primis
1368 5224 1497 5295 jam
1527 5223 1710 5279 initiis

86 5306 343 5375 obstitisse
372 5314 612 5379 acriter,
633 5329 699 5368 ac
730 5310 883 5368 clare
911 5312 1287 5383 raclamasse,
1308 5312 1710 5369 denuntiando

87 5400 391 5474 neutiquam
424 5421 493 5461 se
525 5406 881 5475 accepturos
903 5405 1003 5457 aut
1024 5406 1212 5459 ratam
1244 5419 1507 5475 unquam
1539 5402 1708 5459 babi-

90 5488 222 5547 turos
248 5494 709 5552 conventionem
743 5490 1069 5563 ullam,qua
1104 5492 1330 5548 dudum
1363 5494 1517 5565 apud
1549 5492 1711 5565 ipsos

92 5580 280 5639 sancite
298 5584 369 5642 de
395 5581 795 5658 praerogativa
824 5598 943 5637 suae
976 5581 1135 5638 sedis
1164 5582 1355 5653 deque
1390 5582 1520 5640 aliis
1569 5584 1708 5655 dog-

91 5671 309 5731 matibus
331 5692 396 5733 ac
430 5671 763 5741 ritibus,ab
785 5687 899 5727 usu
930 5686 1229 5743 sensuque
1261 5672 1604 5730 Latinorum
1638 5674 1709 5729 ab

92 5748 449 5840 horrentibus,
508 5760 782 5822 rescindi
828 5757 917 5817 vel
948 5758 1236 5818 inﬁrmari
1294 5762 1708 5834 quoquomodo

1825 4778 2082 4850 quidque
2110 4780 2230 4851 jam
2251 4796 2426 4852 super
2457 4796 2525 4836 ea
2556 4795 2615 4835 re
2646 4781 2937 4837 decessori
2971 4798 3079 4839 suo
3127 4801 3289 4857 papae
3337 4789 3466 4847 Cle-

1823 4869 2007 4924 menti
2041 4870 2429 4925 nuntiandum
2463 4887 2494 4925 a
2518 4886 2579 4925 se
2610 4872 3231 4944 curasset),nunquam
3263 4877 3314 4932 ei
3346 4878 3468 4936 fore

1822 4959 2192 5015 commodius
2226 4965 2460 5032 tempus
2504 4962 2632 5032 ejus
2690 4961 2908 5033 negotii
2966 4963 3121 5019 870
3179 4972 3470 5026 tractandi

1822 5064 2002 5119 quam
2034 5066 2095 5104 se
2127 5048 2392 5121 papalem
2425 5050 2724 5106 obtinente
2746 5050 3111 5120 dignitatem.
3143 5054 3305 5112 Talia
3334 5076 3468 5116 cum

1822 5136 2137 5209 Gregorius
2197 5138 2537 5209 imperatori
2594 5155 2697 5211 per
2762 5139 2987 5196 Frerios
3037 5142 3469 5217 denuntiasset,

1822 5226 2199 5282 manifestum
2232 5226 2342 5282 fuit
2372 5227 2785 5300 imperatorem
2817 5229 3056 5301 quidem
3090 5248 3195 5304 per
3227 5235 3471 5306 pusilla-

1822 5316 2151 5372 nimitatem
2186 5316 2400 5386 solum,
2424 5322 2583 5373 metu
2614 5320 3052 5376 consternatum
3079 5330 3473 5393 apparatuum

1820 5403 2029 5470 Caroli,
2081 5408 2153 5461 ad
2213 5406 2372 5462 istud
2434 5407 2813 5479 procurandae
2865 5408 3026 5479 pacis
3074 5409 3469 5471 Ecclesiarum

1820 5493 2136 5551 consilium
2167 5494 2467 5567 appulisse
2498 5496 2787 5564 animum,
2812 5496 3037 5553 nullam
3055 5515 3316 5571 unquam
3338 5504 3473 5560 abs-

1819 5599 1933 5657 que
1964 5584 2074 5641 boc
2108 5586 2253 5642 foret
2283 5586 2363 5641 rei
2405 5584 2538 5642 talis
2566 5584 2979 5658 cogitationem
3012 5594 3428 5661 suscepturum
3455 5612 3469 5650 ε

1819 5673 2164 5747 Gregorium
2194 5692 2327 5731 vero
2361 5676 2418 5730 in
2452 5675 2608 5731 idem
2649 5675 2913 5731 studium
2958 5678 3301 5736 incumbere
3348 5683 3473 5740 sola

1818 5766 2056 5835 captum
2091 5764 2217 5835 ejus
2240 5764 2322 5820 rei
2352 5762 2678 5834 honestate,
2713 5764 2869 5835 quod
2930 5763 3144 5823 videret
3182 5774 3470 5840 quantum
3562 5790 3565 5793 λ
