4242 6438
668 379 774 435 823

1977 378 2282 435 GEORGII
2318 378 2782 437 ΡΔΟΗῩΜΕΒΒ

3971 384 4075 440 824

675 493 1031 581 ἀδελφοῖςμῆ
1067 496 1174 570 μὴν
1199 493 1251 551 έν
1276 501 1394 560 τοῖς
1420 492 1584 559 ἲδίοις
1613 493 1888 574 διρφικίοις
1919 495 2014 553 εἴτ’
2042 518 2134 552 ουν
2178 518 2317 574 προ·
2348 502 2402 568 Α
2434 501 2634 573 ρήνης,
2665 502 2695 557 ’ὃ
2727 499 2793 571 δὴ
2852 503 2942 558 καὶ
2999 503 3199 579 γίνεται
3249 504 3491 580 ὕστερον.
3551 507 3710 561 Ταῦτ’
3767 503 3941 581 ἔλεγε,
3986 508 4079 561 καὶ

671 585 892 660 νομίοις
954 580 1063 648 ὄνθ’
1125 584 1373 660 ἑκάτερον
1435 587 1519 658 [Ρ.
1550 588 1678 659 252]
1741 587 1816 659 μή
1877 585 2020 641 οὕτω
2051 585 2326 663 διαφόρως

678 676 828 750 ἔχειν
889 675 980 730 καὶ
1037 675 1362 750 ἂκηρύκτως
1416 675 1694 747 ἀλλήλοις
1740 677 2178 753 ἀπεχθάνεσθαι·
2230 678 2324 753 ἀρ-

679 771 792 820 κεῖν
852 764 954 839 γὰρ
1009 761 1339 842 ἀμφοτέροις
1391 765 1520 828 τοὺς
1580 766 1810 841 ἐχθροὺς
1837 771 1933 822 τοῦ
1965 772 2217 841 σταυροῦ,
2249 769 2321 821 ὧν

674 855 738 910 τὸ
768 853 928 914 τέλος
960 852 1230 922 ἀπώλεια,
1261 854 1353 909 καὶ
1408 855 1682 930 ἀγαπητὸν
1713 856 2088 931 ἀποχρώντως
2135 856 2324 934 φέρον-

675 964 773 1006 τας
831 940 1004 1016 ὄνομα
1063 947 1159 998 τοῦ
1216 948 1454 1018 Χριστοῦ
1531 943 1668 1020 πρὸς
1733 944 1970 1008 ἐκείνους
2034 949 2325 1020 μάχεσθαι,

678 1029 816 1087 ὅπου
872 1031 963 1086 καὶ
1015 1032 1078 1087 τὸ
1134 1037 1283 1103 νικᾷν
1335 1032 1611 1088 ἐπαινετὸν
1664 1033 1753 1088 καὶ
1809 1035 1871 1089 τὸ
1932 1033 2328 1110 ἀποτυγχάνειν

677 1122 975 1196 σωτήριον,
1035 1115 1178 1194 ἔργῳ
1232 1123 1332 1191 τήν
1393 1124 1700 1197 προθυμίαν
1753 1120 2005 1193 δείξασιν.
2037 1121 2195 1181 Οὕτω
2231 1125 2324 1196 μὲν

676 1207 768 1264 οῦν
801 1210 940 1284 πρὸς
971 1207 1259 1279 ἀλλήλους
1311 1207 1526 1284 ἔχοντες
1581 1209 1836 1286 βασιλεὺς
1881 1213 1968 1266 καὶ
2001 1212 2326 1288 Γρηγόριος,

674 1301 702 1353 ὁ
738 1299 832 1373 μὲν
866 1298 988 1369 ἤϊεν
1021 1298 1097 1361 είς
1128 1299 1190 1353 τὸ
1247 1299 1435 1372 πρόσω
1486 1301 1588 1367 τήν
1649 1301 1992 1375 χειροτονίαν
2019 1299 2326 1374 δεξόμενος,

678 1386 935 1463 βασιλεὺς
969 1384 1027 1442 δὲ
1065 1387 1241 1449 πολὺς
1298 1388 1362 1457 ἧν
1425 1387 1661 1443 ἐντεῦθεν
1715 1394 1785 1464 τῇ
1843 1388 2054 1464 συνόδῳ
2112 1390 2325 1465 ἐπέχων

673 1476 882 1531 καὶτὸν
936 1477 1286 1552 πατριάρχην
1349 1478 1698 1540 θὼπευτικῶς
1753 1478 2132 1554 ὑπερχόμενος
2185 1481 2327 1534 ὑπο-

676 1563 881 1619 κλίνειν
931 1565 1019 1619 καὶ
1071 1564 1250 1619 ἀνύειν
1286 1566 1348 1619 τὸ
1394 1563 1830 1639 σπουδαζόμενον
1864 1589 1876 1601 ο
1935 1569 2068 1622 εἶναι
2106 1569 2208 1644 γάρ
2238 1567 2328 1622 καὶ

679 1649 850 1729 ἄνδρα
879 1659 981 1722 τῆς
1037 1652 1261 1728 εἰρήνης
1316 1654 1410 1709 τὸν
1465 1653 1684 1709 πάππαν
1745 1657 1835 1710 καὶ
1894 1655 2183 1729 ἐπιθυμίας
2226 1665 2326 1727 τῆς

675 1741 1013 1817 κρείττονος.
1047 1742 1177 1796 Μετ’
1234 1740 1295 1796 οὐ
1354 1742 1499 1798 πολὺ
1555 1741 1612 1797 δὲ
1669 1742 2028 1807 καταστάντος
2059 1750 2156 1799 τοῦ
2187 1752 2328 1818 Γρη-

2429 593 2546 650 ταῖς
2580 589 2863 659 ἀληθείαις
2922 591 3264 663 σπουδαστής
3320 595 3389 662 ἦν
3443 600 3544 658 ταῖς
3595 594 3817 668 εἷρήνης
3874 594 4075 669 θερμός

2429 696 2610 747 τατος,
2664 679 2802 734 ὥστε
2857 679 3132 743 πολλάκις
3197 683 3286 735 καὶ
3362 677 3734 756 παραϐάλλων
3765 680 4084 756 παρτιᾶρχῃ

2430 785 2488 818 τε
2517 765 2605 819 καὶ
2645 770 2712 840 τῇ
2747 766 2957 841 συνόδῳ
3013 769 3364 843 κατελιπάρει
3420 772 3509 825 καὶ
3565 770 3765 841 ταύτην
3813 771 4083 826 ἐπέσπευ-

2433 851 2510 920 δε,
2570 855 2636 909 τὰ
2695 858 2789 928 μὲν
2845 860 2964 922 καθ’
3019 861 3166 931 ἡμᾶς
3224 859 3532 930 ἐκθειάζων,
3593 861 3720 915 ὥστ’
3778 861 3949 916 ένίοτε
3994 863 4086 916 καὶ

2433 943 2520 997 ὅτε
2577 945 2604 997 ὁ
2661 948 3007 1022 πατριάρχης
3066 947 3440 1024 λειτουργοίη,
3474 950 3634 1004 αὐτὸν
3692 950 4089 1022 ἀποτιθέμενον

2430 1032 2530 1100 τὴν
2561 1032 2900 1111 καλύπτραν,
2935 1035 2996 1090 οὐ
3033 1038 3140 1108 μὴν
3193 1035 3250 1091 δὲ
3299 1036 3443 1093 ἀλλά
3488 1037 3735 1100 καὶτοὺς
3772 1041 3888 1112 μετ’
3921 1038 4090 1093 αὐτοῦ

2434 1119 2908 1196 συλλαμϐάνοντα,
2962 1126 3300 1201 είσέρχεσθαι
3355 1128 3422 1181 τά
3466 1125 3651 1192 ἄδυτα,
3694 1128 3964 1202 καὶπαρά
3991 1128 4088 1182 τὸν

2431 1212 2672 1284 τυχόντα
2731 1214 2991 1290 ἀρχιερέα
3054 1216 3341 1287 ἱστάμενον
3393 1216 3492 1279 τὰς
3544 1217 3803 1289 μυστικὰς
3851 1238 4090 1270 συνανα-

2432 1301 2715 1373 γινώσκειν
2749 1302 2913 1378 εὐχὰς
2945 1305 3079 1376 μετά
3126 1305 3305 1375 πάσης
3355 1303 3790 1375 ένθουσιότητος.
3822 1306 3956 1367 Τοῖς
3997 1308 4094 1377 μὲν

2435 1389 2526 1445 οὖν
2558 1394 2850 1468 ἡμετέροις
2901 1392 3042 1449 οὕτω
3090 1395 3336 1466 κοσμίως
3389 1395 3478 1449 καὶ
3527 1390 3778 1458 εὐλαϐῶς
3819 1395 4094 1472 προσεφέ-

2437 1501 2580 1554 ρετο,
2614 1484 2751 1558 πρὸς
2783 1480 2828 1537 δ’
2862 1483 3103 1546 Ἰταλοὺς
3147 1483 3366 1561 ἀφορῶν
3418 1483 3585 1539 καλὸν
3634 1485 3766 1539 εἶναι
3796 1486 3886 1538 καὶ
3919 1484 4100 1563 ἄστρα-

2439 1570 2532 1634 Λές
2561 1567 2747 1646 ἔλεγεν
2777 1572 3078 1649 ἀφεμένους
3136 1579 3237 1642 τῆς
3291 1575 3614 1648 προσθήκης
3665 1573 3740 1635 εἷς
3783 1571 4096 1628 σκάνδαλον

2436 1660 2772 1734 προειμένης
2828 1668 2945 1726 τοῖς
3005 1660 3266 1741 ἀδελφοῖς
3322 1663 3495 1724 οὕτως
3554 1662 3874 1739 εἰρηνεύειν.
3936 1664 4002 1720 Εἰ
4051 1657 4096 1717 δ’

2440 1747 2555 1818 οὖν,
2601 1749 2918 1815 καὶαύτοὺς
2979 1751 3464 1825 ἀπολογουμένους
3525 1751 3612 1807 ἰπὶ
3671 1757 3738 1826 τῇ
3797 1755 4097 1829 προσθήκῃ

674 1828 867 1906 γορίου
924 1825 1178 1924 πρέσϐεις
1218 1831 1422 1924 -έκεῖθεν
1477 1828 1955 1906 καταλαμϐάνουσι
2002 1835 2075 1924 ,τὸ
2124 1836 2327 1904 Βυζάν-
2359 1862 2406 1924 Β
2439 1835 2650 1893 δίκαιον
2713 1837 2987 1915 δέχεσθαι,
3048 1841 3185 1894 ὥστε
3241 1842 3327 1896 καὶ
3376 1840 3503 1903 τοὺς
3565 1843 3659 1914 μὶν
3717 1825 3979 1916 λέγοντας
4040 1825 4100 1895 ὲκ

670 1940 812 1989 τιον,
865 1920 957 1973 καὶ
1018 1919 1070 1974 οἳ
1134 1915 1386 1995 πρέσϐεις
1447 1923 1684 1998 φρέριοι,
1744 1923 1817 1976 ὧν
1876 1924 1950 1987 εἷς
1973 1923 2039 1992 ἧν
2069 1926 2325 1995 Ἰωάννης

670 2008 1003 2084 Παράστρων
1073 2009 1486 2085 ὠνομασμένος,
1517 2010 1756 2082 πολίτης
1789 2014 2028 2088 ἀρχῆθεν
2061 2016 2148 2069 καὶ
2203 2017 2324 2086 ξυν-

668 2097 788 2160 ετὸς
818 2098 885 2152 τά
918 2096 974 2161 ές
1029 2097 1285 2174 γλῶσσαν
1342 2099 1616 2171 Ἕλληνα,
1676 2102 1721 2173 ᾧ
1780 2099 1846 2172 δὴ
1896 2106 1986 2157 καὶ
2047 2109 2214 2173 ζῆλος
2253 2104 2320 2173 ἦν

671 2188 804 2264 ὑπὲρ
837 2194 939 2258 τῆς
968 2193 1077 2244 τῶν
1137 2191 1484 2261 Ἐκκλησιῶν
1548 2189 1812 2263 ένώσεως,
1867 2192 1941 2255 ὡς
1993 2191 2197 2256 ἐκεῖνος
2231 2193 2322 2250 λέ-

666 2298 778 2353 γων
810 2280 1068 2353 παρίστα,
1128 2280 1267 2335 ὥστε
1322 2279 1412 2335 καὶ
1471 2279 1744 2344 πολλάκις
1800 2283 2157 2357 κατεύχεσθαι
2198 2284 2322 2338 ἑαυ-

667 2370 765 2422 τοῦ
795 2366 987 2424 αὐτίκα
1046 2367 1295 2444 θάνατον,
1347 2369 1413 2440 ἧν
1476 2369 1640 2444 μόνον
1697 2365 1936 2448 προϐαίη
1992 2372 2058 2426 τά
2103 2378 2202 2443 τῆς
2247 2373 2325 2428 εἰ-

671 2591 811 2648 boni
842 2608 912 2649 ex
930 2608 1000 2648 ea
1029 2591 1432 2669 conciliatione
1454 2593 1920 2649 redundaturum
1944 2594 2003 2649 in
2023 2593 2318 2666 publicam

675 2681 1014 2739 felicitatem
1074 2683 1242 2750 foret,
1302 2686 1713 2754 reputaretque
1773 2699 1877 2739 nec
1933 2684 2169 2754 justum
2221 2699 2328 2740 nec

674 2771 1029 2828 conveniens
1077 2787 1207 2828 esse
1263 2771 1410 2827 tales
1469 2789 1536 2827 ac
1593 2776 1788 2828 tantas
1843 2776 2046 2844 gentes
2100 2773 2328 2846 exiguis

672 2861 870 2918 causis
900 2861 960 2917 in
992 2866 1239 2917 internas
1271 2861 1564 2934 implicari
1605 2862 1960 2934 simultates,
1985 2869 2328 2935 quantoque

671 2950 1104 3007 conducibilius
1137 2952 1398 3008 futurum
1433 2956 1608 3022 esset,
1644 2969 2008 3025 quaecunque
2061 2953 2326 3025 ipsarum

673 3039 730 3094 in
763 3039 936 3112 culpa
965 3039 1523 3113 deprehenderetur,
1539 3058 1664 3097 eam
1691 3043 1844 3098 bona
1873 3043 1984 3097 ﬁde
2015 3042 2327 3097 emendare

671 3145 739 3184 ac
783 3145 1036 3202 purgare
1085 3129 1304 3186 crimen
1350 3146 1547 3204 suum,
1598 3131 1948 3203 sublataque
2006 3131 2328 3186 offensione

2437 1927 2648 2002 Ηατρὸς
2680 1929 2811 1983 Υἱοῦ
2841 1950 2918 1998 τε,
2967 1931 3106 2003 ὑμᾶς
3152 1930 3211 1984 ἐκ
3257 1931 3468 2004 [ἰατρὸς
3516 1926 3587 1984 δι’
3617 1931 3745 1985 Υἱοῦ
3771 1931 3834 1984 τὸ
3869 1935 4098 2003 Πνεῦμα

2430 2016 2493 2071 τὸ
2555 2018 2709 2093 ἅγιον
2770 2016 3177 2092 ἐκπορεύεσθαι,
3237 2016 3705 2093 παραπληκτίζειν
3765 2019 3857 2074 καὶ
3917 2017 4093 2096 ἄμφω

2431 2105 2509 2168 εἷς
2584 2111 2719 2162 Θεοῦ
2798 2112 3071 2184 μυστήρια
3122 2110 3599 2183 παρακύπτοντας.
3678 2109 3920 2170 Ἐκεῖνος
3999 2109 4098 2181 μὲν

2431 2197 2581 2250 ταῦτ’
2610 2192 2768 2270 ἔλεγε
2796 2196 2886 2250 καὶ
2934 2197 3236 2265 συσκιάζων
3285 2197 3347 2251 τὸ
3396 2195 3486 2250 ἐπὶ
3535 2201 3616 2268 τῷ
3648 2191 3930 2270 Συμϐόλῳ
3963 2195 4102 2251 τόλ-

2436 2306 2617 2358 μημα,
2667 2280 2890 2360 πρέσϐις
2942 2283 3014 2339 ὢν
3063 2285 3151 2340 καὶ
3205 2282 3482 2361 προῦργου
3535 2284 3750 2358 μᾶλλον
3795 2285 4006 2348 παντὸς
4034 2285 4100 2339 τὸ

2432 2369 2869 2450 πρεσϐευόμενον
2904 2371 3076 2429 θέλων
3109 2373 3314 2429 ἀνύτειν
3343 2394 3355 2407 ·
3413 2375 3464 2429 οἱ
3515 2372 3573 2430 δε
3609 2381 3710 2445 τῆς
3757 2373 4103 2444 Ἐκκλησίας

2438 2597 2818 2669 prudensque
2839 2613 2905 2653 ac
2935 2598 3188 2653 disertus
3209 2597 3406 2653 Graeca
3454 2596 3676 2670 lingua.
3709 2597 3815 2653 Hic
3862 2602 3919 2653 et
3967 2614 4105 2653 ver-

2438 2686 2511 2742 bo
2544 2686 2881 2742 afﬁrmabat
2901 2691 2958 2742 et
2989 2686 3156 2743 factis
3207 2704 3322 2758 prs:
3351 2703 3413 2742 se
3473 2687 3697 2742 ferebat
3746 2687 3977 2759 ingenti
4035 2703 4100 2742 se

2437 2776 2634 2833 studio
2666 2777 2912 2848 ﬂagrare
2942 2777 3318 2832 conciliandae
3353 2777 3506 2832 inter
3547 2776 3850 2832 discordes
3896 2776 4107 2832 Eccle-

2443 2866 2562 2921 sias
2594 2866 2927 2937 pacis,adeo
2959 2871 3023 2922 ut
3053 2883 3203 2938 saepe
3224 2866 3529 2922 audiretur
3557 2869 3758 2938 optare
3779 2870 3958 2938 atque
3987 2866 4110 2921 im-

2437 2955 2660 3027 precari
2690 2955 2799 3011 sibi
2833 2960 3078 3012 mortem
3127 2960 3407 3027 tanquam
3457 2955 3600 3010 nihil
3655 2955 3921 3011 censenti
3985 2955 4108 3010 sibi

2437 3049 2663 3100 restare
2712 3044 2967 3116 amplius
3015 3046 3173 3117 quod
3216 3046 3276 3100 in
3335 3045 3455 3100 vita
3507 3049 3768 3116 cuperet,
3819 3043 3870 3100 si
3917 3046 4108 3100 modo

2437 3132 2785 3204 contigisset
2805 3133 3113 3204 procedere
3126 3133 3371 3189 feliciter
3391 3133 3464 3188 ad
3497 3133 3895 3188 desideratum
3918 3133 4110 3187 ﬁnem

673 3217 931 3289 praebere
962 3218 1244 3274 fratribus
1303 3235 1527 3290 pacem,
1585 3219 1965 3292 vicissimque
2024 3224 2321 3291 acceptam
2357 3241 2400 3307 ρ
2438 3221 2738 3293 negotium
2771 3222 2926 3294 quod
2962 3226 3310 3278 tractaretur
3339 3222 3540 3295 pacis;
3573 3223 3747 3293 cujus
3769 3226 3826 3276 et
3855 3238 4113 3292 compos

675 3308 903 3363 sincera
936 3312 1130 3363 mente
1161 3307 1388 3375 colere;
1423 3313 1524 3364 aut
1554 3315 1707 3364 certe
1737 3309 1786 3364 si
1819 3309 2327 3381 postdisquisitio-

679 3412 815 3452 nem
855 3400 1153 3453 constaret
1181 3396 1328 3452 nihil
1363 3397 1421 3452 in
1455 3399 1670 3454 utravis
1702 3414 1831 3454 esse
1853 3399 2008 3470 quod
2033 3398 2172 3469 jure
2202 3397 2326 3453 cul-

681 3490 940 3560 paretur,
975 3481 1344 3559 perseVerare
1377 3487 1692 3558 tranquille
1723 3488 1927 3543 ambas
1959 3488 2017 3542 in
2078 3488 2330 3559 pr0priis

679 3592 1164 3648 unamquamque
1215 3575 1427 3632 ofﬁciis
1496 3593 1561 3632 ac
1628 3577 1838 3632 ritibus
1898 3594 2009 3632 usu
2066 3576 2329 3649 legitimo

682 3665 1092 3733 statutis,nihil
1127 3664 1294 3721 alteri
1325 3671 1906 3734 succensentem,nec
1928 3665 2326 3736 internecinis,

679 3761 746 3812 ut
773 3756 1081 3823 hactenus,
1105 3754 1353 3811 invicem
1376 3755 1526 3811 odiis
1553 3755 2144 3826 contentionibusque
2167 3772 2331 3811 com-

679 3846 893 3904 missas
908 3845 1376 3919 implacabilium
1397 3851 1453 3902 et
1468 3847 1845 3903 exitiosarum
1864 3848 2096 3919 utrique
2114 3848 2330 3903 discor-

675 3937 904 3994 diarum
939 3937 1138 3993 funem
1172 3938 1418 4006 ducere;
1460 3938 1730 3993 sufﬁcere
1787 3937 2004 4010 quippe
2057 3938 2327 4010 utrisque

671 4027 873 4084 hostes
903 4027 1379 4100 crucis,quorum
1407 4027 1542 4083 ﬁnis
1573 4028 1871 4084 interitus.
1905 4028 2177 4097 Abunde,
2235 4028 2330 4083 in-

668 4134 944 4190 quam,ac
975 4116 1308 4189 multOplus
1343 4133 1520 4188 quam
1555 4116 1632 4172 sit
1664 4117 1808 4173 satis
1839 4121 2150 4189 suppetere
2179 4133 2323 4190 gen-

668 4207 819 4264 tium
851 4206 1312 4277 infensarum,in
1345 4206 1565 4277 quibus
1595 4206 2006 4279 oppugnandis
2038 4207 2135 4278 qui
2157 4207 2323 4264 Chri-

668 4297 742 4355 sti
775 4296 1014 4354 nomine
1043 4301 1361 4352 censentur
1389 4295 1667 4351 virtutem
1718 4313 1886 4352 suam
1920 4295 2188 4352 bellicam
2223 4313 2323 4352 ex-

665 4387 1020 4459 perirentur,
1053 4385 1270 4457 quibus
1302 4383 1473 4440 hellis
1504 4389 1562 4440 et
1614 4385 1848 4441 vincere
1910 4384 2231 4457 gloriosum
2265 4390 2323 4441 et

661 4463 813 4532 vinci
848 4475 1107 4532 salutare
1128 4479 1218 4531 est
1247 4478 1488 4547 prapter
1516 4474 1813 4546 ingentem
1848 4475 2172 4530 mercedem
2205 4474 2321 4530 illis

662 4567 762 4640 qui
797 4581 973 4622 suum
1006 4565 1294 4635 studium,
1348 4581 1525 4637 opera
1565 4565 1740 4620 etiam
1796 4581 2076 4621 successu
2127 4582 2318 4635 cassa,

660 4656 1029 4714 ostenderint
1058 4673 1092 4711 a
1121 4655 1235 4712 Deo
1264 4654 1610 4710 ﬁdelissime
1641 4656 2194 4726 repraesentandam.
2226 4655 2320 4713 Sic

659 4748 908 4804 invicem
938 4745 1128 4802 affecti
1162 4744 1376 4801 animis
1408 4744 1730 4816 imperator
1769 4749 1827 4799 et
1857 4744 2193 4816 Gregorius,
2224 4745 2316 4802 hic

655 4838 896 4911 quidem
950 4841 1141 4909 ccepta
1178 4836 1272 4893 via
1314 4835 1824 4908 progrediebatur,
1885 4836 2312 4893 ordinationem

661 4931 1053 5001 percepturus
1115 4942 1322 4993 suam;
1358 4925 1458 4980 ille
1490 4929 1686 4980 autem
1713 4923 1938 4980 multus
1968 4933 2089 4980 erat
2112 4926 2170 4979 in
2187 4942 2313 4981 am-

655 5018 872 5074 bienda
894 5016 1116 5091 synodo
1130 5014 1643 5088 eblandiendoque
1658 5015 2005 5086 patriarcha:
2019 5031 2312 5072 consensu

651 5109 710 5164 in
744 5127 812 5165 ea
841 5126 967 5181 qua
989 5106 1528 5179 cogitabat,passim
1563 5123 2035 5163 commemorans
2069 5115 2124 5163 et
2168 5123 2311 5162 cun-

650 5199 761 5255 ctis
793 5198 1047 5255 subinde
1078 5195 1407 5265 inculcans,
1441 5212 1571 5252 esse
1595 5195 1942 5268 Gregorium
1978 5196 2311 5268 perstudio—

650 5309 785 5350 sum
847 5291 996 5347 371
1063 5287 1364 5344 hominem
1425 5288 1606 5360 pacis,
1666 5293 1722 5344 et
1771 5304 1907 5344 vero
1957 5287 2306 5343 instinctum

652 5381 946 5440 desiderio
970 5379 1109 5436 boni
1138 5378 1357 5451 publici
1381 5395 1446 5434 ac
1480 5378 1817 5452 splendoris
1849 5378 1929 5434 rei
1963 5377 2306 5433 Christianae

646 5472 956 5530 universas.
991 5468 1167 5526 Paulo
1191 5475 1374 5541 posta
1399 5468 1524 5540 jam
1559 5468 1914 5540 inaugurato
1956 5472 2011 5523 et
2062 5468 2120 5522 in
2172 5471 2305 5523 sede

644 5559 966 5632 apostolica
987 5557 1095 5614 rite
1107 5557 1429 5614 constituto
1452 5557 1728 5629 Gregorio
1753 5557 1956 5613 eodem
1988 5555 2306 5612 adfuerunt

646 5646 1159 5721 Constantinopoli
1191 5646 1366 5719 legati
1421 5647 1623 5716 Frerii,
1657 5663 1912 5718 quorum
1973 5662 2132 5701 unus
2179 5651 2304 5702 erat

638 5742 894 5798 Joannes
924 5742 1236 5795 Parastron
1282 5735 1881 5810 nominatus,origine
1903 5735 2044 5793 civis
2078 5739 2298 5804 noster,

2438 3310 2556 3366 voti
2589 3311 2799 3366 deinde
2829 3313 3017 3367 factus
3039 3316 3146 3367 est.
3201 3311 3332 3367 Haec
3361 3311 3458 3367 ille
3515 3310 3882 3381 loquebatur,
3914 3316 3976 3366 et
4011 3327 4110 3366 re-

2437 3416 2576 3457 vera
2634 3405 2934 3471 promotor
2989 3405 3115 3456 erat
3169 3399 3626 3456 ardentissimus
3684 3398 4110 3456 ecclesiasticae

2441 3491 2779 3557 concordiae,
2806 3491 2950 3546 adeo
2985 3494 3050 3545 ut
3079 3506 3230 3562 saepe
3262 3491 3334 3546 de
3366 3490 3598 3563 negotio
3645 3494 3913 3546 tractans
3963 3505 4105 3544 cum

2441 3580 2774 3652 patriarcha
2797 3584 2853 3636 et
2878 3581 3101 3653 synodo
3153 3580 3350 3636 Patres
3395 3580 3530 3636 illos
3577 3579 4110 3636 vehementissime

2440 3673 2724 3738 oraret,ut
2753 3686 2878 3739 qua
2937 3686 3182 3725 suarum
3241 3674 3437 3725 essent
3489 3670 3780 3740 cujusque
3835 3669 4108 3739 partium

2438 3760 2497 3815 in
2529 3776 2654 3815 rem
2687 3759 2883 3815 studio
2929 3759 3230 3814 communi
3279 3759 3546 3815 conferre
3577 3774 3649 3814 ne
3682 3763 4109 3831 gravarentur,

2438 3865 2531 3906 res
2563 3848 2799 3905 interim
2833 3853 3065 3904 nostras
3099 3848 3296 3919 magni
3347 3847 3590 3918 faciens,
3623 3864 3789 3916 usus,
3826 3847 4106 3918 inquam,

2438 3940 2932 4012 ceremoniasque
2989 3939 3175 3994 nostri
3208 3938 3359 3994 ritus
3407 3939 3720 3994 dilaudans
3766 3941 3825 3994 et
3853 3955 4108 3993 venera-

2435 4031 2594 4087 tione
2622 4030 2814 4103 palam
2848 4045 3208 4102 prosequens
3267 4044 3523 4097 summa,
3566 4029 3647 4084 ita
3675 4031 3743 4083 ut
3791 4027 4104 4083 interdum

2436 4137 2670 4176 sacrum
2730 4119 2978 4175 faciente
3034 4117 3388 4189 patriarcha,
3451 4119 3673 4174 nudato
3735 4117 3866 4189 ipse
3906 4115 4108 4189 capite

2435 4215 2760 4281 caeteraque
2792 4207 3053 4264 adhibita
3083 4207 3513 4279 signiﬁcatione
3563 4207 3778 4262 inﬁmae
3829 4222 4112 4262 reveren-

2433 4300 2530 4354 tiae
2564 4299 2687 4355 suis
2720 4315 2920 4354 secum
2980 4295 3296 4352 comitibus
3329 4297 3654 4367 assumptis
3685 4296 4113 4366 ingrederetur

2432 4389 2627 4460 adyta,
2682 4391 2740 4443 et
2791 4403 2988 4442 coram
3039 4401 3396 4458 quocunque
3446 4384 3566 4440 illic
3609 4389 3840 4457 reperto
3891 4389 4112 4440 astans

2431 4476 2677 4548 praesule
2710 4476 2985 4546 mysticas
3011 4472 3190 4529 simul
3225 4490 3359 4529 cum
3393 4489 3460 4529 eo
3492 4473 3708 4546 legeret
3729 4487 3936 4545 preces
3961 4489 4106 4528 cum

2430 4566 2590 4623 omni
2622 4566 2843 4621 fervore
2869 4562 3268 4636 religionis.Et
3299 4562 3397 4618 ille
3429 4562 3671 4635 quidem
3721 4578 3864 4635 erga
3896 4563 4102 4618 homi-

2430 4672 2533 4712 nes
2585 4655 2768 4711 nostri
2827 4653 2976 4710 ritus
3030 4655 3109 4709 ita
3153 4652 3248 4725 pie
3301 4653 3625 4724 decoreque
3681 4669 3744 4708 se
3798 4652 4102 4724 gerebat:

2424 4746 2602 4803 Italos
2632 4749 2828 4802 autem
2856 4748 3174 4817 presentes
3206 4743 3466 4814 intuens,
3490 4759 3726 4816 aequum
3776 4753 3836 4796 et
3891 4747 4100 4798 tutum

2425 4837 2617 4893 aiebat
2646 4852 2774 4892 esse
2815 4835 3064 4890 dimisso
3124 4849 3225 4890 eos
3278 4838 3593 4904 amotoque
3645 4831 3974 4888 additionis
4025 4833 4100 4888 ad

2425 4926 2756 5000 symbolum
2790 4924 3068 4980 seandalo
3101 4939 3234 4978 cum
3269 4923 3571 4992 fratribus,
3621 4938 3768 4993 quos
3816 4921 4101 4978 viderent

2422 5033 2641 5086 coram,
2672 5014 2890 5071 Graecis
2921 5011 3392 5080 conciliari;vera
3422 5011 3502 5067 ita
3522 5012 3764 5067 demum
3795 5008 4102 5067 coalitura

2422 5124 2582 5179 pace.
2615 5107 2801 5164 Simul
2833 5110 3029 5162 tamen
3065 5104 3422 5160 admonebat
3480 5107 3739 5172 nostros,
3797 5119 3907 5175 par
3959 5119 4096 5158 esse

2419 5197 2582 5270 ipsos
2614 5213 2852 5270 quoque
2891 5211 3040 5268 quas
3084 5193 3273 5250 Latini
3322 5193 3644 5265 allegarent
3691 5193 4099 5248 additamenti

2421 5287 2688 5360 symbolo
2719 5285 2927 5342 inserti
2961 5282 3370 5340 excusationes
3426 5299 3542 5338 non
3595 5281 3923 5354 aspernari,
3984 5282 4093 5337 sed

2420 5377 2614 5450 potius
2645 5381 2711 5432 ut
2743 5377 2982 5432 idoneas
3014 5372 3296 5445 accipere.
3330 5372 3438 5436 Qui
3491 5377 3688 5428 autem
3720 5373 3880 5427 omni
3927 5372 4093 5428 872

2417 5467 2629 5538 rejecla
2659 5464 3108 5538 compositione,
3140 5462 3359 5518 invicta
3403 5462 3682 5535 utrinque
3734 5462 4098 5534 pertinacia,

2415 5556 2475 5612 in
2513 5556 2890 5613 contentione
2921 5556 3186 5628 perstare
3215 5550 3458 5618 vellent,
3507 5553 3901 5608 vociferantes
3952 5551 4099 5608 hinc

2415 5646 2653 5718 quidem
2678 5663 2746 5704 ex
2763 5651 2933 5703 Patre
2955 5641 3415 5715 Filioque,illinc
3446 5645 3647 5698 autem
3678 5658 3749 5697 ex
3770 5645 3950 5698 Patre
3981 5657 4092 5713 per

2409 5735 2622 5794 Filium
2639 5736 2948 5811 procedere
2961 5731 3250 5806 Spiritum
3265 5730 4090 5804 sanctum,nullojurgiorum
