4242 6438
192 395 301 451 825

1276 402 1366 455 ΒΕ
1404 399 1770 455 IICHABLE
1808 396 2256 455 PALBOLOGO
2290 400 2422 453 LIB.
2466 399 2534 450 ν.

3492 395 3600 450 826

187 514 363 572 καλὸν
425 518 520 590 μὶν
576 514 766 593 ἔλεγον
821 519 921 587 τὴν
955 517 1177 595 εἰρήνην
1232 519 1388 593 εἶναι,
1447 518 1535 576 καὶ
1564 522 1681 581 πῶς
1736 517 1839 593 γάρ
1872 528 1923 595 Α
1957 520 2195 591 πόμεθα,
2253 520 2328 581 ὡς
2388 520 2461 592 μὴ
2521 516 2687 573 καλὸν
2748 515 2935 578 ἅΛλως
2990 518 3049 572 ’ὸν
3108 514 3236 589 μηδ’
3267 514 3502 593 ἀσφαλὲς
3532 518 3595 571 τὸ

193 602 298 675 οὖς
330 606 449 677 καῖέ
484 604 698 678 μᾶλλον
732 605 1089 677 Ἐκκλησίαις
1127 608 1424 680 τοιαύταις,
1456 609 1698 685 κεφαλῆς
1745 604 1845 661 λό-

185 714 281 769 γον
318 692 573 769 ἐχούσαις
603 699 721 757 τοῖς
774 697 860 769 [Ρ.
891 697 1020 768 253]
1054 694 1402 767 ὁπουδήποτε
1446 700 1544 752 τοῦ
1587 695 1845 769 είρηνάρ-

190 802 300 857 χου
356 788 592 857 Χριστοῦ
653 786 962 856 μαθηταῖς,
1016 783 1163 853 πλὴν
1228 787 1343 858 μετ’
1402 783 1696 863 ἀσφαλείας
1755 781 1844 837 καὶ

188 873 301 948 οὐχ
356 874 431 936 ὡς
478 869 691 949 ἔτυχεν·
753 876 889 931 εἶναι
929 876 1032 951 γάρ
1062 876 1153 930 τὸν
1206 874 1450 931 κίνδυνον
1518 875 1684 949 μεγαν
1728 879 1846 933 τοῖς

182 968 282 1018 τοῦ
342 963 509 1039 ὀρθοὖ
570 965 821 1019 ὁπωσοῦν
875 964 1266 1040 ἁμαρτάνουσι.
1330 990 1354 1019 ιι
1390 966 1494 1021 Καὶ
1541 969 1707 1020 τοῦτο
1739 962 1847 1038 υύχ

180 1056 324 1125 ἡμῖν
383 1051 503 1128 ἄρτι
562 1050 752 1127 ξυνέϐη
806 1062 1145 1131 πεπρᾶχθαι,
1207 1057 1280 1118 ὡς
1336 1058 1427 1111 καὶ
1476 1055 1650 1110 αἲτίαν
1698 1053 1847 1128 ἔχειν

182 1145 284 1195 τοῦ
339 1162 399 1196 τε
453 1148 806 1216 καινοτομεῖν
866 1142 899 1197 ’ἁ
953 1142 1133 1206 οὐδεὶς
1181 1146 1472 1221 πρότερον,
1519 1144 1735 1199 καὶτοῦ
1771 1142 1845 1213 μή

182 1227 366 1293 θέλειν
419 1226 784 1303 μεταϐάλλειν
839 1231 1006 1287 πάλιν
1053 1233 1133 1295 εἷς
1184 1232 1211 1287 δ
1241 1232 1331 1288 καὶ
1362 1231 1489 1307 πρὶν
1517 1232 1680 1304 ἦμεν
1719 1228 1847 1285 amr

184 1316 379 1392 ἄνδρες
433 1320 668 1394 μεγάλοι
721 1321 823 1390 τὴν
883 1319 1083 1396 ἆρετήὖ
1140 1322 1229 1376 καὶ
1283 1322 1442 1400 σοφοὶ
1489 1322 1590 1389 τήν
1646 1322 1846 1396 γνῶσιν

180 1408 315 1483 περὶ
381 1408 591 1464 τούτων
668 1407 1014 1480 λαλήσαντες
1077 1409 1465 1487 διηνέχθησαν,
1538 1411 1628 1465 καὶ
1688 1406 1844 1478 δόξαν

181 1495 411 1560 ἐκείνοις
445 1495 752 1569 διέστησαν.
817 1499 898 1557 Τὸ
954 1498 1012 1555 δὶ
1069 1502 1161 1555 καὶ
1218 1501 1297 1563 είς
1346 1498 1515 1556 πλέον
1572 1502 1674 1569 τὴν
1734 1499 1843 1576 ἔριν

180 1585 519 1642 ἰκτείνεσθαι
576 1592 675 1643 τοῦ
737 1587 961 1663 μετρίου
1011 1587 1124 1645 οὔτ’
1181 1589 1410 1652 ἐκείνοις
1466 1591 1533 1658 ἦν
1590 1588 1844 1658 θελητὸν,

178 1677 272 1730 καὶ
330 1681 448 1739 τοῖς
492 1675 879 1747 πλεονάζουσιν
936 1679 1142 1753 ἀμαθὲς
1198 1676 1386 1742 ἄλλως
1439 1680 1527 1733 καὶ
1559 1676 1844 1750 τολμηρὸν

180 1766 211 1819 ὁ
271 1763 641 1839 πλεονασμός.
703 1764 857 1837 Πλὴν
908 1768 970 1823 τὸ
1029 1768 1119 1823 καὶ
1179 1770 1327 1841 ἡμᾶς
1386 1769 1484 1837 τήν
1525 1768 1843 1841 προσθήκην

1951 608 2175 664 σύνολον
2229 606 2762 683 κατησφαλισμένοις
2821 606 3208 681 ἐπεγχειρεῖν,
3281 605 3376 660 κᾶν
3448 606 3597 668 ἆντὸς

1950 696 2161 771 λέγοιεν
2219 696 2314 752 τοῦ
2374 697 2558 771 ὀρθοῦ,
2617 701 2723 751 ποῦ
2772 694 2977 750 δίκαιον
3014 698 3149 767 ἡμῖν
3201 694 3499 768 προτείνειν
3530 695 3598 749 τά

1951 784 2154 858 Spem;
2214 786 2302 848 Τίς
2356 787 2459 861 γάρ
2513 787 2673 857 ἡμῶν
2734 783 3008 856 ἐτόλμησε
3064 784 3286 838 πώποτε
3318 782 3491 844 οὕτως
3522 784 3596 845 ὡς

1950 872 2129 949 λὲγεις
2164 874 2298 946 μετᾶ
2350 876 2673 948 προσθήκης
2727 870 3063 945 ὁμολογεῖντ
3123 870 3302 927 Καλὸν
3360 872 3451 925 οὖν
3508 862 3597 925 καὶ

1951 964 2224 1040 συμφέρον
2250 964 2348 1031 τήν
2379 962 2600 1037 εῗρήνην
2653 983 2710 1016 σε
2754 958 3050 1016 σπεύδοντα
3095 964 3203 1015 τῶν
3254 959 3595 1029 Ἐκκλησιῶν

1951 1052 2093 1107 οὕτω
2167 1053 2453 1126 πειρᾶσθαι
2531 1055 2778 1121 συνιστᾷν
2854 1049 3078 1120 ταύτην,
3138 1053 3319 1127 σοφῶς
3380 1048 3598 1103 οἰκονο-

1956 1146 2156 1216 μοῦντα
2194 1142 2319 1216 παρ’
2366 1140 2616 1212 Ἰταλοῖςξ
2645 1142 2745 1209 τὴν
2788 1137 2885 1194 τοῦ
2933 1136 3236 1194 σκανδάλου
3296 1138 3596 1215 ἀφαίρεσιν,

1949 1231 2044 1286 κᾶν
2075 1233 2239 1303 ἡμεῖς
2294 1231 2440 1303 ὦμεν
2502 1230 2554 1284 οἱ
2608 1228 2926 1301 αἰτιώμενοι
2976 1232 3070 1283 τοῦ
3127 1225 3457 1295 σκανδάλου,
3513 1225 3596 1281 δι-

1949 1320 2120 1382 καίως
2172 1321 2308 1393 ἡμῖν
2341 1316 2748 1389 ἐπιπλήττοντα
2778 1318 2851 1380 ὡς
2883 1316 3127 1391 ἑτοίμοις
3178 1318 3295 1372 οὗσι
3345 1314 3595 1391 δέχεσθαι

1948 1411 2046 1477 τὴν
2107 1407 2421 1481 ἐπίπληξιν.
2476 1408 2538 1464 Εἰ
2599 1404 2656 1462 δὲ
2711 1409 2837 1483 παρ’
2895 1406 3120 1469 ἐκείνοις
3173 1406 3236 1461 τὸ
3294 1403 3594 1461 σκάνδαλον

1950 1493 2208 1553 ἔϐλαστεν
2248 1542 2261 1567 ,
2321 1498 2527 1571 ἀνάγκη
2589 1496 2951 1569 πνευματικὸν
3011 1491 3142 1551 ὅντα
3189 1496 3279 1551 καὶ
3331 1489 3598 1569 πρεσϐευ-

1948 1588 2047 1654 τὴν
2078 1594 2177 1656 τῆς
2232 1586 2455 1661 εἰρήνης
2511 1584 2738 1649 ἐκείνοις
2784 1584 2941 1649 ὠθεῖν
2974 1588 3261 1661 πειρᾶσθαι
3288 1585 3351 1639 τὸ
3382 1583 3470 1638 ἐπὶ
3524 1587 3594 1656 τῇ

1948 1675 2274 1748 καινοτομίᾳ
2300 1680 2397 1730 τοῦ
2431 1670 2731 1748 Συμϐόλου
2762 1675 3083 1749 ἁμάρτημα.
3120 1697 3148 1725 ››
3178 1672 3366 1736 Οὕτως
3407 1673 3593 1749 ἔλεγον

1950 1766 2002 1819 οἱ
2039 1772 2140 1833 τῆς
2172 1764 2522 1834 Ἐκκλησίας,
2553 1763 2643 1818 καὶ
2672 1762 2845 1824 οὕτως
2873 1762 3023 1838 εἶχον
3055 1763 3128 1824 ὡς
3162 1760 3316 1817 οὐδὲν
3367 1761 3596 1817 ἀκουσά-

182 1856 484 1933 προφὲρειν
542 1858 672 1930 ὑμῖν
718 1857 833 1913 τότ’
895 1856 956 1912 ἂν
1014 1858 1204 1934 χώραν
1284 1858 1399 1933 εἶχε
1450 1858 1541 1913 καὶ
1618 1856 1845 1921 δικαίως
1876 1891 1922 1957 Β
1954 1875 2101 1927 μενοι
2135 1853 2425 1929 βασιλέως,
2457 1852 2503 1908 εἷ
2533 1850 2862 1929 προστάσσοι
2896 1851 2947 1907 ἐν
2978 1850 3217 1922 τούτοις,
3244 1851 3331 1906 καὶ
3365 1849 3419 1907 εἷ’
3440 1873 3503 1926 γε
3529 1852 3598 1906 τὰ

188 1940 535 1957 ......,
703 1943 809 1957 .-
957 1940 1636 1957 ..._.....
1819 1947 1831 1957 .
2003 1944 2014 1957 .
2225 1940 2431 1957 ,κ-

178 1940 617 2019 ὀνειδιζοίμεθά,
675 1943 722 2000 εἶ
782 1941 1105 2008 δυσσεϐείας
1166 1948 1309 2019 ὑμᾶς
1363 1946 1399 2016 ’ἢ
1456 1940 1721 2017 ἀσεϐείας,
1779 1947 1842 2001 τὸ

176 2031 484 2108 χείριστον,
533 2033 622 2090 διά
650 2038 752 2105 τήν
776 2035 1063 2111 πρόσθεσιν
1106 2032 1475 2112 ἐγραφὸμεθα,
1524 2036 1598 2097 ὡς
1628 2034 1842 2107 ὁμοίως

174 2124 269 2176 καὶ
307 2124 469 2195 ἡμῶν
525 2119 861 2179 ἀσεϐούντων
895 2122 986 2179 διά
1013 2125 1112 2193 τὴν
1164 2126 1484 2200 προσθήκην
1528 2126 1595 2178 τά
1648 2123 1837 2197 ὅμοια.

173 2212 331 2267 Ἐπεὶ
378 2208 438 2267 δὶ
484 2213 585 2282 τήν
637 2210 726 2268 ἐπὶ
768 2218 848 2287 τῷ
909 2208 1189 2288 Συμϐόλῳ
1236 2215 1555 2291 προσθήκην
1604 2213 1836 2290 ἀποτρε-

179 2430 324 2498 ﬁne,
356 2445 478 2499 eos,
504 2428 843 2503 quicunque
891 2435 1109 2503 essent,
1153 2431 1413 2488 insanire
1462 2431 1681 2505 pariter
1726 2430 1847 2487 aie-

180 2518 309 2589 bat,
333 2523 394 2575 et
419 2518 845 2576 inverecundos
878 2524 1237 2577 scrutatores
1271 2521 1681 2593 mysteriorum
1713 2519 1840 2588 Dei,

177 2608 343 2663 ultra
372 2624 552 2680 quam
588 2609 677 2664 fas
707 2614 863 2665 esset
892 2609 1163 2665 humanis
1192 2609 1546 2679 infirmitati,
1579 2609 1845 2665 curiosos

175 2698 238 2751 in
277 2698 571 2769 profunda
602 2697 939 2755 Divinitatis
970 2698 1289 2755 immittere
1345 2698 1567 2754 oculos.
1602 2698 1717 2753 Hac
1749 2697 1845 2753 ille

182 2786 429 2859 ancipiti
462 2787 670 2843 ambas
703 2788 761 2842 in
796 2794 992 2859 partes
1021 2789 1308 2854 oratione,
1346 2788 1608 2843 minuere
1637 2789 1845 2843 obum-

182 2876 411 2931 brando
430 2881 743 2948 tegereque
764 2877 1088 2932 conabatur
1112 2876 1389 2931 invidiam
1413 2881 1630 2933 temere
1651 2880 1811 2932 atten
1826 2906 1844 2918 -

182 2968 325 3020 tatas
337 2964 657 3021 additionis
670 2967 739 3021 ad
754 2965 1115 3039 Symbolum,
1125 2982 1228 3038 pro
1241 2983 1348 3023 suo
1361 2966 1628 3022 videlicet
1643 2964 1819 3037 legati
1834 3009 1848 3033 ,

189 3052 301 3108 hoc
332 3057 423 3109 est
445 3053 737 3126 sequestri
782 3055 1243 3127 mediatorisque
1273 3056 1429 3111 inter
1458 3055 1709 3111 invicem
1740 3054 1848 3110 ad-

186 3158 413 3212 versos,
444 3142 637 3200 otficio
668 3160 735 3199 ac
769 3160 1044 3213 munere;
1090 3146 1148 3199 in
1200 3162 1316 3217 quo
1356 3162 1500 3201 sane
1550 3144 1847 3216 fungendo

1955 1944 2183 2018 μὲγιστα
2215 1940 2449 1999 ἀπειλεῖ.

1954 2050 2042 2124 ιβ’.
2073 2052 2262 2112 Ὅπως
2294 2050 2321 2104 ὁ
2357 2046 2619 2126 βασιλεὺς
2654 2049 2780 2126 τοὺς
2812 2054 2911 2126 τῆς
2954 2045 3285 2126 ἶΕκκλησίας
3330 2047 3594 2125 κατηνάγ-

2442 2127 2571 2191 καζε
2597 2119 2685 2176 διά
2720 2123 2818 2190 τήν
2850 2122 3093 2195 εἰρήνην.

2021 2210 2176 2269 Ἀλλ’
2208 2212 2235 2266 ὁ
2270 2209 2524 2287 βασιλεὺς
2556 2211 2693 2283 ἅπαξ
2716 2212 2816 2265 τοῦ
2862 2208 3077 2265 τοιοῦδε
3124 2214 3329 2266 σκοποῦ
3371 2210 3595 2286 γενόμε-

1954 2445 2029 2485 szs
2060 2428 2372 2501 impimque
2406 2428 2681 2484 doctrinm
2712 2445 2812 2484 vos
2840 2432 3074 2499 propter
3119 2427 3295 2483 istam
3344 2427 3596 2483 additio-

1955 2535 2085 2574 nem
2106 2519 2717 2575 accusaremus.Tunc
2758 2519 3058 2589 enimjure
3080 2517 3471 2574 causaremini
3491 2535 3599 2574 nos

1955 2609 2227 2678 dogmate
2258 2624 2361 2679 per
2389 2606 2744 2664 additionem
2787 2608 3045 2663 indicato
3076 2607 3390 2678 rejiciendo
3422 2606 3603 2673 istud,

1954 2696 2110 2767 quod
2142 2697 2307 2752 vobis
2337 2696 2482 2752 falso
2511 2696 2995 2769 impingeremus,
3030 2696 3351 2767 impietatis
3383 2694 3603 2750 crimen

1952 2801 2086 2841 vere
2118 2785 2499 2842 consciscere.
2521 2786 2665 2842 Cum
2698 2791 2894 2842 autem
2946 2802 3061 2841 non
3105 2786 3316 2857 dogma
3344 2785 3403 2840 in
3436 2785 3603 2840 addi-

1954 2874 2112 2930 tione
2166 2875 2684 2945 reprehendamus,
2732 2876 2834 2932 sed
2886 2875 3312 2931 contendamus
3371 2878 3601 2929 tantum

1957 2963 2277 3019 universim
2329 2980 2432 3020 nec
2483 2964 2804 3035 probabilis
2836 2981 2942 3019 nec
2970 2964 3159 3020 securi
3197 2962 3447 3035 exempli
3479 2979 3601 3018 rem

1956 3052 2418 3123 esse,immutari
2440 3053 2805 3124 praelicenter
2826 3052 3047 3124 aliquid
3070 3056 3174 3108 aut
3202 3050 3444 3123 adjungi
3467 3050 3607 3106 scri-

1960 3143 2074 3213 ptis
2094 3144 2257 3213 prius
2279 3142 2452 3198 editis
2475 3147 2684 3199 etcum
2714 3159 2950 3198 summa
2980 3141 3449 3197 consideratione
3480 3146 3607 3197 tum

186 3230 308 3287 ﬁde
328 3231 551 3305 optima
580 3232 1006 3305 diligentiaque
1029 3250 1265 3290 summa
1285 3234 1654 3303 versabatur,
1692 3232 1840 3289 nihil
1870 3248 1913 3314 ρ
1957 3236 2174 3287 aeterna
2223 3231 2503 3287 firmitate
2553 3232 2854 3299 stabilitis,
2888 3239 3415 3303 quantumcunque
3455 3231 3609 3302 quod

180 3336 306 3376 non
364 3321 691 3392 experiens,
725 3322 871 3378 nihil
929 3323 1076 3378 tanti
1126 3325 1375 3389 ducens,
1420 3340 1538 3395 quo
1593 3340 1693 3393 pro
1742 3338 1845 3394 spe

182 3410 546 3480 assequendi
579 3410 892 3482 legationis
922 3428 1038 3468 sua:
1065 3412 1227 3485 accpi
1250 3412 1502 3468 libenter
1522 3410 1737 3484 pacisci
1757 3428 1846 3467 re-

187 3503 448 3556 cusaret.
482 3499 568 3554 Ad
601 3516 670 3555 ea
700 3517 875 3573 porro
933 3500 1205 3557 Ecclesia:
1239 3504 1452 3557 nostris
1485 3516 1754 3573 proceres
1786 3502 1847 3556 in

187 3587 353 3643 hunc
409 3589 653 3645 modum
687 3590 1116 3662 respondebant
1147 3607 1160 3646 :
1196 3612 1225 3642 ‹‹
1256 3594 1575 3647 Honestam
1606 3606 1747 3645 sane
1778 3605 1847 3647 ac

183 3676 566 3750 expetibilem
618 3694 821 3750 pacem
871 3694 1021 3747 esse,
1054 3679 1186 3751 quis
1217 3679 1328 3735 hoc
1358 3680 1596 3751 quidem
1631 3680 1849 3751 neget?

182 3768 514 3839 praesertim
546 3768 700 3824 inter
728 3767 1017 3826 Ecciesias
1040 3770 1185 3825 adeo
1208 3769 1845 3841 conspicuas,quzeque

180 3856 345 3912 haud
376 3856 554 3913 dubie
582 3857 843 3930 capitum
892 3858 1084 3915 instar
1130 3858 1415 3915 haberent
1457 3858 1845 3915 aestimatione

179 3946 617 4018 universorum,
640 3947 744 4021 qui
772 3947 964 4004 ubivis
994 3952 1283 4005 terrarum
1317 3950 1560 4022 degunt,
1587 3948 1841 4019 discipu-

172 4034 372 4092 lorum
404 4035 622 4093 Christi
653 4036 937 4110 principis
967 4037 1149 4108 pacis.
1179 4036 1397 4092 Verum
1429 4052 1631 4109 pacem
1664 4036 1841 4093 istam

172 4141 383 4181 secure
413 4141 480 4181 ac
508 4129 657 4194 tuto,
691 4143 807 4182 non
840 4129 1038 4182 autem
1085 4126 1615 4199 quomodocunque
1646 4126 1841 4182 conci-

170 4210 467 4268 liandam.
500 4212 782 4285 Magnum
840 4213 1000 4269 enim
1052 4213 1396 4286 impendere
1442 4212 1772 4285 periculum
1805 4230 1839 4269 a

172 4306 342 4358 recto
374 4302 434 4358 in
468 4303 755 4360 utramvis
806 4307 1033 4376 partem
1080 4303 1510 4360 aberrantibus.
1546 4302 1711 4369 Quod
1762 4303 1835 4358 ad

171 4389 331 4446 hanc
362 4390 811 4448 conventionem
844 4392 1061 4448 mutari
1093 4409 1128 4448 a
1158 4392 1330 4449 nobis
1360 4392 1566 4461 vultis,
1600 4408 1715 4447 non
1744 4408 1837 4448 re-

170 4495 317 4536 cens
365 4484 470 4537 aut
517 4497 676 4537 nunc
719 4482 978 4554 primum
1022 4481 1255 4537 institui
1302 4481 1551 4554 contigit
1581 4498 1615 4537 a
1645 4480 1834 4550 nobis,

1960 3325 2223 3377 mutatur
2252 3326 2359 3377 aut
2392 3322 2631 3377 additur
2659 3322 2815 3377 intra
2846 3322 2989 3377 recti
3019 3322 3166 3377 ﬁnes
3197 3321 3388 3389 sistat,
3421 3335 3609 3392 eoque

1956 3411 2240 3467 duntaxat
2268 3411 2505 3467 nomine
2528 3416 2776 3468 vestram
2808 3412 2981 3467 istam
3012 3411 3370 3467 additionem
3405 3425 3603 3481 repro-

1956 3500 2185 3568 bemus,
2218 3517 2334 3572 quo
2360 3502 2494 3571 jure
2535 3502 2593 3556 in
2646 3501 2751 3557 hoc
2796 3500 3037 3573 quidem
3085 3499 3315 3555 causari
3359 3498 3603 3571 potestis

1954 3589 2120 3660 paria
2167 3606 2275 3646 nos
2319 3589 2378 3645 in
2428 3590 2532 3646 hoc
2582 3605 2792 3663 genere
2824 3605 3082 3662 peccare,
3115 3604 3249 3643 cum
3280 3604 3314 3643 a
3344 3588 3600 3657 nemine,

1953 3679 2109 3749 quod
2142 3679 2384 3750 sciatur,
2416 3683 2686 3735 nostrum
2720 3679 2895 3735 fando
2937 3693 3195 3749 unquam
3226 3677 3305 3733 sit
3333 3676 3600 3732 auditum

1952 3768 2376 3840 professionem
2421 3768 2556 3825 fidei
2587 3785 2723 3825 cum
2758 3768 2877 3825 ulla
2904 3767 3006 3823 tali
3039 3767 3365 3839 adjectione
3397 3766 3601 3822 recita-

1949 3862 2092 3913 tam.
2127 3858 2350 3915 Bonum
2400 3858 2583 3931 igitur
2623 3858 3097 3929 conveniensque
3123 3856 3296 3913 fuerit
3317 3860 3374 3911 te
3405 3855 3599 3912 conci-

1949 3946 2094 4003 liare
2140 3963 2341 4020 pacem
2387 3947 2777 4005 Ecclesiarum
2810 3948 3058 4017 sincero,
3092 3945 3593 4019 quemadmodum

1948 4051 2064 4107 prae
2095 4040 2151 4092 te
2182 4037 2317 4105 fers,
2353 4037 2549 4094 studio
2602 4042 2911 4094 conantem
2942 4053 3069 4092 eam
3101 4034 3480 4109 potissimum
3525 4049 3593 4091 eo

1948 4126 2321 4196 perveniendi
2358 4127 2509 4183 viam
2542 4126 2816 4183 insistere
2846 4144 2973 4199 quae
2999 4125 3331 4181 rectissima
3357 4124 3429 4180 ad
3462 4139 3590 4179 sco-

1947 4231 2087 4286 pum
2119 4216 2301 4272 istum
2326 4221 2439 4286 est,
2466 4233 2675 4289 nempe
2702 4221 2766 4272 ut
2798 4216 2974 4273 Italos
3008 4232 3110 4289 pro
3141 4220 3245 4272 tua
3273 4219 3330 4271 et
3359 4213 3596 4286 sapien-

1945 4304 2027 4360 tia
2057 4310 2114 4361 et
2144 4306 2493 4362 auctoritate
2523 4307 2830 4378 gratiaque
2863 4306 3020 4379 apud
3053 4306 3212 4377 ipsos
3244 4308 3480 4377 satagas
3504 4306 3600 4359 ad-

1944 4395 2157 4451 ducere
2183 4397 2252 4451 ad
2282 4396 2629 4452 scandalum
2663 4397 3081 4464 amovendum,
3104 4395 3363 4468 positum
3396 4393 3599 4465 utique

1944 4485 2016 4540 ab
2047 4485 2216 4558 ipsis,
2249 4490 2550 4559 utcunque
2580 4486 2637 4541 id
2669 4486 2888 4543 factum
2920 4503 2953 4541 a
2984 4485 3155 4543 nobis
3202 4485 3350 4542 falso
3400 4483 3599 4539 crimi-

168 4568 395 4643 quibus
427 4569 556 4627 ideo
593 4571 729 4641 jure
758 4570 1128 4644 impingatur
1153 4570 1373 4628 crimen
1406 4575 1509 4627 aut
1540 4574 1835 4642 usurpata
1866 4617 1913 4684 Β
1946 4579 2177 4630 nentur.
2210 4575 2356 4631 Nam
2385 4576 2435 4632 si
2476 4589 2655 4648 penes
2716 4593 2822 4632 nos
2880 4575 3147 4632 scandali
3205 4572 3419 4646 objecti
3467 4589 3599 4629 vere

169 4660 379 4684 -.-.I_-!
435 4661 689 4684 --κει-ι-
724 4661 804 4684 ..-2
843 4677 1014 4684 ._--_....
1049 4676 1217 4684 _-..._
1246 4661 1412 4684 __!--_
1444 4660 1810 4684 -ιι--ι--.--2ι
1948 4663 2108 4684 ___1__
2148 4664 2429 4684 _-_:j__-a
2476 4664 2674 4684 ᾼ--,.ει-
2707 4681 2809 4684 ,__-
2851 4665 3187 4684 -l,!___‘_4______
3230 4668 3275 4684 ,ι
3308 4667 3599 4684 ___a:-_1_..

168 4660 381 4716 audaci
434 4661 693 4717 novitate
724 4661 806 4718 rei
839 4677 1019 4734 quam
1049 4676 1221 4718 nemo
1246 4661 1414 4733 prius
1441 4660 1832 4731 attentaverit,

168 4752 274 4805 aut
306 4746 618 4805 obstinatae
669 4750 1058 4808 recusationis
1090 4766 1156 4807 eo
1183 4750 1468 4806 redeundi
1514 4750 1615 4806 ubi
1663 4753 1839 4805 antea

164 4852 412 4894 eramus
444 4853 458 4893 :
494 4839 597 4895 sed
629 4838 735 4896 viri
769 4840 967 4913 magni
1000 4839 1239 4910 virtute,
1272 4839 1541 4896 doctrina
1597 4838 1836 4910 sapien-

165 4932 283 4997 tes,
316 4925 432 4983 ista
461 4927 716 4985 multum
750 4929 906 4985 inter
936 4944 999 4985 se
1023 4933 1280 4986 tractata
1307 4928 1745 4985 constituerunt
1773 4930 1833 4985 in

165 5018 329 5074 hunc
342 5018 987 5092 modum,etdogmatis
1013 5036 1251 5077 summa
1270 5020 1603 5077 constantia
1625 5026 1830 5078 tenen-

162 5107 224 5161 di
257 5107 342 5163 eis
374 5107 785 5166 auctoritatem
829 5108 1191 5168 indiderunt.
1224 5111 1389 5176 Quod
1439 5114 1636 5167 autem
1690 5110 1829 5167 inde

159 5200 441 5253 secutum
465 5204 647 5264 est,ut
666 5199 965 5255 contentio
988 5199 1047 5255 in
1070 5201 1227 5257 rixas
1248 5199 1599 5256 immodicas
1630 5215 1829 5256 erum-

157 5290 346 5360 peret,
372 5301 479 5343 nec
526 5286 639 5360 ipsi
686 5288 1022 5357 voluerunt,
1048 5292 1106 5344 et
1126 5288 1299 5362 culpa
1328 5290 1458 5361 ejus
1488 5288 1683 5346 omnis
1712 5289 1826 5346 im-

156 5375 364 5448 peritis
396 5382 453 5432 et
483 5377 808 5434 audacibus
841 5377 996 5435 ultra
1044 5382 1133 5435 l'as
1182 5379 1292 5435 hac
1344 5380 1499 5436 873
1547 5379 1607 5435 in
1661 5384 1823 5452 parte

152 5466 576 5526 excedentibus
607 5469 955 5541 imputanda
974 5473 1085 5527 est.
1112 5471 1398 5528 Caeterum
1428 5472 1580 5544 quod
1614 5487 1823 5543 quere-

154 5556 305 5614 mini
332 5556 558 5630 culpari
578 5575 681 5615 vos
700 5577 734 5615 a
755 5559 928 5616 nobis
949 5559 1023 5616 ob
1044 5559 1516 5618 additamentum
1540 5560 1816 5634 symboii.

153 5652 300 5703 tunc
331 5645 570 5719 querela
601 5646 722 5705 hac
750 5647 947 5705 locum
978 5648 1241 5719 haberet,
1273 5657 1328 5708 et
1362 5652 1528 5723 juste
1555 5650 1616 5706 id
1648 5649 1818 5708 nobis

152 5735 630 5810 exprobraretur,
662 5736 712 5795 si
745 5735 949 5796 aliene
980 5742 1106 5812 aut,
1136 5741 1293 5813 quod
1326 5738 1674 5814 pessimum,
1703 5739 1814 5797 fal-

1942 4663 2119 4735 cuipa
2148 4664 2451 4735 resideret,
2475 4664 2682 4721 merito
2705 4681 2812 4721 nos
2843 4665 3188 4737 objurgares
3222 4668 3279 4720 et
3308 4667 3601 4735 patienter

1946 4753 2463 4825 reprehensionem
2496 4755 2921 4827 exciperemus,
2951 4755 3106 4827 quod
3156 4769 3365 4810 sumus
3413 4751 3598 4825 parati

1942 4842 2132 4899 facere
2163 4843 2393 4916 quoties
2421 4846 2644 4900 erimus
2687 4844 2859 4900 nobis
2903 4845 3120 4901 conscii
3173 4844 3461 4900 meruisse
3508 4859 3599 4898 re-

1944 4933 2251 5006 prehendi.
2286 4934 2345 4989 Si
2376 4950 2509 4991 vero
2567 4934 2915 4990 scandalum
2964 4936 3037 4990 ab
3083 4934 3206 4990 illis
3262 4938 3457 4990 ortum
3507 4937 3599 4989 est

1940 5027 2169 5096 oportet
2198 5027 2276 5092 te,
2310 5039 2441 5079 cum
2473 5022 2803 5097 spiritualis
2852 5023 2934 5080 sis
2982 5031 3041 5079 et
3082 5028 3364 5080 tractator
3412 5025 3593 5096 pacis,

1940 5129 2213 5169 amovere
2239 5113 2313 5169 ab
2342 5112 2464 5169 illis
2494 5113 2693 5170 conari
2722 5112 2945 5170 crimen
2972 5118 3192 5170 temere
3224 5118 3594 5185 praesumpta:

1938 5201 2216 5258 novitatis
2243 5202 2306 5257 in
2338 5201 2751 5259 immutatione
2780 5202 3064 5275 Symboli.
3094 5226 3121 5254 ››
3154 5203 3247 5258 Sic
3277 5202 3597 5274 loqueban-

1934 5294 2032 5347 tur
2061 5290 2330 5347 Ecclesia
2362 5307 2671 5364 proceres;
2720 5296 2778 5347 et
2819 5291 2905 5348 sic
2954 5293 3273 5365 comparati
3306 5297 3492 5360 erant,
3527 5297 3591 5347 ut

1933 5379 2345 5454 imperatorem
2394 5381 2655 5438 audituri
2706 5397 2821 5437 non
2861 5386 3080 5452 essent,
3113 5381 3401 5454 quidquid
3435 5382 3590 5438 circa

1934 5469 2054 5526 haec
2067 5469 2325 5542 juberet,
2348 5470 2584 5528 etiamsi
2597 5471 2955 5544 gravissima
2977 5489 3223 5545 queque
3240 5471 3587 5529 minaretur.

1993 5616 2079 5672 12.
2118 5616 2182 5675 Ut
2212 5618 2522 5688 imperator
2547 5618 2937 5676 ecclesiasticos
2967 5620 3174 5675 urserit
3202 5618 3277 5675 ad
3302 5635 3524 5692 pacem.

2000 5741 2481 5803 874Perstabat
2514 5742 2614 5802 ille
2644 5748 2843 5803 tamen
2876 5745 3503 5804 ﬁxusirrevocahiliter
3522 5745 3584 5805 in
