4212 6442
647 364 755 421 827

1950 365 2253 421 GEORGII
2292 366 2754 423 ΡΔΟΗΥΜΕΒᾸΞ

3948 357 4062 412 828

649 505 766 553 νος,
821 485 920 540 οὐκ
976 482 1096 539 οἶδα
1149 484 1194 539 εί
1227 485 1398 548 θέλων
1449 481 1486 553 ἢ
1517 485 1604 538 καὶ
1638 478 2130 558 προσϐιαζόμενος,
2160 485 2189 538 ’ὁ
2222 482 2287 554 δὴ
2319 493 2379 558 Α
2404 489 2495 539 νῦν
2549 484 2839 561 πράγματα
2896 483 3253 559 συνεκρίνετο.
3288 475 3680 555 Προύϐάλλετο
3712 476 3771 534 δὶ
3815 480 3905 534 καὶ
3961 479 4063 539 τὰς

645 573 921 636 κάκείνοις
982 574 1075 646 μὶν
1129 572 1521 649 ὑπεκρύπτετο,
1566 574 1703 643 ἡμῖν
1753 568 1798 625 δ’
1850 572 2143 650 ἐνεφάνιζε,
2201 572 2295 647 φό-

648 657 778 727 ϐους
802 661 1165 735 παραπλέκων
1212 662 1302 716 καὶ
1349 658 1629 733 πολέμους
1669 660 1757 715 καὶ
1806 660 2157 734 χυθησόμενα
2209 659 2293 715 α’ί-

650 772 816 825 ματα,
849 750 1190 825 ἀμεταθέτως
1223 752 1340 825 εἶχε
1383 749 1478 803 κᾶν
1535 750 1567 803 ἀ
1595 748 1646 802 τί
1683 770 1766 813 τις
1815 747 1982 824 ἔλεγε.
2033 752 2113 823 [Ρ.
2165 753 2289 823 254]

642 841 786 901 Mai:
836 842 967 913 γοῦν
1027 837 1318 892 συνιόντων
1351 835 1473 911 περὶ
1504 836 1596 890 τὸν
1653 834 1880 911 βασιλέα
1936 840 2030 890 τοῦ
2087 858 2145 891 τε
2192 858 2291 891 πα-

644 928 911 1004 τριάρχου
942 926 1165 981 καὶτῶν
1195 923 1495 1001 ἀρχιερέων
1547 924 1637 979 καί
1687 947 1847 979 τινων
1903 924 1960 979 ἐκ
2004 929 2101 979 τοῦ
2150 924 2288 996 κλή-

642 1040 761 1095 ρου,
821 1011 1236 1091 ἐμϐριθέστερον
1292 1014 1436 1091 σφίσι
1495 1013 1617 1089 περῖ
1670 1019 1777 1069 τῶν
1828 1015 2203 1088 προκειμένων
2262 1016 2289 1069 ὁ

634 1110 847 1183 κρατῶν
905 1103 1203 1179 διελέγετο,
1276 1104 1532 1178 συνείρων
1597 1105 1691 1176 μὲν
1750 1104 1837 1158 καὶ
1898 1102 2025 1165 τοὺς
2086 1099 2289 1181 φόϐους

638 1198 908 1267 συνήθως,
969 1194 1030 1249 οὐ
1090 1195 1199 1267 μὴν
1264 1194 1320 1247 δὲ
1352 1191 1475 1248 ἀλλ’
1534 1190 1660 1247 οὐδὲ
1705 1194 1930 1266 πάμπαν
1994 1191 2287 1270 ἐπισφαλὲς

639 1284 848 1340 ἐδείκνυ
876 1286 938 1339 τὸ
976 1283 1361 1357 γενησόμενον.
1413 1283 1545 1357 Εἶχε
1595 1282 1695 1358 γάρ
1746 1281 1988 1344 καὶτοὺς
2040 1278 2288 1337 ὑποϐαλ-

639 1373 858 1441 λοντας,
914 1373 1043 1434 τοὺς
1102 1373 1241 1446 ἀμφὶ
1272 1374 1363 1427 τὸν
1412 1368 1795 1445 ἀρχιδιάκονον
1857 1370 2000 1447 λέγω
2044 1371 2286 1442 Μελιτη-

631 1462 856 1532 νιώτην,
914 1460 1042 1522 τοὺς
1101 1460 1239 1535 ἀμφὶ
1298 1460 1387 1514 τὸν
1420 1458 1981 1535 πρωταποστολάριον
2013 1460 2284 1535 Γεώργιον

628 1551 721 1606 τὸν
753 1549 1023 1624 Κύπριον,
1074 1549 1162 1603 καὶ
1216 1548 1421 1622 τρίτον,
1458 1548 1503 1602 εἰ
1548 1549 1638 1603 καὶ
1683 1550 1757 1620 μὴ
1821 1548 1994 1611 οὕτως
2042 1552 2114 1611 ὡς
2159 1549 2284 1603 τοῦ-

627 1659 777 1707 τους,
839 1635 965 1693 ἀλλ’
1025 1634 1115 1690 οὖν
1180 1634 1594 1712 ἀφωσιωμένως
1650 1634 1737 1688 καὶ
1797 1633 2158 1703 ἐπιπολαίως,
2192 1636 2284 1689 τὸν

633 1726 847 1804 ῥήτορα
896 1733 993 1794 τῆς
1058 1723 1351 1794 ἐκκλησίας
1403 1719 1740 1781 Ὀλόϐωλον.
1793 1722 1896 1780 Καί
1946 1745 2007 1799 γε
2065 1720 2283 1797 λαμϐά-

634 1838 739 1872 νων
791 1818 881 1870 καί
939 1817 1029 1869 ἄπ’
1081 1812 1297 1870 ἐκείνων
1356 1814 1450 1876 τὰς
1505 1819 1612 1869 τῶν
1669 1816 1923 1888 ἱστοριῶν
1983 1816 2282 1891 συνάρσεις,

636 1900 1018 1980 προύϐάλλετο
1082 1905 1175 1977 μὲν
1233 1905 1325 1959 τὸν
1384 1905 1585 1958 Δούκαν
1620 1902 1875 1974 Ἰωάννην
1916 1904 2008 1958 καὶ
2062 1902 2287 1978 βασιλέα
2318 1888 2364 1953 Β

634 1993 880 2058 καὶτοὺς
910 1994 1042 2069 ἀμφ’
1085 1993 1285 2048 ἐκεῖνον
1321 1992 1597 2068 ἀρχιερεῖς
1646 1994 1736 2047 καὶ
1785 1994 1873 2048 τὸν
1934 1994 2284 2069 πατριάρχην

636 2087 784 2160 σφῶν
817 2081 1105 2152 Μανουὴλ,
1139 2082 1290 2144 ὅπως
1340 2079 1577 2136 ἐνεδίδου
1626 2081 1961 2146 ἀπελθόντας
2005 2082 2283 2157 ἀρχιερεῖς

632 2170 967 2246 λειτουργεῖν
990 2193 1049 2226 τε
1104 2170 1191 2225 καὶ
1227 2171 1613 2245 μνημονεύειν,
1666 2170 1709 2225 εί
1761 2171 1923 2243 μόνον
1977 2172 2004 2225 ὁ
2058 2172 2285 2233 λπάππας

626 2268 727 2331 τῆς
760 2262 895 2333 πρὸς
926 2260 1055 2325 τοὺς
1085 2259 1135 2315 έν
1170 2264 1237 2334 τῇ
1285 2258 1445 2315 πόλει
1503 2261 1759 2336 βοηθείας
1797 2260 2133 2335 ἀπόσχοιτο.
2187 2261 2281 2315 Καὶ

626 2352 739 2423 ἅμα
803 2351 896 2424 μὲν
951 2351 1013 2405 τὸ
1085 2346 1344 2405 κωδίκιον
1402 2357 1500 2419 τῆς
1562 2348 1893 2420 Ἐκκλησίας
1970 2349 2045 2412 εἷς
2104 2349 2283 2405 πίστιν

627 2441 1049 2515 προεκομίζετο,
1111 2439 1225 2514 ἅμα
1284 2436 1342 2494 δὲ
1394 2439 1484 2494 καὶ
1541 2444 1619 2511 τῷ
1652 2438 1868 2515 βασιλεῖ
1924 2440 1984 2493 τὸ
2030 2438 2155 2494 τότε
2195 2439 2285 2494 καὶ

626 2654 1037 2729 prosecutione
1086 2654 1261 2710 istius
1310 2654 1505 2726 cmpti,
1538 2654 1695 2710 haud
1727 2655 1849 2711 scio
1876 2671 1950 2710 an
1980 2654 2181 2711 volens
2213 2671 2287 2710 an

635 2751 918 2813 coactus;
968 2745 1125 2816 quod
1184 2743 1298 2800 illis
1346 2744 1584 2815 quidem
1643 2744 2059 2809 abscondehat,
2119 2743 2288 2801 nobis

635 2838 835 2890 autem
866 2833 1183 2901 indicabat,
1210 2850 1477 2889 sermone
1497 2833 1770 2905 perplexo
1788 2835 2101 2904 przet‘erens
2125 2832 2289 2889 solli-

637 2924 957 2980 citudinem
977 2923 1209 2979 anxiam
1227 2923 1509 2980 bellorum
1528 2923 1998 2994 impendentium
2019 2923 2288 2996 plurimi-

636 3030 748 3085 que
761 3012 1068 3085 sanguinis
1087 3013 1400 3081 fundendi;
1436 3013 1653 3084 quibus
1670 3013 1842 3069 malis
1859 3013 2287 3083 prevertendis,

628 3101 705 3157 im
716 3101 1073 3158 mutabiliter
1085 3101 1342 3157 haerebat
1355 3102 1505 3174 ﬁxus
1519 3102 1575 3156 in
1593 3102 1889 3173 proposito
1904 3101 2120 3173 negotii
2135 3118 2166 3169 (ι
2178 3105 2287 3158 uod

2401 576 2517 629 κατ’
2548 575 2751 631 ἐκεῖνον
2801 574 2875 637 ὡς
2904 571 3064 643 δῆθεν
3118 576 3265 648 σφῶν
3310 570 3540 647 γραφὰς,
3586 572 3704 630 πῶς
3750 570 3827 639 μή
3877 588 4056 637 κατη-

2402 668 2691 737 γοροῦντες
2725 664 2872 728 ὅλως
2928 657 3171 722 ἀσεϐείας
3212 658 3337 720 τοὺς
3390 656 3633 719 Ἰταλοὺς
3670 656 3853 728 ἠξίουν
3914 676 4059 730 παρ-

2402 757 2687 824 αιροῦντας
2739 754 2839 821 τὴν
2897 752 3217 826 προσθήκην
3290 752 3389 803 τοῦ
3442 741 3762 819 Συμϐόλου,
3823 744 3879 799 ἐν
3936 750 4063 805 ταῖς

2402 839 2623 903 λοιπαῖς
2649 848 2882 919 γραφαῖς
2912 840 3253 915 ἀνάγραπτον
3307 836 3555 913 ἔ-χοντας,
3601 832 3889 890 συνδιιέναι
3933 840 4057 895 τοῖς

2398 930 2796 1006 πεφρασμένοις
2867 928 3369 1003 ἀναγινώσκοντας.
3454 921 3743 996 Προῧτεινιι
3824 920 3883 976 δὲ
3964 922 4059 975 καὶ

2399 1017 2481 1095 ἐφ’
2510 1017 2658 1080 ὅσοις
2713 1023 2821 1072 τῶν
2857 1018 3121 1093 μεγίστων
3183 1014 3495 1090 μυστηρίων
3545 1011 3605 1068 οὗ
3658 1009 4059 1066 διαστέλλοντσ.

2398 1107 2619 1179 Γραικοὶ
2659 1111 2935 1161 κοινωνεῖν
2968 1104 3203 1167 Ἰταλοῖς
3261 1101 3375 1158 οὐδ’
3435 1102 3765 1169 ὁπωστιοῦν,
3797 1102 3881 1173 [Ρ.
3920 1102 4055 1169 25ὅῖ

2400 1194 2661 1251 ἀλλὰκαὶ
2690 1197 2789 1265 τήν
2820 1195 3037 1251 ἐκείνων
3087 1194 3223 1268 πρὸς
3274 1191 3404 1254 τοὺς
3454 1189 3757 1265 ἡμετέρους
3809 1183 4051 1263 μετάϐα-

2397 1305 2477 1338 σιν
2513 1284 2708 1356 ὁμοίαν
2761 1285 2895 1339 εἶναι
2930 1284 2975 1338 εί
3016 1281 3269 1359 γλῶσσαν
3298 1280 3561 1355 γλώσσης
3608 1273 3865 1351 ἤμειϐον,
3918 1274 4053 1333 Ἐλ-

2398 1371 2631 1444 ληνικήν
2676 1380 2778 1442 τῆς
2825 1374 3079 1451 σφετέρας
3114 1415 3129 1428 .
3179 1370 3306 1425 Τίνα
3356 1367 3401 1424 δ’
3453 1365 3568 1443 ἔχει
3614 1366 3956 1424 ἀιτικανοίαν
4012 1368 4052 1434 ἠ

2396 1461 2479 1517 ἐπ’
2531 1461 2823 1533 ἐκκλησίας
2883 1463 3126 1539 ἀναφορα
3152 1464 3250 1516 τοῦ
3293 1459 3585 1531 ὀνόματος,
3644 1457 3783 1511 ὅπου
3839 1477 3900 1529 γε
3958 1455 4053 1509 καὶ

2400 1552 2475 1624 μὴ
2536 1551 2760 1614 πάππας
2836 1548 2993 1613 ὄντας
3067 1550 3193 1612 τοὺς
3265 1547 3470 1609 ἄλλους
3529 1545 3730 1621 ἀνάγκη
3799 1542 4053 1619 μετέχειν

2393 1636 2612 1693 τοιᾶσδε
2659 1646 2758 1709 τῆς
2808 1637 3095 1700 κοινωνίας
3145 1643 3262 1699 τοῖς
3312 1633 3761 1706 ἐκκλησιάζουσιν
3795 1652 4047 1687 συνιστα-

2398 1727 2613 1800 μένους,
2656 1727 3103 1803 λειτουργοῦντος
3130 1724 3227 1781 τοῦ
3271 1726 3461 1801 ἱερέως
3486 1725 3575 1779 καὶ
3606 1725 3703 1791 τὴν
3737 1729 3836 1791 τῆς
3882 1720 4051 1796 Τριά-

2395 1814 2487 1879 δος
2518 1818 2679 1893 χάριν
2733 1822 2862 1872 πᾶσι
2911 1815 3157 1878 διδόντος
3198 1818 3432 1884 κοινῶς;
3482 1810 3747 1890 Ἀδελφὸν
3778 1809 3835 1865 δὲ
3860 1808 4053 1865 καλεῖν

2393 1907 2481 1961 καὶ
2531 1912 2747 1981 πρῶτον
2803 1905 3006 1962 ἐκεῖνον
3063 1905 3228 1979 μείων
3286 1903 3454 1975 αἰτία,
3514 1898 3651 1957 ὅπου
3698 1901 3786 1955 καὶ
3842 1899 4053 1971 πατέρα

2391 1995 2482 2051 τὸν
2517 1990 2769 2071 Ἀϐραὰμ
2810 1994 2991 2051 ἐκάλει
3045 1997 3072 2049 ὁ
3122 1994 3175 2050 ἐν
3231 1998 3301 2068 τῇ
3360 1991 3529 2069 φλογὶ
3562 1989 3851 2056 πλούσιος,
3883 1987 4051 2043 τόσον

2394 2084 2615 2159 ἄπὲχων
2674 2084 2805 2148 τοὺς
2855 2086 3095 2159 τρόπους
3156 2080 3280 2137 ὅσον
3340 2081 3428 2137 καὶ
3485 2082 3547 2135 τὸ
3607 2079 3767 2153 μέσον
3826 2077 4052 2132 ἐκείνων

2392 2175 2585 2248 χάσμα
2640 2181 2740 2243 τῆς
2796 2173 3015 2229 έκείνωτ
3073 2170 3402 2233 διαστάσεως
3454 2169 3521 2238 ἦν
3580 2167 3877 2244 μαρτύριον
3910 2208 3924 2222 .
3982 2164 4053 2222 Εἰ

2394 2260 2451 2317 δὲ
2483 2259 2729 2335 διδοῖμεν
2758 2261 2847 2318 καὶ
2876 2260 3142 2333 ἔκκλητον
3188 2260 3370 2336 σχολῇ
3428 2280 3548 2314 τινα
3598 2257 3763 2327 τόσην
3810 2257 4050 2329 τέμνον-

2391 2373 2458 2406 τα
2503 2351 2775 2415 θάλασσαν
2835 2357 2941 2407 τῶν
2994 2350 3220 2406 δικαίων
3271 2342 3658 2423 ἀμφισϐητεῖν.
3710 2348 3893 2403 Ταῦτα
3950 2344 4052 2398 καὶ

2390 2445 2615 2497 τοιαῦτα
2644 2446 2740 2497 τοῦ
2776 2441 3045 2518 βασιλέως
3073 2438 3351 2516 λέγοντος,
3383 2439 3411 2493 ὁ
3458 2436 3810 2514 πατριάρχης
3856 2432 4055 2510 παρὼν

2399 2659 2456 2712 et
2485 2660 2550 2711 ut
2580 2656 2847 2728 proprias
2890 2654 3115 2712 censeri
3166 2655 3238 2711 ab
3286 2652 3453 2726 ipsis,
3486 2651 3589 2724 qui
3631 2665 3788 2713 nunc
3844 2649 4057 2705 eodem

2400 2750 2599 2802 essent
2630 2747 2777 2812 loco,
2809 2746 3020 2801 debere
3050 2744 3460 2809 contendebat,
3493 2742 3552 2797 in
3584 2740 3658 2796 iis
3685 2738 4060 2796 considerari

2391 2834 2611 2906 jubens
2630 2840 2691 2890 ut
2710 2836 2909 2891 Patres
2925 2833 3008 2890 illi
3031 2834 3271 2890 omnino
3301 2830 3777 2888 abstinuerintab
3791 2843 4057 2900 arguen-

2400 2924 2492 2979 dis
2526 2924 2689 2979 Italis
2720 2923 3040 2995 impietatis
3071 2926 3173 2979 aut
3200 2922 3488 2977 haareseos
3515 2925 3749 2991 propter
3794 2916 4055 2973 additio-

2386 3003 2534 3069 ‘nem
2568 3012 2625 3068 in
2658 3012 2932 3085 Symbolo
2980 3017 3365 3079 attentatam;
3418 3025 3591 3081 quam
3627 3006 3752 3063 tolli
3786 3004 3981 3062 solum
4021 3024 4058 3061 ει

2401 3102 2676 3174 Symbolo
2736 3102 3031 3174 petebant,
3089 3101 3468 3174 indulgentes
3518 3103 3583 3154 ut
3630 3098 3689 3153 in
3739 3096 3967 3153 ceteris
3999 3101 4062 3151 et

633 3195 886 3263 cmperat
918 3191 1484 3263 urgendi,quidquid
1517 3195 1722 3247 contra
1751 3191 1943 3263 quivis
1980 3191 2280 3263 allegaret.
2314 3192 2356 3259 C
2396 3192 2711 3248 haberetur
2732 3197 2787 3247 et
2808 3192 3309 3263 quemadmodum
3331 3194 3535 3245 caetera
3557 3186 3868 3259 legeretur.
3889 3188 4059 3240 Com-

627 3279 889 3344 Quadam
922 3278 1104 3350 igitur
1134 3280 1227 3335 die
1258 3297 1391 3335 cum
1424 3280 1833 3336 convenissent
1881 3281 2035 3353 apud
2088 3281 2275 3352 impe—

623 3372 877 3423 ratorem
912 3367 1263 3438 patriarcha,
1299 3368 1593 3424 antistites
1619 3372 1674 3424 et
1704 3386 1771 3424 ex
1802 3367 1952 3425 clero
2011 3368 2275 3439 quidam,

625 3456 950 3513 instantius
973 3456 1042 3513 iis
1064 3454 1480 3530 efﬁcaciusque
1496 3462 1815 3530 imperator
1836 3460 1907 3514 de
1930 3459 2087 3530 pacis
2107 3475 2279 3530 nego-

623 3547 705 3601 tio
762 3545 1062 3617 disseruit,
1100 3545 1385 3615 intexens,
1436 3552 1497 3603 ut
1547 3548 1793 3616 solebat,
1847 3547 2097 3604 orationi
2157 3565 2275 3604 suae

623 3635 973 3692 formidines
1019 3636 1307 3692 atrocium
1365 3636 1668 3702 malorum,
1702 3655 1829 3709 quae
1861 3637 2083 3693 vitandi
2129 3638 2274 3693 ratio

624 3725 748 3781 haec
778 3741 896 3780 una
926 3726 1251 3781 oli'erretur.
1298 3726 1667 3798 Adjungebat
1698 3726 1844 3782 nihil
1874 3744 2001 3783 esse
2033 3725 2277 3798 periculi

626 3814 689 3870 in
736 3813 1112 3871 assentiendo
1160 3814 1385 3871 Latinis
1436 3817 1589 3887 quod
1636 3821 1930 3886 cuperent,
1970 3815 2174 3871 multis
2220 3816 2277 3870 id

628 3903 959 3960 rationibus
983 3903 1398 3961 demonstrans
1436 3921 1447 3960 :
1484 3906 1907 3961 habebatenim
1938 3905 2038 3978 qui
2069 3903 2277 3961 talium

623 3994 675 4049 ei
737 3999 1218 4065 argumentorum
1275 3994 1504 4066 copiam
1546 4000 1951 4067 suggererent,
2009 4000 2278 4050 auctores

627 4083 929 4138 studiosos
960 4082 1089 4153 ejus
1119 4083 1302 4154 pacis,
1327 4084 1805 4140 archidiaconum
1838 4085 2277 4150 Meliteniotem,

629 4171 1186 4243 protapostolarium
1246 4174 1559 4245 Georgium
1617 4175 1917 4247 Cyprium,
1951 4179 2008 4229 et
2038 4175 2278 4229 tertium

627 4264 991 4333 (quanquam
1026 4261 1227 4317 minus
1258 4264 1550 4334 ardenter,
1576 4265 1675 4319 sed
1704 4264 1818 4321 fere
1841 4264 1989 4320 dicis
2019 4281 2196 4319 causa
2225 4267 2278 4319 et

630 4349 1027 4421 superﬁciarie
1051 4368 1172 4405 rem
1197 4352 1489 4423 ejusmodi
1509 4353 2277 4425 amplectenlem)rhetorem

628 4434 886 4496 ecclesiae
916 4439 1263 4497 lioloboum.
1297 4441 1630 4499 Proferebat
1661 4460 1796 4515 ergo
1828 4460 1858 4499 e
1891 4459 2043 4515 penu
2092 4443 2163 4497 ab
2209 4442 2280 4498 iis

630 4528 890 4585 historia
946 4529 1290 4603 deprompta
1358 4534 1652 4588 memoriae
1714 4533 1927 4588 veteris
1992 4532 2278 4604 exempla,

631 4618 887 4674 maxime
919 4618 1063 4675 illud
1096 4620 1469 4691 imperatoris
1497 4622 1742 4678 Joannis
1772 4622 1943 4678 Ducm
1976 4627 2032 4677 et
2059 4620 2283 4677 antisti-

630 4711 759 4762 tum
792 4708 893 4778 qui
928 4713 1068 4763 tunc
1091 4714 1255 4765 erant
1282 4710 1456 4765 simul
1475 4710 2276 4782 cumpatriarcbaManuele;

628 4796 1139 4867 utconsenserint,
1166 4799 1681 4871 promiserintque,
1717 4800 1919 4856 missis
1947 4800 2125 4856 etiam
2158 4800 2279 4871 epi-

628 4886 823 4955 scopis
865 4884 966 4956 qui
998 4885 1055 4941 in
1088 4886 1209 4942 haec
1258 4889 1711 4960 paciscerentur,
1744 4890 2282 4946 communicaturos

631 4991 693 5030 se
721 4974 942 5031 Latinis
974 4974 1033 5030 in
1064 4993 1229 5033 sacra
1258 4977 1501 5051 liturgia
1530 4985 1587 5035 et
1618 4996 1778 5051 papae
1828 4979 2189 5035 mentionem
2221 4979 2281 5033 in

632 5080 700 5119 ea
761 5063 1038 5130 facturos,
1100 5065 1148 5120 si
1203 5069 1375 5124 modo
1421 5067 1518 5124 ille
1566 5068 1891 5125 abstineret
1934 5069 2005 5124 ab
2064 5068 2281 5125 auxillo

622 5150 906 5223 juvandis
958 5152 1175 5210 Latinis
1207 5156 1307 5226 qui
1341 5158 1545 5213 urbem
1596 5157 1960 5214 obtinebant.
1995 5158 2080 5214 Ad
2113 5159 2282 5229 cujus

633 5240 715 5296 rei
741 5241 911 5296 ﬁdem
938 5244 1114 5299 codex
1137 5244 1415 5314 ecclesiae,
1442 5247 1499 5302 in
1522 5264 1638 5318 quo
1661 5264 1728 5303 ea
1751 5247 2076 5320 perscripta
2095 5251 2279 5315 erant,

631 5328 898 5402 prolatus
950 5331 1007 5387 in
1071 5335 1332 5391 medium
1387 5340 1495 5393 est.
1543 5336 1710 5394 Circa
1757 5337 1815 5393 id
1866 5354 2001 5394 vero
2058 5337 2281 5393 factum

630 5418 957 5476 disserebat
1016 5421 1354 5496 imperator,
1401 5443 1749 5499 comparans
1806 5430 2029 5484 statum
2084 5443 2280 5483 rerum

629 5508 729 5581 qui
755 5512 896 5565 tunc
928 5516 1203 5569 eratcum
1229 5516 1378 5574 875
1418 5516 1714 5589 praesenti.
1740 5517 2075 5573 Proferebat
2105 5517 2282 5574 etiam

628 5600 1002 5673 praescriptas
1034 5607 1092 5660 et
1121 5604 1514 5679 chirographo
1564 5606 1825 5662 munitas
1869 5606 1941 5663 de
1986 5606 2097 5664 hoc
2145 5622 2284 5664 sen-

628 5686 848 5747 tentias
866 5692 1185 5764 praesulum
1217 5695 1378 5754 illius
1404 5693 1709 5768 temporis,
1733 5711 1884 5768 quas
1900 5699 2058 5755 ratas
2080 5695 2280 5755 haberi

2395 3281 2753 3336 memorabat
2797 3280 3007 3336 deinde
3055 3279 3331 3335 distincte
3381 3292 3742 3349 persequens
3793 3273 4059 3329 maxima

2397 3386 2642 3441 quaeque
2692 3370 2990 3442 mysteria,
3023 3368 3083 3424 in
3112 3368 3330 3441 quibus
3378 3365 3555 3423 Graeci
3607 3362 4054 3421 communicare

2397 3460 2621 3515 Latinis
2636 3476 2750 3515 non
2774 3459 3113 3515 dubitarent
3134 3461 3235 3514 aut
3255 3455 3342 3514 Vel
3362 3456 3679 3511 minimum
3701 3456 4057 3509 cunctaren-

2393 3552 2513 3617 tur,
2536 3548 2827 3620 iidemque
2850 3565 2964 3620 prze
2994 3565 3055 3604 se
3086 3548 3303 3603 ferrent
3336 3544 3742 3602 transitionem
3778 3541 4051 3613 ipsorum

2394 3641 2465 3695 ad
2502 3645 2733 3696 nostros
2781 3639 2931 3694 ritus
2980 3637 3169 3694 simile
3216 3634 3524 3709 quidpiam
3569 3650 3697 3690 esse
3728 3648 3791 3687 ac
3824 3631 3874 3687 si
3908 3631 4052 3702 quis

2394 3727 2654 3801 linguam
2714 3744 2848 3784 cum
2909 3728 3111 3800 lingua
3166 3728 3487 3784 commutet
3530 3727 3587 3781 et
3626 3722 3820 3779 Graece
3880 3721 4052 3793 prius

2392 3817 2624 3874 locutus
2672 3818 2870 3874 Latino
2919 3816 3195 3888 deinceps
3230 3816 3315 3870 uti
3348 3829 3616 3870 sermone
3663 3809 3853 3878 malit,
3884 3815 3990 3865 aut
4021 3825 4056 3865 e

2394 3924 2695 3964 converso.
2727 3907 2875 3972 Quid
2928 3922 3100 3979 porro
3148 3905 3325 3961 habet
3371 3902 3698 3959 canonibus
3732 3900 4053 3955 adversum

2394 3996 2642 4067 prolatio
2677 3995 2932 4051 nominis
2963 4001 3131 4067 Papae
3164 3992 3398 4065 publice
3430 3992 3489 4047 in
3520 3988 3766 4046 ecclesia
3796 4005 4061 4059 pronun-

2392 4086 2521 4141 tiati
2552 4086 2579 4140 ?
2629 4085 2831 4156 utique
2881 4102 3013 4139 cum
3061 4082 3301 4153 multos,
3352 4082 3453 4153 qui
3499 4096 3660 4152 papw
3713 4094 3827 4133 non
3885 4082 4055 4147 sunt,

2394 4194 2522 4232 mos
2544 4176 2866 4232 obtinuerit
2887 4181 2942 4233 et
2962 4190 3027 4230 ex
3059 4192 3169 4230 usu
3206 4174 3445 4228 inducta
3475 4169 3795 4226 necessitas
3826 4167 4051 4237 imper-

2390 4265 2576 4321 tiendi
2608 4264 2709 4320 tali
2742 4281 2951 4336 genere
2982 4260 3439 4331 communionis,
3472 4257 3817 4315 nominatim
3850 4257 4056 4327 expri-

2395 4356 2608 4411 mendo
2661 4354 2792 4410 illos
2842 4354 2980 4409 dum
3034 4354 3349 4425 praesentes
3382 4350 3439 4405 in
3466 4347 3721 4405 ecclesias
3754 4350 4055 4401 conventu

2394 4446 2613 4501 adsunt
2674 4444 3005 4501 celebrante
3035 4441 3336 4498 sacerdote
3369 4456 3435 4495 ac
3466 4436 3771 4494 Trinitatis
3802 4434 4058 4507 gratiam

2392 4533 2670 4590 omnlbus
2700 4533 2877 4588 dante
2908 4531 3322 4589 communiter.
3352 4532 3613 4585 Fratrem
3648 4530 3842 4581 autem
3880 4523 4058 4580 illum

2393 4629 2449 4679 et
2483 4623 2739 4695 primum
2790 4637 2993 4677 vocare
3039 4619 3235 4675 minus
3286 4617 3466 4673 habet
3512 4613 3879 4684 offensionis,
3912 4630 4057 4668 cum

2391 4719 2615 4784 patrem
2636 4711 2927 4767 Abraham
2953 4713 3117 4766 vocet
3149 4708 3206 4763 in
3241 4706 3482 4762 ﬂamma
3514 4703 3695 4773 dives,
3717 4706 3950 4759 tantum
3979 4703 4059 4758 ab

2390 4801 2491 4857 illo
2510 4802 2738 4857 distans
2761 4800 3025 4855 moribus
3050 4802 3334 4868 quantum
3368 4794 3547 4850 chaos
3580 4792 3725 4848 illud
3762 4807 4058 4863 magnum

2391 4890 2726 4963 interipsos
2749 4889 3166 4962 interpositum
3196 4882 3662 4942 demonstrabat.
3687 4881 3745 4937 Si
3767 4884 3965 4936 autem
4004 4889 4062 4937 et

2392 4978 2856 5052 provocationem
2914 4979 3147 5046 demus,
3182 4972 3511 5049 periculum
3571 4968 3797 5026 scilicet
3843 4972 3937 5024 est
3983 4985 4061 5024 ne

2392 5069 2525 5141 quis
2552 5073 2673 5124 tam
2701 5073 2867 5126 vasto
2890 5073 2947 5125 et
2970 5068 3182 5123 infesto
3215 5063 3364 5120 mari
3388 5061 3546 5118 litem
3572 5059 3710 5116 illuc
3733 5062 4060 5115 secuturus

2393 5157 2664 5231 naviget?
2695 5158 2825 5213 Haec
2850 5161 2907 5213 et
2938 5157 3066 5229 ejus
3097 5153 3331 5228 generis
3362 5150 3478 5208 alia
3508 5149 3833 5206 disserente
3866 5148 4059 5218 impe-

2394 5251 2608 5317 ratore,
2642 5246 2977 5319 patriarcha
3008 5261 3286 5318 praesens,
3320 5241 3421 5297 ubi
3452 5237 3802 5310 aliquandiu
3834 5236 4063 5292 frustra

2393 5336 2748 5408 exspectavit
2778 5342 2842 5392 ut
2874 5333 3316 5407 chartophylax,
3338 5330 3432 5387 cui
3458 5332 3526 5385 ut
3554 5327 3784 5384 erudito
3815 5330 3875 5383 et
3906 5326 3964 5382 in
4001 5325 4060 5380 id

2392 5430 2803 5497 argumentum
2826 5429 3024 5497 parato
3037 5424 3394 5492 fidebat,pro
3413 5417 3636 5475 Latinis
3658 5417 3817 5473 dicta
3838 5418 4062 5473 extem-

2393 5514 2657 5588 p10870
2690 5515 3002 5589 refelleret,
3017 5512 3356 5585 intelligens
3379 5523 3537 5576 eum,
3564 5522 3638 5563 ne
3659 5506 3814 5579 quod
3832 5504 4060 5578 promi-

2393 5607 2552 5661 serat
2576 5604 2765 5661 facere
2785 5606 3047 5675 auderet,
3071 5597 3446 5676 imperatoris
3464 5595 3830 5653 contrarium
3854 5593 4059 5667 palam

2394 5709 2634 5751 sensum
2661 5694 3048 5769 studiumque
3065 5683 3530 5750 demonstrantis
3550 5682 3906 5743 verecundia
3922 5698 4062 5741 con-
