4242 6438
192 412 303 466 829

192 531 373 593 ὶκεῖσε
420 532 510 586 καὶ
557 534 625 587 τὰ
669 532 835 587 πιστᾶ
881 535 1056 610 φέρων
1105 536 1183 603 τῷ
1230 529 1609 606 χαρτοφύλακι
1642 532 1716 592 ὡς
1746 530 1842 584 αὖ-
1869 532 1923 597 Α
1959 527 2021 602 ιγ’

189 621 319 673 τίκα
346 618 621 693 ἐλέγξοντι
654 619 713 674 ἐκ
764 628 866 689 τῆς
925 621 1016 674 ἀπ’
1072 619 1279 674 ἐκεινου
1314 620 1431 695 βίας
1459 620 1548 673 καὶ
1579 618 1845 681 ἀκουσίως

189 709 499 785 ἆφορισμὸν
553 708 857 778 ίπιτίθησιν
912 709 1209 782 ἱσταμένῳ,
1260 707 1407 785 ἔφίβ
1437 710 1553 763 κατ’
1599 708 1841 781 ἀνάγκην

192 796 439 852 εἴποιτὰ
487 796 564 858 είς
621 797 795 871 κρίσιν
858 795 996 851 ἶδιαν
1055 798 1177 871 περὶ
1235 801 1343 851 τῶν
1404 796 1649 851 Ἰταλῶν.
1705 797 1766 851 Ὀ
1796 792 1838 848 δ’

194 884 470 960 ἐνσχεθείς
502 887 903 963 ἀυςιοτέρωθεν,
964 884 1108 940 ἔνθεν
1174 887 1267 958 μὲν
1326 891 1405 957 τῷ
1444 882 1841 958 τοῦξβασιλὲως

190 972 376 1051 φόϐῳ,
408 975 606 1038 ἐκεῖθεν
662 972 719 1029 δὲ
761 978 829 1048 τῇ
877 979 975 1029 τοῦ
1019 975 1328 1051 ἀφορισμοῦ
1369 968 1642 1042 εὐλαϐείᾳ,
1680 974 1839 1043 μέσος

188 1062 583 1133 ξναπολειπτῡ,
641 1063 730 1117 καὶ
782 1084 841 1137 γε
890 1061 1169 1136 ὡμολόγει
1224 1062 1286 1116 τὸ
1344 1063 1533 1129 πάθος,
1584 1062 1657 1122 ὡς
1690 1058 1839 1114 δυοῖν

186 1153 502 1224 κρήμναται
549 1150 860 1227 ἀυφοτὲρων
922 1146 1094 1227 φόϐου
1151 1152 1241 1205 καὶ
1301 1145 1604 1215 εὐλαϐείας,
1635 1150 1724 1203 καὶ
1756 1145 1838 1203 ὅτι

182 1240 254 1293 τὰ
279 1244 379 1293 τοῦ
431 1239 743 1309 πνεύματος
804 1240 1147 1313 προτιμητὲα
1293 1238 1359 1292 τὰ
1411 1243 1510 1293 τοῦ
1564 1239 1836 1310 σώματος.

183 1328 327 1384 Τότε
349 1324 573 1401 διαιρῶν
606 1323 792 1399 ἔλεγεν
836 1327 934 1394 ὡς,
991 1354 1011 1377 ι
1066 1328 1134 1384 Οἱ
1186 1329 1280 1398 μὲν
1336 1328 1421 1381 ἐπί
1462 1348 1568 1381 τινι
1614 1327 1701 1382 καὶ
1735 1326 1838 1381 εἰσὶ

182 1418 275 1471 καὶ
308 1415 671 1490 λέγονται,οἱ
733 1415 789 1471 δί
849 1414 962 1471 οὔτ’
1022 1416 1153 1471 είσῖν
1217 1415 1337 1471 οὔτε
1394 1418 1664 1491 λέγονται,
1698 1418 1750 1472 οἱ
1784 1415 1840 1472 δὲ

185 1502 439 1580 λέγονται
473 1505 593 1576 μὲν,
626 1506 728 1559 οὐκ
760 1505 860 1560 εἷ’σί
894 1504 971 1575 δί,
1005 1506 1055 1559 οἱ
1092 1502 1137 1559 δ’
1186 1504 1447 1559 ἀνάπαλιν
1484 1506 1583 1559 εἶσί
1621 1508 1737 1577 μὲν,
1772 1507 1836 1560 οὐ

185 1591 437 1667 λέγονται
481 1588 574 1646 δὲ·
636 1592 689 1647 ἐν
739 1593 956 1656 τούτοις
1006 1594 1227 1646 τακτέον
1285 1593 1375 1645 καὶ
1434 1592 1697 1663 Ἰταλοὺς,
1760 1594 1835 1664 μὴ

182 1678 519 1753 λεγομένους
558 1681 676 1751 μὲν,
707 1679 831 1735 ἀλλ’
874 1677 1033 1741 ὄντας
1083 1679 1351 1754 ἐνόχουσα
1382 1682 1569 1753 ἱρὲσει,
1608 1706 1635 1731 ››
1668 1685 1837 1735 Τοῦτο

190 1770 285 1823 τὸν
322 1770 415 1841 μὲν
448 1770 801 1844 πατριάρχην
852 1768 1108 1845 ἐθάρρυνε
1154 1770 1347 1836 πλέον,
1383 1770 1599 1844 βασιλεῖ
1629 1767 1686 1823 δὲ
1717 1768 1835 1824 δει-

182 1856 277 1912 νδν
309 1856 455 1930 ἔδοξε
483 1858 574 1913 καὶ
636 1859 792 1933 βαρῦ.
836 1862 974 1913 Λῦσε
1024 1856 1081 1913 δὲ
1133 1858 1412 1933 λαιψηρήν
1446 1858 1655 1933 ἀγορήν
1685 1858 1832 1912 αὐτί-

1272 414 1361 465 ΒΕ
1399 412 1769 468 MICHAELB
1804 406 2245 463 PALBOLOGO
2281 407 2415 458 LIB.
2459 406 2525 455 V.

3490 390 3596 443 830

2110 528 2293 588 Ὅπως
2365 525 2393 577 ὁ
2468 526 2728 594 Χοῦμνος
2800 518 3052 594 Ἰωάννης
3130 512 3421 589 κυτηγόρει
3494 514 3594 564 τοῦ

2434 592 2854 669 χαρτοφῦλακος
2886 592 3109 647 Βέκκον.

2026 708 2105 777 [Ρ.
2138 707 2265 776 256]
2296 703 2505 775 Ἡμέρα
2563 698 2839 775 παρῆλθεν
2901 697 3098 765 ἐκείνη,
3155 692 3243 748 καὶ
3299 693 3326 745 ὁ
3390 709 3591 777 χ-αρτο-

1952 792 2118 863 Θόλαξ
2157 794 2235 864 τῷ
2299 792 2515 866 βασιλεῖ
2569 790 2911 863 ἀπηχανετο,
2971 785 3143 845 αἰτίας
3205 774 3594 855 ἐργολαϐοῦντι

1948 888 2045 937 τοῦ
2082 882 2309 956 βλάψαι.
2370 880 2471 937 Καὶ
2532 880 2600 933 δι’
2655 872 2965 954 ὑπερϐολήν
3020 875 3188 949 ὀργῆς
3225 872 3314 925 τὸν
3351 872 3593 943 χοῦμνον

1949 973 2398 1043 προστησάμενος
2476 969 2727 1038 Ἰωάννην
2789 968 2861 1028 ὡς
2920 956 3403 1038 παραπρεσὸευτήν
3461 955 3593 1011 ὲκεί-

1948 1085 2040 1118 νου
2091 1060 2387 1123 διώκοντος
2436 1058 2661 1131 ἔκρινεν.
2711 1058 2925 1131 Είσάγει
2974 1076 3032 1109 τε
3076 1054 3173 1120 τὴν
3207 1047 3531 1123 κατηγορίαν
3568 1045 3595 1099 ὁ

1948 1157 2206 1224 Χοῦμνος
2239 1150 2324 1204 ἐπὶ
2356 1146 2605 1218 συνόδου,
2635 1147 2722 1201 καὶ
2756 1148 2784 1201 ὁ
2827 1141 3302 1218 κατηγορούμενος
3333 1138 3432 1205 την
3469 1135 3596 1190 ὑπόο

1950 1243 2092 1295 θεσιν
2127 1240 2497 1315 παρεγράφετο
2549 1237 2638 1291 καὶ
2680 1238 2779 1306 τήν
2827 1231 3158 1307 κατηγορίαν
3212 1230 3283 1289 ὡς
3317 1227 3591 1300 ὑπερήμε-

1950 1349 2042 1404 ρον
2086 1326 2475 1403 παρεκροόετο,
2521 1323 2852 1399 κατηγορίαν
2901 1322 3076 1396 λέγων
3108 1319 3310 1386 ταύτην
3350 1315 3439 1370 καὶ
3493 1312 3591 1386 μό-

1946 1439 2041 1471 νου
2072 1422 2170 1472 τοῦ
2201 1415 2493 1490 βασιλέως,
2545 1414 2704 1468 αὐτόν
2767 1410 2812 1465 δ’
2865 1410 2975 1484 οὐχ
3022 1410 3134 1463 οἷόν
3188 1428 3244 1460 τε
3291 1405 3426 1459 εἶναι
3460 1402 3594 1473 μετὰ

1949 1501 2213 1558 δεσπότου
2260 1503 2554 1576 κρίνεσθαι.
2613 1500 2775 1556 Ταῦτ’
2826 1497 3008 1571 ἔλεγεν
3068 1493 3154 1549 ἐπὶ
3207 1488 3432 1545 συνόδου
3466 1508 3593 1542 στα-

1948 1593 2057 1656 θεές
2091 1591 2173 1646 ἐπ’
2218 1591 2382 1645 αὐτοῦ
2429 1594 2524 1643 τοῦ
2569 1588 2740 1642 τόπου
2786 1587 2847 1640 οὗ
2893 1587 2956 1640 τὸ
2996 1583 3259 1657 πρότερον
3291 1576 3589 1645 ἐκαθέζετο,

1944 1680 2041 1734 τοῦ
2101 1680 2351 1751 Χεύμνου
2404 1682 2564 1751 μέσον
2621 1675 2915 1748 ἱσταμένου
2984 1671 3071 1726 καὶ
3127 1670 3590 1743 κατηγοροῦντος,

1944 1774 2051 1823 τῶν
2084 1767 2141 1823 δὲ
2172 1766 2550 1844 συγκλητικῶν
2594 1766 2897 1841 ἀρχόντων,
2947 1766 3043 1816 τοῦ
3078 1759 3319 1834 μεγάλου
3353 1753 3587 1830 λογοῐιέ-

1943 1882 2040 1916 του
2065 1865 2162 1915 τοῦ
2194 1858 2613 1935 Ἀκροπολίτου,
2658 1861 2755 1911 τοῦ
2809 1851 3106 1929 λογοθέτου
3148 1854 3254 1905 τῶν
3305 1848 3586 1902 οἶκειακῶν

408 1918 426 1930 ν
636 1918 645 1933 .
708 1918 717 1932 .
1245 1918 1253 1930 .
1295 1918 1323 1933 ..
1371 1918 1381 1926 .
1495 1918 1505 1933 .
1554 1918 1561 1931 .
1612 1918 1621 1926 .
2293 1918 2303 1935 ,
2602 1918 2611 1925 ,
2894 1918 2904 1929 ,

182 1967 276 2014 κα,
315 1949 391 2019 μὴ
421 1948 534 2009 οἷός
567 1948 613 2001 0'
646 1948 953 2019 ὑπενεγκεῖν
994 1946 1123 2009 τοὺς
1172 1948 1405 2023 λόγους’
1441 1944 1833 2018 ἀνασεσόδηται
1865 1918 1911 1985 Β
1944 1971 2041 2004 του
2114 1946 2507 2023 Ἰατροπούλου
2563 1947 2653 2001 καὶ
2725 1942 2935 2009 ἄλλων,
3006 1936 3461 2015 συνεδριαζόντων
3520 1936 3589 2005 τῇ

179 2037 285 2111 γὰρ
333 2036 574 2099 ὶντεῦθεν
623 2038 658 2104 ἡ
709 2037 849 2110 θήρα
896 2041 977 2108 τῷ
1030 2034 1265 2109 βασιλεῖ,
1297 2035 1385 2090 καὶ
1417 2036 1519 2091 οὐκ
1547 2037 1692 2111 εἶχεν
1723 2034 1753 2091 ὅ
1780 2058 1831 2091 τι

173 2126 269 2177 καὶ
303 2122 467 2193 Λὲξει,
500 2125 575 2187 ὡς
607 2125 693 2179 ὑπ’
724 2123 963 2197 ἀνάγκης
1006 2124 1291 2193 ἀληθεύειν
1327 2122 1637 2186 δοκοῦντος.
1673 2124 1832 2181 Ἀλλ’

175 2211 233 2264 οἱ
267 2210 409 2288 ἀμφὶ
442 2211 533 2265 τὸν
589 2209 979 2286 ἀρχιδιάκονόν
1036 2232 1095 2265 τε
1150 2212 1239 2267 καὶ
1290 2211 1381 2265 τὸν
1440 2233 1829 2285 πρωταποστο-

173 2297 367 2371 λάριον
428 2296 583 2370 δίκην
638 2304 860 2377 σφηκῶν
930 2301 1270 2375 ὁρμήσαντες
1329 2299 1549 2355 ἐνοδίων
1605 2300 1827 2377 ἐπεῖχον

174 2388 418 2465 στερρῶς
469 2393 549 2460 τῷ
609 2389 799 2461 Βὲκκῳ
858 2389 932 2450 ὡς
984 2394 1164 2453 κακῶς
1209 2388 1470 2464 κρίνοντι,
1531 2389 1709 2465 λογίῳ
1739 2391 1827 2446 καὶ

172 2477 347 2533 ταῦτά
374 2498 434 2553 γε
463 2474 577 2533 ὄντι
626 2478 717 2533 καὶ
751 2479 882 2554 ὑπὲρ
934 2477 1062 2540 τοὺς
1121 2477 1371 2542 πολλοὺς
1413 2476 1661 2535 δοκοῦντι
1694 2502 1825 2557 φρο-

172 2587 312 2623 νειν.

169 2785 410 2857 stringi,
451 2786 691 2842 tandem
741 2785 960 2843 invitus
1004 2785 1142 2843 licet
1170 2789 1226 2842 in
1260 2788 1656 2844 necessarium
1689 2806 1825 2845 con-

170 2874 379 2929 silium
421 2874 676 2930 trahitur
720 2874 1053 2947 imperandi
1082 2876 1133 2933 ei
1165 2878 1277 2931 sub
1326 2878 1741 2942 anathematis,
1776 2880 1825 2935 si

172 2968 427 3029 recuset,
478 2962 818 3019 incurrendi
868 2982 1057 3035 paena,
1112 2970 1177 3019 ut
1223 2964 1364 3037 quid
1410 2966 1709 3036 judicaret
1754 2969 1826 3023 de

172 3053 340 3109 Italis
374 3053 677 3125 proferret.
733 3053 851 3110 Hoc
900 3054 1145 3126 imperio
1200 3058 1570 3126 perturbatus
1603 3057 1824 3113 Veccus

168 3148 282 3209 est,
319 3144 472 3197 inter
519 3142 656 3197 hinc
705 3143 945 3214 quidem
989 3143 1146 3198 haud
1207 3142 1457 3199 molliter
1515 3151 1821 3215 urgentem

165 3231 480 3303 praesentis
513 3232 765 3303 Augusti
796 3236 1044 3299 metum,
1077 3232 1212 3287 inde
1254 3239 1450 3287 autem
1481 3240 1685 3289 contra
1716 3234 1823 3290 sti-

162 3320 495 3376 mulantem
549 3320 955 3377 consciscendi
1011 3321 1406 3378 anathematis
1471 3323 1818 3396 scrupulum

160 3410 399 3466 medius
429 3408 489 3465 in
522 3414 683 3466 arcto
725 3410 1152 3481 deprehensus.
1190 3412 1389 3482 Itaque
1420 3411 1601 3483 hujus
1633 3413 1819 3483 ipsius

155 3499 534 3555 confessione
566 3500 851 3571 angustia:
879 3499 1203 3555 orationem
1236 3500 1562 3570 ingressus,
1587 3506 1637 3557 ei
1658 3519 1818 3559 exor-

154 3589 256 3645 dio
290 3588 548 3659 subjecit
596 3604 747 3656 sese,
776 3605 910 3645 cum
960 3588 1098 3645 hinc
1126 3606 1160 3644 a
1190 3590 1456 3645 saeculari
1509 3597 1814 3663 potestate,

153 3679 333 3749 cujus
362 3678 451 3734 vis
498 3678 558 3733 in
614 3694 826 3750 corpus
872 3684 979 3748 est,
1013 3678 1150 3733 inde
1198 3696 1231 3733 a
1275 3678 1548 3750 spiritali,
1580 3697 1706 3751 quae
1755 3682 1814 3737 in

150 3768 420 3825 animam
452 3768 628 3836 valet,
657 3769 717 3823 in
768 3768 997 3825 diversa
1022 3768 1405 3840 propellatur,
1440 3771 1635 3841 potius
1684 3773 1810 3827 ani-

148 3876 264 3915 mae
291 3857 602 3914 consulere
632 3858 777 3913 velle
812 3875 990 3930 quam
1032 3859 1284 3930 corpori.
1319 3860 1470 3915 Tum
1504 3878 1649 3917 usus
1681 3880 1813 3933 par-

147 3948 367 4003 titione
415 3946 503 4003 sic
553 3946 748 4002 dixit:
783 3969 812 3998 ‹‹
845 3948 1093 4011 Quidam
1142 3962 1200 4004 et
1247 3954 1387 4004 sunt
1433 3954 1491 4005 et
1532 3950 1815 4007 dicuntur

150 4034 442 4105 haeretici;
492 4035 764 4092 nonnulli
817 4053 1006 4109 neque
1064 4042 1205 4093 sunt
1259 4054 1448 4110 neque
1502 4040 1809 4109 dicuntur;

150 4124 255 4179 alii
286 4125 572 4181 dicuntur
600 4125 863 4197 quidem,
895 4127 995 4183 sed
1030 4143 1145 4183 non
1176 4134 1342 4194 sunt;
1377 4136 1672 4200 postremo
1702 4130 1809 4186 ali-

148 4214 251 4285 qui
283 4213 410 4270 vice
457 4231 625 4270 versa
674 4219 835 4281 sunt,
868 4215 1004 4272 licet
1052 4232 1168 4271 non
1217 4217 1512 4286 dicantur,
1544 4220 1710 4275 tales.
1746 4222 1810 4276 In

151 4302 309 4359 hanc
367 4303 643 4359 ultimam
701 4303 951 4360 classem
1005 4306 1351 4377 redigendos
1409 4312 1549 4379 puto
1607 4308 1808 4379 Italos,

147 4392 373 4466 quippe
406 4394 508 4466 qui
538 4409 675 4449 cum
708 4392 996 4449 haereseos
1019 4410 1135 4449 non
1170 4395 1443 4451 dicantur
1474 4396 1580 4466 rei,
1611 4414 1810 4455 revera

145 4487 353 4537 tamen
399 4498 465 4538 eo
520 4482 766 4538 crimine
798 4486 1090 4538 tenentur.
1127 4505 1155 4532 »
1188 4487 1265 4539 Ea
1312 4484 1499 4541 libera
1526 4502 1633 4542 vox
1680 4504 1805 4542 ma-

145 4586 325 4643 gnam
359 4570 578 4641 adjecit
607 4570 955 4643 patriarchae
978 4572 1416 4643 confidentiam,
1443 4575 1806 4648 pereulitque

1945 2035 2155 2110 συνόδῳ
2202 2037 2291 2091 καὶ
2340 2034 2606 2090 θελόντων
2654 2034 2855 2106 κρίνειν
2916 2032 2987 2093 ὡς
3048 2030 3106 2084 ἐκ
3163 2026 3464 2101 προσώπου
3493 2026 3589 2076 τοῦ

1945 2126 2216 2201 βασιλέως
2244 2126 2620 2201 πεμφθέντων.
2662 2124 2800 2180 Τότε
2846 2120 3028 2176 τοίνυν
3080 2120 3131 2173 οἱ
3182 2118 3275 2190 μὲν
3310 2117 3588 2189 ἀρχιερεῖς

1938 2219 2284 2291 παρῃτοῦντο
2332 2215 2430 2282 τήν
2491 2214 2685 2289 κρίσιν,
2751 2213 2826 2283 μὴ
2883 2206 3028 2285 ἔχειν
3088 2206 3282 2282 κρίνειν
3341 2202 3585 2277 λέγοντες

1937 2303 2208 2377 κληρικὸν
2267 2304 2637 2379 πατριάρχου,
2696 2301 2739 2356 εἰ
2804 2301 2880 2373 μή
2938 2298 3099 2359 αὐτὸς
3134 2295 3487 2369 ἐπιτρέψειεν.
3526 2291 3586 2345 Ὀ

1940 2392 1997 2448 δὲ
2029 2394 2370 2467 πατριάρχης
2416 2389 2528 2446 ουδ’
2586 2390 2733 2452 ὅλως
2794 2385 2992 2455 ἐδίδου,
3052 2385 3178 2441 ἀλλ’
3227 2381 3363 2451 ἅπαξ
3408 2378 3581 2452 εὑρὼν

1936 2484 2183 2558 συνεργὸν
2244 2484 2583 2555 ὑπερμαχεῖς
2639 2477 2855 2547 ἤθελεν.
2917 2473 3184 2550 Ἀπράξία
3242 2470 3288 2526 δ’
3343 2470 3579 2531 ἐντεῦθεν

1934 2569 2330 2643 κατηκολούθει
2388 2569 2476 2625 καί
2532 2566 2745 2640 συνόδῳ
2801 2567 2890 2621 καὶ
2940 2567 3227 2640 ἄρχουσιν,
3284 2561 3357 2620 ὡς
3410 2558 3578 2612 εἷ’πεῖν

1939 2793 2025 2846 13.
2062 2792 2125 2849 Ut
2153 2793 2390 2849 Joannes
2421 2791 2701 2849 Chumnus
2734 2786 3073 2842 accusaverit
3101 2779 3582 2852 chartaphyluccm

2640 2861 2876 2915 l’eccum.

2008 2971 2068 3026 In
2121 2970 2277 3025 hunc
2324 2969 2562 3025 modum
2597 2970 2890 3023 transacta
2937 2980 3004 3019 eo
3053 2961 3144 3016 die
3197 2977 3289 3015 res
3334 2958 3576 3013 inﬁxum

1933 3059 2307 3131 imperatoris
2338 3061 2535 3115 animo
2570 3056 2809 3128 reliquit
2838 3052 3031 3126 gravis
3061 3052 3118 3106 in
3150 3050 3399 3105 Veccum
3435 3048 3581 3103 indi-

1933 3150 2228 3221 gnationis
2250 3149 2544 3218 aculeum,
2560 3163 2674 3218 quo
2700 3145 2796 3201 ille
2819 3142 3162 3200 stimulante
3185 3156 3393 3195 causas
3425 3139 3517 3193 37
3535 3139 3571 3191 7

1933 3238 2179 3293 nocendi
2210 3254 2476 3309 querens
2516 3253 2582 3291 eo
2622 3235 2718 3289 irae
2751 3230 3117 3289 vehementia
3146 3228 3331 3284 elatus
3372 3232 3479 3298 est,
3515 3231 3579 3281 ut

1928 3327 2194 3399 apposito
2257 3326 2310 3381 ei
2377 3328 2721 3381 accusatore
2779 3323 3004 3378 Joanne
3058 3319 3326 3375 Chumno
3382 3316 3574 3371 dicam

1926 3415 2078 3471 male
2136 3416 2306 3471 obitas
2366 3414 2676 3486 legationis
2736 3409 3063 3482 impegerit.
3105 3406 3325 3464 Detulit
3380 3410 3574 3461 autem

1925 3506 2231 3560 Chumnus
2292 3504 2363 3559 ad
2423 3502 2714 3575 synodum
2763 3500 2820 3556 id
2868 3500 3114 3555 crimen.
3154 3500 3368 3553 Contra
3417 3497 3572 3567 quod

1923 3593 2145 3649 Veccus
2177 3592 2563 3664 praescribens
2594 3588 2931 3661 exceptione
2964 3586 3093 3643 falsi
3127 3586 3303 3642 etiam
3337 3585 3573 3639 delatio-

1922 3700 2056 3738 nem
2088 3683 2278 3753 ipsam
2306 3688 2369 3737 ut
2390 3698 2581 3737 seram
2609 3685 2666 3736 et
2688 3677 3157 3749 intempestivam
3191 3674 3570 3744 rejiciendam

1921 3772 2332 3837 contendebat,
2375 3772 2602 3827 addens
2651 3768 2797 3825 satis
2848 3782 3125 3839 apparere
3172 3782 3284 3820 non
3316 3762 3568 3818 Chumni

1920 3861 2355 3916 accusationem
2416 3860 2609 3928 istam,
2662 3860 2761 3914 sed
2814 3855 3181 3929 imperatoris
3237 3870 3411 3909 esse:
3453 3852 3567 3908 sibi

1920 3954 2116 4005 autem
2149 3950 2305 4005 haud
2338 3954 2568 4004 tantum
2616 3953 2926 4020 suppetere
2958 3944 3170 4000 virium
3203 3960 3474 4015 Opumve,
3507 3946 3571 3998 ut

1918 4037 2148 4111 litigare
2178 4055 2313 4095 cum
2357 4039 2595 4095 domino
2627 4039 2885 4093 auderet.
2920 4035 3051 4092 Haec
3082 4034 3237 4105 apud
3276 4034 3564 4104 synodum

1918 4125 2151 4184 locutus
2208 4134 2317 4195 est,
2372 4127 2694 4200 persistens
2754 4127 2811 4181 in
2873 4127 2998 4197 ipso
3055 4124 3180 4180 loco
3242 4122 3342 4178 ubi
3400 4122 3565 4194 prius

1917 4219 2166 4285 sederat,
2200 4218 2487 4284 Chumno,
2522 4217 2621 4289 qui
2663 4216 2995 4281 accusabat,
3031 4214 3090 4269 in
3126 4212 3313 4269 medio
3346 4216 3561 4267 stante.

1917 4307 2242 4364 Intererant
2279 4308 2502 4380 synodo
2548 4307 2619 4362 ab
2671 4306 3020 4377 imperatore
3066 4302 3235 4359 missi
3282 4300 3562 4357 senatorii

1916 4398 2319 4469 magistratus,
2346 4394 2676 4468 Acropolita
2702 4410 2951 4467 magnus
2983 4392 3275 4465 logotheta
3300 4396 3356 4447 et
3387 4390 3563 4446 Iatro-

1914 4485 2085 4558 polus
2136 4485 2431 4557 logotheta
2480 4485 2975 4552 domesticorum,
3023 4482 3240 4553 aliique
3292 4479 3559 4535 nonnulli

1914 4576 2288 4631 considentes
2332 4591 2449 4630 una
2476 4590 2611 4629 cum
2662 4572 2952 4628 Patribus.
2987 4571 3055 4626 Hi
3088 4586 3258 4642 porro
3304 4569 3555 4640 impera-

143 4661 355 4716 eadem
387 4659 827 4731 imperatorem,
860 4661 961 4732 qui
992 4678 1109 4717 non
1140 4661 1344 4719 leviter
1374 4663 1691 4736 indignans
1720 4667 1804 4723 sic
1836 4638 1881 4703 D
1911 4666 2055 4723 toris
2086 4683 2263 4722 causa
2296 4682 2648 4738 magnopere
2681 4664 3037 4730 nitebantur,
3072 4666 3137 4717 ut
3167 4638 3560 4717 delatio—acci-

142 4750 473 4805 obductum
495 4748 760 4806 consiliis
791 4750 917 4806 suis
947 4758 1188 4816 ostium,
1221 4758 1572 4809 conventum
1606 4756 1801 4812 subito

141 4840 405 4911 abrupit,
437 4855 573 4894 cum
605 4855 721 4894 non
762 4838 1003 4895 haberet
1045 4841 1102 4895 in
1152 4846 1425 4912 promptu
1459 4843 1600 4914 quid
1633 4862 1798 4917 repo-

140 4935 310 4984 neret
337 4927 640 4999 inopinato
685 4927 864 4994 dicto,
897 4928 991 4984 cui
1033 4929 1353 4987 necessitas
1379 4930 1507 5000 ipsa
1538 4932 1657 5003 illa,
1683 4950 1800 5005 qua

140 5016 333 5071 fuerat
365 5031 734 5087 expressum,
766 5016 1100 5072 veracitatis
1131 5016 1543 5075 auctoritatem
1585 5022 1796 5092 adjun-

132 5110 319 5177 geret.
372 5104 591 5159 Verum
652 5104 1102 5162 archidiaconus
1153 5111 1208 5162 et
1268 5109 1795 5179 protapostolarius

131 5196 325 5251 instar
356 5193 619 5250 irritator
635 5210 733 5249 um
774 5194 832 5249 in
874 5195 1045 5251 trivio
1078 5196 1401 5252 crabonum
1435 5198 1616 5253 coorti
1646 5201 1794 5256 acri-

131 5288 221 5340 ter
251 5284 313 5338 in
344 5283 600 5339 Veecum
641 5284 700 5341 in
750 5302 817 5341 os
866 5284 951 5341 illi
1001 5285 1381 5342 vehementer
1430 5287 1795 5347 obsistebant

130 5378 195 5428 ut
229 5371 383 5429 male
430 5372 747 5445 iniqueque
788 5374 1107 5445 judicanti,
1140 5376 1411 5447 quamvis
1456 5382 1664 5434 cetera
1695 5396 1792 5436 sa-

129 5463 303 5535 piens
349 5466 511 5519 esset
558 5467 617 5519 et
667 5468 947 5535 praestare
995 5464 1202 5521 multis
1250 5466 1516 5524 doctrina
1567 5470 1791 5527 videre-

132 5556 250 5607 tur.

1911 4760 2147 4827 peretur
2179 4760 2239 4813 et
2260 4756 2556 4827 judicium
2605 4754 2791 4810 ﬁeret.
2824 4753 3038 4809 Verum
3073 4752 3128 4806 id
3160 4749 3415 4823 episcopi
3466 4768 3556 4805 re-

1910 4846 2219 4916 cusabant,
2254 4846 2417 4901 nefas
2447 4860 2577 4901 esse
2609 4844 2871 4900 dicentes
2902 4842 3177 4898 clericum
3214 4840 3555 4913 patriarchae

1901 4936 2159 5006 judicari
2210 4934 2323 4993 nisi
2371 4934 2499 5006 ipso
2531 4934 2922 5006 permittente.
2958 4930 3292 4987 Patriarcha
3322 4946 3456 4984 vero
3498 4929 3555 4984 id

1907 5041 2037 5081 sese
2088 5022 2513 5096 permissurum
2573 5022 2766 5095 palam
2812 5021 3063 5093 negabat
3096 5038 3109 5076 :
3144 5024 3350 5075 nactus
3398 5017 3555 5072 enim

1906 5114 2087 5170 semel
2122 5115 2192 5169 ad
2225 5114 2380 5184 quod
2414 5112 2656 5185 optabat
2696 5112 3049 5182 adjutorern,
3082 5125 3215 5164 eum
3250 5106 3410 5163 omni
3444 5107 3553 5161 sibi

1904 5219 2011 5276 Ope
2042 5221 2105 5259 ac
2136 5202 2509 5259 contentione
2540 5202 2689 5257 tueri
2725 5201 3079 5257 decreverat.
3104 5198 3208 5253 Hic
3241 5197 3430 5252 nodus
3464 5214 3559 5251 ne-

1902 5295 2056 5366 gotio
2089 5293 2342 5363 iniectus
2393 5308 2525 5347 cum
2578 5296 2781 5347 Patres
2836 5289 3059 5363 synodi,
3096 5292 3221 5343 tum
3257 5304 3405 5358 quos
3437 5288 3555 5341 dixi

1904 5383 2306 5455 magistratus,
2342 5382 2580 5453 ignaros
2612 5380 2755 5453 quid
2788 5383 3027 5452 agerent
3058 5378 3309 5433 tenebat.
3331 5376 3402 5431 Ut
3434 5381 3554 5431 tan-

1901 5473 2034 5527 dem
2066 5488 2387 5543 exsurgens
2420 5471 2760 5543 synodoque
2792 5470 3076 5526 excedens
3108 5482 3359 5539 magnus
3390 5465 3553 5537 logo-

1898 5560 2060 5618 theta
2108 5559 2426 5618 diceretza
2460 5559 2894 5632 Chartophylax
2945 5557 3237 5631 synodum
3286 5554 3397 5611 sibi
3449 5554 3553 5611 ob-

1898 5651 2133 5708 noxiam
2164 5666 2309 5707 naso
2340 5664 2456 5721 quo
2487 5648 2612 5704 vult
2652 5650 2858 5717 trahit;
2895 5651 3051 5705 unde
3080 5663 3216 5703 cum
3256 5644 3350 5701 hic
3382 5644 3553 5701 nobis

1895 5754 2013 5798 non
2034 5740 2179 5798 satis
2199 5740 2427 5797 constet
2460 5737 2599 5809 quid
2614 5735 2805 5795 facere
2837 5736 3187 5811 Oporteat,id
3218 5733 3551 5807 quaesituri,
