4212 6442
675 399 776 454 831

1987 399 2288 453 GEORGII
2330 403 2792 459 PACHYMERE

3979 402 4083 456 832

675 524 774 616 τὸν
807 522 969 596 μέγαν
1005 520 1303 596 λογοθὲτην
1333 519 1454 575 τότε
1473 521 1918 597 καταφερόμενον
1950 527 2048 588 τῆς
2079 519 2328 591 συνόδου,
2358 524 2411 591 Α
2442 522 2634 578 αὐτίκα
2663 526 2790 590 εὐθὺ
2820 527 2998 582 ἄπεισι
3054 531 3151 582 τοῦ
3208 526 3528 594 καλοῦντος,
3585 526 3674 581 καὶ
3726 526 3853 602 πρὶν
3908 525 4085 600 ἐμφα-

694 620 764 673 Ως
796 612 901 666 ἀπὸ
937 610 1078 686 ῥινὸς
1128 607 1274 665 ἕλκει
1309 612 1336 664 ὁ
1371 607 1716 684 χαρτοσύλαξ
1745 610 1844 677 τήν
1879 606 2122 680 σύνοδον,
2155 609 2244 662 καὶ
2273 608 2325 663 τί

677 701 934 770 ποιητέον
986 700 1087 753 οὐκ
1135 697 1271 753 οἶδα.
1325 697 1508 759 Οὕτως
1555 697 2014 770 ἀποκρουσθέντες
2070 698 2328 772 ὑπέστρε-

680 789 776 866 φόν
825 809 881 842 τε
911 787 1048 862 πρὸς
1085 785 1332 860 βασιλέα,
1367 787 1454 840 καὶ
1507 787 1538 840 ἅ
1587 780 1920 858 συμϐεϐήκει
1954 784 2323 860 ἀπήγγελλον.

677 877 809 951 Ηερὶ
867 876 1048 949 μέντοι
1105 881 1200 930 τοῦ
1257 878 1372 929 καθ’
1405 875 1564 929 αὑτὸν
1594 875 1621 929 ὁ
1655 873 2007 952 χαρτοφύλαξ
2059 875 2321 930 ὑποστελ-

679 965 932 1039 λόμενος,
963 965 1037 1027 ὡς
1074 967 1147 1037 μὴ
1174 962 1363 1034 δοκοίη
1389 965 1747 1039 προσκρούειν
1780 968 1859 1036 τῷ
1893 962 2129 1039 βασιλεῖ,
2158 965 2330 1018 ἀπελ-

681 1056 786 1118 θὼν
841 1050 1118 1124 ἠντιϐόλει
1177 1055 1250 1127 μή
1313 1054 1675 1124 ἀκαταιτιάτῳ
1733 1053 1967 1125 μηνίειν.
2026 1052 2198 1114 Αὐτὸς
2227 1053 2324 1128 γὰρ

677 1144 902 1217 ἕτοιμος
961 1144 1096 1198 εἶναι
1169 1143 1258 1198 καὶ
1323 1142 1573 1220 ὀφφίκιον
1635 1142 1922 1204 ἀποθέσθαι
1997 1141 2086 1195 καὶ
2154 1147 2326 1196 πᾶσαν

675 1234 887 1312 ἀφεῖναι
917 1236 1015 1304 τὴν
1050 1233 1187 1307 πρὸς
1247 1233 1404 1287 αὐτὸν
1464 1229 1754 1308 πρόσοδον,
1815 1232 2134 1292 κοινωνικὸς
2168 1229 2224 1285 δὲ
2255 1233 2328 1286 εἴ·

675 1345 762 1379 ναι
790 1327 858 1397 τῇ
891 1322 1208 1393 Ἐκκλησία,
1258 1322 1354 1376 κᾶν
1405 1316 1433 1374 ὅ
1481 1343 1532 1376 τι
1591 1321 1806 1395 πράξοι,
1844 1321 1920 1392 μὴ
1953 1322 2328 1393 παραιτεῖσθαι

674 1415 774 1482 τήν
829 1411 1096 1488 βασιλέως
1143 1412 1305 1486 χάριν
1363 1410 1453 1465 καὶ
1507 1415 1691 1477 τοῦτο,
1756 1409 1831 1472 ὡς
1882 1410 1957 1481 μὴ
1992 1407 2200 1484 σχίζειν
2228 1411 2324 1480 τήν

677 1501 1001 1571 Ἐκκλησίαν
1055 1498 1272 1570 δοκοίη.
1323 1499 1388 1554 Eii
1437 1497 1482 1553 δ’
1532 1497 1644 1567 οὖν,
1697 1497 1842 1553 ἀλλά
1872 1498 1960 1552 καὶ
2013 1497 2088 1560 εἷς
2118 1496 2323 1573 ἐξορίαν

678 1591 1008 1664 πέμπεσθαι,
1042 1589 1086 1644 εί
1136 1587 1366 1657 Θελητὸν
1428 1591 1515 1660 [Ρ.
1574 1588 1704 1659 257]
1759 1590 1839 1657 τῷ
1895 1587 2204 1660 κρατοῦντι,
2237 1588 2327 1641 καὶ

675 1680 822 1733 τοῦτ’
853 1684 990 1732 εἶναι
1020 1676 1327 1751 πρόθυμος.
1368 1677 1429 1732 Ὀ
1485 1672 1665 1748 μέντοι
1699 1695 1760 1748 γε
1795 1672 2048 1748 βασιλεὺς
2099 1676 2196 1743 τὴν
2225 1679 2326 1740 τῆς

681 1768 850 1844 ὀργῆς
906 1765 1119 1838 ἀδοξίαν
1169 1771 1248 1837 τῷ
1313 1763 1468 1833 δῆθεν
1531 1764 1664 1838 πρὸς
1737 1763 1895 1816 αὐτὸν
1952 1761 2326 1840 φιλανθρώπῳ

2431 619 2673 681 νισθῆναι
2705 617 3014 690 κατέχεται,
3064 614 3153 669 καὶ
3204 615 3279 677 εἰς
3329 615 3578 692 φυλακὴν
3617 617 3718 683 τήν
3744 619 3842 670 τοῦ
3877 616 4084 685 ’Δνεμί

2432 699 2639 776 πῦργου
2695 709 2812 766 τοῖς
2872 701 3103 766 Κελτοῖς
3148 704 3569 783 σωματοφύλαξι
3627 701 3855 761 δίδοται.
3887 705 3950 760 Ὁ
3988 704 4082 774 μὲν

2433 787 2482 842 ἐν
2514 790 2730 853 τούτοις
2751 794 2836 860 ἧν.

2435 945 2519 1001 ιδ’·
2579 951 2653 1004 Τὰ
2710 952 2830 1022 περὶ
2893 955 2989 1026 τοῦ
3034 950 3238 1026 ’τόμου
3277 950 3366 1026 Δὃν
3450 948 3731 1026 ἀπέστειλε
3787 951 3923 1026 πρὸς
3983 951 4084 1018 τήν

2893 1021 3105 1093 Ἐκκλη
3117 1020 3233 1077 σίαν
3268 1023 3295 1077 ὁ
3340 1020 3614 1097 βασιλεύς.

2502 1145 2562 1202 Ὁ
2594 1143 2651 1200 δὲ
2702 1146 2956 1220 βασιλεὺς
3002 1153 3120 1212 τοῖς
3174 1147 3298 1223 περὶ
3349 1148 3511 1203 αὐτὸν
3558 1145 3769 1223 λογίοις
3798 1145 4084 1222 χρησάμε-

2431 1255 2540 1302 νος,
2570 1235 2644 1288 ὧν
2682 1240 2893 1311 πρῶτοι
2949 1237 3040 1292 καὶ
3098 1238 3379 1310 κράτιστοι
3438 1237 3466 1290 ὁ
3512 1233 3904 1311 ἀρχιδιάκονος
3931 1236 4024 1290 καὶ
4059 1238 4087 1290 ὁ

2430 1323 2989 1399 πρωταποστολάριος
3045 1327 3203 1397 ἦσαν,
3264 1327 3543 1396 συντίθησι
3600 1325 3770 1397 τόμῡν
3831 1324 3921 1379 καὶ
3977 1324 4086 1379 ἀπὸ

2434 1409 2706 1490 διαφόρων
2738 1413 2991 1488 ἱστοριῶν
3051 1436 3109 1470 τε
3163 1415 3251 1469 καὶ
3313 1417 3566 1489 χρὴσεων
3627 1414 3984 1468 ἀκαταιτίατα
4022 1413 4088 1468 τά

2432 1503 2566 1556 κατὰ
2595 1501 2729 1564 τοὺς
2785 1503 3031 1565 Ἰταλοὺς
3089 1508 3345 1578 παριστᾷ,
3403 1504 3494 1558 καὶ
3550 1504 3771 1576 πέμψας
3823 1502 3966 1577 πρὸς
3995 1503 4087 1556 τὸν

2431 1593 2782 1667 πατριάρχην
2836 1593 2927 1646 τὸν
2986 1593 3285 1649 Ἀκαπνίου
3345 1594 3647 1668 Ἀρσένιον,
3709 1589 3879 1662 ἄνδρα
3925 1612 4087 1665 γεραο

2433 1681 2524 1754 ρὸν
2563 1681 2656 1752 μὲν
2687 1682 2777 1734 καὶ
2828 1681 3038 1754 τίμιον,
3096 1683 3164 1736 τά
3221 1679 3278 1736 δὲ
3334 1702 3398 1757 γε
3453 1683 3568 1736 κατ’
3604 1680 3780 1736 ἐκεῖνα
3808 1681 3874 1733 τὰ
3903 1682 4087 1754 πρᾶγ-

2436 1789 2576 1841 ματα
2625 1768 2707 1823 ἐπ’
2758 1771 3093 1847 ἀμφοτέραις
3143 1769 3464 1845 χωλεύοντα
3492 1775 3614 1833 ταῖς
3658 1768 3895 1844 ἰγνύαις,
3929 1766 4084 1838 δέξα-

678 1856 1046 1932 συγκρύπτων,
1081 1855 1366 1925 ἀπέπεμπε
1423 1854 1560 1928 πρὸς
1615 1851 1681 1906 τᾶ
1743 1851 1887 1905 οἷ’κοι
1934 1849 2100 1924 μηδὲν
2131 1852 2319 1908 εἷ’πών.
2354 1893 2400 1956 Β
2431 1867 2552 1920 σθαι
2602 1856 2794 1930 μηνύει
2841 1857 2996 1913 τόνδε
3033 1859 3124 1912 τὸν
3175 1858 3348 1932 τόμον
3395 1859 3485 1914 καὶ
3535 1859 3717 1913 κοινὸν
3747 1859 3886 1931 πρὸς
3915 1861 4088 1912 ταῦτα

676 1947 732 2000 Ὀ
765 1943 933 2000 δὲκαὶ
974 1946 1048 2006 εἷς
1106 1944 1311 2020 ἐξορίαν
1371 1943 1826 2017 κροητοιμάζετο,
1884 1941 1974 1995 καὶ
2030 1942 2096 1996 τὶ
2151 1944 2322 1997 αὑτοῦ
2354 1941 2400 1956 ⁵’
2428 1945 2520 1999 τὸν
2553 1945 2834 2021 ἀπόλογον
2887 1945 3192 2022 σχεδιάσαι,
3247 1946 3394 2016 πλὴν
3441 1948 3492 2018 ἐξ
3538 1949 3792 2021 ἱστοριῶν
3831 1948 3920 2000 καὶ
3956 1967 4088 2021 γρα-

675 2040 755 2107 τῷ
812 2034 1226 2112 σκευοφυλακίῳ
1281 2040 1380 2102 τῆς
1429 2029 1725 2101 ἐκκλησίας
1774 2030 2037 2092 ἀνατιθεὶς
2085 2031 2321 2104 ἱματίων

676 2129 948 2199 πενιχρῶν
982 2125 1155 2195 ἑαυτῷ
1203 2121 1479 2198 προύνόει,
1529 2120 1618 2175 καὶ
1677 2141 1738 2196 γε
1767 2119 1893 2182 τοὺς
1950 2118 2122 2181 ῒδίους
2148 2122 2323 2198 φέρων

678 2214 767 2268 καὶ
800 2214 985 2268 ἑαυτὸν
1045 2218 1122 2285 τῷ
1181 2212 1400 2287 μεγάλῳ
1457 2215 1568 2282 ναῷ
1623 2210 2016 2266 κατεπίστευεν.
2075 2211 2164 2271 Ὠς
2193 2213 2318 2284 γοῦν

681 2303 779 2357 ούκ
835 2302 1030 2356 ἀνυστά
1087 2299 1258 2356 ἐδὸκει
1312 2302 1378 2354 τὰ
1429 2300 1566 2374 πρὸς
1617 2299 1818 2354 ἐκεῖνον
1866 2304 1944 2372 τῷ
1991 2296 2208 2375 βασιλεῖ
2243 2303 2322 2370 τῷ

677 2396 792 2462 ναῷ
849 2391 1251 2468 προσφυγόντα,
1312 2390 1529 2463 πέμψας
1575 2386 1860 2461 βασιλικὰς
1919 2385 2196 2449 συλλαϐὰς
2237 2387 2320 2442 ἐν·

680 2479 1095 2554 σεσημασμένας
1137 2484 1215 2551 τῷ
1262 2478 1469 2554 ἐρυθρῷ
1517 2479 1633 2551 μεθ’
1682 2480 1894 2549 ἀπάσης
1942 2476 2148 2532 ἐκεῖνον
2191 2497 2320 2549 μετ-

676 2568 920 2624 εκαλεῖτο
976 2571 1166 2643 τιμῆς.
1229 2566 1329 2624 Καί
1387 2569 1446 2629 ὅς
1513 2568 1882 2639 καθυπήκουε,
1941 2567 2029 2621 καὶ
2088 2566 2316 2638 ἐξελθὼν

671 2785 810 2841 alibi
842 2785 1229 2840 recedimus.»
1256 2784 1340 2839 Ita
1367 2783 1586 2855 repulsi
1631 2782 1929 2839 redierunt
1959 2785 2029 2838 ad
2065 2784 2320 2855 impera-

668 2879 878 2942 torem,
909 2878 966 2930 et
1009 2891 1135 2946 qua
1183 2874 1550 2945 contigerant
1599 2878 1931 2930 narrarunt.
1966 2877 2039 2928 At
2087 2874 2320 2928 charto-

671 2963 887 3036 phylax
936 2964 1089 3034 apud
1122 2979 1184 3018 se
1214 2963 1594 3018 considerans
1643 2978 1758 3033 quo
1807 2966 1963 3017 statu
2005 2979 2095 3018 res
2126 2966 2323 3018 essent

673 3070 818 3122 sua,
846 3052 1109 3109 contrahi
1161 3053 1359 3108 animo
1392 3053 1600 3123 capit;
1631 3057 1686 3108 et
1721 3068 1790 3106 ne
1821 3056 2036 3107 temere
2079 3051 2320 3107 lacessi-

2431 2039 2603 2110 φικῶν
2640 2038 2916 2110 χρήσεων.
2973 2061 3001 2087 ‹‹
3034 2037 3111 2094 Τὸ
3160 2035 3262 2112 γὰρ
3311 2035 3418 2090 ἀπὸ
3468 2035 3683 2097 κοιλίας
3713 2041 3910 2112 φωνεῖν
3935 2035 4090 2090 ἀσθε-

2431 2123 2518 2183 νὶς
2553 2123 2646 2195 μὶν
2681 2121 2870 2186 ἄλλως
2911 2125 3000 2179 καὶ
3050 2126 3276 2198 μάταιον
3305 2145 3318 2158 ·
3364 2123 3514 2194 πλὴν
3547 2123 3593 2179 δ’
3622 2123 3749 2180 ἀλλ’
3775 2121 3890 2178 οὐδ’
3919 2125 4087 2186 αὐτὸς

2432 2207 2674 2284 δέξομαι.
2710 2237 2737 2263 ››
2769 2214 3006 2274 Ἐκεῖνος
3053 2215 3148 2286 μὲν
3201 2212 3342 2268 οὕτω
3391 2217 3579 2284 ταῦτα,
3633 2211 3846 2289 θαρρῶν
3877 2213 3952 2275 ὡς
3991 2213 4092 2268 οὐκ

2431 2297 2758 2356 ἀποδύσεταί
2787 2323 2870 2363 τις
2919 2301 3058 2372 πρὸς
3114 2303 3181 2357 τὰ
3237 2303 3543 2380 γραφᾶντα’
3603 2303 3694 2357 τὸν
3742 2301 3842 2376 γάρ
3883 2321 4092 2378 χαρτο-

2431 2387 2648 2462 φύλακα
2688 2390 2739 2445 ἐν
2793 2388 3126 2468 ἀφυλάκτοις
3174 2391 3342 2466 εἶχεν,
3394 2392 3448 2446 ἐν
3498 2391 3544 2462 ᾧ
3591 2390 3834 2446 σαλεύειν
3871 2392 3994 2466 εἶχε
4021 2395 4089 2446 τά

2429 2477 2622 2550 πάντα,
2655 2480 2898 2549 νικήσειν
2931 2479 2990 2534 ἐκ
3039 2476 3223 2555 λόγων
3274 2476 3431 2552 ᾤετο.
3484 2476 3642 2536 Ἀλλ’
3673 2480 3702 2534 ὁ
3727 2481 4090 2555 πατριάρχης

2431 2565 2521 2619 σὺν
2554 2574 2620 2636 τῆ
2657 2566 2866 2642 συνόδῳ
2914 2567 3038 2645 περὶ
3089 2573 3185 2623 τοῦ
3235 2568 3410 2642 τόμου
3456 2566 3909 2643 διασκεψάμενοι,
3941 2569 4092 2642 πὲμ-

2472 2784 2559 2838 14.
2593 2785 2666 2839 De
2693 2783 2897 2852 scripto
2927 2783 3067 2855 quod
3104 2783 3259 2839 misit
3287 2784 3360 2839 ad
3388 2782 3690 2841 Ecclesium
3721 2785 4052 2853 imperator.

2501 2873 2569 2926 At
2588 2872 3249 2944 imperatoreruditione
3267 2890 3410 2929 usus
3426 2874 3732 2930 doctorum
3751 2873 4093 2938 hominum,

2430 2979 2575 3032 quos
2608 2963 2762 3017 circa
2793 2979 2854 3018 se
2886 2968 3154 3018 auctores
3199 2963 3616 3035 adjutoresque
3646 2962 3826 3036 hujus
3866 2963 4093 3034 negotii

2431 3050 2704 3116 habebat,
2723 3067 2974 3121 quorum
3004 3051 3180 3122 primi
3200 3051 3711 3124 valentissimique
3731 3057 3901 3108 erant
3924 3053 4096 3124 prius

666 3143 822 3197 visse
854 3143 1266 3214 imperatorem
1298 3147 1470 3211 atque
1500 3142 1557 3197 in
1592 3143 1720 3213 ejus
1751 3141 2131 3198 offensionem
2165 3141 2318 3197 378
2364 3213 2391 3214 φ
2432 3140 2738 3194 memorati
2773 3140 3226 3196 archidiaconus
3264 3145 3321 3196 et
3360 3140 3909 3213 protapostolarius,
3943 3141 4093 3197 scri-

666 3229 822 3286 ultro
880 3213 1178 3287 incurrere
1227 3231 1543 3300 videretur,
1577 3248 1711 3287 eum
1767 3231 1972 3286 adiens
2028 3236 2193 3302 rogat
2250 3247 2320 3286 ne
2351 3213 2394 3275 (ἶ
2435 3233 2600 3300 ptum
2635 3229 2966 3301 composuit
3004 3246 3073 3284 ex
3120 3229 3296 3286 variis
3347 3235 3685 3286 contextum
3733 3230 4006 3287 historiis
4036 3235 4096 3286 et

665 3320 777 3375 sibi
813 3321 1108 3376 innocenti
1153 3321 1459 3376 irascatur.
1494 3321 1636 3376 Nam
1673 3337 1734 3375 se
1767 3324 2038 3392 paratum
2071 3335 2200 3374 esse
2227 3320 2316 3375 vel

667 3409 739 3464 ad
788 3408 1045 3463 ofﬁcium
1099 3409 1514 3476 abdicandum,
1544 3408 2124 3479 renuntiandumque
2155 3425 2317 3463 emo—

667 3497 952 3552 lumentis
993 3501 1050 3551 et
1105 3498 1482 3569 proventibus
1515 3515 1641 3569 qua
1693 3498 1826 3553 inde
1877 3497 2215 3570 perciperet.
2247 3501 2318 3552 Se

668 3587 906 3657 quidem
941 3602 1069 3642 esse
1101 3588 1171 3642 de
1221 3587 1360 3643 cleri
1412 3604 1652 3660 corpore
1685 3603 1698 3644 :
1735 3592 1930 3643 tamen
1966 3605 2318 3659 quocunque

669 3680 824 3731 statu
858 3677 954 3746 sit,
987 3694 1102 3732 non
1139 3693 1409 3734 recusare
1457 3678 1825 3748 imperatoris
1873 3678 2142 3748 gratiam,
2174 3677 2316 3749 quin

667 3766 866 3838 magni
903 3767 1086 3823 facere
1118 3785 1183 3823 ac
1206 3767 1313 3822 sibi
1344 3768 1567 3822 ambire
1599 3767 1788 3839 ipsius
1813 3765 2083 3824 Ecclesia
2117 3784 2315 3832 causa,

667 3872 738 3911 ne
770 3855 1036 3912 scindere
1086 3857 1275 3928 ipsam
1309 3856 1493 3914 videri
1538 3861 1754 3928 posset.
1791 3855 2007 3922 Quodsi
2040 3856 2226 3927 gratia
2257 3872 2318 3910 se

667 3944 979 4017 indignum
1033 3946 1352 4018 imperator
1400 3963 1510 4002 sua
1562 3946 1836 4016 judicans
1886 3946 2204 4001 amandare
2257 3944 2316 4000 in

668 4034 941 4090 exsilium
974 4035 1166 4102 vellet,
1193 4037 1369 4092 etiam
1405 4036 1477 4090 ad
1510 4041 1738 4090 tantum
1774 4035 1909 4090 mali
1943 4035 2318 4090 subeundum

669 4139 732 4178 se
781 4128 1119 4195 promptum
1177 4126 1464 4182 exhibere.
1515 4125 1646 4180 Haic
1703 4124 2026 4196 imperator
2073 4125 2318 4180 audiens

666 4213 814 4268 iram
848 4214 1083 4285 penitus
1111 4216 1304 4270 animo
1337 4220 1674 4286 conceptam
1709 4215 1822 4269 sibi
1855 4214 2124 4270 dedecori
2155 4215 2316 4269 futu-

668 4319 817 4373 ram,
853 4303 901 4358 si
949 4305 1314 4376 proderetur,
1350 4309 1532 4372 ratus,
1568 4305 1764 4360 fucata
1811 4304 2226 4360 benevolentia
2257 4303 2315 4359 in

665 4389 921 4452 Veccum
945 4392 1137 4461 specie
1159 4391 1482 4459 occultans,
1503 4393 1732 4448 remisit
1752 4393 2052 4448 hominem
2077 4394 2315 4448 domum

667 4479 829 4535 nullo
856 4481 1033 4536 verbo
1066 4482 1286 4538 addito.
1320 4486 1393 4537 At
1425 4481 1520 4537 ille
1551 4483 1608 4538 in
1641 4483 1912 4538 exsilium
1963 4499 2025 4538 se
2076 4499 2316 4555 compa-

2430 3317 2809 3387 testimoniis,
2860 3318 3078 3390 quibus
3107 3319 3514 3376 demonstrare
3561 3321 3885 3375 conabatur
3931 3321 4090 3376 879

2430 3406 2652 3462 nullam
2679 3407 2874 3463 inesse
2906 3407 3131 3464 Latinis
3163 3415 3454 3464 hareseos
3485 3407 3696 3465 labem.
3725 3410 3837 3465 Hoc
3869 3409 4092 3464 deferri

2430 3513 2463 3550 a
2510 3513 2573 3552 se
2625 3497 2849 3553 curavit
2897 3497 2968 3552 ad
3011 3497 3405 3568 patriarcham
3457 3514 3638 3554 manu
3689 3497 3923 3554 Arsenii
3979 3498 4091 3554 ﬁlii

2429 3588 2696 3660 Acapnii,
2738 3587 2846 3643 viri
2905 3587 3097 3659 gravis
3143 3591 3200 3644 et
3253 3587 3544 3658 honorati,
3581 3588 3681 3644 sed
3732 3588 3886 3644 circa
3933 3588 4089 3644 istas

2430 3678 2856 3734 controversias
2915 3677 2974 3732 in
3033 3681 3366 3749 utramque,
3418 3679 3571 3749 quod
3630 3677 3818 3743 aiunt,
3873 3677 4090 3733 tibiam

2429 3766 2839 3823 claudicantis.
2873 3767 2979 3822 Hic
3011 3766 3356 3837 patriarcha
3386 3765 3660 3822 volumen
3693 3767 3949 3822 reddens
3983 3768 4094 3822 ad-

2431 3854 2580 3910 didit
2610 3856 2911 3920 ﬁmandare
2964 3855 3382 3926 imperatorem
3430 3860 3496 3910 ut
3543 3855 3689 3910 illud
3741 3854 3918 3926 legat,
3950 3860 4011 3910 et
4044 3856 4099 3910 si

2429 3945 2567 4014 quid
2610 3945 2820 4001 deinde
2868 3945 3108 4001 haberet
3156 3947 3311 4017 quod
3345 3946 3436 4000 his
3469 3949 3787 4017 opponeret
3836 3945 3912 3999 ad
3968 3961 4094 4000 sua

2428 4036 2731 4090 sententia
2789 4035 3214 4102 defensionem,
3271 4035 3564 4091 contrario
3613 4034 3670 4088 id
3707 4032 4094 4105 apologatico

2430 4124 2646 4195 scripto
2691 4124 3196 4196 complecteretur.
3231 4126 3511 4180 Caterum
3545 4123 3762 4179 videret
3811 4128 3877 4178 ut
3924 4122 3984 4177 in
4023 4139 4095 4178 eo

2429 4213 2574 4268 nihil
2606 4213 2888 4286 allegaret
2916 4214 3030 4269 nisi
3063 4231 3131 4269 ex
3164 4214 3428 4286 probatis
3466 4217 3524 4269 et
3567 4211 3703 4267 ﬁdei
3734 4229 3849 4268 non
3887 4212 4094 4268 dubia

2426 4303 2691 4358 historiis
2725 4303 3151 4376 sententiisque
3181 4303 3529 4359 idoneorum
3563 4306 3870 4358 auctorum
3898 4318 3913 4356 :
3944 4319 4094 4357 nam

2427 4391 2774 4448 auctoritate
2827 4393 3065 4464 propria
3094 4397 3151 4448 et
3180 4393 3351 4464 quasi
3383 4391 3745 4465 Pythonissa
3794 4391 3987 4446 instar
4019 4408 4093 4446 ex

2424 4487 2626 4538 ventre
2658 4481 2818 4554 loqui
2852 4483 3155 4537 inﬁrmum
3188 4483 3259 4538 ad
3295 4482 3469 4538 fidem
3501 4485 3561 4537 et
3589 4497 3806 4536 vanum
3841 4481 3998 4550 fore;
4038 4487 4100 4536 et

664 4569 850 4624 rabat.
888 4571 954 4624 Et
985 4588 1092 4626 sua
1123 4570 1397 4626 familiari
1449 4571 1835 4644 supellectile,
1865 4576 2104 4643 excepto
2137 4588 2311 4643 quem
2345 4578 2394 4640 ι)
2434 4572 2651 4627 diserte
2680 4572 2799 4642 iam
2850 4587 3005 4627 nunc
3056 4570 3317 4642 proﬁteri
3367 4572 3702 4641 Augustum
3747 4585 3830 4637 se,
3865 4569 3916 4624 si
3947 4571 4096 4640 quid

662 4657 798 4712 inde
838 4657 948 4713 sibi
984 4659 1053 4713 ad
1091 4663 1434 4729 prasentem
1469 4660 1722 4730 providit
1760 4676 1934 4715 usum
1969 4659 2316 4731 paupertino

662 4748 897 4813 vestitu,
933 4747 989 4802 in
1028 4749 1326 4819 apothecis
1360 4748 1614 4804 ecclesia
1658 4748 1944 4821 deposita,
1979 4749 2104 4820 ipse
2133 4750 2313 4804 obso-

663 4836 778 4892 leta
807 4841 966 4892 veste
997 4853 1130 4892 cum
1167 4838 1288 4892 suis
1321 4837 1481 4910 asylo
1523 4839 1717 4909 magni
1747 4837 1944 4910 templi
1979 4855 2040 4894 se
2071 4841 2317 4894 commi-

663 4927 762 4981 sit.
788 4928 911 4992 Quo
942 4926 1262 4998 imperator
1293 4932 1611 4998 comperto,
1646 4929 1801 4983 haud
1851 4945 1912 4983 se
1955 4929 2080 4999 jam
2110 4928 2316 4985 videns

660 5017 938 5087 perﬁcere
971 5033 1142 5088 posse
1174 5033 1301 5088 qua
1343 5018 1639 5090 cogitabat
1687 5022 1925 5091 propter
1971 5018 2312 5090 religionem

660 5103 772 5159 loci
832 5105 984 5160 sacri
1044 5123 1158 5177 quo
1189 5105 1413 5162 Veccus
1471 5108 1835 5180 confugerat,
1890 5106 2091 5163 missis
2139 5107 2315 5179 regiis

655 5193 870 5250 litteris
905 5195 1139 5251 rubrica
1189 5195 1548 5268 insignibus,
1583 5197 1743 5252 omni
1776 5213 1909 5252 eum
1962 5195 2200 5252 honoris
2233 5196 2312 5251 si-

659 5284 1035 5355 gniﬁcatione
1067 5287 1136 5340 ad
1190 5302 1250 5341 se
1279 5287 1523 5342 vocavit.
1557 5287 1672 5343 Nec
1702 5286 1801 5342 ille
1849 5286 2160 5352 recusavit,
2210 5288 2311 5342 sed

658 5375 856 5430 statim
884 5375 1080 5431 exiens
1113 5377 1182 5430 ad
1226 5380 1533 5433 vocantem
1566 5386 1722 5433 recta
1765 5376 2062 5448 pergebat.
2094 5375 2311 5431 Verum

660 5463 1008 5536 priusquam
1059 5465 1491 5537 admitteretur,
1523 5466 1987 5539 comprehensus
2037 5470 2126 5521 est
2157 5470 2212 5521 et
2252 5467 2311 5521 in

659 5570 951 5609 carcerem
985 5555 1166 5612 turris
1212 5559 1450 5612 Anema
1494 5557 1830 5624 conclusus,
1862 5555 2037 5612 Celtis
2092 5554 2312 5610 satelli-

659 5643 821 5700 tibus
852 5645 1280 5703 custodiendus
1313 5646 1585 5703 traditur.
1615 5647 1684 5703 Et
1721 5645 1818 5702 hic
1856 5645 2095 5717 quidem
2125 5643 2185 5700 in
2219 5643 2312 5701 his

659 5738 802 5791 erat.

2428 4661 2544 4716 tale
2574 4662 2872 4728 offeratur,
2898 4660 3054 4716 haud
3089 4664 3488 4731 accepturum.
3510 4659 3641 4715 Hac
3664 4658 3744 4714 ita
3766 4659 4104 4715 mandabat

2425 4751 2744 4822 imperator
2794 4766 3152 4822 magnopere
3201 4750 3384 4805 fretus
3433 4749 3668 4816 invicta,
3704 4753 3768 4803 ut
3815 4749 4100 4820 putabat,

2426 4839 2719 4896 soliditate
2751 4839 2985 4911 scripti;
3020 4855 3127 4894 nec
3172 4844 3388 4911 putans
3421 4839 3540 4894 fore
3585 4853 3848 4910 unquam
3880 4842 3948 4893 ut
3978 4839 4100 4894 ali-

2426 4928 2564 5000 quid
2590 4929 2987 5000 plausibiliter
3007 4927 3195 5000 excipi
3219 4927 3580 4984 contraillud
3605 4931 3824 4999 posset,
3841 4928 4096 4999 maxim,

2427 5035 2562 5074 cum
2606 5034 2852 5074 securus
2895 5019 3020 5088 jam
3069 5022 3226 5073 esset
3273 5035 3308 5073 a
3355 5016 3824 5088 chartophylace,
3859 5017 3920 5071 in
3969 5033 4096 5090 quo

2427 5107 2630 5179 utique
2659 5108 2844 5179 partis
2874 5106 3175 5163 contraria
3221 5122 3354 5178 spes
3385 5105 3662 5161 universa
3691 5106 3996 5177 penderet,
4035 5114 4096 5162 et

2425 5213 2458 5252 a
2488 5213 2605 5268 quo
2635 5195 2906 5252 videlicet
2949 5213 3064 5252 uno
3103 5197 3234 5266 jure
3265 5195 3458 5251 timeri
3493 5194 3716 5267 aliquid
3748 5195 3807 5250 in
3841 5194 3956 5251 hoc
3987 5213 4092 5267 ge-

2424 5303 2560 5342 nere
2588 5286 2848 5359 potuisse
2877 5286 3204 5341 videbatur.
3239 5287 3444 5357 Itaque
3492 5286 3604 5341 sibi
3646 5288 3804 5340 certo
3837 5301 4090 5357 persua-

2424 5381 2579 5432 serat
2616 5393 2680 5432 se
2721 5375 3050 5432 rationibus
3101 5379 3158 5430 et
3207 5373 3662 5432 auctoritatibus
3711 5372 3813 5429 illo
3860 5374 4090 5447 scripto

2422 5465 2690 5538 allegatis
2723 5466 2896 5538 plane
2928 5481 3169 5521 causam
3193 5464 3545 5520 evicturum.
3578 5462 3920 5520 Patriarcha
3945 5481 4091 5522 vero

2423 5554 2666 5612 consilio
2696 5556 2896 5612 habito
2927 5571 3064 5612 cum
3113 5554 3336 5627 synodo
3385 5555 3459 5610 de
3508 5570 3574 5610 eo
3624 5552 3781 5625 quod
3831 5551 3994 5609 circa
4026 5555 4087 5610 id

2422 5645 2706 5718 scriptum
2757 5646 2851 5718 agi
2900 5647 3214 5718 oporteret,
3245 5642 3688 5716 congregandos
3718 5641 3950 5714 putavit
3982 5660 4090 5701 eos

2422 5751 2572 5808 quos
2621 5751 2864 5793 suarum
2921 5749 3050 5792 esse
3105 5732 3364 5807 partium
3423 5731 3716 5790 credebat.
3773 5729 3959 5790 Erant
4018 5733 4083 5791 bi
