4212 6442
183 397 266 453 833
1235 398 1333 453 D8
1367 392 1741 452 mCHAELE
1777 393 1808 446 P

1919 388 2220 447 ΒΟῙΑΟΘΟ
2255 391 2366 445 LIB
2378 430 2389 443 .
2430 391 2499 444 γ.
3442 389 3551 446 834

180 522 349 592 ψαντες
411 524 644 593 συνῆγον
697 516 826 580 τοὺς
897 518 1012 591 μετ’
1068 517 1231 572 αὐτὸν
1290 518 1419 572 εῖναι
1474 513 1790 573 δοκοῦντας.
1824 513 1876 580 Α
1909 508 2034 572 λεὺς
2093 507 2374 584 δεξάμενος
2414 512 2503 566 τὸν
2555 510 2831 586 ἀπόλογον
2890 511 2978 566 καὶ
3036 506 3274 585 ἀκριϐῶς
3320 509 3548 568 διελθὼν

179 609 323 664 Ἦσαν
384 605 477 660 οὖν
529 607 616 660 καὶ
671 606 794 660 ὅσον
848 607 911 660 τὸ
961 612 1062 674 τῆς
1120 603 1449 674 Ἑκκλησίας
1509 601 1795 675 ἔκκριτον.
1900 596 2014 653 ἐπεὶ
2065 596 2201 672 ἔγνω
2249 598 2447 671 πολλῷ
2497 599 2862 672 λελειμμένος
2889 605 3005 661 τοῖς
3039 599 3244 675 λόγοις,
3277 601 3364 654 καὶ
3398 601 3545 676 εἷ’πέρ

179 698 318 752 Ἠσαν
353 692 409 749 δὶ
439 694 528 748 καὶ
577 695 628 747 οἱ
681 695 801 768 περὶ
861 694 951 748 τὸν
1009 690 1504 768 Τερνικικόπουλον
1567 687 1799 746 Ἰωαννί-
1900 685 2278 763 ἐμφανισθείη,
2331 687 2503 750 αἴτιος
2534 687 2801 763 αἰσχύνης
2843 689 3014 760 ἐαυτῷ
3044 688 3432 762 γενησόμενος,
3465 697 3547 763 τῷ

178 804 313 850 χιον,
374 783 697 857 σχιζόμενοι
759 783 852 854 μὲν
912 786 1010 836 τοῦ
1061 783 1408 856 πατριάρχου
1466 782 1796 856 περιφανῶς,

180 872 306 944 ὅμως
338 869 396 926 δὲ
423 878 524 940 τῆς
575 873 764 946 χρείας
790 870 1070 941 καλούσης
1105 873 1187 944 [Ρ.
1217 874 1345 944 258]
1375 872 1441 924 τὰ
1469 877 1567 939 τῆς
1606 888 1798 943 μικρο·

175 959 352 1034 ψυχίας
386 958 596 1028 ἐκείνης
627 960 812 1034 χώραν
845 958 945 1013 ούκ
965 959 1137 1034 εἶχον.
1166 960 1271 1013 Σὺν
1293 960 1508 1020 τούτοις
1534 956 1796 1031 δὲζπαρῆν

1902 774 2079 831 δοκεῖν
2114 777 2215 830 ὑπὸ
2245 780 2688 855 περιφρονήσεως
2721 779 2806 832 καὶ
2838 779 2902 832 ού
2946 779 3082 833 κατά
3112 776 3342 836 δειλίαν.
3372 780 3445 841 ὡς
3478 781 3544 848 ἦν

1900 865 2126 935 ἀληθὲς,
2160 865 2464 942 ἐπεριορᾷν,
2519 867 2869 943 ὑπερηφάνει,
2920 866 3008 922 καὶ
3061 862 3394 923 ἀνεϐάλλετο
3445 871 3544 938 τὴν

1903 956 2228 1030 ἀνάγνωσιν.

176 1051 245 1102 καὶ
297 1051 330 1116 ἡ
388 1053 484 1102 τοῦ
541 1047 809 1122 βασιλέως
868 1045 1176 1123 αὐταδὲλφη
1239 1047 1497 1124 Εὐλογία,
1557 1046 1648 1100 καὶ
1699 1051 1797 1098 πᾶν

176 1139 278 1192 ὅσον
307 1137 373 1205 ἦν
427 1139 541 1209 μετ’
575 1137 758 1198 αὐτοῖς
787 1137 838 1191 ἐν
875 1143 1143 1210 μοναχοῖς
1183 1136 1271 1190 καὶ
1307 1135 1517 1211 λογίοις
1561 1133 1801 1206 ἐξεταζό-

178 1247 332 1298 μενον.
367 1227 464 1286 Οἶς
515 1227 714 1280 σκοπὸν
773 1228 850 1289 εἷς
903 1228 967 1296 ἧν
1010 1225 1148 1298 πρὸς
1178 1226 1269 1280 τὸν
1298 1225 1468 1298 τόμον
1503 1221 1800 1297 ἀπολογεῖ-

172 1317 381 1383 σθαιτῷ
415 1312 650 1385 βασιλεῖ.
708 1312 806 1367 Καὶ
839 1310 905 1382 δὴ
940 1314 1330 1386 ἀνεγινώσκετο
1378 1314 1472 1385 μὶν
1533 1313 1560 1366 6
1606 1311 1798 1383 τόμος,

174 1401 322 1464 ἄλλος
355 1400 401 1455 δ’
433 1401 575 1456 ἄλλο
617 1423 668 1456 τι
700 1403 834 1477 πρὸς
860 1404 922 1458 τὸ
952 1403 1232 1471 παρεστὼς
1277 1409 1393 1464 τοῖς
1422 1400 1800 1475 προκειμὲνοις

173 1490 447 1566 ἀντέλεγεν.
511 1492 658 1545 Ἐπεὶ
695 1488 752 1545 δὲ
780 1491 870 1546 καὶ
916 1492 1079 1565 χρεία
1108 1491 1174 1560 ἦν
1225 1492 1642 1564 συμφρασθῆναι
1673 1489 1799 1551 τοὺς

175 1578 351 1653 λόγους
407 1579 497 1633 καὶ
552 1580 628 1643 εἰς
676 1577 768 1634 ’ἐνα
826 1582 1244 1650 συντεθήσεσθαι
1291 1581 1486 1652 τόμον,
1537 1578 1626 1633 καὶ
1677 1577 1802 1647 ἐζη-

172 1673 298 1721 τεῖτο
354 1669 383 1722 6
441 1667 864 1741 συνθησόμενος,
927 1666 1215 1742 ἀνεδέχετο
1284 1669 1378 1741 μὲν
1435 1669 1499 1723 τὸ
1556 1666 1713 1742 ἔργον
1775 1667 1802 1719 ὁ

172 1756 386 1826 Ἰασίτης
446 1752 591 1827 Ἰὼϐ,
646 1759 760 1832 εἶχε
819 1756 877 1812 δὲ
926 1757 1017 1812 καὶ
1077 1755 1282 1819 ἄλλους
1341 1758 1430 1812 καὶ
1468 1756 1679 1830 μᾶλλον
1710 1755 1802 1810 τὸν

1907 1106 2206 1167 ιε’.“Ὀπως
2252 1106 2278 1159 6
2335 1103 2538 1182 Βξκκος
2592 1103 2667 1167 εἷς
2728 1103 2975 1182 φυλακὴν
3034 1105 3340 1182 εἰργμένος,
3399 1109 3550 1182 ὅμως

2384 1177 2704 1251 βιαζόμενος
2740 1177 3066 1234 κατετίθετο.

1975 1307 2161 1370 Οὕτως
2238 1310 2325 1363 οὗν
2405 1307 2814 1386 ἐκκρουσθέντες
2883 1311 2934 1364 ol
2991 1312 3113 1387 περὶ
3172 1313 3264 1366 τὸν
3324 1309 3550 1387 βασιλέα

1903 1404 2002 1466 τῆς
2082 1396 2453 1472 ἆγχειρήσεως
2525 1396 2712 1460 ἄλλως
2795 1397 3029 1475 ἔγνωσαν
3120 1399 3370 1455 ὑπελθεῖν
3459 1404 3550 1456 τὸν

1906 1487 2103 1542 Βὲκκον
2184 1486 2235 1540 ἐν
2314 1484 2600 1562 φυλακαῖς.
2679 1489 2934 1563 Τεμόὶχια
3017 1491 3116 1563 γὰρ
3195 1491 3254 1544 ὲκ
3341 1485 3548 1564 βίϐλων

1906 1574 2264 1649 συλλέγοντες
2324 1576 2507 1649 ἱερῶν,
2588 1575 2702 1630 ἐπεὶ
2762 1578 2850 1631 καὶ
2911 1576 3088 1652 λογίῳ
3144 1577 3551 1642 ἀντικαθίσταν-

1904 1685 1966 1718 το
2040 1662 2130 1718 καὶ
2204 1662 2396 1738 λόγοις
2463 1665 2530 1732 ἦν
2589 1665 2795 1740 ἀνάγκη
2870 1665 3091 1735 πείθειν,
3153 1665 3359 1741 λόγους
3417 1673 3546 1742 γοῦν

2187 1752 2302 1806 ὅσοι
2387 1753 2476 1806 καὶ
2563 1754 2694 1827 ὑπὲρ
2783 1753 3002 1809 Ἰταλῶν
3091 1752 3310 1810 ἐδόκουν
3398 1758 3549 1827 εἶναι,

1906 1751 2099 1827 ἀγίων,

174 1845 466 1922 συγγραφέα
489 1849 595 1900 τῶν
645 1845 908 1901 τοιούτων
943 1846 1040 1919 ἐμὲ
1068 1850 1178 1901 τῶν
1210 1846 1430 1901 ἐννοιῶν
1484 1845 1798 1916 συλλήπτο-
1832 1873 1877 1938 Β
1907 1839 2221 1938 ¹ιτροῦὑτεινον
2283 1842 2472 1938 ἐκείνλῳ
2530 1845 2664 1938 κατὰ
2721 1843 2967 1919 φυλακὴν
3028 1842 3340 1918 καθημένῳ.
3388 1848 3452 1903 Ὀ
3496 1845 3553 1901 δὲ

173 1955 274 2009 ρας.
328 1934 430 1991 Καὶ
493 1935 606 2008 μετ’
665 1934 726 1989 ού
780 1933 924 1989 πολὺ
977 1936 1004 1989 6
1061 1934 1233 2008 τόμος
1277 1935 1604 2011 ἐξείργαστο,
1638 1935 1694 1988 ὃν
1729 1931 1795 2003 δὴ

171 2023 247 2077 καὶ
275 2027 466 2088 κοινῶς
494 2023 905 2098 ἀναγνωσθέντα
935 2022 1099 2079 πάλιν
1147 2030 1264 2087 τοῖς
1315 2023 1490 2092 ὅλοις,
1543 2025 1633 2079 καὶ
1675 2023 1797 2078 ὅσον

170 2114 225 2179 ἦν
279 2113 409 2186 πρὸς
465 2113 528 2166 τὸ
587 2113 995 2188 εὖσχημότερον
1064 2112 1531 2187 μεταπλασθέντα,
1586 2114 1659 2173 ὡς
1724 2113 1797 2184 μὴ

175 2198 361 2270 λυποίη
391 2200 649 2276 σκληρῶς
682 2199 736 2256 ἔν
764 2223 903 2256 τισιν
946 2198 1088 2277 ἔχων
1139 2205 1229 2257 τὸν
1281 2201 1498 2273 ἄνακτα,
1543 2203 1658 2274 μετ’
1706 2200 1801 2255 αύ-

168 2287 346 2359 τοῦδή
375 2294 476 2345 τοῦ
503 2292 783 2366 Ἀρσενίου
831 2289 1159 2365 πέμπουσιν.
1207 2294 1265 2349 Ὀ
1319 2293 1504 2364 μέντοι
1551 2312 1613 2366 γε
1648 2291 1801 2366 βασι-

171 2510 460 2567 lectissimi
502 2512 723 2584 quique
771 2528 836 2567 ac
884 2513 991 2570 ﬂos
1040 2512 1332 2569 delibatus
1364 2511 1649 2568 Ecclesiae.
1686 2510 1802 2569 Nec

176 2600 346 2656 abfuit
398 2601 472 2656 ab
522 2618 588 2658 eo
632 2617 876 2658 numero
927 2602 1404 2674 Ternicicopolus
1459 2601 1803 2658 Joannicius

173 2705 290 2745 cum
321 2690 470 2760 suis,
503 2695 803 2763 utcunque
841 2690 926 2746 illi
969 2691 1162 2764 palam
1196 2708 1258 2747 se
1289 2709 1322 2746 a
1351 2690 1685 2764 patriarcha
1715 2707 1803 2747 se-

173 2786 528 2850 paraverunt.
580 2782 797 2838 Tamen
849 2799 1006 2837 nunc
1049 2782 1350 2841 communi
1400 2782 1655 2838 utilitate
1699 2798 1802 2838 vo-

170 2873 322 2924 cante
348 2871 616 2925 minutas
660 2869 792 2925 illas
826 2870 1178 2926 otl'eneiones
1210 2871 1562 2937 animorum,
1597 2886 1806 2925 causas

171 2958 287 3026 ejus
324 2958 673 3030 simultatis,
707 2961 1075 3031 seponendas
1105 2960 1392 3032 tantisper
1430 2964 1805 3032 putaverunt.

173 3044 303 3102 Cum
325 3046 418 3103 his
441 3048 633 3103 adfuit
653 3053 711 3104 et
735 3065 900 3104 soror
919 3048 1292 3120 imperatoris
1315 3048 1575 3120 Eulogia,
1600 3047 1807 3104 simul-

172 3150 270 3203 que
326 3137 614 3208 quidquid
669 3137 728 3192 in
780 3137 1087 3193 monachis
1127 3142 1184 3192 et
1230 3137 1478 3193 aliorum
1534 3138 1809 3193 ordinum

173 3222 347 3279 doctis
377 3224 754 3296 laudatisque
777 3226 1121 3282 hominibus
1143 3227 1422 3281 eximium
1451 3232 1507 3282 et
1536 3231 1808 3298 spectata:

177 3310 450 3369 claritatis
484 3315 615 3370 fuit.
649 3315 803 3370 880
844 3321 1066 3371 Horum
1099 3333 1253 3371 unus
1303 3320 1428 3370 erat
1474 3317 1731 3386 animus,
1759 3323 1812 3370 et

177 3402 514 3474 conspirans
547 3404 606 3459 in
657 3403 711 3459 id
761 3406 935 3460 ardor
984 3405 1383 3475 incumbebat,
1419 3409 1481 3460 ut
1528 3406 1813 3477 scriptum

175 3491 618 3549 concinnaretur
647 3492 928 3549 volumini
970 3495 1042 3550 ab
1082 3495 1433 3566 imperatore
1464 3494 1644 3549 misso
1678 3511 1814 3549 con-

174 3581 432 3639 trarium.
457 3583 545 3637 Ad
585 3598 714 3638 eam
759 3599 881 3638 rem
914 3583 1106 3639 visum
1142 3588 1538 3656 opportunum
1573 3585 1816 3639 recitare

175 3671 387 3725 cunctis
422 3671 810 3726 audientibus
853 3671 1295 3743 imperatoriam
1339 3672 1728 3744 scripturam;
1761 3678 1818 3728 et

176 3761 232 3810 ut
259 3761 658 3832 quodcunque
687 3775 756 3815 ex
786 3759 887 3816 illa
932 3765 1109 3832 caput
1156 3761 1422 3816 auditum
1475 3766 1647 3830 esset,
1679 3779 1814 3818 con-

175 3846 323 3904 tinuo
355 3864 660 3921 quemque
693 3851 949 3921 proferre
971 3866 1094 3919 quas
1116 3850 1265 3905 forte
1295 3856 1670 3907 occurrerent
1703 3853 1817 3907 uti-

175 3934 292 3992 liter
343 3939 404 3994 in
455 3939 822 3995 contrarium
881 3939 1204 4010 alleganda.
1248 3939 1556 4011 Negotium
1607 3941 1817 3998 deinde

173 4025 472 4100 colligendi
535 4033 746 4084 cuncta
797 4032 855 4084 et
903 4031 960 4083 in
1004 4045 1187 4083 unum
1237 4029 1467 4084 diversa
1516 4030 1819 4101 digerendi

172 4118 422 4188 suscepit
453 4118 532 4173 ad
589 4117 644 4171 id
692 4117 954 4173 delectus
987 4117 1195 4174 Iasitee
1223 4117 1365 4185 Job;
1419 4119 1519 4189 qui
1571 4123 1627 4173 et
1673 4120 1818 4176 alios

172 4202 364 4261 habuit
421 4207 731 4277 adjutores
789 4208 1035 4279 ejusque
1093 4207 1409 4280 participes
1470 4207 1708 4277 laboris,
1759 4209 1816 4265 in

171 4294 363 4362 primis
394 4296 588 4367 hujus
618 4295 876 4351 historice
916 4300 1235 4351 auctorem.
1271 4296 1486 4352 Omnes
1519 4296 1576 4351 hi
1609 4297 1820 4354 collata

172 4380 465 4455 diligentia
504 4384 567 4438 in
603 4383 949 4438 ordinandis
999 4383 1474 4455 collocandisque
1523 4387 1818 4442 variorum

169 4472 452 4539 sensibus,
487 4473 656 4528 brevi
700 4477 963 4544 tempore
991 4472 1266 4528 volumen
1307 4475 1705 4544 confecerunt,
1728 4476 1818 4530 id-

169 4574 266 4630 que
295 4562 713 4634 conscriptum
745 4561 804 4616 in
838 4563 1138 4618 communi
1159 4566 1309 4617 coetu
1334 4563 1561 4619 cunctis
1583 4564 1820 4619 audien-

1911 1926 2204 2004 λαμϐάνων
2263 1930 2352 1984 καὶ
2413 1928 2770 2005 διερχόμενος
2830 1935 2910 2006 [P.
2941 1935 3066 2007 259]
3123 1937 3303 2008 ἡμέρα
3331 1956 3448 1996 πως
3478 1935 3555 1999 εἷς

1939 2020 1958 2042 ³,
2508 2019 2518 2040 Ι
2817 2022 2827 2040 Ι
2919 2025 2930 2044 ιι
3131 2028 3155 2037 ε’
3241 2021 3253 2041 λ
3410 2026 3423 2046 κ

1911 2022 2134 2094 ειρήνην
2196 2019 2662 2096 συγκατεκλινετο.
2725 2024 2827 2077 Και
2884 2046 2915 2094 γ
2981 2022 3189 2084 ἁπλους
3223 2025 3294 2077 ὼν
3340 2046 3425 2079 και
3462 2047 3553 2102 φι-

1912 2107 2163 2179 λαλήθης
2225 2109 2301 2170 εἰς
2362 2110 2496 2163 ἅπαν
2555 2115 2633 2180 τῷ
2691 2112 2784 2182 μὲν
2820 2111 2980 2183 ἀπλῷ
3011 2117 3130 2173 ταῖς
3161 2119 3390 2187 γραφαῖς
3422 2116 3556 2168 καΟ-

1913 2200 2177 2271 υπήγετο,
2229 2200 2392 2252 ταυτό
2449 2219 2508 2274 γε
2563 2198 2790 2274 πάσχων
2849 2206 2970 2262 τοῖς
3031 2202 3346 2276 ἀποροῦσιν,
3380 2201 3429 2256 εἷ’
3463 2224 3555 2275 με·

1910 2288 2074 2363 τρίως
2149 2288 2427 2361 ἀποροῖεν,
2502 2287 2928 2362 ἀπροσδοκήτως
2997 2291 3060 2344 τὸ
3122 2297 3224 2344 πᾶν
3287 2291 3557 2365 οἰομένοις

1911 2510 2188 2583 quodam,
2222 2512 2286 2564 ut
2331 2508 2512 2566 videri
2551 2509 2824 2567 volebat:
2859 2511 2959 2566 sed
3025 2528 3160 2568 vera
3205 2529 3384 2568 causa
3431 2517 3556 2569 erat

1910 2601 2037 2671 ejus
2066 2616 2236 2655 morai
2263 2599 2643 2656 convictionis
2677 2605 2890 2669 metus,
2915 2601 3281 2673 euperciliosi
3308 2603 3549 2659 obtentu

1914 2689 2136 2745 fastidii
2161 2688 2408 2744 velatus.

1961 2796 2047 2852 15.
2083 2797 2144 2853 Ut
2181 2797 2376 2850 Vcccus
2402 2811 2625 2852 carcere
2653 2795 2919 2862 detentus,
2956 2801 3006 2852 ct
3036 2797 3117 2852 ibi
3144 2799 3512 2855 nihilominus

2153 2867 2501 2935 sollicitatus,
2535 2873 2803 2923 attractus
2833 2868 2894 2923 in
2922 2878 3103 2941 partes
3126 2869 3319 2940 fuerit.

1986 2955 2111 3011 Tali
2143 2955 2524 3012 consiliorum
2570 2973 2846 3012 successu
2897 2959 3170 3030 repulsus
3219 2960 3290 3014 ab
3342 2961 3559 3031 optatis

1918 3046 2236 3118 imperator
2265 3052 2324 3101 et
2354 3045 2610 3116 quicum
2643 3063 2710 3102 eo
2740 3048 3093 3113 sentiebant,
3117 3047 3230 3103 alia
3250 3049 3361 3104 sibi
3395 3066 3558 3120 gras-

1919 3136 2171 3190 sandum
2202 3135 2295 3189 via
2325 3139 2680 3203 statuerunt,
2719 3136 2894 3192 Vecco
2926 3136 3054 3207 ipso
3087 3137 3237 3192 intra
3268 3154 3557 3194 carcerem

1920 3225 2221 3278 tentando.
2258 3222 2798 3279 Animadvertentes
2825 3223 2982 3279 enim
3015 3225 3335 3296 hominem,
3368 3227 3558 3298 qualis

1923 3317 2046 3368 erat
2074 3313 2316 3379 Veccus,
2350 3313 2674 3384 sapientem
2726 3330 2790 3369 ac
2840 3315 3077 3368 doctum
3123 3331 3236 3371 non
3288 3315 3401 3372 alia
3439 3333 3564 3372 cer-

1918 3402 2036 3457 tius
2089 3403 2546 3474 expugnandum
2595 3402 2778 3457 videri
2838 3403 3110 3458 machina
3159 3421 3336 3475 quam
3389 3423 3564 3478 argu-

1921 3491 2136 3548 mentis
2175 3497 2232 3546 et
2279 3491 2635 3546 testimoniis
2684 3508 2750 3546 ex
2799 3491 3194 3548 ecclesiastica
3239 3495 3566 3551 eruditione

1922 3581 2142 3654 petitis,
2193 3581 2340 3635 381
2396 3579 2448 3634 ei
2502 3582 2769 3636 custodia
2824 3582 3056 3636 detento
3107 3583 3564 3640 considerandas

1923 3669 2260 3725 obtulerunt
2307 3675 2606 3740 excerptas
2638 3670 2708 3724 ab
2744 3670 2890 3741 ipsis
2923 3687 3224 3726 sacrorum
3278 3671 3561 3728 librorum

1923 3757 2242 3814 sententias
2264 3774 2391 3830 quae
2425 3759 2761 3813 Latinorum
2795 3776 2984 3815 causas
3019 3761 3294 3816 faverent.
3329 3762 3438 3818 Eas
3469 3763 3566 3818 ille

1923 3848 1981 3903 in
2031 3863 2241 3902 manus
2291 3852 2558 3918 sumptas
2607 3852 2824 3903 attente
2873 3849 3176 3920 perlegens
3227 3851 3446 3906 sensim
3497 3855 3567 3908 ad

1926 3954 2127 4008 pacem
2161 3937 2577 4008 inclinabatur,
2612 3939 2842 3994 duabus
2897 3941 2968 3994 ad
3023 3940 3077 3994 id
3112 3941 3163 3995 ei
3196 3940 3573 4013 suifraganti-

1924 4029 2035 4084 bus
2069 4028 2328 4097 dotibus,
2361 4029 2612 4084 candore
2658 4029 2910 4100 quodam
2956 4029 3138 4084 animi
3173 4030 3285 4085 fuci
3321 4032 3572 4103 expertis

1925 4124 1982 4174 et
2013 4118 2214 4173 innato
2256 4134 2453 4173 amore
2483 4119 2763 4174 veritatis.
2796 4121 3052 4183 Quarum
3099 4136 3131 4175 a
3182 4120 3360 4191 priori
3408 4138 3568 4177 asse-

1926 4208 2097 4263 batur
2142 4213 2230 4276 ut,
2276 4224 2410 4262 cum
2460 4206 2809 4278 simpliciter
2857 4225 2921 4263 ac
2968 4209 3116 4263 citra
3164 4210 3567 4280 praejudicium

1925 4296 2391 4368 suspicionemve
2442 4297 2663 4353 fraudis
2708 4298 2778 4352 ad
2829 4299 3232 4369 cognoscenda
3262 4316 3385 4368 quae
3435 4318 3571 4372 pro-

1926 4387 2292 4458 ponebantur
2323 4386 2645 4453 accederet,
2681 4386 2846 4441 facile
2889 4384 3266 4442 induceretur
3296 4389 3574 4444 similitu-

1925 4476 2062 4531 dine
2106 4475 2261 4544 veri,
2314 4493 2527 4547 passus
2575 4475 2728 4531 idem
2783 4478 2936 4549 quod
2990 4476 3362 4532 mediocriter
3405 4478 3573 4533 dubi-

1927 4570 2118 4620 tantes
2166 4565 2376 4634 solent,
2410 4565 2509 4637 qui
2553 4565 2660 4621 levi
2695 4570 2986 4622 momento
3038 4567 3094 4620 in
3148 4570 3368 4637 partem
3403 4567 3577 4623 incli-

167 4650 310 4713 tibus
339 4651 651 4724 legerunt,
678 4667 1031 4722 unoquoque
1055 4653 1410 4708 admonente
1440 4654 1487 4707 si
1513 4653 1653 4724 quid
1690 4670 1816 4709 mu-
1855 4639 1896 4703 D
1931 4660 2147 4710 nentur
2185 4654 2449 4725 alteram,
2474 4661 2530 4710 et
2578 4656 2678 4710 ubi
2728 4656 2815 4711 vel
2873 4655 3181 4727 paululum
3227 4657 3576 4713 imminutae

167 4740 395 4796 tandum
429 4747 542 4797 aut
575 4741 1033 4813 temperandum
1065 4747 1350 4812 censeret,
1384 4741 1442 4796 in
1477 4743 1533 4797 id
1569 4744 1818 4800 maxime

170 4831 448 4888 universis
480 4831 757 4897 intentis,
793 4847 864 4887 ne
895 4832 1220 4903 quidquam
1265 4831 1323 4886 in
1356 4847 1422 4887 eo
1453 4832 1817 4904 relinquere-

167 4920 250 4971 tur
276 4921 617 4976 aculeatum
652 4924 754 4975 aut
783 4921 1023 4990 durum,
1057 4937 1172 4991 quo
1211 4920 1534 4992 imperator
1563 4922 1818 4977 oil'ende-

167 5013 328 5066 retur.
361 5011 646 5082 Denique
677 5025 827 5081 Opus
878 5009 1185 5065 climatum
1235 5015 1524 5081 quantum
1558 5012 1703 5067 satis
1734 5017 1821 5068 est

166 5096 360 5165 visum,
397 5117 507 5172 per
557 5100 840 5155 eumdem
902 5099 1214 5156 Arsenium
1276 5101 1346 5155 ad
1405 5099 1819 5172 imperatorem

167 5187 408 5247 mittunt.
444 5193 503 5247 Is
537 5206 612 5246 eo
657 5192 892 5260 accepto
924 5194 983 5244 et
1011 5193 1232 5245 attente
1286 5189 1436 5245 lecto
1470 5191 1722 5246 multum
1757 5208 1818 5248 se

165 5279 419 5347 Opinione
453 5279 560 5335 illa
595 5279 818 5334 falsum
861 5279 1116 5351 agnovit,
1151 5295 1268 5352 qua
1300 5281 1599 5351 negotium
1632 5283 1817 5354 scrip-

166 5365 306 5424 tione
334 5386 444 5425 sua
489 5368 599 5426 illa
646 5368 937 5423 mittenda
966 5369 1168 5424 statim
1201 5369 1630 5425 conficiendum
1666 5373 1815 5426 exis-

166 5455 473 5516 timaverat.
502 5461 736 5516 Tamen
773 5457 930 5512 hunc
963 5457 1158 5530 ipsum
1193 5463 1541 5530 presentem
1575 5477 1814 5515 sensum

168 5545 326 5604 animi
355 5547 799 5617 dissimulavit,
832 5549 1240 5616 erubescendi,
1275 5549 1323 5605 si
1357 5549 1406 5604 is
1436 5554 1814 5620 enotesceret,

167 5640 561 5696 necessitatem
598 5637 692 5693 sic
733 5639 1191 5709 pravertendarn
1239 5642 1477 5711 putans.
1510 5638 1814 5698 Publicam

166 5741 278 5786 vero
307 5730 512 5805 scripti
558 5727 752 5786 oblati
797 5726 1106 5785 lectionem
1140 5728 1445 5785 differebat
1475 5734 1814 5804 contemptu

1929 4744 2348 4815 conspicantur
2377 4744 2716 4815 ambigendi
2757 4745 3037 4811 rationes,
3066 4745 3284 4816 quibus
3315 4751 3484 4802 antea
3516 4747 3573 4802 in

1929 4851 2217 4905 suspenso
2266 4834 2638 4901 tenebantur,
2672 4835 2951 4890 continuo
3005 4851 3214 4890 causae
3264 4852 3325 4890 se
3373 4841 3577 4892 nactos

1927 4923 2170 4978 idoneas
2223 4923 2332 4978 rati
2387 4923 2777 4979 dubitationis
2827 4924 3205 4995 deponendas,
3257 4928 3455 4980 tenere
3515 4943 3578 4981 se

1930 5030 2050 5069 rem
2097 5014 2286 5084 ipsam
2336 5017 2393 5068 et
2439 5012 2663 5083 liquere
2704 5015 2829 5084 jam
2880 5012 2992 5069 sibi
3051 5015 3351 5085 negotium
3410 5014 3577 5086 prius

1929 5105 2243 5158 obscurum
2277 5102 2636 5158 existimant.
2672 5107 2743 5156 At
2775 5104 2954 5158 altero
2992 5102 3091 5158 illo
3123 5104 3349 5159 sincero
3382 5105 3576 5159 studio

1930 5193 2267 5264 proﬁtendae
2301 5193 2566 5247 veritatis
2594 5192 2926 5263 prohibitus
2948 5193 3243 5248 afﬁrmare
3272 5194 3426 5264 quod
3461 5211 3577 5249 non

1928 5287 2072 5348 erat,
2108 5299 2238 5336 cum
2282 5282 2542 5336 nondum
2589 5298 2824 5337 omnem
2858 5282 2969 5337 sibi
3014 5283 3336 5338 abstersam
3370 5283 3577 5355 caligi-

1929 5388 2063 5427 nem
2098 5371 2363 5432 sentiret,
2397 5370 2553 5425 haud
2605 5388 2746 5427 sane
2796 5371 3077 5427 simulare
3123 5373 3410 5427 sustinuit
3462 5374 3576 5428 sibi

1929 5461 2100 5534 plane
2133 5477 2260 5516 esse
2293 5465 2662 5532 perspectum
2695 5462 2750 5516 id
2786 5462 2940 5533 quod
2973 5478 3252 5534 apparere
3286 5462 3393 5533 ipsi
3426 5463 3578 5519 dun-

1925 5556 2084 5608 taxat
2116 5557 2171 5608 et
2217 5552 2407 5623 prima
2453 5551 2705 5606 blandiri
2754 5553 2948 5624 specie
3000 5557 3256 5624 cceperat
3309 5567 3320 5604 :
3376 5569 3575 5607 verum

1929 5641 2091 5697 nullo
2123 5642 2388 5696 tardatus
2430 5641 2584 5696 malo
2636 5642 2857 5712 pudore
2891 5643 3142 5714 ingenue
3192 5642 3486 5697 fatebatur
3518 5660 3580 5698 se

1928 5749 2046 5788 non
2088 5731 2277 5787 adhuc
2326 5730 2653 5788 clarissime
2701 5732 2898 5788 videre
2939 5732 3079 5804 quid
3132 5731 3365 5804 penitus
3409 5731 3469 5788 in
3520 5751 3582 5791 re
