4242 6438
634 399 740 454 835

1926 386 2223 443 GEORGII
2263 383 2726 438 PACHYMBRE

3935 386 4039 443 836

629 518 798 595 ἔχειν.
860 523 955 589 Τῷ
985 518 1049 571 αὗ
1080 514 1375 588 φιλαλήθει
1408 513 1508 569 οὐκ
1536 511 1718 582 ἠδόξει
1752 510 2046 585 ὁμολογεῖν
2093 508 2180 595 μὴ-
2202 504 2276 559 εἶ·
2309 508 2361 575 Α
2383 499 2769 595 ρότως-ἔχειν,
2802 501 2876 562 ὡς
2906 503 2970 595 οὐ
3001 500 3262 595 καθυφείη
3302 502 3674 595 πιστεύοντας,
3724 506 3818 559 καὶ
3869 506 4037 571 οὕτως

629 592 769 663 δέῖθαι
806 608 943 679 μήτε
976 605 1082 677 μὴν
1120 604 1384 677 ἐντυχεῖν.
1420 602 1516 655 Καὶ
1552 603 1587 669 ἡ
1633 599 1781 654 αῗτία
1831 599 1894 653 τὸ
1939 596 2020 674 ἐφ’
2067 592 2271 663 Ἐλλη-

625 703 800 758 νικαῖς
850 693 1179 769 σχολάζοντι
1234 693 1310 763 μὴ
1370 691 1535 754 θείαις
1586 693 1819 765 γραφαῖς
1872 684 2172 769 ἐγγενέσθαι
2223 683 2274 735 οἱ

628 768 1018 859 ἐμμελετῆσαι.
1079 780 1261 835 Θέ).ειν
1328 780 1510 851 μέντοι
1560 781 1647 832 καὶ
1706 775 1840 830 ἷδεῖι
1896 777 1991 837 τάς
2046 768 2270 849 βίϐλους

625 876 713 931 καὶ
774 876 1071 948 ἀναγνῶλαι
1134 868 1552 943 ἐπιμελέστερον
1591 910 1605 939 ,
1667 865 1748 942 ἐφ’
1807 866 1852 937 ᾧ
1908 868 1987 933 τῷ
2040 866 2114 934 νῷ
2167 865 2273 915 τῶν

622 968 839 1041 γραφῶν
898 962 1201 1035 προσέξειν,
1251 959 1342 1013 καὶ
1398 956 1571 1018 οὕτως
1630 956 1663 1025 ἢ
1724 955 2007 1008 πεισθέντα
2057 950 2271 1018 ἀνάγειν

624 1038 772 1127 ἔχειν
826 1051 906 1105 ἐπ’
968 1050 1188 1110 ἐκείναις
1243 1048 1306 1102 τὸ
1367 1045 1567 1122 θάρρος
1622 1042 1711 1097 καὶ
1767 1040 1977 1116 παγίως
2026 1038 2267 1101 ἵστασθαι

620 1143 671 1205 ἐς
730 1144 759 1197 ὃ
815 1163 866 1194 τι
914 1139 1001 1194 καὶ
1060 1136 1265 1205 κλίνοι,
1322 1135 1466 1207 ἣμή
1500 1134 1784 1196 πεισθέντα
1838 1130 1933 1191 τὰς
1964 1129 2137 1189 αἰτίας
2170 1127 2269 1201 ἐμ-

617 1237 797 1307 φανεῖς
857 1234 1117 1303 παριστᾷν
1172 1226 1241 1281 δι’
1302 1226 1365 1286 ἃς
1424 1225 1499 1297 μὴ
1550 1222 1790 1277 πείθοιτο
1829 1264 1841 1276 .
1892 1220 2044 1272 Ταὖτ’
2091 1216 2262 1292 ἔλεγε,

614 1304 703 1376 καὶ
758 1323 785 1375 ὁ
834 1318 1089 1395 βασιλεὺς
1142 1316 1435 1381 κατένευεν,
1491 1311 1763 1387 ἐξαγαγών
1794 1330 1851 1363 τε
1882 1315 1981 1377 τῆς
2015 1304 2263 1383 φυλακῆς

611 1412 705 1473 τὰς
743 1405 969 1485 βίϐλους
1005 1407 1078 1468 εἷς
1129 1405 1424 1483 ἀνάγνωσιν
1459 1407 1719 1475 παρεῖχεν
1772 1398 1858 1452 ἐπὶ
1889 1395 2121 1473 σγολῆςυ
2170 1398 2263 1485 ’1ίῷ

617 1480 798 1572 μέντοι
850 1519 912 1572 γε
941 1480 1258 1571 πατριάρχῃ
1299 1492 1463 1565 μέλον
1492 1491 1556 1559 ἦν
1594 1490 1674 1567 ἐφ’
1728 1487 1934 1559 ἑκάστῳ
1962 1490 2068 1539 τῶν
2127 1484 2262 1559 πρὸς

615 1586 841 1663 βασιλέα
873 1587 1230 1661 ἀποκρίσεων,
1278 1581 1543 1655 μειζόνως
1592 1578 1701 1648 ἤδη
1756 1576 2126 1648 ἐπιτιθέμενον
2171 1573 2260 1627 καί

607 1680 658 1752 γ’
690 1681 913 1752 ἠρεμεῖν
954 1676 1027 1747 μὴ
1070 1673 1258 1727 ἐῶντα.

608 1824 693 1885 ις’,
754 1824 937 1879 Ὅπως
1011 1820 1039 1871 ὅ
1108 1815 1454 1888 πατριάρχης
1504 1830 1888 1888 Δλίνωμιῢιτερροιηθ
1963 1808 2254 1883 ἐγγράφως

853 1891 1036 1963 ὤμνυε
1073 1890 1146 1959 μὴ
1192 1883 1583 1959 καταδέχεσθαι
1622 1884 1721 1950 τὴν
1756 1883 1999 1956 εἶ’ρήνην.

671 2016 833 2072 Ταῦθ’
872 2014 1011 2087 ὀρῶν
1047 2014 1073 2066 ὁ
1111 2012 1350 2085 μοναχὸς
1402 2004 1527 2066 Ἰὼϐ
1562 2008 1819 2077 ’Ῐασίτης,
1873 2006 1961 2060 καὶ
1993 2004 2113 2078 περῖ
2149 2007 2243 2072 τήν

596 2105 822 2181 γνώμην
886 2100 1211 2178 ὁρῇωδήσας
1258 2104 1355 2154 τοῦ
1412 2097 1785 2173 πατριάρχου,
1846 2096 1923 2167 μὴ
1983 2096 2243 2171 καθυφείη

593 2201 693 2261 τῆς
752 2192 1043 2253 ένατάσειυς
1097 2190 1362 2255 ἀπειπὼν,
1427 2185 1741 2260 μηχανᾶταί
1793 2207 1844 2238 τι
1877 2189 2122 2238 τοιοῦτον
2157 2184 2244 2238 ἐπὶ

592 2288 672 2354 τῷ
730 2283 828 2349 τὴν
863 2282 1092 2355 γνώμην
1124 2282 1219 2333 τοῦ
1260 2276 1604 2351 πατριάρχου
1656 2274 1918 2349 στηρίξαι.
1970 2274 2242 2327 ’Υποτίθε-

590 2394 675 2426 ται
736 2372 839 2446 γὰρ
872 2371 1103 2443 γνώμην
1145 2368 1366 2442 γράφειν
1418 2366 1502 2418 καὶ
1556 2362 1787 2435 πέμπειν
1834 2368 1948 2424 τοῖς
2000 2361 2240 2433 ὁπουδη-

590 2483 721 2517 ποτε
775 2456 1060 2515 εὐλαϐέτιν
1134 2455 1384 2529 ἀνδράσιν
1443 2454 1518 2515 εἷς
1588 2451 1971 2529 πληροφορίαν
2029 2450 2187 2520 δῆθεν
2224 2494 2239 2520 ,

588 2550 943 2624 προστιθέντα
973 2546 1063 2600 καὶ
1095 2544 1253 2621 ὅρκον
1290 2544 1368 2621 ἐφ’
1395 2544 1439 2615 ᾦ
1476 2544 1549 2615 μὴ
1603 2540 1913 2612 κλονοῖντο,
1947 2538 2074 2595 ἀλλ’
2106 2541 2238 2614 ἀρα-

589 2773 763 2835 esset,
801 2765 1163 2837 negabatque
1204 2762 1347 2818 satis
1379 2762 1705 2817 convictam
1739 2760 1849 2816 sibi
1884 2771 2131 2817 mentem
2165 2764 2237 2818 ad

587 2858 866 2914 ultimum
895 2854 1318 2925 expediendum
1352 2853 1421 2906 dc
1452 2851 1850 2906 controversia
1882 2855 2045 2906 tanta
2067 2852 2235 2921 judi-

584 2948 763 3002 cium.
798 2946 867 2998 Et
898 2960 1135 2997 causam
1169 2943 1294 3011 ejus
1340 2940 1732 2995 cunctationis
1777 2955 1844 2993 ex
1892 2956 1959 2994 eo
2010 2946 2235 3012 repete-

581 3037 702 3103 bat,
737 3035 889 3106 quod
940 3033 1220 3087 hactenus
1253 3029 1633 3085 szecularibus
1684 3029 2003 3101 plurimum
2040 3028 2234 3084 inten-

584 3128 679 3179 tus
715 3122 927 3178 litteris
973 3121 1171 3176 minus
1220 3120 1320 3174 otii
1372 3118 1671 3189 studiique
1719 3118 2016 3172 tribuisset
2054 3134 2231 3172 sacrae

583 3215 937 3283 scriptorum
991 3209 1189 3264 divina
1239 3207 1621 3262 tractantium
1683 3206 1996 3261 eruditioni
2046 3207 2230 3261 medi-

580 3302 797 3356 tanda).
832 3302 1020 3365 Quare
1065 3313 1275 3368 cupere
1324 3312 1452 3350 sese
1501 3296 1779 3350 attenlius
1824 3296 1937 3349 ista
1984 3311 2230 3366 cognos-

581 3408 731 3455 cere,
788 3390 1089 3460 librosque
1140 3387 1302 3458 ipsos
1352 3384 1647 3456 perlegere
1699 3384 2063 3456 diligentius,
2115 3402 2229 3456 quo

579 3480 709 3551 ipsa
742 3480 868 3549 jam
922 3478 1158 3548 penitus
1207 3475 1568 3546 introspecta
1619 3473 1907 3528 sententia
1954 3475 2223 3529 oraculo-
2255 3514 2298 3582 C

829 3573 837 3582 .
979 3571 988 3582 .
1512 3562 1653 3582 Λευ.
1714 3563 2182 3582 ---ηιμ-μη,

578 3585 711 3623 rum
745 3573 844 3623 aut
877 3571 1033 3622 certo
1077 3582 1144 3620 eo
1194 3564 1463 3618 stituerct
1511 3562 1655 3617 nihil
1708 3563 2064 3633 exceptionis
2098 3564 2223 3618 ido-

574 3676 694 3713 neae
736 3673 1063 3728 superesse,
1097 3671 1212 3725 quo
1254 3653 1451 3707 minus
1485 3650 1657 3724 plane
1706 3652 2024 3706 confideret
2071 3652 2219 3707 irre-

566 3744 816 3802 vocabili
851 3743 1323 3816 amplectendum
1359 3758 1603 3796 assensu
1638 3740 1705 3794 ad
1742 3741 1937 3812 ipsum
1970 3741 2028 3795 in
2063 3745 2217 3812 quod

564 3835 835 3890 inclinari
882 3836 1005 3903 jam
1057 3836 1328 3901 coeperat,
1361 3838 1462 3885 aut
1494 3832 1540 3884 si
1577 3846 1692 3884 non
1742 3831 2217 3902 persuaderetur,

569 3942 782 3980 causas
813 3924 1129 3995 explicaret
1176 3922 1249 3975 ob
1280 3937 1423 3991 quas
1464 3920 1727 3974 haereret.
1763 3920 1901 3974 Eam
1936 3920 2039 3975 viri
2091 3937 2216 3975 ora-

564 4015 778 4070 tionem
824 4013 1091 4086 probavit
1139 4012 1476 4082 imperator,
1510 4015 1567 4065 et
1614 4010 1662 4064 ei
1717 4010 1991 4065 continuo
2024 4027 2053 4065 e
2084 4027 2213 4067 cus-

563 4106 725 4160 todia
774 4105 986 4158 educto
1036 4102 1214 4156 libros
1249 4117 1347 4172 per
1380 4100 1563 4154 otium
1615 4101 2022 4169 expendendos
2074 4117 2215 4170 pra:-

560 4196 709 4250 buit.
765 4192 1106 4249 Patriarcha
1145 4190 1376 4245 interim
1412 4190 1469 4243 in
1505 4191 1619 4244 acri
1671 4196 1796 4245 erat
1841 4190 2215 4245 meditatione

565 4285 811 4353 deﬁxus,
846 4282 1178 4352 disquirens
1230 4280 1383 4351 apud
1418 4296 1546 4335 sese
1577 4279 1715 4349 quid
1769 4280 2091 4351 probabilis
2124 4297 2213 4335 re-

560 4373 763 4447 sponsi
816 4376 1137 4444 opponerct
1186 4368 1554 4442 argumentis
1604 4369 2001 4440 imperatoris,
2035 4386 2207 4440 quem

559 4480 663 4535 pro
698 4465 971 4533 suscepta
1005 4460 1196 4532 palam
1232 4476 1410 4513 causa
1462 4474 1617 4513 nunc
1658 4458 1782 4527 jam
1834 4458 2211 4513 vehementer

554 4552 873 4606 instantem
902 4551 1104 4621 utique
1130 4566 1230 4604 nec
1264 4549 1319 4603 in
1346 4555 1645 4620 posterum
1681 4547 1834 4602 382
1869 4548 2207 4617 quieturum

554 4641 701 4695 satis
733 4639 1072 4711 apparebat.

554 4750 639 4802 16.
678 4749 741 4803 Ut
770 4746 1111 4816 patriarcha
1142 4762 1241 4800 sua
1283 4745 1472 4815 palam
1504 4742 1709 4813 scrip/0
1741 4742 1896 4796 cdita
1928 4745 2211 4798 sententia

738 4821 1023 4891 juravcrit
1051 4835 1109 4872 se
1140 4820 1192 4870 in
1226 4833 1417 4888 pacem
1449 4832 1554 4870 non
1586 4831 2006 4869 consensurum.

2382 588 2554 660 ἕλξειν
2584 590 2818 652 ἐκείνους
2852 592 2987 665 πρὸς
3030 591 3091 644 τὸ
3141 588 3546 667 εὐμενέστερον,
3595 592 3735 649 ὥστε
3762 597 3855 649 καὶ
3914 616 4038 671 σχι-

2385 678 2646 751 ζομένους
2673 679 2735 733 τὸ
2765 683 2983 754 πρῶτον
3019 677 3293 752 δέχεσθαι.
3328 682 3410 752 [Ρ.
3455 682 3583 753 260]
3637 681 3866 745 Τούτοις
3921 690 4036 747 τοῖς

2382 765 2570 840 λόγοις
2603 768 2630 821 ὁ
2680 768 2945 842 ἱεράρχης
2995 766 3233 830 πεισθεὶς
3284 767 3522 843 ἐγχωρεῖ
3552 770 3604 822 o't
3636 768 3905 834 ἐκτιθέναι
3935 774 4034 841 τήν

2377 856 2627 928 γνώμην,
2671 855 2760 910 καὶ
2792 855 3053 925 ἐξετίθετο
3109 857 3210 925 τὴν
3264 856 3555 931 ταχίστην.
3607 860 3744 934 ΙΙρὶν
3803 858 3862 914 δὲ
3893 882 4037 935 πεμ-

2378 947 2593 1020 φθῆναι,
2640 940 2788 1015 ἔδοξε
2816 949 2925 999 τῶν
2961 946 3261 1021 ἀρχιερέων
3295 945 3715 1020 ἀποπειρᾶσθαι,
3748 950 3824 1013 ὡς
3870 952 4035 1020 μάθοι

2377 1032 2524 1094 εἷείς
2554 1032 2710 1096 τέλος
2758 1033 3085 1110 ἀντίσχοιεν.
3145 1035 3533 1110 Συναχθέντων
3593 1037 3772 1092 τοίνυν
3832 1040 4037 1094 ὑπανε-

2373 1124 2669 1196 γινώσκετο
2703 1124 2799 1196 μὲν
2825 1126 2859 1192 ἡ
2899 1127 3093 1198 γνώμη
3154 1129 3251 1179 τοῦ
3308 1124 3678 1200 πατριάρχου,
3727 1129 4033 1197 ἠρωτῶντο

2373 1208 2430 1264 δὲ
2460 1210 2514 1265 εἷ’
2536 1233 2595 1285 γε
2623 1213 2711 1266 καὶ
2746 1212 2900 1267 αὐτοὶ
2932 1212 3184 1286 ἐμμένειν
3234 1211 3414 1289 ἔχοιεν
3468 1216 3606 1269 κατὰ
3654 1216 3882 1286 ταύτην.
3932 1219 4033 1272 Καὶ

2371 1298 2701 1375 ὡμολόγουν
2762 1301 2974 1370 αὐτίκα,
3035 1302 3123 1355 καὶ
3181 1304 3279 1370 τὴν
3338 1303 3563 1377 γνώμην
3623 1302 3851 1368 ’ἕκαστος
3917 1305 4032 1378 ἰδίᾳ

2374 1389 2682 1465 ὑπογραφῇ,
2716 1389 2860 1457 πλὴν
2910 1394 3016 1443 τῶν
3067 1389 3494 1464 προνοεστέρων,
3547 1386 3798 1446 ἐϐεϐαίου
3828 1415 3890 1448 τε
3938 1396 4028 1449 καὶ

2366 1477 2825 1553 κατησφαλίζετο.
2876 1479 2964 1540 Ὠς
3010 1482 3137 1552 γοῦν
3188 1477 3438 1553 ἐπέμφθη
3499 1481 3593 1551 μὲν
3623 1483 3657 1548 ἡ
3688 1481 3918 1555 γνώμη,
3974 1482 4027 1536 ἐν

2367 1564 2625 1642 ἀφύκτοις
2656 1564 2702 1619 δ’
2733 1568 2798 1634 ἦν
2829 1569 2856 1621 ὁ
2888 1569 3239 1641 πατριάρχης
3287 1573 3383 1622 τοῦ
3418 1567 3549 1639 μηδ’
3606 1569 3658 1623 εἷ’
3682 1590 3734 1623 τι
3784 1571 3877 1623 καὶ
3936 1571 4026 1645 γέ-

2364 1675 2513 1707 νοιτο
2551 1651 2917 1727 μεταϐάλλειν
2949 1661 3087 1728 (τοῖς
3116 1657 3219 1730 γάρ
3263 1657 3449 1729 ὅρκοις
3490 1656 3874 1731 συνείληπτο),
3920 1658 4024 1729 δῆ-

2365 1742 2461 1803 λος
2491 1744 2556 1812 ἦν
2586 1746 2675 1797 καὶ
2707 1744 2845 1816 πρὸς
2901 1743 3125 1818 βασιλέα
3157 1744 3328 1820 λέγων
3384 1746 3458 1809 ὡς
3490 1746 3550 1800 οὐ
3593 1749 3843 1816 ποιήσων
3899 1746 4026 1802 οὐδὲ

2286 1874 2329 1937 Β
2361 1831 2841 1906 καταπραξάμενος
2897 1835 2994 1900 τήν
3058 1833 3378 1908 ἐγχείρησιν
3414 1878 3427 1890 .
3477 1836 3535 1888 Ὀ
3590 1837 3776 1907 μέντοι
3822 1858 3885 1910 γε
3934 1838 4025 1904 βα-

2416 1922 2435 1937 ‘
2485 1922 2495 1936 ι
2604 1922 2616 1937 ς
2803 1922 2814 1937 ς
2956 1924 2978 1937 ν
3074 1921 3087 1937 .
3190 1925 3247 1937 ..η
3404 1930 3427 1937 _
3498 1924 3512 1937 .
3594 1924 3604 1937 .
3970 1925 3984 1937 .

2359 1922 2542 1981 σιλεὺς
2593 1922 2861 1996 ἀπογνοὺς
2922 1924 3035 1975 οἷον
3071 1921 3309 1976 ἐντεῦθεν
3361 1930 3462 1992 τῆς
3496 1924 3703 1978 ἐκείνου
3749 1925 4019 1979 κατανεύο

2359 2030 2493 2071 σεως
2518 2008 2708 2083 (δεινοὶ
2738 2012 2837 2084 γάρ
2868 2012 2920 2064 οἱ
2968 2012 3121 2085 ὅρκοι
3165 2010 3423 2083 κωλύειν)
3475 2011 3528 2065 ἐν
3580 2010 3743 2084 δεινῷ
3804 2015 3905 2085 μὲν
3957 2016 4020 2069 τὸ

2357 2095 2568 2170 συμϐάν
2602 2103 2811 2175 ἡγεῖται
2848 2100 2953 2172 (ἐπ’
2998 2100 3116 2169 ἰσης
3149 2103 3252 2174 γάρ
3302 2101 3371 2169 ἦν
3424 2100 3572 2173 αὗτῷ
3624 2100 3903 2176 βουλητὸν
3955 2105 4017 2157 τὸ

2353 2183 2622 2261 προϐῆναι
2670 2190 2769 2256 τὴν
2820 2192 3012 2261 πρᾶξιν
3064 2189 3138 2250 εἷς
3189 2189 3346 2251 τέλος
3376 2195 3457 2261 τῷ
3504 2192 3639 2262 μετά
3666 2191 3764 2244 τοῦ
3811 2212 4017 2267 πατρι-

2354 2278 2529 2350 άρχου
2561 2272 2879 2351 προϐῆναι),
2937 2280 3089 2350 ὅμως
3123 2275 3168 2331 δ’
3200 2278 3593 2351 ἀποκρουσθεὶς
3624 2279 3829 2334 ἐκείνου
3880 2282 4015 2345 τοὺς

2352 2366 2629 2440 ἀρχιερεῖς
2680 2369 3030 2442 προσήρχετο
3090 2363 3526 2443 ἐμϐριθέστερον.
3585 2371 3670 2424 Ἐν
3720 2370 3909 2443 τούτῳ
3957 2368 4017 2426 δὲ

2348 2456 2499 2509 καὶὸ
2531 2456 2732 2517 Βέκκος
2766 2454 3100 2530 ἐνσχολάσας
3148 2462 3266 2518 ταῖς
3322 2453 3562 2532 βίϐλοις,
3610 2458 3699 2512 καὶ
3761 2465 4013 2533 συνορῶν

2348 2542 2569 2613 πολλὴν
2604 2544 2840 2600 ἐντεῦθεν
2889 2542 2973 2600 ἐπὶ
3024 2544 3092 2619 τῇ
3124 2546 3314 2620 πράξει
3350 2546 3626 2623 βοήθειαν,
3688 2547 3764 2609 ὡς
3830 2546 4012 2621 μηδὲν

2349 2764 2644 2820 mandatis
2675 2764 3090 2833 constantiam,
3117 2766 3455 2835 juramento
3498 2767 3688 2839 palam
3738 2767 4013 2842 interpo-

2348 2854 2460 2908 sito
2508 2855 2826 2925 sponderet
2870 2872 3177 2927 nunquam
3209 2872 3273 2911 se
3303 2857 3673 2912 detluxurum
3726 2875 3761 2913 a
3810 2858 4015 2931 rigore

2346 2942 2525 2998 semel
2562 2943 2688 2997 ﬁxa:
2727 2945 3057 3013 sententiae,
3091 2950 3193 3000 aut
3224 2962 3289 3001 eo
3338 2946 3789 3013 descensurum,
3815 2964 4012 3019 quan-

2345 3033 2562 3086 tumvis
2615 3049 2647 3086 a
2695 3032 2899 3104 quovis
2951 3034 3301 3104 traheretur,
3342 3043 3463 3090 uta
3493 3036 3712 3107 quibus
3755 3038 3898 3105 jure
3945 3056 4013 3094 se

2344 3137 2604 3192 suosque
2635 3122 2929 3177 abscissos
2975 3123 3259 3179 hactenus
3292 3128 3576 3194 putasset,
3607 3142 3707 3180 eos
3741 3124 3798 3180 in
3834 3143 4008 3181 com-

2343 3211 2682 3265 munionem
2725 3210 3031 3281 acciperet.
3067 3212 3169 3266 His
3199 3213 3329 3267 Jobi
3363 3214 3851 3285 suggestionibus
3904 3232 4007 3269 ac-

2341 3298 2650 3369 quiescens
2694 3300 3026 3369 patriarcha
3075 3301 3125 3356 ei
3178 3302 3476 3357 commisit
3523 3302 3635 3373 ipsi
3690 3304 4004 3373 negotium

2340 3387 2656 3441 formandae
2696 3388 2753 3442 in
2788 3405 2912 3444 eam
2966 3393 3316 3445 sententiam
3368 3391 3672 3445 circularis
3706 3393 4004 3463 epistolae.

2338 3475 2461 3537 Qua
2506 3478 2703 3531 statim
2745 3480 3090 3548 composita,
3127 3478 3472 3550 priusquam
3508 3481 3886 3536 emitteretur
3916 3482 4006 3536 vi-

2338 3581 2465 3618 sum
2502 3566 2846 3635 patriarchae
2879 3571 2969 3621 est
3012 3567 3475 3638 experimentum
3509 3569 3871 3638 capiendum
3903 3574 4006 3638 ju-

2334 3654 2467 3709 dicii
2502 3656 2570 3709 de
2602 3654 2696 3710 bis
2729 3655 2903 3709 rebus
2934 3656 3369 3728 episcoporum,
3393 3658 3613 3713 utinde
3638 3650 4009 3729 perspiceret

2333 3744 2538 3815 ecquid
2569 3744 2652 3798 sic
2685 3745 2923 3798 animati
2958 3752 3326 3815 apparerent,
3352 3751 3416 3800 ut
3440 3752 3592 3801 recte
3614 3750 3832 3803 conficti
3870 3767 4008 3819 pos-

2335 3838 2420 3887 set
2452 3849 2551 3887 eos
2582 3849 2772 3903 usque
2804 3833 2873 3886 ad
2927 3834 3101 3889 finem
3158 3834 3558 3890 inﬂexibiliter
3585 3836 3641 3889 in
3679 3841 4003 3895 recusandi

2332 3922 2665 3976 constantia
2708 3939 3041 3977 mansuros.
3076 3922 3453 3993 Congregatis
3489 3940 3626 3994 ergo
3659 3925 3809 3995 ipsis
3845 3926 4003 3983 lecta

2332 4016 2423 4065 est
2453 4012 2800 4081 prescripta,
2827 4016 2893 4064 ut
2936 4012 3078 4077 dixi,
3104 4029 3137 4066 a
3157 4012 3305 4066 Jobo
3332 4013 3614 4067 monacho
3638 4016 3999 4084 patriarcha:

2331 4100 2640 4153 sententia.
2670 4100 2915 4169 Moxque
2942 4100 3282 4171 interrogati
3306 4101 3525 4173 singuli
3556 4108 3697 4157 sunt
3723 4120 3800 4158 an
3838 4106 3999 4161 idem

2330 4194 2387 4241 et
2416 4189 2526 4260 ipsi
2575 4190 2969 4253 sentirent,et
3009 4208 3151 4245 num
3197 4198 3354 4247 certo
3398 4193 3799 4249 decrevissent
3830 4197 3895 4250 in
3930 4214 3998 4252 eo

2330 4295 2724 4348 perseverare.
2752 4280 2970 4333 Omnes
3003 4281 3201 4333 statim
3230 4286 3634 4347 assenserunt,
3656 4289 3715 4336 et
3744 4292 3999 4340 cuncto-

2330 4384 2460 4421 rum
2486 4373 2699 4438 praeter
2730 4368 3191 4437 providentiores
3225 4385 3445 4438 paucos
3466 4372 3719 4440 propriis
3752 4372 3998 4429 ﬁrmata

2328 4456 2866 4526 subscriptionibus
2888 4456 3135 4524 epistola
3164 4457 3347 4513 missa
3370 4474 3852 4530 quoquoversum
3879 4469 3996 4519 est.

2329 4545 3116 4616 Eavulgata,constrictoque
3133 4544 3463 4608 patriarcha
3483 4547 3791 4603 insolubili
3813 4568 3997 4619 nexu,

2324 4650 2397 4687 ne
2429 4634 2487 4687 in
2521 4633 2702 4687 ullam
2737 4633 2892 4688 circa
2922 4634 3044 4688 haec
3080 4634 3462 4689 mutationem
3495 4652 3624 4691 sese
3657 4646 3868 4708 posset
3902 4658 3997 4695 re-

2324 4724 2540 4791 laxare,
2570 4724 2786 4795 quippe
2819 4723 2913 4783 cui
2955 4727 3080 4793 jam
3116 4742 3232 4781 non
3265 4731 3423 4781 esset
3454 4726 3749 4798 integrum
3786 4746 3815 4783 a
3853 4747 3997 4786 sen-

2323 4816 2507 4869 tentia
2532 4820 2647 4868 tam
2672 4812 2905 4884 publica
2926 4815 3293 4885 professione
3311 4814 3607 4871 declarata
3630 4817 3996 4890 resilire,ju-

620 4909 683 4963 In
738 4877 809 4963 ea
867 4906 1300 4963 conﬂictantem
1364 4904 1745 4959 meditatione
1808 4903 2205 4974 patriarcham
2239 4877 2284 4943 D
2316 4904 2640 4973 risjurandi
2668 4903 2894 4973 utique,
2915 4902 3197 4974 religione
3220 4904 3509 4971 devincta,
3535 4905 3587 4960 is
3613 4922 3756 4962 sane
3781 4926 3903 4980 prae
3926 4928 3996 4967 se

549 4998 934 5070 conspicatus
969 4996 1297 5052 monachus
1344 4995 1530 5050 Jobus
1581 4994 1778 5056 Iasita,
1817 4997 1874 5047 et
1916 5010 2031 5048 non
2079 4994 2207 5048 sine

548 5106 727 5145 causa
760 5088 983 5142 veritus
1015 5091 1080 5141 ut
1112 5103 1217 5157 par
1248 5085 1317 5140 ad
1349 5089 1668 5139 extremam
1706 5084 1852 5138 foret
1880 5082 2205 5138 eluctandae

544 5178 976 5234 contrariarum
1021 5178 1315 5231 rationum
1374 5178 1433 5228 et
1481 5172 1853 5228 molitionum
1888 5172 2204 5236 instantiae.

545 5268 661 5323 tale
706 5268 1014 5341 quidpiam
1068 5264 1443 5320 machinatus
1495 5268 1584 5319 est
1632 5264 1700 5318 ad
1755 5263 2110 5317 ﬁrmandum
2144 5263 2203 5318 in

538 5359 852 5415 resistendi
887 5356 1219 5413 constantia
1271 5354 1614 5427 patriarchae
1658 5354 1947 5409 animum.
1981 5357 2203 5425 Sugge-

538 5449 616 5502 rit
661 5447 746 5501 illi
788 5446 1103 5502 consilium
1156 5445 1480 5500 scribendae
1537 5443 1957 5513 mittendaeque
2008 5448 2201 5513 pasto-

541 5537 682 5593 ralis
714 5539 779 5593 ad
817 5539 1122 5592 universos
1172 5552 1325 5589 cura:
1358 5551 1479 5589 suae
1511 5534 1781 5589 subditos
1831 5532 2030 5587 ﬁdeles
2080 5532 2201 5604 epi-

540 5627 728 5693 stolae,
760 5645 877 5699 qua
907 5631 963 5683 ct
996 5626 1129 5681 illos
1180 5625 1527 5680 admoneret
1574 5623 1715 5694 quid
1768 5623 2089 5678 tenendum
2140 5621 2199 5676 in

535 5717 627 5775 bis
659 5722 835 5790 esset,
868 5723 925 5775 et
955 5734 1066 5789 quo
1099 5715 1402 5773 efﬁcacius
1436 5715 1507 5770 iis
1537 5714 1918 5787 persuaderet
1944 5715 2000 5767 in
2036 5730 2201 5768 com-

2320 4994 2539 5047 ferebat
2557 5008 2620 5045 sc
2637 4997 2845 5062 negatu
2857 5009 2919 5045 ru
2933 5009 2983 5045 m
3012 4991 3354 5063 imperatori
3372 4993 3524 5048 883
3543 4996 3696 5064 quod
3717 5000 3997 5069 petebat,

2318 5088 2375 5137 et
2404 5098 2710 5153 nunquam
2737 5097 3163 5136 consensurum
3196 5082 3255 5136 in
3289 5082 3665 5139 concordiam
3692 5084 3999 5144 Ecclesia-

2316 5188 2448 5226 rum
2482 5186 2610 5242 quae
2655 5170 3046 5224 tractabatur.
3070 5172 3261 5235 Quare
3313 5171 3623 5243 desperato
3657 5173 3998 5244 imperator

2317 5277 2563 5316 assensu
2601 5258 2940 5329 patriarchae
2976 5265 3213 5331 pr0pter
3242 5259 3568 5329 juramenti
3599 5261 3994 5322 obstaculum

2315 5348 2719 5414 incluctabile,
2753 5349 3045 5403 aestuabat
3089 5348 3308 5416 animo,
3344 5349 3646 5406 difﬁcilem
3689 5352 3836 5409 inde
3870 5357 3999 5412 fore

2313 5439 2530 5512 negotii
2564 5439 2784 5493 exitum
2819 5437 3324 5508 providens.Nam
3362 5445 3683 5511 utrumque
3711 5458 3784 5497 ex
3815 5460 3999 5515 aequo

2312 5532 2633 5601 imperator
2672 5526 2933 5597 optabat,
2966 5532 3022 5581 et
3069 5526 3206 5581 iniri
3254 5528 3629 5584 concordiam
3662 5536 3721 5584 et
3755 5531 3815 5586 in
3855 5549 3995 5591 eam

2312 5617 2645 5675 consentire
2694 5615 3116 5686 patriarcham.
3149 5616 3368 5671 Tamen
3404 5617 3540 5673 inde
3589 5620 3884 5688 repulsus
3915 5628 3996 5681 ad

2312 5709 2609 5782 urgendos
2666 5706 2975 5777 episcopos
3022 5706 3431 5762 vehementius
3480 5707 3776 5768 incubuit.
3826 5717 3997 5771 Inter
