4212 6442
190 417 290 474 837

1266 412 1363 466 DB
1400 407 1771 464 MICHABLE
1806 406 2231 464 PALEOLOGO
2266 411 2400 468 LIB.
2442 412 2511 467 V.

3473 414 3578 471 838

186 538 345 595 πλέον
385 535 782 611 τολμησάντων
829 538 940 590 τῶν
988 532 1212 591 Ἰταλῶν
1265 528 1399 595 ἴσως
1443 534 1478 600 ἢ
1516 528 1578 583 τὸ
1627 528 1714 583 ἐπὶ
1744 531 1823 599 τῷ
1850 529 1907 597 Α
1936 528 2070 607 ἀμφ’
2100 528 2257 585 αὐτὸν
2294 529 2496 606 λογίων
2530 527 2849 605 λαμϐάνων.
2892 534 3049 598 Ὂθεν
3098 535 3185 589 καὶ
3228 540 3345 597 τοῖς
3396 536 3583 611 ἀρχιε-

186 623 459 701 Συμϐόλῳ
488 626 823 701 προσθεῖναι,
851 623 938 678 καὶ
968 622 1066 691 τὴν
1116 625 1213 677 τοῦ
1263 622 1573 692 θαυμαστοῦ
1623 616 1826 686 Κυρίλ-

183 715 280 771 λου
310 714 452 785 λέξιν
491 720 753 789 παρῆγεν,
810 713 959 783 ἡμᾶς
1016 730 1074 764 τε
1128 708 1412 769 κάκείνους
1460 708 1596 761 κατὰ
1640 706 1701 759 τὸ
1732 704 1825 779 ἐγ-

182 809 395 881 χωροῦν
442 798 906 877 συμϐιὸάζουσαν,
963 802 1065 868 τὴν
1107 823 1135 851 ‹‹
1167 799 1242 855 Τὸ
1285 797 1336 868 ἐξ
1388 796 1591 874 ἀμφοῖν
1624 796 1828 849 οὐσιω-

184 896 286 958 δῶς
346 896 614 971 ὑπάρχον,
661 893 934 948 τουτέστιν
987 891 1044 945 ἐκ
1092 890 1299 964 Πατρὸς
1350 886 1417 942 δι’
1466 888 1636 953 Τὶοῦ,
1677 910 1702 935 »ι
1752 885 1828 946 ὡς

184 986 399 1041 ἐκείνων
434 984 527 1056 μὲν
560 982 801 1057 ἐχόντων
843 980 942 1047 τὴν
994 979 1072 1047 έκ,
1120 981 1281 1049 ἡμῶν
1329 975 1386 1032 δὲ
1432 978 1531 1045 τήν
1578 973 1687 1042 διὰ,
1737 974 1827 1028 καὶ

184 1074 382 1151 ἀμφοῖν
424 1072 629 1126 τούτων
681 1070 884 1125 ἐκεῖνον
944 1062 1318 1141 συμϐιϐαστὴν
1369 1066 1632 1141 γίνεσθαι.
1683 1067 1829 1120 Ταῦ-

180 1182 239 1215 τα
268 1159 577 1216 καὶπολλὰ
605 1163 711 1213 τῶν
768 1156 1033 1212 τοιούτων
1084 1152 1237 1226 ἰδὼν,
1292 1154 1381 1208 καὶ
1436 1153 1571 1227 πρὸς
1614 1151 1827 1212 τούτοις

180 1249 265 1304 τὸν
300 1248 466 1325 μέγαν
513 1249 763 1320 Μάξιμον
812 1246 983 1320 εὑρὼν
1045 1247 1440 1319 μαρτυροῦντα,
1494 1242 1545 1296 έν
1600 1245 1697 1311 μιᾷ
1721 1245 1828 1295 τῶν

181 1338 483 1393 ἐπιστολῶν
533 1337 667 1410 πρὸς
728 1337 1008 1412 Ῥουφῖνον
1087 1333 1222 1407 μετὰ
1291 1330 1477 1386 πολλά
1537 1329 1679 1384 οὕτω
1740 1328 1831 1383 λέ-

181 1447 363 1502 γοντα·
400 1452 427 1477 ‹‹
460 1428 547 1497 Ἐξ
593 1427 666 1479 ὧν
715 1423 814 1478 οὐκ
861 1422 1032 1478 αἰτίαν
1084 1427 1215 1496 σφᾶς
1264 1422 1354 1476 τὸν
1410 1422 1685 1492 Μονογενῆ
1734 1423 1831 1473 τοῦ

181 1515 494 1588 Πνεύματος
525 1510 804 1585 ἀπέδειξαν
836 1510 1034 1587 λέγειν,
1094 1508 1237 1565 ’ἀλλ’
1286 1509 1379 1563 ’ίνα
1434 1509 1497 1563 τὸ
1543 1506 1611 1562 δι’
1668 1508 1831 1562 αὐτοῦ

181 1615 431 1678 προϊεναι
458 1600 754 1672 δηλώσωσι
784 1601 875 1655 καὶ
918 1599 1086 1673 ταύτῃ
1128 1598 1193 1653 τὺ
1246 1598 1473 1672 συναφὲς
1519 1596 1609 1651 καὶ
1658 1597 1830 1668 ἀπαρ-

181 1693 458 1748 άλλακτον
513 1698 613 1760 τῆς
677 1691 867 1753 οὐσίας
922 1689 1360 1763 παραστήσωσιν.
1401 1710 1427 1736 ››
1481 1683 1734 1739 ἀδύνατον
1787 1683 1833 1737 δ’

181 1783 313 1837 εἶναι
354 1781 447 1835 καὶ
498 1783 596 1834 τοῦ
662 1778 903 1854 μεγάλου
963 1775 1279 1833 Ἀθανασίου
1332 1777 1656 1845 κατήκουεν,
1686 1774 1736 1829 έν
1763 1777 1832 1847 τῇ

1930 619 2073 690 ρεῦσι
2108 620 2190 690 [Ρ.
2233 620 2359 690 261]
2419 619 2666 689 πολὺςῆν
2733 619 3028 692 ἐμπίπτων
3079 623 3169 675 καὶ
3250 623 3590 697 καταναγκά-

1934 708 2038 772 ζων
2072 708 2187 816 ἐπήν
2238 708 2452 783 πρᾶξιν,
2511 706 2943 783 ἐγχρενιζόντων
3012 709 3101 764 καὶ
3185 708 3396 783 μᾶλλον
3472 716 3579 767 τῶν

1932 812 2206 866 πρεσοεων
2218 840 2230 853 .

1936 955 2016 1024 ιζ’.
2078 955 2208 1029 Περὶ
2272 958 2378 1008 τῶν
2412 955 2879 1033 μᾶποκρισιαρίων-
2940 961 3036 1012 τοῦ
3117 958 3410 1033 βασιλέως,
3489 962 3582 1017 καὶ

2211 1032 2311 1096 τῆς
2341 1031 2439 1081 τοῦ
2479 1028 2826 1103 πατριάρχου
2857 1028 3290 1104 ἀποχωρήσεως.

2005 1152 2094 1212 Ὠς
2133 1155 2260 1225 γοῦν
2319 1151 2409 1206 καὶ
2470 1148 2548 1206 ἔτι
2607 1153 2910 1227 ἆνήρτηντο
2962 1153 3028 1208 τὰ
3086 1160 3183 1208 τοῦ
3239 1156 3585 1231 πράγματος,

1932 1239 2022 1294 καὶ
2054 1240 2119 1308 ἦν
2173 1238 2374 1315 ἀνάγκη
2433 1235 2684 1312 πρέσϐείς
2746 1244 3047 1315 πέμπεσθαι
3095 1243 3178 1317 ἐφ’
3208 1243 3253 1317 ᾧ
3284 1251 3407 1319 παρ’
3460 1245 3592 1299 ὲκεί-

1932 1350 2038 1382 νων
2071 1329 2133 1383 τὸ
2164 1328 2401 1406 ἀσφαλὲς
2453 1328 2720 1406 γενέσθαι,
2774 1332 2846 1392 ὡς
2894 1330 3131 1386 ἐντεῦθεν
3183 1335 3259 1405 μή
3318 1332 3592 1387 ὑποπτεύ-

1936 1438 2011 1472 ειν
2066 1419 2157 1472 τόν
2215 1416 2463 1473 κίνδυνον
2523 1418 2880 1494 ὑποταγέντας
2943 1425 3011 1494 τῇ
3078 1426 3186 1475 τῶν
3243 1423 3587 1491 Ἐκκλησιῶν

1936 1506 2213 1580 πρωτίστη
2267 1508 2354 1561 καὶ
2416 1503 2523 1575 ἤδη
2582 1508 2839 1581 γνησίους
2909 1507 3119 1577 ἐκείνης
3170 1509 3589 1581 νομιζομένους,

1936 1592 2249 1668 ἐξελέγοντο
2304 1595 2399 1668 μὶν
2450 1596 2500 1648 οἱ
2549 1590 2820 1670 πρέσϐεις,
2868 1598 2919 1650 o't
2974 1595 3021 1651 δ’
3072 1598 3207 1666 ἦσαν
3242 1599 3598 1674 ὁπροπατρι-

1937 1683 2205 1758 αρχεύσας
2263 1684 2535 1757 Γερμανὸς
2602 1685 2690 1738 καὶ
2754 1686 2780 1737 6
2842 1684 3069 1747 Νικαίας
3147 1688 3445 1763 Θεοφάνης,
3503 1688 3594 1742 καὶ

1937 1776 2043 1825 τῶν
2085 1771 2466 1846 συγκλητικῶι
2522 1774 2548 1826 6
2597 1774 2765 1846 μέγας
2818 1773 3120 1849 λογοθέτης
3170 1776 3597 1848 Ἀκροπολίτης,

178 1878 273 1940 τῆς
304 1867 546 1945 Τριάδος
576 1870 720 1941 τάξει
761 1868 824 1923 τὸ
878 1872 1095 1939 Πνεῦμα
1143 1866 1499 1941 γινώσκεσθαι
1554 1866 1629 1937 μή
1663 1884 1830 1936 προο-
1863 1862 1967 1953 B6
2024 1863 2444 1935 προκαθήμενος
2500 1866 2597 1916 τοῦ
2664 1863 2974 1937 βεστιαρίου
3036 1858 3355 1933 Πανάρετος,
3414 1865 3503 1920 καὶ
3562 1868 3590 1920 ὁ

181 1957 346 2021 δικῶς
380 1958 408 2013 ὃ
450 1957 509 2013 ἐκ
536 1962 669 2014 Θεοῦ
720 1956 787 2012 δι’
832 1958 985 2028 Υἱοῦ,
1036 1954 1181 2010 ἀλλᾶ
1227 1958 1554 2025 ποιητικῶς,
1607 1955 1681 2014 ὡς
1737 1952 1829 2007 λέ-

180 2070 357 2123 γουσι.
416 2047 649 2109 Τούτοις
703 2068 762 2101 τε
812 2046 901 2101 καὶ
955 2052 1071 2108 τοῖς
1124 2043 1401 2105 τοιούτοις
1449 2044 1835 2118 συγ-κροτηθεὶς

182 2141 292 2193 οἷον
329 2138 359 2192 6
393 2136 594 2199 Βέκκος
637 2136 718 2214 ἐφ’
769 2135 815 2208 ᾧ
869 2137 968 2204 τὴν
1030 2132 1169 2189 ἰδίαν
1222 2136 1541 2209 (θεραπεῦσαι
1587 2130 1834 2201 συνείδη-

183 2249 285 2297 σιν,
321 2224 646 2281 ὑπεκλίνετο
676 2226 813 2299 πρὸς
858 2224 1104 2299 εἰρήνην.
1156 2222 1258 2280 Καὶ
1309 2223 1337 2276 ὁ
1390 2220 1641 2297 βασιλεὺς
1690 2219 1838 2275 πολ-

182 2313 284 2387 λὴν
312 2316 556 2379 ἐντεῦθεν
605 2308 878 2387 ἐλάμϐανε
924 2314 1024 2381 τήν
1077 2311 1277 2388 ῥοπὴν,
1334 2309 1582 2383 πολέμου
1623 2308 1680 2364 δὲ
1708 2310 1835 2364 τοὺς

187 2404 496 2483 ἐφεστῶτας
552 2404 643 2458 καὶ
701 2400 905 2475 α’ίματα
974 2400 1391 2477 ἐκχυθησόμενα
1445 2396 1839 2473 προϐαλλόμε-

184 2516 293 2567 νος,
326 2494 488 2567 ὅμως
516 2490 574 2549 δὲ
614 2490 665 2547 έν
717 2492 951 2571 ἀσφαλεῖ
1001 2492 1176 2564 μένειν
1227 2488 1499 2564 πράξαντα
1544 2490 1691 2564 παρά
1731 2492 1836 2543 τῶν

178 2710 299 2768 haec
313 2712 542 2768 Vaccus
558 2710 725 2767 lectis
746 2710 1073 2775 libris,cum
1096 2710 1155 2764 in
1183 2709 1251 2765 iis
1269 2709 1634 2766 observasset
1651 2706 1839 2763 multa

181 2818 317 2875 qua,
338 2801 791 2857 conventionem
826 2799 1208 2855 Ecclesiarum
1242 2799 1428 2854 multo
1452 2813 1630 2870 quam
1664 2800 1837 2869 puta-

178 2895 267 2943 rat
322 2889 749 2962 expeditiorem
810 2889 1208 2956 ostenderent,
1251 2889 1467 2959 quippe
1515 2903 1649 2941 cum
1702 2885 1838 2940 inde

184 2981 488 3033 constaret
522 2994 820 3033 summam
865 2977 1105 3032 demum
1141 2976 1355 3049 peccati
1406 2975 1742 3031 Latinorum
1779 2975 1835 3029 in

180 3067 594 3123 additamenta
626 3067 784 3122 verbi
811 3067 987 3122 unius
1019 3066 1089 3121 ad
1129 3065 1473 3137 Symbolum
1498 3068 1838 3130 consistere,

179 3160 235 3210 et
273 3156 441 3228 quod
494 3156 711 3228 dogma
760 3155 957 3226 ipsum
1008 3155 1317 3222 attinebat,
1350 3158 1606 3209 exstaret
1654 3153 1839 3209 sancti

179 3245 381 3317 Cyrilli
408 3244 1009 3325 testimonium,quod
1038 3261 1143 3299 nos
1165 3248 1222 3298 et
1241 3242 1372 3298 illos
1394 3243 1453 3298 in
1478 3243 1587 3297 hoc
1606 3242 1839 3313 quidem

178 3334 377 3405 capite
412 3331 789 3397 conciliabat,
824 3332 967 3387 illud
1010 3332 1292 3387 nimirum
1326 3348 1441 3404 quo
1473 3337 1712 3387 sanctus
1745 3330 1844 3387 ille

180 3420 390 3477 doctor
412 3421 498 3476 ait
516 3420 799 3493 Spiritum
824 3424 1093 3476 sanctum
1120 3419 1587 3477 substantialiter
1606 3437 1673 3475 ex
1695 3422 1841 3476 duo-

179 3510 293 3565 bus
324 3509 645 3579 exsistere,
676 3509 787 3565 hoc
816 3514 905 3565 est
933 3526 1001 3565 ex
1046 3509 1210 3565 Patre
1243 3526 1345 3582 per
1377 3509 1595 3564 Flium:
1631 3513 1696 3564 ut
1716 3510 1843 3581 jam

173 3602 300 3654 tota
330 3598 746 3655 controversia
772 3598 831 3653 in
853 3598 1188 3671 praepositio
1201 3597 1434 3654 nculam
1458 3598 1843 3671 redigeretur,

180 3704 403 3761 nempe
454 3689 746 3744 ambobus
791 3705 954 3760 aeque
1010 3688 1469 3760 agnoscentibus
1524 3688 1649 3743 Filii
1709 3704 1843 3743 cum

174 3777 346 3834 Patre
377 3778 443 3833 in
481 3776 806 3849 spiratione
838 3778 1221 3845 consortium,
1256 3794 1387 3832 cum
1432 3778 1539 3833 hoc
1572 3777 1694 3832 solo
1726 3777 1843 3833 dis-

172 3868 431 3924 crimine
468 3868 630 3940 quod
666 3867 849 3922 Laiini
882 3885 949 3923 ex
973 3868 1329 3937 Filio,Grazci
1358 3883 1459 3939 per
1485 3866 1690 3921 Filium
1720 3884 1846 3938 pro-

172 3958 381 4012 cedere
406 3956 707 4029 Spiritum
733 3957 1020 4024 dicerent;
1046 3974 1173 4029 qua:
1193 3973 1369 4029 parva
1392 3960 1515 4011 erat
1540 3960 1597 4012 et
1626 3955 1847 4010 nullius

171 4046 470 4102 momenti
508 4045 864 4110 differentia,
895 4046 1042 4101 nihil
1086 4044 1404 4117 prohibens
1437 4046 1756 4117 quominus
1789 4045 1846 4099 in

170 4152 421 4191 summa
450 4135 757 4207 dogmatis
800 4136 1133 4191 consentire
1185 4134 1455 4190 Ecclesia:
1488 4135 1846 4190 viderentur.

175 4225 293 4291 llis,
310 4225 607 4297 inquam,
624 4228 683 4280 et
705 4223 908 4279 multis
921 4223 1213 4295 ejusmodi
1229 4224 1851 4280 consideratisVeccus

171 4314 425 4387 insuper
456 4313 694 4370 invenit
742 4314 901 4369 aliud
936 4315 1007 4369 ad
1039 4330 1166 4369 eam
1220 4330 1342 4368 rem
1398 4313 1655 4387 palmare
1686 4313 1851 4368 testi-

173 4404 447 4460 monium
487 4403 686 4460 sancti
714 4402 953 4458 Marimi
979 4403 1035 4458 in
1062 4402 1309 4475 epistola
1333 4404 1402 4458 ad
1430 4403 1731 4466 Ruﬁnum.
1752 4402 1851 4457 ubi

171 4498 297 4562 post
329 4492 542 4548 multa
573 4492 660 4548 sic
693 4491 899 4548 scribit
923 4508 974 4546 τι
999 4492 1078 4547 Ex
1101 4493 1319 4563 quibus
1349 4509 1461 4547 non
1496 4492 1851 4564 principium

170 4596 228 4636 se
259 4581 675 4655 Unigenitum
707 4580 960 4651 Spiritus
1001 4581 1382 4636 ostenderunt
1413 4580 1623 4646 dicere,
1660 4581 1755 4634 sed
1793 4584 1857 4634 ut

168 4686 267 4740 per
295 4672 515 4744 ipsum
557 4670 874 4743 procedere
904 4669 1327 4742 signiﬁcarent,
1352 4674 1408 4725 et
1438 4686 1469 4725 e
1500 4670 1727 4724 ratione
1758 4686 1858 4725 co-

170 4757 505 4817 haesionem
546 4758 968 4832 inseparabilis
1000 4760 1346 4815 substantiae
1367 4760 1808 4815 constituerent.
1829 4783 1850 4811 ι

170 4850 479 4907 Suadebat
520 4830 1039 4905 idem—auctoritas
1073 4849 1270 4921 magni
1303 4848 1609 4904 Athanasii
1639 4850 1856 4905 diserte
1888 4830 1932 4895 D

171 4939 543 4996 afflrmantis
580 4937 707 4993 ﬁeri
755 4954 868 4994 non
915 4954 1085 5009 posse
1116 4943 1181 4993 ut
1212 4940 1267 4993 in
1305 4939 1605 4994 Trinitatis
1654 4938 1857 4993 ordine

171 5026 427 5099 Spiritus
464 5031 925 5102 agnosceretur,
951 5028 1105 5084 884
1129 5028 1274 5100 quin
1298 5044 1363 5083 ex
1386 5028 1502 5083 Deo
1526 5044 1628 5099 per
1645 5027 1857 5083 Filium

172 5135 280 5173 non
324 5117 757 5192 progressive,
779 5116 880 5172 sed
913 5117 1254 5184 efﬁcienter,
1278 5122 1342 5173 ut
1380 5118 1724 5189 loquuntur,
1759 5134 1861 5173 ex-

173 5207 427 5266 sisteret.
460 5208 576 5265 [lis
640 5206 880 5261 tandem
931 5211 990 5262 et
1040 5206 1251 5262 horum
1285 5205 1581 5262 similibus
1640 5210 1859 5261 attento

174 5298 487 5370 perpensis
525 5296 762 5373 Vaccus
810 5294 971 5350 omni
1014 5296 1140 5367 jam
1191 5301 1459 5368 exempto
1491 5295 1859 5351 conscientia:

173 5387 476 5462 scrupulo,
510 5391 696 5442 totus
744 5385 816 5439 ad
867 5400 1066 5456 pacem
1124 5385 1545 5457 propendebat.
1579 5385 1714 5449 Qua:
1767 5401 1859 5440 res

172 5492 377 5550 magno
430 5476 849 5534 incitamento
900 5474 1242 5547 imperatori
1288 5475 1396 5529 fuit
1438 5475 1505 5530 ad
1559 5474 1858 5547 inceptum

173 5569 535 5641 urgendum.
579 5566 741 5637 Ergo
782 5580 849 5620 eo
886 5563 1009 5634 jam
1045 5564 1323 5620 ﬁdentius
1354 5564 1483 5619 illas
1516 5564 1626 5619 sibi
1658 5563 1861 5621 solitas

174 5659 527 5715 formidines
596 5653 925 5727 allegabat,
976 5652 1260 5710 bellorum
1296 5654 1587 5721 videlicet,
1610 5654 1669 5710 ni
1721 5671 1858 5710 con-

174 5748 360 5805 cordia
391 5748 703 5811 iniretur,
726 5743 1196 5816 impendentium
1230 5744 1576 5817 cruorisque
1610 5744 1858 5800 funden-

1944 1951 2108 2026 μέγας
2142 1948 2533 2025 διερμηνευτής
2570 1950 2971 2027 Βεῤῥοπιώτης.
3002 1950 3068 2009 Ο’ί
3112 1950 3177 2021 δὴ
3211 1952 3299 2007 καὶ
3332 1953 3441 2008 ἀνά
3473 1954 3596 2028 μίαν

1938 2042 2164 2116 τριήρη,
2213 2040 2450 2100 ἐντεῦθεν
2508 2041 2597 2093 Λέν
2652 2041 2703 2094 οἱ
2747 2048 2845 2111 τῆς
2900 2039 3250 2110 Ἑκκλησίας,
3305 2042 3504 2097 ἐκεῖθεν
3538 2042 3595 2099 δὲ

1943 2129 2089 2198 πλὴν
2133 2132 2229 2183 τοῦ
2288 2128 2527 2203 μεγάλου
2588 2127 2883 2205 λογοΟέτου
2933 2132 2984 2184 οἱ
3046 2131 3104 2185 ἐκ
3142 2136 3239 2186 τοῦ
3302 2133 3592 2207 βασιλέως,

1944 2213 2200 2281 λαϐόντες
2230 2219 2518 2292 ἀνήγοντο,
2562 2218 2942 2295 ἐπιφερόμενοι
3000 2219 3088 2274 καὶ
3139 2219 3324 2276 πολλᾶ
3378 2227 3485 2277 τῶν
3519 2226 3595 2279 ἰε-

1948 2312 2054 2383 ρῶν
2112 2304 2302 2382 δώρων
2341 2352 2355 2376 ,
2415 2303 2614 2369 στολάς
2675 2306 2820 2381 λέγω
2876 2308 2967 2362 καὶ
3027 2308 3341 2383 κατάχρυσοι
3394 2313 3593 2366 εἱκονί-

1949 2418 2127 2471 σματα
2183 2397 2271 2451 καὶ
2334 2396 2557 2460 σύνθετα
2613 2394 2896 2470 πολύτιμα
2955 2402 3293 2471 θυμιάματα,
3346 2403 3480 2477 πρὸς
3541 2400 3600 2458 δὲ

1947 2487 2038 2541 καὶ
2115 2486 2214 2555 τήν
2282 2491 2380 2555 τῆς
2442 2484 2734 2555 ἐκκλησίας
2802 2484 3026 2557 ἒνὸυτήν
3095 2487 3153 2542 ἐκ
3212 2489 3599 2564 χρυσοπάστου

1947 2704 2029 2775 di,
2073 2704 2295 2759 addens
2345 2702 2568 2759 nullam
2619 2720 2748 2761 esse
2788 2721 3027 2761 causam
3071 2708 3191 2762 tam
3250 2710 3595 2767 necessaria;

1948 2794 2361 2867 prrscautionis
2391 2795 2749 2863 omittendae,
2769 2811 2899 2849 cum
2926 2796 3077 2866 quod
3105 2797 3173 2852 ad
3203 2801 3601 2869 praevertenda

1947 2888 2113 2940 tanta
2142 2884 2297 2939 mala
2328 2884 2650 2953 petebatur,
2676 2900 2942 2939 securum
2975 2884 3394 2957 innoxiumque
3424 2888 3597 2959 quid—

1948 2973 2083 3027 dam
2118 2976 2272 3028 esset
2294 2971 2520 3042 judicio
2545 2972 2952 3044 praestantium
2985 2972 3413 3046 theologorum,
3439 2981 3496 3031 et
3526 2980 3597 3033 ab

1950 3062 2109 3117 omni
2140 3063 2354 3117 erroris
2398 3066 2498 3117 aut
2546 3061 2728 3134 culpae
2760 3063 3016 3134 periculo
3063 3068 3375 3120 remotum.
3409 3066 3599 3130 Quare

1952 3150 2175 3206 multus
2206 3156 2330 3207 erat
2360 3152 2417 3206 in
2450 3151 2724 3207 instando
2752 3152 3062 3225 episcopis,
3096 3153 3285 3224 iisque
3316 3156 3474 3209 omni
3509 3173 3599 3211 c0-

1954 3246 2091 3296 natu
2123 3241 2508 3314 perurgendis
2553 3243 2623 3295 ad
2666 3242 2964 3312 negotium
3015 3243 3467 3311 conficiendum,
3499 3263 3595 3300 ex-

1954 3331 2360 3402 spectantibus
2382 3330 2453 3385 ad
2487 3330 2680 3401 ipsum
2714 3332 2813 3402 qui
2837 3332 3080 3386 aderant
3104 3348 3136 3386 a
3166 3332 3426 3389 Romano
3454 3351 3598 3406 pou-

1954 3419 2107 3475 tiﬁce
2150 3420 2377 3491 legatis,
2410 3423 2467 3474 et
2513 3420 2765 3475 reditum
2797 3420 3192 3476 ditl‘erentium
3227 3438 3328 3493 spe
3359 3424 3596 3479 tandem

1954 3508 2257 3565 obtinendi
2292 3510 2443 3579 quod
2479 3508 2775 3579 petebant.

2025 3599 2110 3652 17.
2144 3599 2217 3652 De
2248 3598 2439 3668 legati:
2468 3597 2816 3668 imperatoris
2844 3601 2896 3652 et
2926 3614 3138 3653 secessu
3165 3599 3524 3670 patriai-(lix.

2024 3687 2128 3742 Hic
2159 3691 2281 3742 erat
2312 3695 2447 3741 tunc
2475 3691 2669 3742 status
2704 3686 2918 3758 negotii
2951 3689 3278 3759 pendentis.
3313 3690 3435 3753 Quo
3466 3691 3602 3745 arti-

1953 3776 2083 3831 culo
2115 3792 2305 3831 rerum
2332 3777 2451 3845 jam
2487 3780 2783 3831 maturum
2817 3781 2990 3847 atque
3024 3778 3166 3833 adeo
3200 3780 3600 3835 necessarium

1951 3866 2140 3921 visum
2174 3870 2265 3921 est
2311 3864 2535 3938 legatos
2562 3867 2631 3920 ad
2667 3870 2880 3937 Papam
2917 3871 3151 3923 mutuos
3200 3868 3452 3937 mittere,
3489 3886 3604 3941 quo

1955 3955 2226 4010 videlicet
2246 3959 2410 4010 tanto
2433 3954 2698 4010 securius
2722 3956 3035 4010 formidata
3069 3957 3406 4012 Latinorum
3434 3975 3604 4030 cxpe-

1957 4044 2099 4101 ditio
2150 4044 2627 4116 suspenderetur,
2653 4048 2931 4115 praetextu
2966 4046 3090 4114 jam
3137 4046 3372 4118 dempto
3404 4047 3605 4103 Carolo

1958 4134 2186 4190 Graecos
2208 4135 2584 4206 oppugnandi
2622 4138 2685 4188 ut
2714 4134 3143 4204 schismaticos,
3169 4152 3420 4206 quorum
3454 4141 3611 4191 esset

1958 4224 2014 4279 in
2058 4223 2223 4278 Italia
2274 4222 2483 4295 legatio
2532 4223 2855 4278 Romanam
2916 4223 3230 4279 Ecclesiam
3281 4225 3607 4298 principem

1960 4312 2337 4369 ecclesiarum
2371 4312 2835 4384 agnoscentium,
2860 4317 2918 4369 et
2946 4313 3297 4385 obsequium
3332 4317 3609 4387 proﬁten-

1959 4404 2130 4473 tium,
2162 4420 2226 4457 ac
2268 4407 2333 4457 ut
2391 4419 2558 4458 suam
2611 4404 2719 4457 rite
2749 4404 3155 4457 venerantium
3206 4404 3505 4460 dominam
3553 4410 3612 4460 et

1963 4497 2231 4547 matrem.
2268 4490 2446 4546 Electi
2477 4507 2615 4562 ergo
2648 4490 2705 4545 in
2745 4491 2965 4563 legatos
2994 4491 3055 4546 hi
3087 4497 3246 4556 sunt,
3281 4492 3611 4550 Germanus

1964 4580 2057 4651 qui
2084 4580 2414 4651 patriarcha
2438 4580 2643 4649 fuerat,
2669 4584 2724 4634 et
2746 4580 3055 4652 episcopus
3076 4581 3277 4635 Nicaea;
3299 4582 3612 4655 Theopha-

1964 4687 2089 4735 nes,
2108 4675 2384 4741 praeterea
2406 4686 2473 4724 ex
2494 4669 2803 4724 senatoriis
2831 4686 3081 4741 magnus
3114 4669 3409 4741 logotheta
3442 4677 3615 4728 Acro-

1966 4759 2165 4832 polita,
2200 4774 2414 4830 prescs
2435 4757 2689 4813 vestiarii
2713 4763 3055 4824 Panaretus,
3079 4764 3134 4814 et
3156 4775 3408 4832 magnus
3440 4760 3615 4817 inter-

1966 4865 2098 4920 prcs
2130 4848 2485 4902 Berrbcsota.
2511 4848 2612 4901 His
2645 4848 2912 4902 triremes
2962 4849 3034 4902 ab
3084 4848 3440 4920 imperatore
3470 4851 3615 4906 datm

1968 4942 2107 4993 sunt
2140 4938 2265 4992 duae
2294 4955 2305 4991 :
2334 4954 2508 4992 unam
2548 4936 2644 5008 qui
2679 4953 2747 4991 ex
2791 4936 3048 4993 Ecclesia
3079 4944 3245 4993 erant
3271 4939 3447 4994 simul
3479 4956 3616 4996 con-

1966 5027 2343 5091 scenderunt,
2369 5026 2551 5081 altera
2586 5025 2729 5098 regii
2752 5025 3114 5081 vehebantur
3134 5033 3372 5099 excepto
3400 5045 3615 5101 magno

1966 5115 2285 5189 logotheta.
2311 5114 2656 5171 Extulerunt
2686 5121 2881 5170 autem
2934 5132 3131 5171 secum
3178 5117 3364 5172 multa
3395 5122 3452 5173 et
3482 5135 3617 5189 pre-

1968 5207 2117 5262 tiosa
2139 5205 2287 5262 885
2316 5203 2697 5277 supellectilis
2720 5221 2897 5260 sacrae
2926 5205 3099 5275 dona,
3122 5206 3322 5277 stolas,
3349 5207 3616 5279 inquam,

1968 5300 2024 5351 et
2042 5311 2249 5351 aureas
2266 5293 2509 5367 efﬁgies,
2526 5299 2651 5349 tum
2675 5296 3003 5367 composita
3023 5311 3091 5350 ex
3111 5295 3289 5351 variis
3311 5298 3619 5367 speciebus

1970 5389 2297 5441 aromatum
2332 5384 2588 5455 ingentis
2638 5385 2807 5456 pretii
2858 5383 3265 5457 thymiamata.
3296 5387 3376 5440 Ad
3414 5386 3535 5441 haec
3566 5392 3623 5441 et

1970 5473 2209 5544 majoris
2243 5473 2499 5528 ecclesiae
2524 5475 2770 5546 endyten
2795 5476 2913 5529 sive
2943 5479 3189 5545 tapetem
3220 5475 3443 5542 altaris,
3469 5478 3620 5531 rosei

1970 5564 2204 5627 coloris,
2228 5580 2368 5618 auro
2399 5562 2665 5630 illusum,
2696 5564 3016 5620 unionibus
3041 5562 3294 5620 insertis.
3326 5565 3491 5620 Hunc
3518 5565 3624 5620 im-

1970 5654 2463 5727 perator,quando
2486 5658 2573 5708 est
2594 5653 2965 5709 anathemate
2990 5654 3447 5722 solutus,divino
3472 5660 3622 5711 tem-

1970 5742 2065 5817 plo
2107 5746 2459 5814 sacraverat,
2490 5743 2711 5800 donum
2758 5760 2955 5800 revera
3003 5743 3104 5799 tali
3156 5760 3403 5813 persona
3434 5749 3489 5802 et
3519 5745 3624 5801 tali
