4212 6442
645 394 753 451 839

1946 387 2242 444 GEORGII
2279 387 2739 444 PACHYMRRA!

3947 391 4054 446 8ὶο

648 520 820 589 ὀξείας
877 515 967 572 διὰ
1017 516 1336 592 μαργάρων,
1386 513 1451 583 ἣν
1515 513 1542 568 ὁ
1604 510 1858 588 βασιλεὺς
1912 511 2282 587 προσενεγκὼν
2315 510 2555 584 Ατέρας
2614 508 2982 584 ἐπινεμησεως
3036 517 3154 582 τοῦ,
3209 515 3392 587 ,ςψπβ’
3447 513 3620 583 ἔτους,
3678 515 3934 590 κατέχων
3965 518 4054 569 καὶ

642 615 721 681 τῷ
753 609 878 680 θείῳ
905 608 1117 679 τεμένει
1153 603 1326 678 δῶρον
1381 599 1553 665 ὄντως
1603 600 1841 673 ἐπάξιον,
1894 600 2292 674 συγχωρούμε-

642 719 753 767 νος,
787 695 901 751 ἐπεὶ
934 695 1032 750 οὐκ
1086 693 1303 770 ἔφθασεν
1361 690 1542 768 ἑτέραν
1601 691 2016 763 εὐτρεπισθῆναι
2073 693 2153 760 τῷ
2199 709 2292 760 με·

641 787 798 862 γάλῳ
829 787 934 839 τῶν
970 783 1290 860 Κορυφαίων
1325 786 1457 852 ναῷ,
1507 777 1852 852 ἀνταλλαγήν
1909 783 2006 832 τοῦ
2063 778 2291 851 γινομέ-

641 897 734 931 νου
767 876 903 950 πρὸς
933 876 995 929 τὸ
1055 872 1110 927 ὃν
1169 875 1282 926 οἷον
1333 869 1687 942 ποιούμενος,
1748 863 1934 921 λαϐὼν
1994 865 2292 920 ἀπέστελλε

639 967 728 1020 καὶ
757 965 943 1033 αὐτὴν.
979 963 1045 1020 Οἱ
1081 963 1172 1034 μὶν
1208 960 1297 1016 οὖν
1333 961 1505 1022 οὕτως
1563 958 1888 1032 ἀναχθέντες
1938 955 2226 1012 ἀπέπλεον·
2263 957 2290 1010 ὁ

640 1055 696 1110 δὲ
730 1053 986 1130 βασιλεὺς
1019 1051 1133 1106 ἐπεὶ
1168 1048 1264 1105 οὒκ
1295 1051 1412 1123 εἶχε
1445 1049 1570 1123 ῥᾷον
1602 1048 1940 1121 ἀποσχέσθαι
1971 1051 2066 1101 τοῦ
2096 1067 2291 1122 πατρι-

636 1145 813 1218 ἀρχου
847 1141 1144 1215 (αντείχετο
1178 1141 1281 1215 γάρ
1316 1140 1389 1201 ὡς
1422 1136 1591 1198 λεπάς
1623 1136 1822 1211 πέτρας
1873 1135 2077 1190 ἐκείνου
2117 1133 2205 1189 διά
2232 1155 2291 1189 τε

630 1235 731 1301 τὴν
755 1233 845 1286 ἀπ’
879 1231 1082 1286 ἐκείνου
1116 1229 1464 1303 συγχώρησιν
1484 1227 1572 1280 καὶ
1603 1243 1700 1295 την
1735 1227 1871 1300 πρὸς
1904 1224 2106 1279 ἐκεῖνον
2139 1223 2254 1293 πλη
2278 1258 2289 1266 -

636 1320 920 1399 ροφορίαν.
971 1320 1045 1381 ὡς
1081 1319 1166 1372 ὑπ’
1199 1317 1347 1389 αὐτῷ
1378 1315 1812 1388 σωθησόμενος),
1867 1316 2132 1384 συνθήκας
2164 1335 2289 1366 ποι-

634 1418 771 1466 εῖται
809 1411 941 1482 μετὰ
962 1409 1061 1463 τοῦ
1095 1408 1438 1482 πανριάρχου
1474 1408 1558 1476 [Ρ.
1588 1407 1714 1478 262]
1758 1405 1831 1476 (οἱ
1861 1405 1960 1479 γὰρ
2013 1403 2288 1477 ἀρχιερεῖς

629 1501 720 1556 καὶ
782 1499 938 1574 μόγις
991 1495 1493 1567 καθυπεκλίθησαν)
1562 1493 1734 1554 οὕτως
1788 1491 2018 1567 ἐχούσας
2052 1536 2066 1561 ,
2127 1492 2284 1546 αὐτὸν

637 1590 730 1662 μὲν
782 1587 1062 1658 ἐξελθόντα
1110 1590 1206 1640 τοῦ
1264 1583 1660 1659 πατριαρχείου
1694 1582 1744 1636 ἐν
1776 1586 1844 1655 τῇ
1876 1589 1976 1650 τῆς
2024 1575 2284 1655 Ιῐεριϐλέ-

631 1700 770 1733 πτου
827 1679 1093 1745 καθῆσθαι
1157 1678 1297 1746 μονῇ
1333 1719 1346 1744 ,
1417 1674 1740 1745 σωζομένων
1800 1676 1906 1726 τῶν
1967 1669 2281 1744 προνομίων

630 1765 778 1838 αὐτῷ
807 1766 894 1820 καί
943 1787 1005 1840 γε
1062 1764 1545 1837 μνημονευομένου
1607 1761 1741 1815 κατά
1796 1762 1862 1814 τά
1916 1760 1978 1814 τὸ
2037 1760 2281 1828 σύνηθες,

632 1855 976 1910 ἀπελθόντων
1009 1852 1066 1908 δὲ
1095 1858 1202 1907 τῶν
1240 1847 1515 1925 πρέσϐεων
1551 1851 1594 1904 εί
1633 1851 1726 1922 μὶν
1776 1853 1810 1918 ἡ
1861 1849 2053 1922 πρᾶξις
2102 1850 2282 1902 ὁπωσ-
2315 1889 2361 1952 Β

632 1943 834 2015 δήποτε
889 1940 1277 2010 διακωλυθείη,
1339 1939 1496 1993 αὐτὸν
1549 1940 1638 1992 καὶ
1672 1937 1834 1991 πάλιν
1895 1939 2025 1992 εἶναι
2056 1937 2146 1990 τὸν
2178 1956 2280 1989 πα-

629 2037 904 2110 τριάρχην
938 2034 1014 2095 εἷς
1045 2033 1105 2086 τὸ
1137 2036 1528 2106 πατριαρχεῖον
1589 2027 1900 2100 ἀνελθόντα,
1934 2024 2024 2080 καί
2055 2047 2117 2100 γε
2152 2025 2284 2098 μετά

632 2131 739 2181 τῶν
798 2121 1098 2198 ἀρχιερέων
1162 2119 1456 2191 εἷρηνεῦειν
1496 2162 1509 2185 ,
1584 2116 1751 2190 μηδὲν
1795 2121 1901 2171 τῶν
1959 2115 2279 2188 συμϐάντων

634 2214 1120 2288 ὑπολογιζόμενον·
1179 2210 1223 2264 εἷ
1258 2208 1312 2263 δὲ
1345 2203 1584 2282 προϐαίη
1635 2209 1724 2260 καὶ
1775 2205 2022 2261 εὐοδοῖτο
2083 2205 2156 2266 εἷς
2186 2205 2280 2259 τέ-

632 2301 730 2366 λος
780 2303 841 2357 τὸ
872 2301 1155 2376 προτεθὲν,
1207 2298 1365 2353 αὐτόν
1417 2299 1509 2370 μὲν
1563 2296 1800 2350 ἐντεῦθεν
1851 2295 2083 2370 ἀργῆσαι
2129 2295 2281 2364 πάμ-

628 2415 757 2461 παν,
792 2390 961 2447 ἄλλον
997 2389 1053 2443 δὲ
1080 2390 1191 2444 ἄντ’
1222 2387 1386 2443 αὐτοῦ
1418 2387 1701 2455 ἐπιστῆσαι
1759 2389 1827 2458 τῇ
1875 2385 2174 2454 Ἑκκλησιᾳ
2205 2384 2280 2446 ὡς

631 2484 705 2556 μή
740 2485 958 2557 χωροῦν
1007 2478 1208 2533 ἐκεῖνον
1266 2479 1424 2544 εἶναι,
1456 2481 1571 2538 τοῖς
1624 2474 1807 2550 ὅρκοις
1865 2471 2276 2549 προκατειλημ-

629 2576 813 2645 μένον.
847 2574 1022 2624 Ταῦτα
1067 2568 1202 2642 πρὸς
1253 2563 1539 2635 ἀλλήλους
1598 2563 1931 2636 συνθεμένων
1965 2565 1992 2616 ὁ
2027 2563 2120 2635 μὶν
2171 2583 2276 2616 παι

623 2643 901 2735 τριάρχης
931 2643 1209 2721 κατελθὼν
1246 2656 1321 2718 εἷς
1361 2657 1459 2724 τήν
1515 2661 1612 2724 τῆς
1670 2648 2045 2725 ΙΙεριϐλέπτου
2106 2652 2278 2724 μονήν

624 2750 1000 2826 προσκαθίζει,
1059 2744 1310 2820 ἑνδεκάτῃ
1362 2744 1535 2818 μηνὸς
1594 2738 2092 2815 Ἑκατομϐαιῶνος,
2146 2738 2273 2795 δευ-

625 2963 972 3021 caeremonia
989 2961 1255 3034 dignum.
1273 2963 1589 3032 Receperat
1608 2963 1800 3014 autem
1827 2957 1994 3012 illum
2019 2959 2173 3029 apud
2195 2974 2275 3026 se,

623 3055 822 3112 animo
866 3052 1107 3109 curandi
1142 3057 1207 3108 ut
1239 3049 1454 3105 similis
1488 3050 1685 3104 formae
1737 3047 1888 3103 alius
1940 3049 2121 3117 fieret,
2153 3065 2185 3102 a
2216 3065 2277 3103 se

624 3161 838 3216 magno
879 3143 1210 3215 principum
1264 3139 1658 3210 apostolorum
1714 3136 1930 3208 templo
1964 3136 2272 3192 dicandus.

622 3232 939 3289 Occasione
975 3247 1141 3302 porro
1176 3229 1451 3283 invitatus
1491 3228 1594 3281 hac
1627 3226 2124 3297 proficiscentium
2156 3231 2274 3281 Ro-

623 3339 779 3379 mam
808 3322 1133 3393 legatorum
1157 3335 1289 3373 eum
1317 3317 1464 3390 ipsis
1487 3315 2271 3387 tradidit,compensaturum

624 3430 686 3468 se
718 3411 950 3466 abunde
1000 3409 1286 3480 recipiens
1331 3405 1618 3477 quidquid
1668 3404 2272 3467 ecclesiae,subtracto

622 3499 733 3553 isto
765 3498 813 3552 ei
848 3497 1069 3550 dudum
1116 3500 1276 3566 part0
1310 3492 1847 3563 donario,deperirc
1869 3491 2181 3546 videretur.
2208 3491 2274 3545 Et

620 3587 704 3642 illi
729 3587 967 3658 quidem
989 3586 1045 3639 in
1065 3585 1218 3640 hunc
1233 3585 1472 3638 modum
1489 3582 1789 3637 solverunt
1805 3579 2028 3636 Italiam
2047 3597 2269 3635 versus.

616 3679 687 3732 At
717 3677 1037 3749 imperator
1076 3673 1243 3730 avelli
1279 3690 1340 3728 se
1371 3690 1403 3727 a
1435 3671 1764 3744 patriarcha
1796 3671 1952 3725 haud
1988 3670 2154 3724 facile
2188 3672 2268 3724 fe-

618 3767 785 3823 rebat
818 3782 830 3820 :
866 3765 917 3820 ei
949 3764 1106 3819 enim
1153 3762 1405 3818 haerebat
1439 3767 1502 3816 ut
1534 3761 1693 3832 lepas
1730 3767 1922 3830 petras,
1956 3758 2041 3814 vel
2094 3776 2268 3814 sensu

618 3855 1068 3927 beneﬁcii,quod
1096 3853 1165 3908 ab
1191 3870 1255 3908 eo
1288 3868 1350 3907 se
1374 3851 1745 3906 meminisset
1774 3850 2143 3905 anathemate
2176 3866 2268 3903 so-

619 3946 836 4013 lutum,
868 3945 954 4000 vel
989 3943 1230 4014 antiquo
1266 3959 1374 3996 usu
1400 3947 1455 3996 et
1473 3958 1540 3996 ex
1571 3957 1636 3996 eo
1661 3945 1799 3995 nata
1820 3939 2036 3994 ﬁducia
2066 3937 2270 3993 salutis

620 4053 722 4107 per
768 4052 900 4090 eum
954 4033 1359 4104 assequendre.
1401 4033 1588 4095 Quare
1636 4030 1801 4084 illurn
1858 4028 2270 4099 quoquomodo

617 4140 920 4195 segregare
952 4141 984 4177 a
1025 4139 1205 4178 causa
1254 4121 1588 4176 schismatis
1639 4120 1887 4174 studens
1918 4118 2087 4189 (alios
2118 4119 2270 4172 enim

617 4213 924 4285 episcopos
960 4212 1016 4266 in
1050 4228 1216 4267 suam
1240 4212 1479 4265 tandem
1502 4211 1855 4265 sententiam
1892 4206 2271 4279 pertraxerat)

619 4303 892 4359 convenit
939 4302 996 4355 in
1048 4300 1169 4355 haec
1199 4317 1330 4354 cum
1366 4299 1485 4366 illo,
1520 4308 1582 4353 ut
1631 4297 2005 4369 patriarchali
2054 4295 2270 4370 palatio

619 4409 889 4464 egressus
950 4391 1340 4445 diversaretur
1398 4389 1456 4443 in
1518 4388 1831 4459 Periblepti
1893 4385 2268 4454 monasterio,

619 4483 795 4538 salvis
817 4481 867 4536 ei
894 4479 1272 4552 proventibus
1295 4485 1351 4533 et
1374 4479 1592 4534 honore
1616 4484 1896 4534 consueto
1921 4493 2271 4532 commemo-

620 4571 864 4627 rationis
898 4571 956 4624 in
987 4586 1172 4624 sacro.
1200 4569 1361 4631 Quod
1396 4570 1442 4623 si
1480 4585 1606 4640 qua:
1635 4586 1724 4623 res
1753 4569 2007 4622 obstaret
2041 4583 2111 4620 ne
2145 4582 2272 4636 pro-

616 4661 748 4716 fecti
782 4665 1022 4715 Romam
1075 4658 1248 4730 legati
1304 4658 1599 4729 negotium
1641 4659 2012 4723 conﬁcerent,
2056 4657 2268 4710 rediret
2298 4647 2346 4712 Β

613 4750 713 4805 ille
744 4751 801 4805 in
838 4748 1258 4821 patriarchales
1289 4748 1442 4802 mdes
1473 4753 1527 4802 et
1550 4765 1666 4802 sua:
1691 4752 1753 4802 ut
1780 4748 1942 4818 prius
1964 4745 2267 4817 dignitatis

616 4847 933 4912 usurparet
958 4838 1181 4904 munra,
1202 4843 1448 4909 tumque
1469 4837 1527 4892 in
1552 4838 2030 4892 communionem
2055 4835 2268 4906 recipe-

616 4935 704 4985 ret
727 4930 1055 5001 episcopos,
1081 4926 1226 4983 nihil
1258 4927 1375 4982 illis
1409 4944 1762 4982 succensens
1786 4927 1940 4999 quod
1973 4927 2031 4979 in
2065 4941 2264 4996 pacem

616 5036 749 5075 cum
780 5017 1000 5074 Latinis
1033 5018 1490 5073 consensissent.
1516 5018 1613 5071 Sin
1658 5022 1844 5089 ccepta
1873 5033 1941 5071 ex
1972 5020 2101 5072 voto
2136 5033 2264 5087 per-

616 5115 949 5182 agerentur,
983 5108 1095 5162 fixo
1149 5108 1276 5179 ipso
1329 5112 1597 5163 manente
1631 5108 1688 5162 in
1722 5107 2033 5177 rejecti;ne
2081 5106 2265 5177 pacis,

615 5199 832 5271 quippe
880 5197 972 5252 cui
1034 5199 1405 5268 acquiescere
1450 5197 1536 5251 fas
1584 5196 1696 5251 sibi
1745 5214 1860 5252 non
1913 5201 2146 5268 putaret
2194 5195 2264 5250 ob

602 5291 1039 5359 juramentum,
1072 5292 1197 5340 tum
1245 5302 1385 5341 sane
1418 5286 1728 5341 absisteret
1767 5286 2007 5354 honore,
2038 5286 2264 5340 locum-

612 5396 725 5448 que
773 5377 940 5432 alteri
990 5375 1264 5431 Ecclesiae
1299 5376 1418 5430 vice
1466 5376 1617 5430 386
1668 5377 1855 5447 ipsius
1901 5376 2265 5446 praeficiendo

611 5469 969 5522 concederet.
1024 5465 1124 5520 His
1175 5465 1330 5520 inter
1377 5467 1537 5536 ipsos
1588 5468 1885 5521 conventis
1936 5466 2268 5536 patriarcha

610 5560 668 5612 in
723 5555 1038 5627 Periblepti
1098 5557 1526 5611 monasterium
1578 5557 1849 5628 migravit
1901 5557 1994 5611 die
2047 5557 2109 5611 14
2163 5556 2266 5611 Ja-

616 5647 808 5703 nuarii
848 5646 1117 5702 secunda:
1169 5645 1506 5702 indictionis
1559 5647 1696 5701 anni
1743 5647 1904 5713 6782,
1939 5647 2137 5702 fruens
2185 5646 2267 5701 ibi

611 5739 899 5797 reditibus
936 5736 1060 5794 suis
1091 5736 1306 5794 annuis
1340 5736 1467 5794 sine
1501 5737 1911 5793 diminutione.
1947 5738 2041 5793 Sic
2073 5737 2265 5794 Eccle-

2398 601 2464 654 τά
2518 599 2681 653 αὐτοῦ
2735 602 3012 674 προνόμια
3068 602 3416 676 ἀναφαίρετα.
3477 602 3556 658 Τά
3599 600 3656 657 δὲ
3683 609 3783 670 τῆς
3817 601 4053 672 Ἐκκλη-

2401 689 2514 749 σίας
2545 683 2621 742 ἔτι
2654 687 2705 742 ἐν
2737 688 2949 764 γαλήνῃ
2989 691 3126 759 ἦσαν
3181 690 3328 759 πλην
3383 692 3491 744 τῶν
3553 698 3653 760 τῆς
3715 690 4052 760 Ἐκκλησίας

2396 775 2735 852 τεταγμένων
2773 777 2848 840 εἲς
2879 779 3173 853 ἄρχοντας.

2401 949 2488 1012 ιη’.
2561 940 2689 1015 Περῖ
2756 949 2856 1012 τῆς
2922 947 3020 997 τοῦ
3077 941 3356 1017 ,βασιλέως
3449 943 3584 1016 πρὸς
3649 941 3775 1006 τους
3840 943 4054 1015 κληρι-

3005 1015 3136 1077 κοῦς
3177 1017 3436 1091 ἀνάγκης.

2467 1138 2726 1200 Ἐκείνοις
2782 1139 2887 1214 γάρ
2945 1140 3034 1193 καὶ
3098 1139 3216 1194 λίαν
3273 1140 3526 1199 ὑπόπτως
3575 1140 3602 1193 ὁ
3634 1143 3845 1212 κρατῶν
3900 1142 4050 1214 εἶχεν

2396 1226 2469 1286 ὡς
2503 1225 2566 1279 οὐ
2601 1226 3026 1298 συνθησομένοις
3079 1224 3299 1301 ῥᾳδίως,
3353 1226 3442 1279 καὶ
3499 1224 3714 1296 μᾶλλον
3771 1225 4053 1288 πολλάκις

2394 1315 2582 1376 αὐτοῖς
2612 1313 2708 1368 τοῦ
2757 1315 2963 1370 Βέκκου
3023 1312 3412 1390 διαλεγομένου
3464 1314 3554 1368 καὶ
3586 1309 4053 1388 προϐαλλομένου

2392 1404 2458 1458 τά
2501 1408 2606 1457 τῶν
2666 1402 2829 1478 ἁγίων
2889 1403 3024 1478 ῥητὰ
3085 1405 3160 1475 μή
3207 1403 3552 1475 πειθομένοις
3617 1403 3868 1474 πάμπαν,
3905 1401 4056 1458 ἀλλὰ

2393 1490 2588 1562 δήλοις
2647 1489 2762 1546 οὖσι
2826 1493 2902 1564 μὴ
2959 1490 3446 1564 καταδεξομένοις,
3506 1491 3550 1546 εί
3610 1488 3896 1563 προῦαίη,
3958 1493 4055 1559 τὴν

2388 1585 2580 1656 πρᾷξιν
2635 1584 2792 1639 ’Ὀθεν
2836 1582 2925 1636 καὶ
2983 1583 3156 1645 αἰτίας
3214 1581 3693 1657 σφίσινόκρατῶν
3754 1579 4054 1637 ἐπλάττετο

2390 1673 2464 1736 ὡς
2493 1672 2628 1746 πρὸς
2658 1672 2816 1725 αὐτὸν
2845 1674 2943 1740 τήν
2977 1674 3112 1747 πρὸς
3145 1670 3392 1726 δουλείαν
3446 1671 3804 1749 ἀφηνιάζουσι
3849 1673 3945 1726 καὶ
3985 1673 4056 1735 ὡς

2389 1759 2711 1830 ὀνειδίζουσι
2742 1764 2837 1833 μὶν
2889 1762 3230 1838 ἀρχιερεῦσιν
3292 1762 3657 1833 ὑποκλιθεῖσι,
3713 1762 4053 1837 καταρωμέ-

2390 1871 2504 1912 νοις
2538 1848 2594 1904 δὲ
2630 1849 2842 1925 βασιλεῖ
2870 1854 3073 1905 τοιαῦτ’
3115 1851 3470 1924 ἀναγκάζοντι
3497 1851 3756 1926 γίνεσθαι.
3817 1850 4052 1923 Ἀμέλει

2391 1960 2478 1994 τοι
2536 1939 2623 1993 καὶ
2668 1941 2884 2013 πρῶτον
2939 1947 3070 2018 σφᾶς
3132 1940 3386 2003 θωπείαις
3448 1938 3699 2003 ὑπελθεῖν
3759 1937 3924 2016 ἔγνω,
3961 1942 4048 1994 καὶ

2393 2029 2806 2103 προσεκαλεῖτο,
2874 2031 2963 2084 καὶ
3039 2035 3342 2102 τιμητικῶς
3408 2032 3768 2107 προσεφέρετο
3857 2029 4052 2103 κύκλῳ

2391 2119 2606 2181 καθίσας
2663 2120 2753 2174 καὶ
2809 2121 2875 2174 τά
2934 2123 3138 2190 συνήθη
3198 2115 3674 2194 προϐαλλόμενος.
3729 2117 3890 2189 Μηὸε
3945 2122 4047 2193 γὰρ

2393 2210 2552 2284 χάριν
2587 2207 2760 2264 ἄλλου
2813 2210 3281 2284 πραγματεύεσθαι
3329 2211 3429 2278 τὴν
3486 2210 3706 2281 εἷ’ρήνην
3741 2209 3774 2277 ἢ
3807 2213 3908 2263 τοῦ
3940 2208 4049 2263 δει-

2390 2298 2514 2360 νοὺς
2570 2299 2850 2371 πολέμους
2906 2299 3245 2368 ἀνακοπῆναι
3310 2297 3401 2353 καὶ
3482 2298 3771 2370 Ῥωμαίων
3835 2297 4048 2371 αἵματα

2389 2390 2815 2463 περιποιηθῆναι
2883 2388 3279 2463 ἐκχυθήσεσθαι
3346 2387 3724 2442 κινδυνεύοντα
3764 2431 3778 2443 .
3849 2387 4051 2443 Μένειν

2390 2473 2446 2530 δὲ
2475 2477 2564 2530 καὶ
2615 2476 2779 2531 πάλιν
2831 2478 2928 2544 τήν
2992 2476 3321 2547 Ἐκκλησίαν
3375 2477 3836 2549 ἀκαινοτόμητον,
3904 2475 4055 2548 μηδὲ

2385 2570 2481 2620 τοῦ
2546 2566 2810 2640 τυχόντος
2877 2570 2958 2640 [Ρ.
3044 2569 3170 2638 263]
3266 2566 3757 2640 παροφθησομένου
3801 2607 3813 2620 .
3886 2565 4056 2639 Τρισῖ

2388 2653 2445 2709 δὲ
2528 2654 2844 2730 κεφαλαίοις
2938 2654 3029 2709 καὶ
3125 2650 3312 2727 μόνοις
3385 2655 3448 2709 τὸ
3540 2655 3677 2727 πρὸς
3741 2655 3841 2722 τήν
3940 2659 4052 2710 τῶν

2384 2745 2397 2762 ⁸
2427 2744 2699 2817 Ρωμαίων
2808 2741 3137 2815 Ἐκκλησίαν
3239 2742 3611 2817 πραττόμενον

3266 2568 3515 2644 παροφθη
3527 2587 3586 2620 σο
3597 2566 3757 2639 μένου
3801 2607 3813 2620 .

3540 2655 3677 2727 πρὸς
3741 2655 3841 2722 τήν

3716 2745 4056 2819 περιστήσε-

2386 2958 2482 3014 sisa
2515 2959 2748 3029 quidem
2795 2975 3007 3030 corpus
3040 2958 3098 3013 in
3133 2958 3384 3030 quadam
3433 2957 3862 3030 tranquillitate
3895 2962 4050 3028 erat,

2394 3066 2508 3104 non
2541 3049 2676 3104 item
2711 3048 2810 3120 qui
2843 3048 2892 3103 ei
2929 3053 3227 3119 praerant.

2497 3158 2581 3212 18.
2619 3159 2682 3214 Ut
2717 3158 3015 3228 imperator
3055 3173 3218 3226 quam
3258 3156 3437 3227 potuit
3466 3156 3943 3212 vehementissime

2957 3228 3188 3283 clericos
3240 3230 3463 3283 urserit.

2458 3318 2572 3372 Hos
2607 3317 2762 3372 enim
2809 3316 2976 3372 valde
3035 3323 3330 3386 suspectos
3390 3316 3644 3371 habebat
3695 3315 4052 3387 imperator,

2385 3408 2540 3462 haud
2576 3407 2743 3462 facile
2776 3423 3126 3463 assensuros
3157 3412 3498 3473 autumans,
3527 3405 3727 3474 utique
3759 3422 3894 3460 cum
3933 3408 4054 3461 dis-

2385 3497 2598 3552 serenti
2650 3495 2993 3568 plerumque
3046 3497 3198 3567 apud
3240 3513 3338 3551 eos
3372 3500 3576 3563 Vecco,
3610 3501 3666 3550 et
3696 3496 4053 3550 testimonia

2385 3595 2720 3641 sanctorum
2753 3586 3009 3655 Patrum,
3044 3586 3258 3655 quibus
3306 3586 3496 3640 fuerat
3544 3585 3667 3654 ipse
3712 3586 4050 3651 convictus,

2386 3677 2760 3748 proponenti,
2818 3692 2931 3730 non
2983 3675 3427 3745 acquieverant,
3478 3675 3578 3729 sed
3637 3675 3693 3727 in
3745 3677 4053 3729 sententia

2385 3766 2744 3836 perstabant,
2779 3782 2891 3836 prae
2944 3781 3005 3819 se
3058 3765 3306 3819 ferentes
3359 3780 3472 3819 non
3525 3768 3869 3833 accepturos
3915 3781 4050 3818 om-

2384 3857 2520 3910 nino
2553 3855 2949 3920 concordiam,
2983 3855 3029 3909 si
3062 3859 3408 3910 conventnm
3442 3855 3512 3908 de
3556 3853 3657 3907 illa
3687 3853 3855 3907 foret.
3890 3854 4052 3908 Hinc

2382 3947 2648 4001 irritatus
2681 3947 2954 4016 princeps
2994 3943 3554 4000 comminiscebatur
3584 3960 3714 4014 quae
3745 3942 3896 4014 ipsis
3931 3944 4047 3998 im-

2383 4036 2645 4107 pingeret
2687 4035 2965 4101 crimina;
3016 4034 3185 4105 quasi
3236 4032 3660 4104 subjectionem
3707 4032 3820 4104 ipsi
3871 4033 4048 4088 debi-

2384 4135 2500 4184 tam
2551 4129 2955 4196 detrectarent,
2999 4126 3537 4197 exprobrarentquc
3585 4125 3880 4197 episcopis
3938 4144 4053 4197 pa—

2381 4235 2503 4273 cem
2573 4218 3002 4288 probantibus,
3074 4215 3529 4286 imperatorique
3597 4215 4054 4282 maledicerent,

2381 4309 2533 4379 quod
2568 4324 2666 4362 eos
2707 4308 2766 4360 in
2810 4323 2977 4361 suam
3013 4305 3368 4360 sententiam
3416 4306 3710 4360 traxisset.
3745 4305 3921 4359 Prius
3956 4312 4052 4361 ta-

2382 4414 2512 4451 men
2562 4413 2736 4468 quam
2793 4396 2912 4450 hac
2963 4399 3414 4466 persequeretur
3456 4393 3750 4461 infestius,
3796 4395 4056 4450 blandis

2381 4504 2479 4542 eos
2510 4486 2900 4558 experiundos
2934 4483 3312 4540 suasionibus
3343 4483 3588 4554 putavit,
3620 4484 3668 4538 si
3701 4491 3904 4554 posset
3941 4487 4058 4542 de-

2379 4576 2580 4631 linitos
2627 4576 2933 4630 adducere.
2970 4574 3310 4629 Convocatis
3357 4573 3538 4645 igitur
3568 4573 3640 4628 iis
3671 4580 3727 4628 et
3774 4579 4059 4647 exceptis

2379 4665 2800 4738 perhonoriﬁce
2864 4665 3092 4719 medius
3151 4663 3464 4719 considens
3523 4663 3700 4718 solita
3757 4662 3861 4717 illa
3929 4667 4060 4721 sibi

2381 4761 2435 4812 et
2487 4756 2703 4827 sapius
2752 4767 2884 4809 ante
2939 4753 3190 4825 allegala
3234 4752 3602 4819 memoravit,
3636 4769 3750 4807 non
3807 4751 3932 4808 alia
3992 4773 4062 4812 se

2379 4844 2597 4901 moveri
2665 4860 2844 4900 causa
2908 4844 2974 4898 ad
3052 4843 3414 4898 tractandam
3478 4858 3679 4914 pacem
3750 4844 4061 4914 proﬁtens

2378 4952 2556 5007 quam
2607 4934 2939 4989 necessaria
2989 4931 3366 5004 precautione
3412 4931 3852 4987 imminentium
3917 4935 4060 4991 ine-

2376 5023 2714 5091 vitabiliter,
2750 5023 2863 5078 nisi
2913 5023 2983 5076 de
3027 5021 3127 5076 illa
3157 5020 3511 5091 conveniret,
3539 5020 3832 5077 bellorum
3883 5030 4065 5081 atro-

2378 5115 2556 5182 cium,
2590 5119 2644 5168 et
2678 5113 2770 5186 pia
2803 5111 3168 5184 parcimonia
3207 5111 3450 5166 Romani
3500 5111 3837 5182 sanguinis,
3861 5128 4059 5184 quem

2379 5205 2546 5260 aliter
2597 5202 3022 5258 immanissime
3081 5200 3447 5255 fundendum
3506 5198 3833 5271 periculum
3895 5218 4064 5273 prae-

2378 5311 2514 5349 sens
2555 5298 2730 5348 esset.
2764 5293 2845 5347 Ne
2894 5308 3064 5364 porro
3117 5289 3450 5345 dubitarent
3483 5288 3626 5360 quin
3683 5296 3816 5360 post
3857 5291 4058 5348 istam

2378 5400 2610 5456 quoque
2667 5399 2867 5454 pacem
2929 5397 3210 5436 mansura
3259 5379 3318 5433 in
3370 5385 3524 5434 statu
3578 5379 3855 5451 pristino,
3894 5383 4063 5440 citra

2379 5473 2558 5528 ullam
2635 5470 2918 5527 momenti
2997 5469 3239 5540 majoris
3305 5468 3826 5536 immutationem,
3893 5472 4060 5530 foret

2378 5562 2658 5619 Ecclesia.
2692 5562 2861 5618 Cordi
2914 5561 3021 5615 hoc
3069 5560 3181 5615 sibi
3232 5560 3381 5626 fore;
3435 5574 3540 5612 nec
3591 5558 3929 5630 quidquam
3995 5565 4061 5619 in

2380 5670 2446 5708 ea
2513 5669 2653 5708 cura
2729 5650 3131 5724 neglecturum
3214 5664 3344 5704 sese
3417 5652 3574 5703 certo
3651 5649 4058 5709 conﬁderent.

2380 5742 2596 5800 Tribus
2627 5743 2867 5798 demum
2922 5740 3065 5797 solis
3097 5737 3369 5812 capitulis
3401 5741 3589 5794 totum
3641 5737 3753 5796 hoc
3799 5758 4061 5802 concor-
