4242 6438
202 372 304 430 841

1272 370 1370 423 ΒΕ
1404 366 1773 421 MICHAELE
1810 366 2254 428 PALBOLOGO
2291 373 2427 428 LIB.
2469 375 2537 427 V.

3507 373 3616 427 842

201 508 345 564 σθαι,
378 493 633 568 πρωτείῳ
659 491 913 565 ἐκκλήτῳ
959 490 1048 547 καί
1100 489 1456 564 μνημοσῦνῳ,
1506 484 1578 540 ὦν
1626 484 1851 542 ἕκαστον
1880 493 1933 559 Α
1962 489 2086 564 περὶ
2140 493 2347 549 τούτων
2400 489 2511 549 ἔστι
2564 497 2752 571 καιρὸς
2802 495 3035 560 εὐθετεῖν
3089 496 3179 551 καὶ
3235 494 3615 571 πληροφορεῖν

200 584 361 647 εἴτις
404 578 644 657 ἀκριϐῶς
696 581 952 651 σκοποίη,
1000 580 1153 634 κενὸν
1200 578 1332 632 εἶναι
1385 575 1609 649 ἀνάγκη.
1644 600 1672 627 ‹‹
1722 575 1859 630 Πότε

200 674 303 747 γὰρ
335 673 422 726 καὶ
460 670 823 746 παρουσιάσας
872 670 901 724 ὁ
952 667 1175 728 πάπποις
1233 666 1547 739 προκαθίσει
1596 670 1703 719 τῶν
1758 663 1855 719 ἅλ-

203 760 315 815 λων
345 783 359 831 ;
393 760 532 814 Πότε
564 756 620 813 δὲ
649 779 759 812 τισι
803 758 894 812 καὶ
944 757 1166 820 ἐπέλθοι
1217 753 1371 823 δίκην
1417 752 1608 829 ’έχουσι
1655 752 1857 807 θάλασ-

205 872 297 904 σαν
343 849 613 918 τοσαύτην
662 848 927 916 ταμέσθαι
985 845 1075 899 καὶ
1123 845 1282 899 τόσον
1342 843 1711 916 ἀναμετρῆσαι
1769 843 1856 895 πὲ-

204 939 394 1013 λαγος,
454 937 534 1015 ἐφ’
591 936 636 1008 ᾧ
692 940 800 991 τῶν
856 936 1234 1007 νομιζομένων
1296 932 1577 1005 πρωτείων
1626 936 1815 1005 τυχεῖν
1838 950 1859 993 ,-

206 1029 269 1083 τὸ
330 1025 376 1081 δ’
433 1025 520 1080 ἐπὶ
552 1029 621 1098 τῇ
652 1027 895 1099 ἡμετέρᾳ
925 1023 1014 1077 καὶ
1074 1024 1212 1095 μόνῃ
1265 1020 1550 1090 ἐκκλησίᾳ,
1600 1021 1690 1073 καὶ
1737 1018 1858 1072 δευ-

204 1115 336 1191 τέρᾳ
365 1114 433 1190 τῇ
479 1115 597 1178 καθ’
648 1115 789 1186 ὑμᾶς
818 1112 908 1167 καὶ
944 1109 1185 1186 μεγάλῃ,
1224 1108 1316 1165 τὸν
1357 1110 1578 1163 πάππαν
1639 1129 1860 1180 μνημο-

205 1205 578 1267 νεύεσθαιτοῦ
621 1201 972 1277 πατριάρχου
1026 1196 1501 1273 λειτουργοῦντος,
1556 1197 1608 1250 τί
1664 1194 1726 1250 ἂν
1781 1201 1860 1267 τῷ

208 1295 357 1369 ὀρθῷ
414 1290 756 1367 προσσταίης
830 1290 1023 1351 πόσαις
1089 1287 1433 1360 οῗκονομίαις
1502 1286 1553 1340 οἱ
1634 1284 1862 1358 Πατέρες

204 1379 478 1455 πρὸςὸτι
529 1378 775 1454 γενέσθαι
837 1379 1109 1453 συμφέρον
1170 1377 1520 1451 ἐχρήσαντο;
1575 1375 1665 1428 καὶ
1733 1371 1862 1426 αὒτὸ

206 1470 268 1528 δὲ
316 1473 380 1525 τὸ
438 1471 528 1524 τὸν
589 1470 718 1523 Θεὸν
787 1463 1034 1541 γενέσθαι
1113 1464 1397 1540 ἄνθρωπον
1472 1464 1560 1518 καὶ
1635 1463 1860 1533 σταυρὸν

213 1562 506 1632 ὑπομεῖναι
564 1556 652 1611 καὶ
714 1556 939 1610 θάνατον
998 1552 1434 1623 καταδέξασθαι,
1494 1549 1680 1612 ἄλλως
1737 1547 1863 1604 ὄντα

207 1653 324 1719 Θεῷ
376 1648 616 1722 ἀπρεπῆ,
678 1644 722 1699 εἰ
781 1646 889 1717 μὴν
948 1642 1039 1697 καὶ
1070 1647 1185 1713 Θεῷ
1217 1641 1642 1713 συνειλημμένῳ
1675 1641 1861 1711 σώμα-

201 1758 282 1804 τι,
314 1736 444 1790 ἀλλ’
485 1735 574 1789 οὖν
635 1735 753 1788 κατ’
807 1731 1151 1803 οἰκονομίαν·
1186 1731 1286 1797 τήν
1343 1730 1600 1783 ἀνωτάτω
1654 1728 1861 1802 γέγονε,

201 1827 291 1879 καὶ
346 1823 453 1879 τῶν
516 1823 591 1895 μή
647 1821 966 1895 πρεπόντων
1027 1824 1144 1891 Θεῷ
1193 1818 1514 1895 σαρκοφόρῳ
1555 1816 1862 1892 γενομένων
1897 1847 1942 1910 Β

200 1920 348 1969 πᾶσα
395 1916 431 1982 ἡ
492 1910 791 1982 οἰκουμένη
854 1908 1135 1966 σὲσωσται.
1187 1908 1344 1965 Οὕτω
1404 1909 1598 1981 χρῆμα
1654 1908 1860 1978 θαυμα-

202 2004 328 2058 στὸν
386 2004 420 2072 ἡ
472 2000 780 2071 οἰκονομία.
832 1998 929 2053 Καί
987 2000 1039 2070 γ’
1097 1999 1261 2069 ἡμεῖς
1313 1992 1462 2070 εἷ’περ
1496 1994 1863 2067 οἷ’κονομικῶς

204 2094 298 2147 τὸν
348 2090 728 2165 ἐπηρτημένον
786 2085 1037 2142 κίνδυνον
1089 2087 1377 2162 φύγοιμεν,
1431 2084 1539 2158 οὐχ
1585 2084 1735 2146 ὅπως
1790 2082 1865 2145 εἷς

210 2180 480 2256 ἁμαρτίαν
540 2178 970 2254 λογισθήσεται,
1025 2175 1171 2230 ἀλλά
1226 2176 1316 2228 καὶ
1375 2170 1865 2250 προσαποόἐξονται

212 2274 264 2326 o'i
321 2272 573 2344 γνώσεως
630 2267 852 2342 ἀρίστης
908 2260 1201 2335 ἐπήϐολοι.
1254 2266 1435 2336 Ὑμεῖς
1491 2260 1570 2330 δὲ,
1602 2259 1731 2317 ἀλλ’
1788 2262 1861 2323 ὡς

209 2360 446 2431 ἀκούω,
504 2357 594 2413 καὶ
652 2359 930 2432 ἀρχιερεῖς
988 2355 1063 2415 εἰς
1121 2359 1283 2409 τοῦτο
1345 2351 1866 2426 συγκατανενὴαντας

208 2450 646 2525 ἀποστρέφεσθε,
712 2446 802 2500 καὶ
876 2446 976 2514 τήν
1033 2442 1365 2513 Ἐκκλησίαν
1424 2448 1681 2516 πειρᾶσθε
1735 2440 1865 2515 σχί-

215 2544 345 2609 ζειν,
402 2537 491 2592 καὶ
541 2539 700 2609 ἡμῖν,
728 2535 803 2597 ὡς
854 2531 1139 2603 ἤκουσται,
1173 2538 1496 2607 καταρᾶσθε.
1532 2530 1613 2587 Τά
1647 2530 1740 2603 μὲν
1772 2528 1864 2583 οὗν

216 2746 327 2800 dize
358 2761 492 2800 cum
532 2742 793 2799 Ecclesia
839 2742 1103 2797 Romana
1147 2739 1449 2811 negotium
1499 2739 1647 2794 387
1685 2737 1867 2793 conti-

218 2834 371 2903 neri,
398 2834 677 2905 primatu,
694 2830 1102 2902 appellatione,
1120 2828 1698 2885 commemoratione.
1719 2829 1870 2891 Quo-

221 2940 355 2977 rum
405 2920 893 2991 unumquodque,
938 2917 987 2971 si
1038 2917 1170 2987 quis
1220 2921 1374 2971 recte
1422 2915 1770 2983 consideret,
1815 2914 1872 2967 in

218 3027 438 3065 vanum
470 3010 769 3064 abiturum
803 3010 1101 3079 appareat.
1127 3006 1369 3069 Quando
1405 3004 1558 3060 enim
1594 3008 1875 3058 venturus

220 3096 793 3169 Constantinopolim
820 3113 969 3168 papa
990 3095 1279 3167 primatus
1300 3095 1470 3149 istius
1490 3093 1581 3149 sui
1602 3110 1665 3148 ac
1684 3092 1876 3164 praesi-

226 3190 440 3246 dentia:
474 3205 727 3259 praesens
762 3187 842 3242 sit
874 3186 1304 3257 possessionem
1338 3182 1650 3239 aditurus?
1694 3183 1872 3246 Quem

221 3289 418 3338 autem
447 3282 721 3350 putarent
743 3293 978 3332 causam
1009 3276 1095 3329 hic
1114 3275 1403 3330 dicentem
1429 3278 1876 3344 provocaturum

222 3375 494 3433 Romam,
527 3372 583 3422 et
632 3371 794 3421 tanto
842 3364 1145 3420 intervallo
1176 3364 1324 3419 vasti
1375 3363 1578 3433 maris,
1610 3362 1709 3417 lite
1740 3361 1877 3417 illuc

222 3458 531 3531 sequenda
552 3458 652 3523 jus
676 3473 742 3511 ex
766 3453 1171 3526 provocatione
1195 3454 1586 3524 cognoscendi
1609 3468 1880 3506 assensu-

224 3566 357 3605 rum
388 3552 650 3601 Romano
676 3544 976 3600 Pontifici?
1002 3543 1319 3597 Mumorari
1350 3546 1543 3597 autem
1568 3542 1783 3612 Papam
1818 3541 1878 3595 in

224 3643 430 3695 nostro
460 3635 738 3707 primario
784 3638 842 3689 et
892 3632 1267 3704 patriarchali
1315 3631 1557 3702 templo,
1592 3632 1648 3685 in
1700 3630 1881 3687 altero

229 3729 370 3783 item
411 3726 510 3780 illo
542 3728 733 3779 vestro
761 3739 994 3794 magno,
1018 3722 1202 3777 sacris
1225 3726 1502 3792 operante
1525 3719 1880 3792 patriarcha,

224 3818 367 3889 quid
429 3814 634 3886 utique
684 3830 717 3868 a
765 3817 920 3867 recto
970 3811 1307 3866 exorbitans
1360 3810 1539 3865 videri
1588 3810 1885 3882 sapienter

227 3904 668 3962 aestimantibus
725 3901 940 3974 queat?
986 3902 1072 3955 An
1133 3900 1274 3955 latet
1318 3900 1636 3971 prudentes
1688 3916 1881 3953 rerum

225 4011 406 4068 quam
426 3990 795 4064 obsequiosis
812 3990 1456 4046 accommodationibus
1480 3989 1887 4044 consueverint

229 4085 433 4139 Patres
457 4082 708 4136 libenter
740 4080 1027 4135 redimere
1051 4078 1318 4150 publicas
1343 4077 1663 4133 utilitates?
1679 4078 1883 4132 Exem-

227 4174 325 4247 plo
377 4172 585 4243 utique
634 4169 823 4241 ipsius
876 4167 1000 4233 Dei,
1049 4184 1163 4222 non
1218 4167 1525 4239 indignum
1580 4166 1886 4237 majestate

228 4280 340 4319 sua
372 4262 480 4317 rati
517 4258 961 4315 accommodare
993 4273 1120 4311 sese
1154 4255 1323 4312 nobis
1365 4272 1551 4328 usque
1581 4256 1649 4309 ad
1685 4272 1888 4311 susce-

230 4354 497 4427 ptionem
535 4348 808 4403 humanae
846 4352 1084 4413 naturai,
1110 4350 1168 4401 et
1199 4346 1255 4400 in
1289 4362 1355 4401 eo
1390 4345 1517 4417 ipso
1551 4350 1886 4400 nostrorum

230 4440 413 4498 simili
450 4442 760 4510 assumpto
813 4453 1053 4507 corpore
1107 4434 1538 4508 perpessionem
1593 4436 1782 4490 crucis
1837 4439 1893 4490 et

232 4530 466 4588 mortis.
525 4529 652 4592 Qua
719 4525 1146 4598 benignissima
1210 4542 1497 4596 suprema:
1556 4523 1891 4579 Divinitatis

1964 578 2053 632 καὶ
2106 580 2207 634 ἀνὰ
2266 582 2428 657 μέρος
2469 582 2962 662 πληροφορεῖσθαι·
3014 582 3137 640 οὔτε
3194 586 3301 661 γὰρ
3361 587 3495 656 ἡμῖν
3530 582 3616 637 εὖ·

1965 669 2164 743 πρεπὲς
2219 673 2422 726 τοιαῦτ’
2454 673 2686 745 ἀκούειν,
2747 672 2862 738 οὗθ’
2920 675 3046 746 ὑμῖν
3107 674 3343 752 ἀσφαλὲς
3392 676 3617 728 τοιαῦτα

1967 754 2140 829 λέγειν
2185 760 2276 813 καὶ
2322 756 2491 837 φόϐον
2519 757 2817 833 ἐμϐάλλειν
2872 761 3108 824 πολλοῖς
3164 763 3240 826 ὡς
3291 761 3353 817 οὐ
3414 760 3616 831 στησό-

1972 857 2106 917 μεθα
2137 850 2298 919 ἡμεῖς
2342 849 2427 903 ἐπὶ
2458 851 2692 916 τούτοις,
2744 850 2888 906 ἀλλά
2940 847 3387 924 προσϐιασόμεθα
3435 850 3515 928 ἐφ’
3570 851 3615 921 ᾧ

1965 937 2053 991 καὶ
2106 934 2214 1008 ἤθη
2246 938 2533 996 ἀλλάττειν
2567 942 2655 996 καὶ
2707 941 3001 1017 ὁμολογεῖν
3035 943 3109 1004 ὡς
3142 941 3338 997 ἐκεῖνοι
3370 941 3615 1016 λέγουσι.

1966 1026 2147 1080 Ταῦτα
2206 1025 2580 1105 πληροφορεῖν
2613 1030 2722 1084 ἔστι
2767 1032 2976 1105 καιρὸς,
3032 1031 3123 1085 καὶ
3180 1030 3612 1108 πληροφορήσο-

1972 1133 2088 1184 μεν,
2143 1113 2214 1167 Τὸ
2271 1112 2327 1169 δὶ
2383 1121 2475 1169 νῦν
2524 1117 2613 1171 καὶ
2671 1117 2879 1191 βουλῆς
2907 1125 3007 1187 τῆς
3036 1118 3087 1188 ἐξ
3120 1120 3269 1190 ὑμῶν
3302 1118 3613 1193 χρῄζομεν,

1968 1200 2058 1254 καὶ
2110 1200 2318 1276 λεγέτω
2346 1200 2570 1267 ἕκαστος
2603 1206 2632 1259 ὃ
2664 1207 2715 1259 oi.
2770 1203 2983 1275 δοκοίη⁸
3042 1207 3207 1279 μόνον
3267 1209 3342 1279 μὴ
3396 1210 3478 1277 τῷ
3531 1205 3617 1259 οὶ-

1969 1286 2102 1358 κείῳ
2133 1290 2425 1363 στοιχείτω
2481 1290 2751 1363 θελήματι
2806 1290 3146 1367 αὗταρεσκῶν
3181 1290 3456 1366 ἄντικρυς,
3489 1288 3617 1346 ἀλλ’

1969 1374 2421 1444 ἐκκλησιαστικὸς
2477 1378 2549 1431 ὥν
2591 1378 3058 1449 ἐκγλησιαστικῶς
3115 1380 3204 1434 καὶ
3266 1379 3495 1453 λεγὲτω.
3549 1377 3619 1433 Τὸ

1968 1463 2071 1537 γὰρ
2124 1470 2444 1540 κατεπεῖγον
2474 1463 2529 1520 ἓν
2580 1466 2712 1534 ἐστι,
2744 1467 2807 1521 τὸ
2840 1472 3021 1544 φυγεῖν
3055 1465 3301 1522 κίνδυνον
3335 1467 3621 1540 ἀναγκαῖον

1971 1551 2016 1605 εἰ
2048 1556 2218 1606 ταῦτα
2272 1556 2624 1628 πράττοιμεν.
2670 1556 2870 1613 Ὀπόσν
2927 1553 2986 1610 δὲ
3041 1560 3231 1623 τοῦτο,
3280 1557 3402 1619 καθ’
3459 1555 3619 1610 αὐτὸν

1968 1636 2194 1701 ἕκαστος
2225 1640 2420 1695 ἐννοῶν
2455 1641 2596 1697 οὕτω
2627 1644 2942 1722 προφερέτω
2971 1646 3070 1713 τήν
3113 1644 3361 1718 γνώμην,
3392 1644 3467 1705 ὡς
3499 1645 3623 1697 ἄνευ

1973 1727 2184 1782 ἐκείνου
2216 1728 2329 1784 οὗθ’
2359 1733 2496 1803 ἡμῖν
2529 1734 2750 1801 κινητὲα
2784 1738 2952 1788 ταῦτα
2981 1733 3071 1787 καὶ
3102 1733 3229 1805 ὑμῖν
3260 1734 3323 1788 τὸ
3348 1733 3473 1806 περὶ
3502 1731 3624 1786 τού-

1972 1838 2078 1871 των
2113 1814 2257 1880 ὅλως
2292 1826 2513 1874 σκοπεῖν
2560 1821 2840 1892 ἀνόνητον.
2874 1844 2902 1872 ››
2952 1821 3184 1884 Τούτοις
3229 1821 3320 1876 καὶ
3349 1820 3621 1883 τοιούτοις

1974 1906 2179 1980 ὲτέροις
2224 1912 2318 1962 τοῦ
2374 1908 2642 1982 βασιλέως
2685 1908 3296 1985 καταδημαγωγοῦντος
3340 1911 3467 1972 τοὺς
3524 1917 3621 1979 τῆς

1977 1993 2305 2065 Ἐκκλησίας
2356 1996 2692 2072 προέχοντας
2725 2044 2738 2067 ,
2799 1998 2991 2053 ἐκεῖνοι
3034 1999 3125 2053 καὶ
3182 2000 3420 2072 ἀπρεπὲς
3476 2000 3624 2075 σφίσι

1974 2086 2303 2159 καταρᾶσθαι
2336 2091 2415 2157 τῷ
2444 2088 2661 2161 βασιλεῖ
2689 2088 2778 2141 καὶ
2810 2085 2998 2150 ἄλλως
3021 2085 3347 2149 κινδυνῶδες
3363 2089 3620 2163 ἡγοῦντο,

1975 2172 2064 2225 καὶ
2113 2171 2336 2244 πάμπαν
2399 2173 2447 2246 ἐξ
2506 2173 2673 2243 αὐτῆς
2718 2175 3079 2249 ἀπηρνοῦντο,
3128 2178 3217 2246 [Ρ.
3248 2178 3377 2250 264]
3436 2175 3526 2230 καί
3566 2197 3627 2252 γε

1975 2266 2109 2337 σφᾶς
2166 2262 2303 2333 πρὸς
2358 2263 2627 2336 τιμωρίας
2682 2263 2916 2335 ἑτοίμως
2977 2261 3249 2332 ἐδίδοσαν,
3300 2264 3345 2319 εἰ
3403 2263 3625 2334 ἀληθῶς

1974 2347 2320 2426 ἐλέγχοιντο.
2372 2352 2446 2408 Τὸ
2481 2349 2537 2407 δὲ
2575 2352 2713 2428 πρὸς
2768 2352 2899 2415 τοὺς
2949 2356 3226 2429 ἀρχιερεῖς
3282 2351 3627 2431 διαφέρεσθαι

1980 2441 2055 2510 μὴ
2115 2441 2246 2494 εἶναι
2294 2445 2402 2495 τῶν
2461 2443 2764 2498 ἀπεικότων
2811 2440 2998 2520 ἔλεγον
3035 2460 3048 2476 ⁸
3104 2440 3481 2517 διισταμὲνους
3523 2442 3626 2520 γὰρ

1972 2532 2093 2590 ταῖς
2151 2529 2371 2606 πράξεσι
2429 2531 2554 2595 τοὺς
2611 2532 2811 2609 λόγους
2870 2532 3142 2596 ἐναντίους
3188 2539 3462 2599 ποιεῖσθαι
3517 2538 3627 2590 τῶν

1980 2736 2262 2806 plicatum
2295 2739 2503 2795 notitia
2538 2744 2790 2797 constet.
2816 2741 3014 2812 Neque
3044 2742 3197 2797 enim
3234 2742 3376 2798 talia
3405 2743 3492 2798 vel
3525 2759 3631 2800 no-

1981 2826 2072 2880 bis
2120 2826 2322 2881 audire
2353 2828 2627 2885 decorum
2680 2834 2769 2885 est
2818 2830 2970 2886 888
3002 2830 3089 2886 vel
3139 2831 3301 2887 vobis
3353 2848 3629 2889 securum

1983 2913 2162 2984 loqui,
2194 2921 2251 2969 et
2282 2916 2493 2972 falsum
2525 2917 2786 2974 incutere
2817 2917 3033 2991 populo
3068 2920 3494 2990 metum,quasi
3524 2937 3631 2977 nos

1985 3003 2237 3060 ulterius
2266 3022 2444 3077 quam
2480 3007 2867 3077 praeterimus,
2895 3008 3081 3064 simus
3112 3010 3170 3063 in
3204 3008 3313 3065 hoc
3344 3009 3506 3081 pacis
3538 3025 3635 3065 ne-

1986 3094 2143 3165 gotio
2203 3097 2559 3166 processuri,
2592 3101 2649 3152 et
2695 3098 2755 3151 in
2805 3097 3002 3153 animo
3061 3098 3385 3169 habeamus
3442 3116 3635 3156 mores

1988 3186 2164 3239 etiam
2196 3189 2252 3239 et
2283 3186 2432 3240 ritus
2466 3190 2695 3241 nostros
2741 3191 3101 3243 commutare
3132 3204 3267 3243 cum
3317 3188 3539 3245 Latinis
3569 3205 3635 3244 ac

1992 3290 2093 3346 per
2122 3273 2320 3329 omnia
2352 3275 2505 3330 idem
2537 3292 2672 3331 cum
2704 3274 2821 3331 illis
2852 3276 3132 3349 profiteri.
3164 3278 3291 3332 llaec
3339 3294 3405 3333 ac
3454 3277 3635 3349 liqui-

1984 3364 2148 3430 dum,
2185 3364 2264 3418 uti
2299 3363 2440 3433 dixi,
2474 3364 2817 3437 explorandi
2860 3383 3016 3421 nunc
3055 3370 3289 3438 tempus
3320 3372 3439 3437 est;
3472 3367 3638 3422 dabi-

1987 3469 2233 3522 musque
2259 3469 2495 3525 operam
2531 3458 2595 3509 ut
2625 3456 2696 3510 de
2725 3454 2799 3511 iis
2823 3454 2996 3527 plane
3018 3460 3264 3512 constet.
3291 3459 3351 3512 In
3378 3473 3635 3528 presens

1985 3542 2228 3598 consilio
2259 3548 2451 3598 vestro
2492 3559 2768 3616 egemus;
2802 3561 2983 3615 quare
3029 3545 3187 3601 dicat
3226 3545 3637 3617 unusquisque

1987 3632 2141 3703 quod
2170 3632 2217 3686 ei
2254 3631 2561 3687 videbitur.
2595 3633 2846 3688 Tantum
2874 3651 2946 3689 ne
2968 3633 3145 3689 nimis
3175 3635 3479 3706 indulgeat
3511 3651 3639 3706 pro-

1989 3720 2113 3792 prio
2145 3720 2398 3787 aﬂ'ectui,
2422 3720 2531 3775 sibi
2567 3721 2737 3777 unice
2768 3721 3023 3793 placens,
3049 3722 3147 3778 sed
3182 3738 3316 3778 cum
3348 3723 3427 3779 sit
3454 3722 3637 3780 eccle-

1989 3809 2283 3875 siasticus,
2329 3809 2721 3865 ecclesiastica
2778 3810 3081 3882 loquatur;
3115 3813 3269 3883 quod
3321 3812 3478 3868 enim
3529 3828 3637 3869 nos

1990 3904 2179 3971 urget,
2213 3915 2397 3953 unum
2422 3904 2533 3967 est,
2557 3900 2812 3972 effugere
2840 3900 3188 3972 periculum,
3218 3898 3550 3958 inevitabile
3576 3903 3639 3958 ni

1991 3988 2113 4043 haec
2164 3988 2431 4043 iacimus.
2466 3990 2763 4054 Quantum
2813 3995 3006 4046 autem
3050 3991 3109 4045 id
3160 3990 3487 4063 periculum
3539 3993 3639 4060 sit,

1993 4080 2243 4150 quisque
2273 4080 2426 4150 apud
2457 4096 2518 4134 se
2545 4079 2810 4151 cogitans
2832 4079 3082 4136 aestimet
3103 4081 3423 4152 prudenter
3453 4084 3641 4155 prius,

1992 4172 2049 4224 et
2078 4168 2163 4223 sic
2213 4168 2353 4240 quid
2405 4185 2556 4240 opus
2608 4169 2756 4225 facto
2805 4170 3032 4241 judicet
3079 4170 3254 4226 dicat.
3292 4171 3458 4228 Certe
3517 4188 3646 4240 nos,

1994 4259 2218 4329 absque
2258 4258 2370 4314 isto
2424 4258 2681 4329 periculo
2730 4260 2894 4326 toret,
2928 4260 3042 4315 ista
3092 4277 3206 4315 non
3259 4277 3649 4318 moveremus.

1997 4348 2207 4402 inutile
2239 4352 2432 4403 autem
2483 4347 2661 4403 fuerit
2702 4353 2961 4403 vestrum
2996 4349 3336 4421 quempiam
3386 4355 3509 4407 tota
3539 4352 3653 4407 ista

1996 4437 2066 4491 de
2100 4453 2158 4491 re
2188 4435 2574 4503 deliberandi,
2602 4436 2770 4509 quasi
2795 4438 2923 4509 jam
2958 4438 3205 4509 integra,
3231 4439 3524 4508 judicium
3559 4457 3653 4495 su-

1998 4543 2174 4581 mere.
2204 4526 2304 4582 His
2337 4534 2431 4582 aut
2466 4526 2645 4596 huius
2677 4527 2979 4583 sententias
3011 4527 3206 4584 verbis
3237 4545 3372 4584 cum
3406 4529 3653 4587 delinire

230 4637 407 4678 carne
436 4619 661 4674 indutae
691 4616 758 4671 ad
796 4621 1028 4671 nostras
1069 4614 1338 4669 miserias
1378 4613 1734 4669 demissione
1765 4615 1890 4669 orbi
1918 4603 1971 4670 Ῑ)
2002 4617 2313 4688 sategisset
2360 4616 2680 4688 imperator
2732 4615 3131 4689 praecellentes
3164 4617 3222 4673 in
3254 4616 3536 4685 Ecclesia,
3566 4618 3655 4674 illi

232 4711 511 4767 universo
563 4711 754 4777 parata
809 4705 968 4760 salus
1001 4709 1108 4760 est.
1142 4703 1321 4759 Nobis
1354 4704 1533 4776 igitur
1581 4704 1724 4759 adeo
1774 4721 1887 4759 non

235 4798 626 4872 imputabitur
672 4796 743 4851 ad
795 4794 1052 4866 culpam,
1087 4795 1133 4849 si
1167 4793 1491 4865 periculum
1547 4793 1891 4865 impendens

238 4890 422 4946 simili
466 4886 1007 4943 accommodatione
1052 4883 1651 4949 dcclinaverimus,ut
1702 4885 1893 4953 potius

234 4998 302 5037 eo
338 4977 577 5035 nomine
609 4975 813 5049 peritis
835 4991 1028 5031 rerum
1056 4978 1111 5028 et
1137 4972 1574 5046 perspicacibus
1602 4989 1896 5029 commen-

236 5070 418 5125 dandi
451 5068 661 5124 simus.
691 5065 807 5121 Vos
854 5081 984 5119 vero
1034 5063 1211 5118 etiam
1261 5064 1590 5135 episc0pos,
1624 5063 1724 5134 qui
1776 5068 1895 5118 tam

224 5157 413 5231 justis
445 5154 684 5211 adducti
734 5154 931 5210 causis
984 5153 1291 5208 nobiscum
1323 5152 1606 5223 sentiunt,
1661 5169 1893 5209 aversa-

232 5247 403 5313 mini,
437 5250 502 5300 ut
541 5243 738 5312 audio,
771 5248 827 5297 et
858 5240 1179 5297 Ecclesiam
1235 5241 1530 5297 conamini
1582 5242 1847 5297 scindere
1881 5259 1895 5296 :

235 5338 357 5393 imo
390 5335 584 5403 nobis,
617 5337 683 5388 ut
734 5334 936 5399 fertur,
973 5330 1123 5386 male
1167 5332 1513 5403 peccamini.
1549 5332 1651 5387 His
1680 5323 1894 5403 'provi-

236 5428 414 5485 dendi
450 5442 607 5482 nunc
638 5430 874 5497 tempus
906 5429 1014 5490 est,
1050 5428 1105 5477 et
1150 5427 1284 5478 ante
1328 5423 1528 5478 omnia
1559 5422 1899 5494 explorandi

234 5520 306 5575 ad
342 5516 642 5589 liquidum
677 5516 817 5587 quid
864 5528 995 5568 vere
1029 5512 1087 5567 in
1120 5529 1181 5567 re
1214 5514 1311 5579 sit,
1342 5517 1406 5567 ut
1452 5517 1510 5568 et
1557 5512 1722 5568 vobis
1756 5514 1898 5585 quid

237 5625 349 5664 nos
378 5605 654 5671 velimus,
688 5610 744 5661 et
798 5603 965 5659 nobis
997 5602 1137 5674 quid
1188 5619 1293 5659 vos
1341 5606 1442 5658 aut
1490 5603 1761 5673 cogitetis
1801 5608 1902 5658 aut

237 5695 727 5770 egeritis,mutuo
750 5697 1121 5767 perspectum
1147 5692 1439 5765 plenaque
1459 5692 1765 5766 sigillatim
1799 5710 1898 5748 ex-

570 5816 831 5876 ΡΑτιιοι.
878 5812 989 5876 Gn.
1035 5812 1292 5873 CXLIII.

2001 4711 2134 4761 ante
2166 4706 2363 4761 omnia
2392 4705 2615 4761 crimen
2646 4705 2870 4762 diluere
2899 4711 3184 4763 curarunt
3213 4724 3331 4779 quo
3365 4713 3536 4765 erant
3566 4709 3656 4764 in-

2002 4794 2255 4852 simulati
2292 4794 2666 4851 maledixisse
2696 4796 2948 4867 principi
2982 4813 2995 4851 :
3031 4796 3086 4851 id
3121 4796 3278 4853 enim
3309 4796 3480 4853 valde
3511 4797 3658 4871 ipsis

2000 4884 2365 4954 indecorum,
2388 4899 2491 4940 nec
2514 4883 2710 4939 minus
2733 4883 2970 4939 aliunde
2994 4884 3391 4956 periculosum
3416 4886 3661 4942 arbitra-

2002 4974 2239 5031 bantur.
2272 4972 2460 5036 Quare
2504 4973 2558 5028 id
2592 4974 2902 5029 confestim
2943 4974 3178 5030 inﬁtiati
3211 4980 3373 5043 sunt,
3406 4979 3462 5031 et
3491 4991 3554 5032 se
3590 4978 3662 5033 ad

2004 5063 2224 5136 quaevis
2255 5062 2567 5119 subeunda
2610 5067 2846 5134 paratos
2888 5063 3180 5136 supplicia
3212 5063 3579 5132 obtulerunt,
3613 5066 3665 5123 si

2003 5170 2136 5209 vere
2166 5152 2235 5208 de
2276 5152 2385 5207 hoc
2430 5151 2940 5209 convincerentur.
2974 5153 3274 5210 Dissidere
3307 5158 3507 5210 autem
3542 5172 3669 5212 sese

2007 5243 2079 5299 ab
2119 5240 2432 5314 episcopis,
2465 5240 2566 5313 qui
2598 5241 2953 5296 contrariam
3003 5241 3257 5313 amplexi
3307 5244 3666 5301 sententiam

2007 5335 2228 5399 essent,
2262 5329 2413 5386 ultro
2446 5334 2585 5385 sunt
2629 5330 2770 5387 fassi
2806 5348 2819 5386 :
2854 5332 2954 5386 sed
2988 5330 3043 5385 id
3078 5348 3190 5387 non
3226 5348 3358 5387 esse
3389 5332 3669 5390 inconve-

2010 5422 2176 5478 niens
2204 5421 2497 5488 dixerunt,
2531 5437 2666 5475 cum
2713 5420 2880 5477 valde
2909 5424 3067 5477 esset
3118 5437 3489 5495 consequens
3532 5440 3672 5480 con-

2009 5510 2224 5567 trarios
2252 5526 2454 5565 eorum
2502 5525 2631 5566 esse
2681 5526 2895 5567 sensus
2946 5516 3005 5566 et
3054 5527 3383 5583 sermones,
3418 5528 3673 5584 quorum

2010 5604 2208 5657 essent
2259 5601 2409 5656 facta
2464 5600 2779 5657 contraria.
2811 5604 3101 5658 Caeterum
3151 5601 3210 5656 in
3266 5600 3378 5658 hoc
3427 5603 3677 5659 dissidio

2010 5694 2277 5747 versatos
2307 5690 2451 5746 citra
2484 5690 2957 5748 maledicentiam
2990 5690 3052 5747 in
3084 5691 3478 5762 adversarios,
3510 5693 3679 5765 quid-

3272 5811 3349 5871 27
