4242 6438
601 371 708 426 843

1903 363 2208 422 GEORGII
2245 365 2711 426 PACHYMERE

3914 373 4020 464 8H,

601 493 720 549 λίαν
756 487 1075 553 ἀκολούθων
1136 487 1292 544 εἶναι.
1346 486 1502 554 Πλὴν
1556 487 1617 540 οὐ
1667 483 2128 572 κακολογοῦντας,
2179 485 2328 556 ὡςΑ
2364 485 2666 553 ἀκινδύνως
2718 492 2812 548 τὸν
2867 489 3116 548 κίνδυνον
3147 490 3334 556 ἄλλως
3365 493 3716 572 ἐκφύγοιμεν.
3765 495 4006 554 νΗσανδ

599 579 752 635 αὐτοί
812 599 962 654 φασι,
1018 575 1108 630 καὶ
1136 577 1236 644 τήν
1297 574 1610 630 κατάνευσιν
1670 571 2028 644 ὀνειδίζοντας
2087 573 2256 652 σφίσι.

599 667 834 740 Γνώμης
869 668 973 742 γὰρ
1009 663 1148 726 ἰδίας
1177 661 1400 719 ἕκαστον
1433 663 1568 717 εἶναι
1593 662 1803 738 κόριον,
1836 663 1926 716 καὶ
1957 663 1985 717 '6
2017 665 2259 738 σήμερον

595 755 660 811 οὒ
695 755 846 811 δοκεῖ
875 776 1002 823 τινι,
1034 750 1226 828 αὔριον
1261 750 1391 813 ἴσως
1426 753 1681 825 στέρξειν,
1726 751 1815 807 καὶ
1863 751 2164 824 ἀγαπήσειν
2198 751 2259 805 οὐ

595 841 953 920 παλίμϐολόν
985 864 1105 899 τινα
1137 839 1267 897 ὄντα
1287 843 1374 896 καὶ
1407 843 1545 896 γατὰ
1564 841 1625 895 τὸ
1650 841 1820 916 τυχὸν
1841 839 2259 915 ἐκτρεπόμενον,

605 934 752 990 ἀλλὰ
784 933 1076 1010 λογισμοῖς
1110 930 1462 999 δουλεύοντα,
1503 930 1725 985 ἐκείνων
1779 929 2257 1003 μετακλινομένων

606 1026 658 1087 ἐς
692 1024 719 1079 ὃ
768 1045 821 1078 τι
853 1025 941 1078 καὶ
977 1020 1122 1092 δόξοι
1158 1022 1432 1099 συμφέρον
1465 1019 1555 1074 καὶ
1587 1018 1783 1082 αὐτοὺς
1831 1017 2109 1094 πράττειν.
2160 1019 2260 1072 Καὶ

609 1121 770 1170 τοῦτο
803 1115 1031 1169 εἶναιτὸ
1095 1114 1171 1184 μὴ
1221 1112 1368 1186 παρὰ
1416 1109 1741 1183 συνείδησιν,
1791 1112 1863 1172 ὡς
1911 1110 2258 1183 πιστεύομεν.

613 1207 691 1262 Τὸ
724 1204 780 1259 δὲ
809 1203 934 1280 περὶ
977 1207 1082 1256 τῶν
1117 1202 1490 1277 προκειμένων
1539 1203 1688 1272 ἡμᾶς
1740 1200 2060 1274 ἐρωτᾶσθαι,
2111 1204 2260 1274 πρῶ-

617 1316 704 1349 τον
765 1295 857 1366 μὲν
900 1294 972 1353 ὡς
1018 1293 1079 1345 οὐ
1116 1291 1272 1364 μετὸν
1313 1292 1446 1361 ἡμῖν
1477 1297 1578 1358 τῆς
1610 1288 1732 1364 περὶ
1784 1288 1994 1344 τούτων
2026 1290 2262 1362 σκέψεως

611 1384 671 1438 ἐκ
725 1383 965 1438 κανόνων
1005 1423 1018 1449 ,
1084 1381 1172 1435 ὑπ’
1223 1382 1471 1454 ἀρχιερεῖ
1525 1382 1746 1433 τελοῦσι
1806 1378 1895 1433 καὶ
1946 1376 2261 1455 ὀφείλουσιν

607 1469 848 1540 ἔπεσθαι,
881 1471 933 1525 τί
966 1471 1076 1545 χρὴ
1109 1469 1197 1523 καὶ
1234 1467 1407 1544 λέγειν
1437 1491 1450 1538 ;
1511 1465 1658 1537 πλὴν
1715 1464 1842 1522 ἀλλ’
1871 1463 2095 1528 ἕκαστος
2151 1465 2264 1538 ἰδίᾳ

712 1563 724 1581 ν
825 1560 837 1578 9
887 1561 900 1576 ‘
1159 1559 1169 1574 θ
1369 1580 1380 1588 _
1443 1557 1456 1574 Ἰ
1519 1555 1544 1577 ,ί
1982 1553 2036 1573 ’.ἴ
2072 1556 2085 1574 \
2198 1563 2230 1586 ..ο

605 1563 705 1616 καθ
780 1581 938 1614 αυτον
1000 1559 1314 1634 έρωτασοω,
1371 1577 1460 1611 και
1523 1577 1649 1617 ισως
1709 1551 1880 1632 φόϐος
1937 1574 2117 1617 ουοεις
2164 1578 2264 1626 της

603 1657 702 1719 σῆς
738 1648 1017 1724 βασιλείας
1053 1647 1128 1709 εἰς
1180 1644 1388 1721 βουλὴν
1448 1645 1796 1719 προτιθείσης
1853 1647 1913 1698 τὸ
1963 1645 2262 1721 προκείμε-

604 1760 716 1808 νον,
779 1737 952 1812 λέγειν
990 1738 1050 1792 τὸ
1107 1737 1531 1810 παριστάμενον.
1582 1735 1719 1790 Τότε
1761 1733 1938 1788 τοίνυν
1973 1732 2259 1807 ἐρωτωμέ-

603 1850 708 1883 νων
771 1829 798 1881 6
849 1828 940 1899 μὲν
975 1825 1207 1900 ἀπέλεγε
1252 1827 1344 1878 καὶ
1395 1825 1460 1878 τὰ
1507 1824 1651 1896 τρία·
1711 1821 1850 1896 μηδὲ
1896 1822 1996 1898 γὰρ
2047 1820 2255 1876 τούτων

602 1911 928 1972 καταλαϐεῖν
965 1914 1108 1976 ὅλως
1137 1915 1237 1982 τήν
1269 1913 1596 1982 Ἐκκλησίαν
1632 1913 1710 1966 ἑνὶ
1761 1911 2118 1986 χρησαμένην
2168 1912 2257 1966 καὶ

609 2007 781 2079 μόνω,
834 2008 1035 2080 χρῆναι
1072 2001 1128 2058 δὲ
1160 2000 1435 2076 διατηρεῖν
1468 2000 1556 2056 καί
1588 2007 1704 2062 τοῖς
1739 2000 1837 2074 ὀψὲ
1868 2002 2258 2075 γενησομένοις

603 2099 632 2151 ὃ
665 2093 730 2165 δὴ
762 2102 910 2173 σφεῖς
961 2094 1020 2148 ἐκ
1065 2098 1173 2147 τῶν
1223 2093 1503 2167 προτέρων
1545 2085 1876 2164 παρέλαϐον.
1930 2089 1992 2146 Εἰ
2043 2087 2089 2143 δ’
2137 2089 2255 2143 ἐπι-

602 2185 798 2240 σείεται
857 2181 1123 2251 κίνδυνος,
1184 2181 1379 2244 αὐτοὺς
1436 2182 1529 2254 μὲν
1595 2182 1668 2253 μὴ
1720 2180 1897 2254 χρεὼν
1953 2179 2252 2256 φροντίζειν

597 2275 748 2344 πλὴν
811 2274 920 2348 μὴν
976 2271 1073 2327 τοῦ
1133 2269 1284 2346 εὔχεμ
1342 2294 1406 2341 "1,
1466 2271 1556 2324 τὸν
1619 2267 1676 2324 δέ
1733 2291 1796 2344 γε
1837 2273 2140 2342 κρατοῦντα
2175 2271 2250 2342 μή

596 2364 797 2420 ἀνιέναι
853 2360 1022 2437 μηδὲν
1079 2366 1187 2417 τῶν
1258 2362 1332 2423 εἰς
1397 2361 1662 2434 μέριμναν
1709 2358 1974 2428 ἡκόντων.
2037 2358 2153 2432 Ἐφ’
2206 2359 2250 2429 ᾧ

589 2586 732 2660 quid
764 2584 880 2657 ipsi
914 2583 1057 2638 falso
1089 2584 1496 2654 quererentur,
1517 2583 1571 2634 et
1594 2579 1738 2634 citra
1769 2577 2243 2649 exprobationem

591 2676 774 2732 ullam
846 2678 1081 2728 mutatae
1150 2670 1475 2726 sentcntiae.
1534 2667 1748 2724 Judicii
1803 2668 1960 2722 enim
2028 2667 2249 2740 proprii

591 2779 887 2838 quemque
917 2761 1204 2816 arbitrum
1245 2775 1403 2824 esse;
1439 2763 1494 2813 et
1538 2757 1688 2814 389
1721 2757 1876 2828 quod
1909 2758 2043 2829 quis
2076 2756 2248 2812 hodie

593 2872 708 2911 non
757 2850 1110 2925 probaverit,
1143 2866 1273 2905 cras
1326 2849 1470 2904 forte
1501 2848 1768 2918 praeferet
1813 2850 1990 2916 atque
2024 2845 2245 2918 ample-

591 2950 802 3010 ctetur,
836 2959 950 2996 non
1001 2938 1399 2995 inconstantia
1427 2936 1514 2992 vel
1565 2935 1807 2991 fortuita
1854 2933 2084 2990 levitate
2117 2951 2245 2990 sese

591 3048 853 3099 versans,
885 3031 986 3086 sed
1019 3033 1320 3083 momenta
1362 3026 1654 3082 rationum
1689 3040 1965 3096 sequens.
1998 3024 2245 3080 Credere

588 3136 717 3177 sese
747 3119 877 3174 illos
910 3118 1226 3184 antistites,
1253 3117 1351 3188 qui
1376 3113 1728 3170 sententiam
1764 3117 2117 3183 mutassent,
2141 3112 2242 3167 ali-

2365 575 2417 630 ο’ί
2446 579 2537 632 καὶ
2568 587 2838 654 πρωτεῖον
2873 582 3036 654 μόνον
3072 580 3284 637 ἐδίδουν
3331 584 3418 638 καὶ
3471 581 3760 654 ἔκκλητον,
3794 585 3874 646 ὡς
3924 586 4019 641 αὖ·

2360 670 2468 720 τῶν
2515 689 2577 742 γε
2631 670 2719 724 καὶ
2785 670 2966 743 μόνων
3037 670 3167 725 οἵων
3223 675 3273 726 τ’
3327 666 3499 727 όντων
3561 673 4025 748 ὑποκριθήσεσθαι

2362 757 2451 810 καὶ
2509 761 2685 833 σχῆμ’
2739 757 2872 829 ἕξειν
2931 760 3017 814 κτὶ
3074 757 3249 834 ὄνομα
3306 759 3455 830 πλὴν
3513 766 3610 816 τοῦ
3666 761 4020 836 πράττεσθαι·

2367 847 2718 918 μνημόσυνον
2756 846 2812 903 δὲ
2849 855 3088 922 μετεῖναι
3136 855 3217 922 τῷ
3264 850 3461 922 πᾶππᾳ
3518 847 3772 906 δοκοῦντι
3833 850 4021 930 διαφέο

2366 947 2570 1012 ρεσθται,
2633 937 2721 992 ἐπὶ
2776 935 3058 1012 Συμϐόλῳ
3112 940 3202 994 καὶ
3259 943 3426 994 ταῦτα
3477 939 3730 1010 πίστεως,
3795 943 3875 1013 μή
3935 943 4024 996 καὶ

2363 1029 2470 1078 τῶν
2521 1025 2638 1080 Λίαν
2692 1026 3071 1102 ἀπειρημένων
3222 1029 3284 1084 Ὁ
3317 1025 3374 1082 δὲ
3404 1027 3699 1102 Ξιφιλῖνος
3733 1030 3903 1104 μέγας
3941 1031 4026 1084 οἷ-

2365 1113 2602 1186 κονόμος
2655 1116 2727 1170 ὣν
2759 1121 2838 1188 τῷ
2866 1118 3010 1188 τότε,
3041 1121 3121 1189 τῷ
3176 1119 3326 1192 γήρα
3353 1139 3412 1172 τε
3459 1118 3551 1172 καὶ
3608 1121 3676 1192 τῇ
3733 1119 3874 1194 πρὸς
3931 1120 4023 1174 τὸν

2371 1201 2595 1275 βασιλέα
2624 1204 2878 1276 συνηθείᾳ
2908 1203 3196 1274 πιστεύων,
3247 1205 3337 1259 καὶ
3387 1204 3782 1281 προσελιπάρει
3815 1207 4024 1271 σταθεὶς

2365 1291 2454 1344 καί
2507 1313 2567 1366 γε
2623 1297 2731 1346 τῶν
2791 1294 3032 1368 γονάτων
3091 1293 3188 1348 τοῦ
3250 1293 3522 1368 βασιλέως
3580 1291 3910 1368 ἁπτόμενος,
3950 1299 4022 1369 μὴ

2368 1383 2544 1449 ζητῶν
2604 1381 2972 1457 ἀναχαιτίζει-ι
3032 1382 3329 1459 ἀλλότριον
3389 1384 3658 1457 πόλεμον,
3719 1383 3867 1439 ἴδιον
3908 1385 4026 1439 καθ’

2365 1470 2512 1539 ἡμᾶς
2541 1471 2737 1533 αὐτοὺς
2766 1478 3167 1546 προσεπινοεῖν·
3209 1469 3350 1545 μηδέ
3377 1473 3481 1548 γὰρ
3527 1473 3856 1550 εἶρηνεύσειν
3890 1475 4022 1529 πᾶν·

2363 1579 2476 1624 τας,
2509 1557 2604 1614 κᾶν
2637 1562 2824 1633 ἡμεῖς,
2857 1562 3044 1638 φησὶν,
3077 1560 3506 1637 εἷ’ρηνεύσαιμεν.

2371 1725 2453 1782 ιϐ’.
2503 1721 2690 1782 ’Ὁπως
2740 1719 2816 1782 εἷς
2867 1719 3116 1800 δύσνοιαν
3161 1717 3598 1800 διαϐαλλόμενοι
3654 1724 3707 1778 οἱ
3757 1721 4026 1800 κληρικοὶ

3010 1793 3383 1869 ἡνοχλοῦντο.

2288 1857 2335 1922 Β
2440 1917 2520 1987 [Ρ.
2581 1918 2708 1988 265]
2787 1918 2872 1972 ’Ev
2948 1917 3163 1980 τούτοις
3239 1923 3342 1984 τῆς
3406 1921 3617 1993 ἡμέρας
3676 1917 4024 1991 τελεσθείσης

2367 2003 2602 2074 ἐκείνης,
2659 2005 2902 2080 ἐπισχὼν
2961 2006 3042 2084 ἐφ’
3072 2009 3304 2082 ἡμέραις
3335 2010 3362 2062 6
3400 2006 3676 2084 βασιλεὺς,
3709 2009 3801 2064 καὶ
3839 2013 4022 2081 μαθὼν

2367 2092 2441 2154 ὡς
2501 2093 2551 2146 ἐν
2611 2093 2854 2149 κλύδωνι
2911 2096 2978 2150 τὰ
3031 2103 3133 2164 τῆς
3191 2093 3520 2166 Ἐκκλησίας
3571 2097 3672 2153 εἶσὶ
3704 2098 3795 2152 καὶ
3829 2101 3908 2162 εἷς
3933 2100 4022 2154 τὸν

2363 2178 2456 2235 ἕνα
2487 2181 2548 2236 οὐ
2605 2181 2970 2259 παραδέχεται
3021 2186 3048 2238 ὁ
3108 2183 3268 2254 δῆθεν
3328 2183 3613 2248 ἀνένδοτος
3652 2187 3743 2242 τὸν
3789 2188 4026 2243 ὑποχλι-

2365 2271 2539 2339 Οὲντα,
2572 2275 2787 2346 πρῶτον
2826 2273 2918 2345 μὲν
2955 2271 3246 2348 σχεδιάσας
3273 2273 3444 2346 τόμον
3498 2275 3698 2330 σκοπὸν
3741 2277 3846 2344 τήν
3891 2279 4029 2349 πρὸς

2367 2358 2595 2433 βασιλέα
2651 2357 2860 2416 εὔνοιαν
2917 2357 3116 2437 ἔχοντα
3173 2361 3416 2418 ἐκέλευεν
3473 2363 3808 2440 ὑπογράφειν
3850 2411 3866 2435 ,
3928 2367 4029 2421 οὐκ

2361 2579 2718 2650 procederet,
2779 2581 2880 2636 sed
2940 2581 3052 2636 sub
3121 2581 3364 2638 obtentu
3421 2598 3571 2638 vano
3630 2584 4026 2655 subjectionis

2358 2673 2682 2736 ostentata,
2718 2686 2833 2724 non
2869 2669 3140 2725 exhibitas
3187 2670 3401 2741 reipsa,
3435 2672 3724 2742 integram
3759 2690 3867 2728 nec
3900 2674 4023 2731 ullo

2356 2757 2750 2830 interruptam
2805 2775 2916 2814 usu
2960 2759 3172 2814 Graecis
3223 2765 3479 2814 servaret
3520 2761 3677 2830 juris
3726 2759 4022 2818 hactenus

2363 2847 2626 2918 usurpati
2662 2848 3117 2918 possessionem.
3143 2851 3338 2919 Longe
3370 2849 3441 2902 ab
3473 2848 3565 2903 his
3594 2848 3894 2905 diversum
3930 2851 4020 2906 vi-

2355 2937 2475 2992 deri
2509 2938 2665 2993 390
2696 2938 2856 2993 abire
2887 2937 3126 2992 tertium
3153 2937 3224 2992 de
3255 2938 3812 2996 commemoratione
3845 2940 4018 3012 Papaa

2352 3026 2409 3081 in
2443 3043 2629 3082 sacro.
2662 3027 2767 3081 Per
2791 3026 2846 3081 id
2882 3027 3037 3081 enim
3073 3027 3270 3081 induci
3296 3027 3397 3097 jus
3432 3027 3488 3081 in
3525 3043 3722 3097 usum,
3747 3033 3807 3084 et
3839 3032 4022 3087 verba

2353 3117 2502 3171 facto
2534 3116 2750 3171 sanciri
2787 3133 2799 3171 :
2834 3122 2961 3170 tum
3004 3117 3300 3171 enimvero
3337 3116 3393 3170 id
3427 3116 3665 3172 concedi
3697 3119 3857 3188 quod
3891 3125 4013 3175 tam

586 3210 724 3283 quid
760 3209 979 3263 vidisse
1004 3224 1118 3278 quo
1152 3209 1526 3261 moverentur
1558 3204 1629 3258 ad
1663 3203 2142 3274 propendendum
2177 3203 2234 3255 in
2269 3220 2312 3285 ρ
2351 3205 2580 3260 obnixis
2612 3205 2895 3260 hactenus
2925 3205 3142 3260 studiis
3174 3209 3511 3261 recusatum
3539 3223 3572 3261 a
3603 3207 3824 3262 nostris
3857 3225 4019 3264 sem-

582 3303 810 3370 partem
843 3298 1110 3362 alteram,
1145 3294 1472 3364 fecisseque
1516 3292 1574 3346 in
1628 3308 1694 3347 eo
1744 3291 1904 3362 ipsos
1937 3291 2089 3362 quod
2125 3290 2237 3346 sibi

582 3387 855 3458 expedire
885 3386 1279 3457 iudicassent;
1327 3397 1518 3452 neque
1567 3395 1805 3435 censere
1835 3381 1950 3435 ista
1983 3379 2039 3434 in
2074 3395 2133 3434 re
2165 3380 2236 3434 ab

577 3477 724 3549 ipsis
782 3480 987 3530 contra
1041 3470 1460 3528 conscientiam
1515 3474 1836 3541 peccatum.
1889 3467 2052 3531 Quod
2103 3485 2236 3524 vero

576 3567 897 3637 imperator
926 3564 1185 3634 ipsorum
1235 3561 1304 3615 de
1351 3559 1444 3614 his
1491 3558 1842 3614 sententiam
1877 3561 2128 3628 rogaret,
2162 3558 2230 3612 ad

577 3656 634 3710 id
669 3655 752 3709 sic
785 3654 1238 3725 responderunt,
1269 3649 1521 3720 primum
1558 3647 1668 3702 sibi
1705 3663 1807 3718 per
1829 3663 2026 3702 saeros
2058 3663 2232 3702 cano-

577 3761 681 3800 nes
712 3762 826 3800 non
851 3744 1024 3799 licere
1046 3741 1369 3797 deliberare
1390 3740 1461 3793 de
1484 3737 1725 3801 talibus,
1751 3739 1851 3808 qui
1885 3737 2228 3808 patriarchae

577 3836 913 3902 subcssent,
935 3835 1178 3904 ejusque
1199 3828 1364 3900 sequi
1389 3827 1684 3898 judicium
1710 3831 1766 3880 et
1799 3825 2101 3897 praeceptis
2131 3827 2229 3881 ob-

577 3931 904 3995 temperare
935 3923 1233 3977 deberent.
1269 3919 1453 3982 Quare
1483 3932 1600 3970 non
1645 3915 1860 3970 habere
1890 3932 1951 3970 se
1980 3916 2131 3986 quod
2165 3915 2222 3971 in

574 4029 889 4070 commune
911 4012 1195 4066 dicerent.
1217 4009 1394 4063 Posse
1415 4013 1610 4061 autem
1634 4019 1928 4076 quemque
1950 4003 2222 4076 privatim

569 4103 933 4172 interrogari.
963 4100 1057 4155 Sic
1083 4098 1239 4154 enim
1274 4101 1466 4152 metus
1491 4094 1714 4151 scilicet
1742 4093 1940 4149 nullus
1966 4095 2222 4150 tardabit

566 4192 860 4265 sigillatim
913 4191 1298 4260 interrogatos
1347 4203 1381 4240 a
1429 4186 1737 4256 majestate
1785 4200 1915 4250 sua,
1949 4199 2039 4248 ne,
2073 4184 2215 4254 quid

558 4282 708 4353 ipsis
740 4283 796 4336 in
845 4283 1102 4336 mentem
1154 4278 1398 4341 venerit,
1431 4275 1729 4346 proferant
1773 4289 1950 4343 super
1980 4272 2054 4326 iis
2087 4290 2213 4344 quae

555 4375 977 4444 proponentur.
999 4368 1155 4423 Fecit
1185 4367 1293 4421 hoc
1325 4365 1522 4420 statim
1553 4364 1899 4433 imperator;
1925 4365 2209 4417 eteorum

551 4479 700 4532 quos
729 4461 1002 4532 privatim
1051 4457 1293 4526 audivit,
1325 4455 1476 4510 alius
1524 4455 1638 4509 tria
1681 4469 1750 4507 ex
1799 4469 1963 4523 teque
1995 4458 2211 4508 cuncta

547 4551 803 4622 capitula
844 4549 1066 4620 rejecit,
1099 4546 1330 4602 nullum
1365 4561 1566 4600 eorum
1601 4542 1784 4614 accipi
1835 4543 1906 4596 ab
1955 4542 2208 4598 Ecclesia

2354 3309 2454 3364 per
2481 3298 2590 3363 est,
2624 3298 2688 3348 ut
2715 3294 2939 3350 scilicet
2971 3294 3163 3364 palam
3214 3294 3272 3349 in
3319 3301 3582 3350 nostram
3637 3299 4020 3354 communio-

2351 3400 2479 3439 nem
2536 3384 2928 3438 admittantur
2977 3384 3014 3437 ii
3069 3400 3218 3454 quos
3259 3389 3492 3440 constat
3539 3385 3598 3440 in
3648 3386 4015 3458 scripturam

2351 3475 2670 3546 publicam,
2699 3479 2755 3530 et
2792 3491 2919 3531 eam
2954 3475 3193 3546 quidem
3244 3475 3434 3545 ipsam
3465 3492 3582 3546 qua
3616 3476 3752 3531 fidei
3803 3479 4015 3549 regula

2347 3563 2617 3632 traditur,
2663 3580 2872 3634 nempe
2930 3563 2987 3618 in
3037 3562 3404 3634 Symbolum,
3451 3580 3597 3620 ausu
3641 3564 4011 3623 intolerabili

2345 3669 2636 3724 peccasse.
2670 3655 2743 3708 At
2771 3653 3106 3724 Xiphilinus
3151 3653 3350 3723 magni
3381 3658 3520 3708 tunc
3547 3657 3838 3710 ceconomi
3873 3658 4010 3714 offi-

2344 3743 2498 3797 cium
2530 3760 2825 3809 exercens,
2858 3761 2924 3798 ca
2963 3741 3178 3797 ﬁducia
3227 3759 3403 3813 quam
3437 3743 3486 3798 ei
3529 3743 3878 3800 auctoritate
3912 3764 4006 3803 se-

2343 3832 2594 3887 nectutis
2650 3838 2709 3887 et
2766 3831 2951 3887 multa
3006 3847 3141 3888 cum
3209 3833 3562 3905 imperatore
3620 3833 4003 3892 familiaritas

2341 3921 2539 3989 dabat,
2563 3936 2697 3977 eum
2731 3938 2896 3977 orare
2929 3925 3094 3977 stans
3125 3937 3461 3994 aggressus,
3487 3938 3620 3977 mox
3649 3923 3832 3979 etiam
3867 3942 4002 3996 pro-

2338 4011 2480 4065 cidit
2510 4027 2704 4066 coram
2739 4011 2809 4066 ad
2845 4010 3042 4082 pedes,
3065 4016 3120 4065 et
3143 4027 3334 4081 genua
3365 4011 3649 4081 principis
3681 4013 4000 4084 amplexus

2337 4100 2429 4154 his
2461 4117 2593 4155 eum
2637 4099 3042 4156 obtestabatur
3074 4117 3087 4155 :
3115 4122 3142 4149 «
3178 4100 3322 4154 Vide
3367 4099 3545 4155 etiam
3579 4105 3757 4171 atque
3789 4103 3999 4171 etiam,

2336 4191 2591 4261 domine,
2626 4207 2697 4246 ne
2726 4196 2994 4262 satagens
3036 4190 3214 4246 nimis
3245 4191 3415 4246 anxie
3463 4197 3721 4247 avertere
3751 4209 3786 4247 a
3819 4197 4001 4252 nobis

2334 4285 2638 4334 externum
2662 4279 2881 4335 bellum
2905 4280 3186 4334 intestino
3212 4279 3527 4335 difﬁciliori
3553 4297 3658 4336 nos
3692 4280 4000 4354 implices,

2332 4387 2465 4424 cum
2489 4385 2673 4441 eoque
2698 4385 2894 4440 pacem
2931 4370 3145 4441 pariter
3167 4374 3499 4441 utramque,
3521 4369 3996 4428 ecclesiasticam

2328 4465 2384 4514 ct
2415 4459 2666 4528 civilem,
2701 4460 2932 4530 perdas.
2967 4459 3168 4531 Neque
3205 4459 3359 4514 enim
3392 4458 3478 4515 vel
3512 4459 3560 4514 si
3595 4476 3703 4515 nos
3734 4460 3796 4515 in
3831 4461 3994 4519 hanc

2326 4566 2525 4621 pacem
2573 4549 3043 4617 convenerimus,
3076 4548 3134 4602 in
3185 4564 3326 4620 pace
3372 4548 3457 4603 illi
3508 4548 3733 4604 scilicet
3783 4554 3993 4608 cuncti

544 4657 720 4710 posse
753 4639 1137 4702 contendens,
1165 4653 1291 4707 qua
1325 4635 1425 4689 uni
1459 4649 1737 4704 supremo
1760 4631 1935 4702 capiti
1970 4631 2211 4704 patriar—
2241 4616 2286 4680 D
2319 4616 2686 4711 ﬁersmbunt.
2717 4660 2742 4687 ι,

541 4731 660 4786 ohe
694 4748 800 4787 suo
845 4746 1048 4801 parere
1077 4727 1387 4783 didicisset
1419 4743 1432 4785 :
1468 4728 1736 4796 Oportere
1777 4727 1970 4778 autem
2007 4728 2202 4778 tenere

536 4825 595 4875 et
625 4821 1028 4876 transmittere
1061 4819 1130 4872 ad
1167 4822 1453 4888 posteros,
1486 4815 1640 4886 quod
1677 4830 1709 4867 a
1742 4813 2009 4867 Palribus
2041 4828 2199 4867 accc-

531 4910 783 4981 pissent.
818 4907 1082 4964 Pericula
1115 4923 1287 4978 porro
1314 4922 1442 4976 quae
1475 4903 1816 4974 impendere
1840 4903 2196 4970 dicerentur,

529 5000 622 5054 sui
655 4999 869 5071 privati
902 4997 1166 5053 muneris
1201 5011 1314 5050 non
1350 5009 1479 5049 esse
1509 4992 1623 5048 alio
1648 4992 1821 5047 modo
1849 4997 2194 5063 praevertere

526 5107 705 5162 quam
739 5088 1108 5145 orationibus
1153 5102 1253 5157 pro
1287 5099 1488 5140 eorum
1533 5082 1877 5137 amolitione
1910 5086 2025 5137 Deo
2060 5082 2191 5136 fun-

526 5179 756 5235 dendis.
779 5178 1069 5249 Principis
1092 5193 1226 5232 vero
1262 5175 1315 5228 id
1351 5173 1543 5229 solum
1580 5171 1878 5244 postulare
1899 5171 2188 5238 officium,

518 5274 580 5324 ut
605 5269 654 5324 is
674 5268 820 5324 nihil
847 5267 1096 5340 politicas
1121 5264 1472 5336 bellicisque
1490 5262 1910 5318 sollicitudinis
1927 5262 2185 5329 omittat,

518 5378 646 5432 qua
671 5359 1068 5432 pracavendis
1088 5357 1264 5414 malis
1285 5361 1341 5412 et
1358 5354 1693 5426 reipublicae
1711 5355 1784 5410 ab
1801 5353 1874 5408 iis
1897 5353 2180 5408 incolumi

513 5452 811 5507 servandae
859 5451 1169 5522 profutura
1217 5448 1504 5502 videatur.
1549 5446 1730 5500 Erant
1779 5445 2044 5499 nonnulli
2075 5445 2176 5516 qui

507 5543 622 5597 duo
647 5542 841 5614 priora
864 5541 1079 5614 capita,
1096 5539 1419 5612 primatum
1443 5542 1501 5592 et
1523 5534 2020 5608 provocationem,
2046 5535 2173 5589 sine

506 5648 718 5704 magno
741 5633 960 5687 damno
991 5629 1238 5686 relaxari
1266 5644 1436 5700 posse
1469 5627 1750 5690 dicerent,
1779 5625 1999 5697 quippe
2023 5641 2167 5696 quo-

498 5741 628 5780 rum
667 5731 941 5780 neutrum
976 5724 1132 5779 ultra
1179 5737 1393 5778 nomen
1427 5723 1483 5775 et
1513 5718 1768 5791 speciem
1821 5717 1893 5772 ad
1944 5717 2163 5773 factum

2350 4747 2435 4801 19.
2474 4747 2536 4802 Ut
2559 4744 2899 4800 calumniam
2928 4745 3090 4814 passi
3118 4745 3311 4800 clerici
3335 4745 3494 4815 quasi
3520 4760 3723 4814 parum
3751 4745 3953 4815 ﬁdeles

2444 4817 2774 4889 imperatori
2803 4822 3006 4886 essent,
3039 4819 3226 4872 vexati
3253 4831 3313 4873 co
3343 4818 3572 4871 nomine
3598 4819 3835 4887 fuerint.

2381 4908 2441 4961 In
2477 4907 2569 4961 his
2599 4905 2701 4960 illa
2731 4911 3084 4978 consumpta
3123 4905 3239 4973 die,
3274 4921 3376 4976 per
3405 4903 3632 4977 aliquot
3661 4906 3802 4962 inde
3835 4924 3987 4965 con-

2307 5001 2538 5052 secutas
2575 4995 2720 5054 nihil
2753 4995 2886 5050 novi
2918 4997 3218 5067 Augustus
3251 4996 3449 5050 movit.
3476 4994 3736 5050 Tandem
3759 4997 3985 5056 videns

2303 5086 2627 5142 tumultum
2684 5085 2744 5140 in
2807 5084 3064 5140 Ecclesia
3113 5084 3546 5140 increbrescere
3603 5085 3981 5145 factionibus

2299 5176 2658 5246 commissis,
2683 5176 2824 5231 dum
2851 5191 3006 5230 unus
3039 5173 3222 5230 alium
3246 5175 3301 5230 in
3328 5173 3813 5231 communionem
3848 5193 3976 5234 non

2297 5267 2522 5338 recipit,
2543 5270 2599 5320 et
2630 5265 2727 5338 qui
2757 5265 2909 5320 fixus
2948 5264 3009 5320 in
3054 5265 3301 5337 antiquo
3332 5281 3509 5320 sensu
3544 5270 3791 5336 perstat,
3823 5283 3972 5324 eum

2293 5359 2392 5428 qui
2445 5355 2608 5411 novis
2669 5354 3170 5426 prepositionibus
3229 5354 3484 5410 assensit
3527 5359 3592 5409 ut
3639 5355 3970 5426 profanum

2291 5450 2612 5510 aversatur,
2661 5444 2932 5516 gliscenti
2982 5444 3215 5499 obviam
3265 5445 3348 5500 ire
3395 5443 3550 5500 male
3600 5445 3860 5501 decrevit
3902 5452 3966 5504 in

2287 5536 2446 5590 hunc
2488 5535 2750 5589 modum.
2785 5536 2934 5589 Ante
2983 5534 3183 5589 omnia
3238 5535 3525 5606 scriptum
3577 5535 3966 5593 concinnavit

2283 5643 2400 5697 quo
2421 5625 2612 5680 solum
2637 5623 2692 5679 id
2719 5640 2890 5694 agere
2908 5623 3215 5680 videbatur
3237 5629 3302 5680 ut
3322 5624 3498 5680 ﬁdem
3518 5629 3574 5680 et
3593 5625 3961 5698 obsequium

2279 5713 2626 5786 imperatori
2659 5731 2692 5770 a
2722 5714 2978 5769 subditis
3019 5713 3283 5770 debitum
3327 5714 3440 5770 sibi
3473 5715 3763 5772 ﬁrmaret.
3799 5717 3960 5773 Sub-
