4242 6438
213 390 321 447 845

1289 387 1380 441 DE
1420 387 1793 443 ΜΙσΗΔΒΙοΒ
1832 388 2277 449 PALBOLOGO
2314 396 2447 450 LIB.
2489 397 2555 449 V.

3514 396 3622 453 846

210 512 311 570 οἶδ’
371 513 459 569 ἐπὶ
508 510 667 567 ποίαν
727 510 919 585 χρείαν
952 508 1101 578 πλὴν
1128 514 1226 565 τοῦ
1259 507 1405 581 δόξαι
1438 514 1591 584 σχεῖν
1617 513 1725 564 τῶν
1757 516 1855 579 τῆς
1890 514 1941 580 Α
1974 508 2030 565 δὲ
2084 511 2250 589 μέχρι
2312 513 2623 593 Σηλυϐρίας
2679 518 2769 573 καὶ
2826 518 3155 587 Ῥαιδεστοῦ,
3214 520 3363 581 τινὰς
3416 517 3474 574 δὲ
3528 520 3622 574 καὶ

210 602 541 671 Ἑκκλησίας
572 598 1000 671 ὑποσημοὶνσεις,
1052 597 1148 653 κᾶν
1180 601 1233 652 αἱ
1296 600 1574 659 ὑποθέσεις
1638 600 1698 653 τὸ
1749 596 1863 652 διά-

208 712 381 769 φορον
414 690 588 765 εἶχον.
648 687 899 744 Κᾶκεῖνοι
961 686 1264 762 προθύμως
1299 687 1607 762 ὑπέγραφον
1638 687 1700 741 τὸ
1731 688 1867 755 πρὸς

206 783 297 836 τὸν
352 775 610 854 Ἀϐραὰμ.
638 782 734 832 τοῦ
766 780 920 843 Θεοῦ,
953 801 981 827 (ι
1018 777 1083 831 Οἱ
1120 775 1474 850 εὐλογοῦντὲς
1526 796 1582 830 σε
1632 774 1866 849 εὐλογη-

213 873 391 944 μένοι,
424 868 513 923 καὶ
546 869 597 923 οἱ
624 865 1006 941 καταρώμενοέ
1038 886 1094 920 σε
1132 868 1546 939 κεκατήρανται.
1584 890 1609 916 n
1640 868 1865 921 Ἔπειτα

209 960 431 1034 πέμψας
471 957 599 1020 τοὺς
647 954 823 1016 ἰδίους
878 955 1051 1009 οἰκίαν
1112 955 1338 1008 ἑκάστου
1378 952 1758 1032 κατεψηλάνρα,
1809 956 1867 1017 ὃς

205 1052 255 1104 τ’
289 1048 464 1108 αἶ’τιος
495 1046 552 1107 ὅς
586 1067 643 1100 τε
685 1045 773 1098 καὶ
808 1043 959 1117 οὐχί.
1015 1043 1110 1096 Καί
1160 1046 1193 1111 ἡ
1239 1044 1529 1119 πρόφασις,
1582 1044 1655 1104 ὡς
1705 1043 1861 1096 αὐτὸν

212 1136 307 1209 μὲν
342 1137 476 1190 εἶναι
531 1135 624 1188 τὸν
671 1131 1016 1206 κατασχόντα
1073 1133 1172 1198 τὴν
1206 1130 1393 1199 πόλιν,
1443 1133 1530 1185 καὶ
1582 1132 1717 1205 πρὸς
1750 1137 1865 1191 τοῖς

211 1223 411 1284 ἄλλοις
444 1223 610 1277 αὐτοῦ
640 1220 729 1274 καὶ
761 1219 930 1292 μόνου
976 1220 1065 1273 καὶ
1095 1220 1190 1281 τὰς
1225 1219 1397 1280 οτκίας
1433 1220 1586 1286 εἶναι,
1647 1220 1863 1293 ἀποχα-

514 1309 555 1328 δε

208 1314 449 1386 ρίζεσθαι
511 1314 567 1364 8‘s

1512 1306 1553 1323 ΝΚ

622 1310 818 1371 ταύτας
851 1313 967 1371 τοῖς
1000 1308 1267 1371 εὐνοοῦσι,
1325 1313 1445 1371 τοῖς
1508 1308 1562 1361 δὲ
1621 1309 1755 1361 κατά
1812 1329 1863 1361 τι

210 1402 573 1478 ἀφηνιάζονσι
630 1399 718 1451 καὶ
776 1399 875 1465 τήν
936 1398 1097 1471 χάριν
1158 1395 1495 1469 ἀνατρέπειν,
1553 1394 1760 1450 δίκαιον
1819 1394 1863 1449 δ’

209 1492 344 1545 εἶναι
406 1489 495 1542 καὶ
550 1488 619 1542 τὰ
672 1491 779 1540 τῶν
843 1485 1061 1549 ὄπισθεν
1120 1485 1336 1559 χρόνων
1399 1486 1683 1554 ἀναζητεῖν
1734 1483 1862 1545 τοὺς

212 1578 559 1638 ἐνοικοῦντας
631 1575 864 1631 ἐποίκια.
957 1572 1478 1651 Ἀνεκειραλαιοῦντο
1563 1573 1865 1647 παραυτίκα

210 1668 420 1739 κόσμιά
469 1687 527 1720 τε
580 1669 811 1719 παντοῖα
866 1663 956 1717 καὶ
986 1661 1191 1717 ἔπιπλα
1216 1664 1303 1717 καὶ
1336 1669 1437 1717 πᾶν
1471 1664 1499 1717 ὃ
1528 1685 1580 1717 τι
1610 1684 1693 1724 τις
1724 1666 1863 1738 εἶχε,

208 1757 303 1811 καὶ
331 1757 395 1810 τὸ
430 1760 612 1827 μεῖζον
642 1754 917 1829 ἐκρίνοντο
947 1754 1033 1807 καὶ
1070 1753 1144 1813 εἷς
1198 1753 1546 1815 καθοσίωσιν.
1598 1753 1864 1824 Ἠτοιμά-

1976 599 2123 662 ἐντὸς
2151 608 2245 657 τοῦ
2276 606 2413 660 κατὰ
2438 608 2530 661 τὸν
2582 607 2763 681 Φάρον
2818 608 3042 681 λιμένος
3086 611 3619 684 γνωσιμαχήσαντας

1976 689 2267 746 ὑποκΑῖναί
2296 715 2353 748 τε
2396 695 2486 749 καὶ
2521 696 2874 772 ὑποστρέψαι.

1973 851 2038 909 κ’.
2073 852 2150 907 Τὸ
2181 856 2316 907 κατὰ
2342 855 2433 908 τὸν
2471 854 2675 928 ῥήτορα
2703 858 2801 919 τῆς
2852 854 3145 931 ἐκκλησῖας
3195 854 3472 931 διηγημα,
3531 856 3619 911 καὶ

2362 927 2476 980 τοῦν
2504 930 2848 1004 συγγραφέως
2890 927 3058 1002 σχετλ
3071 928 3225 990 ίασις.

2042 1047 2268 1109 Τούτοις
2303 1050 2638 1121 προσκείσθω
2668 1052 2758 1104 καὶ
2803 1052 2866 1105 τὸ
2910 1051 3043 1106 κατᾶ
3088 1052 3178 1105 τὸν
3234 1052 3439 1126 ῥήτορα
3497 1048 3619 1119 8115--

1971 1157 2147 1209 γημα,
2200 1134 2426 1211 φοϐερὸν
2459 1139 2514 1192 ὃν
2548 1137 2702 1206 ἰδεῖν,
2737 1135 2965 1217 φοϐερὸν
2998 1137 3054 1193 δὲ
3103 1140 3193 1193 καὶ
3226 1145 3437 1204 παθεῖν,
3469 1138 3616 1206 πλὴν

1975 1223 2073 1278 οὐκ
2128 1224 2214 1278 ἐπὶ
2257 1226 2451 1280 τούτου
2482 1232 2580 1281 τοῦ
2622 1233 2813 1302 καιροῦ
2862 1229 3104 1302 γεγονὸς,
3140 1226 3285 1282 ἀλλά
3333 1227 3619 1302 πρότερον.

1976 1311 2325 1386 Συνάπτομεν
2359 1313 2414 1369 δὲ
2444 1322 2559 1378 τοῖς
2595 1314 2789 1378 δεινοῖς
2834 1318 2901 1370 τὰ
2953 1315 3099 1370 δεινὰ
3130 1316 3207 1377 εἷς
3237 1318 3336 1384 τὴν
3369 1324 3467 1384 τῆς
3498 1317 3621 1370 τότε

1978 1400 2096 1474 βίας
2155 1404 2506 1475 παράστασιν.
2565 1405 2632 1460 Αἶ
2696 1406 2748 1457 αἳ
2804 1403 2886 1458 ὅτι
2930 1404 3019 1458 καὶ
3076 1408 3308 1458 τοσαῦτα
3360 1404 3623 1466 παθόντες

1972 1494 2086 1549 τοῖς
2146 1488 2362 1565 ὕστερον
2422 1490 2643 1553 ἐλθοῦσι
2704 1490 2845 1563 μηδὲ
2900 1498 3133 1569 φανεῖσι,
3170 1494 3244 1564 μὴ
3308 1491 3508 1565 λέξασι,
3545 1495 3618 1560 μὴ

1972 1578 2222 1649 παθοῦσι,
2286 1580 2448 1649 μόνον
2511 1578 2557 1635 δ’
2616 1581 2838 1652 ἀφανείᾳ
2892 1576 3137 1655 κρυϐεῖσι
3169 1580 3258 1635 καὶ
3297 1586 3393 1635 τοῦ
3447 1578 3619 1653 μηδε-

1978 1670 2101 1736 μιᾶς
2136 1666 2407 1738 ἀξιοῦσθαι
2443 1668 2728 1743 φροντίδος
2764 1669 2947 1744 χάριν,
3008 1670 3229 1739 ἀπηνῶς
3274 1669 3619 1744 ἐκρινόμεθα,

3022 1760 3044 1775 ν’

1975 1751 2199 1809 εἷ’πωόὲ
2227 1756 2316 1809 καὶ
2375 1758 2687 1831 κρινόμεοα.
2748 1760 2948 1831 Ὑμεῖς,
3009 1760 3053 1811 ὧ
3118 1759 3287 1828 οὗτοι,
3339 1757 3466 1819 τοὺς
3519 1764 3620 1827 τῆς

211 1852 373 1915 ζοντο
405 1841 462 1898 δὲ
510 1843 597 1897 καὶ
644 1841 893 1921 ιρορτίδες
941 1846 1037 1895 τοῦ
1070 1841 1397 1915 ἐξορίζεσθαι
1453 1840 1579 1904 τοὺς
1607 1838 1715 1910 ἤδη
1767 1863 1941 1943 κοί-Β
1974 1842 2327 1913 Ἐκκλησίαςο
2384 1852 2489 1900 ποῦ
2549 1848 2765 1907 στάντες
2826 1846 2859 1915 ἢ
2918 1851 3023 1901 ποῦ
3086 1846 3270 1920 βάντες
3328 1847 3362 1915 ἢ
3420 1846 3471 1901 τί
3528 1847 3618 1900 καὶ

1229 1928 1270 1948 ’ΝΚ

206 1933 502 2008 τακρίτους
560 1930 872 1992 δοκοῦντας.
926 1932 1004 1986 Οὐ
1058 1931 1163 2003 μὴν
1226 1928 1281 1984 δὲ
1317 1930 1405 1983 καὶ
1458 1932 1654 2004 μέχρις
1705 1928 1860 1984 ἐλπι-

211 2027 370 2095 σμῶν
402 2023 468 2077 τὰ
500 2020 649 2076 δεινᾶ
677 2022 833 2089 ἦσαν,
869 2019 1014 2074 ἀλλᾶ
1043 2020 1132 2074 καὶ
1165 2021 1325 2094 πείρᾳ
1362 2020 1503 2081 τινὲς
1534 2024 1640 2073 τῶν
1676 2016 1862 2072 δεινῶν

214 2117 499 2186 μετεῖχον,
535 2111 608 2172 ὡς
639 2109 764 2170 τοὺς
803 2110 895 2180 μὲν
930 2109 1006 2170 εἷς
1039 2114 1281 2179 Λῆμνον,
1314 2108 1441 2171 τούς
1467 2105 1512 2161 δ’
1543 2106 1594 2169 ἐς
1632 2112 1864 2183 Σκῦρον,

210 2200 421 2261 ἔιἈλους
454 2198 498 2254 δ’
530 2199 581 2262 ἐς
618 2199 735 2255 Κέω
766 2200 856 2253 καὶ
890 2198 1095 2260 ἄλλους
1117 2197 1167 2258 ἐς
1190 2198 1416 2259 Νικαίας
1441 2197 1602 2251 πόλιν
1623 2197 1866 2273 περιορί-

735 2286 775 2305 ὐ

214 2297 423 2360 ζεσθαι,
475 2287 680 2352 ἅλλοτς
731 2286 775 2342 δ’
829 2289 980 2348 αὖθις
1032 2292 1129 2351 τῆς
1163 2286 1377 2348 πόλεως
1414 2286 1541 2349 τοὺς
1578 2288 1671 2359 μὲν
1706 2286 1870 2341 ἀκου-

210 2384 366 2447 σίως,
398 2379 529 2440 τοὺς
586 2377 629 2432 δ’
676 2380 896 2441 ἑκόντας
949 2378 1294 2452 ἐξορίζεσθαι,
1351 2381 1430 2448 [Ρ.
1482 2378 1609 2443 266]
1659 2374 1866 2438 ἄλλους

216 2604 479 2659 scribere
511 2602 593 2657 illi
620 2600 804 2670 jussit
834 2617 1337 2672 unumquemque,
1362 2602 1515 2657 haud
1550 2602 1668 2658 scio
1700 2618 1871 2674 quem

214 2695 289 2748 ad
325 2708 526 2761 usum,
553 2692 663 2745 nisi
692 2691 836 2746 forte
865 2696 926 2744 ut.
957 2691 1421 2761 subscriptiones
1453 2691 1874 2746 ecclesiastico-

217 2800 353 2838 rum
369 2780 730 2852 expressisse
748 2781 985 2834 tandem
1016 2780 1207 2851 ipsum
1227 2781 1381 2835 fama
1395 2781 1872 2851 vulgante,multi

218 2874 495 2943 putarent
526 2870 683 2939 ipsos
706 2869 774 2923 ad
802 2869 999 2923 omnia
1021 2869 1428 2941 assensos,qui
1459 2869 1679 2925 scilicet
1705 2871 1874 2940 igno-

217 2964 423 3015 rarent
464 2957 611 3012 nihil
664 2957 1127 3012 ecclesiasticum
1180 2975 1245 3013 eo
1296 2958 1515 3028 scripto
1565 2958 1870 3014 contineri.

220 3050 530 3120 Promptos
554 3064 615 3103 se
638 3047 856 3119 passim
879 3048 949 3101 ad
977 3047 1068 3102 isti
1094 3047 1590 3102 subscribendum
1614 3047 1875 3103 formula:

219 3137 608 3194 ecclesiastici
663 3136 1025 3206 praebebant,
1076 3136 1294 3206 prolixe
1344 3136 1683 3207 imperatori
1730 3136 1876 3191 bene

222 3232 555 3299 precantes,
589 3228 785 3281 verbis
820 3227 934 3281 illis
968 3227 1069 3281 Dei
1118 3228 1189 3281 ad
1234 3228 1631 3282 Ahrahamum
1667 3243 1678 3281 :
1708 3249 1729 3275 ι
1766 3227 1874 3293 Qui

216 3317 627 3373 benedixerint
687 3315 815 3383 tibi,
875 3315 995 3370 sint
1051 3316 1161 3387 ipsi
1222 3316 1552 3371 benediCti:
1588 3317 1733 3371 89]
1774 3317 1874 3387 qui

215 3405 631 3461 maledixerint
674 3405 806 3469 tibi,
841 3404 1234 3460 maledictioni
1288 3406 1705 3475 subiaceant.»
1745 3406 1875 3460 Post

218 3495 342 3551 haec
374 3494 626 3550 immisit
669 3494 1009 3549 satellitium
1064 3511 1236 3548 suum
1292 3496 1507 3564 passim
1562 3495 1619 3548 in
1671 3495 1875 3549 domos

219 3588 551 3640 scrutatum
586 3587 643 3637 et
674 3588 1094 3638 contrectatum
1118 3584 1317 3638 odiose
1349 3584 1579 3647 intima,
1604 3585 1731 3638 sine
1762 3584 1876 3638 dis-

223 3674 475 3729 crimine
506 3673 837 3728 innocentis
883 3677 985 3727 aut
1028 3673 1268 3741 culpati.
1304 3672 1630 3743 Allegabat,
1663 3690 1732 3727 ex
1762 3690 1876 3743 quo

221 3765 351 3834 ipse
376 3764 582 3819 urbem
613 3778 682 3817 ex
701 3762 865 3817 hoste
886 3763 1128 3833 ceperit,
1157 3763 1215 3816 in
1240 3779 1413 3817 suum
1447 3762 1749 3833 proprium
1776 3764 1876 3833 jus

220 3852 515 3908 transisse
536 3852 743 3906 domos
765 3851 894 3921 ejus
916 3852 1240 3906 universas.
1263 3852 1479 3905 Harum
1509 3868 1678 3921 porro
1704 3868 1875 3906 usum

220 3943 372 3997 citra
399 3941 655 4013 pretium
682 3940 985 4012 indulgere
1018 3956 1079 3996 se
1111 3941 1242 3996 fidis
1274 3940 1387 3995 sibi
1414 3957 1426 3995 :
1456 3940 1748 4012 suspectis
1776 3958 1877 3995 au-

222 4037 343 4088 tem
379 4034 439 4086 et
468 4031 723 4102 quadam
752 4029 807 4085 in
840 4047 899 4086 re
921 4031 1031 4085 sibi
1059 4046 1260 4102 parere
1283 4030 1681 4086 abnuentibus
1706 4031 1878 4086 istam

223 4120 381 4177 nolle
412 4123 662 4192 gratiam
697 4120 906 4187 facere,
931 4120 1033 4175 sed
1061 4124 1119 4173 et
1149 4135 1218 4174 ex
1249 4119 1338 4173 bis
1361 4120 1496 4189 jure
1527 4134 1589 4173 se
1621 4125 1879 4175 utentem

222 4228 333 4267 suo
368 4210 623 4281 pretium
654 4208 962 4265 locationis
994 4210 1355 4281 respondens
1395 4225 1684 4265 concessa:
1718 4209 1880 4264 habi-

223 4300 435 4355 tationi
480 4304 564 4354 tot
609 4304 763 4353 retro
810 4315 1096 4354 annorum
1153 4303 1435 4370 repetere.
1472 4300 1534 4354 In
1584 4316 1879 4353 summam

224 4405 366 4462 ergo
411 4388 822 4444 conferebatur
854 4388 1099 4459 pecunia
1147 4387 1342 4443 debita
1374 4404 1475 4459 pro
1508 4405 1617 4442 usu
1668 4388 1880 4442 aedium

229 4482 303 4534 ab
336 4479 509 4534 annis
547 4479 671 4548 jam
705 4483 838 4533 ante
870 4477 1100 4544 multis;
1134 4482 1191 4531 et
1222 4478 1350 4547 ejus
1385 4494 1638 4546 praesens
1672 4476 1882 4532 solutio

227 4568 594 4639 exigebatur,
626 4566 805 4638 idque
836 4567 1145 4639 peracerba
1181 4565 1526 4637 pignoribus
1558 4566 1755 4621 statim
1789 4583 1881 4620 ca-

226 4658 344 4729 ptis
376 4661 433 4712 et
464 4673 528 4712 eo
558 4656 795 4711 nomine
839 4656 1035 4711 ablata
1065 4654 1337 4711 familiari
1386 4654 1769 4726 supellectile.
1801 4657 1882 4709 Ita

224 4747 653 4803 corradebatur
682 4746 970 4818 quidquid
1004 4746 1335 4800 ornamenti
1369 4751 1471 4800 aut
1502 4746 1767 4817 pretiosae
1801 4746 1880 4800 rei

225 4838 389 4892 cives
415 4836 477 4891 in
500 4836 727 4891 adibus
751 4836 1067 4891 habebant.
1093 4835 1278 4891 Naves
1302 4837 1474 4890 etiam
1506 4836 1880 4906 parabantur,

229 4944 361 4999 quas
384 4925 642 4997 illos,qui
659 4926 784 4996 jam
809 4926 954 4981 satis
975 4926 1104 4997 ejus
1129 4924 1393 4980 criminis
1416 4926 1700 4997 comperti
1724 4926 1886 4979 dam-

231 5017 474 5088 natique
524 5015 882 5084 viderentur,
913 5015 970 5069 in
1021 5016 1184 5070 varia
1233 5014 1437 5071 exsilia
1486 5015 1882 5085 deportarent.

226 5106 343 5161 Nec
366 5105 495 5177 jam
520 5103 577 5159 in
608 5104 788 5160 minis
810 5109 912 5160 aut
934 5105 1060 5160 sola
1080 5104 1514 5176 exspectatione
1537 5103 1690 5158 mala
1714 5104 1887 5158 haere-

229 5196 393 5262 bant,
417 5195 520 5250 sed
551 5194 611 5249 in
640 5212 897 5267 prasens
928 5194 1164 5249 illorum
1192 5194 1656 5265 experimentum
1688 5194 1886 5248 miseri

228 5284 652 5351 trahebantur;
702 5301 953 5357 quorum
990 5282 1173 5355 aliqui
1226 5283 1282 5337 in
1336 5284 1644 5350 Lemnum,
1680 5283 1776 5337 alii
1826 5283 1885 5337 in

230 5379 499 5445 Scyrum,
536 5373 801 5428 nonnulli
837 5376 893 5427 in
926 5375 1127 5440 Ceum,
1154 5373 1394 5444 quidam
1425 5373 1675 5444 denique
1705 5373 1763 5427 in
1790 5391 1885 5427 ur-

231 5463 358 5518 bem
395 5462 645 5518 Nicaeam
698 5464 1123 5535 relegabantur.
1174 5462 1289 5518 Alii
1340 5464 1558 5534 passim
1608 5464 1887 5519 extermi-

236 5553 533 5608 nabantur
583 5555 745 5621 urbe,
778 5553 865 5609 vel
908 5553 1064 5624 jussi
1097 5553 1371 5607 excedere
1422 5553 1767 5608 nominatim
1804 5554 1887 5608 vel

230 5648 439 5712 sponte
507 5645 922 5699 necessitatem
1003 5646 1451 5714 praevertentes,
1506 5644 1888 5714 quibusdam,

233 5734 425 5805 quoad
459 5733 652 5790 adhuc
690 5734 1104 5803 deliberarent,
1138 5749 1326 5804 usque
1371 5734 1439 5788 ad
1475 5734 1801 5806 Selybriam
1836 5738 1892 5789 et

1975 1935 2276 2006 χρτίσιμιον
2307 1931 2667 2007 ἐνδειξάμενοι
2701 1955 2715 2005 ;
2750 1934 2875 1990 ἀλλ’
2907 1936 3019 2011 οὐχ
3049 1936 3199 2007 ὑμῖν,
3229 1940 3345 1997 τοῖς
3380 1933 3437 1989 δῖε
3468 1933 3615 2005 δεξα-

1978 2023 2157 2094 μένοις
2205 2026 2238 2091 ἡ
2276 2022 2501 2097 μέμψις,
2558 2023 2892 2097 καὶμᾶλλον
2926 2024 3008 2079 ὅτι
3067 2024 3335 2086 κάκείνοις
3384 2024 3628 2088 ἐπιτιθε-

1980 2112 2161 2183 μὲνοις
2210 2111 2521 2185 ἐχρώμεθα.
2584 2112 2760 2168 Ἀλλὰ
2790 2115 2854 2168 τὰ
2913 2115 3006 2186 μὲν
3065 2115 3187 2189 περὶ
3231 2115 3440 2169 τούτων
3473 2114 3619 2175 ἅλις.

1977 2204 2113 2273 ἡμῖν
2148 2199 2205 2256 δὲ
2233 2205 2421 2275 καιρὸς
2458 2205 2520 2257 τὸ
2551 2204 2728 2258 καινὸν
2758 2202 3062 2279 διηγεῖσθαι
3098 2202 3367 2279 διήγημα.
3417 2206 3626 2278 Ἡμέρα

1977 2292 2043 2359 ἦν
2072 2290 2123 2345 ἐν
2151 2296 2268 2355 τοῖς
2299 2294 2465 2368 ἱεροῖς
2497 2292 2816 2368 ἀνακτόροις
2851 2296 3133 2365 συνάξεως,
3184 2292 3273 2348 καί
3330 2297 3364 2362 ἡ
3419 2294 3628 2363 σ·3ναξις

1978 2378 2116 2454 tegi,
2142 2380 2229 2433 καὶ
2262 2379 2383 2434 ὅσον
2416 2379 2467 2434 ἐν
2516 2379 2912 2455 ἱερομονάχοις
2951 2380 3059 2439 καὶ.
3090 2379 3278 2445 ἄλλως
3305 2382 3630 2457 ἱερωμένοις

1984 2603 2357 2660 Rhaedestum
2389 2605 2591 2661 exsilio
2632 2606 2939 2677 przefinito,
2975 2606 3275 2663 nonnullis
3319 2607 3464 2665 citra
3495 2624 3632 2680 por-

1986 2698 2108 2748 tum
2142 2695 2239 2765 qui
2284 2696 2354 2749 ad
2404 2695 2649 2750 Pharum
2685 2700 2800 2761 est;
2854 2712 3105 2767 quorum
3159 2696 3327 2751 multi
3378 2696 3532 2752 malo
3558 2699 3630 2753 ad

1984 2800 2293 2839 assensum
2326 2784 2517 2854 tracti,
2567 2785 2925 2855 professique
2966 2802 3028 2840 se
3078 2786 3206 2857 paci
3239 2786 3630 2857 acquiescere,

1984 2871 2345 2945 postliminio
2378 2873 2629 2928 revocati
2663 2874 2933 2929 redibant
2962 2875 3227 2929 domum.

1980 3015 2072 3068 20.
2107 3016 2371 3071 Narratio
2399 3017 2663 3086 supplicii
2702 3017 2898 3071 atrocis
2947 3016 3181 3085 irrogati
3227 3018 3455 3084 rhetori,
3489 3025 3540 3072 et
3570 3017 3634 3072 de

2449 3104 2508 3143 eo
2542 3087 2867 3143 lamentatio
2899 3088 3173 3142 historici.

1905 3248 1947 3314 α
2058 3227 2161 3282 His
2193 3230 2443 3284 addatur
2482 3231 2737 3285 narratio
2770 3231 2843 3284 de
2888 3230 3137 3297 rhetore,
3171 3233 3335 3285 atrox
3365 3232 3631 3303 qumdam

1985 3323 2041 3373 et
2088 3318 2369 3373 terribilis
2416 3320 2593 3374 etiam
2633 3320 3060 3391 spectantibus,
3087 3319 3275 3375 multo
3310 3321 3498 3392 magis
3530 3339 3631 3392 pa-

1982 3406 2531 3478 tienti.Quanquam
2558 3409 2679 3463 hmc
2702 3410 2940 3479 quidem
2970 3426 3061 3463 res
3087 3426 3196 3463 non
3230 3409 3337 3463 hoc
3372 3415 3635 3480 tempore

1981 3497 2246 3568 contigit,
2300 3499 2399 3552 sed
2460 3498 2630 3569 paulo
2690 3503 2844 3553 ante.
2882 3499 3223 3552 Referemus
3269 3504 3463 3553 autem
3527 3500 3635 3555 hoc

1983 3584 2129 3653 loco,
2163 3587 2314 3642 392
2348 3588 2771 3657 conjungentcs
2816 3587 3034 3641 similia
3082 3587 3400 3652 similibus,
3434 3590 3635 3655 gravia

1982 3677 2280 3747 gravibus,
2334 3678 2391 3731 in
2450 3679 2745 3748 specimen
2805 3677 3068 3731 exercitm
3130 3682 3270 3730 tunc
3328 3676 3636 3735 violentiae.

1984 3766 2135 3821 lieu!
2169 3766 2275 3820 heu
2312 3766 2556 3820 miseros
2589 3768 2715 3821 nos!
2754 3767 2910 3836 quod
2936 3770 3100 3820 tanta
3135 3766 3290 3836 passi
3315 3768 3386 3821 ab
3410 3766 3500 3821 his
3534 3767 3635 3837 qui

1986 3855 2277 3925 posterius
2298 3859 2605 3919 venerunt,
2632 3871 2881 3925 quorum
2917 3854 2973 3908 in
2998 3854 3108 3909 hoc
3132 3859 3250 3910 toto
3277 3856 3507 3925 negotio
3532 3872 3637 3910 nec

1986 3942 2163 3998 facies
2195 3943 2318 3998 visa
2342 3959 2446 3998 nec
2476 3943 2676 3998 audita
2696 3959 2805 3997 vox
2830 3947 2946 4010 est;
2980 3943 3079 4014 qui
3104 3945 3259 4015 quod
3294 3944 3442 3998 nihil
3474 3944 3634 4016 passi

1986 4037 2145 4099 sunt,
2178 4033 2520 4088 obscuritati
2556 4050 2672 4087 suae
2697 4032 3026 4103 vilitatique
3056 4034 3405 4100 debuerunt,
3431 4034 3637 4104 utique

1988 4138 2103 4175 non
2137 4122 2280 4175 tanti
2314 4121 2523 4189 habiti,
2549 4131 2611 4175 ut
2642 4138 2846 4177 curare
2867 4122 2937 4175 de
2964 4122 3108 4191 ipsis
3131 4127 3233 4177 aut
3264 4122 3506 4177 omnino
3536 4139 3636 4177 co—

1987 4210 2171 4281 gitare
2203 4211 2587 4281 dignarentur
2616 4210 2715 4280 qui
2763 4210 2882 4264 hrec
2916 4211 3242 4265 movebant.
3278 4212 3362 4266 Ab
3393 4212 3507 4279 his,
3542 4211 3632 4265 in-

1988 4300 2779 4371 quam,nonjudicabamur;
2800 4303 2854 4354 et
2873 4300 3010 4370 quid
3037 4300 3635 4369 dicojudicabamur?

1991 4407 2145 4444 nunc
2178 4406 2409 4461 quoque
2432 4390 2790 4458 judicamur.
2827 4392 2941 4444 Vos
2976 4388 3263 4460 alloquor,
3298 4407 3331 4443 o
3362 4391 3638 4445 ecclesia-

1990 4479 2145 4545 stici,
2179 4479 2276 4532 ubi
2309 4482 2554 4544 stantes,
2579 4482 2679 4532 aut
2709 4495 2824 4549 quo
2858 4478 3173 4549 progressi,
3208 4482 3310 4532 aut
3341 4480 3478 4549 quid
3510 4496 3637 4534 om-

1992 4568 2131 4623 nino
2162 4568 2218 4621 in
2257 4584 2628 4623 communem
2660 4566 2974 4623 utilitatem
3024 4568 3284 4638 operati?
3313 4569 3411 4622 sed
3448 4575 3641 4623 vestra

1992 4659 2113 4713 hare
2145 4657 2317 4730 culpa
2348 4674 2459 4711 non
2485 4663 2592 4712 est.
2622 4657 2707 4712 Illi
2732 4661 2871 4711 sunt
2902 4656 3359 4725 reprehendendi
3392 4656 3490 4727 qui
3530 4658 3643 4712 ista

1994 4752 2373 4819 acceperunt;
2410 4763 2747 4818 quanquam
2799 4751 2889 4800 est
2936 4745 3092 4799 aliud
3136 4747 3330 4815 majus
3379 4748 3535 4816 quod
3572 4749 3643 4801 iis

1994 4853 2465 4892 succenseamus.
2496 4836 2617 4892 Non
2660 4835 2814 4891 enim
2850 4834 3133 4890 tolerasse
3164 4834 3249 4890 vel
3281 4836 3642 4906 approbasse

1994 4924 2249 4979 contenti
2282 4925 2437 4995 quod
2470 4922 2565 4977 alii
2610 4924 2883 4995 agebant,
2916 4923 2973 4976 in
3008 4927 3231 4994 partem
3266 4923 3378 4995 ipsi
3412 4924 3642 4995 injuria:

1993 5016 2309 5080 venerunt;
2343 5012 2453 5084 ipsi
2476 5011 2534 5066 in
2559 5029 2664 5066 nos
2687 5011 2885 5066 infesti
2912 5016 3178 5077 ruerunt,
3204 5012 3466 5083 ipsorum
3490 5014 3648 5068 auxi-

1996 5101 2200 5157 ]iarem
2251 5118 2484 5172 operam
2537 5102 2756 5156 nostris
2804 5102 3253 5172 oppressoribus
3306 5103 3644 5158 navantium

1999 5192 2220 5265 experti
2243 5191 2358 5245 vim
2383 5208 2612 5245 sumus.
2638 5192 2745 5247 Sed
2773 5190 3147 5262 querelarum
3172 5192 3336 5246 satis.
3366 5193 3427 5247 Id
3453 5194 3648 5265 potius

2000 5283 2150 5354 quod
2184 5281 2556 5352 suscepimus
2587 5296 2872 5352 agamus:
2908 5296 3041 5334 nam
3075 5280 3155 5334 rei
3191 5298 3346 5335 novae
3380 5282 3649 5353 inopina-

1999 5377 2186 5442 taeque
2236 5370 2548 5424 referendae
2582 5370 2688 5423 hoc
2720 5374 2952 5439 tempus
3000 5368 3305 5440 elegimus.
3340 5371 3475 5426 Dies
3524 5377 3652 5427 erat

1998 5460 2374 5517 ecclesiastici
2411 5464 2733 5513 conventus
2766 5459 2822 5511 in
2859 5474 3025 5512 sacro
3056 5458 3291 5530 palatio.
3320 5464 3380 5515 In
3415 5479 3648 5516 sacrum

1999 5570 2131 5608 eum
2161 5554 2371 5605 emtum
2405 5548 2714 5603 collectum
2749 5549 2939 5603 fuerat
2964 5554 3251 5619 quantum
3286 5556 3410 5605 erat
3430 5556 3556 5605 tum
3594 5553 3649 5606 in

2000 5643 2145 5697 urbe
2167 5640 2534 5696 sacerdotum
2556 5644 2612 5694 et
2635 5638 3078 5693 monachorum.
3106 5640 3316 5695 Aderat
3333 5646 3390 5695 et
3412 5642 3654 5713 patriar-

2002 5733 2111 5789 cha
2165 5748 2296 5786 eum
2352 5730 2627 5784 universa
2685 5730 2929 5801 synodo.
2987 5728 3426 5786 Deliberationis
3479 5748 3654 5803 argu-
