4242 6438
640 399 749 455 847

1937 391 2240 450 GEORGII
2275 393 2742 451 PACHYMBBB

3956 392 4068 448 848

639 520 731 575 καὶ
767 523 1036 592 μοναχοῖς
1064 513 1376 588 πάνδημος.
1405 519 1589 590 Παρῆν
1621 511 1676 569 δὲ
1697 515 1784 569 καὶ
1808 514 2158 590 πατριάρχης
2191 509 2280 567 καὶ
2313 518 2366 584 Α
2397 511 2670 588 ῥησίαζεν·
2717 517 2752 584 ὴ
2809 511 2854 569 δ’
2913 514 3008 584 ἦν,
3068 513 3142 575 ὡς
3203 511 3405 568 ἐκεῖνον
3461 512 3661 589 λέγειν,
3711 516 3746 583 ὴ
3799 514 3939 589 πρὸς
3971 515 4064 568 τὸν

643 610 822 663 ἅπασα
854 604 1099 667 σύνοδος.
1127 607 1189 662 ἹΙ
1214 603 1270 660 δὲ
1293 606 1478 677 σκέψις
1506 604 1626 678 περὶ
1659 611 1759 672 τῆς
1787 605 2116 675 κινουμένης
2144 603 2294 676 εἷ’ρη-

643 719 740 766 νης
780 695 1012 765 ἐκείνης,
1065 694 1204 751 Τότε
1231 699 1358 768 γοῦν
1406 693 1793 759 καθεσθέντων,
1848 691 2190 764 τιμηθέντων
2251 689 2296 744 δ’

645 783 730 838 ἐπὶ
763 779 997 855 καθέδρᾳ
1025 779 1114 835 καί
1145 781 1346 857 ἀμφοῖν
1373 779 1590 833 τούτοιν
1637 779 1712 839 ὡς
1771 777 2293 852 συναγωνιζομένων

642 877 723 944 τῷ
775 870 1025 946 βασιλεῖ,
1068 874 1165 924 τοῦ
1212 890 1269 923 τε
1318 866 1710 943 ἀρχιδιακόνου
1743 867 2158 937 Μελιτηνιώτου
2207 869 2292 920 καὶ

642 966 739 1015 τοῦ
769 945 1336 1035 πρωταποστολαρίου
1397 957 1664 1030 Κυπρίου.
1722 959 1748 1010 6
1809 955 1992 1030 ῥήτωρ
2049 950 2298 1012 Ὀλόϐω-

647 1049 744 1114 λος
768 1049 984 1118 ⁹ίστατο,
1019 1045 1343 1122 προσδοκῶν
1375 1047 1473 1114 τήν
1507 1046 1612 1099 ἀπὸ
1658 1045 1928 1120 βασιλέως
1960 1045 2298 1118 ἐκχώρησιν.

642 1142 655 1157 .
770 1137 812 1158 κ,
915 1139 926 1157 ,
1047 1137 1059 1154 ,
1120 1137 1129 1154 ι
1359 1135 1370 1151 ε
1523 1132 1572 1151 ,κ
1801 1138 1811 1152 ,
1919 1135 1930 1151 ,
1983 1135 1992 1147 ς
2066 1132 2087 1166 ς

662 1148 732 1200 Ως
766 1155 792 1192 ο
871 1158 981 1212 ουχ
1029 1143 1256 1212 ωριζετο
1287 1136 1374 1188 έπι
1409 1147 1674 1209 καθεορας
1725 1156 1814 1188 και
1873 1155 2033 1187 αυτον
2069 1140 2297 1201 εξεσθαι,

647 1227 875 1298 ἐξελθὼν
927 1229 1188 1295 καθῆστο.
1240 1224 1390 1280 Ἐπεὶ
1424 1222 1481 1277 δὲ
1533 1223 1714 1297 λόγων
1765 1225 2097 1295 κινουμένων
2151 1225 2240 1276 καὶ
2273 1225 2300 1276 6

649 1318 833 1394 ῥήτωρ
869 1317 1111 1384 ἐζητεῖτο
1145 1314 1233 1368 καὶ
1284 1315 1562 1387 χρήσιμος
1593 1311 1765 1366 ἐδόκει
1802 1314 1883 1384 [Ρ.
1917 1316 2042 1385 2ὃ7]
2093 1316 2126 1380 ἡ
2162 1333 2297 1384 παρ-

646 1404 804 1460 ουσία
860 1404 1105 1472 ἐκείνου,
1166 1402 1484 1471 ἀνεζητεῖτὸ
1544 1402 1633 1455 καὶ
1689 1403 2010 1476 παρίστατο,
2067 1401 2126 1455 οὐ
2191 1404 2297 1472 μὴν

645 1493 702 1548 δὲ
757 1494 894 1548 ὥστε
957 1491 1132 1546 δοκεῖν
1193 1490 1423 1563 εὐμενὴς
1456 1491 1522 1544 τὰ
1575 1491 1714 1564 πρὸς
1759 1491 1986 1564 βασιλέα
2018 1488 2106 1543 διὰ
2135 1492 2195 1544 τὸ
2229 1492 2301 1551 ὡς

644 1581 804 1652 δῆθεν
838 1590 938 1651 τῆς
985 1580 1208 1651 ἀτιμίας
1261 1579 1472 1648 ἐκείνης
1524 1579 1778 1653 ὑπόγυον.
1830 1581 1984 1632 Ὅθεν
2025 1579 2113 1631 καὶ
2165 1579 2300 1652 έρω-

637 1673 884 1744 τώμενος
936 1671 1036 1725 οὐκ
1081 1671 1427 1740 ἀπεκρίνετο,
1487 1669 1577 1722 καὶ
1629 1668 1994 1740 ὲλπιζόμενος
2041 1669 2109 1722 τα
2162 1669 2297 1740 πρὸς

645 1762 805 1837 χάριν
836 1759 1038 1834 λέγειν,
1070 1759 1280 1819 ἐκεῖνος
1322 1755 1657 1826 παλινῳδίαν
1715 1760 1829 1811 οἷον
1882 1759 2018 1830 πρὸς
2049 1758 2116 1811 τὰ
2164 1759 2298 1831 πρό-

637 1870 793 1922 τερον
845 1847 1244 1919 ποιησάμενος,
1300 1848 1397 1913 τήν
1460 1846 1692 1899 ἐναντίαν
1747 1851 1827 1916 τῷ
1864 1847 2080 1920 βασιλεῖ
2129 1845 2300 1914 δῆλος

2481 599 2539 618 ..κ
2633 604 2644 624 ν
2740 602 2750 620 ι
3019 602 3034 620 \
3263 609 3271 620 ι
3375 597 3415 638 ν.
3687 603 3698 617 ε
3884 603 3898 618 κ

2408 611 2575 655 παιοα
2651 609 2888 671 Ιωαννην
2945 623 3035 655 και
3088 598 3312 676 βασιλέα
3344 621 3544 672 ευνοια,
3600 603 3702 656 Και
3763 603 3790 656 6
3843 623 3939 673 μεν
3995 602 4066 656 εἴ·

2406 711 2525 758 πεν,
2560 691 2609 744 oi
2643 689 2699 744 δὲ
2729 690 2852 757 περί
2879 692 2969 744 τὸν
3031 690 3254 762 βασιλέα
3305 690 3379 752 ὡς
3427 687 3583 757 δῆθεν
3619 691 3932 752 εὐνοοῦντες
3987 691 4064 751 εἷς

2408 780 2567 854 χάριν
2628 779 2799 842 ἄλλος
2857 779 3090 834 ἄλλοθέν
3148 780 3308 842 ποθεν
3366 777 3770 849 ἐκπηδήσαντες
3827 778 4064 850 διασπᾷν

2409 870 2632 943 ὥρμων.
2695 869 2850 925 Ἀλλ’
2901 871 2927 921 ὁ
2964 867 3217 943 βασιλεὺς
3247 869 3320 928 ὡς
3353 866 3511 936 δῆθεν
3545 867 4065 944 φιλανθρωπευόμε-

2406 979 2499 1019 νος
2550 957 2834 1025 διεκώλυε,
2887 959 3074 1029 καιρὸν
3123 957 3197 1018 εἰς
3250 953 3524 1026 ἐκδίκησιν
3563 956 3693 1022 θεὶς,
3746 958 3818 1018 ὡς
3868 954 4067 1027 ἔδειξεν

2408 1047 2649 1122 ὕστερον⁸
2682 1049 2742 1103 Ὀ
2779 1048 2872 1120 μὲν
2920 1045 3012 1100 οὖν
3047 1048 3231 1121 ῥήτωρ
3262 1046 3360 1114 τήν
3390 1049 3489 1098 τοῦ
3519 1049 3847 1114 κρατοῦντος
3882 1046 4052 1120 ὀργήν

2409 1136 2726 1190 ὑποπτεύων
2751 1141 2818 1208 τῇ
2867 1134 3131 1205 ἐκκλησίᾳ
3177 1137 3530 1208 προστρέχει,
3589 1135 3680 1187 καὶ
3711 1138 3834 1209 παρ’
3889 1135 4061 1202 αὐτῆς

2405 1227 2606 1295 ἤλπιζε
2665 1227 2963 1294 σώζεσθαι.
3025 1226 3084 1280 ὐ
3141 1221 3196 1277 δὲ
3258 1219 3441 1276 λαϐὼν
3495 1223 3694 1286 ἐκεῖθεν
3753 1225 4058 1297 περιορίζει

2412 1316 2488 1376 είς
2543 1315 2811 1379 Νίκαιαν,
2879 1314 2954 1374 ὡς
3015 1313 3094 1366 ἐπ’
3158 1312 3404 1384 εὐμενείᾳ
3464 1310 3624 1380 δῆθεν
3671 1312 3746 1373 εἷς
3801 1315 3902 1380 τήν
3962 1318 4062 1366 τοῦ

2406 1403 2684 1465 Ὑακίνθου
2738 1400 3091 1479 ἀποστέλλων
3157 1403 3329 1473 μονήν
3365 1442 3376 1455 .
3432 1398 3596 1454 Οὕπω
3656 1400 3856 1475 χρόνος
3918 1404 4068 1456 τετέ-

2407 1493 2592 1548 λεσται
2629 1536 2641 1560 ,
2691 1493 2785 1546 καὶ
2844 1491 3176 1562 κινουμένων
3236 1490 3358 1543 τότε
3405 1494 3511 1543 τῶν
3570 1489 3880 1562 ἡμετέρων,
3944 1489 4062 1543 ἐπεὶ

2404 1584 2652 1636 κάκεῖνον
2710 1580 2876 1649 ἤκουε
2932 1586 3038 1634 τῶν
3101 1577 3444 1651 δεδογμένων
3503 1578 3850 1648 ἀποστατεῖν,
3909 1577 4060 1648 δεξα-

2412 1692 2567 1744 μενος
2621 1671 2708 1723 καὶ
2769 1669 3093 1742 κατηγορίας
3140 1671 3212 1740 μὴ
3278 1668 3654 1741 προσηκούσας
3712 1667 3896 1739 ἐκείνῳ
3932 1666 4063 1739 μηδ’

2411 1763 2685 1827 ὁπωσοῦν,
2746 1759 2977 1813 ἄλλοθεν
3036 1759 3222 1831 καιρὸν
3277 1756 3504 1828 νομίσας
3557 1756 3801 1810 κάκεῖνον
3857 1757 3950 1828 μὶν
3979 1778 4061 1810 τι·

2994 1845 3131 1874 ὶ-ὶξν

2415 1851 2866 1923 μωρῆσαι,ἡμᾶς
2899 1845 2954 1901 δὲ
2991 1845 3293 1916 δεδίξασθαι
3347 1846 3548 1900 ἐκεῖνον
3597 1847 3727 1899 εἶναι
3785 1846 3880 1899 τὸν
3930 1844 4062 1920 πρέ-

643 1939 711 2007 ἦν
747 1936 983 2014 βαδίζων
1018 1938 1090 1998 ὡς
1137 1937 1212 2007 μή
1249 1937 1597 1997 συνοίσοντος
1640 1933 1887 2007 οὐδείμοῦ
1938 1939 2033 1989 τοῦ
2079 1935 2152 1996 είς
2201 1938 2295 2004 ζή·
2332 1911 2378 1975 Β
2411 1960 2604 2005 ποντα,
2661 1936 2877 2009 πέμπον
2935 1937 3036 1990 ὑπὸ
3081 1935 3302 2008 δεσμοῖς
3362 1934 3498 2009 ἄγει,
3560 1937 3648 1989 καὶ
3707 1940 3927 2009 πρῶτον
3967 1936 4060 2006 μὲν

638 2050 794 2098 τησιν
829 2027 1218 2102 προκειμένου.
1254 2024 1356 2080 Καὶ
1393 2023 1545 2084 εὐθὺς
1599 2021 1807 2098 αἶ’ρεται
1873 2024 1964 2095 μὲν
2018 2029 2098 2094 τῷ
2144 2026 2298 2098 βασι-

639 2118 727 2172 λεῖ
784 2118 811 2170 6
847 2117 1042 2187 θυμὸς,
1094 2115 1184 2168 καὶ
1221 2114 1323 2187 βοῆ
1357 2115 1448 2182 ἦν,
1479 2113 1567 2166 καὶ
1602 2114 1674 2174 ὡς
1709 2110 1935 2174 δύσνους
1967 2113 2046 2166 ἀεὶ
2074 2114 2163 2166 καὶ
2221 2115 2297 2184 τῷ

641 2208 954 2282 φρονήματι
989 2202 1476 2276 ἀλλοπρόσαλλος,
1507 2202 1596 2255 καὶ
1639 2203 1719 2255 ὅτι
1753 2202 1814 2254 ού
1846 2208 1971 2275 παρ’
2002 2201 2176 2270 ἄλλην
2215 2201 2302 2254 αἶ’-

641 2296 754 2350 τίαν
780 2293 907 2348 ἀλλ’
930 2293 1061 2347 αὐτὸ
1086 2297 1248 2346 τοῦτο
1269 2293 1330 2345 τὸ
1354 2292 1432 2344 ἀεὶ
1461 2289 1700 2345 δυσνοεῖν
1724 2290 1814 2344 καὶ
1836 2291 1897 2344 τὸ
1920 2291 2006 2344 ἐπὶ
2028 2298 2128 2360 τῆς
2152 2291 2296 2365 ῥινὸς

640 2386 926 2454 πέπονθεν,
987 2383 1370 2452 αἰνιττομένης
1416 2387 1517 2449 τῆς
1577 2387 1775 2448 ποινῆς
1821 2379 2081 2442 ἐντεῦθεν,
2127 2382 2187 2436 Ὁ
2242 2379 2298 2434 δὲ

641 2476 857 2548 ἀκράτῳ
913 2474 1070 2535 πάθει
1133 2469 1457 2548 φιλοτιμίας
1517 2470 1606 2523 καὶ
1661 2467 1786 2542 δόξῃ
1841 2472 2298 2544 καταφρονήσεως

641 2565 810 2638 θυμὸν
844 2561 1067 2636 ἄκαιρον
1131 2561 1288 2633 μίξας
1341 2560 1440 2628 τὴν
1501 2565 1601 2628 τῆς
1649 2564 1846 2628 ποινῆς
1902 2557 2075 2612 αἰτίαν
2129 2557 2297 2635 έπαρ-

637 2785 904 2838 mentum
935 2782 1059 2834 erat
1104 2775 1491 2848 propositum,
1527 2793 1636 2846 pax
1667 2776 2058 2831 Ecclesiarum
2090 2776 2188 2832 illa
2219 2779 2288 2831 de

635 2887 755 2942 qua
786 2868 1063 2924 instituta
1110 2865 1379 2921 tractatio
1429 2866 1634 2921 fuerat.
1667 2866 2122 2921 Considentibus
2165 2869 2288 2937 jam

635 2960 886 3024 cunctis,
920 2962 976 3012 et
1019 2955 1275 3027 dignatis
1332 2954 1552 3009 honore
1599 2953 1889 3010 cathedrae
1938 2972 1971 3010 a
2014 2957 2286 3026 praesenti

631 3053 897 3122 Augusto
929 3047 1162 3102 duobus
1193 3045 1334 3110 illis,
1364 3045 1575 3114 quibus
1606 3045 1677 3100 ad
1711 3046 1768 3099 id
1797 3047 2095 3116 negotium
2123 3047 2288 3117 adju-

633 3141 864 3195 toribus
897 3137 1031 3191 fidis
1065 3135 1365 3204 utebatur,
1399 3134 1810 3194 archidiacono
1842 3134 2199 3191 Meliteniota
2231 3143 2288 3191 et

2409 2029 2630 2097 ἀπηνῶς
2713 2028 3037 2100 προστάσσει
3118 2025 3208 2079 καὶ
3292 2024 3670 2100 ἀπανθρώπως
3738 2024 4061 2092 αἰκίζεσθαι,

2408 2114 2593 2170 ἔπειτα
2653 2114 2707 2169 δὲ
2737 2118 2826 2170 τὸν
2887 2117 3069 2169 καινὸν
3111 2115 3311 2168 ἐκεῖνον
3356 2109 3622 2186 θρίαμϐον
3679 2113 4062 2187 ἀπεργάζεται.

2410 2206 2627 2279 Γχοίνῳ
2679 2207 2778 2278 γὰρ
2843 2210 3022 2278 μακρᾷ
3079 2209 3188 2258 τῶν
3219 2201 3519 2276 τραχήλων
3548 2201 3805 2262 κελεύσας
3837 2199 4068 2269 ἐκδῆσαι

2408 2294 2610 2348 ἐκεῖνόν
2640 2316 2696 2348 τε
2723 2299 2945 2368 πρῶτον
2999 2292 3209 2348 καὶτὸν
3260 2293 3494 2361 Ἰασίτην
3555 2289 3757 2346 Μελίαν
3811 2289 4064 2365 δεύτερον

2407 2385 2496 2438 καὶ
2532 2385 2653 2453 ἑξῆς
2683 2382 2876 2450 ἄλλον,
2917 2381 3020 2443 ἕως
3069 2382 3158 2435 καὶ
3208 2381 3260 2442 ἐς
3320 2378 3447 2434 δέκα
3504 2384 3600 2433 τοῦ
3657 2379 3896 2452 ἀριθμοῦ
3954 2383 4065 2431 τῶν

2406 2470 2615 2548 ἀνδρῶν
2679 2473 3066 2538 ποσωθέντος,
3130 2470 3351 2523 ὕστατον
3425 2466 3482 2522 δὲ
3537 2469 3626 2522 καὶ
3686 2470 3784 2536 τήν
3851 2467 4065 2521 ἐκείνου

2406 2559 2623 2634 ἀνεψιὰν
2681 2560 2755 2621 εἷς
2811 2562 2910 2628 τὴν
2963 2563 3071 2613 τῶν
3120 2562 3356 2632 μαγειῶν
3419 2555 3578 2626 δῆθεν
3628 2553 3876 2626 ἔνδειξιν,
3934 2555 4064 2617 τοὺς

2396 2776 2710 2832 volentiam
2756 2777 3008 2832 debitam
3055 2780 3372 2848 praestaret.
3409 2777 3535 2830 Haec
3580 2790 3712 2830 eum
3755 2773 4050 2841 locutum,

2397 2867 2497 2937 qui
2521 2867 2676 2922 circa
2705 2867 3119 2938 imperatorem
3143 2871 3327 2934 erant,
3350 2865 3446 2919 alii
3475 2863 3710 2919 aliunde
3735 2880 4057 2934 erumpen-

2396 2962 2504 3023 tes,
2529 2958 2685 3026 quod
2719 2956 2803 3011 sic
2833 2958 2882 3011 ei
2932 2956 3248 3027 gratiﬁcari
3299 2971 3361 3010 se
3402 2960 3690 3025 putarent,
3725 2953 3898 3023 quasi
3926 2953 4053 3008 dis-

2397 3047 2652 3116 cerpturi
2685 3047 2995 3117 petierunt.
3030 3045 3244 3099 Verum
3290 3061 3387 3098 eos
3432 3045 3746 3115 imperator
3776 3042 4056 3097 aﬂ'ectata

2397 3136 2815 3189 moderationis
2838 3134 3030 3206 specie
3063 3133 3385 3205 prohibuit,
3408 3148 3640 3203 pinnam
3677 3148 3790 3186 non
3825 3131 4052 3186 condo-

633 3225 1157 3301 protoapostolario
1203 3224 1410 3295 Cyprio
1429 3264 1442 3289 ,
1478 3223 1676 3278 rhetor
1723 3223 2042 3279 Holobolus
2091 3226 2284 3281 stabat
2316 3215 2357 3281 C
2397 3241 2565 3288 nans,
2592 3225 2692 3278 sed
2715 3225 2772 3277 in
2797 3223 2951 3278 aliud
2975 3229 3210 3293 tempus
3232 3223 3530 3286 diﬂ‘erens,
3553 3227 3618 3275 ut
3642 3226 3845 3290 postea
3867 3237 4051 3292 appa-

629 3321 972 3389 exspectans
997 3319 1060 3369 ut
1085 3313 1400 3384 imperator
1423 3312 1617 3383 ipsum
1645 3313 2128 3384 quoquejuberet
2149 3315 2291 3369 assi-

630 3409 798 3474 dere;
834 3405 934 3460 sed
969 3419 1101 3458 cum
1127 3402 1184 3456 id
1209 3401 1307 3456 diu
1336 3401 1555 3456 frustra
1576 3407 1994 3473 exspectasset,
2021 3404 2217 3457 exiens
2241 3405 2291 3458 is

632 3497 691 3550 in
734 3494 998 3566 proximo
1048 3491 1336 3546 consedit.
1371 3489 1784 3560 Disputatione
1834 3507 1965 3544 mox
2016 3491 2291 3546 inchoata

631 3583 954 3656 requisitus
985 3587 1076 3636 est
1107 3579 1326 3648 rhetor,
1353 3580 1525 3649 cujus
1556 3596 1732 3649 opera
1764 3581 2068 3650 praesentis
2099 3582 2288 3650 profu-

628 3679 762 3729 tura
791 3673 945 3728 898
977 3670 1304 3726 videbatur.
1346 3668 1448 3723 Ille
1489 3670 1712 3723 accitus
1755 3670 2004 3738 adstitit,
2039 3672 2141 3725 sed
2175 3673 2282 3725 im-

627 3763 843 3835 placito
895 3762 954 3815 in
1001 3760 1327 3831 principem
1387 3758 1608 3824 animo,
1642 3775 1674 3812 a
1733 3775 1848 3828 quo
1897 3776 1960 3813 se
2019 3765 2281 3830 spretum

624 3853 848 3908 omissa
878 3848 1171 3904 delatione
1217 3847 1501 3902 sessionis
1552 3847 1791 3918 penitus
1839 3848 2278 3919 indignabatur.

619 3943 770 4013 Ergo
796 3940 1192 4010 interrogatus
1225 3937 1413 4008 primo
1446 3946 1653 4008 printer
1703 3936 2037 4008 opinionem
2089 3939 2274 3994 siluit.

624 4031 874 4102 Urgente
921 4045 1056 4083 vero
1105 4026 1604 4098 imperatore,qui
1655 4042 1790 4081 eum
1842 4028 2188 4099 confidebat,
2220 4032 2278 4084 in

623 4137 818 4185 suam,
837 4124 901 4174 ut
919 4122 1110 4182 antea,
1136 4116 1491 4172 sententiam
1515 4116 1875 4182 locuturum,
1902 4116 1996 4171 ille
2019 4133 2132 4171 non
2159 4119 2278 4172 dis-

621 4209 909 4265 simulans
950 4207 1231 4278 poenitere
1263 4221 1324 4259 se
1366 4205 1529 4275 prius
1561 4210 1847 4269 actorum,
1871 4212 1928 4259 et
1956 4209 2277 4264 contrarias

621 4297 962 4370 imperatori
983 4300 1179 4368 partes
1194 4295 1472 4364 deinceps
1487 4299 1760 4348 secuturu
1773 4309 1825 4348 m
1849 4311 1963 4364 pra:
1986 4312 2047 4349 se
2062 4295 2274 4365 ferens,

620 4386 801 4460 libere
816 4387 911 4440 alii
922 4387 1132 4440 rmavit
1148 4386 1449 4454 negotium
1467 4400 1500 4453 q
1513 4383 1620 4436 uod
1644 4383 2276 4453 proponebaturhaud-

618 4493 916 4548 quaquam
937 4475 1058 4530 fore
1078 4473 1219 4528 utile
1239 4471 1440 4526 videri.
1465 4472 1778 4526 Perculsus
1797 4473 2272 4543 inopinatissimo

2400 3314 2532 3367 ruit.
2583 3313 2800 3367 Rhetor
2847 3318 3043 3366 autem
3093 3313 3240 3366 iram
3293 3310 3667 3382 imperatoris
3713 3311 3943 3364 veritus
3979 3311 4049 3365 ad

2395 3401 2700 3456 ecclesiam
2733 3403 3011 3471 confugit,
3046 3419 3211 3456 sacro
3243 3417 3304 3456 se
3337 3401 3496 3472 asylo
3517 3402 3585 3455 ad
3611 3399 3864 3454 salutem
3903 3417 4052 3454 usu-

2394 3509 2525 3546 rum
2555 3509 2819 3562 sperans.
2843 3496 2915 3546 At
2944 3492 3262 3562 imperator
3286 3492 3513 3546 blandis
3542 3492 3679 3546 inde
3712 3491 3879 3546 illum
3905 3508 4049 3546 sua-

2392 3583 2658 3639 sionibus
2689 3588 3009 3638 extractum
3051 3584 3306 3655 perpulit
3337 3589 3401 3638 ut
3442 3584 3605 3653 quasi
3640 3584 3822 3636 animi
3858 3584 4052 3654 gratia

2395 3675 2447 3726 in
2477 3674 2896 3728 monasterium
2923 3673 3228 3743 Hyacinthi
3258 3691 3318 3728 se
3341 3674 4048 3740 conterret,commodum

2391 3763 2657 3817 videlicet
2679 3763 2833 3817 394
2856 3763 3279 3822 diversorium;
3303 3779 3420 3832 quo
3443 3764 3592 3816 facto
3611 3761 3914 3817 hominem
3944 3763 4048 3818 hu-

2389 3869 2560 3907 mane
2587 3851 2932 3907 consulendi
2963 3852 3157 3922 specie
3188 3850 3466 3922 relegavit
3495 3851 3768 3916 Nicaaam,
3788 3855 3891 3906 ubi
3919 3860 4049 3908 erat

2385 3942 2443 3995 id
2478 3942 2899 3996 monasterium
2935 3943 3137 3995 situm.
3174 3941 3444 3996 Nondum
3487 3957 3678 3995 annus
3709 3941 4043 4008 efﬂuxerat,

2385 4047 2516 4085 cum
2569 4032 2718 4085 inter
2767 4030 2942 4084 hasce
2992 4036 3222 4084 nostras
3270 4031 3340 4084 de
3390 4031 3699 4084 concordia
3750 4031 4042 4087 Ecclesia'

2386 4137 2516 4173 rum
2576 4128 2764 4174 motas
2817 4119 3121 4173 ardentius
3170 4119 3615 4183 controversias,
3650 4119 3826 4172 certis
3878 4137 4043 4174 com-

2386 4215 2548 4280 perto
2580 4210 2806 4263 nuntiis
2836 4209 3152 4278 imperator
3183 4207 3529 4262 llolobolum
3581 4225 3612 4262 e
3663 4209 3842 4278 priori
3878 4212 4039 4279 quod

2382 4298 2529 4352 alias
2560 4299 2892 4352 ostenderat
2919 4299 3138 4366 judicio
3167 4297 3327 4368 pacis
3359 4297 3531 4350 istius
3555 4297 3869 4352 consilium
3907 4317 4042 4369 pro-

2381 4388 2555 4442 bante
2597 4387 2787 4458 palam
2829 4388 2951 4456 jam
3005 4387 3302 4450 resiliisse,
3336 4388 3679 4457 perindigne
3731 4388 3787 4440 id
3843 4389 4042 4443 ferens

2379 4494 2552 4531 aures
2587 4479 2750 4531 facile
2775 4477 3020 4548 praebuit
3041 4477 3570 4530 calumniatoribus
3601 4476 3847 4547 indigna
3880 4496 4041 4548 qua:-

611 4565 766 4620 dicto
826 4565 1145 4635 imperator
1203 4561 1535 4624 excanduit,
1587 4560 2026 4632 increpavitque
2075 4563 2264 4617 homi-
2303 4584 2345 4647 D
2379 4565 2514 4618 dam
2548 4571 2604 4620 et
2634 4583 2666 4618 a
2701 4565 2798 4619 tali
2831 4565 2952 4618 viro
2984 4564 3173 4619 aliena
3195 4566 3264 4619 de
3300 4565 3574 4619 llolobolo
3605 4565 4038 4622 deferentibus.

609 4671 744 4710 nem
779 4655 1010 4726 magnis
1061 4652 1421 4707 clamoribus
1457 4667 1468 4703 :
1503 4666 1711 4720 nempe
1743 4649 1910 4703 illum
1943 4653 2265 4708 vociferans

608 4746 996 4816 exprobrabat
1028 4758 1143 4796 non
1179 4757 1334 4794 nunc
1367 4739 1626 4810 primum
1650 4739 1762 4793 sibi
1797 4738 2116 4809 infensum,
2140 4759 2267 4797 aui-

610 4835 856 4904 biguum
883 4830 1242 4903 jamdudum
1267 4834 1325 4883 et
1357 4829 1416 4882 in
1449 4829 1742 4882 contraria
1768 4830 2121 4896 versatilem,
2149 4849 2264 4886 non

605 4924 722 4979 alia
755 4923 942 4993 magis
966 4937 1145 4975 causa
1167 4935 1268 4989 per
1289 4921 1556 4988 opposita
1579 4919 1900 4989 circumagi
1926 4936 2102 4988 quam
2137 4937 2262 4975 ma-

599 5012 784 5068 levola
814 5011 1058 5066 libidine
1089 5008 1201 5064 sibi
1259 5007 1552 5071 obstandi,
1587 5023 1762 5078 quem
1814 5010 2068 5078 pessime
2098 5011 2259 5066 odiso

599 5109 707 5160 set.
739 5103 906 5158 Ferre
937 5101 1103 5154 illum
1137 5098 1314 5152 istius
1338 5113 1458 5152 suae
1483 5096 1866 5167 malignitatis
1890 5097 2170 5169 stigmata
2199 5101 2256 5155 in

595 5209 761 5260 naso,
795 5190 879 5246 illi
914 5189 1183 5245 videlicet
1212 5187 1354 5242 olim
1397 5186 1660 5240 abscisso
1692 5185 1752 5240 in
1786 5202 2016 5256 pinnam
2067 5191 2253 5244 aversi

593 5281 778 5338 animi
809 5300 842 5336 a
880 5279 1162 5351 principe.
1198 5283 1282 5333 Ea
1314 5276 1514 5330 rhetor
1554 5276 1802 5331 audiens
1833 5276 2020 5332 elatus
2050 5279 2251 5334 incon-

591 5372 749 5428 sulta
769 5371 876 5438 ira,
898 5387 1076 5442 quam
1102 5367 1345 5422 ambitio
1369 5367 1665 5436 impotens
1688 5366 1962 5436 opinione
1986 5373 2248 5424 contem-

589 5469 725 5534 ptus
758 5461 984 5515 irritata
1016 5458 1168 5513 ultra
1197 5459 1282 5512 fas
1335 5454 1618 5527 propulit,
1650 5472 1846 5509 veram
1902 5457 2072 5511 istius
2119 5475 2249 5528 qua

585 5552 697 5607 sibi
718 5568 874 5606 nunc
896 5549 1349 5620 exprobraretur
1373 5562 1553 5616 pinnae
1575 5561 1814 5599 causam
1840 5551 1928 5599 est
1948 5546 2245 5604 liberrime

581 5643 906 5715 professus,
940 5639 1094 5695 clare
1135 5639 1339 5692 dicens
1388 5653 1449 5690 se
1508 5652 1649 5689 naso
1709 5635 2051 5706 multatum,
2086 5643 2240 5709 quod

576 5732 790 5789 Joanni
824 5747 1027 5803 puero,
1059 5727 1324 5799 legitimo
1367 5724 1726 5796 imperatori,
1765 5724 1939 5780 tidem
1972 5732 2029 5780 et
2059 5727 2240 5783 bene-

2377 4655 2563 4717 Quare
2595 4655 2961 4710 occasionem
2985 4671 3113 4709 eam
3141 4655 3512 4709 commodam
3546 4660 3706 4708 ratus
3732 4655 3914 4710 simul
3945 4656 4037 4710 in-

2378 4743 2485 4798 visi
2517 4745 2725 4816 capitis
2754 4743 3096 4809 ulciscendi,
3122 4743 3298 4798 simul
3327 4744 3651 4798 deducendi
3678 4761 3786 4798 nos
3807 4745 3881 4799 ab
3907 4748 4038 4818 opi-

2377 4833 2570 4899 nione,
2599 4851 2773 4904 quam
2807 4835 2877 4887 de
2909 4835 3038 4902 ejus
3071 4838 3135 4887 ut
3173 4833 3279 4886 viri
3318 4834 3645 4903 praestantis
3677 4836 4039 4891 auctoritate

2374 4923 2758 4993 doctrinaque
2808 4923 3146 4993 praeclaram
3199 4923 3586 4987 habebamus,
3627 4923 3841 4977 adduci
3894 4941 4035 4980 eum

2369 5013 2630 5066 vinctum
2665 5013 2724 5066 in
2756 5013 2957 5066 urbem
2984 5013 3174 5081 jubet.
3199 5012 3302 5066 Hic
3328 5013 3581 5083 primum
3614 5012 3785 5066 illum
3818 5017 4034 5070 crude-

2367 5102 2500 5156 liter
2529 5103 2982 5173 immaniterque
3015 5102 3241 5156 concidi
3286 5101 3486 5172 ﬂagris
3517 5102 3788 5171 imperat,
3815 5105 4036 5159 deinde

2366 5195 2496 5246 novi
2529 5193 2708 5261 hujus
2740 5192 3054 5262 spectaculi
3092 5208 3192 5262 per
3213 5191 3427 5246 civium
3461 5209 3562 5246 ora
3593 5208 3871 5263 pompam
3907 5200 4034 5248 tra-

2363 5283 2544 5336 ducit.
2599 5282 2860 5352 Longum
2894 5283 2964 5335 de
2997 5281 3146 5336 collo
3176 5281 3477 5336 trahentes
3531 5283 3726 5336 funem
3765 5285 4029 5349 primum

2361 5371 2702 5437 Holobolus,
2735 5373 2994 5425 secundo
3041 5371 3167 5425 loco
3216 5372 3435 5426 Jasites
3491 5371 3716 5436 Melies,
3746 5378 3873 5427 tum
3928 5373 4031 5428 alii

2358 5464 2638 5516 continua
2669 5461 2818 5515 serie
2851 5461 3105 5515 virorum
3135 5461 3410 5515 decadem
3443 5461 3770 5531 explentes,
3803 5463 4030 5531 adjun-

2355 5558 2448 5606 cta
2507 5552 2815 5605 undecima
2876 5551 3142 5616 muliere,
3194 5551 3456 5605 Holoboli
3507 5553 3774 5620 ejusdem
3830 5561 4028 5624 nepte,

2353 5643 2610 5696 ostentui
2647 5646 2834 5694 tracta
2877 5640 3034 5695 velut
3086 5657 3271 5710 maga,
3307 5657 3408 5710 per
3438 5641 3775 5695 universam
3810 5643 4023 5697 urbem

2349 5737 2407 5786 et
2440 5731 2814 5802 peculiariter
2835 5730 2990 5784 circa
3014 5729 3318 5784 ecclesiam
3354 5731 3500 5785 foedo
3523 5731 3829 5802 triumpho
3856 5733 4022 5788 ducti
