4242 6438
200 398 309 453 849

1276 403 1364 454 DE
1402 400 1771 456 MICHAELE
1812 398 2258 457 PALBOLOGO
2291 397 2426 454 LIB.
2465 401 2537 453 V.

3506 394 3613 452 850

202 522 299 594 μὶν
334 515 431 577 δύο
484 520 613 585 τοὺς
657 524 907 598 πρώτους
961 523 1035 586 ὡς
1084 523 1173 579 καὶ
1223 523 1310 579 ἐπὶ
1362 532 1428 595 τῆ
1488 524 1732 580 ὑποθέσει
1769 523 1845 594 μὴ
1874 532 1929 599 Α
1960 521 2037 586 εἷς
2066 526 2187 577 νοῦν
2226 521 2412 598 βαλεῖν
2468 521 2637 597 μέχοι
2686 521 2777 577 καὶ
2827 518 2881 584 ἐς
2934 517 3149 594 κεραίαν
3201 518 3331 592 μίαν
3360 517 3452 574 καὶ
3476 518 3611 574 ἰῶτα

196 609 588 672 κατανεύοντας
658 611 748 665 καὶ
822 612 1064 685 ἐγκάτοις
1142 608 1429 688 προϐάτων
1512 612 1844 688 ἐπιφορτίζει

198 699 292 753 σὺν
344 699 528 763 αὐτοῖς
578 706 692 762 τοῖς
751 699 963 755 ἐκείνων
1026 698 1441 777 διαχωρήμασι,
1497 702 1590 756 τὸν
1641 701 1847 778 ῥήτορα

198 785 256 841 δὲ
316 786 681 865 διαφερόντως
736 790 826 844 καὶ
898 790 1066 859 ἥπατι
1137 786 1423 867 προϐάτων
1482 791 1618 845 κατᾶ
1670 791 1845 864 στόμα

191 876 405 932 κελεύει
451 878 741 933 τύπτεσθαι
789 881 1187 955 συνεχέστερον,
1234 880 1322 934 καὶ
1376 879 1553 941 οὕτως
1601 880 1698 935 ἀντὶ
1742 882 1839 949 τὴν

192 966 358 1021 πόλιν
392 970 599 1023 ἅπασαν
627 965 1129 1042 θριαμϐευομένους
1176 970 1365 1042 κύκλῳ
1394 977 1497 1039 τῆς
1546 968 1840 1039 ἐκκλησίας

188 1063 556 1133 περιαγαγεῖν,
608 1058 940 1132 ἀτιμοῢντας
988 1060 1159 1114 ἐκεῖσε
1207 1058 1374 1115 πλέον
1407 1061 1481 1122 εἱς
1530 1054 1702 1137 φόϐου
1749 1059 1838 1113 καὶ

186 1145 426 1216 ἀπειλῆς
456 1153 574 1209 τοῖς
613 1147 905 1223 κληρικοῖς
938 1144 1183 1221 ἔνδειξιν,
1218 1151 1298 1223 [Ρ.
1350 1152 1475 1222 268]
1512 1148 1837 1221 Ἐπράττετο

188 1237 285 1308 μὶν
350 1238 441 1291 οὗν
500 1242 666 1293 ταῦτα
741 1233 1227 1308 Ἐλαφηϐολιῶνος
1300 1235 1427 1312 ἕκτῃ
1506 1239 1674 1311 μηνὸς
1740 1243 1836 1294 τοῦ

184 1325 433 1388 ἐπιόντος
463 1325 638 1395 ἔτους,
679 1331 775 1382 τοῦ
832 1330 1177 1403 πατριάρχου
1239 1328 1516 1405 Ἀρσενίου
1569 1328 1831 1402 πρότερον

182 1417 215 1485 ἢ
269 1420 437 1469 ταῦτα
491 1416 726 1489 γίνεσθαι
785 1419 1006 1489 ἡμερῶν
1047 1415 1099 1489 ἓξ
1131 1418 1265 1471 κατὰ
1318 1419 1419 1485 τήν
1477 1424 1638 1486 νῆσον
1700 1439 1830 1490 μετ-

180 1503 545 1576 αλλάξαντος,
591 1504 687 1559 εἴτ’
738 1504 827 1559 οὖν
874 1511 1171 1581 τριακοστῇ
1222 1505 1584 1579 Γαμηλιῶνος
1637 1507 1828 1580 μηνός.

179 1595 247 1650 Οἱ
277 1592 335 1648 δὲ
363 1599 460 1648 τοῦ
514 1594 728 1669 κλήρου
784 1595 877 1650 τὸν
924 1593 1172 1650 κίνδυνον
1229 1595 1402 1673 σφίσιν
1453 1595 1827 1669 αῗωρούμενον

181 1681 481 1757 βλέποντες
555 1684 897 1747 καθικέτευον
953 1687 1045 1740 τὸν
1102 1690 1401 1761 κρατοῦντα
1477 1685 1679 1741 ἀνεῖναι
1731 1686 1830 1740 αύ-

172 1772 303 1834 τοὺς
328 1780 427 1842 τῆς
458 1775 627 1848 ὀργῆς
678 1772 759 1849 ἐφ’
789 1775 835 1846 ᾧ
866 1775 1087 1850 ἠςύχως
1143 1781 1429 1844 καθῆσθαι,
1485 1776 1650 1850 μέχρι
1681 1773 1740 1830 ἂν
1774 1776 1825 1829 οἱ

172 1858 429 1936 πρέσϐεις
464 1863 522 1918 ἐκ
578 1865 800 1937 Ῥώμης
854 1864 1298 1935 ἐπαναζεύξωσιν·
1360 1862 1484 1920 ἀλλ’
1545 1866 1647 1920 οὐκ
1676 1861 1823 1919 ἔπει-

168 1954 263 2006 θον
296 1951 489 2007 πολλᾶ
518 1951 898 2026 λιπαροῦντες,
948 1951 1074 2008 ἀλλ’
1122 1952 1373 2029 ἄντικρυς
1419 1952 1693 2029 ἐκρίνοντο
1723 1957 1819 2023 τῆς

164 2043 306 2115 πρὸς
366 2039 595 2117 βασιλέα
650 2042 1049 2110 καθοσιώσεως,
1084 2044 1148 2112 ἢν
1186 2045 1261 2114 μή
1303 2063 1363 2118 γε
1412 2042 1478 2095 τὰ
1525 2049 1624 2110 τῆς
1683 2043 1817 2097 ὑπο-

160 2136 381 2207 γραφῆς
409 2129 641 2186 τελοῖεν.
675 2131 763 2194 Ὠς
819 2128 877 2186 δέ
933 2153 1073 2192 τινες
1134 2130 1208 2192 εἷς
1263 2126 1429 2209 φόϐον
1488 2132 1813 2208 κατέφευγον

156 2224 257 2274 τοῦ
302 2221 377 2293 μή
427 2241 478 2274 τι
528 2220 618 2274 καὶ
670 2219 835 2275 πλέον
882 2216 1335 2295 προσϐιασθῆναι,
1371 2221 1397 2273 ὁ
1435 2218 1689 2295 βασιλεὺς
1720 2221 1813 2275 αὖ·

156 2307 285 2362 τίκα
338 2307 709 2382 προστάσσει,
775 2309 864 2365 καὶ
925 2311 1086 2384 λόγος
1143 2308 1408 2373 ἐκτίθεται
1467 2304 1815 2384 χρυσοϐούλ-

157 2396 333 2470 λειος,
366 2398 591 2474 πλήρης
627 2401 721 2473 μὲν
764 2397 1209 2478 φρικωδεστάτων
1275 2399 1443 2475 ἀρῶν,
1502 2399 1723 2474 πλήρης
1758 2397 1815 2453 δὲ

152 2486 246 2541 καὶ
308 2487 485 2561 ὅρκων
549 2484 1062 2560 παλαμναιοτάτων,
1096 2488 1131 2556 ἦ
1170 2488 1275 2560 μὴν
1332 2488 1407 2559 μή
1464 2481 1811 2542 ἐκϐιάσασθαι

153 2576 326 2632 πλέον
364 2619 379 2646 ,
443 2579 518 2651 μὴ
579 2574 992 2652 διαπράξασθαι,
1052 2577 1129 2650 μὴ
1183 2583 1618 2652 παρεγχειρῆσαι
1682 2574 1811 2651 μηδ’

150 2806 316 2859 sunt.
342 2802 408 2856 Et
430 2801 545 2856 duo
568 2800 806 2871 quidem
840 2800 1083 2871 priores,
1110 2798 1559 2870 quasividelicet
1580 2800 1808 2870 objecta

147 2892 262 2948 sibi
294 2897 353 2947 et
384 2890 530 2946 satis
563 2891 808 2962 probata
828 2890 1076 2945 crimina
1100 2888 1473 2961 pertinaciter
1502 2894 1802 2961 negarent,

147 2980 452 3037 intestinis
483 2980 677 3035 ovium
710 2979 839 3051 ipso
873 2979 1064 3034 adhuc
1094 2979 1229 3034 timo
1261 2978 1489 3034 refertis
1532 2978 1804 3050 impliciti

144 3070 468 3141 onustique
500 3069 913 3141 procedebant,
933 3068 1133 3123 addito
1158 3069 1215 3123 in
1240 3067 1601 3141 singularem
1637 3068 1804 3122 Holo-

143 3160 263 3215 boli
281 3158 822 3215 dehonestationem
836 3200 847 3222 ,
862 3162 928 3212 ut
943 3174 1043 3228 per
1060 3160 1242 3212 totam
1274 3156 1803 3226 viamjecinoribus

1957 616 2053 667 τοῦ
2083 607 2366 684 συμϐόλου
2399 614 2751 686 παραγαγεῖν,
2818 612 2891 682 μὴ
2932 609 3099 664 πλέον
3155 612 3263 662 τῶν
3311 610 3480 680 τριῶν
3518 627 3611 661 κε-

1959 700 2227 778 φαλαίων,
2288 700 2558 775 πρωτείου
2616 699 2706 754 καὶ
2764 699 3033 769 ἐκκλήτου
3079 697 3169 752 καὶ
3230 694 3603 770 μνημοσύνου,

1955 790 2043 845 καὶ
2073 790 2282 845 τούτων
2318 790 2402 844 ἐπὶ
2436 788 2621 863 ψιλοῖς
2654 788 2880 861 ὀνόμασι
2937 788 3053 841 κατ’
3108 785 3451 858 οἰκονομίαν⁹
3506 790 3602 855 ζη-

1952 887 2136 950 τῆσαι,
2170 879 2213 935 εἷ
2248 877 2293 933 δ’
2327 876 2439 951 οὖν,
2482 878 2659 951 ἐξώλη
2707 899 2767 934 τε
2812 878 2902 932 καὶ
2952 872 3183 951 προώλη
3238 875 3483 949 γενέσθαι
3509 872 3599 928 καὶ

1950 969 2016 1023 τὰ
2074 964 2421 1045 φοϐερώτερα
2477 969 2779 1043 ὑποσχεῖν.
2830 970 3005 1021 Ταῦτα
3049 966 3262 1039 γράψας
3308 962 3399 1017 καὶ
3462 964 3598 1018 ὑπο-

1949 1059 2181 1134 γράψας,
2221 1059 2443 1133 προσέτι
2491 1055 2548 1112 δέ
2604 1058 2691 1112 καὶ
2756 1053 2971 1131 βούλλῃ
3032 1056 3211 1129 χρυσῇ
3260 1050 3600 1131 κατασφαλι-

1952 1147 2228 1220 σάμενοις,
2264 1148 2466 1219 πέμπει
2523 1150 2592 1219 τῇ
2647 1142 2954 1216 Ἐκκλησία
3009 1140 3099 1197 διά
3152 1145 3249 1197 τοῦ
3303 1161 3595 1217 πρωταση-

1948 1243 2141 1310 κρῆτις
2183 1236 2676 1310 Νεοκαισαρειώτου
2725 1231 2981 1309 Μιχαήλ.
3032 1233 3099 1310 ᾪ
3143 1228 3210 1299 δὴ
3242 1230 3331 1285 καὶ
3365 1224 3598 1306 βεϐαιω-

1946 1324 2123 1387 θέντες
2184 1324 2582 1401 ὑπογράφουσιν
2620 1366 2635 1393 ,
2694 1320 2818 1377 ἄνευ
2870 1319 2959 1376 καὶ
3015 1319 3139 1375 τότε
3180 1323 3366 1387 τινῶν,
3420 1317 3473 1372 οἳ
3524 1314 3590 1386 δὴ

1945 1415 2034 1469 καὶ
2092 1414 2474 1489 ἐξορισθέντες,
2508 1412 2640 1486 μετᾶ
2694 1410 2880 1487 καιρὸν
2931 1409 3408 1485 συγκαναθέμενοι,
3459 1428 3593 1461 κατ-

1943 1504 2170 1579 ἀγονται
2223 1505 2310 1558 καὶ
2374 1503 2617 1558 ένοῦνται
2673 1508 2740 1571 τῆ
2804 1498 3140 1571 Ἐκκλησία,
3203 1496 3425 1559 οὐδενὸς
3480 1501 3590 1552 τῶν

1940 1596 2037 1646 τοῦ
2068 1591 2281 1667 κλήρου
2312 1591 2688 1666 ἐλλείψαντος.

1939 1754 2037 1809 κα’.
2106 1755 2248 1814 ’πως
2323 1753 2375 1808 οἱ
2446 1746 2703 1825 πρέσϐεις
2772 1754 2870 1825 τοῖ’)
2949 1747 3217 1824 βασιλέως
3288 1745 3424 1802 κατὰ
3488 1756 3584 1812 θα-

2445 1820 2643 1879 λασσαν
2684 1820 3073 1879 ἐκινδύνευσαν.

2003 1952 2083 2023 [Ρ.
2116 1952 2237 2020 269]
2310 1949 2489 2008 Ἀλλὰ
2556 1949 2746 2028 ῥητέον
2812 1948 2902 2005 καὶ
2968 1947 3037 2004 τὰ
3098 1950 3208 2003 τῶν
3276 1939 3577 2022 πρέσϐεων.

1928 2040 2157 2095 Ἐκεῖνοι
2203 2042 2305 2116 γὰρ
2364 2040 2510 2115 παρὰ
2564 2041 2751 2116 καιρὸν
2805 2037 3134 2099 πλεύσαντες
3185 2034 3435 2112 (Κρονίου
3477 2032 3579 2109 γὰρ

1923 2128 2237 2203 ἀρχὸμένου
2300 2131 2471 2203 μηνὸς
2526 2134 2646 2191 ταῖς
2705 2128 2893 2183 ναυσὶν
2956 2122 3219 2199 ἐμϐάντες
3280 2123 3576 2193 ἀπέπλεον)

1921 2220 2057 2292 πρὸς
2092 2217 2235 2291 αὐτῷ
2265 2223 2344 2291 τῷ
2372 2217 2580 2290 Μαλέα,
2637 2218 2695 2273 ’ὸν
2754 2219 2844 2272 καὶ
2877 2213 3177 2293 ξυλοφάγον
3235 2211 3423 2268 καλεῖν
3452 2212 3575 2267 εἱώ-

1924 2319 2063 2379 θασι,
2122 2305 2389 2385 λήγοντος
2448 2312 2544 2363 τοῦ
2597 2308 2768 2381 μηνὸς
2799 2305 3067 2381 γίνονται,
3101 2304 3192 2359 καὶ
3239 2306 3308 2377 τῇ
3367 2301 3579 2357 ἐνιστα-

1926 2401 2058 2474 μένῃ
2087 2399 2208 2456 τότε
2245 2399 2455 2477 μεγάλῃ
2496 2401 2720 2475 πέμπτῃ
2779 2398 3005 2474 ἑσπέρας
3045 2395 3301 2470 ⁸ναυγίῳ⁴
3326 2398 3573 2470 χρῶνται

1922 2486 2104 2562 δεινῷ.
2139 2490 2343 2546 Αὐτίκα
2396 2490 2500 2566 γὰρ
2555 2486 2717 2544 ὤδινε
2776 2490 2871 2563 μὶν
2902 2490 2937 2558 ἡ
2971 2489 3235 2555 θάλασσα,
3259 2486 3357 2540 καὶ
3412 2485 3572 2539 κατέ-

1921 2574 2102 2635 ϐαινεν
2146 2578 2584 2652 Ἑλλησποντίας
2641 2576 2918 2655 λαμπρὸς,
2950 2575 3042 2632 σὺν
3093 2576 3150 2632 δὲ
3179 2576 3383 2653 νεφέεσι
3412 2579 3568 2651 γαῖαν

1915 2816 2161 2859 assensu
2192 2806 2541 2859 cunctorum
2573 2804 2633 2860 in
2666 2802 2777 2860 tria
2823 2804 3110 2859 duntaxat
3143 2798 3401 2873 capitula
3442 2798 3568 2873 pri-

1915 2896 2133 2957 matus,
2168 2893 2595 2965 provocationis
2624 2898 2679 2950 et
2710 2890 3311 2955 commemorationis,
3344 2905 3473 2961 qua
3506 2891 3567 2944 et

1913 2981 2042 3052 ipsa
2072 2983 2309 3038 nomine
2339 2982 2530 3039 solum
2562 2987 2757 3049 tenus,
2792 2981 3126 3038 necessaria
3155 2977 3338 3051 quieti
3371 2994 3439 3033 ac
3468 2993 3563 3033 se-

1912 3070 2147 3126 curitati
2181 3070 2426 3143 publicae
2457 3071 3017 3137 accommodatione,
3043 3067 3282 3127 concedi
3305 3071 3563 3140 cuperet.

1914 3159 1979 3214 In
2012 3159 2132 3216 hec
2148 3160 2207 3215 ni
2224 3161 2719 3234 obtemperarent,
2746 3159 3251 3234 perniciosissima
3269 3157 3380 3213 sibi
3405 3174 3563 3228 quas-

144 3249 492 3306 earumdem
523 3247 719 3303 ovium
751 3265 781 3303 e
811 3251 1008 3302 ventre
1039 3263 1239 3302 recens
1270 3246 1544 3301 extractis
1570 3246 1626 3300 in
1655 3246 1798 3301 facie
1829 3232 1872 3298 C
1912 3265 2024 3321 que
2056 3268 2120 3306 ac
2152 3267 2394 3322 prorsus
2425 3232 2684 3308 exitialia
2736 3232 2867 3307 mox
2915 3268 2950 3306 a
2979 3266 3040 3307 se
3087 3248 3237 3321 ipsis
3283 3251 3563 3303 eventura

144 3338 518 3394 continenter
534 3338 869 3393 caederetur.
895 3336 1031 3400 Quae
1053 3336 1137 3392 sic
1161 3342 1290 3392 acta
1311 3341 1450 3391 sunt
1475 3353 1588 3391 non
1615 3336 1803 3407 magis

144 3429 215 3484 ad
244 3427 631 3500 ignominiam
656 3426 905 3483 infelicis
929 3425 1087 3480 illius
1111 3442 1287 3497 quam
1314 3427 1383 3481 ad
1424 3426 1802 3481 deterrendos

145 3522 484 3590 perstantes
515 3518 706 3573 adhuc
724 3517 783 3571 in
800 3517 958 3588 pacis
979 3515 1290 3586 rejectione
1304 3514 1567 3580 clericos,
1584 3515 1801 3587 quibus

144 3607 257 3663 hoc
284 3606 551 3680 exemplo
584 3606 911 3663 luculenter
930 3607 1628 3677 ostentabaturquantum
1654 3606 1800 3677 ipsis

144 3696 206 3753 in
266 3697 373 3752 tali
417 3698 715 3769 proposito
762 3695 1164 3768 perstantibus
1220 3695 1586 3766 impenderet
1638 3694 1797 3749 mali.

144 3792 278 3842 Haec
312 3792 479 3859 gesta
501 3790 641 3841 sunt
701 3786 943 3840 ineunte
963 3802 1116 3841 anno
1148 3784 1241 3839 die
1293 3790 1455 3839 sexta
1505 3783 1795 3853 Octobris,

143 3876 482 3949 patriarcha
512 3876 757 3931 Arsenio
789 3875 939 3932 895
974 3892 1075 3931 sex
1097 3875 1260 3947 prius
1292 3874 1500 3929 diebus
1530 3890 1705 3944 quam
1730 3889 1799 3927 ea

141 3967 349 4022 fierent
382 3966 439 4021 in
474 3966 669 4021 insula
703 3971 934 4021 mortuo
964 3983 977 4021 :
1021 3981 1299 4035 suprema
1346 3964 1501 4019 enim
1554 3962 1637 4018 illi
1672 3963 1795 4018 dies

142 4057 246 4112 fuit
279 4056 579 4113 tricesima
611 4056 832 4111 mensis
864 4054 1228 4127 septembris.
1265 4054 1437 4109 Porro
1474 4052 1666 4109 clerici
1692 4052 1795 4108 tali

138 4148 297 4203 edito
330 4145 647 4220 specimine
671 4146 767 4200 iraa
793 4143 1424 4217 imperatoris,proprii
1457 4143 1615 4198 haud
1649 4160 1796 4198 vana

138 4238 400 4310 imagine
416 4234 660 4308 periculi
684 4235 892 4305 territi,
926 4238 1208 4306 rogarunt
1229 4234 1637 4305 imperatorem
1661 4233 1795 4289 bre-

136 4346 234 4384 ves
268 4325 561 4391 inducias,
593 4330 649 4379 et
680 4340 752 4380 ne
783 4324 842 4379 in
876 4325 1034 4395 ipsos
1067 4328 1167 4379 aut
1198 4324 1536 4378 decerneret
1567 4322 1793 4394 aliquid

137 4416 376 4491 gravius
392 4415 746 4470 automnino
763 4418 1015 4485 urgeret,
1034 4414 1224 4485 quoad
1246 4413 1341 4484 qui
1361 4413 1605 4468 Romam
1628 4412 1794 4468 missi

134 4509 373 4563 fuerant
403 4503 539 4559 inde
569 4501 747 4575 legati
796 4501 1105 4558 redissent.
1159 4502 1271 4557 Sed
1317 4501 1462 4556 nihil
1512 4502 1793 4573 impetra-

1908 3344 2132 3395 certum
2157 3340 2458 3397 haberent.
2474 3342 2624 3406 Quas
2639 3340 2831 3397 minas
2846 3356 3023 3411 quam
3040 3335 3559 3410 exaggeratissime

1907 3433 2081 3501 atque
2111 3430 2655 3486 asseverantissime
2684 3429 2989 3485 inculcans
3011 3427 3344 3483 intentabat
3367 3425 3426 3481 in
3451 3423 3551 3480 illo

1904 3518 2243 3589 diplomate,
2277 3521 2431 3590 quod
2466 3519 2749 3591 scriptum
2773 3524 2830 3574 et
2846 3517 3270 3588 subscriptum,
3298 3519 3356 3571 et
3375 3530 3554 3570 aurea

1904 3614 2183 3681 praeterea
2195 3609 2481 3665 munitum
2499 3608 2678 3679 bulla,
2700 3608 2879 3664 mittit
2892 3605 3161 3663 Ecclesiae
3177 3622 3278 3677 per
3290 3603 3547 3677 primum

1902 3715 1933 3753 a
1964 3699 2203 3754 secretis
2238 3698 2759 3754 Neoczesariensem
2792 3695 3155 3752 Michaelem.
3190 3695 3268 3749 Eo
3287 3693 3549 3765 plerique

1904 3788 2169 3859 persuasi
2200 3789 2509 3860 securique
2523 3787 2711 3843 effecti
2736 3785 3158 3858 subscripsere,
3192 3784 3544 3856 quibusdam

1900 3880 2096 3933 tamen
2129 3877 2321 3933 adhuc
2353 3882 2492 3932 tunc
2525 3893 2760 3948 quoque
2790 3876 2850 3931 id
2883 3876 3072 3931 facere
3095 3872 3543 3939 recusantibus;

1900 3966 2001 4037 qui
2033 3972 2340 4039 propterea
2369 3967 2429 4022 in
2461 3966 2731 4022 exsilium
2766 3964 2955 4032 missi,
2977 3966 3108 4036 post
3127 3962 3361 4035 aliquod
3394 3965 3546 4017 tem-

1898 4073 2011 4128 pus
2042 4056 2476 4129 resipiscentes,
2509 4056 2663 4113 896
2695 4071 2940 4111 assensu
2974 4053 3111 4109 dato
3134 4050 3383 4109 revocati
3408 4055 3550 4106 sunt

1898 4155 1952 4203 et
1980 4147 2248 4203 Ecclesiae
2272 4147 2591 4218 conjuncti,
2612 4146 2987 4216 neminejam
3003 4161 3072 4200 ex
3100 4142 3256 4201 clero
3289 4141 3545 4211 residuo,

1898 4236 1999 4308 qui
2032 4254 2147 4292 non
2178 4236 2537 4293 consentiret
2565 4237 2622 4291 in
2658 4252 2857 4308 pacem
2890 4233 3288 4291 Ecclesiarum
3328 4231 3399 4288 ad
3448 4247 3545 4287 vo-

1897 4330 2025 4382 tum
2059 4326 2455 4399 imperatoris.

1892 4471 1983 4526 21.
2023 4471 2087 4528 Ut
2111 4472 2276 4542 legati
2305 4471 2661 4543 imperatoris
2690 4471 2752 4525 in
2780 4470 2927 4524 mari
2949 4464 3253 4540 periclitati
3302 4464 3539 4536 fuerint.

135 4601 299 4663 runt,
331 4592 713 4666 quantumvis
744 4593 1291 4681 ardenterorarent.
1317 4591 1465 4655 Quin
1483 4591 1567 4647 eis
1590 4607 1787 4681 severe
1816 4616 1864 4681 D
1963 4598 2073 4653 Sed
2106 4597 2418 4653 dicendum
2452 4596 2521 4652 de
2550 4595 2783 4667 legatis.
2826 4594 2915 4651 Illi
2945 4592 3103 4649 enim
3135 4590 3324 4649 alieno
3376 4590 3543 4645 navi-

132 4686 553 4742 denuntiatum
583 4688 673 4739 est
718 4680 1160 4738 inexorabiliter
1202 4681 1604 4736 damnandum
1637 4680 1786 4736 lassae

133 4774 486 4848 majestatis,
521 4773 861 4845 quicunque
892 4772 1154 4844 ipsorum
1172 4788 1285 4827 non
1309 4770 1507 4828 statim
1534 4770 1787 4827 subscri-

132 4867 296 4921 beret
325 4862 600 4935 capitulis
628 4862 949 4919 concordiae
972 4879 1099 4933 quae
1125 4860 1501 4917 tractabatur.
1526 4862 1783 4926 Quarum

134 4960 321 5011 terror
352 4952 651 5008 minarum
693 4969 827 5008 cum
873 4952 1162 5023 quosdam
1212 4951 1271 5006 in
1318 4950 1515 5021 fugam
1546 4950 1786 5022 egisset,

130 5046 347 5101 veritos
383 5060 455 5098 ne
488 5043 542 5096 vi
579 5042 787 5114 majori
832 5046 1180 5114 cogerentur
1231 5041 1416 5097 facere
1448 5041 1603 5111 quod
1628 5056 1784 5096 aver-

129 5136 439 5198 sabantur,
464 5132 640 5204 jussu
675 5131 1049 5204 imperatoris
1080 5130 1386 5202 vulgatum
1420 5130 1621 5185 statim
1655 5131 1783 5201 ejus

130 5224 396 5296 diploma
426 5225 535 5288 est,
567 5238 745 5277 aurea
779 5221 1076 5276 munitum
1098 5220 1276 5287 bulla,
1300 5237 1412 5291 quo
1435 5222 1547 5277 sub
1572 5222 1782 5293 impre-

128 5312 462 5370 cationibus
489 5310 805 5366 dirissimis
836 5310 1254 5380 etiuramentis
1278 5310 1568 5366 horriﬁcis
1590 5315 1780 5366 conte-

128 5404 401 5459 stabatur
430 5401 589 5456 haud
619 5400 677 5454 in
712 5401 909 5455 animo
932 5400 1041 5455 sibi
1072 5416 1221 5470 esse,
1249 5417 1314 5455 ac
1338 5417 1409 5456 ne
1432 5418 1623 5472 prima
1645 5402 1781 5472 qui-

128 5494 260 5549 dem
293 5490 645 5563 cogitatione
672 5495 845 5546 tenus
870 5490 1101 5545 venisse
1132 5490 1191 5544 in
1227 5499 1501 5557 mentem,
1546 5490 1782 5562 adigere

128 5583 377 5640 ulterius
402 5597 762 5654 quemquam
795 5585 898 5635 aut
927 5596 1134 5653 urgere
1164 5579 1509 5637 inducereve
1557 5581 1629 5636 ad
1680 5581 1784 5636 ad-

129 5672 480 5730 mittendam
510 5670 601 5727 vel
633 5670 810 5727 unius
832 5670 952 5727 iota
975 5670 1388 5727 minutissima
1416 5669 1604 5743 apicis
1626 5670 1781 5739 adje-

126 5764 424 5823 otionenm
448 5761 523 5820 ad
553 5758 909 5835 symbolum.
926 5759 1275 5817 Contentum
1298 5776 1363 5817 se
1388 5759 1628 5817 omnino
1661 5761 1782 5819 fore

1896 4703 2034 4759 gare
2063 4687 2180 4743 orsi
2209 4692 2495 4759 tempore,
2518 4687 2627 4741 sub
2644 4684 2881 4740 initium
2906 4681 3177 4738 videlicet
3189 4679 3544 4736 Martiinave

1898 4792 2239 4846 conscensa,
2264 4777 2336 4831 ad
2368 4775 2635 4845 Maleam,
2670 4790 2845 4847 quem
2876 4772 3050 4845 vulgo
3078 4770 3434 4844 lignivorum
3469 4770 3542 4825 ob

1894 4867 2128 4923 crebras
2159 4865 2279 4921 illic
2304 4866 2540 4922 navium
2565 4863 3006 4921 submersiones
3028 4864 3255 4929 vocant,
3283 4863 3544 4915 extrema

1893 4956 2113 5012 mensis
2165 4956 2293 5027 ejus
2337 4956 2554 5011 decacie
2599 4955 3007 5027 pervenerunt.
3056 4950 3142 5007 lbi
3192 4949 3403 5021 quinta
3448 4947 3543 5003 die

1894 5045 2134 5116 majoris
2165 5045 2543 5101 hebdomadas
2567 5045 2678 5101 sub
2704 5058 3005 5115 vesperam
3029 5039 3402 5111 naufragium
3428 5036 3541 5091 mi-

1892 5136 2140 5192 serabile
2173 5137 2377 5193 fecere.
2428 5135 2631 5191 Subito
2684 5135 2842 5190 enim
2895 5149 3094 5205 aequor
3141 5128 3447 5194 intumuit,
3480 5131 3539 5182 et

1889 5225 2120 5281 validus
2152 5226 2222 5282 ab
2254 5225 2627 5299 Hellesponto
2659 5229 2873 5281 ventus
2896 5223 3177 5295 ingruens
3194 5224 3409 5276 terram
3435 5234 3536 5289 pa-

1890 5315 2030 5370 riter
2059 5320 2116 5371 et
2147 5321 2389 5388 pontum
2405 5308 3538 5372 aterrimisobduxitnubibus.Nondum

1891 5406 2128 5477 quidem
2163 5424 2406 5479 prorsus
2436 5406 2677 5462 dondito
2711 5407 2767 5460 in
2793 5420 3065 5461 occasum
3087 5396 3540 5459 solecommissa

1892 5512 2004 5551 nox
2034 5500 2196 5551 erat:
2243 5513 2444 5551 verum
2492 5498 2777 5568 opacabat
2826 5495 2939 5551 late
2989 5496 3201 5549 cuncta
3249 5505 3364 5545 nox
3423 5484 3539 5542 alia

1890 5586 2156 5658 quaedam
2190 5584 2375 5642 nihilo
2409 5591 2558 5642 tetra
2587 5586 2785 5642 minus
2817 5602 2993 5658 quam
3019 5582 3121 5639 illa
3138 5577 3445 5645 naturalis,
3469 5592 3539 5631 ex

1891 5676 2102 5732 umbra
2130 5676 2300 5731 terrei
2328 5675 2483 5749 globi
2515 5674 2689 5733 solita
2724 5675 2948 5744 induci,
2979 5691 3047 5731 eo
3078 5673 3254 5728 etiam
3286 5665 3532 5732 tristior,

1889 5764 2046 5838 quod
2096 5764 2295 5823 nullus
2337 5782 2467 5822 eam
2526 5765 2681 5824 luna:
2728 5769 3095 5823 astrorumve
3140 5756 3539 5832 temperabate
