  <div class='ocr_page' id='page_1' title='image "/cluster/home/n/w/nwhite01/storage/ocr_20150623/143/nnc1.0046980733/433.png"; bbox 0 0 4212 6442; ppageno 0'>
   <div class='ocr_carea' id='block_1_1' title="bbox 636 360 758 443">
    <p class='ocr_par' dir='ltr' id='par_1_1' title="bbox 636 360 758 443">
     <span class='ocr_line' id='line_1_1' title="bbox 636 360 758 443; baseline 0.016 -2"><span class='ocrx_word' id='word_1_1' title='bbox 636 360 758 443; x_wconf 9' lang='grc'>7851</span> 
     </span>
    </p>
   </div>
   <div class='ocr_carea' id='block_1_2' title="bbox 1963 386 2765 456">
    <p class='ocr_par' dir='ltr' id='par_1_2' title="bbox 1963 386 2765 456">
     <span class='ocr_line' id='line_1_2' title="bbox 1963 386 2765 456; baseline 0.001 -1"><span class='ocrx_word' id='word_1_2' title='bbox 1963 398 2264 455; x_wconf 77' lang='lat' dir='ltr'>GEORGII</span> <span class='ocrx_word' id='word_1_3' title='bbox 2301 386 2765 456; x_wconf 71' lang='lat' dir='ltr'>PACHYMBM:</span> 
     </span>
    </p>
   </div>
   <div class='ocr_carea' id='block_1_3' title="bbox 3958 406 4071 462">
    <p class='ocr_par' dir='ltr' id='par_1_3' title="bbox 3958 406 4071 462">
     <span class='ocr_line' id='line_1_3' title="bbox 3958 406 4071 462; baseline 0 0"><span class='ocrx_word' id='word_1_4' title='bbox 3958 406 4071 462; x_wconf 85' lang='lat'>852</span> 
     </span>
    </p>
   </div>
   <div class='ocr_carea' id='block_1_4' title="bbox 657 513 4063 603">
    <p class='ocr_par' dir='ltr' id='par_1_4' title="bbox 657 513 4063 603">
     <span class='ocr_line' id='line_1_4' title="bbox 657 513 4063 603; baseline 0.006 -38"><span class='ocrx_word' id='word_1_5' title='bbox 657 513 799 585; x_wconf 78' lang='grc' dir='ltr'>ὁμοῦ</span> <span class='ocrx_word' id='word_1_6' title='bbox 829 514 918 567; x_wconf 86' lang='grc' dir='ltr'>καὶ</span> <span class='ocrx_word' id='word_1_7' title='bbox 949 514 1143 570; x_wconf 84' lang='grc' dir='ltr'>πόντον</span> <span class='ocrx_word' id='word_1_8' title='bbox 1174 514 1403 591; x_wconf 79' lang='grc' dir='ltr'>κάλυψε.</span> <span class='ocrx_word' id='word_1_9' title='bbox 1455 520 1552 574; x_wconf 81' lang='grc' dir='ltr'>Καὶ</span> <span class='ocrx_word' id='word_1_10' title='bbox 1608 520 1697 593; x_wconf 79' lang='grc' dir='ltr'>νὺξ</span> <span class='ocrx_word' id='word_1_11' title='bbox 1760 523 1853 593; x_wconf 75' lang='grc' dir='ltr'>μὲν</span> <span class='ocrx_word' id='word_1_12' title='bbox 1916 522 2014 576; x_wconf 81' lang='grc' dir='ltr'>οὐκ</span> <span class='ocrx_word' id='word_1_13' title='bbox 2071 520 2575 596; x_wconf 78' lang='grc' dir='ltr'>ούρανό-Ανύκτα</span> <span class='ocrx_word' id='word_1_14' title='bbox 2600 529 2773 579; x_wconf 78' lang='grc' dir='ltr'>πᾶσαν</span> <span class='ocrx_word' id='word_1_15' title='bbox 2827 527 2960 600; x_wconf 88' lang='grc' dir='ltr'>πρός</span> <span class='ocrx_word' id='word_1_16' title='bbox 3007 548 3067 582; x_wconf 84' lang='grc' dir='ltr'>τε</span> <span class='ocrx_word' id='word_1_17' title='bbox 3121 532 3267 601; x_wconf 82' lang='grc' dir='ltr'>κῦμα</span> <span class='ocrx_word' id='word_1_18' title='bbox 3322 528 3458 603; x_wconf 89' lang='grc' dir='ltr'>πρός</span> <span class='ocrx_word' id='word_1_19' title='bbox 3506 551 3565 585; x_wconf 87' lang='grc' dir='ltr'>τε</span> <span class='ocrx_word' id='word_1_20' title='bbox 3618 530 3888 585; x_wconf 79' lang='grc' dir='ltr'>θάλασσαν</span> <span class='ocrx_word' id='word_1_21' title='bbox 3949 528 4063 585; x_wconf 78' lang='grc' dir='ltr'>δια·</span> 
     </span>
    </p>
   </div>
   <div class='ocr_carea' id='block_1_5' title="bbox 660 602 2314 685">
    <p class='ocr_par' dir='ltr' id='par_1_5' title="bbox 660 602 2314 685">
     <span class='ocr_line' id='line_1_5' title="bbox 660 602 2314 685; baseline 0.007 -31"><span class='ocrx_word' id='word_1_22' title='bbox 660 612 745 664; x_wconf 82' lang='grc' dir='ltr'>θεν</span> <span class='ocrx_word' id='word_1_23' title='bbox 780 602 1003 677; x_wconf 78' lang='grc' dir='ltr'>ἀρώρει,</span> <span class='ocrx_word' id='word_1_24' title='bbox 1035 604 1161 659; x_wconf 85' lang='grc' dir='ltr'>ἀλλ’</span> <span class='ocrx_word' id='word_1_25' title='bbox 1192 606 1261 673; x_wconf 77' lang='grc' dir='ltr'>ἧν</span> <span class='ocrx_word' id='word_1_26' title='bbox 1326 613 1447 671; x_wconf 85' lang='grc' dir='ltr'>ταῖς</span> <span class='ocrx_word' id='word_1_27' title='bbox 1506 608 1789 678; x_wconf 77' lang='grc' dir='ltr'>ἀληθείαις</span> <span class='ocrx_word' id='word_1_28' title='bbox 1847 611 1936 682; x_wconf 82' lang='grc' dir='ltr'>νύξ</span> <span class='ocrx_word' id='word_1_29' title='bbox 1969 613 2003 679; x_wconf 73' lang='grc' dir='ltr'>ἡ</span> <span class='ocrx_word' id='word_1_30' title='bbox 2032 611 2165 665; x_wconf 84' lang='grc' dir='ltr'>σκιᾶ</span> <span class='ocrx_word' id='word_1_31' title='bbox 2212 618 2314 685; x_wconf 80' lang='grc' dir='ltr'>γῆς</span> 
     </span>
    </p>
   </div>
   <div class='ocr_carea' id='block_1_6' title="bbox 658 692 2312 771">
    <p class='ocr_par' dir='ltr' id='par_1_6' title="bbox 658 692 2312 771">
     <span class='ocr_line' id='line_1_6' title="bbox 658 692 2312 771; baseline 0.007 -28"><span class='ocrx_word' id='word_1_32' title='bbox 658 692 747 744; x_wconf 78' lang='grc' dir='ltr'>καὶ</span> <span class='ocrx_word' id='word_1_33' title='bbox 780 695 1034 760; x_wconf 71' lang='grc' dir='ltr'>συνήθης,</span> <span class='ocrx_word' id='word_1_34' title='bbox 1064 692 1208 761; x_wconf 73' lang='grc' dir='ltr'>πλὴν</span> <span class='ocrx_word' id='word_1_35' title='bbox 1244 696 1508 766; x_wconf 78' lang='grc' dir='ltr'>ἀσέληνὸς</span> <span class='ocrx_word' id='word_1_36' title='bbox 1548 719 1606 751; x_wconf 88' lang='grc' dir='ltr'>τε</span> <span class='ocrx_word' id='word_1_37' title='bbox 1635 698 1724 752; x_wconf 78' lang='grc' dir='ltr'><strong>γαὶ</strong></span> <span class='ocrx_word' id='word_1_38' title='bbox 1761 696 2025 771; x_wconf 77' lang='grc' dir='ltr'>ἀλαμπὴς</span> <span class='ocrx_word' id='word_1_39' title='bbox 2074 699 2122 771; x_wconf 77' lang='grc' dir='ltr'>ἐξ</span> <span class='ocrx_word' id='word_1_40' title='bbox 2156 698 2312 754; x_wconf 87' lang='grc' dir='ltr'>ἀστέ-</span> 
     </span>
    </p>
   </div>
   <div class='ocr_carea' id='block_1_7' title="bbox 661 779 2311 862">
    <p class='ocr_par' dir='ltr' id='par_1_7' title="bbox 661 779 2311 862">
     <span class='ocr_line' id='line_1_7' title="bbox 661 779 2311 862; baseline 0.006 -30"><span class='ocrx_word' id='word_1_41' title='bbox 661 800 790 853; x_wconf 92' lang='grc' dir='ltr'>ρων.</span> <span class='ocrx_word' id='word_1_42' title='bbox 836 780 898 836; x_wconf 83' lang='grc' dir='ltr'><em>Ἣ</em></span> <span class='ocrx_word' id='word_1_43' title='bbox 959 779 1015 835; x_wconf 70' lang='grc' dir='ltr'>δέ</span> <span class='ocrx_word' id='word_1_44' title='bbox 1072 787 1166 835; x_wconf 65' lang='grc' dir='ltr'>τοῦ</span> <span class='ocrx_word' id='word_1_45' title='bbox 1227 784 1379 856; x_wconf 84' lang='grc' dir='ltr'>ἀέρος</span> <span class='ocrx_word' id='word_1_46' title='bbox 1433 787 1727 841; x_wconf 86' lang='grc' dir='ltr'>ἀκαστασία</span> <span class='ocrx_word' id='word_1_47' title='bbox 1783 788 1871 841; x_wconf 87' lang='grc' dir='ltr'>καὶ</span> <span class='ocrx_word' id='word_1_48' title='bbox 1933 789 2191 862; x_wconf 74' lang='grc' dir='ltr'>σύγχυσις</span> <span class='ocrx_word' id='word_1_49' title='bbox 2248 789 2311 842; x_wconf 86' lang='grc' dir='ltr'>τὸ</span> 
     </span>
    </p>
   </div>
   <div class='ocr_carea' id='block_1_8' title="bbox 658 865 2309 952">
    <p class='ocr_par' dir='ltr' id='par_1_8' title="bbox 658 865 2309 952">
     <span class='ocr_line' id='line_1_8' title="bbox 658 865 2309 952; baseline 0.007 -31"><span class='ocrx_word' id='word_1_50' title='bbox 658 865 830 923; x_wconf 86' lang='grc' dir='ltr'>δεινὸν</span> <span class='ocrx_word' id='word_1_51' title='bbox 875 869 1139 941; x_wconf 75' lang='grc' dir='ltr'>ἐπηύξανε</span> <span class='ocrx_word' id='word_1_52' title='bbox 1186 880 1287 941; x_wconf 80' lang='grc' dir='ltr'>τῆς</span> <span class='ocrx_word' id='word_1_53' title='bbox 1342 874 1634 944; x_wconf 79' lang='grc' dir='ltr'>Θαλάσσης,</span> <span class='ocrx_word' id='word_1_54' title='bbox 1695 878 1782 930; x_wconf 76' lang='grc' dir='ltr'>καὶ</span> <span class='ocrx_word' id='word_1_55' title='bbox 1843 874 2016 939; x_wconf 85' lang='grc' dir='ltr'>δεινὸς</span> <span class='ocrx_word' id='word_1_56' title='bbox 2074 877 2309 952; x_wconf 63' lang='grc' dir='ltr'>ἐφῆπται</span> 
     </span>
    </p>
   </div>
   <div class='ocr_carea' id='block_1_9' title="bbox 653 955 2307 1042">
    <p class='ocr_par' dir='ltr' id='par_1_9' title="bbox 653 955 2307 1042">
     <span class='ocr_line' id='line_1_9' title="bbox 653 955 2307 1042; baseline 0.007 -33"><span class='ocrx_word' id='word_1_57' title='bbox 653 962 772 1017; x_wconf 90' lang='grc' dir='ltr'>τοῖς</span> <span class='ocrx_word' id='word_1_58' title='bbox 829 955 1057 1012; x_wconf 82' lang='grc' dir='ltr'>πλέουσι</span> <span class='ocrx_word' id='word_1_59' title='bbox 1110 958 1379 1023; x_wconf 88' lang='grc' dir='ltr'>κίνδυνος.</span> <span class='ocrx_word' id='word_1_60' title='bbox 1442 968 1662 1037; x_wconf 81' lang='grc' dir='ltr'>Πρῶτον</span> <span class='ocrx_word' id='word_1_61' title='bbox 1726 966 1820 1036; x_wconf 76' lang='grc' dir='ltr'>μὲν</span> <span class='ocrx_word' id='word_1_62' title='bbox 1882 964 1971 1019; x_wconf 71' lang='grc' dir='ltr'>οὖν</span> <span class='ocrx_word' id='word_1_63' title='bbox 2032 964 2243 1042; x_wconf 87' lang='grc' dir='ltr'>διέσχεν</span> <span class='ocrx_word' id='word_1_64' title='bbox 2280 968 2307 1021; x_wconf 86' lang='grc' dir='ltr'>ὁ</span> 
     </span>
    </p>
   </div>
   <div class='ocr_carea' id='block_1_10' title="bbox 654 1043 2310 1122">
    <p class='ocr_par' dir='ltr' id='par_1_10' title="bbox 654 1043 2310 1122">
     <span class='ocr_line' id='line_1_10' title="bbox 654 1043 2310 1122; baseline 0.007 -24"><span class='ocrx_word' id='word_1_65' title='bbox 654 1043 872 1099; x_wconf 81' lang='grc' dir='ltr'>κλύδων</span> <span class='ocrx_word' id='word_1_66' title='bbox 900 1046 996 1109; x_wconf 74' lang='grc' dir='ltr'>τάς</span> <span class='ocrx_word' id='word_1_67' title='bbox 1036 1053 1161 1110; x_wconf 73' lang='grc' dir='ltr'>ναῦς</span> <span class='ocrx_word' id='word_1_68' title='bbox 1195 1050 1283 1103; x_wconf 86' lang='grc' dir='ltr'>ἀπ’</span> <span class='ocrx_word' id='word_1_69' title='bbox 1338 1049 1625 1122; x_wconf 72' lang='grc' dir='ltr'>ἀλλήλων,</span> <span class='ocrx_word' id='word_1_70' title='bbox 1658 1054 1747 1107; x_wconf 82' lang='grc' dir='ltr'>καὶ</span> <span class='ocrx_word' id='word_1_71' title='bbox 1797 1055 1848 1108; x_wconf 72' lang='grc' dir='ltr'>οἱ</span> <span class='ocrx_word' id='word_1_72' title='bbox 1893 1053 1946 1109; x_wconf 83' lang='grc' dir='ltr'>έν</span> <span class='ocrx_word' id='word_1_73' title='bbox 1995 1055 2178 1116; x_wconf 78' lang='grc' dir='ltr'>αὐταῖς</span> <span class='ocrx_word' id='word_1_74' title='bbox 2212 1055 2310 1110; x_wconf 81' lang='grc' dir='ltr'>οὐκ</span> 
     </span>
    </p>
   </div>
   <div class='ocr_carea' id='block_1_11' title="bbox 651 1133 2305 1216">
    <p class='ocr_par' dir='ltr' id='par_1_11' title="bbox 651 1133 2305 1216">
     <span class='ocr_line' id='line_1_11' title="bbox 651 1133 2305 1216; baseline 0.007 -29"><span class='ocrx_word' id='word_1_75' title='bbox 651 1135 800 1209; x_wconf 68' lang='grc' dir='ltr'>εἶχον</span> <span class='ocrx_word' id='word_1_76' title='bbox 840 1133 1035 1190; x_wconf 80' lang='grc' dir='ltr'>εἰδέναι</span> <span class='ocrx_word' id='word_1_77' title='bbox 1086 1143 1189 1191; x_wconf 75' lang='grc' dir='ltr'>ποῦ</span> <span class='ocrx_word' id='word_1_78' title='bbox 1249 1139 1500 1214; x_wconf 74' lang='grc' dir='ltr'>προίασιν</span> <span class='ocrx_word' id='word_1_79' title='bbox 1562 1139 1674 1214; x_wconf 73' lang='grc' dir='ltr'>ἅμα</span> <span class='ocrx_word' id='word_1_80' title='bbox 1731 1142 1996 1216; x_wconf 70' lang='grc' dir='ltr'>ἑκάτεροι·</span> <span class='ocrx_word' id='word_1_81' title='bbox 2058 1141 2305 1198; x_wconf 85' lang='grc' dir='ltr'>ἐνέδοσαν</span> 
     </span>
    </p>
   </div>
   <div class='ocr_carea' id='block_1_12' title="bbox 646 1223 2307 1307">
    <p class='ocr_par' dir='ltr' id='par_1_12' title="bbox 646 1223 2307 1307">
     <span class='ocr_line' id='line_1_12' title="bbox 646 1223 2307 1307; baseline 0.007 -31"><span class='ocrx_word' id='word_1_82' title='bbox 646 1223 749 1297; x_wconf 74' lang='grc' dir='ltr'>γὰρ</span> <span class='ocrx_word' id='word_1_83' title='bbox 775 1229 850 1295; x_wconf 78' lang='grc' dir='ltr'>τῷ</span> <span class='ocrx_word' id='word_1_84' title='bbox 892 1225 1091 1297; x_wconf 79' lang='grc' dir='ltr'>κύματι</span> <span class='ocrx_word' id='word_1_85' title='bbox 1151 1225 1403 1305; x_wconf 75' lang='grc' dir='ltr'>σφοδρῶς</span> <span class='ocrx_word' id='word_1_86' title='bbox 1446 1228 1881 1307; x_wconf 70' lang='grc' dir='ltr'>πλημμυροῦντι</span> <span class='ocrx_word' id='word_1_87' title='bbox 1941 1232 2077 1286; x_wconf 78' lang='grc' dir='ltr'>ὅπου</span> <span class='ocrx_word' id='word_1_88' title='bbox 2136 1254 2307 1307; x_wconf 87' lang='grc' dir='ltr'>προσ-</span> 
     </span>
    </p>
   </div>
   <div class='ocr_carea' id='block_1_13' title="bbox 648 1313 2299 1397">
    <p class='ocr_par' dir='ltr' id='par_1_13' title="bbox 648 1313 2299 1397">
     <span class='ocr_line' id='line_1_13' title="bbox 648 1313 2299 1397; baseline 0.008 -35"><span class='ocrx_word' id='word_1_89' title='bbox 648 1313 890 1385; x_wconf 88' lang='grc' dir='ltr'>αράσσων</span> <span class='ocrx_word' id='word_1_90' title='bbox 927 1314 1128 1387; x_wconf 79' lang='grc' dir='ltr'>ἀγρίως</span> <span class='ocrx_word' id='word_1_91' title='bbox 1177 1316 1267 1370; x_wconf 87' lang='grc' dir='ltr'>καὶ</span> <span class='ocrx_word' id='word_1_92' title='bbox 1323 1317 1495 1394; x_wconf 72' lang='grc' dir='ltr'>φέροι.</span> <span class='ocrx_word' id='word_1_93' title='bbox 1552 1320 1710 1383; x_wconf 78' lang='grc' dir='ltr'>’Όθεν</span> <span class='ocrx_word' id='word_1_94' title='bbox 1770 1322 1858 1375; x_wconf 83' lang='grc' dir='ltr'>καί</span> <span class='ocrx_word' id='word_1_95' title='bbox 1920 1323 1971 1374; x_wconf 75' lang='lat'><strong>0&quot;.</strong></span> <span class='ocrx_word' id='word_1_96' title='bbox 2030 1321 2153 1397; x_wconf 80' lang='grc' dir='ltr'>περὶ</span> <span class='ocrx_word' id='word_1_97' title='bbox 2210 1322 2299 1376; x_wconf 91' lang='grc' dir='ltr'>τὸν</span> 
     </span>
    </p>
   </div>
   <div class='ocr_carea' id='block_1_14' title="bbox 647 1402 2303 1486">
    <p class='ocr_par' dir='ltr' id='par_1_14' title="bbox 647 1402 2303 1486">
     <span class='ocr_line' id='line_1_14' title="bbox 647 1402 2303 1486; baseline 0.007 -33"><span class='ocrx_word' id='word_1_98' title='bbox 647 1402 920 1474; x_wconf 89' lang='grc' dir='ltr'>Γερμανὸν</span> <span class='ocrx_word' id='word_1_99' title='bbox 952 1402 1041 1457; x_wconf 81' lang='grc' dir='ltr'>καὶ</span> <span class='ocrx_word' id='word_1_100' title='bbox 1070 1406 1159 1458; x_wconf 83' lang='grc' dir='ltr'>τὸν</span> <span class='ocrx_word' id='word_1_101' title='bbox 1198 1407 1362 1479; x_wconf 86' lang='grc' dir='ltr'>μέγαν</span> <span class='ocrx_word' id='word_1_102' title='bbox 1425 1406 1721 1481; x_wconf 82' lang='grc' dir='ltr'>λογοΟέτην</span> <span class='ocrx_word' id='word_1_103' title='bbox 1782 1409 2019 1464; x_wconf 82' lang='grc' dir='ltr'>ἀνώθουν</span> <span class='ocrx_word' id='word_1_104' title='bbox 2079 1432 2136 1465; x_wconf 88' lang='grc' dir='ltr'>τε</span> <span class='ocrx_word' id='word_1_105' title='bbox 2166 1411 2303 1486; x_wconf 78' lang='grc' dir='ltr'>πρὸς</span> 
     </span>
    </p>
   </div>
   <div class='ocr_carea' id='block_1_15' title="bbox 647 1488 2297 1574">
    <p class='ocr_par' dir='ltr' id='par_1_15' title="bbox 647 1488 2297 1574">
     <span class='ocr_line' id='line_1_15' title="bbox 647 1488 2297 1574; baseline 0.007 -32"><span class='ocrx_word' id='word_1_106' title='bbox 647 1488 886 1564; x_wconf 86' lang='grc' dir='ltr'>πέλαγος</span> <span class='ocrx_word' id='word_1_107' title='bbox 944 1494 1042 1559; x_wconf 69' lang='grc' dir='ltr'>τήν</span> <span class='ocrx_word' id='word_1_108' title='bbox 1122 1497 1322 1567; x_wconf 82' lang='grc' dir='ltr'>τριήρη</span> <span class='ocrx_word' id='word_1_109' title='bbox 1390 1497 1479 1550; x_wconf 86' lang='grc' dir='ltr'>καὶ</span> <span class='ocrx_word' id='word_1_110' title='bbox 1541 1497 1871 1571; x_wconf 76' lang='grc' dir='ltr'>έξουρίαζον,</span> <span class='ocrx_word' id='word_1_111' title='bbox 1932 1504 2009 1571; x_wconf 77' lang='grc' dir='ltr'>τῷ</span> <span class='ocrx_word' id='word_1_112' title='bbox 2065 1499 2297 1574; x_wconf 82' lang='grc' dir='ltr'>πελάγει</span> 
     </span>
    </p>
   </div>
   <div class='ocr_carea' id='block_1_16' title="bbox 647 1580 2299 1657">
    <p class='ocr_par' dir='ltr' id='par_1_16' title="bbox 647 1580 2299 1657">
     <span class='ocr_line' id='line_1_16' title="bbox 647 1580 2299 1657; baseline 0.006 -26"><span class='ocrx_word' id='word_1_113' title='bbox 647 1580 1026 1641; x_wconf 72' lang='grc' dir='ltr'>πιστεύσαντες</span> <span class='ocrx_word' id='word_1_114' title='bbox 1059 1582 1376 1657; x_wconf 76' lang='grc' dir='ltr'>οπφώτερον</span> <span class='ocrx_word' id='word_1_115' title='bbox 1408 1587 1441 1654; x_wconf 67' lang='grc' dir='ltr'>ἦ</span> <span class='ocrx_word' id='word_1_116' title='bbox 1479 1586 1613 1639; x_wconf 85' lang='grc' dir='ltr'>κατά</span> <span class='ocrx_word' id='word_1_117' title='bbox 1669 1586 1795 1647; x_wconf 73' lang='grc' dir='ltr'>τοὺς</span> <span class='ocrx_word' id='word_1_118' title='bbox 1829 1585 2081 1649; x_wconf 78' lang='grc' dir='ltr'>λοιπούς.</span> <span class='ocrx_word' id='word_1_119' title='bbox 2115 1590 2299 1644; x_wconf 84' lang='grc' dir='ltr'>Ἐκεῖ-</span> 
     </span>
    </p>
   </div>
   <div class='ocr_carea' id='block_1_17' title="bbox 651 1667 2299 1750">
    <p class='ocr_par' dir='ltr' id='par_1_17' title="bbox 651 1667 2299 1750">
     <span class='ocr_line' id='line_1_17' title="bbox 651 1667 2299 1750; baseline 0.007 -30"><span class='ocrx_word' id='word_1_120' title='bbox 651 1667 861 1741; x_wconf 70' lang='grc' dir='ltr'>νοιγάρ</span> <span class='ocrx_word' id='word_1_121' title='bbox 926 1673 1440 1745; x_wconf 66' lang='grc' dir='ltr'>μικροψυχήσαντες</span> <span class='ocrx_word' id='word_1_122' title='bbox 1496 1672 1584 1727; x_wconf 80' lang='grc' dir='ltr'>διὰ</span> <span class='ocrx_word' id='word_1_123' title='bbox 1640 1676 1729 1729; x_wconf 80' lang='grc' dir='ltr'>τὸν</span> <span class='ocrx_word' id='word_1_124' title='bbox 1786 1674 2055 1747; x_wconf 82' lang='grc' dir='ltr'>κίνδυνον,</span> <span class='ocrx_word' id='word_1_125' title='bbox 2115 1680 2200 1730; x_wconf 80' lang='grc' dir='ltr'>καὶ</span> <span class='ocrx_word' id='word_1_126' title='bbox 2234 1681 2299 1750; x_wconf 81' lang='grc' dir='ltr'>τῇ</span> 
     </span>
    </p>
   </div>
   <div class='ocr_carea' id='block_1_18' title="bbox 650 1756 2298 1837">
    <p class='ocr_par' dir='ltr' id='par_1_18' title="bbox 650 1756 2298 1837">
     <span class='ocr_line' id='line_1_18' title="bbox 650 1756 2298 1837; baseline 0.007 -29"><span class='ocrx_word' id='word_1_127' title='bbox 650 1756 786 1825; x_wconf 77' lang='grc' dir='ltr'>ξηρᾷ</span> <span class='ocrx_word' id='word_1_128' title='bbox 844 1756 1003 1830; x_wconf 76' lang='grc' dir='ltr'>ἐγγὺς</span> <span class='ocrx_word' id='word_1_129' title='bbox 1065 1756 1195 1830; x_wconf 63' lang='grc' dir='ltr'>οὔσῃ</span> <span class='ocrx_word' id='word_1_130' title='bbox 1243 1760 1556 1829; x_wconf 82' lang='grc' dir='ltr'>ἐλπίζοντες</span> <span class='ocrx_word' id='word_1_131' title='bbox 1612 1765 1948 1833; x_wconf 76' lang='grc' dir='ltr'>σωθήσεσθαι</span> <span class='ocrx_word' id='word_1_132' title='bbox 2008 1765 2056 1819; x_wconf 79' lang='grc' dir='ltr'>εἷ’</span> <span class='ocrx_word' id='word_1_133' title='bbox 2118 1766 2298 1837; x_wconf 87' lang='grc' dir='ltr'>λιμένι</span> 
     </span>
    </p>
   </div>
   <div class='ocr_carea' id='block_1_19' title="bbox 2417 614 4069 693">
    <p class='ocr_par' dir='ltr' id='par_1_19' title="bbox 2417 614 4069 693">
     <span class='ocr_line' id='line_1_19' title="bbox 2417 614 4069 693; baseline 0.005 -29"><span class='ocrx_word' id='word_1_134' title='bbox 2417 618 2851 687; x_wconf 76' lang='grc' dir='ltr'>ναυμαχοῦντες,</span> <span class='ocrx_word' id='word_1_135' title='bbox 2884 616 2973 670; x_wconf 83' lang='grc' dir='ltr'>καὶ</span> <span class='ocrx_word' id='word_1_136' title='bbox 3028 614 3301 679; x_wconf 82' lang='grc' dir='ltr'>πολλάκις</span> <span class='ocrx_word' id='word_1_137' title='bbox 3335 617 3489 693; x_wconf 75' lang='grc' dir='ltr'>ἐγγὺς</span> <span class='ocrx_word' id='word_1_138' title='bbox 3538 615 3784 683; x_wconf 74' lang='grc' dir='ltr'>ἐλθόντες</span> <span class='ocrx_word' id='word_1_139' title='bbox 3836 624 3935 672; x_wconf 77' lang='grc' dir='ltr'>τοῦ</span> <span class='ocrx_word' id='word_1_140' title='bbox 3965 640 4069 672; x_wconf 86' lang='grc' dir='ltr'>κα-</span> 
     </span>
    </p>
   </div>
   <div class='ocr_carea' id='block_1_20' title="bbox 2417 697 4074 783">
    <p class='ocr_par' dir='ltr' id='par_1_20' title="bbox 2417 697 4074 783">
     <span class='ocr_line' id='line_1_20' title="bbox 2417 697 4074 783; baseline 0.009 -31"><span class='ocrx_word' id='word_1_141' title='bbox 2417 697 2633 754; x_wconf 78' lang='grc' dir='ltr'>ταδῦναι</span> <span class='ocrx_word' id='word_1_142' title='bbox 2669 747 2682 773; x_wconf 94' lang='grc'>,</span> <span class='ocrx_word' id='word_1_143' title='bbox 2746 702 2909 774; x_wconf 80' lang='grc' dir='ltr'>μόλις</span> <span class='ocrx_word' id='word_1_144' title='bbox 2965 705 3056 759; x_wconf 87' lang='grc' dir='ltr'>καὶ</span> <span class='ocrx_word' id='word_1_145' title='bbox 3108 704 3197 759; x_wconf 79' lang='grc' dir='ltr'>σὺν</span> <span class='ocrx_word' id='word_1_146' title='bbox 3261 706 3447 781; x_wconf 80' lang='grc' dir='ltr'>πολλῇ</span> <span class='ocrx_word' id='word_1_147' title='bbox 3516 708 3605 783; x_wconf 74' lang='grc' dir='ltr'>βία</span> <span class='ocrx_word' id='word_1_148' title='bbox 3656 707 4074 782; x_wconf 77' lang='grc' dir='ltr'>ὑπαυγαζούστ,ς</span> 
     </span>
    </p>
   </div>
   <div class='ocr_carea' id='block_1_21' title="bbox 2420 791 4072 871">
    <p class='ocr_par' dir='ltr' id='par_1_21' title="bbox 2420 791 4072 871">
     <span class='ocr_line' id='line_1_21' title="bbox 2420 791 4072 871; baseline 0.005 -29"><span class='ocrx_word' id='word_1_149' title='bbox 2420 791 2631 864; x_wconf 77' lang='grc' dir='ltr'>ἡμέρας</span> <span class='ocrx_word' id='word_1_150' title='bbox 2687 793 2822 864; x_wconf 78' lang='grc' dir='ltr'>πρὸς</span> <span class='ocrx_word' id='word_1_151' title='bbox 2876 794 3141 865; x_wconf 82' lang='grc' dir='ltr'>Μεθώνην</span> <span class='ocrx_word' id='word_1_152' title='bbox 3196 795 3455 871; x_wconf 87' lang='grc' dir='ltr'>γίνονται,</span> <span class='ocrx_word' id='word_1_153' title='bbox 3520 796 3677 870; x_wconf 81' lang='grc' dir='ltr'>μόγις</span> <span class='ocrx_word' id='word_1_154' title='bbox 3736 794 4072 869; x_wconf 79' lang='grc' dir='ltr'>ἀποδράντες</span> 
     </span>
    </p>
   </div>
   <div class='ocr_carea' id='block_1_22' title="bbox 2417 878 4078 957">
    <p class='ocr_par' dir='ltr' id='par_1_22' title="bbox 2417 878 4078 957">
     <span class='ocr_line' id='line_1_22' title="bbox 2417 878 4078 957; baseline 0.005 -26"><span class='ocrx_word' id='word_1_155' title='bbox 2417 881 2543 953; x_wconf 88' lang='grc' dir='ltr'>παρ’</span> <span class='ocrx_word' id='word_1_156' title='bbox 2601 878 2798 935; x_wconf 77' lang='grc' dir='ltr'>ἐλπίδα</span> <span class='ocrx_word' id='word_1_157' title='bbox 2853 888 3023 937; x_wconf 74' lang='grc' dir='ltr'>πᾶσαν</span> <span class='ocrx_word' id='word_1_158' title='bbox 3074 883 3166 937; x_wconf 84' lang='grc' dir='ltr'>τὸν</span> <span class='ocrx_word' id='word_1_159' title='bbox 3212 883 3487 957; x_wconf 82' lang='grc' dir='ltr'>ἐφεστῶτα</span> <span class='ocrx_word' id='word_1_160' title='bbox 3535 883 3801 939; x_wconf 83' lang='grc' dir='ltr'>κίνδυνον.</span> <span class='ocrx_word' id='word_1_161' title='bbox 3866 886 4078 939; x_wconf 85' lang='grc' dir='ltr'>Ἐκεῖσε</span> 
     </span>
    </p>
   </div>
   <div class='ocr_carea' id='block_1_23' title="bbox 2419 965 4078 1051">
    <p class='ocr_par' dir='ltr' id='par_1_23' title="bbox 2419 965 4078 1051">
     <span class='ocr_line' id='line_1_23' title="bbox 2419 965 4078 1051; baseline 0.007 -33"><span class='ocrx_word' id='word_1_162' title='bbox 2419 965 2465 1019; x_wconf 88' lang='grc' dir='ltr'>δ’</span> <span class='ocrx_word' id='word_1_163' title='bbox 2524 967 2801 1031; x_wconf 83' lang='grc' dir='ltr'>ἀνέσαντες</span> <span class='ocrx_word' id='word_1_164' title='bbox 2855 973 3066 1046; x_wconf 82' lang='grc' dir='ltr'>ἡμέρας</span> <span class='ocrx_word' id='word_1_165' title='bbox 3124 971 3349 1034; x_wconf 82' lang='grc' dir='ltr'>πλείους</span> <span class='ocrx_word' id='word_1_166' title='bbox 3408 972 3565 1051; x_wconf 76' lang='grc' dir='ltr'>ἐφ’ᾦ</span> <span class='ocrx_word' id='word_1_167' title='bbox 3602 979 3789 1045; x_wconf 82' lang='grc' dir='ltr'>μαθεῖν</span> <span class='ocrx_word' id='word_1_168' title='bbox 3846 975 3912 1029; x_wconf 76' lang='grc' dir='ltr'>τὰ</span> <span class='ocrx_word' id='word_1_169' title='bbox 3972 981 4078 1042; x_wconf 73' lang='grc' dir='ltr'>τῆς</span> 
     </span>
    </p>
   </div>
   <div class='ocr_carea' id='block_1_24' title="bbox 2418 1052 4074 1134">
    <p class='ocr_par' dir='ltr' id='par_1_24' title="bbox 2418 1052 4074 1134">
     <span class='ocr_line' id='line_1_24' title="bbox 2418 1052 4074 1134; baseline 0.004 -25"><span class='ocrx_word' id='word_1_170' title='bbox 2418 1052 2596 1126; x_wconf 75' lang='grc' dir='ltr'>ἄλλης</span> <span class='ocrx_word' id='word_1_171' title='bbox 2624 1061 2894 1131; x_wconf 80' lang='grc' dir='ltr'>τριήρεως</span> <span class='ocrx_word' id='word_1_172' title='bbox 2941 1063 3019 1133; x_wconf 79' lang='grc' dir='ltr'>[Ρ.</span> <span class='ocrx_word' id='word_1_173' title='bbox 3072 1063 3198 1134; x_wconf 84' lang='grc'>270]</span> <span class='ocrx_word' id='word_1_174' title='bbox 3230 1058 3283 1115; x_wconf 76' lang='grc' dir='ltr'>εἶ’</span> <span class='ocrx_word' id='word_1_175' title='bbox 3305 1083 3409 1117; x_wconf 85' lang='grc' dir='ltr'>που</span> <span class='ocrx_word' id='word_1_176' title='bbox 3466 1066 3562 1117; x_wconf 71' lang='grc' dir='ltr'>τοῦ</span> <span class='ocrx_word' id='word_1_177' title='bbox 3613 1060 3897 1125; x_wconf 80' lang='grc' dir='ltr'>κλύδωνος</span> <span class='ocrx_word' id='word_1_178' title='bbox 3948 1059 4074 1117; x_wconf 82' lang='grc' dir='ltr'>δια-</span> 
     </span>
    </p>
   </div>
   <div class='ocr_carea' id='block_1_25' title="bbox 2414 1146 4074 1228">
    <p class='ocr_par' dir='ltr' id='par_1_25' title="bbox 2414 1146 4074 1228">
     <span class='ocr_line' id='line_1_25' title="bbox 2414 1146 4074 1228; baseline 0.004 -30"><span class='ocrx_word' id='word_1_179' title='bbox 2414 1146 2620 1218; x_wconf 86' lang='grc' dir='ltr'>γένοιτο</span> <span class='ocrx_word' id='word_1_180' title='bbox 2654 1194 2668 1218; x_wconf 84' lang='grc'>,</span> <span class='ocrx_word' id='word_1_181' title='bbox 2729 1147 2779 1201; x_wconf 83' lang='grc' dir='ltr'>έν</span> <span class='ocrx_word' id='word_1_182' title='bbox 2840 1147 3049 1219; x_wconf 70' lang='grc' dir='ltr'>εἷ’δήσει</span> <span class='ocrx_word' id='word_1_183' title='bbox 3106 1150 3346 1224; x_wconf 90' lang='grc' dir='ltr'>γίνονται</span> <span class='ocrx_word' id='word_1_184' title='bbox 3400 1158 3501 1221; x_wconf 75' lang='grc' dir='ltr'>τῆς</span> <span class='ocrx_word' id='word_1_185' title='bbox 3559 1157 3755 1226; x_wconf 69' lang='grc' dir='ltr'>πικρᾶς</span> <span class='ocrx_word' id='word_1_186' title='bbox 3813 1150 4074 1228; x_wconf 76' lang='grc' dir='ltr'>ἀγγελίας</span> 
     </span>
    </p>
   </div>
   <div class='ocr_carea' id='block_1_26' title="bbox 2420 1235 4072 1318">
    <p class='ocr_par' dir='ltr' id='par_1_26' title="bbox 2420 1235 4072 1318">
     <span class='ocr_line' id='line_1_26' title="bbox 2420 1235 4072 1318; baseline 0.004 -30"><span class='ocrx_word' id='word_1_187' title='bbox 2420 1236 2534 1307; x_wconf 89' lang='grc' dir='ltr'>μετ’</span> <span class='ocrx_word' id='word_1_188' title='bbox 2565 1236 2626 1290; x_wconf 82' lang='grc' dir='ltr'>οὐ</span> <span class='ocrx_word' id='word_1_189' title='bbox 2656 1236 2821 1294; x_wconf 82' lang='grc' dir='ltr'>πολύ.</span> <span class='ocrx_word' id='word_1_190' title='bbox 2856 1239 2923 1295; x_wconf 74' lang='grc' dir='ltr'>ΟἹ</span> <span class='ocrx_word' id='word_1_191' title='bbox 2954 1237 3019 1306; x_wconf 79' lang='grc' dir='ltr'>δὴ</span> <span class='ocrx_word' id='word_1_192' title='bbox 3065 1240 3153 1294; x_wconf 78' lang='grc' dir='ltr'>καὶ</span> <span class='ocrx_word' id='word_1_193' title='bbox 3209 1235 3365 1312; x_wconf 84' lang='grc' dir='ltr'>μόνοι</span> <span class='ocrx_word' id='word_1_194' title='bbox 3417 1239 3745 1318; x_wconf 79' lang='grc' dir='ltr'>λειφθέντες,</span> <span class='ocrx_word' id='word_1_195' title='bbox 3806 1241 3923 1296; x_wconf 73' lang='grc' dir='ltr'>ἐπεὶ</span> <span class='ocrx_word' id='word_1_196' title='bbox 3970 1241 4072 1295; x_wconf 78' lang='grc' dir='ltr'>οὐκ</span> 
     </span>
    </p>
   </div>
   <div class='ocr_carea' id='block_1_27' title="bbox 2413 1324 4072 1404">
    <p class='ocr_par' dir='ltr' id='par_1_27' title="bbox 2413 1324 4072 1404">
     <span class='ocr_line' id='line_1_27' title="bbox 2413 1324 4072 1404; baseline 0.003 -26"><span class='ocrx_word' id='word_1_197' title='bbox 2413 1326 2477 1392; x_wconf 78' lang='grc' dir='ltr'>ἦν</span> <span class='ocrx_word' id='word_1_198' title='bbox 2515 1326 2888 1402; x_wconf 73' lang='grc' dir='ltr'>ὑποστρέφειν,</span> <span class='ocrx_word' id='word_1_199' title='bbox 2919 1333 3036 1390; x_wconf 91' lang='grc' dir='ltr'>τοῖς</span> <span class='ocrx_word' id='word_1_200' title='bbox 3076 1328 3264 1401; x_wconf 84' lang='grc' dir='ltr'>πρόσω</span> <span class='ocrx_word' id='word_1_201' title='bbox 3315 1324 3745 1403; x_wconf 78' lang='grc' dir='ltr'>ἐπιϐαλλόμενοι</span> <span class='ocrx_word' id='word_1_202' title='bbox 3795 1330 3937 1404; x_wconf 86' lang='grc' dir='ltr'>πρὸς</span> <span class='ocrx_word' id='word_1_203' title='bbox 3969 1331 4072 1397; x_wconf 72' lang='grc' dir='ltr'>τὴν</span> 
     </span>
    </p>
   </div>
   <div class='ocr_carea' id='block_1_28' title="bbox 2412 1414 4073 1492">
    <p class='ocr_par' dir='ltr' id='par_1_28' title="bbox 2412 1414 4073 1492">
     <span class='ocr_line' id='line_1_28' title="bbox 2412 1414 4073 1492; baseline 0.004 -25"><span class='ocrx_word' id='word_1_204' title='bbox 2412 1414 2634 1485; x_wconf 81' lang='grc' dir='ltr'>Ῥωμην</span> <span class='ocrx_word' id='word_1_205' title='bbox 2668 1414 2959 1472; x_wconf 87' lang='grc' dir='ltr'>ἀπέπλεον.</span> <span class='ocrx_word' id='word_1_206' title='bbox 3022 1417 3119 1471; x_wconf 83' lang='grc' dir='ltr'>Καὶ</span> <span class='ocrx_word' id='word_1_207' title='bbox 3176 1414 3247 1471; x_wconf 87' lang='grc' dir='ltr'>δι’</span> <span class='ocrx_word' id='word_1_208' title='bbox 3304 1417 3502 1492; x_wconf 77' lang='grc' dir='ltr'>ὀλίγων</span> <span class='ocrx_word' id='word_1_209' title='bbox 3557 1421 3777 1492; x_wconf 78' lang='grc' dir='ltr'>ἡμερῶν</span> <span class='ocrx_word' id='word_1_210' title='bbox 3831 1416 4073 1473; x_wconf 85' lang='grc' dir='ltr'>καταλα-</span> 
     </span>
    </p>
   </div>
   <div class='ocr_carea' id='block_1_29' title="bbox 2413 1500 4072 1580">
    <p class='ocr_par' dir='ltr' id='par_1_29' title="bbox 2413 1500 4072 1580">
     <span class='ocr_line' id='line_1_29' title="bbox 2413 1500 4072 1580; baseline 0.003 -25"><span class='ocrx_word' id='word_1_211' title='bbox 2413 1500 2598 1565; x_wconf 78' lang='grc' dir='ltr'>ϐόντες</span> <span class='ocrx_word' id='word_1_212' title='bbox 2656 1506 2747 1559; x_wconf 84' lang='grc' dir='ltr'>τὸν</span> <span class='ocrx_word' id='word_1_213' title='bbox 2804 1506 3026 1560; x_wconf 81' lang='grc' dir='ltr'>πάππαν</span> <span class='ocrx_word' id='word_1_214' title='bbox 3084 1506 3151 1561; x_wconf 81' lang='grc' dir='ltr'>τὰ</span> <span class='ocrx_word' id='word_1_215' title='bbox 3214 1506 3315 1573; x_wconf 74' lang='grc' dir='ltr'>τῆς</span> <span class='ocrx_word' id='word_1_216' title='bbox 3396 1502 3684 1579; x_wconf 77' lang='grc' dir='ltr'>πρεσϐείας</span> <span class='ocrx_word' id='word_1_217' title='bbox 3741 1505 4021 1580; x_wconf 76' lang='grc' dir='ltr'>ἐπλήρουν</span> <span class='ocrx_word' id='word_1_218' title='bbox 4060 1554 4072 1575; x_wconf 87' lang='grc'>,</span> 
     </span>
    </p>
   </div>
   <div class='ocr_carea' id='block_1_30' title="bbox 2414 1591 4070 1671">
    <p class='ocr_par' dir='ltr' id='par_1_30' title="bbox 2414 1591 4070 1671">
     <span class='ocr_line' id='line_1_30' title="bbox 2414 1591 4070 1671; baseline 0.003 -27"><span class='ocrx_word' id='word_1_219' title='bbox 2414 1591 2661 1663; x_wconf 89' lang='grc' dir='ltr'>ἀσμένως</span> <span class='ocrx_word' id='word_1_220' title='bbox 2728 1592 3130 1666; x_wconf 80' lang='grc' dir='ltr'>ὑποδεξαμένου</span> <span class='ocrx_word' id='word_1_221' title='bbox 3187 1600 3283 1649; x_wconf 77' lang='grc' dir='ltr'>τοῦ</span> <span class='ocrx_word' id='word_1_222' title='bbox 3354 1599 3551 1650; x_wconf 88' lang='grc' dir='ltr'>πάππα</span> <span class='ocrx_word' id='word_1_223' title='bbox 3606 1595 3734 1657; x_wconf 80' lang='grc' dir='ltr'>τοὺς</span> <span class='ocrx_word' id='word_1_224' title='bbox 3786 1592 4070 1671; x_wconf 78' lang='grc' dir='ltr'>πρέσϐεις,</span> 
     </span>
    </p>
   </div>
   <div class='ocr_carea' id='block_1_31' title="bbox 2412 1679 4068 1760">
    <p class='ocr_par' dir='ltr' id='par_1_31' title="bbox 2412 1679 4068 1760">
     <span class='ocr_line' id='line_1_31' title="bbox 2412 1679 4068 1760; baseline 0.003 -27"><span class='ocrx_word' id='word_1_225' title='bbox 2412 1679 2550 1733; x_wconf 83' lang='grc' dir='ltr'>ὥστε</span> <span class='ocrx_word' id='word_1_226' title='bbox 2592 1682 2680 1735; x_wconf 84' lang='grc' dir='ltr'>καὶ</span> <span class='ocrx_word' id='word_1_227' title='bbox 2712 1690 2941 1755; x_wconf 85' lang='grc' dir='ltr'>τιμῆσαι</span> <span class='ocrx_word' id='word_1_228' title='bbox 2973 1690 3106 1760; x_wconf 77' lang='grc' dir='ltr'>σφᾶς</span> <span class='ocrx_word' id='word_1_229' title='bbox 3165 1686 3376 1760; x_wconf 85' lang='grc' dir='ltr'>τιάραις</span> <span class='ocrx_word' id='word_1_230' title='bbox 3434 1706 3494 1739; x_wconf 89' lang='grc' dir='ltr'>τε</span> <span class='ocrx_word' id='word_1_231' title='bbox 3549 1685 3639 1740; x_wconf 87' lang='grc' dir='ltr'>καὶ</span> <span class='ocrx_word' id='word_1_232' title='bbox 3700 1686 3918 1758; x_wconf 84' lang='grc' dir='ltr'>μίτραις</span> <span class='ocrx_word' id='word_1_233' title='bbox 3974 1685 4068 1739; x_wconf 77' lang='grc' dir='ltr'>καὶ</span> 
     </span>
    </p>
   </div>
   <div class='ocr_carea' id='block_1_32' title="bbox 2411 1766 4071 1850">
    <p class='ocr_par' dir='ltr' id='par_1_32' title="bbox 2411 1766 4071 1850">
     <span class='ocr_line' id='line_1_32' title="bbox 2411 1766 4071 1850; baseline 0.004 -28"><span class='ocrx_word' id='word_1_234' title='bbox 2411 1766 2742 1841; x_wconf 74' lang='grc' dir='ltr'>δακτυλίοις,</span> <span class='ocrx_word' id='word_1_235' title='bbox 2798 1772 2872 1833; x_wconf 86' lang='grc' dir='ltr'>ὡς</span> <span class='ocrx_word' id='word_1_236' title='bbox 2905 1774 2938 1840; x_wconf 85' lang='grc' dir='ltr'>ἡ</span> <span class='ocrx_word' id='word_1_237' title='bbox 2992 1772 3208 1827; x_wconf 81' lang='grc' dir='ltr'>ἐκείνων</span> <span class='ocrx_word' id='word_1_238' title='bbox 3267 1772 3385 1848; x_wconf 81' lang='grc' dir='ltr'>ἔχει</span> <span class='ocrx_word' id='word_1_239' title='bbox 3441 1773 3523 1828; x_wconf 82' lang='grc' dir='ltr'>ἐπ’</span> <span class='ocrx_word' id='word_1_240' title='bbox 3552 1774 3865 1850; x_wconf 80' lang='grc' dir='ltr'>ἀρχιερεῦσι</span> <span class='ocrx_word' id='word_1_241' title='bbox 3900 1778 4071 1843; x_wconf 68' lang='grc' dir='ltr'>συνή-</span> 
     </span>
    </p>
   </div>
   <div class='ocr_carea' id='block_1_33' title="bbox 648 1844 4069 1939">
    <p class='ocr_par' dir='ltr' id='par_1_33' title="bbox 648 1844 4069 1939">
     <span class='ocr_line' id='line_1_33' title="bbox 648 1844 4069 1939; baseline 0.006 -41"><span class='ocrx_word' id='word_1_242' title='bbox 648 1844 944 1918; x_wconf 79' lang='grc' dir='ltr'>ἐντύχοιεν,</span> <span class='ocrx_word' id='word_1_243' title='bbox 980 1850 1077 1915; x_wconf 64' lang='grc' dir='ltr'>τὴν</span> <span class='ocrx_word' id='word_1_244' title='bbox 1104 1848 1201 1921; x_wconf 73' lang='grc' dir='ltr'>γῆν</span> <span class='ocrx_word' id='word_1_245' title='bbox 1241 1852 1333 1920; x_wconf 72' lang='grc' dir='ltr'>μὲν</span> <span class='ocrx_word' id='word_1_246' title='bbox 1388 1851 1757 1927; x_wconf 73' lang='grc' dir='ltr'>ὸιρυλασσοντο</span> <span class='ocrx_word' id='word_1_247' title='bbox 1801 1856 1891 1908; x_wconf 86' lang='grc' dir='ltr'>τὸν</span> <span class='ocrx_word' id='word_1_248' title='bbox 1944 1855 2047 1909; x_wconf 87' lang='grc' dir='ltr'>ἀπὸ</span> <span class='ocrx_word' id='word_1_249' title='bbox 2096 1855 2296 1924; x_wconf 72' lang='grc' dir='ltr'>ταύτης</span> <span class='ocrx_word' id='word_1_250' title='bbox 2330 1875 2375 1939; x_wconf 80' lang='grc' dir='ltr'><strong>Β</strong></span> <span class='ocrx_word' id='word_1_251' title='bbox 2409 1860 2542 1914; x_wconf 88' lang='grc' dir='ltr'>θεια.</span> <span class='ocrx_word' id='word_1_252' title='bbox 2581 1861 2712 1933; x_wconf 78' lang='grc' dir='ltr'>Ἔαρ</span> <span class='ocrx_word' id='word_1_253' title='bbox 2747 1861 2838 1914; x_wconf 75' lang='grc' dir='ltr'>οὖν</span> <span class='ocrx_word' id='word_1_254' title='bbox 2884 1862 2974 1915; x_wconf 80' lang='grc' dir='ltr'>καὶ</span> <span class='ocrx_word' id='word_1_255' title='bbox 3029 1861 3183 1936; x_wconf 84' lang='grc' dir='ltr'>θέρος</span> <span class='ocrx_word' id='word_1_256' title='bbox 3242 1862 3413 1917; x_wconf 81' lang='grc' dir='ltr'>ἐκεῖσε</span> <span class='ocrx_word' id='word_1_257' title='bbox 3470 1861 3833 1939; x_wconf 79' lang='grc' dir='ltr'>διαγαγόντες,</span> <span class='ocrx_word' id='word_1_258' title='bbox 3866 1865 3958 1918; x_wconf 78' lang='grc' dir='ltr'>καὶ</span> <span class='ocrx_word' id='word_1_259' title='bbox 4000 1863 4069 1917; x_wconf 80' lang='grc' dir='ltr'>τὰ</span> 
     </span>
    </p>
   </div>
   <div class='ocr_carea' id='block_1_34' title="bbox 649 1929 2295 2013">
    <p class='ocr_par' dir='ltr' id='par_1_34' title="bbox 649 1929 2295 2013">
     <span class='ocr_line' id='line_1_34' title="bbox 649 1929 2295 2013; baseline 0.009 -28"><span class='ocrx_word' id='word_1_260' title='bbox 649 1929 886 1994; x_wconf 83' lang='grc' dir='ltr'>δεδιότες</span> <span class='ocrx_word' id='word_1_261' title='bbox 919 1933 1188 2005; x_wconf 80' lang='grc' dir='ltr'>κίνδυνον,</span> <span class='ocrx_word' id='word_1_262' title='bbox 1228 1937 1374 2007; x_wconf 76' lang='grc' dir='ltr'>πλὴν</span> <span class='ocrx_word' id='word_1_263' title='bbox 1412 1937 1455 2013; x_wconf 69' lang='grc' dir='ltr'>δι</span> <span class='ocrx_word' id='word_1_264' title='bbox 1483 1939 1608 1995; x_wconf 74' lang='grc' dir='ltr'>ἀλλ’</span> <span class='ocrx_word' id='word_1_265' title='bbox 1642 1940 1764 1997; x_wconf 76' lang='grc' dir='ltr'>οὐδὲ</span> <span class='ocrx_word' id='word_1_266' title='bbox 1794 1941 1956 1997; x_wconf 84' lang='grc' dir='ltr'>πάλιν</span> <span class='ocrx_word' id='word_1_267' title='bbox 2012 1948 2091 1997; x_wconf 80' lang='grc' dir='ltr'>τῶ</span> <span class='ocrx_word' id='word_1_268' title='bbox 2122 1947 2295 1998; x_wconf 77' lang='grc' dir='ltr'>πελά-</span> 
     </span>
    </p>
   </div>
   <div class='ocr_carea' id='block_1_35' title="bbox 644 2023 2293 2109">
    <p class='ocr_par' dir='ltr' id='par_1_35' title="bbox 644 2023 2293 2109">
     <span class='ocr_line' id='line_1_35' title="bbox 644 2023 2293 2109; baseline 0.007 -34"><span class='ocrx_word' id='word_1_269' title='bbox 644 2043 725 2097; x_wconf 90' lang='grc' dir='ltr'>γει</span> <span class='ocrx_word' id='word_1_270' title='bbox 786 2023 1100 2082; x_wconf 81' lang='grc' dir='ltr'>ἐπίστευον.</span> <span class='ocrx_word' id='word_1_271' title='bbox 1161 2028 1318 2090; x_wconf 78' lang='grc' dir='ltr'>’Ὸθεν</span> <span class='ocrx_word' id='word_1_272' title='bbox 1378 2029 1466 2082; x_wconf 85' lang='grc' dir='ltr'>καὶ</span> <span class='ocrx_word' id='word_1_273' title='bbox 1525 2032 1660 2085; x_wconf 80' lang='grc' dir='ltr'>κατὰ</span> <span class='ocrx_word' id='word_1_274' title='bbox 1721 2032 1912 2106; x_wconf 88' lang='grc' dir='ltr'>μικρὸν</span> <span class='ocrx_word' id='word_1_275' title='bbox 1970 2040 2069 2101; x_wconf 82' lang='grc' dir='ltr'>τῆς</span> <span class='ocrx_word' id='word_1_276' title='bbox 2127 2040 2293 2109; x_wconf 77' lang='grc' dir='ltr'>φορᾶς</span> 
     </span>
    </p>
   </div>
   <div class='ocr_carea' id='block_1_36' title="bbox 638 2114 2293 2200">
    <p class='ocr_par' dir='ltr' id='par_1_36' title="bbox 638 2114 2293 2200">
     <span class='ocr_line' id='line_1_36' title="bbox 638 2114 2293 2200; baseline 0.007 -36"><span class='ocrx_word' id='word_1_277' title='bbox 638 2115 747 2165; x_wconf 77' lang='grc' dir='ltr'>τῶν</span> <span class='ocrx_word' id='word_1_278' title='bbox 803 2114 1059 2184; x_wconf 79' lang='grc' dir='ltr'>κυμάτων</span> <span class='ocrx_word' id='word_1_279' title='bbox 1127 2117 1447 2189; x_wconf 76' lang='grc' dir='ltr'>ἡττωμένου</span> <span class='ocrx_word' id='word_1_280' title='bbox 1529 2123 1624 2173; x_wconf 77' lang='grc' dir='ltr'>τοῦ</span> <span class='ocrx_word' id='word_1_281' title='bbox 1680 2115 2017 2196; x_wconf 74' lang='grc' dir='ltr'>κυϐερνήτου</span> <span class='ocrx_word' id='word_1_282' title='bbox 2074 2122 2293 2200; x_wconf 64' lang='grc' dir='ltr'>ἀφανῶς</span> 
     </span>
    </p>
   </div>
   <div class='ocr_carea' id='block_1_37' title="bbox 638 2203 2295 2284">
    <p class='ocr_par' dir='ltr' id='par_1_37' title="bbox 638 2203 2295 2284">
     <span class='ocr_line' id='line_1_37' title="bbox 638 2203 2295 2284; baseline 0.008 -30"><span class='ocrx_word' id='word_1_283' title='bbox 638 2205 757 2264; x_wconf 88' lang='grc' dir='ltr'>ταῖς</span> <span class='ocrx_word' id='word_1_284' title='bbox 814 2203 1001 2265; x_wconf 83' lang='grc' dir='ltr'>ἀκταῖς</span> <span class='ocrx_word' id='word_1_285' title='bbox 1042 2206 1431 2277; x_wconf 78' lang='grc' dir='ltr'>προσπαίουσι,</span> <span class='ocrx_word' id='word_1_286' title='bbox 1492 2208 1580 2262; x_wconf 86' lang='grc' dir='ltr'>καὶ</span> <span class='ocrx_word' id='word_1_287' title='bbox 1633 2208 1803 2272; x_wconf 74' lang='grc' dir='ltr'>οὕτως</span> <span class='ocrx_word' id='word_1_288' title='bbox 1854 2210 2089 2284; x_wconf 82' lang='grc' dir='ltr'>αὐτόνεῳ</span> <span class='ocrx_word' id='word_1_289' title='bbox 2134 2234 2295 2267; x_wconf 84' lang='grc' dir='ltr'>κατα-</span> 
     </span>
    </p>
   </div>
   <div class='ocr_carea' id='block_1_38' title="bbox 643 2287 2297 2372">
    <p class='ocr_par' dir='ltr' id='par_1_38' title="bbox 643 2287 2297 2372">
     <span class='ocr_line' id='line_1_38' title="bbox 643 2287 2297 2372; baseline 0.008 -30"><span class='ocrx_word' id='word_1_290' title='bbox 643 2287 882 2360; x_wconf 87' lang='grc' dir='ltr'>δύονται,</span> <span class='ocrx_word' id='word_1_291' title='bbox 917 2288 1066 2366; x_wconf 77' lang='grc' dir='ltr'>δῶρα</span> <span class='ocrx_word' id='word_1_292' title='bbox 1097 2292 1271 2349; x_wconf 79' lang='grc' dir='ltr'>ἐκεῖνα</span> <span class='ocrx_word' id='word_1_293' title='bbox 1325 2295 1581 2369; x_wconf 85' lang='grc' dir='ltr'>βασιλικά</span> <span class='ocrx_word' id='word_1_294' title='bbox 1637 2299 1726 2352; x_wconf 83' lang='grc' dir='ltr'>καὶ</span> <span class='ocrx_word' id='word_1_295' title='bbox 1781 2300 1881 2368; x_wconf 79' lang='grc' dir='ltr'>τήν</span> <span class='ocrx_word' id='word_1_296' title='bbox 1937 2301 2038 2369; x_wconf 81' lang='grc' dir='ltr'>τῆς</span> <span class='ocrx_word' id='word_1_297' title='bbox 2098 2298 2297 2372; x_wconf 84' lang='grc' dir='ltr'>ἐκκλη-</span> 
     </span>
    </p>
   </div>
   <div class='ocr_carea' id='block_1_39' title="bbox 639 2378 2296 2464">
    <p class='ocr_par' dir='ltr' id='par_1_39' title="bbox 639 2378 2296 2464">
     <span class='ocr_line' id='line_1_39' title="bbox 639 2378 2296 2464; baseline 0.007 -31"><span class='ocrx_word' id='word_1_298' title='bbox 639 2378 755 2442; x_wconf 88' lang='grc' dir='ltr'>σίας</span> <span class='ocrx_word' id='word_1_299' title='bbox 796 2378 1104 2454; x_wconf 78' lang='grc' dir='ltr'>πολύτιμον</span> <span class='ocrx_word' id='word_1_300' title='bbox 1160 2380 1384 2452; x_wconf 75' lang='grc' dir='ltr'>ἐνδυτὴν</span> <span class='ocrx_word' id='word_1_301' title='bbox 1446 2386 1629 2448; x_wconf 66' lang='grc' dir='ltr'>αὐτοῖς</span> <span class='ocrx_word' id='word_1_302' title='bbox 1684 2384 1906 2460; x_wconf 82' lang='grc' dir='ltr'>ἀνδράσι</span> <span class='ocrx_word' id='word_1_303' title='bbox 1960 2388 2296 2464; x_wconf 85' lang='grc' dir='ltr'>συγκαταδύ-</span> 
     </span>
    </p>
   </div>
   <div class='ocr_carea' id='block_1_40' title="bbox 642 2469 2295 2554">
    <p class='ocr_par' dir='ltr' id='par_1_40' title="bbox 642 2469 2295 2554">
     <span class='ocr_line' id='line_1_40' title="bbox 642 2469 2295 2554; baseline 0.009 -34"><span class='ocrx_word' id='word_1_304' title='bbox 642 2488 847 2538; x_wconf 84' lang='grc' dir='ltr'>σαντες,</span> <span class='ocrx_word' id='word_1_305' title='bbox 873 2469 989 2533; x_wconf 71' lang='grc' dir='ltr'>ἐνὸς</span> <span class='ocrx_word' id='word_1_306' title='bbox 1020 2470 1109 2525; x_wconf 82' lang='grc' dir='ltr'>καὶ</span> <span class='ocrx_word' id='word_1_307' title='bbox 1164 2472 1332 2545; x_wconf 90' lang='grc' dir='ltr'>μόνου</span> <span class='ocrx_word' id='word_1_308' title='bbox 1366 2470 1739 2547; x_wconf 88' lang='grc' dir='ltr'>διασωθέντος,</span> <span class='ocrx_word' id='word_1_309' title='bbox 1792 2476 1849 2538; x_wconf 78' lang='grc' dir='ltr'>ὃς</span> <span class='ocrx_word' id='word_1_310' title='bbox 1903 2474 1968 2547; x_wconf 79' lang='grc' dir='ltr'>δὴ</span> <span class='ocrx_word' id='word_1_311' title='bbox 2000 2477 2090 2532; x_wconf 87' lang='grc' dir='ltr'>καὶ</span> <span class='ocrx_word' id='word_1_312' title='bbox 2134 2476 2295 2554; x_wconf 74' lang='grc' dir='ltr'>ἅγγε-</span> 
     </span>
    </p>
   </div>
   <div class='ocr_carea' id='block_1_41' title="bbox 648 2555 2294 2646">
    <p class='ocr_par' dir='ltr' id='par_1_41' title="bbox 648 2555 2294 2646">
     <span class='ocr_line' id='line_1_41' title="bbox 648 2555 2294 2646; baseline 0.008 -36"><span class='ocrx_word' id='word_1_313' title='bbox 648 2555 747 2621; x_wconf 89' lang='grc' dir='ltr'>λος</span> <span class='ocrx_word' id='word_1_314' title='bbox 778 2556 1011 2646; x_wconf 82' lang='grc' dir='ltr'>ἐγεγόνει</span> <span class='ocrx_word' id='word_1_315' title='bbox 1040 2567 1141 2646; x_wconf 78' lang='grc' dir='ltr'>τῆς</span> <span class='ocrx_word' id='word_1_316' title='bbox 1180 2569 1481 2640; x_wconf 74' lang='grc' dir='ltr'>συμφορᾶς.</span> <span class='ocrx_word' id='word_1_317' title='bbox 1534 2566 1636 2620; x_wconf 80' lang='grc' dir='ltr'>Καὶ</span> <span class='ocrx_word' id='word_1_318' title='bbox 1695 2564 1840 2621; x_wconf 71' lang='grc' dir='ltr'>οὕτω</span> <span class='ocrx_word' id='word_1_319' title='bbox 1903 2568 1997 2639; x_wconf 73' lang='grc' dir='ltr'>μὲν</span> <span class='ocrx_word' id='word_1_320' title='bbox 2046 2568 2097 2622; x_wconf 73' lang='grc' dir='ltr'>οἱ</span> <span class='ocrx_word' id='word_1_321' title='bbox 2154 2570 2294 2646; x_wconf 84' lang='grc' dir='ltr'>ἀμφὶ</span> 
     </span>
    </p>
   </div>
   <div class='ocr_carea' id='block_1_42' title="bbox 639 2639 2291 2732">
    <p class='ocr_par' dir='ltr' id='par_1_42' title="bbox 639 2639 2291 2732">
     <span class='ocr_line' id='line_1_42' title="bbox 639 2639 2291 2732; baseline 0.008 -34"><span class='ocrx_word' id='word_1_322' title='bbox 639 2644 771 2709; x_wconf 80' lang='grc' dir='ltr'>τοὺς</span> <span class='ocrx_word' id='word_1_323' title='bbox 828 2644 1101 2722; x_wconf 77' lang='grc' dir='ltr'>ἄρχοντας</span> <span class='ocrx_word' id='word_1_324' title='bbox 1128 2639 1540 2720; x_wconf 73' lang='grc' dir='ltr'>ἓξαπολωλότες</span> <span class='ocrx_word' id='word_1_325' title='bbox 1585 2652 1949 2729; x_wconf 73' lang='grc' dir='ltr'>ἠγγέλλοντοο</span> <span class='ocrx_word' id='word_1_326' title='bbox 1988 2656 2040 2711; x_wconf 76' lang='grc' dir='ltr'>οἱ</span> <span class='ocrx_word' id='word_1_327' title='bbox 2074 2653 2129 2710; x_wconf 74' lang='grc' dir='ltr'>δὲ</span> <span class='ocrx_word' id='word_1_328' title='bbox 2168 2639 2291 2732; x_wconf 78' lang='grc' dir='ltr'>περὶ</span> 
     </span>
    </p>
   </div>
   <div class='ocr_carea' id='block_1_43' title="bbox 636 2734 2288 2820">
    <p class='ocr_par' dir='ltr' id='par_1_43' title="bbox 636 2734 2288 2820">
     <span class='ocr_line' id='line_1_43' title="bbox 636 2734 2288 2820; baseline 0.007 -31"><span class='ocrx_word' id='word_1_329' title='bbox 636 2734 764 2798; x_wconf 79' lang='grc' dir='ltr'>τοὺς</span> <span class='ocrx_word' id='word_1_330' title='bbox 812 2740 912 2802; x_wconf 82' lang='grc' dir='ltr'>τῆς</span> <span class='ocrx_word' id='word_1_331' title='bbox 968 2737 1260 2809; x_wconf 80' lang='grc' dir='ltr'>ἐκκλησίας</span> <span class='ocrx_word' id='word_1_332' title='bbox 1316 2742 1406 2795; x_wconf 80' lang='grc' dir='ltr'>καὶ</span> <span class='ocrx_word' id='word_1_333' title='bbox 1457 2742 1548 2797; x_wconf 89' lang='grc' dir='ltr'>τὸν</span> <span class='ocrx_word' id='word_1_334' title='bbox 1613 2744 1777 2820; x_wconf 88' lang='grc' dir='ltr'>μέγαν</span> <span class='ocrx_word' id='word_1_335' title='bbox 1840 2743 2131 2820; x_wconf 83' lang='grc' dir='ltr'>λογοθέτην</span> <span class='ocrx_word' id='word_1_336' title='bbox 2189 2748 2288 2816; x_wconf 74' lang='grc' dir='ltr'>τήν</span> 
     </span>
    </p>
   </div>
   <div class='ocr_carea' id='block_1_44' title="bbox 637 2957 2292 3036">
    <p class='ocr_par' dir='ltr' id='par_1_44' title="bbox 637 2957 2292 3036">
     <span class='ocr_line' id='line_1_44' title="bbox 637 2957 2292 3036; baseline 0.005 -21"><span class='ocrx_word' id='word_1_337' title='bbox 637 2957 781 3015; x_wconf 78' lang='lat' dir='ltr'>ccelo</span> <span class='ocrx_word' id='word_1_338' title='bbox 814 2959 1111 3031; x_wconf 97' lang='lat' dir='ltr'>splendor.</span> <span class='ocrx_word' id='word_1_339' title='bbox 1147 2960 1569 3018; x_wconf 85' lang='lat' dir='ltr'>Violentissimi</span> <span class='ocrx_word' id='word_1_340' title='bbox 1602 2979 1735 3018; x_wconf 92' lang='lat' dir='ltr'>vero</span> <span class='ocrx_word' id='word_1_341' title='bbox 1769 2968 1965 3020; x_wconf 89' lang='lat' dir='ltr'>motus</span> <span class='ocrx_word' id='word_1_342' title='bbox 1983 2966 2292 3036; x_wconf 81' lang='lat' dir='ltr'>procellosi</span> 
     </span>
    </p>
   </div>
   <div class='ocr_carea' id='block_1_45' title="bbox 639 3042 2289 3123">
    <p class='ocr_par' dir='ltr' id='par_1_45' title="bbox 639 3042 2289 3123">
     <span class='ocr_line' id='line_1_45' title="bbox 639 3042 2289 3123; baseline 0.004 -18"><span class='ocrx_word' id='word_1_343' title='bbox 639 3050 793 3105; x_wconf 89' lang='lat' dir='ltr'>aeris</span> <span class='ocrx_word' id='word_1_344' title='bbox 842 3050 1272 3123; x_wconf 87' lang='lat' dir='ltr'>conﬂictusque</span> <span class='ocrx_word' id='word_1_345' title='bbox 1339 3042 1745 3108; x_wconf 87' lang='lat' dir='ltr'>collidentium</span> <span class='ocrx_word' id='word_1_346' title='bbox 1798 3070 1926 3110; x_wconf 88' lang='lat' dir='ltr'>sese</span> <span class='ocrx_word' id='word_1_347' title='bbox 1982 3061 2289 3113; x_wconf 81' lang='lat' dir='ltr'>ventorum</span> 
     </span>
    </p>
   </div>
   <div class='ocr_carea' id='block_1_46' title="bbox 635 3139 2291 3217">
    <p class='ocr_par' dir='ltr' id='par_1_46' title="bbox 635 3139 2291 3217">
     <span class='ocr_line' id='line_1_46' title="bbox 635 3139 2291 3217; baseline 0.005 -24"><span class='ocrx_word' id='word_1_348' title='bbox 635 3139 905 3195; x_wconf 90' lang='lat' dir='ltr'>horribili</span> <span class='ocrx_word' id='word_1_349' title='bbox 939 3141 1166 3213; x_wconf 80' lang='lat' dir='ltr'>fragore</span> <span class='ocrx_word' id='word_1_350' title='bbox 1197 3141 1519 3197; x_wconf 89' lang='lat' dir='ltr'>tumultum</span> <span class='ocrx_word' id='word_1_351' title='bbox 1551 3142 1929 3199; x_wconf 81' lang='lat' dir='ltr'>vehementer</span> <span class='ocrx_word' id='word_1_352' title='bbox 1957 3146 2145 3217; x_wconf 79' lang='lat' dir='ltr'>magis</span> <span class='ocrx_word' id='word_1_353' title='bbox 2182 3164 2291 3202; x_wconf 88' lang='lat' dir='ltr'>au-</span> 
     </span>
    </p>
   </div>
   <div class='ocr_carea' id='block_1_47' title="bbox 2406 1947 4065 2025">
    <p class='ocr_par' dir='ltr' id='par_1_47' title="bbox 2406 1947 4065 2025">
     <span class='ocr_line' id='line_1_47' title="bbox 2406 1947 4065 2025; baseline 0.003 -24"><span class='ocrx_word' id='word_1_354' title='bbox 2406 1947 2588 2002; x_wconf 84' lang='grc' dir='ltr'>εἷκότα</span> <span class='ocrx_word' id='word_1_355' title='bbox 2646 1947 3105 2025; x_wconf 66' lang='grc' dir='ltr'>φιλφρονηθέντες</span> <span class='ocrx_word' id='word_1_356' title='bbox 3185 1951 3330 2025; x_wconf 85' lang='grc' dir='ltr'>παρά</span> <span class='ocrx_word' id='word_1_357' title='bbox 3379 1955 3481 2005; x_wconf 79' lang='grc' dir='ltr'>τοῦ</span> <span class='ocrx_word' id='word_1_358' title='bbox 3539 1951 3733 2006; x_wconf 87' lang='grc' dir='ltr'>πάππα</span> <span class='ocrx_word' id='word_1_359' title='bbox 3770 1996 3784 2022; x_wconf 91' lang='grc'>,</span> <span class='ocrx_word' id='word_1_360' title='bbox 3842 1952 3911 2005; x_wconf 79' lang='grc' dir='ltr'>τὰ</span> <span class='ocrx_word' id='word_1_361' title='bbox 3960 1955 4065 2016; x_wconf 84' lang='grc' dir='ltr'>τῆς</span> 
     </span>
    </p>
   </div>
   <div class='ocr_carea' id='block_1_48' title="bbox 2404 2032 4061 2115">
    <p class='ocr_par' dir='ltr' id='par_1_48' title="bbox 2404 2032 4061 2115">
     <span class='ocr_line' id='line_1_48' title="bbox 2404 2032 4061 2115; baseline 0.003 -26"><span class='ocrx_word' id='word_1_362' title='bbox 2404 2032 2687 2109; x_wconf 72' lang='grc' dir='ltr'>πρεσϐείας</span> <span class='ocrx_word' id='word_1_363' title='bbox 2747 2036 3119 2102; x_wconf 78' lang='grc' dir='ltr'>διευθετοῦσι.</span> <span class='ocrx_word' id='word_1_364' title='bbox 3179 2039 3275 2093; x_wconf 80' lang='grc' dir='ltr'>Καὶ</span> <span class='ocrx_word' id='word_1_365' title='bbox 3351 2041 3698 2115; x_wconf 71' lang='grc' dir='ltr'>φθινοπώρου</span> <span class='ocrx_word' id='word_1_366' title='bbox 3783 2039 4061 2115; x_wconf 72' lang='grc' dir='ltr'>λήγοντος</span> 
     </span>
    </p>
   </div>
   <div class='ocr_carea' id='block_1_49' title="bbox 2406 2123 3782 2201">
    <p class='ocr_par' dir='ltr' id='par_1_49' title="bbox 2406 2123 3782 2201">
     <span class='ocr_line' id='line_1_49' title="bbox 2406 2123 3782 2201; baseline 0.004 -23"><span class='ocrx_word' id='word_1_367' title='bbox 2406 2126 2617 2199; x_wconf 78' lang='grc' dir='ltr'>σύναμα</span> <span class='ocrx_word' id='word_1_368' title='bbox 2646 2123 2900 2198; x_wconf 70' lang='grc' dir='ltr'>πρέσϐεσι</span> <span class='ocrx_word' id='word_1_369' title='bbox 2931 2128 3029 2197; x_wconf 75' lang='grc' dir='ltr'>τὴν</span> <span class='ocrx_word' id='word_1_370' title='bbox 3063 2127 3226 2183; x_wconf 90' lang='grc' dir='ltr'>πόλιν</span> <span class='ocrx_word' id='word_1_371' title='bbox 3258 2123 3782 2201; x_wconf 77' lang='grc' dir='ltr'>κατακαμϐάνουσιν.</span> 
     </span>
    </p>
   </div>
   <div class='ocr_carea' id='block_1_50' title="bbox 2402 2287 3623 2361">
    <p class='ocr_par' dir='ltr' id='par_1_50' title="bbox 2402 2287 3623 2361">
     <span class='ocr_line' id='line_1_50' title="bbox 2402 2287 3623 2361; baseline 0.004 -21"><span class='ocrx_word' id='word_1_372' title='bbox 2402 2287 2508 2361; x_wconf 90' lang='grc' dir='ltr'>κβ’.</span> <span class='ocrx_word' id='word_1_373' title='bbox 2597 2288 2785 2351; x_wconf 89' lang='grc' dir='ltr'>Ὃπως</span> <span class='ocrx_word' id='word_1_374' title='bbox 2846 2290 2874 2343; x_wconf 86' lang='grc' dir='ltr'>ὁ</span> <span class='ocrx_word' id='word_1_375' title='bbox 2939 2289 3123 2350; x_wconf 85' lang='grc' dir='ltr'>πάπας</span> <span class='ocrx_word' id='word_1_376' title='bbox 3219 2288 3623 2361; x_wconf 81' lang='grc' dir='ltr'>ἐμνημονεύετο</span> 
     </span>
    </p>
   </div>
   <div class='ocr_carea' id='block_1_51' title="bbox 2971 2363 3484 2437">
    <p class='ocr_par' dir='ltr' id='par_1_51' title="bbox 2971 2363 3484 2437">
     <span class='ocr_line' id='line_1_51' title="bbox 2971 2363 3484 2437; baseline 0.008 -23"><span class='ocrx_word' id='word_1_377' title='bbox 2971 2365 3068 2415; x_wconf 74' lang='grc' dir='ltr'>τοῦ</span> <span class='ocrx_word' id='word_1_378' title='bbox 3115 2363 3484 2437; x_wconf 76' lang='grc' dir='ltr'>πατριάρχαι).</span> 
     </span>
    </p>
   </div>
   <div class='ocr_carea' id='block_1_52' title="bbox 3719 2291 4063 2366">
    <p class='ocr_par' dir='ltr' id='par_1_52' title="bbox 3719 2291 4063 2366">
     <span class='ocr_line' id='line_1_52' title="bbox 3719 2291 4063 2366; baseline -0.003 -22"><span class='ocrx_word' id='word_1_379' title='bbox 3719 2291 3854 2366; x_wconf 75' lang='grc' dir='ltr'>ἀργή</span> <span class='ocrx_word' id='word_1_380' title='bbox 3865 2311 4063 2353; x_wconf 86' lang='grc' dir='ltr'>σαντος</span> 
     </span>
    </p>
   </div>
   <div class='ocr_carea' id='block_1_53' title="bbox 2474 2480 4065 2562">
    <p class='ocr_par' dir='ltr' id='par_1_53' title="bbox 2474 2480 4065 2562">
     <span class='ocr_line' id='line_1_53' title="bbox 2474 2480 4065 2562; baseline 0.001 -25"><span class='ocrx_word' id='word_1_381' title='bbox 2474 2484 2574 2537; x_wconf 83' lang='grc' dir='ltr'>Ἢν</span> <span class='ocrx_word' id='word_1_382' title='bbox 2609 2480 2701 2536; x_wconf 78' lang='grc' dir='ltr'>οὖν</span> <span class='ocrx_word' id='word_1_383' title='bbox 2734 2483 3047 2537; x_wconf 80' lang='grc' dir='ltr'>ἀπεντεῦθεν</span> <span class='ocrx_word' id='word_1_384' title='bbox 3107 2486 3341 2560; x_wconf 80' lang='grc' dir='ltr'>ἀργῆσαι</span> <span class='ocrx_word' id='word_1_385' title='bbox 3407 2487 3499 2559; x_wconf 80' lang='grc' dir='ltr'>μὲν</span> <span class='ocrx_word' id='word_1_386' title='bbox 3557 2488 3647 2541; x_wconf 85' lang='grc' dir='ltr'>τὸν</span> <span class='ocrx_word' id='word_1_387' title='bbox 3708 2485 4065 2562; x_wconf 81' lang='grc' dir='ltr'>πατριάρχην</span> 
     </span>
    </p>
   </div>
   <div class='ocr_carea' id='block_1_54' title="bbox 2403 2572 4063 2648">
    <p class='ocr_par' dir='ltr' id='par_1_54' title="bbox 2403 2572 4063 2648">
     <span class='ocr_line' id='line_1_54' title="bbox 2403 2572 4063 2648; baseline 0.002 -23"><span class='ocrx_word' id='word_1_388' title='bbox 2403 2573 2540 2625; x_wconf 87' lang='grc' dir='ltr'>κατά</span> <span class='ocrx_word' id='word_1_389' title='bbox 2593 2573 2659 2626; x_wconf 74' lang='grc' dir='ltr'>τὰ</span> <span class='ocrx_word' id='word_1_390' title='bbox 2718 2572 3035 2646; x_wconf 82' lang='grc' dir='ltr'>συγκείμενα</span> <span class='ocrx_word' id='word_1_391' title='bbox 3083 2572 3296 2645; x_wconf 91' lang='grc' dir='ltr'>τέλεον,</span> <span class='ocrx_word' id='word_1_392' title='bbox 3344 2574 3784 2648; x_wconf 24' lang='grc' dir='ltr'>,μνημονεύεσθαι</span> <span class='ocrx_word' id='word_1_393' title='bbox 3846 2573 3905 2630; x_wconf 71' lang='grc' dir='ltr'>δὲ</span> <span class='ocrx_word' id='word_1_394' title='bbox 3962 2576 4063 2631; x_wconf 84' lang='grc' dir='ltr'>τὸν</span> 
     </span>
    </p>
   </div>
   <div class='ocr_carea' id='block_1_55' title="bbox 2402 2662 4066 2740">
    <p class='ocr_par' dir='ltr' id='par_1_55' title="bbox 2402 2662 4066 2740">
     <span class='ocr_line' id='line_1_55' title="bbox 2402 2662 4066 2740; baseline 0.002 -25"><span class='ocrx_word' id='word_1_395' title='bbox 2402 2664 2648 2731; x_wconf 81' lang='grc' dir='ltr'>πάππαν,</span> <span class='ocrx_word' id='word_1_396' title='bbox 2690 2662 2777 2716; x_wconf 86' lang='grc' dir='ltr'>καὶ</span> <span class='ocrx_word' id='word_1_397' title='bbox 2850 2662 2943 2715; x_wconf 79' lang='grc' dir='ltr'>εἶθ’</span> <span class='ocrx_word' id='word_1_398' title='bbox 3011 2663 3182 2725; x_wconf 69' lang='grc' dir='ltr'>οὕτως</span> <span class='ocrx_word' id='word_1_399' title='bbox 3246 2665 3337 2718; x_wconf 89' lang='grc' dir='ltr'>καὶ</span> <span class='ocrx_word' id='word_1_400' title='bbox 3402 2666 3493 2719; x_wconf 87' lang='grc' dir='ltr'>τὸν</span> <span class='ocrx_word' id='word_1_401' title='bbox 3565 2665 3640 2727; x_wconf 78' lang='grc' dir='ltr'>εἰς</span> <span class='ocrx_word' id='word_1_402' title='bbox 3707 2666 4066 2740; x_wconf 73' lang='grc' dir='ltr'>πατριάρχην</span> 
     </span>
    </p>
   </div>
   <div class='ocr_carea' id='block_1_56' title="bbox 2403 2748 4067 2829">
    <p class='ocr_par' dir='ltr' id='par_1_56' title="bbox 2403 2748 4067 2829">
     <span class='ocr_line' id='line_1_56' title="bbox 2403 2748 4067 2829; baseline 0.004 -27"><span class='ocrx_word' id='word_1_403' title='bbox 2403 2749 2685 2823; x_wconf 84' lang='grc' dir='ltr'>ἀνάγεσσαι</span> <span class='ocrx_word' id='word_1_404' title='bbox 2765 2748 3043 2823; x_wconf 89' lang='grc' dir='ltr'>μέλλοντα</span> <span class='ocrx_word' id='word_1_405' title='bbox 3118 2750 3447 2829; x_wconf 73' lang='grc' dir='ltr'>ψηφίζεσθαί</span> <span class='ocrx_word' id='word_1_406' title='bbox 3496 2773 3553 2806; x_wconf 84' lang='grc' dir='ltr'>τε</span> <span class='ocrx_word' id='word_1_407' title='bbox 3607 2752 3698 2807; x_wconf 85' lang='grc' dir='ltr'>καὶ</span> <span class='ocrx_word' id='word_1_408' title='bbox 3778 2754 4067 2823; x_wconf 73' lang='grc' dir='ltr'>καθιστᾷν.</span> 
     </span>
    </p>
   </div>
   <div class='ocr_carea' id='block_1_57' title="bbox 2403 2968 4069 3044">
    <p class='ocr_par' dir='ltr' id='par_1_57' title="bbox 2403 2968 4069 3044">
     <span class='ocr_line' id='line_1_57' title="bbox 2403 2968 4069 3044; baseline 0.001 -20"><span class='ocrx_word' id='word_1_409' title='bbox 2403 2968 2563 3024; x_wconf 85' lang='lat' dir='ltr'>illam</span> <span class='ocrx_word' id='word_1_410' title='bbox 2579 2986 2645 3023; x_wconf 90' lang='lat' dir='ltr'>ac</span> <span class='ocrx_word' id='word_1_411' title='bbox 2662 2969 3148 3040; x_wconf 81' lang='lat' dir='ltr'>pretiosissimam</span> <span class='ocrx_word' id='word_1_412' title='bbox 3169 2972 3419 3044; x_wconf 84' lang='lat' dir='ltr'>endyten</span> <span class='ocrx_word' id='word_1_413' title='bbox 3444 2970 3562 3026; x_wconf 82' lang='lat' dir='ltr'>sive</span> <span class='ocrx_word' id='word_1_414' title='bbox 3586 2970 3832 3043; x_wconf 91' lang='lat' dir='ltr'>pallium</span> <span class='ocrx_word' id='word_1_415' title='bbox 3853 2970 4069 3026; x_wconf 87' lang='lat' dir='ltr'>altaris</span> 
     </span>
    </p>
   </div>
   <div class='ocr_carea' id='block_1_58' title="bbox 2402 3056 4071 3131">
    <p class='ocr_par' dir='ltr' id='par_1_58' title="bbox 2402 3056 4071 3131">
     <span class='ocr_line' id='line_1_58' title="bbox 2402 3056 4071 3131; baseline 0.001 -21"><span class='ocrx_word' id='word_1_416' title='bbox 2402 3056 2657 3111; x_wconf 63' lang='lat' dir='ltr'>ecclesiis</span> <span class='ocrx_word' id='word_1_417' title='bbox 2693 3057 2942 3126; x_wconf 84' lang='lat' dir='ltr'>Majoris.</span> <span class='ocrx_word' id='word_1_418' title='bbox 2975 3060 3046 3112; x_wconf 90' lang='lat' dir='ltr'>At</span> <span class='ocrx_word' id='word_1_419' title='bbox 3077 3059 3337 3130; x_wconf 88' lang='lat' dir='ltr'>episcopi</span> <span class='ocrx_word' id='word_1_420' title='bbox 3364 3075 3498 3114; x_wconf 92' lang='lat' dir='ltr'>cum</span> <span class='ocrx_word' id='word_1_421' title='bbox 3524 3074 3737 3130; x_wconf 86' lang='lat' dir='ltr'>magno</span> <span class='ocrx_word' id='word_1_422' title='bbox 3762 3058 4071 3131; x_wconf 86' lang='lat' dir='ltr'>logotbeta</span> 
     </span>
    </p>
   </div>
   <div class='ocr_carea' id='block_1_59' title="bbox 2404 3147 4065 3217">
    <p class='ocr_par' dir='ltr' id='par_1_59' title="bbox 2404 3147 4065 3217">
     <span class='ocr_line' id='line_1_59' title="bbox 2404 3147 4065 3217; baseline 0.001 -17"><span class='ocrx_word' id='word_1_423' title='bbox 2404 3150 2633 3201; x_wconf 89' lang='lat' dir='ltr'>noctem</span> <span class='ocrx_word' id='word_1_424' title='bbox 2667 3150 2848 3201; x_wconf 89' lang='lat' dir='ltr'>totam</span> <span class='ocrx_word' id='word_1_425' title='bbox 2878 3163 3011 3201; x_wconf 90' lang='lat' dir='ltr'>cum</span> <span class='ocrx_word' id='word_1_426' title='bbox 3045 3147 3227 3203; x_wconf 85' lang='lat' dir='ltr'>ﬂuctu</span> <span class='ocrx_word' id='word_1_427' title='bbox 3261 3148 3525 3217; x_wconf 84' lang='lat' dir='ltr'>marique</span> <span class='ocrx_word' id='word_1_428' title='bbox 3553 3148 3716 3203; x_wconf 90' lang='lat' dir='ltr'>omni</span> <span class='ocrx_word' id='word_1_429' title='bbox 3740 3154 4065 3203; x_wconf 80' lang='lat' dir='ltr'>nautarum</span> 
     </span>
    </p>
   </div>
   <div class='ocr_carea' id='block_1_60' title="bbox 640 3228 4071 3332">
    <p class='ocr_par' dir='ltr' id='par_1_60' title="bbox 640 3228 4071 3332">
     <span class='ocr_line' id='line_1_60' title="bbox 640 3228 4071 3332; baseline 0.002 -48"><span class='ocrx_word' id='word_1_430' title='bbox 640 3228 876 3299; x_wconf 87' lang='lat' dir='ltr'>gebant,</span> <span class='ocrx_word' id='word_1_431' title='bbox 926 3231 1275 3301; x_wconf 88' lang='lat' dir='ltr'>gravissimo</span> <span class='ocrx_word' id='word_1_432' title='bbox 1309 3231 1444 3286; x_wconf 91' lang='lat' dir='ltr'>inde</span> <span class='ocrx_word' id='word_1_433' title='bbox 1477 3232 1826 3287; x_wconf 85' lang='lat' dir='ltr'>imminente</span> <span class='ocrx_word' id='word_1_434' title='bbox 1880 3234 2293 3306; x_wconf 83' lang='lat' dir='ltr'>navigantibus</span> <span class='ocrx_word' id='word_1_435' title='bbox 2324 3266 2368 3332; x_wconf 64' lang='grc' dir='ltr'>Ο</span> <span class='ocrx_word' id='word_1_436' title='bbox 2408 3234 2702 3290; x_wconf 84' lang='lat' dir='ltr'>industria</span> <span class='ocrx_word' id='word_1_437' title='bbox 2730 3235 2959 3303; x_wconf 89' lang='lat' dir='ltr'>luctati,</span> <span class='ocrx_word' id='word_1_438' title='bbox 2997 3253 3062 3292; x_wconf 88' lang='lat' dir='ltr'>ac</span> <span class='ocrx_word' id='word_1_439' title='bbox 3094 3237 3314 3309; x_wconf 66' lang='lat' dir='ltr'>saepein</span> <span class='ocrx_word' id='word_1_440' title='bbox 3330 3243 3654 3293; x_wconf 83' lang='lat' dir='ltr'>extremum</span> <span class='ocrx_word' id='word_1_441' title='bbox 3672 3237 4071 3292; x_wconf 84' lang='lat' dir='ltr'>demersionis</span> 
     </span>
    </p>
   </div>
   <div class='ocr_carea' id='block_1_61' title="bbox 639 3317 2294 3393">
    <p class='ocr_par' dir='ltr' id='par_1_61' title="bbox 639 3317 2294 3393">
     <span class='ocr_line' id='line_1_61' title="bbox 639 3317 2294 3393; baseline 0.004 -20"><span class='ocrx_word' id='word_1_442' title='bbox 639 3317 925 3390; x_wconf 88' lang='lat' dir='ltr'>periculo.</span> <span class='ocrx_word' id='word_1_443' title='bbox 967 3325 1047 3374; x_wconf 87' lang='lat' dir='ltr'>Ac</span> <span class='ocrx_word' id='word_1_444' title='bbox 1080 3320 1336 3391; x_wconf 90' lang='lat' dir='ltr'>primum</span> <span class='ocrx_word' id='word_1_445' title='bbox 1368 3321 1454 3377; x_wconf 88' lang='lat' dir='ltr'>vis</span> <span class='ocrx_word' id='word_1_446' title='bbox 1488 3324 1854 3393; x_wconf 83' lang='lat' dir='ltr'>tempestatis</span> <span class='ocrx_word' id='word_1_447' title='bbox 1896 3323 2168 3380; x_wconf 82' lang='lat' dir='ltr'>distraxit</span> <span class='ocrx_word' id='word_1_448' title='bbox 2222 3325 2294 3380; x_wconf 86' lang='lat' dir='ltr'>ab</span> 
     </span>
    </p>
   </div>
   <div class='ocr_carea' id='block_1_62' title="bbox 645 3407 2306 3483">
    <p class='ocr_par' dir='ltr' id='par_1_62' title="bbox 645 3407 2306 3483">
     <span class='ocr_line' id='line_1_62' title="bbox 645 3407 2306 3483; baseline 0.005 -22"><span class='ocrx_word' id='word_1_449' title='bbox 645 3407 920 3475; x_wconf 84' lang='lat' dir='ltr'>invicem,</span> <span class='ocrx_word' id='word_1_450' title='bbox 952 3412 1195 3481; x_wconf 85' lang='lat' dir='ltr'>tamque</span> <span class='ocrx_word' id='word_1_451' title='bbox 1228 3410 1398 3483; x_wconf 87' lang='lat' dir='ltr'>longe</span> <span class='ocrx_word' id='word_1_452' title='bbox 1430 3411 1672 3466; x_wconf 86' lang='lat' dir='ltr'>abduxit</span> <span class='ocrx_word' id='word_1_453' title='bbox 1728 3413 1997 3469; x_wconf 84' lang='lat' dir='ltr'>triremes</span> <span class='ocrx_word' id='word_1_454' title='bbox 2037 3416 2205 3482; x_wconf 89' lang='lat' dir='ltr'>duas,</span> <span class='ocrx_word' id='word_1_455' title='bbox 2241 3420 2306 3470; x_wconf 91' lang='lat' dir='ltr'>ut</span> 
     </span>
    </p>
   </div>
   <div class='ocr_carea' id='block_1_63' title="bbox 641 3497 2298 3575">
    <p class='ocr_par' dir='ltr' id='par_1_63' title="bbox 641 3497 2298 3575">
     <span class='ocr_line' id='line_1_63' title="bbox 641 3497 2298 3575; baseline 0.006 -24"><span class='ocrx_word' id='word_1_456' title='bbox 641 3497 912 3553; x_wconf 87' lang='lat' dir='ltr'>neutrius</span> <span class='ocrx_word' id='word_1_457' title='bbox 944 3499 1153 3555; x_wconf 92' lang='lat' dir='ltr'>harum</span> <span class='ocrx_word' id='word_1_458' title='bbox 1188 3505 1447 3556; x_wconf 83' lang='lat' dir='ltr'>vectores</span> <span class='ocrx_word' id='word_1_459' title='bbox 1477 3502 1693 3557; x_wconf 83' lang='lat' dir='ltr'>scirent</span> <span class='ocrx_word' id='word_1_460' title='bbox 1716 3503 1857 3575; x_wconf 90' lang='lat' dir='ltr'>quid</span> <span class='ocrx_word' id='word_1_461' title='bbox 1878 3504 2053 3559; x_wconf 87' lang='lat' dir='ltr'>sociis</span> <span class='ocrx_word' id='word_1_462' title='bbox 2079 3510 2298 3575; x_wconf 87' lang='lat' dir='ltr'>actum,</span> 
     </span>
    </p>
   </div>
   <div class='ocr_carea' id='block_1_64' title="bbox 644 3587 2301 3666">
    <p class='ocr_par' dir='ltr' id='par_1_64' title="bbox 644 3587 2301 3666">
     <span class='ocr_line' id='line_1_64' title="bbox 644 3587 2301 3666; baseline 0.006 -25"><span class='ocrx_word' id='word_1_463' title='bbox 644 3604 832 3658; x_wconf 90' lang='lat' dir='ltr'>quove</span> <span class='ocrx_word' id='word_1_464' title='bbox 865 3587 1040 3644; x_wconf 83' lang='lat' dir='ltr'>aliam</span> <span class='ocrx_word' id='word_1_465' title='bbox 1076 3607 1279 3645; x_wconf 91' lang='lat' dir='ltr'>navem</span> <span class='ocrx_word' id='word_1_466' title='bbox 1338 3592 1424 3647; x_wconf 89' lang='lat' dir='ltr'>vis</span> <span class='ocrx_word' id='word_1_467' title='bbox 1484 3590 1608 3646; x_wconf 82' lang='lat' dir='ltr'>cceli</span> <span class='ocrx_word' id='word_1_468' title='bbox 1669 3591 1894 3663; x_wconf 89' lang='lat' dir='ltr'>salique</span> <span class='ocrx_word' id='word_1_469' title='bbox 1933 3594 2301 3666; x_wconf 80' lang='lat' dir='ltr'>propelleret,</span> 
     </span>
    </p>
   </div>
   <div class='ocr_carea' id='block_1_65' title="bbox 648 3675 2301 3755">
    <p class='ocr_par' dir='ltr' id='par_1_65' title="bbox 648 3675 2301 3755">
     <span class='ocr_line' id='line_1_65' title="bbox 648 3675 2301 3755; baseline 0.007 -24"><span class='ocrx_word' id='word_1_470' title='bbox 648 3675 759 3731; x_wconf 90' lang='lat' dir='ltr'>hoc</span> <span class='ocrx_word' id='word_1_471' title='bbox 791 3682 1026 3734; x_wconf 89' lang='lat' dir='ltr'>tantum</span> <span class='ocrx_word' id='word_1_472' title='bbox 1060 3696 1221 3752; x_wconf 70' lang='lat' dir='ltr'>aeque</span> <span class='ocrx_word' id='word_1_473' title='bbox 1254 3679 1523 3752; x_wconf 87' lang='lat' dir='ltr'>utrisque</span> <span class='ocrx_word' id='word_1_474' title='bbox 1556 3681 1969 3755; x_wconf 87' lang='lat' dir='ltr'>sentientibus,</span> <span class='ocrx_word' id='word_1_475' title='bbox 2004 3685 2208 3741; x_wconf 83' lang='lat' dir='ltr'>cedere</span> <span class='ocrx_word' id='word_1_476' title='bbox 2240 3703 2301 3743; x_wconf 89' lang='lat' dir='ltr'>se</span> 
     </span>
    </p>
   </div>
   <div class='ocr_carea' id='block_1_66' title="bbox 641 3768 2302 3832">
    <p class='ocr_par' dir='ltr' id='par_1_66' title="bbox 641 3768 2302 3832">
     <span class='ocr_line' id='line_1_66' title="bbox 641 3768 2302 3832; baseline 0.007 -12"><span class='ocrx_word' id='word_1_477' title='bbox 641 3768 972 3825; x_wconf 87' lang='lat' dir='ltr'>necessario</span> <span class='ocrx_word' id='word_1_478' title='bbox 1004 3768 1369 3825; x_wconf 86' lang='lat' dir='ltr'>ineluctabili</span> <span class='ocrx_word' id='word_1_479' title='bbox 1402 3771 2302 3832; x_wconf 69' lang='lat' dir='ltr'>viaestuantisvehementissime</span> 
     </span>
    </p>
   </div>
   <div class='ocr_carea' id='block_1_67' title="bbox 644 3855 2301 3936">
    <p class='ocr_par' dir='ltr' id='par_1_67' title="bbox 644 3855 2301 3936">
     <span class='ocr_line' id='line_1_67' title="bbox 644 3855 2301 3936; baseline 0.006 -26"><span class='ocrx_word' id='word_1_480' title='bbox 644 3855 857 3929; x_wconf 85' lang='lat' dir='ltr'>pelagi,</span> <span class='ocrx_word' id='word_1_481' title='bbox 893 3874 998 3913; x_wconf 89' lang='lat' dir='ltr'>nec</span> <span class='ocrx_word' id='word_1_482' title='bbox 1031 3875 1145 3929; x_wconf 93' lang='lat' dir='ltr'>quo</span> <span class='ocrx_word' id='word_1_483' title='bbox 1178 3859 1403 3931; x_wconf 86' lang='lat' dir='ltr'>impetu</span> <span class='ocrx_word' id='word_1_484' title='bbox 1436 3861 2084 3933; x_wconf 88' lang='lat' dir='ltr'>tantoimpingerentur</span> <span class='ocrx_word' id='word_1_485' title='bbox 2106 3864 2301 3936; x_wconf 83' lang='lat' dir='ltr'>explo-</span> 
     </span>
    </p>
   </div>
   <div class='ocr_carea' id='block_1_68' title="bbox 643 3947 2301 4011">
    <p class='ocr_par' dir='ltr' id='par_1_68' title="bbox 643 3947 2301 4011">
     <span class='ocr_line' id='line_1_68' title="bbox 643 3947 2301 4011; baseline 0.005 -10"><span class='ocrx_word' id='word_1_486' title='bbox 643 3951 837 4002; x_wconf 85' lang='lat' dir='ltr'>ratum</span> <span class='ocrx_word' id='word_1_487' title='bbox 868 3947 1245 4004; x_wconf 88' lang='lat' dir='ltr'>habentibus.</span> <span class='ocrx_word' id='word_1_488' title='bbox 1284 3952 1345 4005; x_wconf 92' lang='lat' dir='ltr'>In</span> <span class='ocrx_word' id='word_1_489' title='bbox 1380 3949 1487 4005; x_wconf 90' lang='lat' dir='ltr'>hoc</span> <span class='ocrx_word' id='word_1_490' title='bbox 1518 3950 1739 4006; x_wconf 88' lang='lat' dir='ltr'>incerto</span> <span class='ocrx_word' id='word_1_491' title='bbox 1793 3957 1990 4007; x_wconf 86' lang='lat' dir='ltr'>tamen</span> <span class='ocrx_word' id='word_1_492' title='bbox 2047 3958 2301 4011; x_wconf 87' lang='lat' dir='ltr'>rectores</span> 
     </span>
    </p>
   </div>
   <div class='ocr_carea' id='block_1_69' title="bbox 647 4036 2297 4113">
    <p class='ocr_par' dir='ltr' id='par_1_69' title="bbox 647 4036 2297 4113">
     <span class='ocr_line' id='line_1_69' title="bbox 647 4036 2297 4113; baseline 0.007 -24"><span class='ocrx_word' id='word_1_493' title='bbox 647 4036 909 4092; x_wconf 86' lang='lat' dir='ltr'>triremis</span> <span class='ocrx_word' id='word_1_494' title='bbox 936 4054 1053 4108; x_wconf 89' lang='lat' dir='ltr'>qua</span> <span class='ocrx_word' id='word_1_495' title='bbox 1083 4037 1411 4095; x_wconf 87' lang='lat' dir='ltr'>Germanus</span> <span class='ocrx_word' id='word_1_496' title='bbox 1443 4056 1575 4095; x_wconf 90' lang='lat' dir='ltr'>cum</span> <span class='ocrx_word' id='word_1_497' title='bbox 1612 4039 1852 4113; x_wconf 85' lang='lat' dir='ltr'>collegis</span> <span class='ocrx_word' id='word_1_498' title='bbox 1879 4047 1936 4096; x_wconf 83' lang='lat' dir='ltr'>et</span> <span class='ocrx_word' id='word_1_499' title='bbox 1967 4058 2178 4113; x_wconf 85' lang='lat' dir='ltr'>magno</span> <span class='ocrx_word' id='word_1_500' title='bbox 2211 4042 2297 4100; x_wconf 88' lang='lat' dir='ltr'>lo-</span> 
     </span>
    </p>
   </div>
   <div class='ocr_carea' id='block_1_70' title="bbox 644 4125 2300 4200">
    <p class='ocr_par' dir='ltr' id='par_1_70' title="bbox 644 4125 2300 4200">
     <span class='ocr_line' id='line_1_70' title="bbox 644 4125 2300 4200; baseline 0.005 -21"><span class='ocrx_word' id='word_1_501' title='bbox 644 4125 885 4194; x_wconf 86' lang='lat' dir='ltr'>gotbeta</span> <span class='ocrx_word' id='word_1_502' title='bbox 932 4126 1289 4199; x_wconf 82' lang='lat' dir='ltr'>ferebantur,</span> <span class='ocrx_word' id='word_1_503' title='bbox 1314 4128 1647 4200; x_wconf 82' lang='lat' dir='ltr'>sapientius</span> <span class='ocrx_word' id='word_1_504' title='bbox 1692 4130 2140 4200; x_wconf 84' lang='lat' dir='ltr'>consuluerunt,</span> <span class='ocrx_word' id='word_1_505' title='bbox 2176 4138 2300 4187; x_wconf 89' lang='lat' dir='ltr'>tru-</span> 
     </span>
    </p>
   </div>
   <div class='ocr_carea' id='block_1_71' title="bbox 648 4205 2302 4291">
    <p class='ocr_par' dir='ltr' id='par_1_71' title="bbox 648 4205 2302 4291">
     <span class='ocr_line' id='line_1_71' title="bbox 648 4205 2302 4291; baseline 0.005 -22"><span class='ocrx_word' id='word_1_506' title='bbox 648 4205 853 4270; x_wconf 84' lang='lat' dir='ltr'>dentes</span> <span class='ocrx_word' id='word_1_507' title='bbox 886 4216 945 4270; x_wconf 93' lang='lat' dir='ltr'>in</span> <span class='ocrx_word' id='word_1_508' title='bbox 979 4216 1162 4272; x_wconf 90' lang='lat' dir='ltr'>altum</span> <span class='ocrx_word' id='word_1_509' title='bbox 1184 4218 1376 4273; x_wconf 90' lang='lat' dir='ltr'>navim</span> <span class='ocrx_word' id='word_1_510' title='bbox 1392 4223 1448 4274; x_wconf 91' lang='lat' dir='ltr'>et</span> <span class='ocrx_word' id='word_1_511' title='bbox 1479 4218 1617 4273; x_wconf 89' lang='lat' dir='ltr'>totis</span> <span class='ocrx_word' id='word_1_512' title='bbox 1638 4218 2151 4291; x_wconf 89' lang='lat' dir='ltr'>accipientesvelis</span> <span class='ocrx_word' id='word_1_513' title='bbox 2184 4222 2302 4276; x_wconf 88' lang='lat' dir='ltr'>abi-</span> 
     </span>
    </p>
   </div>
   <div class='ocr_carea' id='block_1_72' title="bbox 644 4308 2301 4381">
    <p class='ocr_par' dir='ltr' id='par_1_72' title="bbox 644 4308 2301 4381">
     <span class='ocr_line' id='line_1_72' title="bbox 644 4308 2301 4381; baseline 0.005 -22"><span class='ocrx_word' id='word_1_514' title='bbox 644 4308 877 4375; x_wconf 86' lang='lat' dir='ltr'>gentem</span> <span class='ocrx_word' id='word_1_515' title='bbox 925 4323 958 4361; x_wconf 91' lang='lat' dir='ltr'>a</span> <span class='ocrx_word' id='word_1_516' title='bbox 988 4310 1143 4361; x_wconf 87' lang='lat' dir='ltr'>terra</span> <span class='ocrx_word' id='word_1_517' title='bbox 1192 4311 1451 4373; x_wconf 90' lang='lat' dir='ltr'>ventum,</span> <span class='ocrx_word' id='word_1_518' title='bbox 1487 4308 1640 4378; x_wconf 92' lang='lat' dir='ltr'>quod</span> <span class='ocrx_word' id='word_1_519' title='bbox 1682 4308 1784 4362; x_wconf 88' lang='lat' dir='ltr'>tali</span> <span class='ocrx_word' id='word_1_520' title='bbox 1816 4314 2072 4380; x_wconf 86' lang='lat' dir='ltr'>tempore</span> <span class='ocrx_word' id='word_1_521' title='bbox 2105 4310 2236 4381; x_wconf 92' lang='lat' dir='ltr'>plus</span> <span class='ocrx_word' id='word_1_522' title='bbox 2268 4328 2301 4367; x_wconf 88' lang='lat' dir='ltr'>a</span> 
     </span>
    </p>
   </div>
   <div class='ocr_carea' id='block_1_73' title="bbox 646 4392 2299 4466">
    <p class='ocr_par' dir='ltr' id='par_1_73' title="bbox 646 4392 2299 4466">
     <span class='ocr_line' id='line_1_73' title="bbox 646 4392 2299 4466; baseline 0.006 -21"><span class='ocrx_word' id='word_1_523' title='bbox 646 4392 838 4450; x_wconf 81' lang='lat' dir='ltr'>littore</span> <span class='ocrx_word' id='word_1_524' title='bbox 866 4411 1041 4465; x_wconf 85' lang='lat' dir='ltr'>quam</span> <span class='ocrx_word' id='word_1_525' title='bbox 1073 4411 1106 4449; x_wconf 90' lang='lat' dir='ltr'>a</span> <span class='ocrx_word' id='word_1_526' title='bbox 1138 4396 1254 4450; x_wconf 91' lang='lat' dir='ltr'>lato</span> <span class='ocrx_word' id='word_1_527' title='bbox 1286 4412 1516 4466; x_wconf 68' lang='lat' dir='ltr'>aequore</span> <span class='ocrx_word' id='word_1_528' title='bbox 1548 4398 1931 4452; x_wconf 90' lang='lat' dir='ltr'>metuendum</span> <span class='ocrx_word' id='word_1_529' title='bbox 1953 4404 2107 4454; x_wconf 81' lang='lat' dir='ltr'>recte</span> <span class='ocrx_word' id='word_1_530' title='bbox 2128 4401 2299 4455; x_wconf 86' lang='lat' dir='ltr'>duce-</span> 
     </span>
    </p>
   </div>
   <div class='ocr_carea' id='block_1_74' title="bbox 643 4482 2301 4559">
    <p class='ocr_par' dir='ltr' id='par_1_74' title="bbox 643 4482 2301 4559">
     <span class='ocr_line' id='line_1_74' title="bbox 643 4482 2301 4559; baseline 0.005 -24"><span class='ocrx_word' id='word_1_531' title='bbox 643 4485 791 4536; x_wconf 90' lang='lat' dir='ltr'>rent.</span> <span class='ocrx_word' id='word_1_532' title='bbox 822 4482 883 4537; x_wconf 92' lang='lat' dir='ltr'>ln</span> <span class='ocrx_word' id='word_1_533' title='bbox 926 4500 1041 4553; x_wconf 91' lang='lat' dir='ltr'>quo</span> <span class='ocrx_word' id='word_1_534' title='bbox 1074 4483 1219 4538; x_wconf 89' lang='lat' dir='ltr'>alios</span> <span class='ocrx_word' id='word_1_535' title='bbox 1254 4485 1399 4539; x_wconf 87' lang='lat' dir='ltr'>ratio</span> <span class='ocrx_word' id='word_1_536' title='bbox 1434 4484 1641 4539; x_wconf 79' lang='lat' dir='ltr'>fefellit</span> <span class='ocrx_word' id='word_1_537' title='bbox 1673 4486 1822 4540; x_wconf 77' lang='lat'><strong>397</strong></span> <span class='ocrx_word' id='word_1_538' title='bbox 1850 4486 2034 4541; x_wconf 82' lang='lat' dir='ltr'>stulta</span> <span class='ocrx_word' id='word_1_539' title='bbox 2067 4489 2301 4559; x_wconf 89' lang='lat' dir='ltr'>pusilla-</span> 
     </span>
    </p>
   </div>
   <div class='ocr_carea' id='block_1_75' title="bbox 645 4571 2299 4644">
    <p class='ocr_par' dir='ltr' id='par_1_75' title="bbox 645 4571 2299 4644">
     <span class='ocr_line' id='line_1_75' title="bbox 645 4571 2299 4644; baseline 0.005 -19"><span class='ocrx_word' id='word_1_540' title='bbox 645 4571 919 4627; x_wconf 87' lang='lat' dir='ltr'>nimitate</span> <span class='ocrx_word' id='word_1_541' title='bbox 951 4572 1193 4644; x_wconf 85' lang='lat' dir='ltr'>pelagus</span> <span class='ocrx_word' id='word_1_542' title='bbox 1216 4574 1488 4642; x_wconf 87' lang='lat' dir='ltr'>vitantes,</span> <span class='ocrx_word' id='word_1_543' title='bbox 1521 4578 1689 4630; x_wconf 75' lang='lat' dir='ltr'>terrae</span> <span class='ocrx_word' id='word_1_544' title='bbox 1710 4574 1989 4631; x_wconf 87' lang='lat' dir='ltr'>viciniam</span> <span class='ocrx_word' id='word_1_545' title='bbox 2024 4578 2299 4634; x_wconf 76' lang='lat' dir='ltr'>affectan-</span> 
     </span>
    </p>
   </div>
   <div class='ocr_carea' id='block_1_76' title="bbox 2408 3324 4070 3397">
    <p class='ocr_par' dir='ltr' id='par_1_76' title="bbox 2408 3324 4070 3397">
     <span class='ocr_line' id='line_1_76' title="bbox 2408 3324 4070 3397; baseline 0.002 -19"><span class='ocrx_word' id='word_1_546' title='bbox 2408 3324 2629 3378; x_wconf 88' lang='lat' dir='ltr'>admoti</span> <span class='ocrx_word' id='word_1_547' title='bbox 2668 3324 3011 3390; x_wconf 86' lang='lat' dir='ltr'>discrimen,</span> <span class='ocrx_word' id='word_1_548' title='bbox 3061 3341 3211 3397; x_wconf 72' lang='lat' dir='ltr'>aegre</span> <span class='ocrx_word' id='word_1_549' title='bbox 3260 3342 3496 3381; x_wconf 90' lang='lat' dir='ltr'>summa</span> <span class='ocrx_word' id='word_1_550' title='bbox 3538 3326 3593 3380; x_wconf 88' lang='lat' dir='ltr'>vi</span> <span class='ocrx_word' id='word_1_551' title='bbox 3643 3326 3753 3381; x_wconf 88' lang='lat' dir='ltr'>sub</span> <span class='ocrx_word' id='word_1_552' title='bbox 3786 3342 4070 3381; x_wconf 88' lang='lat' dir='ltr'>auroram</span> 
     </span>
    </p>
   </div>
   <div class='ocr_carea' id='block_1_77' title="bbox 2410 3412 4071 3487">
    <p class='ocr_par' dir='ltr' id='par_1_77' title="bbox 2410 3412 4071 3487">
     <span class='ocr_line' id='line_1_77' title="bbox 2410 3412 4071 3487; baseline 0.003 -21"><span class='ocrx_word' id='word_1_553' title='bbox 2410 3412 2744 3468; x_wconf 86' lang='lat' dir='ltr'>Mcthonem</span> <span class='ocrx_word' id='word_1_554' title='bbox 2777 3418 3114 3478; x_wconf 86' lang='lat' dir='ltr'>tenuerunt,</span> <span class='ocrx_word' id='word_1_555' title='bbox 3149 3414 3334 3484; x_wconf 88' lang='lat' dir='ltr'>elapsi</span> <span class='ocrx_word' id='word_1_556' title='bbox 3366 3418 3575 3487; x_wconf 67' lang='lat' dir='ltr'>praeter</span> <span class='ocrx_word' id='word_1_557' title='bbox 3625 3431 3861 3471; x_wconf 89' lang='lat' dir='ltr'>omnem</span> <span class='ocrx_word' id='word_1_558' title='bbox 3897 3430 4071 3487; x_wconf 88' lang='lat' dir='ltr'>spem</span> 
     </span>
    </p>
   </div>
   <div class='ocr_carea' id='block_1_78' title="bbox 2409 3501 4073 3575">
    <p class='ocr_par' dir='ltr' id='par_1_78' title="bbox 2409 3501 4073 3575">
     <span class='ocr_line' id='line_1_78' title="bbox 2409 3501 4073 3575; baseline 0.002 -20"><span class='ocrx_word' id='word_1_559' title='bbox 2409 3501 2668 3572; x_wconf 91' lang='lat' dir='ltr'>periculo</span> <span class='ocrx_word' id='word_1_560' title='bbox 2701 3503 3183 3574; x_wconf 60' lang='lat' dir='ltr'>presentissimo.</span> <span class='ocrx_word' id='word_1_561' title='bbox 3218 3503 3304 3559; x_wconf 92' lang='lat' dir='ltr'>Ibi</span> <span class='ocrx_word' id='word_1_562' title='bbox 3336 3504 3685 3575; x_wconf 87' lang='lat' dir='ltr'>quieverunt</span> <span class='ocrx_word' id='word_1_563' title='bbox 3712 3504 3924 3560; x_wconf 90' lang='lat' dir='ltr'>diebus</span> <span class='ocrx_word' id='word_1_564' title='bbox 3959 3504 4073 3559; x_wconf 87' lang='lat' dir='ltr'>ali-</span> 
     </span>
    </p>
   </div>
   <div class='ocr_carea' id='block_1_79' title="bbox 2408 3593 4072 3666">
    <p class='ocr_par' dir='ltr' id='par_1_79' title="bbox 2408 3593 4072 3666">
     <span class='ocr_line' id='line_1_79' title="bbox 2408 3593 4072 3666; baseline 0.003 -21"><span class='ocrx_word' id='word_1_565' title='bbox 2408 3596 2989 3664; x_wconf 81' lang='lat' dir='ltr'>quot,exspectantes</span> <span class='ocrx_word' id='word_1_566' title='bbox 3020 3593 3309 3649; x_wconf 88' lang='lat' dir='ltr'>indicium</span> <span class='ocrx_word' id='word_1_567' title='bbox 3343 3594 3415 3649; x_wconf 91' lang='lat' dir='ltr'>de</span> <span class='ocrx_word' id='word_1_568' title='bbox 3448 3610 3512 3649; x_wconf 93' lang='lat' dir='ltr'>eo</span> <span class='ocrx_word' id='word_1_569' title='bbox 3543 3594 3699 3666; x_wconf 90' lang='lat' dir='ltr'>quod</span> <span class='ocrx_word' id='word_1_570' title='bbox 3738 3594 4072 3651; x_wconf 88' lang='lat' dir='ltr'>comitibus</span> 
     </span>
    </p>
   </div>
   <div class='ocr_carea' id='block_1_80' title="bbox 2407 3681 4069 3756">
    <p class='ocr_par' dir='ltr' id='par_1_80' title="bbox 2407 3681 4069 3756">
     <span class='ocr_line' id='line_1_80' title="bbox 2407 3681 4069 3756; baseline 0.001 -20"><span class='ocrx_word' id='word_1_571' title='bbox 2407 3681 2717 3749; x_wconf 87' lang='lat' dir='ltr'>evenisset,</span> <span class='ocrx_word' id='word_1_572' title='bbox 2752 3682 2801 3737; x_wconf 90' lang='lat' dir='ltr'>si</span> <span class='ocrx_word' id='word_1_573' title='bbox 2835 3699 2948 3754; x_wconf 92' lang='lat' dir='ltr'>quo</span> <span class='ocrx_word' id='word_1_574' title='bbox 2980 3684 3128 3739; x_wconf 87' lang='lat' dir='ltr'>forte</span> <span class='ocrx_word' id='word_1_575' title='bbox 3159 3687 3479 3756; x_wconf 88' lang='lat' dir='ltr'>tempestas</span> <span class='ocrx_word' id='word_1_576' title='bbox 3510 3682 3787 3739; x_wconf 80' lang='lat' dir='ltr'>similiter</span> <span class='ocrx_word' id='word_1_577' title='bbox 3838 3683 4069 3739; x_wconf 88' lang='lat' dir='ltr'>salvam</span> 
     </span>
    </p>
   </div>
   <div class='ocr_carea' id='block_1_81' title="bbox 2408 3769 4075 3845">
    <p class='ocr_par' dir='ltr' id='par_1_81' title="bbox 2408 3769 4075 3845">
     <span class='ocr_line' id='line_1_81' title="bbox 2408 3769 4075 3845; baseline 0.002 -20"><span class='ocrx_word' id='word_1_578' title='bbox 2408 3769 2734 3841; x_wconf 81' lang='lat' dir='ltr'>appulisset</span> <span class='ocrx_word' id='word_1_579' title='bbox 2764 3774 2980 3828; x_wconf 87' lang='lat' dir='ltr'>sociam</span> <span class='ocrx_word' id='word_1_580' title='bbox 3002 3773 3539 3830; x_wconf 85' lang='lat' dir='ltr'>triremim.Verum</span> <span class='ocrx_word' id='word_1_581' title='bbox 3582 3790 3696 3828; x_wconf 90' lang='lat' dir='ltr'>non</span> <span class='ocrx_word' id='word_1_582' title='bbox 3723 3772 3908 3828; x_wconf 86' lang='lat' dir='ltr'>multo</span> <span class='ocrx_word' id='word_1_583' title='bbox 3933 3778 4075 3845; x_wconf 88' lang='lat' dir='ltr'>post</span> 
     </span>
    </p>
   </div>
   <div class='ocr_carea' id='block_1_82' title="bbox 2407 3860 4073 3935">
    <p class='ocr_par' dir='ltr' id='par_1_82' title="bbox 2407 3860 4073 3935">
     <span class='ocr_line' id='line_1_82' title="bbox 2407 3860 4073 3935; baseline 0.003 -21"><span class='ocrx_word' id='word_1_584' title='bbox 2407 3860 2593 3915; x_wconf 87' lang='lat' dir='ltr'>tristis</span> <span class='ocrx_word' id='word_1_585' title='bbox 2623 3877 2722 3916; x_wconf 92' lang='lat' dir='ltr'>eos</span> <span class='ocrx_word' id='word_1_586' title='bbox 2763 3862 2891 3932; x_wconf 89' lang='lat' dir='ltr'>ejus</span> <span class='ocrx_word' id='word_1_587' title='bbox 2942 3862 3231 3935; x_wconf 86' lang='lat' dir='ltr'>naufragii</span> <span class='ocrx_word' id='word_1_588' title='bbox 3283 3863 3529 3917; x_wconf 87' lang='lat' dir='ltr'>nuntius</span> <span class='ocrx_word' id='word_1_589' title='bbox 3580 3862 3850 3935; x_wconf 89' lang='lat' dir='ltr'>perculit.</span> <span class='ocrx_word' id='word_1_590' title='bbox 3901 3862 4073 3919; x_wconf 88' lang='lat' dir='ltr'>Unde</span> 
     </span>
    </p>
   </div>
   <div class='ocr_carea' id='block_1_83' title="bbox 2407 3947 4075 4024">
    <p class='ocr_par' dir='ltr' id='par_1_83' title="bbox 2407 3947 4075 4024">
     <span class='ocr_line' id='line_1_83' title="bbox 2407 3947 4075 4024; baseline 0.004 -23"><span class='ocrx_word' id='word_1_591' title='bbox 2407 3947 2699 4004; x_wconf 88' lang='lat' dir='ltr'>intellecto</span> <span class='ocrx_word' id='word_1_592' title='bbox 2732 3950 2845 4005; x_wconf 89' lang='lat' dir='ltr'>sibi</span> <span class='ocrx_word' id='word_1_593' title='bbox 2869 3951 2994 4021; x_wconf 87' lang='lat' dir='ltr'>jam</span> <span class='ocrx_word' id='word_1_594' title='bbox 3027 3951 3169 4007; x_wconf 89' lang='lat' dir='ltr'>solis</span> <span class='ocrx_word' id='word_1_595' title='bbox 3209 3951 3363 4006; x_wconf 90' lang='lat' dir='ltr'>haud</span> <span class='ocrx_word' id='word_1_596' title='bbox 3398 3950 3655 4023; x_wconf 89' lang='lat' dir='ltr'>amplius</span> <span class='ocrx_word' id='word_1_597' title='bbox 3686 3951 3945 4024; x_wconf 83' lang='lat' dir='ltr'>collegas</span> <span class='ocrx_word' id='word_1_598' title='bbox 3976 3970 4075 4007; x_wconf 82' lang='lat' dir='ltr'>ex-</span> 
     </span>
    </p>
   </div>
   <div class='ocr_carea' id='block_1_84' title="bbox 2406 4040 4076 4108">
    <p class='ocr_par' dir='ltr' id='par_1_84' title="bbox 2406 4040 4076 4108">
     <span class='ocr_line' id='line_1_84' title="bbox 2406 4040 4076 4108; baseline 0.004 -17"><span class='ocrx_word' id='word_1_599' title='bbox 2406 4040 2782 4108; x_wconf 89' lang='lat' dir='ltr'>spectandos,</span> <span class='ocrx_word' id='word_1_600' title='bbox 2820 4056 2925 4095; x_wconf 87' lang='lat' dir='ltr'>nec</span> <span class='ocrx_word' id='word_1_601' title='bbox 2956 4057 3197 4095; x_wconf 87' lang='lat' dir='ltr'>causam</span> <span class='ocrx_word' id='word_1_602' title='bbox 3230 4057 3359 4095; x_wconf 89' lang='lat' dir='ltr'>esse</span> <span class='ocrx_word' id='word_1_603' title='bbox 3389 4058 3495 4096; x_wconf 92' lang='lat' dir='ltr'>cur</span> <span class='ocrx_word' id='word_1_604' title='bbox 3521 4056 3580 4095; x_wconf 91' lang='lat' dir='ltr'>re</span> <span class='ocrx_word' id='word_1_605' title='bbox 3622 4040 3837 4095; x_wconf 89' lang='lat' dir='ltr'>infecta</span> <span class='ocrx_word' id='word_1_606' title='bbox 3870 4057 4076 4097; x_wconf 88' lang='lat' dir='ltr'>rever-</span> 
     </span>
    </p>
   </div>
   <div class='ocr_carea' id='block_1_85' title="bbox 2406 4128 4079 4199">
    <p class='ocr_par' dir='ltr' id='par_1_85' title="bbox 2406 4128 4079 4199">
     <span class='ocr_line' id='line_1_85' title="bbox 2406 4128 4079 4199; baseline 0.004 -19"><span class='ocrx_word' id='word_1_607' title='bbox 2406 4130 2694 4194; x_wconf 87' lang='lat' dir='ltr'>terentur,</span> <span class='ocrx_word' id='word_1_608' title='bbox 2724 4144 2928 4183; x_wconf 81' lang='lat' dir='ltr'>versus</span> <span class='ocrx_word' id='word_1_609' title='bbox 2953 4129 3198 4183; x_wconf 84' lang='lat' dir='ltr'>Romam</span> <span class='ocrx_word' id='word_1_610' title='bbox 3213 4128 3605 4197; x_wconf 89' lang='lat' dir='ltr'>solverunt,et</span> <span class='ocrx_word' id='word_1_611' title='bbox 3628 4128 3832 4199; x_wconf 89' lang='lat' dir='ltr'>paucis</span> <span class='ocrx_word' id='word_1_612' title='bbox 3856 4128 4079 4186; x_wconf 90' lang='lat' dir='ltr'>diebus</span> 
     </span>
    </p>
   </div>
   <div class='ocr_carea' id='block_1_86' title="bbox 2408 4216 4075 4290">
    <p class='ocr_par' dir='ltr' id='par_1_86' title="bbox 2408 4216 4075 4290">
     <span class='ocr_line' id='line_1_86' title="bbox 2408 4216 4075 4290; baseline 0.002 -20"><span class='ocrx_word' id='word_1_613' title='bbox 2408 4216 2809 4286; x_wconf 88' lang='lat' dir='ltr'>pervenientes</span> <span class='ocrx_word' id='word_1_614' title='bbox 2841 4218 2912 4272; x_wconf 92' lang='lat' dir='ltr'>ad</span> <span class='ocrx_word' id='word_1_615' title='bbox 2946 4218 3164 4289; x_wconf 87' lang='lat' dir='ltr'>Papam</span> <span class='ocrx_word' id='word_1_616' title='bbox 3198 4216 3487 4290; x_wconf 84' lang='lat' dir='ltr'>legatione</span> <span class='ocrx_word' id='word_1_617' title='bbox 3529 4216 3714 4272; x_wconf 88' lang='lat' dir='ltr'>functi</span> <span class='ocrx_word' id='word_1_618' title='bbox 3759 4233 3864 4272; x_wconf 84' lang='lat' dir='ltr'>sua</span> <span class='ocrx_word' id='word_1_619' title='bbox 3904 4224 4075 4286; x_wconf 88' lang='lat' dir='ltr'>sunt,</span> 
     </span>
    </p>
   </div>
   <div class='ocr_carea' id='block_1_87' title="bbox 2406 4304 4077 4379">
    <p class='ocr_par' dir='ltr' id='par_1_87' title="bbox 2406 4304 4077 4379">
     <span class='ocr_line' id='line_1_87' title="bbox 2406 4304 4077 4379; baseline 0.002 -20"><span class='ocrx_word' id='word_1_620' title='bbox 2406 4304 2853 4376; x_wconf 82' lang='lat' dir='ltr'>perhumaniter</span> <span class='ocrx_word' id='word_1_621' title='bbox 2882 4307 3035 4363; x_wconf 77' lang='lat'>898</span> <span class='ocrx_word' id='word_1_622' title='bbox 3086 4307 3219 4363; x_wconf 88' lang='lat' dir='ltr'>illos</span> <span class='ocrx_word' id='word_1_623' title='bbox 3251 4306 3578 4379; x_wconf 82' lang='lat' dir='ltr'>excipiente</span> <span class='ocrx_word' id='word_1_624' title='bbox 3608 4305 3788 4378; x_wconf 89' lang='lat' dir='ltr'>Papa,</span> <span class='ocrx_word' id='word_1_625' title='bbox 3820 4306 3971 4362; x_wconf 90' lang='lat' dir='ltr'>adeo</span> <span class='ocrx_word' id='word_1_626' title='bbox 4009 4315 4077 4363; x_wconf 82' lang='lat' dir='ltr'>ut</span> 
     </span>
    </p>
   </div>
   <div class='ocr_carea' id='block_1_88' title="bbox 2406 4397 4072 4470">
    <p class='ocr_par' dir='ltr' id='par_1_88' title="bbox 2406 4397 4072 4470">
     <span class='ocr_line' id='line_1_88' title="bbox 2406 4397 4072 4470; baseline 0.001 -18"><span class='ocrx_word' id='word_1_627' title='bbox 2406 4414 2504 4453; x_wconf 92' lang='lat' dir='ltr'>eos</span> <span class='ocrx_word' id='word_1_628' title='bbox 2537 4397 2909 4455; x_wconf 88' lang='lat' dir='ltr'>honoraverit</span> <span class='ocrx_word' id='word_1_629' title='bbox 2941 4400 3127 4470; x_wconf 90' lang='lat' dir='ltr'>tiaris,</span> <span class='ocrx_word' id='word_1_630' title='bbox 3161 4398 3355 4456; x_wconf 91' lang='lat' dir='ltr'>mitris</span> <span class='ocrx_word' id='word_1_631' title='bbox 3385 4397 3953 4469; x_wconf 87' lang='lat' dir='ltr'>etannulis,quibus</span> <span class='ocrx_word' id='word_1_632' title='bbox 3976 4399 4072 4454; x_wconf 89' lang='lat' dir='ltr'>in-</span> 
     </span>
    </p>
   </div>
   <div class='ocr_carea' id='block_1_89' title="bbox 2406 4487 4075 4561">
    <p class='ocr_par' dir='ltr' id='par_1_89' title="bbox 2406 4487 4075 4561">
     <span class='ocr_line' id='line_1_89' title="bbox 2406 4487 4075 4561; baseline 0.001 -18"><span class='ocrx_word' id='word_1_633' title='bbox 2406 4487 2677 4559; x_wconf 87' lang='lat' dir='ltr'>signibus</span> <span class='ocrx_word' id='word_1_634' title='bbox 2708 4488 3013 4561; x_wconf 89' lang='lat' dir='ltr'>episcopos</span> <span class='ocrx_word' id='word_1_635' title='bbox 3074 4490 3269 4546; x_wconf 88' lang='lat' dir='ltr'>ornari</span> <span class='ocrx_word' id='word_1_636' title='bbox 3305 4506 3433 4545; x_wconf 89' lang='lat' dir='ltr'>mos</span> <span class='ocrx_word' id='word_1_637' title='bbox 3466 4488 3588 4543; x_wconf 90' lang='lat' dir='ltr'>illic</span> <span class='ocrx_word' id='word_1_638' title='bbox 3618 4488 3860 4544; x_wconf 87' lang='lat' dir='ltr'>obtinet.</span> <span class='ocrx_word' id='word_1_639' title='bbox 3915 4491 4075 4545; x_wconf 82' lang='lat' dir='ltr'>Vere</span> 
     </span>
    </p>
   </div>
   <div class='ocr_carea' id='block_1_90' title="bbox 2407 4576 4078 4649">
    <p class='ocr_par' dir='ltr' id='par_1_90' title="bbox 2407 4576 4078 4649">
     <span class='ocr_line' id='line_1_90' title="bbox 2407 4576 4078 4649; baseline 0.002 -19"><span class='ocrx_word' id='word_1_640' title='bbox 2407 4576 2589 4649; x_wconf 91' lang='lat' dir='ltr'>igitur</span> <span class='ocrx_word' id='word_1_641' title='bbox 2606 4582 2663 4633; x_wconf 87' lang='lat' dir='ltr'>et</span> <span class='ocrx_word' id='word_1_642' title='bbox 2686 4578 3016 4649; x_wconf 89' lang='lat' dir='ltr'>insequenti</span> <span class='ocrx_word' id='word_1_643' title='bbox 3044 4584 3241 4635; x_wconf 70' lang='lat' dir='ltr'>testate</span> <span class='ocrx_word' id='word_1_644' title='bbox 3262 4578 3343 4633; x_wconf 92' lang='lat' dir='ltr'>ibi</span> <span class='ocrx_word' id='word_1_645' title='bbox 3364 4577 3893 4644; x_wconf 83' lang='lat' dir='ltr'>exactis,omnibus</span> <span class='ocrx_word' id='word_1_646' title='bbox 3925 4578 4078 4633; x_wconf 88' lang='lat' dir='ltr'>culti</span> 
     </span>
    </p>
   </div>
   <div class='ocr_carea' id='block_1_91' title="bbox 642 4650 4072 4739">
    <p class='ocr_par' dir='ltr' id='par_1_91' title="bbox 642 4650 4072 4739">
     <span class='ocr_line' id='line_1_91' title="bbox 642 4650 4072 4739; baseline 0.003 -26"><span class='ocrx_word' id='word_1_647' title='bbox 642 4662 752 4728; x_wconf 82' lang='lat' dir='ltr'>tes,</span> <span class='ocrx_word' id='word_1_648' title='bbox 786 4661 957 4731; x_wconf 90' lang='lat' dir='ltr'>quasi</span> <span class='ocrx_word' id='word_1_649' title='bbox 983 4678 1118 4733; x_wconf 88' lang='lat' dir='ltr'>spes</span> <span class='ocrx_word' id='word_1_650' title='bbox 1153 4663 1289 4717; x_wconf 91' lang='lat' dir='ltr'>inde</span> <span class='ocrx_word' id='word_1_651' title='bbox 1325 4662 1537 4719; x_wconf 84' lang='lat' dir='ltr'>salutis</span> <span class='ocrx_word' id='word_1_652' title='bbox 1571 4666 1998 4733; x_wconf 89' lang='lat' dir='ltr'>ostenderetur,</span> <span class='ocrx_word' id='word_1_653' title='bbox 2031 4672 2225 4739; x_wconf 90' lang='lat' dir='ltr'>portu,</span> <span class='ocrx_word' id='word_1_654' title='bbox 2251 4668 2299 4723; x_wconf 89' lang='lat' dir='ltr'>si</span> <span class='ocrx_word' id='word_1_655' title='bbox 2328 4650 2377 4713; x_wconf 80' lang='lat' dir='ltr'><strong>D</strong></span> <span class='ocrx_word' id='word_1_656' title='bbox 2410 4682 2443 4720; x_wconf 79' lang='grc' dir='ltr'>ει</span> <span class='ocrx_word' id='word_1_657' title='bbox 2472 4669 2630 4738; x_wconf 88' lang='lat' dir='ltr'>Papa</span> <span class='ocrx_word' id='word_1_658' title='bbox 2663 4667 3075 4724; x_wconf 63' lang='lat' dir='ltr'>benevolentiae</span> <span class='ocrx_word' id='word_1_659' title='bbox 3108 4668 3367 4736; x_wconf 89' lang='lat' dir='ltr'>indiciis,</span> <span class='ocrx_word' id='word_1_660' title='bbox 3399 4671 3817 4738; x_wconf 88' lang='lat' dir='ltr'>transegerunt</span> <span class='ocrx_word' id='word_1_661' title='bbox 3846 4682 3981 4738; x_wconf 75' lang='lat' dir='ltr'>qua:</span> <span class='ocrx_word' id='word_1_662' title='bbox 4008 4669 4072 4723; x_wconf 92' lang='lat' dir='ltr'>in</span> 
     </span>
    </p>
   </div>
   <div class='ocr_carea' id='block_1_92' title="bbox 634 4748 2297 4826">
    <p class='ocr_par' dir='ltr' id='par_1_92' title="bbox 634 4748 2297 4826">
     <span class='ocr_line' id='line_1_92' title="bbox 634 4748 2297 4826; baseline 0.006 -23"><span class='ocrx_word' id='word_1_663' title='bbox 634 4748 833 4819; x_wconf 72' lang='lat' dir='ltr'>legere</span> <span class='ocrx_word' id='word_1_664' title='bbox 866 4767 1028 4805; x_wconf 90' lang='lat' dir='ltr'>oram</span> <span class='ocrx_word' id='word_1_665' title='bbox 1059 4758 1391 4824; x_wconf 89' lang='lat' dir='ltr'>pergerent,</span> <span class='ocrx_word' id='word_1_666' title='bbox 1429 4752 1981 4826; x_wconf 84' lang='lat' dir='ltr'>facileinvcniendo,</span> <span class='ocrx_word' id='word_1_667' title='bbox 2008 4761 2297 4826; x_wconf 87' lang='lat' dir='ltr'>quotutus</span> 
     </span>
    </p>
   </div>
   <div class='ocr_carea' id='block_1_93' title="bbox 632 4842 2295 4919">
    <p class='ocr_par' dir='ltr' id='par_1_93' title="bbox 632 4842 2295 4919">
     <span class='ocr_line' id='line_1_93' title="bbox 632 4842 2295 4919; baseline 0.005 -26"><span class='ocrx_word' id='word_1_668' title='bbox 632 4844 907 4912; x_wconf 88' lang='lat' dir='ltr'>receptus</span> <span class='ocrx_word' id='word_1_669' title='bbox 941 4842 1103 4897; x_wconf 88' lang='lat' dir='ltr'>foret.</span> <span class='ocrx_word' id='word_1_670' title='bbox 1139 4847 1213 4897; x_wconf 85' lang='lat' dir='ltr'>At</span> <span class='ocrx_word' id='word_1_671' title='bbox 1262 4859 1604 4914; x_wconf 77' lang='lat' dir='ltr'>quanquam</span> <span class='ocrx_word' id='word_1_672' title='bbox 1654 4844 1888 4900; x_wconf 87' lang='lat' dir='ltr'>interim</span> <span class='ocrx_word' id='word_1_673' title='bbox 1940 4845 2021 4900; x_wconf 91' lang='lat' dir='ltr'>illi</span> <span class='ocrx_word' id='word_1_674' title='bbox 2056 4847 2295 4919; x_wconf 91' lang='lat' dir='ltr'>quidem</span> 
     </span>
    </p>
   </div>
   <div class='ocr_carea' id='block_1_94' title="bbox 636 4928 2296 5007">
    <p class='ocr_par' dir='ltr' id='par_1_94' title="bbox 636 4928 2296 5007">
     <span class='ocr_line' id='line_1_94' title="bbox 636 4928 2296 5007; baseline 0.005 -24"><span class='ocrx_word' id='word_1_675' title='bbox 636 4928 806 4996; x_wconf 86' lang='lat' dir='ltr'>satis,</span> <span class='ocrx_word' id='word_1_676' title='bbox 841 4934 906 4985; x_wconf 90' lang='lat' dir='ltr'>ut</span> <span class='ocrx_word' id='word_1_677' title='bbox 937 4930 1048 4986; x_wconf 90' lang='lat' dir='ltr'>sibi</span> <span class='ocrx_word' id='word_1_678' title='bbox 1080 4932 1455 4999; x_wconf 89' lang='lat' dir='ltr'>videbantur,</span> <span class='ocrx_word' id='word_1_679' title='bbox 1490 4932 1562 4987; x_wconf 87' lang='lat' dir='ltr'>ab</span> <span class='ocrx_word' id='word_1_680' title='bbox 1584 4932 2042 5005; x_wconf 88' lang='lat' dir='ltr'>impingendoin</span> <span class='ocrx_word' id='word_1_681' title='bbox 2062 4952 2296 5007; x_wconf 89' lang='lat' dir='ltr'>procur-</span> 
     </span>
    </p>
   </div>
   <div class='ocr_carea' id='block_1_95' title="bbox 629 5017 2293 5097">
    <p class='ocr_par' dir='ltr' id='par_1_95' title="bbox 629 5017 2293 5097">
     <span class='ocr_line' id='line_1_95' title="bbox 629 5017 2293 5097; baseline 0.006 -26"><span class='ocrx_word' id='word_1_682' title='bbox 629 5017 824 5073; x_wconf 90' lang='lat' dir='ltr'>rentia</span> <span class='ocrx_word' id='word_1_683' title='bbox 846 5017 1043 5075; x_wconf 88' lang='lat' dir='ltr'>littora</span> <span class='ocrx_word' id='word_1_684' title='bbox 1065 5020 1372 5091; x_wconf 86' lang='lat' dir='ltr'>cavebant,</span> <span class='ocrx_word' id='word_1_685' title='bbox 1405 5038 1547 5076; x_wconf 88' lang='lat' dir='ltr'>nave</span> <span class='ocrx_word' id='word_1_686' title='bbox 1578 5022 1928 5079; x_wconf 89' lang='lat' dir='ltr'>sustinenda</span> <span class='ocrx_word' id='word_1_687' title='bbox 1958 5040 2029 5079; x_wconf 93' lang='lat' dir='ltr'>ne</span> <span class='ocrx_word' id='word_1_688' title='bbox 2052 5025 2293 5097; x_wconf 88' lang='lat' dir='ltr'>pr0pius</span> 
     </span>
    </p>
   </div>
   <div class='ocr_carea' id='block_1_96' title="bbox 630 5111 2292 5179">
    <p class='ocr_par' dir='ltr' id='par_1_96' title="bbox 630 5111 2292 5179">
     <span class='ocr_line' id='line_1_96' title="bbox 630 5111 2292 5179; baseline 0.005 -17"><span class='ocrx_word' id='word_1_689' title='bbox 630 5123 797 5179; x_wconf 70' lang='lat' dir='ltr'>aaquo</span> <span class='ocrx_word' id='word_1_690' title='bbox 829 5113 997 5164; x_wconf 62' lang='lat' dir='ltr'>terrae</span> <span class='ocrx_word' id='word_1_691' title='bbox 1030 5111 1463 5178; x_wconf 89' lang='lat' dir='ltr'>admoveretur,</span> <span class='ocrx_word' id='word_1_692' title='bbox 1499 5112 1570 5166; x_wconf 88' lang='lat' dir='ltr'>ad</span> <span class='ocrx_word' id='word_1_693' title='bbox 1600 5116 1926 5168; x_wconf 85' lang='lat' dir='ltr'>extremum</span> <span class='ocrx_word' id='word_1_694' title='bbox 1950 5117 2143 5169; x_wconf 87' lang='lat' dir='ltr'>tamen</span> <span class='ocrx_word' id='word_1_695' title='bbox 2171 5120 2292 5172; x_wconf 88' lang='lat' dir='ltr'>arte</span> 
     </span>
    </p>
   </div>
   <div class='ocr_carea' id='block_1_97' title="bbox 629 5197 2289 5275">
    <p class='ocr_par' dir='ltr' id='par_1_97' title="bbox 629 5197 2289 5275">
     <span class='ocr_line' id='line_1_97' title="bbox 629 5197 2289 5275; baseline 0.006 -24"><span class='ocrx_word' id='word_1_696' title='bbox 629 5197 894 5267; x_wconf 72' lang='lat' dir='ltr'>ipsorum</span> <span class='ocrx_word' id='word_1_697' title='bbox 912 5200 1072 5256; x_wconf 94' lang='lat' dir='ltr'>omni</span> <span class='ocrx_word' id='word_1_698' title='bbox 1088 5206 1415 5272; x_wconf 85' lang='lat' dir='ltr'>conataque</span> <span class='ocrx_word' id='word_1_699' title='bbox 1431 5200 1621 5270; x_wconf 89' lang='lat' dir='ltr'>victis,</span> <span class='ocrx_word' id='word_1_700' title='bbox 1643 5200 2007 5258; x_wconf 88' lang='lat' dir='ltr'>validissimo</span> <span class='ocrx_word' id='word_1_701' title='bbox 2028 5203 2289 5275; x_wconf 88' lang='lat' dir='ltr'>impulsu</span> 
     </span>
    </p>
   </div>
   <div class='ocr_carea' id='block_1_98' title="bbox 629 5288 2289 5363">
    <p class='ocr_par' dir='ltr' id='par_1_98' title="bbox 629 5288 2289 5363">
     <span class='ocr_line' id='line_1_98' title="bbox 629 5288 2289 5363; baseline 0.005 -22"><span class='ocrx_word' id='word_1_702' title='bbox 629 5288 931 5344; x_wconf 90' lang='lat' dir='ltr'>ruentium</span> <span class='ocrx_word' id='word_1_703' title='bbox 965 5289 1023 5345; x_wconf 94' lang='lat' dir='ltr'>in</span> <span class='ocrx_word' id='word_1_704' title='bbox 1056 5289 1225 5346; x_wconf 89' lang='lat' dir='ltr'>littus</span> <span class='ocrx_word' id='word_1_705' title='bbox 1257 5290 1548 5346; x_wconf 85' lang='lat' dir='ltr'>ﬂuctuum</span> <span class='ocrx_word' id='word_1_706' title='bbox 1601 5289 1843 5360; x_wconf 88' lang='lat' dir='ltr'>impacti</span> <span class='ocrx_word' id='word_1_707' title='bbox 1897 5292 2035 5363; x_wconf 68' lang='lat' dir='ltr'>ripae</span> <span class='ocrx_word' id='word_1_708' title='bbox 2083 5310 2289 5350; x_wconf 90' lang='lat' dir='ltr'>navem</span> 
     </span>
    </p>
   </div>
   <div class='ocr_carea' id='block_1_99' title="bbox 629 5376 2291 5452">
    <p class='ocr_par' dir='ltr' id='par_1_99' title="bbox 629 5376 2291 5452">
     <span class='ocr_line' id='line_1_99' title="bbox 629 5376 2291 5452; baseline 0.005 -22"><span class='ocrx_word' id='word_1_709' title='bbox 629 5376 953 5447; x_wconf 88' lang='lat' dir='ltr'>fregerunt,</span> <span class='ocrx_word' id='word_1_710' title='bbox 1000 5379 1375 5452; x_wconf 90' lang='lat' dir='ltr'>demersique</span> <span class='ocrx_word' id='word_1_711' title='bbox 1424 5396 1560 5435; x_wconf 91' lang='lat' dir='ltr'>cum</span> <span class='ocrx_word' id='word_1_712' title='bbox 1605 5377 1705 5433; x_wconf 90' lang='lat' dir='ltr'>illa</span> <span class='ocrx_word' id='word_1_713' title='bbox 1754 5380 2057 5450; x_wconf 82' lang='lat' dir='ltr'>perierunt</span> <span class='ocrx_word' id='word_1_714' title='bbox 2087 5398 2291 5439; x_wconf 89' lang='lat' dir='ltr'>omnes</span> 
     </span>
    </p>
   </div>
   <div class='ocr_carea' id='block_1_100' title="bbox 630 5468 2289 5543">
    <p class='ocr_par' dir='ltr' id='par_1_100' title="bbox 630 5468 2289 5543">
     <span class='ocr_line' id='line_1_100' title="bbox 630 5468 2289 5543; baseline 0.005 -23"><span class='ocrx_word' id='word_1_715' title='bbox 630 5481 749 5521; x_wconf 91' lang='lat' dir='ltr'>uno</span> <span class='ocrx_word' id='word_1_716' title='bbox 778 5473 1038 5540; x_wconf 80' lang='lat' dir='ltr'>excepto,</span> <span class='ocrx_word' id='word_1_717' title='bbox 1065 5469 1163 5539; x_wconf 91' lang='lat' dir='ltr'>qui</span> <span class='ocrx_word' id='word_1_718' title='bbox 1200 5470 1447 5525; x_wconf 88' lang='lat' dir='ltr'>nuntius</span> <span class='ocrx_word' id='word_1_719' title='bbox 1469 5468 1826 5525; x_wconf 85' lang='lat' dir='ltr'>calamitatis</span> <span class='ocrx_word' id='word_1_720' title='bbox 1850 5473 2089 5538; x_wconf 87' lang='lat' dir='ltr'>natavit,</span> <span class='ocrx_word' id='word_1_721' title='bbox 2125 5489 2153 5527; x_wconf 91' lang='lat' dir='ltr'>e</span> <span class='ocrx_word' id='word_1_722' title='bbox 2174 5489 2289 5543; x_wconf 91' lang='lat' dir='ltr'>quo</span> 
     </span>
    </p>
   </div>
   <div class='ocr_carea' id='block_1_101' title="bbox 627 5556 2285 5633">
    <p class='ocr_par' dir='ltr' id='par_1_101' title="bbox 627 5556 2285 5633">
     <span class='ocr_line' id='line_1_101' title="bbox 627 5556 2285 5633; baseline 0.007 -26"><span class='ocrx_word' id='word_1_723' title='bbox 627 5569 803 5611; x_wconf 89' lang='lat' dir='ltr'>casus</span> <span class='ocrx_word' id='word_1_724' title='bbox 835 5556 933 5613; x_wconf 89' lang='lat' dir='ltr'>ille</span> <span class='ocrx_word' id='word_1_725' title='bbox 966 5558 1155 5614; x_wconf 87' lang='lat' dir='ltr'>tristis</span> <span class='ocrx_word' id='word_1_726' title='bbox 1184 5564 1249 5614; x_wconf 91' lang='lat' dir='ltr'>ut</span> <span class='ocrx_word' id='word_1_727' title='bbox 1278 5558 1537 5616; x_wconf 89' lang='lat' dir='ltr'>evenerit</span> <span class='ocrx_word' id='word_1_728' title='bbox 1569 5561 1658 5613; x_wconf 89' lang='lat' dir='ltr'>est</span> <span class='ocrx_word' id='word_1_729' title='bbox 1710 5563 1914 5629; x_wconf 90' lang='lat' dir='ltr'>postea</span> <span class='ocrx_word' id='word_1_730' title='bbox 1964 5559 2285 5633; x_wconf 88' lang='lat' dir='ltr'>cognitum.</span> 
     </span>
    </p>
   </div>
   <div class='ocr_carea' id='block_1_102' title="bbox 623 5642 2289 5721">
    <p class='ocr_par' dir='ltr' id='par_1_102' title="bbox 623 5642 2289 5721">
     <span class='ocr_line' id='line_1_102' title="bbox 623 5642 2289 5721; baseline 0.005 -24"><span class='ocrx_word' id='word_1_731' title='bbox 623 5642 704 5698; x_wconf 90' lang='lat' dir='ltr'>Eo</span> <span class='ocrx_word' id='word_1_732' title='bbox 737 5646 1047 5718; x_wconf 84' lang='lat' dir='ltr'>naufragio</span> <span class='ocrx_word' id='word_1_733' title='bbox 1082 5653 1295 5719; x_wconf 71' lang='lat' dir='ltr'>praeter</span> <span class='ocrx_word' id='word_1_734' title='bbox 1325 5648 1593 5704; x_wconf 89' lang='lat' dir='ltr'>homines</span> <span class='ocrx_word' id='word_1_735' title='bbox 1620 5662 1779 5702; x_wconf 89' lang='lat' dir='ltr'>mare</span> <span class='ocrx_word' id='word_1_736' title='bbox 1811 5648 2109 5721; x_wconf 89' lang='lat' dir='ltr'>absorpsit</span> <span class='ocrx_word' id='word_1_737' title='bbox 2131 5651 2289 5721; x_wconf 85' lang='lat' dir='ltr'>regia</span> 
     </span>
    </p>
   </div>
   <div class='ocr_carea' id='block_1_103' title="bbox 620 5729 2285 5812">
    <p class='ocr_par' dir='ltr' id='par_1_103' title="bbox 620 5729 2285 5812">
     <span class='ocr_line' id='line_1_103' title="bbox 620 5729 2285 5812; baseline 0.006 -26"><span class='ocrx_word' id='word_1_738' title='bbox 620 5729 746 5803; x_wconf 83' lang='lat' dir='ltr'>illa,</span> <span class='ocrx_word' id='word_1_739' title='bbox 780 5734 853 5791; x_wconf 90' lang='lat' dir='ltr'>de</span> <span class='ocrx_word' id='word_1_740' title='bbox 883 5736 1104 5809; x_wconf 86' lang='lat' dir='ltr'>quibus</span> <span class='ocrx_word' id='word_1_741' title='bbox 1142 5737 1425 5807; x_wconf 82' lang='lat' dir='ltr'>diximus,</span> <span class='ocrx_word' id='word_1_742' title='bbox 1475 5736 1650 5805; x_wconf 89' lang='lat' dir='ltr'>dona,</span> <span class='ocrx_word' id='word_1_743' title='bbox 1681 5737 1739 5792; x_wconf 87' lang='lat' dir='ltr'>et</span> <span class='ocrx_word' id='word_1_744' title='bbox 1768 5735 1828 5793; x_wconf 88' lang='lat' dir='ltr'>in</span> <span class='ocrx_word' id='word_1_745' title='bbox 1867 5736 1961 5795; x_wconf 84' lang='lat' dir='ltr'>bis</span> <span class='ocrx_word' id='word_1_746' title='bbox 1991 5736 2285 5812; x_wconf 85' lang='lat' dir='ltr'>insignem</span> 
     </span>
    </p>
   </div>
   <div class='ocr_carea' id='block_1_104' title="bbox 2410 4756 4074 4813">
    <p class='ocr_par' dir='ltr' id='par_1_104' title="bbox 2410 4756 4074 4813">
     <span class='ocr_line' id='line_1_104' title="bbox 2410 4756 4074 4813; baseline 0.002 -4"><span class='ocrx_word' id='word_1_747' title='bbox 2410 4756 2702 4811; x_wconf 88' lang='lat' dir='ltr'>mandatis</span> <span class='ocrx_word' id='word_1_748' title='bbox 2717 4757 3032 4813; x_wconf 90' lang='lat' dir='ltr'>habebant.</span> <span class='ocrx_word' id='word_1_749' title='bbox 3049 4759 3200 4813; x_wconf 91' lang='lat' dir='ltr'>Tum</span> <span class='ocrx_word' id='word_1_750' title='bbox 3232 4762 3492 4813; x_wconf 84' lang='lat' dir='ltr'>extremo</span> <span class='ocrx_word' id='word_1_751' title='bbox 3509 4762 3796 4811; x_wconf 90' lang='lat' dir='ltr'>autumno</span> <span class='ocrx_word' id='word_1_752' title='bbox 3820 4762 4074 4813; x_wconf 85' lang='lat' dir='ltr'>mutuos</span> 
     </span>
    </p>
   </div>
   <div class='ocr_carea' id='block_1_105' title="bbox 2407 4843 4073 4919">
    <p class='ocr_par' dir='ltr' id='par_1_105' title="bbox 2407 4843 4073 4919">
     <span class='ocr_line' id='line_1_105' title="bbox 2407 4843 4073 4919; baseline 0.002 -22"><span class='ocrx_word' id='word_1_753' title='bbox 2407 4843 2551 4915; x_wconf 87' lang='lat' dir='ltr'>ipsis</span> <span class='ocrx_word' id='word_1_754' title='bbox 2581 4846 2893 4916; x_wconf 87' lang='lat' dir='ltr'>adjunctos</span> <span class='ocrx_word' id='word_1_755' title='bbox 2938 4865 2971 4902; x_wconf 91' lang='lat' dir='ltr'>a</span> <span class='ocrx_word' id='word_1_756' title='bbox 3016 4847 3172 4919; x_wconf 90' lang='lat' dir='ltr'>Papa</span> <span class='ocrx_word' id='word_1_757' title='bbox 3217 4846 3441 4919; x_wconf 85' lang='lat' dir='ltr'>legatos</span> <span class='ocrx_word' id='word_1_758' title='bbox 3490 4843 4073 4917; x_wconf 87' lang='lat' dir='ltr'>Constantinopolim</span> 
     </span>
    </p>
   </div>
   <div class='ocr_carea' id='block_1_106' title="bbox 2403 4935 2822 5005">
    <p class='ocr_par' dir='ltr' id='par_1_106' title="bbox 2403 4935 2822 5005">
     <span class='ocr_line' id='line_1_106' title="bbox 2403 4935 2822 5005; baseline 0.005 -17"><span class='ocrx_word' id='word_1_759' title='bbox 2403 4935 2822 5005; x_wconf 84' lang='lat' dir='ltr'>perduxerunt.</span> 
     </span>
    </p>
   </div>
   <div class='ocr_carea' id='block_1_107' title="bbox 2401 5096 4079 5171">
    <p class='ocr_par' dir='ltr' id='par_1_107' title="bbox 2401 5096 4079 5171">
     <span class='ocr_line' id='line_1_107' title="bbox 2401 5096 4079 5171; baseline 0 -20"><span class='ocrx_word' id='word_1_760' title='bbox 2401 5097 2491 5151; x_wconf 82' lang='lat'>22.</span> <span class='ocrx_word' id='word_1_761' title='bbox 2550 5099 2614 5154; x_wconf 81' lang='lat' dir='ltr'>Ut</span> <span class='ocrx_word' id='word_1_762' title='bbox 2658 5100 2821 5171; x_wconf 54' lang='lat' dir='ltr'>Papa</span> <span class='ocrx_word' id='word_1_763' title='bbox 2883 5101 3326 5156; x_wconf 80' lang='lat' dir='ltr'>commemoratio</span> <span class='ocrx_word' id='word_1_764' title='bbox 3388 5101 3550 5171; x_wconf 67' lang='lat' dir='ltr'>facta</span> <span class='ocrx_word' id='word_1_765' title='bbox 3625 5096 3689 5152; x_wconf 81' lang='lat' dir='ltr'>in</span> <span class='ocrx_word' id='word_1_766' title='bbox 3762 5111 3922 5153; x_wconf 70' lang='lat' dir='ltr'>sacro</span> <span class='ocrx_word' id='word_1_767' title='bbox 3972 5099 4079 5168; x_wconf 73' lang='lat' dir='ltr'>sit,</span> 
     </span>
    </p>
   </div>
   <div class='ocr_carea' id='block_1_108' title="bbox 2857 5169 3593 5244">
    <p class='ocr_par' dir='ltr' id='par_1_108' title="bbox 2857 5169 3593 5244">
     <span class='ocr_line' id='line_1_108' title="bbox 2857 5169 3593 5244; baseline -0.001 -17"><span class='ocrx_word' id='word_1_768' title='bbox 2857 5176 3214 5229; x_wconf 72' lang='lat' dir='ltr'>exauctoralo</span> <span class='ocrx_word' id='word_1_769' title='bbox 3239 5169 3593 5244; x_wconf 77' lang='lat' dir='ltr'>patriarcha.</span> 
     </span>
    </p>
   </div>
   <div class='ocr_carea' id='block_1_109' title="bbox 2472 5292 4072 5369">
    <p class='ocr_par' dir='ltr' id='par_1_109' title="bbox 2472 5292 4072 5369">
     <span class='ocr_line' id='line_1_109' title="bbox 2472 5292 4072 5369; baseline 0.002 -21"><span class='ocrx_word' id='word_1_770' title='bbox 2472 5294 2550 5349; x_wconf 86' lang='lat' dir='ltr'><strong>Ex</strong></span> <span class='ocrx_word' id='word_1_771' title='bbox 2584 5294 2693 5351; x_wconf 90' lang='lat' dir='ltr'>hoc</span> <span class='ocrx_word' id='word_1_772' title='bbox 2722 5295 3046 5367; x_wconf 82' lang='lat' dir='ltr'>legatorum</span> <span class='ocrx_word' id='word_1_773' title='bbox 3081 5297 3557 5369; x_wconf 38' lang='lat' dir='ltr'>adventuipacem</span> <span class='ocrx_word' id='word_1_774' title='bbox 3575 5295 3789 5351; x_wconf 85' lang='lat' dir='ltr'>factam</span> <span class='ocrx_word' id='word_1_775' title='bbox 3805 5292 4072 5351; x_wconf 85' lang='lat' dir='ltr'>referen-</span> 
     </span>
    </p>
   </div>
   <div class='ocr_carea' id='block_1_110' title="bbox 2399 5382 4071 5457">
    <p class='ocr_par' dir='ltr' id='par_1_110' title="bbox 2399 5382 4071 5457">
     <span class='ocr_line' id='line_1_110' title="bbox 2399 5382 4071 5457; baseline 0.001 -20"><span class='ocrx_word' id='word_1_776' title='bbox 2399 5382 2550 5438; x_wconf 89' lang='lat' dir='ltr'>tium</span> <span class='ocrx_word' id='word_1_777' title='bbox 2583 5385 2699 5441; x_wconf 92' lang='lat' dir='ltr'>duo</span> <span class='ocrx_word' id='word_1_778' title='bbox 2731 5392 3043 5444; x_wconf 87' lang='lat' dir='ltr'>consecuta</span> <span class='ocrx_word' id='word_1_779' title='bbox 3095 5390 3257 5456; x_wconf 89' lang='lat' dir='ltr'>sunt,</span> <span class='ocrx_word' id='word_1_780' title='bbox 3300 5386 3353 5441; x_wconf 89' lang='lat' dir='ltr'>vi</span> <span class='ocrx_word' id='word_1_781' title='bbox 3404 5385 3566 5457; x_wconf 87' lang='lat' dir='ltr'>prius</span> <span class='ocrx_word' id='word_1_782' title='bbox 3616 5386 4071 5450; x_wconf 86' lang='lat' dir='ltr'>conventorum,</span> 
     </span>
    </p>
   </div>
   <div class='ocr_carea' id='block_1_111' title="bbox 2398 5474 4069 5547">
    <p class='ocr_par' dir='ltr' id='par_1_111' title="bbox 2398 5474 4069 5547">
     <span class='ocr_line' id='line_1_111' title="bbox 2398 5474 4069 5547; baseline 0.001 -20"><span class='ocrx_word' id='word_1_783' title='bbox 2398 5476 2797 5531; x_wconf 84' lang='lat' dir='ltr'>exauctoratio</span> <span class='ocrx_word' id='word_1_784' title='bbox 2830 5476 3196 5547; x_wconf 84' lang='lat' dir='ltr'>patriarchae,</span> <span class='ocrx_word' id='word_1_785' title='bbox 3230 5480 3289 5531; x_wconf 91' lang='lat' dir='ltr'>et</span> <span class='ocrx_word' id='word_1_786' title='bbox 3320 5491 3482 5547; x_wconf 69' lang='lat' dir='ltr'>papa:</span> <span class='ocrx_word' id='word_1_787' title='bbox 3513 5474 3573 5529; x_wconf 91' lang='lat' dir='ltr'>in</span> <span class='ocrx_word' id='word_1_788' title='bbox 3607 5488 3773 5528; x_wconf 86' lang='lat' dir='ltr'>sacro</span> <span class='ocrx_word' id='word_1_789' title='bbox 3804 5488 4069 5529; x_wconf 90' lang='lat' dir='ltr'>comme-</span> 
     </span>
    </p>
   </div>
   <div class='ocr_carea' id='block_1_112' title="bbox 2399 5562 4071 5637">
    <p class='ocr_par' dir='ltr' id='par_1_112' title="bbox 2399 5562 4071 5637">
     <span class='ocr_line' id='line_1_112' title="bbox 2399 5562 4071 5637; baseline 0.001 -21"><span class='ocrx_word' id='word_1_790' title='bbox 2399 5564 2647 5619; x_wconf 88' lang='lat' dir='ltr'>moratio</span> <span class='ocrx_word' id='word_1_791' title='bbox 2680 5564 2915 5635; x_wconf 91' lang='lat' dir='ltr'>publica</span> <span class='ocrx_word' id='word_1_792' title='bbox 2941 5583 2954 5634; x_wconf 90' lang='lat'>;</span> <span class='ocrx_word' id='word_1_793' title='bbox 2980 5566 3123 5637; x_wconf 90' lang='lat' dir='ltr'>quin</span> <span class='ocrx_word' id='word_1_794' title='bbox 3148 5564 3323 5620; x_wconf 90' lang='lat' dir='ltr'>etiam</span> <span class='ocrx_word' id='word_1_795' title='bbox 3353 5565 3425 5620; x_wconf 90' lang='lat' dir='ltr'>ad</span> <span class='ocrx_word' id='word_1_796' title='bbox 3450 5562 3794 5637; x_wconf 86' lang='lat' dir='ltr'>electionem</span> <span class='ocrx_word' id='word_1_797' title='bbox 3825 5576 4071 5617; x_wconf 84' lang='lat' dir='ltr'>succes-</span> 
     </span>
    </p>
   </div>
   <div class='ocr_carea' id='block_1_113' title="bbox 2397 5648 4066 5727">
    <p class='ocr_par' dir='ltr' id='par_1_113' title="bbox 2397 5648 4066 5727">
     <span class='ocr_line' id='line_1_113' title="bbox 2397 5648 4066 5727; baseline 0 -20"><span class='ocrx_word' id='word_1_798' title='bbox 2397 5652 2519 5707; x_wconf 88' lang='lat' dir='ltr'>suri</span> <span class='ocrx_word' id='word_1_799' title='bbox 2553 5652 2611 5707; x_wconf 90' lang='lat' dir='ltr'>in</span> <span class='ocrx_word' id='word_1_800' title='bbox 2646 5654 3110 5725; x_wconf 86' lang='lat' dir='ltr'>patriarchatum</span> <span class='ocrx_word' id='word_1_801' title='bbox 3138 5653 3332 5727; x_wconf 86' lang='lat' dir='ltr'>palam</span> <span class='ocrx_word' id='word_1_802' title='bbox 3363 5652 3551 5710; x_wconf 84' lang='lat' dir='ltr'>vocati</span> <span class='ocrx_word' id='word_1_803' title='bbox 3582 5648 4066 5724; x_wconf 86' lang='lat' dir='ltr'>quibusinidjus</span> 
     </span>
    </p>
   </div>
   <div class='ocr_carea' id='block_1_114' title="bbox 2397 5736 4061 5817">
    <p class='ocr_par' dir='ltr' id='par_1_114' title="bbox 2397 5736 4061 5817">
     <span class='ocr_line' id='line_1_114' title="bbox 2397 5736 4061 5817; baseline -0.002 -20"><span class='ocrx_word' id='word_1_804' title='bbox 2397 5745 2485 5798; x_wconf 87' lang='lat' dir='ltr'>est</span> <span class='ocrx_word' id='word_1_805' title='bbox 2515 5740 2800 5815; x_wconf 76' lang='lat' dir='ltr'>suffragii.</span> <span class='ocrx_word' id='word_1_806' title='bbox 2832 5742 2912 5801; x_wconf 86' lang='lat' dir='ltr'>Ac</span> <span class='ocrx_word' id='word_1_807' title='bbox 2943 5742 3099 5817; x_wconf 89' lang='lat' dir='ltr'>quod</span> <span class='ocrx_word' id='word_1_808' title='bbox 3130 5742 3388 5817; x_wconf 87' lang='lat' dir='ltr'>primum</span> <span class='ocrx_word' id='word_1_809' title='bbox 3416 5742 3659 5816; x_wconf 84' lang='lat' dir='ltr'>quidem</span> <span class='ocrx_word' id='word_1_810' title='bbox 3689 5736 3903 5796; x_wconf 85' lang='lat' dir='ltr'>horum</span> <span class='ocrx_word' id='word_1_811' title='bbox 3922 5738 4061 5796; x_wconf 75' lang='lat' dir='ltr'>stti-</span> 
     </span>
    </p>
   </div>
  </div>
