4212 6442
209 413 313 467 853

1276 416 1373 468 DE
1414 414 1781 468 MICHAELB
1818 410 2260 467 PALEOLOGO
2295 413 2427 465 LIB.
2470 411 2537 463 V.

3495 405 3600 458 854

210 539 286 595 Τὸ
343 537 438 611 μὶν
498 542 588 592 οὖν
646 538 737 591 τὸν
797 537 1140 611 πατριάρχην
1173 541 1582 611 παρακινεῖσθαι
1614 531 1845 610 ἐργῶδες
1878 537 1932 603 Α
1964 533 2180 609 βασιλεῖ
2208 532 2378 589 έκεῖσε
2407 531 2712 608 παρόντων,
2772 532 2799 584 6
2849 528 3154 589 ἀπόστολος
3186 527 3280 582 εἴτ’
3308 528 3397 582 οὗν
3431 530 3465 596 ἡ
3500 548 3595 581 πε-

204 627 289 695 ἧν,
344 624 459 681 ἐπεὶ
514 626 613 681 οὐκ
671 625 890 689 αὐτόθεν
948 624 1150 686 ἐκεῖνος
1207 630 1500 699 παρῃτεῖτο
1555 626 1655 693 τὴν
1710 644 1849 699 προ-

204 716 454 771 στασίαν.
515 717 603 777 Ὠς
656 719 782 789 γοῦν
843 713 941 767 οὑκ
996 714 1060 782 ἧν
1113 714 1510 789 παραιτεῖσθαι,
1574 710 1846 787 μάρτυρας

198 809 305 858 τῶν
360 804 497 879 πρὸς
558 802 783 878 βασιλέα
842 803 1020 876 λόγων
1081 801 1285 857 ἐκείνου
1344 802 1416 863 ὡς
1473 801 1538 870 ἦν
1567 803 1847 876 παραστή-

198 914 383 954 σαντες
418 894 493 965 (οἱ
527 890 569 947 δ’
602 894 735 960 ἦσαν
788 894 841 947 οἱ
888 893 1011 962 περὶ
1065 893 1156 945 τὸν
1216 889 1613 964 δικαιοφύλακα
1673 897 1845 944 Σκου-

194 982 597 1057 ταριώτην)ὡς
649 982 1084 1056 ὑπισχνουμένου
1135 979 1293 1050 δῆθεν
1346 984 1441 1035 τοῦ
1499 982 1844 1055 πατριάρχου

193 1072 295 1139 τὴν
329 1069 572 1125 ἑκουσίαν
627 1068 939 1145 ἐκχώρησιν
1000 1068 1044 1123 εἷ
1104 1067 1349 1123 εύοδοῖτο
1408 1068 1471 1122 τὸ
1502 1063 1684 1143 ἔργον,
1716 1068 1846 1122 ταύ-

192 1180 294 1229 την
352 1160 451 1228 τὴν
512 1161 697 1237 φωνὴν
755 1159 828 1220 ὡς
888 1160 1213 1233 παραίτησιν
1270 1156 1502 1227 τελείαν,
1534 1156 1752 1232 προσέτι
1786 1153 1843 1210 δὲ

192 1246 282 1301 καὶ
344 1246 438 1302 τὸν
495 1247 656 1322 ὅρκον
719 1246 926 1321 ἔκρινον
990 1248 1039 1301 οἳ
1100 1248 1395 1323 ἀρχιερεῖς,
1452 1248 1549 1314 τήν
1615 1246 1707 1318 μὲν
1767 1246 1842 1306 ὡς

194 1336 521 1412 ὑπόσχεσιν,
575 1338 664 1391 τὸν
727 1334 783 1391 δὲ
843 1336 917 1400 ὡς
973 1335 1240 1408 κωλύμην
1300 1334 1568 1407 ἄντικρυς.
1614 1336 1687 1389 Τὸ
1740 1336 1839 1409 γάρ

188 1421 335 1488 ἔνθεν
402 1427 496 1498 μὶν
557 1427 633 1497 μὴ
690 1422 1082 1499 καταδέχεσθαι
1131 1426 1228 1493 τήν
1284 1426 1472 1498 πρᾶξιν
1535 1423 1839 1495 ὀμνύοντα,

186 1513 393 1567 ἐκεῖθεν
449 1512 506 1568 δὲ
558 1514 838 1589 γεγονυίας
898 1514 1163 1588 ἐκχωρεῖν
1227 1512 1681 1588 ὑπισχνούμενον,
1743 1509 1836 1580 δη-

188 1603 427 1667 λοῦντος
482 1605 548 1674 ἦν
599 1606 811 1667 πάντως
870 1604 1272 1681 προχωρούσης
1325 1612 1423 1674 τῆς
1468 1605 1709 1678 πράξεως
1740 1606 1838 1672 τήν

189 1692 337 1748 ἰδίαν
370 1694 715 1770 παραίτησιν·
752 1694 834 1749 ἐπὶ
895 1694 947 1749 τί
1002 1694 1101 1769 γὰρ
1153 1695 1241 1748 καὶ
1296 1693 1381 1747 ἐπὶ
1434 1698 1540 1749 τῶν
1589 1694 1837 1761 τῆςίἰκ-

187 1782 433 1854 κλησίας
483 1788 821 1860 πραγμάτων
882 1787 1012 1839 εἶναι
1070 1793 1169 1855 τῆς
1233 1785 1473 1857 πράξεως
1533 1780 1835 1855 ἀποϐάσης,

1954 626 2158 699 ρικοπὴ
2216 630 2315 692 τῆς
2368 626 2477 677 τῶν
2541 623 2786 697 Ηράξεων
2851 614 3046 695 βίϐλου
3105 619 3332 691 (Πέτρου
3365 617 3465 691 γὰρ
3496 621 3594 670 τοῦ

1953 712 2249 790 κορυφαὲου
2280 716 2386 766 τῶν
2436 708 2756 765 ἀποστόλων
2808 708 2974 782 ἤγετο
3023 708 3210 780 ἑορτὴ,
3244 708 3304 774 ἣν
3354 705 3594 780 ἑορτάζει

1952 804 1985 870 ἡ
2022 800 2324 871 Ἐκκλησία
2380 799 2465 854 ἐπὶ
2514 803 2581 873 τῇ
2633 799 2921 862 Καταθέσει
2956 802 3061 851 τῶν
3106 795 3261 849 Οείων
3303 793 3595 866 ἁλύσεων),

1952 891 2373 965 ἀναγινώσκεται
2408 887 2464 944 δὲ
2494 888 2751 950 ὡσαύτως
2798 887 2886 942 καὶ
2936 888 2997 941 τὸ
3051 891 3194 949 θεῖον
3257 884 3596 958 Εὑαγγέλιον

1952 984 2249 1051 Γραικικῶς
2281 1000 2338 1034 τε
2396 980 2537 1052 ὁμοῦ
2590 978 2678 1033 καὶ
2736 979 3081 1048 Ῥωμαϊκῶς,
3116 974 3204 1028 καὶ
3264 973 3405 1027 οὕτω
3460 973 3595 1026 κατά

1947 1070 2117 1123 τόπον
2195 1068 2282 1123 οἰκ
2315 1073 2396 1122 ῖον
2454 1067 2544 1121 καὶ
2604 1067 2630 1120 6
2688 1066 2909 1129 πάππας
2982 1064 3129 1139 παρὰ
3185 1066 3280 1116 τοῦ
3341 1059 3593 1116 διακόνου

1949 1156 2373 1231 ἐμνημονεύετο.
2407 1158 2463 1210 Ὀ
2497 1154 2543 1210 δ’
2571 1156 2635 1224 ἧν
2672 1157 2699 1210 ὁ
2735 1155 3035 1229 Γρηγόριος
3085 1152 3251 1228 ἄκρος
3304 1149 3590 1225 ἀρχιερεὺς

1946 1250 2043 1315 τῆς
2076 1244 2446 1315 ἀποστολικῆς
2477 1244 2801 1313 Ἐκκλησίας
2843 1242 2931 1298 καὶ
2965 1239 3340 1314 οἶκουμενικὸς
3369 1241 3592 1300 πάππας

1952 1358 2053 1410 μνη
2066 1358 2162 1410 μον
2172 1336 2360 1406 ευόμεν
2370 1358 2449 1392 ος.

2010 1481 2114 1554 κγ’.
2148 1481 2278 1555 Περὶ
2311 1484 2406 1534 τοῦ
2438 1498 2744 1553 σχισματος
2773 1475 3013 1541 καθόλου
3044 1482 3142 1545 τῆς
3173 1473 3522 1544 Ἐκκλησίας.

2016 1607 2029 1631 7
2173 1610 2195 1621 -υ
2383 1607 2394 1621 π
2500 1612 2526 1623 ν
2615 1606 2625 1626 9
2863 1602 2873 1619 ι
2990 1602 3004 1619 η
3059 1602 3070 1619 ι
3300 1600 3310 1615 ~
3352 1597 3374 1617 ’κ
3502 1599 3517 1629 ι

2041 1608 2290 1669 Εντευθεν
2339 1627 2405 1659 τα
2460 1626 2558 1673 της
2634 1601 2940 1673 Εκκλησιας
2986 1622 3181 1666 ενοσει,
3224 1622 3314 1655 και
3348 1599 3587 1654 οιεστελ-

1949 1694 2109 1750 λοντο
2143 1696 2231 1749 ἀπ’
2260 1693 2523 1764 ἀλλήλων
2574 1694 2875 1765 ἄνθρωποι,
2929 1693 3017 1745 καὶ
3080 1692 3107 1744 6
3167 1691 3258 1761 μὲν
3315 1688 3587 1743 ἐκοινώνει

1943 1781 2084 1855 τῷδε
2111 1789 2217 1839 τῶν
2250 1784 2408 1848 θείων
2434 1783 2716 1855 συνᾶξεων,
2752 1783 2802 1835 οῖ
2836 1778 2892 1835 δὲ
2924 1806 2951 1831 ‹‹
2978 1782 3066 1848 Μὴ
3092 1781 3226 1853 ἅψῃ,
3263 1780 3337 1850 μή
3371 1776 3526 1853 Οίγῃς
3560 1802 3586 1828 ››

184 1874 255 1942 ἦς
320 1875 483 1950 χάριν
543 1874 631 1929 καὶ
690 1875 889 1947 ὅρκους
948 1873 1107 1939 ἐτίθει
1165 1879 1260 1928 τοῦ
1322 1875 1396 1946 μὴ
1447 1872 1689 1944 δέξασθαι
1749 1876 1913 1967 καὶΒ
1949 1874 2115 1948 μέχρι
2180 1874 2267 1927 καί
2327 1872 2663 1945 ἐκπωμάτων
2727 1870 2901 1925 αὐτῶν
2951 1870 3039 1924 καὶ
3097 1868 3583 1944 προσφωνημάτων

188 1963 516 2039 ὑποσχέσεις
542 1969 640 2020 τοῦ
699 1964 964 2039 ἐκχωρεῖν
1022 1963 1213 2018 αὐτίκα
1270 1959 1591 2038 προϐάσης;
1627 1964 1723 2018 Accii
1749 1986 1833 2019 τοι

180 2056 355 2107 ταῦτα
414 2054 501 2108 καὶ
562 2054 750 2129 ἀργίαν
805 2055 1012 2108 ἐκείνου
1077 2054 1582 2130 καταψηφίζονται,
1631 2052 1720 2107 καί
1776 2075 1836 2127 γε

187 2141 369 2212 μηνὸς
426 2138 909 2215 Ἑκατομϐαιῶνος
986 2141 1175 2217 έννάτῃ
1250 2141 1473 2197 παύεται
1530 2142 1591 2196 τὸ
1641 2142 1836 2197 τούτου

187 2232 569 2303 μνημόσυνον,
602 2235 685 2305 [Ρ.
715 2234 843 2305 271]
896 2232 984 2286 καὶ
1041 2233 1178 2304 πρὸς
1230 2233 1329 2300 τὴν
1373 2232 1511 2286 κατά
1554 2232 1647 2285 τὸν
1682 2232 1836 2287 Ἀνά-

184 2318 363 2375 πλουν
398 2319 611 2393 Λαὺραν
660 2320 720 2376 ἐκ
772 2327 873 2391 τῆς
931 2317 1299 2396 περιϐλέπτου
1360 2326 1675 2399 μεταφοιτᾷ.
1733 2325 1837 2374 Τοῦ

186 2405 230 2461 δ’
294 2410 465 2464 αὑτοῦ
526 2410 698 2483 μηνὸς
756 2406 881 2484 ἕκτῃ
932 2411 1023 2464 καὶ
1082 2408 1301 2485 δεκάτῃ,
1361 2414 1457 2463 τοῦ
1486 2406 1839 2480 Χαλκηδόνος

186 2497 473 2554 Νικολάου
533 2499 950 2575 ἱερουργοῦντος
1009 2500 1147 2554 κατὰ
1204 2500 1269 2553 τά
1326 2498 1615 2573 ἀνάκτορα,
1651 2499 1840 2574 ἀναγι-

183 2588 454 2643 νώσκεται
514 2590 608 2661 μὲν
667 2586 885 2661 διττῶς,
959 2593 1063 2643 τῶν
1139 2584 1415 2663 πρέσϐεων
1494 2588 1706 2662 σύναμα
1761 2593 1842 2661 τῷ

190 2813 310 2873 net.
346 2807 692 2864 nonnullius
716 2808 933 2880 nogotii
961 2823 1052 2863 res
1097 2807 1208 2863 fuit
1248 2807 1457 2879 deponi
1492 2824 1521 2861 e
1555 2808 1689 2863 scde
1733 2824 1835 2879 pa-

189 2897 667 2969 triarcham,ipso
691 2897 1037 2969 dignitatem
1054 2913 1179 2951 eam
1197 2895 1348 2951 ultro
1374 2913 1488 2951 non
1512 2897 1839 2963 abdicante,

194 3004 299 3041 nec
323 2985 553 3058 sperari
596 2986 825 3041 sinente
865 2986 1301 3040 abdicaturum.
1339 2985 1704 3056 Interrogare
1735 3003 1837 3040 au-

193 3081 311 3130 tem
351 3092 488 3131 eum
521 3093 593 3130 an
628 3080 867 3147 paratus
924 3078 1078 3130 esset
1126 3079 1334 3145 sponte
1376 3075 1596 3141 cedere,
1630 3080 1685 3129 et
1718 3091 1837 3129 rem

190 3164 327 3219 aleae
352 3165 715 3220 committere
739 3180 851 3219 non
875 3164 1155 3235 explorati
1181 3163 1630 3234 responsi,haud
1649 3169 1837 3218 tutum

142 3322 147 3327 η
187 3260 275 3309 est
306 3254 525 3310 visum.
585 3252 923 3325 Expeditius
976 3254 1308 3323 judicatum
1343 3258 1432 3308 est
1464 3253 1836 3325 interpretari

188 3343 587 3399 voluntariam
623 3345 750 3414 ejus
800 3342 1232 3398 abdicationem
1265 3341 1423 3397 velut
1465 3344 1589 3411 jam
1625 3344 1835 3397 factam

188 3449 255 3488 ex
292 3433 368 3487 iis
429 3449 558 3504 qua
609 3436 813 3504 pactus
837 3449 971 3487 cum
1023 3432 1373 3503 imperatore
1407 3433 1614 3488 fuerat.
1650 3432 1844 3487 Auditi

186 3538 326 3593 ergo
361 3526 544 3577 testes
576 3524 715 3576 sunt
762 3520 975 3587 idonei,
1013 3521 1401 3593 princepsque
1442 3522 1499 3576 iu
1535 3522 1607 3577 iis
1658 3521 1845 3578 Dicmo

188 3609 410 3682 phylax
447 3609 843 3677 Scutariores;
889 3609 991 3681 qui
1040 3611 1455 3665 confirmarent
1503 3610 1845 3682 promisisse

189 3699 535 3770 Josepbum,
582 3699 628 3754 si
673 3697 850 3771 legati
912 3699 1106 3754 Romae
1168 3699 1463 3771 negotium
1524 3701 1843 3755 concordia:

188 3789 613 3860 transigerent,
649 3786 1046 3859 patriarcbatu
1073 3804 1134 3843 se
1164 3804 1504 3855 cessurum;
1539 3790 1843 3844 eumdem-

188 3893 300 3947 que
320 3878 601 3947 juratum
634 3893 1001 3932 asseverasse
1015 3893 1513 3933 seconsensurum
1540 3895 1843 3949 nunquam

184 3965 242 4021 in
275 3967 462 4022 istam
512 3981 737 4038 pacem.
774 3966 874 4022 His
904 3966 1222 4038 compertis
1274 3968 1609 4039 congregati
1668 3983 1846 4039 super

184 4054 289 4111 hoc
349 4056 613 4127 episcopi
673 4054 1058 4111 concordibus
1089 4055 1237 4112 votis
1286 4059 1621 4112 statuerunt
1662 4055 1843 4111 videri

184 4142 293 4199 hoc
328 4144 467 4215 ipso
502 4144 895 4216 patriarchum
929 4162 963 4200 a
988 4144 1240 4217 Josepho
1294 4146 1415 4217 jam
1477 4162 1633 4201 nunc
1690 4145 1842 4201 ultro

183 4234 553 4305 depositum,
579 4235 782 4307 utique
804 4235 1159 4306 conditione,
1192 4252 1259 4291 ex
1290 4253 1406 4308 qua
1438 4235 1534 4291 ille
1566 4252 1735 4291 suam
1768 4235 1841 4289 li-

180 4322 385 4381 beram
403 4325 842 4380 abdicationem
857 4327 1390 4396 suspenderat,jam
1414 4325 1497 4381 cla
1508 4341 1567 4381 re
1583 4326 1839 4397 impleta,

180 4411 433 4486 ipsoque
463 4414 776 4470 manifeste
796 4414 1074 4485 deinceps
1098 4414 1367 4484 inhabili,
1393 4415 1839 4487 propterjusju-

181 4502 439 4556 randum
470 4517 588 4573 quo
609 4517 670 4557 se
693 4501 1105 4569 obstrinxerat,
1132 4502 1201 4556 ad
1232 4518 1359 4557 eam
1401 4504 1717 4575 gerendam
1751 4505 1841 4559 di-

180 4590 498 4659 gnitatem.
530 4590 645 4648 Nec
676 4590 848 4646 istam
880 4589 1050 4663 longe
1081 4591 1387 4662 quaesitam
1408 4592 1841 4664 interpretatio-

1944 1957 2428 2037 ἀπακριϐούμενοι.
2460 1968 2655 2035 ’έῌρετο
2688 1958 2745 2015 δὲ
2798 1965 2978 2032 μεῖζον
3025 1959 3088 2013 τὸ
3134 1958 3368 2033 σχίσμα,
3412 1958 3497 2011 καὶ
3557 1957 3584 2010 6

1946 2053 2075 2126 χθὲς
2130 2050 2218 2106 ἐπὶ
2266 2049 2410 2123 τῷδε
2459 2050 2987 2128 πληροφορούμενος
3042 2049 3277 2120 σήμερον
3335 2046 3589 2120 ἀπεστρέ-

1946 2163 2095 2216 φετν.
2150 2143 2250 2198 Καὶ
2310 2141 2490 2217 ὥσπερ
2550 2141 2602 2196 εἶ’
2651 2163 2735 2203 τις
2782 2140 3256 2214 κακοσπλάγχνως
3304 2133 3447 2212 ἔχων
3479 2136 3591 2191 ἐπι-

1947 2226 2257 2303 συμϐάντος
2314 2231 2403 2286 καὶ
2462 2231 2636 2286 ἄλλου
2692 2231 3005 2303 νοσήματος
3066 2226 3295 2283 διπλοῦν
3357 2226 3471 2301 ἔχει
3530 2227 3591 2279 τὸ

1948 2318 2138 2395 ἄλγος,
2196 2321 2285 2374 καὶ
2336 2322 2399 2375 τὸ
2451 2319 2712 2395 πρότερον
2746 2317 2955 2393 αὔξεται
2986 2323 3055 2392 τῇ
3086 2322 3181 2372 τοῦ
3210 2316 3593 2392 ἐπιγενομένου

1948 2409 2335 2485 προσκρούσει,
2396 2410 2571 2464 ἐκεῖνα
2628 2408 2675 2463 δ’
2721 2407 2875 2471 αὖθις
2904 2409 3041 2483 πρὸς
3086 2406 3311 2477 ἄλληλα
3349 2403 3596 2483 διαφέρε-

1947 2521 2039 2555 τον
2070 2495 2209 2555 ὤστε
2237 2500 2298 2554 τὸ
2332 2500 2408 2564 εἷς
2449 2497 2734 2575 Θεραπείαν
2788 2497 2985 2554 τούτου
3039 2498 3129 2552 καὶ
3188 2495 3459 2564 συστολὴν
3519 2493 3595 2556 εἷς

1952 2587 2115 2660 αὔξην
2174 2590 2400 2665 θατέρου
2458 2588 2694 2663 γίνεσθαι
2774 2587 2863 2643 καὶ
2947 2586 3299 2663 ἀπαγορεύειν
3356 2585 3448 2640 τὸν
3504 2603 3601 2639 κα-

1948 2812 2112 2865 sueta
2134 2798 2369 2882 Josephi
2404 2814 2468 2865 ut
2500 2809 2842 2881 patriarchae
2892 2808 3214 2873 menlione;
3267 2809 3324 2861 et
3365 2805 3492 2878 ipse
3522 2805 3593 2861 ad

1948 2902 2191 2953 Lauram
2228 2914 2403 2969 prOpe
2439 2898 2725 2968 Anapium
2759 2898 2929 2953 sitam
2953 2912 3021 2951 ex
3045 2895 3352 2967 Periblepti
3386 2910 3587 2949 mona-

1948 2987 2124 3042 sterio
2159 2986 2445 3058 migravit.
2496 2987 2774 3056 Ejusdem
2830 3002 2999 3057 porro
3051 2985 3271 3040 mensis
3303 2984 3396 3038 die
3427 2988 3590 3038 sexta

1947 3076 2194 3145 decima,
2229 3075 2465 3133 Nicolao
2505 3075 2959 3130 Chalcedonensi
3011 3074 3193 3129 sacris
3225 3077 3500 3144 operante
3533 3072 3589 3125 in

1950 3164 2149 3235 palatii
2183 3180 2349 3219 sacra
2387 3165 2525 3229 inde,
2550 3164 2770 3235 duplici
2829 3163 3030 3235 lingua
3076 3162 3452 3235 pronuntiata
3480 3166 3587 3231 est,

1948 3270 2122 3323 quam
2157 3258 2384 3319 vocant,
2407 3253 2682 3325 epistola;
2711 3254 2819 3308 fuit
2867 3270 2935 3309 ea
2981 3254 3161 3308 sectio
3192 3270 3261 3308 ex
3286 3252 3435 3307 libro
3470 3253 3589 3305 Ac-

1952 3346 2145 3397 torum
2183 3360 2195 3398 :
2228 3343 2381 3398 Petri
2412 3345 2567 3399 enim
2604 3342 2882 3415 principis
2932 3342 3330 3413 apostolorum
3378 3342 3591 3395 festum

1952 3448 2019 3486 ea
2048 3433 2143 3487 die
2175 3432 2455 3503 agebatur
2488 3432 2653 3497 illud,
2689 3432 2840 3504 quod
2873 3430 3176 3488 consuevit
3210 3429 3464 3485 Ecclesia
3501 3444 3593 3483 ce-

1950 3519 2176 3576 lebrare
2210 3522 2376 3577 titulo
2409 3522 2803 3592 Depositionis
2852 3537 3153 3578 sacrorum
3202 3518 3591 3575 vinculorum.

1948 3614 2191 3664 Sacrum
2220 3627 2453 3682 quoque
2485 3610 2861 3682 Evangelium
2895 3609 3077 3665 simili
3108 3607 3434 3664 differentia
3482 3606 3594 3660 lin-

1950 3714 2199 3770 guarum
2232 3700 2426 3755 Graece
2458 3701 2676 3772 pariter
2703 3704 2759 3756 et
2791 3699 2987 3754 Latine
3028 3699 3332 3755 recitatum
3382 3700 3491 3751 est.
3526 3696 3595 3749 Et

1949 3789 2032 3844 sic
2064 3787 2188 3844 loco
2222 3788 2453 3861 proprio
2483 3790 2647 3862 Papa:
2679 3790 2857 3845 etiam
2885 3805 2985 3860 per
3015 3789 3325 3843 diaconum
3375 3785 3590 3842 solem-

1951 3878 2041 3933 nis
2073 3880 2290 3934 mentio
2320 3884 2411 3934 est
2441 3880 2611 3949 facta,
2644 3883 2700 3934 et
2729 3879 3043 3951 Gregorius
3074 3894 3346 3933 summus
3398 3874 3588 3947 ponti-

1950 3967 2040 4024 fex
2071 3968 2401 4041 apostolicae
2434 3968 2700 4025 Ecclesiae
2732 3984 2798 4024 ac
2848 3967 3244 4025 cecumenicus
3276 3981 3426 4039 papa
3457 3980 3587 4035 pro-

1947 4056 2257 4115 clamatus.

2010 4202 2100 4256 23.
2132 4203 2206 4258 De
2234 4201 2532 4258 schismate
2561 4204 2886 4257 universam
2915 4201 3217 4257 Ecclesiam
3246 4199 3527 4253 turbante.

2020 4326 2163 4383 Hinc
2199 4345 2287 4385 res
2318 4328 2588 4385 Ecclesiae
2620 4327 2983 4394 laborabant,
3017 4330 3075 4381 et
3105 4324 3599 4396 disjungebantur

1946 4417 2017 4473 ab
2050 4417 2298 4473 invicem
2324 4418 2613 4488 homines,
2637 4419 2778 4473 dum
2802 4418 3043 4472 alterius
3067 4415 3213 4470 alter
3229 4412 3594 4469 communio-

1948 4522 2082 4561 nem
2141 4506 2423 4573 admittit,
2457 4508 2557 4563 alii
2589 4507 2824 4563 odiosas
2856 4505 2986 4559 illas
3035 4503 3269 4560 divortii
3306 4500 3594 4558 formulas

1948 4601 2235 4665 usurpant
2272 4613 2283 4650 :
2325 4620 2344 4646 ι
2381 4596 2529 4653 Cave
2560 4597 2741 4663 adire,
2776 4611 2912 4651 cave
2942 4599 3199 4666 tangere,
3234 4614 3259 4643 n
3298 4591 3592 4664 supersti-

180 4695 307 4735 nem
337 4679 578 4736 censeri
606 4696 795 4750 posse,
830 4680 930 4736 sed
955 4696 1150 4736 veram
1197 4682 1630 4753 expressionem
1674 4685 1841 4737 certes
1874 4662 1921 4730 Ι)
1954 4682 2163 4740 tiosam
2196 4685 2370 4741 istam
2405 4684 2921 4741 contaminalionis
2969 4699 3036 4739 ex
3094 4682 3428 4755 promiscuo
3479 4696 3590 4734 usu

176 4767 529 4837 voluntatis,
545 4784 675 4840 quae
697 4785 764 4825 ex
784 4768 1181 4825 conditionata
1196 4770 1253 4824 in
1275 4770 1604 4827 absolutam
1627 4774 1837 4827 eventu

179 4858 302 4929 ipso
333 4859 420 4915 rei
448 4875 557 4931 per
588 4858 982 4915 conditionem
1022 4875 1309 4932 expresses
1333 4860 1654 4928 transierit,
1688 4877 1837 4933 prae-

181 4948 382 5005 sertim
416 4965 561 5004 cum
594 4950 696 5020 qui
726 4947 901 5005 ﬁdem
932 4950 1001 5004 ad
1036 4949 1094 5003 id
1127 4966 1295 5006 suam
1328 4950 1506 5006 etiam
1559 4950 1837 5023 religione

181 5037 553 5095 irrevocabili
605 5038 928 5110 juramenti
977 5039 1129 5096 899
1190 5040 1553 5112 obligaverit,
1601 5055 1833 5096 omnem

180 5127 285 5183 sibi
317 5129 393 5184 ad
426 5127 574 5183 inde
606 5127 990 5184 resiliendum
1021 5126 1593 5200 occluseritexitum,
1619 5146 1724 5186 nec
1746 5128 1836 5184 in-

177 5221 401 5291 tegrum
470 5217 591 5274 sibi
650 5216 905 5287 amplius
949 5216 1708 5291 reliquerit,conclusajam
1735 5219 1835 5274 Ec-

177 5304 497 5362 clesiarum
535 5305 871 5386 concordia,
901 5305 961 5361 in
986 5323 1053 5362 ea
1073 5307 1209 5362 sede
1234 5312 1515 5380 perstare,
1548 5309 1606 5363 in
1639 5325 1753 5378 qua
1775 5324 1836 5364 se

181 5412 285 5451 non
318 5396 742 5469 perstiturum,
794 5395 841 5450 si
900 5395 971 5451 de
1009 5395 1125 5451 ista
1178 5411 1319 5468 pace
1362 5396 1835 5467 convinerentur,

180 5484 287 5540 Deo
320 5486 526 5558 palam
560 5489 712 5540 teste
746 5483 1039 5556 pollicitus
1071 5485 1169 5542 sit.
1225 5486 1323 5541 His
1373 5487 1443 5542 de
1474 5487 1666 5543 causis
1697 5504 1834 5542 con-

181 5577 330 5632 cordi
352 5574 648 5644 sutl'ragio
678 5574 917 5629 Patrum
950 5590 1153 5631 vacare
1202 5576 1371 5631 sedes
1419 5576 1834 5633 Constantino-

185 5662 732 5738 politanajudicata
746 5670 853 5720 est.
883 5665 1086 5735 Itaque
1110 5664 1331 5722 mensis
1351 5666 1618 5723 Januarii
1652 5668 1832 5724 unde-

182 5755 325 5815 cima
352 5755 451 5814 die
481 5752 751 5829 primum
782 5768 954 5811 sacra
982 5751 1105 5811 ﬁeri
1137 5758 1323 5829 coepta
1363 5760 1505 5813 sunt
1532 5755 1659 5814 sine
1693 5773 1833 5813 con-

1948 4771 2322 4829 formidinem
2358 4791 2544 4846 usque
2577 4776 2644 4830 ad
2698 4774 2997 4829 vitandum
3043 4771 3386 4844 poculorum
3412 4769 3588 4824 etiam

1946 4865 2307 4929 contactum,
2339 4880 2527 4935 usque
2558 4864 2629 4918 ad
2662 4862 3141 4935 compellationes
3181 4859 3591 4916 allocutiones-

1948 4968 2059 5022 que
2089 4952 2443 5008 omittendas
2481 4954 2636 5009 400
2666 4953 3043 5008 extendentes
3077 4969 3091 5007 :
3126 4948 3592 5022 augescebatque

1947 5040 2007 5095 in
2042 5039 2163 5096 dies
2196 5041 2478 5110 schisma,
2539 5043 2621 5097 ita
2653 5048 2717 5097 ut
2768 5041 2873 5113 qui
2933 5039 3060 5095 heri
3092 5056 3206 5095 non
3267 5038 3595 5093 dubitasset

1947 5131 2370 5186 consuetudine
2388 5131 2472 5186 uti
2494 5132 2849 5203 cujuspiam,
2870 5130 3141 5185 eumdem
3167 5128 3338 5183 hodie
3362 5141 3594 5181 aversa-

1946 5223 2126 5273 retur.
2152 5222 2231 5275 Ac
2264 5220 2439 5275 veluti
2473 5221 2519 5275 si
2556 5221 2785 5290 cuijam
2815 5219 2965 5275 male
2990 5218 3237 5273 interius
3268 5216 3470 5272 affecto
3498 5231 3595 5269 no-

1945 5324 2053 5363 vus
2085 5308 2322 5365 aliunde
2352 5309 2595 5382 insuper
2626 5310 2866 5366 morbus
2899 5307 3232 5373 accesserit,
3261 5305 3599 5377 duplicatur

1948 5397 2161 5453 misero
2195 5399 2377 5465 dolor,
2404 5404 2461 5455 et
2482 5399 2645 5472 prius
2669 5388 2887 5455 malum
2914 5416 2947 5454 a
2974 5396 3421 5469 superveniente
3465 5393 3598 5448 lan-

1946 5502 2125 5559 guore
2158 5489 2459 5557 gravitatis
2516 5506 2579 5543 ac
2626 5488 2906 5544 molestiae
2940 5493 3323 5557 augmentum
3357 5483 3593 5554 accipit,

1945 5576 2087 5647 quin
2118 5578 2292 5633 etiam
2326 5577 2435 5650 ipsi
2470 5580 2643 5635 ambo
2677 5579 2861 5634 morbi
2896 5580 3161 5649 pugnant
3190 5576 3342 5629 inter
3371 5589 3499 5628 sese
3532 5571 3588 5626 in

1944 5665 2259 5737 perniciem
2277 5668 2494 5739 aegroti.
2518 5669 2688 5739 cujus
2708 5668 2776 5724 ad
2800 5666 3237 5723 incommodum
3265 5662 3587 5719 miseriam-

1944 5772 2057 5827 que
2080 5759 2372 5814 redundat
2394 5758 2549 5829 quod
2573 5774 2698 5831 qua:
2723 5756 2982 5813 remedia
3009 5755 3252 5812 levando
3280 5755 3421 5810 forte
3452 5752 3581 5810 lan-
