4212 6442
661 384 770 442 855

1965 389 2265 446 GEORGII
2305 388 2764 443 PACHYHERE

3963 386 4071 441 856

669 528 891 581 μνοντιι,
921 507 1014 562 τὸν
1057 506 1218 563 αὐτὸν
1274 509 1478 580 τρόπον
1529 510 1620 564 καὶ
1648 506 1772 565 τότε
1800 513 1869 584 τῇ
1893 515 1990 566 τοῦ
2021 515 2152 565 Θεοῦ
2184 511 2305 565 Ἐκ·
2341 514 2387 580 Α
2423 508 2660 580 κορὺζης
2694 509 2867 577 ὁπόση
2899 511 2910 565 l
2944 511 3011 566 Ὀ
3040 530 3090 564 τι
3146 506 3192 563 δ’
3251 507 3310 563 ἄν
3369 530 3451 571 τις
3509 507 3712 564 ἐκεινον
3742 509 3831 562 καὶ
3864 509 4074 565 πείσειε

666 596 872 666 κλησίᾳ
929 591 1223 650 συνέϐαινε.
1287 599 1559 668 Προόντος
1616 602 1716 674 γὰρ
1787 600 2162 674 ἀποχρώντως
2221 604 2316 653 τοῦ

667 686 803 738 κατὰ
852 686 943 738 τὸν
1022 685 1299 759 Ἀρσένιον
1378 689 1711 761 σχίσματος,
1782 687 2168 760 ἐπισυμπίπτει
2227 688 2316 742 καὶ

668 772 916 845 δεύτερον
959 772 1105 844 τόδε,
1159 775 1287 828 ὥστ’
1336 776 1467 828 εἶναι
1523 777 1617 848 μὲν
1664 777 1753 830 καὶ
1804 774 1967 852 ἄμφω
1994 777 2060 830 τὰ
2095 779 2320 849 μέγιστα

669 861 1077 937 ἀρῥωστήματα
1132 862 1221 916 καὶ
1279 864 1342 917 τὸ
1417 863 1551 938 μέγα
1618 868 1716 932 τῆς
1775 865 2101 935 ἘκκΑησίας
2160 870 2320 937 σῶμα

666 951 758 1004 καὶ
817 950 1168 1005 ἀστασίαστον
1229 950 1317 1005 οἷά
1368 973 1426 1006 τε
1484 951 1950 1026 διαλυμαίνεσθαι,
2009 956 2128 1016 καθ’
2183 954 2320 1008 αὑτὰ

670 1036 728 1092 δὲ
757 1039 846 1092 καὶ
879 1037 998 1094 λίαν
1053 1035 1354 1111 ἀξόμϐατα,
1402 1041 1600 1104 αὐτοὺς
1647 1041 1849 1106 δἀὗθις
1897 1043 2024 1106 τοὺς
2065 1044 2318 1117 ἑκατέρας

673 1125 895 1202 μερίδος
951 1129 1090 1201 πρὸς
1163 1128 1450 1198 ἀλλήλους
1521 1129 1831 1209 διαφωνεῖν,
1888 1131 1978 1186 καὶ
2035 1131 2161 1194 τοὺς
2225 1131 2317 1203 μὲν

671 1219 754 1288 [Ρ.
785 1218 912 1289 272]
947 1215 1139 1284 οὕτως,
1185 1216 1310 1278 τοὺς
1362 1217 1408 1271 δ’
1458 1217 1644 1280 ἄλλως
1700 1221 1788 1274 καὶ
1819 1219 1947 1280 τοὺς
1983 1221 2075 1291 μὲν
2104 1219 2318 1286 ἀπλῶς,

667 1302 794 1364 τοὺς
852 1300 898 1357 δ’
956 1300 1334 1378 ἀκριϐέστερον
1396 1304 1696 1370 διακεῖσθαι
1757 1308 1843 1362 ἐπὶ
1900 1314 1978 1379 τῷ
2030 1309 2317 1383 σχίσματι.

671 1392 767 1452 Τίς
825 1389 883 1445 ἄν
942 1392 1009 1445 τὰ
1065 1392 1186 1447 τότε
1240 1393 1401 1465 ἀξίως
1452 1396 1739 1466 θρηνήσοι,
1799 1396 1936 1450 ὅπου
1983 1419 2042 1472 γε
2088 1397 2175 1451 καὶ
2217 1404 2318 1451 πᾶν

670 1479 899 1534 καὶτῶν
950 1483 1333 1554 ἀπειρημένων
1382 1480 1780 1556 πλημμέλημα
1830 1484 1985 1539 οὐδὲν
2027 1483 2200 1539 ἐδόκει
2232 1487 2318 1540 καὶ

672 1567 748 1628 εἷς
806 1567 1138 1641 συγκρίσεως
1213 1570 1376 1644 Λόγον
1452 1576 1550 1624 τοῦ
1603 1579 1878 1626 κοινωνεῖν
1936 1573 2320 1647 ἀνεκτότερον;

673 1653 800 1710 οὐδὲ
829 1657 928 1732 γὰρ
991 1657 1114 1710 ὅσον
1173 1659 1263 1711 καὶ
1321 1658 1602 1732 πέπρακτο
1662 1661 1747 1714 ἐπὶ
1787 1667 1902 1722 τοῖς
1932 1661 2032 1731 ἔξω
2063 1661 2326 1738 διεφημί-

677 1750 817 1813 ζετο,
849 1743 995 1798 ἀλλὰ
1020 1746 1371 1819 προσετίθουν
1415 1747 1592 1802 πλείω
1640 1749 1728 1802 καὶ
1783 1749 2055 1823 χείριστα.
2105 1749 2328 1806 Ἐπιδα-

677 1831 1035 1906 ψιλευόμενοι
1091 1840 1206 1895 τοῖς
1275 1836 1573 1898 κακίστοις,
1634 1837 1707 1898 ὡς
1762 1836 1820 1890 ἄν
1881 1839 2202 1912 ὑπαγάγοιεν
2235 1838 2324 1892 καὶ
2357 1869 2401 1934 Β

681 1923 774 1978 τὸν
803 1928 987 1984 ποσῶς
1019 1924 1382 1998 ἡσυχάζοντα.
1415 1927 1491 1981 Τό
1539 1947 1598 1999 γε
1651 1926 1751 2000 γὰρ
1783 1931 1889 1979 τῶν
1924 1927 2192 2000 λεγόντων
2225 1949 2323 1980 κα-

684 2017 918 2086 κοῦργον
964 2013 1047 2066 καὶ
1097 2018 1204 2067 τῶν
1251 2011 1557 2068 ἀκουόντων
1615 2013 1887 2070 ἰδιωτικόν
1928 2037 1986 2070 τε
2016 2017 2104 2069 καὶ
2137 2017 2325 2091 ἀγροῖ-

677 2122 773 2157 κον
806 2102 972 2176 ἐπῆγε
1029 2102 1209 2156 πίστιν
1263 2108 1380 2164 τοῖς
1442 2101 1782 2178 λεγομένοις,
1847 2109 2073 2182 Σῶφρον
2108 2106 2199 2177 μὶν
2235 2103 2326 2158 οὖν

677 2193 771 2246 τὸν
800 2191 1053 2264 ἀγροῖκον
1090 2192 1165 2263 μὴ
1211 2190 1722 2266 πολυπραγμονεῖν,
1784 2192 1909 2248 ἀλλ’
1966 2194 2330 2269 ἀπραγμόνως

675 2280 856 2344 ἐᾶσθαι
919 2279 1203 2347 σώζεσθαι.
1264 2282 1362 2336 Ἦν
1424 2279 1480 2335 δέ
1533 2303 1619 2344 τις
1677 2284 1858 2352 κινοίη
1919 2283 2007 2336 καὶ
2067 2280 2327 2357 διεγείροι

670 2371 807 2444 πρὸς
838 2369 901 2424 τὸ
933 2366 1091 2438 δῆθεν
1143 2369 1529 2447 ἀσφαλίζεσθαι
1581 2373 1648 2426 τὰ
1699 2371 1775 2433 εἰς
1823 2373 2031 2441 πίστιν,
2084 2373 2180 2448 φεῦ
2229 2380 2329 2442 τῆς

670 2512 919 2569 gnorum
939 2497 1104 2553 alteri
1129 2497 1296 2553 utilia
1317 2497 1936 2564 admoventur,eadem
1961 2498 2139 2553 simul
2157 2498 2320 2554 alteri

665 2586 823 2642 vires
867 2587 1260 2656 accumul‘ent,
1310 2587 1393 2642 sic
1433 2586 1532 2642 Dei
1565 2587 1834 2642 Ecclesiae
1866 2592 2006 2642 tunc
2057 2589 2318 2658 contigit,

664 2675 756 2730 cui
788 2691 919 2730 cum
946 2677 1070 2747 jam
1104 2679 1273 2731 antea
1297 2675 1530 2730 abunde
1554 2675 1843 2731 malorum
1877 2683 2033 2731 esset
2054 2693 2122 2731 ex
2145 2683 2318 2732 Arse-

669 2763 845 2819 niano
878 2763 1217 2831 schismate,
1264 2763 1513 2818 alterum
1566 2763 1674 2819 hoc
1724 2766 2081 2836 supervenit,
2142 2781 2316 2836 grave

668 2858 985 2925 utrumque
1017 2869 1119 2924 per
1163 2869 1291 2909 sese
1321 2853 1558 2919 vulnus,
1592 2854 1691 2908 sed
1736 2854 1984 2924 quodvis
2014 2870 2216 2910 eorum
2249 2871 2316 2910 ex

667 2948 873 2998 mutua
903 2944 1177 2998 societate
1208 2942 1610 3012 importunius
1633 2959 1698 2997 ac
1715 2943 1944 3009 tetrius,
1976 2959 2187 3015 magno
2208 2944 2312 2998 Ec-

667 3033 855 3088 clesia:
887 3049 1127 3104 corpore
1159 3037 1456 3103 utcunque
1477 3038 1599 3087 tum
1625 3033 1696 3087 ab
1738 3032 2047 3087 haeresium
2074 3034 2309 3088 seditio-

667 3122 843 3178 nibus
873 3121 1055 3177 libero
1111 3138 1212 3193 per
1268 3121 1375 3175 hos
1421 3123 1721 3192 quosdam
1779 3122 2022 3176 infestos
2063 3121 2308 3176 invicem

664 3212 926 3268 assultus
959 3229 1084 3268 com
1095 3211 1484 3283 pugnantium
1510 3211 1662 3266 intra
1675 3214 1802 3282 ejus
1816 3211 2036 3267 viscera
2058 3213 2244 3284 pestiu
2257 3229 2309 3266 rn

663 3302 914 3356 duarum
940 3303 1094 3357 varie
1121 3302 1415 3372 discerpto
1439 3301 1764 3372 misereque
1792 3301 2061 3356 lacerato.
2095 3302 2155 3355 ln
2198 3319 2312 3372 quo

662 3389 808 3444 illud
840 3390 1017 3444 etiam
1051 3389 1424 3461 inopinatum
1459 3390 1828 3459 cernebatur,
1850 3391 2024 3460 utqui
2050 3407 2224 3445 unam
2257 3391 2317 3445 in

665 3485 892 3549 partem
944 3471 1348 3547 conscensisse
1400 3479 1769 3545 videbantur,
1821 3496 2027 3534 rursus
2071 3481 2222 3534 inter
2256 3496 2317 3536 se

663 3568 1180 3634 contenderent,ea
1202 3568 1272 3622 de
1291 3568 1509 3638 quibus
1536 3569 2314 3639 convenerant,quibusdam

665 3658 794 3726 hoc,
811 3656 1112 3712 nonnullis
1135 3656 1248 3711 alio
1273 3657 1446 3711 modo
1469 3657 2016 3727 interpretantibus,
2033 3658 2124 3712 his
2142 3664 2317 3729 caput

663 3745 1070 3802 controversia
1101 3745 1448 3816 simpliciter
1504 3746 1770 3816 accipere
1826 3747 2144 3815 contentis,
2198 3747 2315 3804 illis

662 3834 945 3890 subtilius
975 3835 1424 3889 enucleantibus
1439 3834 1600 3889 velut
1627 3852 1870 3890 arcanos
1902 3837 2032 3906 ejus
2062 3852 2310 3905 sensus;

662 3931 719 3980 et
751 3927 891 3980 dum
926 3925 1135 3981 obnixe
1165 3925 1224 3979 in
1259 3942 1366 3979 sua
1417 3926 1633 3995 quique
1684 3925 1891 3996 placita
1941 3927 2312 3994 incumbunt,

660 4014 980 4070 scissuram
1014 4013 1497 4084 propagantibus.
1534 4014 1675 4080 Quis
1711 4014 1826 4069 haec
1873 4031 1976 4084 pro
2026 4016 2311 4087 dignitate

657 4103 1088 4175 deploraverit?
1117 4103 1214 4157 ubi
1237 4108 1423 4157 totum
1445 4103 1683 4156 demum
1715 4103 1907 4158 scelus
1928 4105 2200 4159 assentiri
2225 4122 2312 4159 re-

656 4193 994 4258 nuentium,
1028 4192 1077 4247 si
1111 4193 1244 4263 quis
1278 4208 1344 4246 ex
1378 4208 1508 4246 vero
1543 4197 1824 4258 censeret,
1860 4192 2006 4246 nihil
2040 4209 2170 4248 esse
2205 4195 2308 4249 de-

655 4281 1209 4352 prehenderetur,ac
1231 4285 1386 4335 certe
1409 4285 1812 4350 comparatum
1839 4297 1971 4335 cum
1997 4281 2312 4337 incommo-

655 4372 746 4425 dis
777 4387 846 4426 ex
878 4369 1217 4442 promiscua
1248 4387 1379 4424 cum
1416 4370 1578 4440 prius
1599 4369 1877 4424 abscissis
1897 4372 2310 4426 communione

655 4452 982 4515 orientibus
1043 4459 1403 4514 tolerabilius
1454 4459 1822 4530 reperiretur.
1893 4460 2092 4530 Neque
2150 4461 2306 4514 enim

652 4555 936 4618 quantum
969 4549 1129 4604 intus
1157 4549 1213 4603 in
1248 4565 1313 4603 eo
1345 4554 1435 4604 est
1467 4553 1684 4616 actum,
1720 4548 1874 4603 fideli
1901 4550 2066 4603 famae
2091 4549 2306 4605 indicio

2425 597 2600 671 λέγων
2662 598 2965 669 μετριάζειν
2993 598 3128 670 πρὸς
3158 601 3324 651 ταῦτα
3365 599 3437 657 ὡς
3474 595 3643 667 μηδὲν
3685 596 3856 651 πλέον
3892 595 4076 651 εἶδότα

2429 685 2713 757 μακὲλλης
2757 707 2814 739 τε
2861 688 2950 740 καὶ
3003 687 3279 754 σκαπάνης
3331 686 3421 739 καὶ
3475 688 3663 758 βιοτῆς
3697 687 4076 760 ἀπράγμονος,

2425 774 2726 834 Τοιούτους
2758 774 2967 829 πολλοὶ
3008 773 3136 834 τοὺς
3197 772 3441 834 πολλοὺς
3498 775 3742 844 εὑρόντες
3793 771 3942 843 (οὐδὲ
3975 774 4076 846 γὰρ

2424 862 2637 915 πάντων
2673 864 2699 915 6
2732 862 2899 935 λόγος
2930 863 3173 933 ἅπτεται)
3231 864 3312 924 οἷς
3363 859 3428 929 δὴ
3490 861 3580 915 καὶ
3627 859 3788 934 λόγος
3820 868 3920 928 τῆς
3958 858 4079 914 δια-

2425 956 2594 1024 φορᾶς
2627 954 2976 1025 προειστήκει
3025 949 3113 1004 καί
3165 952 3413 1024 ἱστορίσσ
3465 949 3689 1022 μέλημα
3719 950 3784 1017 ἦν
3816 949 3907 1004 καὶ
3941 970 4080 1022 γρα-

2427 1044 2549 1113 φαῖς
2583 1046 2877 1114 προσεῖχον
2910 1041 2996 1094 καὶ
3049 1040 3108 1092 τὸ
3164 1046 3263 1108 τῆς
3324 1038 3610 1099 αἶτιάσεως
3645 1039 3845 1092 ὁπόσον
3878 1038 3940 1111 ᾖν
3974 1037 4079 1111 ἐγίο

2425 1148 2656 1196 νωσκον,
2689 1129 2779 1182 καὶ
2830 1128 2936 1201 οὐχ
2979 1131 3139 1196 ἧττον
3199 1126 3428 1200 μετρίως
3469 1127 3502 1194 ἢ
3539 1124 3795 1202 ἀσφαλῶς
3828 1125 4080 1200 ἐχρῶντο

2426 1223 2540 1277 τοῖς
2570 1216 2875 1290 πράγμασι,
2914 1222 3096 1288 μεῖζον
3128 1215 3344 1270 ἐποίουν
3377 1215 3411 1282 ἢ
3456 1215 3580 1268 ὅσον
3613 1211 3718 1268 ἔδει
3749 1214 3810 1267 τὸ
3843 1213 4079 1287 σχίσμα.

2428 1306 2635 1380 Ἐχρῆν
2684 1306 2784 1378 γάρ
2841 1305 2969 1366 ἴσως
3028 1305 3226 1358 ὁπόσον
3260 1304 3325 1371 ἦν
3365 1305 3492 1377 χθὲς
3522 1303 3582 1356 τὸ
3618 1305 3752 1377 πρὸς
3780 1301 3909 1360 τοὺς
3942 1304 4085 1355 Ἰτα-

2428 1394 2558 1454 λοὺς
2588 1394 2815 1457 ἐκείνοις
2846 1391 3126 1471 διάφορον,
3179 1397 3434 1447 τοσοῦτον
3465 1391 3556 1446 καὶ
3588 1393 3723 1467 πρὸς
3755 1391 3879 1451 τοὺς
3913 1388 4084 1450 ἰδίους

2429 1483 2601 1557 ἔχειν,
2629 1485 2766 1538 ὅπου
2796 1482 2856 1558 γὲ
2901 1505 3045 1547 τινες
3101 1483 3190 1536 καὶ
3246 1481 3430 1545 αὐτοῖς
3474 1479 3540 1549 δὴ
3573 1480 3694 1535 τότε
3723 1481 3860 1535 κατὰ
3891 1482 4083 1554 χρείαν

2429 1576 2819 1632 κοινωνοῦντες
2877 1574 2996 1626 καθ’
3053 1574 3080 1626 ὅ
3136 1592 3189 1623 τι
3247 1592 3326 1631 τις
3371 1569 3560 1634 εἶ’πειε,
3592 1574 3696 1623 τῶν
3727 1568 3879 1623 ίδίων
3918 1567 4083 1623 ἀδελ-

2433 1664 2546 1735 φῶν
2581 1660 2653 1720 ὡς
2687 1659 3046 1735 ἐναγεστάτων
3109 1657 3399 1713 διίσταντο.
3456 1656 3632 1714 Ἀλλά
3685 1659 3750 1712 τὰ
3807 1660 3900 1730 μὶν
3945 1658 4089 1712 ἐκεί-

2431 1771 2538 1802 νων
2574 1747 2738 1816 οὕτω,
2769 1751 2857 1803 καὶ
2894 1752 2920 1802 6
2965 1749 3128 1823 λόγος
3174 1751 3565 1822 παρενήνεκται
3599 1751 3691 1800 τοῦ
3725 1747 3956 1813 εἰκότος,
3991 1750 4088 1800 τοῦ

2432 1839 2636 1900 πάθους
2687 1841 3027 1908 κινήσαντος.
3091 1836 3231 1894 Οὐδὲ
3282 1837 3383 1912 γὰρ
3445 1836 3690 1912 ἐγκαλεῖν
3753 1835 3881 1891 ἀλλ’
3929 1837 4086 1890 ἱστο-

2438 1932 2546 2000 ρεῖν
2607 1928 2963 2000 προεθέμεθα.
3023 1928 3182 1982 ’Όθεν
3242 1926 3330 1978 καὶ
3390 1925 3416 1977 ὁ
3476 1925 3570 1997 μὶν
3627 1925 3789 1998 λόγος
3837 1923 3977 1997 ψιλά
4026 1925 4091 1978 τὰ

2437 2015 2748 2090 πραχθέντα
2803 2016 3036 2086 τίθησιν,
3098 2014 3300 2085 ἐξέσται
3356 2012 3412 2067 δὲ
3469 2012 3670 2086 κρίνειν
3722 2019 3798 2085 τῷ
3881 2013 4088 2088 βουλο-

2443 2107 2610 2177 μένῳ.

2512 2214 2522 2230 ’
2721 2212 2732 2228 ‘
2835 2220 2860 2230 ~
3133 2218 3160 2228 -
3319 2209 3345 2218 "
3497 2229 3515 2243 ,-
3644 2209 3656 2229 ν
3933 2213 3953 2241 ι

2441 2212 2542 2268 κδ.
2604 2215 2736 2288 Ηερι
2797 2234 2895 2281 της
2957 2211 3194 2288 ἐκλογης
3253 2232 3348 2264 του
3409 2209 3832 2286 Χαρτοφυλακος
3891 2218 4101 2266 Βεκκου

2958 2286 3033 2346 εἷς
3065 2285 3126 2338 τὸ
3156 2288 3573 2356 πατριαρχεῖον.

2513 2376 2594 2446 [Ρ.
2625 2375 2752 2445 273]
2812 2373 2947 2430 Τότε
2999 2373 3180 2427 τοίνυν
3237 2375 3338 2425 τοῦ
3398 2370 3494 2442 μὲν
3558 2371 3758 2447 Ἰωσὴφ
3819 2371 4105 2446 ἀργήσαν-

2436 2500 2521 2552 uti
2555 2498 2674 2567 isti,
2707 2499 2819 2554 heu
2853 2517 3027 2570 quam
3066 2502 3294 2572 putide!
3355 2503 3666 2569 faciebant,
3718 2501 4094 2557 effundenda

2435 2587 2783 2641 eruditionis
2819 2589 3241 2655 intempestivae
3273 2592 3641 2646 occasionem
3695 2605 3927 2645 sumere
3979 2590 4087 2643 ob-

2434 2677 2673 2730 ruendis
2703 2676 3182 2749 oblimandisque
3213 2696 3328 2734 non
3361 2679 3877 2750 intelligendorum
3916 2677 4086 2747 inge-

2431 2765 2624 2820 stione
2657 2766 2896 2820 rudium
2936 2768 3256 2834 mentibus,
3307 2769 3407 2823 sed
3460 2784 3696 2822 monere
3728 2766 3888 2838 ipsos
3922 2772 3987 2819 ut
4031 2766 4100 2819 in

2432 2855 2834 2909 mediocritate
2894 2856 2988 2909 isti
3052 2858 3229 2910 statui
3281 2859 3657 2912 aceomodata
3688 2873 3750 2911 se
3789 2860 4095 2920 tenerent,

2429 2960 2541 2998 neu
2576 2943 2730 2997 ultra
2763 2961 3015 2999 marram
3049 2944 3372 3014 etligonem
3390 2944 4088 3016 vitamquetranquillam

2427 3032 2761 3086 alfectarent
2799 3033 2869 3086 de
2913 3033 3004 3087 his
3045 3051 3268 3104 sapere.
3292 3034 3509 3089 Verum
3539 3035 3691 3089 haud
3719 3035 3802 3088 sic
3831 3034 4090 3104 agebant

2423 3122 2519 3192 qui
2543 3121 2709 3176 multi
2731 3122 2947 3177 multos
2973 3123 3116 3178 tales
3140 3129 3500 3194 repererunt.
3529 3124 3652 3178 Non
3675 3124 3828 3178 enim
3873 3139 4090 3177 omnes

2426 3209 2546 3264 haec
2582 3228 2709 3264 mea
2751 3211 3125 3281 reprehendit
3181 3213 3392 3281 oratio,
3448 3213 3544 3267 sed
3609 3211 3763 3266 solos
3821 3228 3920 3265 eos
3976 3211 4080 3281 qui

2433 3307 2802 3371 perspectum
2840 3307 2896 3354 et
2947 3300 3308 3371 propositum
3354 3302 3540 3356 oculis
3573 3301 3855 3356 habentes
3878 3300 4092 3354 discri-

2427 3388 2602 3443 minis
2622 3388 2932 3443 articulum
2957 3390 3431 3445 etcontroversiai
3456 3394 3594 3445 tunc
3617 3391 3845 3461 agitata:
3867 3405 4078 3443 verum

2423 3482 2666 3544 statum,
2700 3478 2918 3548 quippe
2942 3477 3036 3548 qui
3067 3495 3169 3534 nec
3193 3479 3251 3533 in
3275 3479 3519 3534 historia
3546 3477 3834 3550 peregrini
3861 3483 4088 3544 essent,

2423 3570 2478 3620 et
2505 3566 2820 3637 Scripturis
2842 3568 3234 3635 attenderent,
3259 3572 3315 3621 et
3336 3573 3623 3639 quantum
3659 3567 3716 3621 in
3743 3583 3802 3621 se
3825 3567 4084 3621 invicem

2423 3655 2775 3709 dissidentes
2799 3655 3063 3710 Ecclesia
3091 3655 3396 3727 culparent
3421 3657 3589 3728 plane
3631 3661 4082 3727 cognoscerent,

2422 3761 2488 3799 eo
2520 3749 2714 3798 tamen
2741 3745 2892 3814 quod
2921 3761 3047 3799 eam
3074 3745 3130 3799 in
3156 3745 3264 3799 hoc
3290 3747 3523 3816 negotio
3557 3746 3712 3800 haud
3752 3744 4084 3800 adhibuere

2423 3831 2910 3897 moderationem,
2947 3849 3074 3902 quae
3107 3834 3175 3886 ad
3213 3849 3414 3904 pacem
3461 3831 3750 3902 publicam
3788 3832 4082 3886 securita-

2419 3923 2658 3991 temque
2689 3921 2945 3991 optanda
2982 3922 3187 3987 fuerat,
3223 3923 3416 3990 majus
3448 3921 3617 3992 longe
3664 3937 3841 3992 quam
3901 3937 4080 3993 opor-

2421 4015 2613 4064 tuerat
2645 4009 2905 4064 schisma
2957 4011 3239 4064 fecerunt.
3284 4011 3440 4065 Satis
3473 4012 3627 4065 enim
3662 4015 3717 4066 et
3751 4009 4077 4081 plusquam

2418 4100 2582 4165 satis,
2619 4101 2844 4170 opinor,
2869 4100 3185 4153 fueratnon
3229 4100 3538 4154 abhorrere
3564 4117 3669 4154 nos
3699 4099 4074 4157 fastidiosius

2417 4206 2447 4242 a
2481 4188 2698 4242 nostris
2729 4188 2829 4258 qui
2864 4188 3037 4242 modo
3097 4188 3389 4243 conciliati
3444 4189 3669 4243 Latinis
3717 4188 3855 4247 sint.
3891 4207 4079 4260 quam

2415 4277 2595 4332 Grazci
2625 4277 2925 4346 Latinique
2952 4276 3114 4345 prius
3150 4293 3182 4329 a
3207 4293 3267 4330 se
3297 4275 3545 4330 invicem
3574 4275 4034 4330 abhorruissent
4070 4294 4082 4330 :

2417 4383 2572 4420 nunc
2605 4366 2891 4436 quosdam
2926 4363 3155 4419 Graecos
3175 4364 3455 4432 vidimus,
3491 4365 3587 4436 qui
3622 4381 3755 4418 cum
3789 4369 3967 4419 antea
4000 4382 4080 4420 ne

2417 4454 2574 4525 ipsos
2607 4454 2845 4525 quidem
2870 4454 2951 4508 ita
3009 4458 3205 4509 essent
3253 4454 3491 4509 Latinos
3532 4454 3780 4509 aversati
3833 4458 3898 4507 ut
3955 4471 4080 4510 non

2415 4544 2614 4615 aliqua
2646 4543 2855 4598 saltem
2879 4560 2975 4598 eos
3000 4543 3242 4599 humani
3268 4560 3408 4598 usus
3432 4561 3497 4598 ac
3525 4543 3708 4598 civilis
3731 4545 4084 4598 commercii

650 4613 793 4695 foris
825 4638 1071 4695 enotuit.
1095 4638 1403 4692 Addebant
1433 4613 1872 4708 scilicetrpalam
1889 4638 2142 4692 ostensis
2167 4640 2304 4694 abs-
2341 4613 2384 4677 Π
2416 4613 2830 4688 communione
2854 4633 3254 4705 dignarentur,
3279 4649 3427 4703 quos
3452 4637 3650 4703 postea
3674 4631 4086 4704 intelligerent

647 4733 815 4783 trusa
867 4728 1054 4798 plura,
1088 4727 1412 4796 eademque
1461 4726 1740 4795 pessima,
1773 4725 2044 4780 liberales
2075 4726 2167 4780 isti
2203 4743 2301 4780 ex-

650 4823 915 4872 trusores
935 4818 1216 4871 mercium
1243 4815 1882 4886 pestilentissimarum,
1907 4815 2122 4885 quibus
2146 4815 2301 4870 scili-

649 4914 739 4962 cet
756 4906 1049 4961 addictius
1071 4905 1184 4960 sibi
1223 4905 1632 4976 adjungerent,
1667 4920 1814 4974 quos
1837 4907 2047 4959 natura
2069 4904 2155 4958 vel
2189 4922 2297 4959 usu

648 5001 796 5055 401
863 4999 1230 5054 remissiores
1281 5014 1395 5052 non
1452 4998 1598 5052 satis
1646 4997 1940 5051 habebant
1998 5001 2299 5068 utcunque

641 5089 1012 5159 acquiescere
1042 5087 1244 5154 videri,
1279 5089 1517 5158 quando
1577 5086 1711 5141 hinc
1771 5087 1931 5141 fraus
1981 5087 2298 5143 artificiosa

635 5181 980 5246 dicentium,
1013 5179 1148 5234 inde
1179 5177 1543 5232 audientium
1568 5177 1800 5231 incaute
1832 5176 2082 5247 simplex
2115 5178 2295 5232 rusti-

633 5285 816 5339 ceque
843 5269 1080 5323 indocta
1112 5265 1484 5337 simplicitas,
1538 5265 1960 5337 conspirabant
1992 5267 2050 5320 in
2097 5267 2292 5321 conci-

2414 4739 2616 4794 pacem
2677 4722 3070 4778 Ecclesiarum
3131 4721 3454 4793 amplexos,
3506 4723 3714 4776 fratres
3760 4721 3896 4776 licet
3927 4739 4082 4779 suos

2414 4813 2896 4867 abominarentur
2920 4817 2983 4866 ut
3003 4811 3520 4866 detestabiles.Sed
3547 4813 3615 4865 de
3640 4809 3731 4864 his
3753 4809 4076 4866 hactenus:

2407 4904 2530 4972 jam
2565 4901 2719 4955 enim
2771 4900 2958 4956 sentio
3020 4899 3172 4955 exire
3242 4915 3334 4954 me
3376 4899 3534 4954 ﬂuxu
3586 4898 3875 4954 sermonis
3909 4898 4076 4954 ultra

2407 4991 2582 5045 ofﬁcii
2606 4989 2916 5055 cancellos,
2941 4989 3082 5044 dum
3102 4989 3308 5044 elI‘eror
3340 4988 3572 5056 affectu,
3600 4987 3914 5042 immemor
3947 5005 4074 5044 non

2410 5080 2749 5146 accusandi,
2771 5079 2869 5134 sed
2894 5079 3168 5134 narrandi
3195 5077 3530 5149 suscepisse
3558 5094 3649 5133 me
3675 5077 4074 5149 provinciam.

2407 5176 2595 5237 Quare
2626 5172 2681 5226 in
2715 5170 2866 5225 402
2918 5169 3116 5224 orbem
3159 5169 3284 5238 jam
3314 5185 3465 5223 nunc
3500 5167 3697 5223 redeat
3727 5167 3937 5234 oratio,
3980 5186 4079 5224 res

2406 5263 2561 5316 nude
2583 5265 2840 5331 utgestze
2875 5258 2993 5314 sint
3027 5275 3357 5330 proponens
3383 5257 3738 5328 judicaturis
3773 5274 3877 5328 pro
3909 5259 4082 5313 arbi-

2403 5352 2515 5407 trio
2548 5351 2885 5406 lectoribus.

2401 5453 2489 5506 24.
2527 5453 2598 5506 De
2629 5452 2896 5506 electione
2928 5447 3372 5517 chartOphylacis
3409 5449 3556 5503 Vacci
3602 5446 3663 5501 in
3684 5445 4057 5518 patriarcha-

2990 5521 3096 5574 Iem
3120 5519 3474 5590 dignitatem.

2472 5623 2636 5678 Tunc
2668 5620 2868 5693 igitur,
2902 5623 3168 5684 vacante,
3201 5617 3508 5673 utdictum
3542 5621 3650 5682 est,
3686 5633 3787 5688 per
3817 5618 4066 5690 deposi-

2398 5712 2620 5768 tionem
2652 5708 2889 5782 Iosephi
2913 5707 3292 5781 patriarchali
3325 5707 3484 5773 sede,
3533 5710 3590 5762 et
3636 5707 3687 5762 ei
3721 5706 3820 5778 qui
3856 5722 4070 5764 uece-

633 5356 1349 5426 liandadictisﬁde.Atqui
1373 5356 1580 5410 sobriae
1595 5355 2020 5411 moderationis
2038 5355 2292 5412 ofﬁcium

630 5449 823 5502 fuerat
851 5453 1179 5517 temperare
1197 5446 1268 5500 ab
1303 5446 1685 5516 inquietando
1709 5443 1961 5499 curiosis
1994 5443 2295 5515 allegatio-

634 5537 811 5592 nibus
842 5553 1042 5592 crasso
1059 5541 1230 5608 captu
1257 5535 1597 5602 idiotarum;
1633 5541 1689 5589 et
1719 5535 1766 5589 si
1811 5534 1952 5605 quid
1973 5533 2289 5605 quisquam

627 5626 896 5698 ipsorum
926 5625 1091 5680 dubii
1151 5629 1431 5692 moveret,
1464 5641 1529 5679 ac
1590 5628 1872 5694 praetextu
1933 5623 2156 5679 scilicet
2185 5624 2288 5679 ﬁr-

633 5715 836 5774 mandi
859 5731 922 5773 se
943 5714 1002 5772 in
1027 5715 1140 5770 fide
1160 5718 1318 5770 recta
1349 5713 1692 5785 quaestionis
1715 5712 2135 5784 interponeret,
2168 5729 2285 5769 non
