4242 6438
168 365 281 422 857

1253 368 1350 421 DE
1388 368 1760 423 MICHABLE
1796 368 2240 428 PALBOLOGO
2274 372 2409 425 LIB.
2450 372 2520 426 ν.

3476 370 3583 424 858

163 511 280 558 τον,
324 490 400 553 ὡς
455 488 843 565 προλέλεκται,
901 497 1002 560 τῆς
1060 488 1107 545 δ’
1166 489 1496 560 Ἐκκλησίας
1556 492 1823 559 ζητούσης
1857 495 1901 561 Α
1937 512 2029 552 κος
2061 489 2304 548 ἐδέδεκτο
2350 494 2640 568 ἀξιώτερος
2696 494 2762 548 τά
2810 514 2869 548 τε
2925 491 3069 550 ἃλλα
3098 492 3186 547 καὶ
3218 492 3299 547 ὅτι
3332 491 3518 568 λόγιος
3549 494 3577 548 6

165 582 258 635 τὸν
294 582 768 654 προστησόμενον,
802 580 1011 636 πολλοὶ
1066 579 1401 655 ἐνεκρίνοντο
1448 585 1553 634 τῶν
1593 577 1819 634 δοκούν-

166 691 273 723 των
306 669 412 723 ἀπό
441 691 499 724 τε
528 692 634 724 των
674 674 935 745 μοναχῶν
983 671 1072 723 καὶ
1120 675 1228 723 τῶν
1269 667 1453 729 ἄλλως
1486 668 1814 739 ἷερωμένων,

165 754 359 832 ἕρῥεπε
394 755 451 812 δὶ
481 759 649 813 πλέον
682 761 716 828 ἡ
749 762 931 835 ψῆφος
976 763 1053 828 τῷ
1103 758 1385 833 Πρίγκιπι,
1435 754 1587 829 ἀνδρὶ
1620 756 1821 829 εὖγενεῖ

169 847 263 916 μὲν
297 866 362 900 τα
414 846 472 908 ἐς
518 849 694 921 γένος,
744 847 803 901 ἐκ
853 846 1168 921 ῐΙριγκίπων
1224 844 1280 899 δὲ
1332 850 1438 899 τῶν
1472 847 1605 899 κατὰ
1637 844 1817 899 Πελο-

165 936 441 1007 πόννησον
475 939 758 1011 κατάγοντι
814 937 876 992 τὸ
935 936 1206 1006 ἀνέκαθεν,
1268 936 1461 999 ὁπόθεν
1516 937 1633 997 νέος
1693 936 1823 1005 ξενι-

165 1023 361 1087 τεῦσας
417 1028 536 1080 κατ’
594 1026 791 1100 ἀρετῆς
846 1024 1044 1101 λόγους
1118 1028 1205 1080 καὶ
1266 1023 1548 1086 πολιτείας
1602 1019 1824 1097 ἀκριϐε-

170 1120 376 1185 στάτης
407 1111 459 1169 ἔν
508 1137 613 1169 τινι
669 1120 774 1169 τῶν
833 1117 971 1170 κατὰ
1026 1116 1125 1182 τήν
1186 1114 1457 1181 ἀνατολὴν
1522 1117 1700 1184 μονῶν
1727 1118 1823 1167 τοῦ

170 1205 420 1267 Μέλανος
480 1202 665 1280 ὅρους,
718 1204 854 1259 ὅπου
910 1228 970 1281 γε
1022 1205 1109 1259 καὶ
1169 1207 1259 1258 τὸν
1312 1205 1416 1258 ἀπὸ
1468 1208 1822 1278 πατριαρχῶν

169 1294 445 1366 Γερμανὸν
507 1294 687 1349 ἀσκεῖν
748 1294 1030 1367 ἐλέγομεν,
1091 1296 1267 1368 φέρων
1329 1292 1514 1347 ἑαυτὸν
1571 1290 1823 1367 ἐγκλείει.

170 1383 411 1445 Ἐκεῖθεν
474 1380 535 1437 δὲ
588 1384 721 1455 μετᾶ
781 1381 1014 1456 χρόνους
1070 1387 1149 1453 τῷ
1212 1379 1429 1456 βασιλεῖ
1484 1385 1825 1454 προσχωρεῖ,

169 1471 261 1524 καὶ
295 1473 398 1540 τήν
428 1476 525 1527 τοῦ
585 1472 1019 1546 Παντικράτορος
1080 1474 1250 1542 μονὴν
1308 1470 1632 1537 πιστευθεὶς,
1667 1490 1827 1522 κατα-

186 1560 314 1621 στὰς
347 1560 424 1621 εἷς
456 1557 915 1635 ἆρχιμανδρίτην,
968 1561 1079 1614 εἶτα
1130 1559 1219 1613 καὶ
1262 1560 1329 1612 τὰ
1382 1559 1513 1633 πρὸς
1545 1557 1669 1619 τοὺς
1705 1558 1826 1611 ἁνα-

177 1648 439 1710 τολικοῦς
500 1649 790 1723 Τοχάρους
846 1644 1291 1721 διαπρεσϐειόσας,
1351 1648 1450 1714 τήν
1508 1646 1663 1709 νόθον
1714 1649 1833 1701 Μα-

181 1737 303 1810 ρίαν
361 1742 458 1793 τοῦ
520 1736 789 1813 βασιλέὦς
842 1738 917 1799 εἰς
977 1737 1194 1813 νύμφην
1256 1736 1471 1811 ἀγαγὼν
1526 1736 1699 1789 ἐκεῖσε
1754 1741 1831 1806 τῷ

1934 581 2067 654 ἀνὴρ
2098 582 2187 634 καὶ
2240 581 2621 637 καταστέλλειν
2683 578 2799 657 ἔχει
2856 584 2916 637 τὸ
2973 582 3184 658 σχίσμα
3230 585 3297 654 τῇ
3355 580 3441 635 ἐπὶ
3482 589 3579 649 τῆς

1934 670 2258 740 Ἐκκλησίας
2298 670 2655 746 πολυχρονίῳ
2714 672 2874 745 πείρᾳ
2929 672 3015 725 καὶ
3078 669 3387 744 λογιότητι.
3420 671 3575 733 ’Ὸθεν

1935 759 2021 812 καὶ
2080 762 2404 834 συναχθντες
2493 761 2544 814 οἱ
2630 761 2903 835 ἀρχιερεῖς

1934 849 2079 902 θείου
2110 849 2197 901 καὶ
2242 848 2487 922 μεγάλου
2545 846 2799 921 τεμένους
2860 845 2948 903 ἕνα
3005 847 3093 902 καὶ
3148 849 3240 902 τὸν
3302 846 3579 901 αὐτὸνκαὶ

2984 758 3037 813 ἐν
3096 765 3275 830 ταυτῷ
3341 758 3427 813 ἐπὶ
3483 763 3579 812 τοῦ

1935 940 2149 1008 πρῶτον
2179 938 2266 991 καὶ
2318 934 2562 1011 δεύτερον
2620 936 2949 1013 ψηφίζονταί
3002 960 3056 992 τε
3104 938 3192 991 καὶ
3238 938 3442 1009 τρίτον.
3481 938 3578 993 Καὶ

1938 1027 1965 1080 ὁ
2001 1025 2194 1087 Βέκκος
2248 1025 2465 1099 εἶ’κοστῇ
2528 1026 2619 1098 μὲν
2680 1027 2768 1080 καὶ
2828 1023 2953 1099 ἕκτῃ
3019 1028 3372 1097 Πυανεψῶνος
3409 1025 3581 1096 μηνὸς

1936 1115 2069 1168 κατᾶ
2096 1117 2194 1182 τήν
2228 1115 2421 1188 ἑορτὴν
2478 1119 2583 1168 τῶν
2641 1116 2805 1189 ἁγίων
2865 1115 3114 1190 Πατέρων
3160 1118 3263 1167 τῶν
3299 1113 3347 1167 ἐν
3382 1112 3583 1184 Νικαίᾳ

1938 1204 2285 1277 πατριάρχης
2328 1198 2724 1277 προϐέϐληται,
2772 1201 2993 1278 ἓευτὲρᾳ
3040 1200 3096 1257 δὲ
3139 1206 3582 1275 Ματμακτηριῶ-

1939 1312 2049 1356 νος,
2109 1295 2176 1363 τῇ
2234 1291 2460 1364 ἐπιούσῃ
2520 1295 2786 1365 Κυριακῇ,
2848 1291 2898 1345 ἐν
2956 1291 3212 1364 ἐπισήμῳ
3268 1290 3449 1364 ἡμέρᾳ
3487 1294 3581 1343 τοῦ

1941 1379 2275 1452 Πνεύματος,
2308 1382 2374 1433 τὰ
2404 1385 2497 1433 τοῦ
2533 1379 2843 1448 Πνεῦματος
2889 1378 3105 1455 δέχεται
3150 1380 3238 1434 καὶ
3280 1378 3585 1435 τελειοῦται

1941 1469 2243 1544 ἀρχιερεύς.
2295 1470 2355 1525 Ὁ
2411 1469 2591 1541 μέντοι
2642 1491 2704 1542 γε
2757 1468 3008 1543 βασιλεὺς
3058 1470 3138 1523 ἐπ’
3170 1468 3359 1541 ἐκείνῳ
3394 1469 3586 1541 μικρὸν

1944 1559 2220 1632 σχολάσας
2266 1559 2355 1611 τὸν
2410 1562 2553 1626 νοῦν,
2616 1559 2689 1619 ὡς
2747 1557 2805 1611 ἂν
2859 1580 2917 1633 γε
2975 1560 3271 1628 κατασταίη
3323 1559 3459 1632 πρὸς
3485 1559 3583 1626 τὴν

1944 1648 2027 1719 [Ρ.
2088 1648 2214 1720 274]
2272 1647 2641 1719 πνευματικὴν
2720 1646 2931 1716 ἐκείνην
3008 1648 3211 1721 ἀρχὴν,
3272 1649 3332 1701 τὸ
3388 1646 3585 1701 λοιπὸν

1942 1741 2230 1807 κοσμικαῖς
2264 1733 2443 1789 ἐδιδου
2476 1735 2770 1811 φροντίσιν,
2804 1734 2961 1797 εἰδὼς
3003 1736 3181 1790 ἰκανὸν
3228 1735 3426 1790 ἐκεῖνον
3461 1732 3588 1790 ὄντα

176 1827 413 1902 Ἀπαγᾷ,
466 1829 603 1901 πρός
649 1849 757 1882 τινι
804 1824 1017 1898 κεΑλίῳ
1063 1834 1164 1895 τῆς
1214 1827 1320 1880 τῶν
1375 1823 1617 1899 Ὀδηγῶν
1664 1831 1833 1895 μονῆς
1864 1854 1909 1916 Β
1942 1824 2004 1878 τὰ
2033 1832 2133 1893 τῆς
2168 1823 2492 1893 Ἐκκλησίας
2524 1824 2723 1888 ἰθῦνειν
2780 1826 2893 1897 μετ’
2923 1825 3221 1897 αὖτοὶρκους
3281 1826 3467 1897 πείρας
3498 1824 3587 1877 καὶ

172 1911 489 1977 ἐπανελθὼν
539 1912 833 1987 ἡσύχαζεν.
886 1916 1140 1987 ’Ὕστερον
1198 1911 1253 1966 δὲ
1310 1912 1407 1966 κᾶν
1455 1916 1522 1985 τῇ
1571 1919 1670 1980 τῆς
1708 1914 1830 1966 Ἀν-

172 2002 427 2076 τιοχείαθς
479 1999 746 2073 ἐκκλησίᾳ
796 2000 872 2065 είς
919 2003 1267 2077 πατριάρχην
1321 2002 1654 2064 καθίσταται.
1691 2000 1831 2056 Τότε

172 2090 229 2146 δὲ
263 2092 573 2147 καθἀὐτὸδ
630 2088 743 2146 ὄντι
796 2094 887 2147 καὶ
941 2094 1273 2167 ἡσυχάζοντι
1415 2096 1593 2166 ψῆφος
1642 2088 1831 2166 ἔρρεπε

166 2186 278 2236 τῶν
318 2180 527 2236 λοιπῶν
562 2180 727 2237 πλέον
764 2181 837 2244 εἷς
864 2182 892 2236 ’ὁ
938 2189 1037 2251 τῆς
1086 2183 1222 2236 κατὲι
1250 2183 1351 2250 τῆν
1388 2180 1827 2236 Κωνσταντινού-

169 2269 339 2325 πολιν
377 2268 704 2340 Ἐκκλησίας
753 2272 1172 2346 προστήσεσθαι.
1228 2267 1336 2325 Κὲν
1385 2268 1613 2345 ἐγεγόνει
1645 2274 1829 2337 τοῦτο,

168 2357 236 2429 ἤν
276 2362 352 2434 μή
382 2362 440 2435 γέ
467 2381 609 2422 τινες
655 2382 762 2415 των
814 2359 1115 2435 ἀρχιερεῖ)
1171 2358 1424 2414 εὐδοκουν
1466 2358 1552 2413 ἐπὶ
1583 2363 1661 2430 τῷ
1696 2358 1831 2414 Bsx-

166 2471 275 2521 κῳ,
312 2451 428 2521 ἅμα
462 2450 556 2521 μὲν
618 2448 1000 2525 χαρτοφύλακι
1062 2445 1198 2516 ὄντι,
1251 2447 1361 2521 ἅμα
1398 2446 1452 2503 δὲ
1478 2447 1569 2502 καὶ
1604 2447 1830 2522 μεγάλῳ

169 2536 564 2615 σκευοφόλακι,
614 2537 704 2592 καὶ
749 2537 908 2600 κλέος
962 2536 1147 2613 ἔχοντι
1185 2539 1462 2612 μέγιστον.
1518 2536 1830 2600 Ἀνατεθέν-

164 2647 277 2681 των
314 2624 361 2681 δ’
391 2625 481 2681 ἐπὶ
510 2631 592 2699 τῷ
625 2624 843 2703 βασιλεῖ
897 2631 1005 2681 τῶν
1064 2629 1202 2681 κατὰ
1236 2627 1331 2689 τὰς
1358 2629 1597 2703 ψήφους,
1634 2627 1661 2680 6
1696 2627 1827 2683 Βέκ·

170 2843 335 2898 deret
368 2842 426 2898 in
460 2842 551 2897 sui
578 2858 779 2897 curam
804 2842 1061 2897 Ecclesia
1088 2840 1564 2913 poscente,multi
1588 2841 1828 2913 quidem

179 2931 377 2986 idonei
413 2932 482 2985 ad
518 2931 625 2987 hoc
650 2931 759 2986 visi
813 2931 1291 3003 designabantur,
1344 2947 1459 3002 qua
1508 2947 1575 2984 ex
1626 2946 1830 2983 mona-

173 3021 453 3092 chis,qua
484 3037 553 3075 ex
583 3021 825 3076 alterius
851 3020 1105 3075 instituti
1136 3018 1826 3075 sacerdotibus.Plnrium

170 3114 377 3164 tamen
432 3110 491 3164 in
524 3109 855 3181 Principem
891 3110 1171 3181 sull‘ragia
1204 3109 1663 3180 propendebant.
1701 3112 1832 3161 Erat

176 3199 227 3253 is
250 3215 469 3271 genere
495 3198 926 3265 nobilissimus,
947 3215 976 3253 e
999 3197 1173 3253 veteri
1199 3199 1472 3269 prosapia
1498 3197 1831 3269 Principum

175 3288 623 3360 Pelopponneso
654 3286 1123 3357 imperitantium
1155 3312 1168 3353 ;
1202 3286 1355 3341 unde
1381 3286 1615 3357 juvenis
1648 3286 1835 3357 profe-

175 3382 311 3432 ctus
343 3376 471 3431 vita
506 3377 867 3449 perfectioris
914 3376 1250 3449 proﬁtenda
1304 3374 1491 3447 gratia
1539 3376 1597 3430 in
1652 3376 1839 3447 quod-

180 3467 320 3521 dam
368 3465 682 3521 Orientalis
714 3470 931 3521 tractus
965 3464 1383 3521 menasterium
1420 3464 1635 3520 Montis
1668 3464 1840 3537 nigri,

184 3556 285 3611 ubi
311 3561 369 3609 et
391 3555 855 3627 expatriarcham
882 3557 1239 3611 Germanum
1266 3554 1653 3609 monasticam
1683 3570 1840 3608 exer-

186 3644 385 3700 cuisse
416 3644 595 3699 vitam
628 3643 908 3709 diximus,
933 3661 998 3700 eo
1031 3660 1158 3699 sese
1190 3643 1449 3698 inclusit.
1487 3644 1626 3698 Inde
1660 3643 1844 3700 multo

185 3740 325 3808 post
355 3739 618 3807 tempore
649 3734 719 3789 ad
752 3734 1163 3805 imperatorem
1198 3734 1502 3799 accedens,
1522 3733 1843 3789 commisso

183 3826 299 3880 sibi
325 3824 764 3879 Pantocratoris
798 3823 1154 3879 monasterio
1188 3822 1661 3878 archimandrita
1685 3828 1847 3895 pote-

183 3919 339 3969 state
374 3912 626 3986 prafuit.
662 3912 880 3967 Deinde
910 3911 1204 3984 legatione
1237 3912 1474 3966 functus
1523 3912 1592 3966 ad
1646 3912 1843 3968 orien-

180 4003 332 4059 tales
380 4001 696 4071 Tocharos,
745 4005 801 4056 et
846 4000 1028 4057 Maria
1082 4002 1455 4073 imperatoris
1510 4000 1629 4056 ﬁlia
1663 4000 1841 4055 notha

182 4094 240 4148 in
274 4108 559 4163 sponsam
584 4107 650 4147 eo
674 4092 851 4146 ducta
873 4093 1310 4162 conjunctaque
1332 4094 1842 4163 Apaga,reversus

180 4184 238 4238 in
296 4182 552 4254 quadam
605 4180 820 4236 cellula
870 4180 1211 4249 monasterii
1259 4180 1629 4252 Hodegorum
1680 4184 1847 4234 tran-

187 4271 386 4340 quilla
413 4271 543 4326 vita
576 4285 641 4325 ac
671 4269 1151 4341 contemplativni
1187 4287 1247 4325 se
1279 4269 1847 4325 reddidit.lnsecutis

185 4360 557 4432 temporibus
599 4359 825 4414 vacanti
879 4364 1111 4429 pastore
1153 4358 1526 4413 Antiochena
1577 4358 1844 4414 Ecclesia

180 4449 522 4523 patriarcha
580 4452 669 4504 est
728 4449 1095 4519 prapositus.
1157 4447 1324 4503 Hunc
1383 4452 1509 4503 tum
1567 4449 1719 4520 apud
1781 4465 1843 4503 se

177 4544 449 4613 agentem
467 4538 903 4610 tranquilleque
918 4538 1183 4611 religioni
1200 4543 1539 4610 operantem
1559 4537 1839 4611 plurium,

178 4625 621 4696 utdixi,caleuli
638 4627 704 4681 ad
723 4626 1384 4698 Constantinopolitana
1401 4626 1557 4681 sedis
1579 4627 1841 4699 regimen

174 4718 487 4775 vocabant.
520 4715 1025 4787 Pervicissentque
1058 4716 1213 4787 quod
1246 4715 1537 4787 volebant,
1571 4716 1683 4771 nisi
1718 4734 1834 4772 non

177 4825 357 4881 parvo
380 4805 713 4862 antistitum
740 4821 987 4861 numero
1012 4807 1202 4877 potior
1224 4807 1292 4860 ad
1320 4823 1445 4861 eam
1474 4823 1594 4861 rem
1614 4806 1837 4863 Veccus

178 4900 395 4955 fuisset
426 4898 610 4959 visus,
645 4896 745 4969 qui
779 4900 834 4951 et
865 4897 924 4951 in
979 4897 1188 4952 ofﬁciis
1241 4898 1521 4952 momenti
1575 4898 1837 4967 maximi,

174 4984 653 5058 chartopilylacis
712 4984 1093 5057 supremique
1140 4984 1407 5040 custodis
1454 4984 1839 5056 supellectilis

173 5096 373 5148 sacra,
409 5077 583 5131 ﬁdem
617 5078 791 5146 atque
824 5075 1179 5131 industriam
1216 5092 1370 5131 nunc
1400 5091 1533 5130 cum
1577 5076 1830 5131 maxime

172 5170 471 5243 probaret,
521 5172 579 5222 et
627 5181 865 5221 summa
910 5165 970 5220 in
1018 5164 1460 5221 existimatione
1494 5166 1648 5219 403
1683 5165 1841 5237 apud

170 5275 379 5316 omnes
438 5259 613 5313 esset.
674 5259 757 5310 Ea
824 5253 1239 5327 sulfragiorum
1307 5254 1638 5310 differentia
1696 5271 1831 5311 cum

170 5332 507 5406 delata‘ad
577 5338 907 5417 Augustum
986 5351 1143 5399 esset
1209 5348 1265 5400 et
1344 5344 1471 5414 ejus
1541 5342 1810 5399 voluntat

168 5436 601 5511 compromisso
626 5432 1040 5506 permissa,ille
1063 5433 1218 5489 haud
1244 5438 1561 5488 cunctatus
1583 5432 1837 5488 Veceum

168 5525 428 5602 pratulit
454 5540 587 5581 cum
611 5521 743 5578 aliis
771 5526 1143 5593 prastantcm
1172 5522 1407 5577 dotibus
1432 5526 1556 5577 tum
1581 5521 1836 5577 maxime

180 5616 474 5681 doctrina,
524 5617 821 5687 postremo
880 5614 1036 5684 quod
1092 5613 1140 5668 is
1187 5613 1275 5666 vir
1328 5616 1449 5667 tam
1502 5610 1679 5684 longo
1732 5624 1851 5667 usu

169 5705 714 5768 ecclesiasticarum
762 5716 984 5773 rerum,
1014 5705 1183 5759 tanta
1205 5701 1362 5758 fama
1382 5700 1683 5775 sapientia
1715 5716 1857 5757 aueo

3537 1911 3582 1931 Ni

1940 1920 2039 1981 τῆς
2098 1913 2220 1987 περὶ
2276 1918 2446 1967 ταῦτα
2500 1912 2842 1985 παμπόλλης
2898 1913 3175 1975 συνέσεως.
3238 1920 3475 1989 ΙΙαρεῖχε
3534 1912 3590 1967 δὲ

1943 2003 1993 2055 οἱ
2027 2001 2244 2073 ἕτοιμον
2278 2002 2461 2055 ἑαυτὸν
2526 2001 2901 2075 συλλήψεσθαι
2961 2001 3011 2063 ἐς
3071 2004 3100 2056 ὅ
3150 2025 3201 2058 τι
3261 2003 3349 2057 καὶ
3389 2001 3586 2069 δέοιτο,

1939 2089 2175 2159 ἐλπίζων
2210 2093 2335 2167 παρ’
2393 2091 2599 2147 ἐκείνου
2649 2092 2737 2146 καὶ
2799 2091 2958 2152 αὐτὸς
3016 2093 3083 2147 τὰ
3141 2094 3307 2164 ὅμοια
3337 2093 3589 2166 πάσχειν.

1942 2178 2156 2235 Ἑδίδου
2190 2178 2246 2234 δέ
2278 2181 2328 2234 οἱ
2359 2181 2447 2233 καὶ
2479 2180 2781 2256 παρρησίας
2834 2182 3020 2255 χώραν
3073 2178 3422 2255 ἐντυγχάνειν
3457 2180 3589 2253 ὑπὲρ

1940 2269 2239 2343 ἀνθρώπιον
2272 2270 2338 2323 τὲ
2368 2268 2661 2340 πρέποντα,
2714 2269 2803 2323 καὶ
2852 2292 2913 2344 γε
2965 2269 3198 2337 ὰνῦτειν,
3235 2270 3308 2323 ὡς
3354 2270 3414 2322 οὔ
3447 2270 3592 2342 παρᾶ

1936 2359 1997 2412 τὸ
2027 2357 2142 2411 δεον
2194 2357 2592 2431 ἐντευξόμενον.
2650 2362 2868 2431 Διένεμε
2914 2360 3015 2431 ).ἆρ
3066 2358 3253 2413 ἐαυτὸν
3305 2356 3436 2433 δίχα
3473 2363 3591 2419 τοῖς

1937 2469 1994 2502 τε
2040 2446 2323 2520 δεομένοις
2370 2448 2419 2520 ἐξ
2473 2447 2660 2510 ἐλὲους
2710 2447 2766 2503 εὖ
2811 2447 3055 2523 πάσχειν
3092 2455 3210 2510 τοῖς
3258 2470 3317 2503 τε
3356 2448 3591 2526 φερομέ-

1938 2558 2051 2598 νοις
2082 2537 2173 2590 καὶ
2204 2558 2255 2591 τι
2288 2539 2424 2611 πρὸς
2476 2538 2759 2614 ἀποφυγὴν
2809 2542 2914 2591 τῶν
2962 2536 3322 2611 ἐγκλημάτων
3366 2534 3591 2591 δικαίω-

1943 2647 2037 2699 μα.
2067 2627 2161 2681 Καὶ
2193 2632 2311 2689 τοῖς
2347 2627 2441 2699 μὲν
2499 2628 2596 2689 τὰς
2654 2627 2734 2703 ἐφ’
2797 2627 2987 2682 ἑαυτοῦ
3028 2631 3468 2704 προσωποποιῶν
3500 2625 3595 2680 λι-

1940 2839 2288 2911 toritateque
2321 2841 2597 2913 praditus
2632 2858 2786 2897 unus
2818 2841 3022 2913 utique
3054 2842 3320 2897 omnium
3348 2839 3587 2912 aptissi-

1942 2943 2074 2983 mus
2124 2929 2422 2985 videretur
2448 2930 2517 2986 ad
2550 2930 3057 3003 comprimendum
3091 2931 3370 2999 schisma,
3409 2947 3584 3001 nego-

1939 3017 2208 3089 tiumque
2239 3020 2564 3075 concordia
2595 3025 2838 3077 eatenus
2871 3028 3207 3094 promotum
3239 3023 3352 3077 ﬁne
3392 3026 3596 3092 Optato

1954 3109 2377 3162 coronandum.
2406 3110 2552 3180 Ergo
2583 3111 2692 3164 rite
2732 3112 3066 3182 congregati
3113 3112 3267 3183 apud
3312 3110 3601 3182 templum

1948 3196 2141 3267 majus
2174 3199 2458 3269 episcopi,
2485 3200 2925 3270 prarogativam
2958 3200 3329 3272 imperatoris
3352 3215 3604 3272 sequen-

1954 3288 2064 3357 tes,
2099 3303 2311 3359 magno
2344 3304 2633 3344 consensu
2686 3290 3001 3360 studioque
3052 3290 3277 3360 primis,
3330 3290 3607 3346 secundis

1956 3374 2264 3446 tertiisque
2296 3376 2591 3447 suﬁragiis
2640 3380 2891 3432 Veccum
2942 3378 3213 3433 eumdem
3268 3395 3452 3434 unum
3498 3396 3603 3450 pa-

1954 3463 2272 3520 triarcham
2334 3465 2724 3521 declararunt.
2784 3466 3007 3522 Veccus
3074 3467 3257 3540 igitur
3322 3473 3487 3523 sexta
3552 3471 3609 3522 et

1955 3552 2233 3609 vicesima
2256 3554 2477 3609 mensis
2500 3554 2659 3624 Maii,
2682 3558 2826 3610 festo
2850 3560 3187 3611 sanctorum
3213 3557 3604 3613 Nicaensium

1957 3640 2219 3710 Patrum,
2238 3643 2576 3715 patriarcha
2598 3649 2828 3699 creatus
2851 3648 2966 3700 est:
2987 3646 3246 3702 secunda
3269 3664 3399 3701 vero
3420 3646 3604 3713 Junii,

1958 3731 2253 3788 dominica
2278 3733 2539 3805 proxime
2563 3738 2784 3801 secuta,
2808 3734 3023 3789 illustri
3049 3736 3119 3791 de
3143 3736 3397 3806 Spiritus
3421 3736 3607 3791 sancti

1958 3820 2212 3892 Spiritus
2238 3823 2503 3892 ejusdem
2538 3840 2640 3895 per
2671 3840 2899 3878 sacram
2939 3825 3368 3880 ordinationem
3420 3826 3609 3896 parti-

1955 3926 2090 3982 ceps
2124 3910 2334 3982 laetus,
2367 3911 2475 3966 rite
2506 3912 2899 3983 inauguratus
2944 3913 3002 3967 in
3052 3913 3449 3985 patriarcham
3497 3918 3607 3969 est.

1959 3999 2284 4072 Imperator
2316 4000 2424 4055 sub
2455 4001 2577 4056 hac
2612 4001 2779 4057 initia
2807 4019 2910 4074 per
2939 4007 3175 4074 tempus
3208 4020 3324 4057 non
3361 4002 3604 4075 longum

1957 4088 2155 4145 studio
2188 4088 2587 4146 sollicitudine
2614 4090 2965 4147 immoratus
2996 4092 3052 4146 in
3101 4092 3455 4149 stabiliendo
3507 4093 3606 4147 tali

1953 4177 2178 4233 homini
2224 4179 2338 4234 isto
2382 4180 2679 4251 spirituali
2712 4181 3065 4253 principatu,
3098 4198 3363 4237 securam
3398 4183 3609 4238 deinde

1926 4269 2210 4320 .mentem
2268 4266 2499 4337 imperii
2548 4269 2801 4339 negotiis
2850 4270 3121 4339 advertit,
3170 4272 3403 4326 so'utus
3448 4271 3610 4326 omni

1958 4358 2116 4409 metu
2152 4355 2221 4409 de
2249 4355 2531 4424 Ecclesia,
2565 4357 2772 4429 utique
2814 4358 2985 4429 cujus
3031 4358 3291 4431 regimen
3343 4363 3401 4414 et
3451 4376 3604 4415 com-

1956 4445 2297 4500 mendatum
2368 4445 2564 4513 sciret,
2624 4446 2724 4518 qui
2780 4451 2838 4503 et
2901 4448 3272 4520 experientia
3341 4450 3488 4505 satis
3555 4454 3611 4505 et

1958 4534 2285 4604 prudentia
2308 4533 2630 4606 plurimum
2658 4536 2881 4591 habens
2907 4536 3065 4593 nullo
3095 4538 3368 4593 deﬁceret
3400 4555 3603 4593 eorum

1957 4639 2083 4694 qua
2118 4624 2187 4679 ad
2222 4640 2314 4678 res
2345 4623 2777 4681 ecclesiasticas
2826 4632 2981 4682 recte
3032 4626 3465 4698 salubriterque
3517 4645 3610 4683 re-

1954 4716 2177 4787 gendas
2200 4720 2442 4787 possent
2463 4715 2805 4772 desiderari.
2844 4717 3118 4772 Exhibuit
3150 4724 3344 4773 autem
3377 4735 3439 4774 se
3466 4736 3611 4774 novo

1954 4804 2304 4876 patriarcha
2333 4809 2601 4876 paratum
2633 4807 2700 4860 ad
2736 4822 2867 4861 eum
2903 4808 3303 4878 adjuvandum
3338 4824 3607 4879 quacun-

1955 4909 2068 4965 que
2102 4894 2161 4948 in
2193 4910 2254 4949 re
2283 4910 2430 4965 Opus
2459 4894 2720 4961 haberet,
2776 4913 3022 4968 sperans
3070 4898 3333 4953 vicissim
3384 4899 3457 4953 ab
3509 4897 3607 4954 illo

1952 4983 2012 5038 in
2038 4983 2341 5039 occasione
2366 4982 2607 5039 similia.
2643 4985 2814 5040 Dedit
2835 4986 3026 5041 eidem
3049 4992 3105 5042 et
3130 4987 3354 5042 ﬁducia
3388 4986 3607 5056 locum,

1955 5088 2074 5145 quo
2131 5073 2373 5129 auderet
2430 5072 2731 5146 suscipere
2791 5091 3082 5148 agercque
3134 5066 3335 5133 secum
3394 5094 3608 5132 causas

1955 5162 2265 5218 hominum
2299 5162 2602 5235 egentium
2635 5164 2823 5236 gratia
2874 5166 3176 5239 principis,
3225 5186 3339 5224 non
3395 5169 3610 5223 frustra

1958 5269 2020 5308 se
2052 5253 2107 5307 id
2164 5253 2451 5307 facturum
2505 5268 2754 5325 sperans
2806 5272 2818 5310 :
2871 5256 3205 5313 conﬁdebat
3254 5259 3412 5314 enim
3467 5257 3613 5312 nihil

1960 5359 2095 5398 eum
2144 5342 2253 5396 nisi
2289 5342 2443 5413 quod
2480 5342 2563 5396 fas
2596 5348 2751 5398 esset
2781 5330 3017 5401 concedi
3054 5347 3399 5418 petiturum.
3437 5351 3613 5403 Porro

1958 5430 2179 5486 Veccus
2214 5430 2319 5486 has
2354 5432 2778 5487 iuterveniendi
2811 5450 2915 5506 pro
2968 5434 3201 5491 miseris
3251 5440 3447 5508 partes
3496 5441 3615 5491 toto

1961 5520 2158 5576 animo
2210 5537 2542 5593 capessens,
2602 5523 2846 5592 partitos
2880 5524 3133 5581 habebat
3165 5526 3224 5581 in
3256 5525 3370 5582 duo
3400 5542 3617 5599 genera

1964 5627 2112 5683 quos
2160 5612 2271 5667 isto
2322 5610 2737 5667 misericordia
2770 5614 3256 5688 ofﬁciojuvaret:
3292 5617 3457 5690 prius
3489 5619 3615 5672 erat

1965 5700 2294 5757 carentium
2318 5701 2475 5757 404
2494 5702 2867 5776 necessariis,
2890 5720 3145 5777 quorum
3180 5711 3337 5764 esset
3367 5704 3614 5781 egestati
