4212 6442
648 369 754 426 859

1956 365 2256 420 GEORGII
2292 366 2752 422 PACHYMERE

3955 365 4062 419 860

645 492 742 552 τὰς
787 511 844 544 τε
904 484 1097 564 ῥυσσᾶς
1149 508 1206 541 τε
1263 481 1637 560 παραϐλῶπας
1695 487 1743 539 τ’
1797 482 2088 562 ὀφθαλμὼ,
2123 484 2292 557 ἐθὴρα
2323 489 2372 554 Α
2408 486 2676 559 βασιλέως
2709 488 3175 563 ἀναχθησόμεναι,
3234 489 3325 543 καὶ
3379 485 3588 558 ἔνδοξος
3640 487 3706 556 ἦν
3759 487 3787 541 6
3819 486 4055 558 τολμῶν

646 580 736 634 τὸν
795 578 853 632 ἐκ
908 581 1003 631 τοῦ
1061 575 1330 650 βασιλέως
1388 573 1560 642 ἔλεον,
1622 573 1918 647 ὁμολογῶν
1983 574 2078 645 μὲν
2138 573 2299 634 αὐτὸς

651 669 783 741 ὑπὲρ
817 666 1025 720 ἐκείνου
1079 666 1141 718 τὸ
1190 670 1453 736 πταῖσμα,
1507 660 1763 736 δεόμενος
1810 661 1866 716 δὲ
1912 663 2172 740 ἀφεθῆναι
2203 668 2298 716 τοῦ

648 757 1112 832 προστιμωμὲνου
1172 753 1250 825 τῷ
1305 753 1638 825 πταίσματι·
1696 757 1801 807 τῶν
1861 750 1916 805 δὲ
1971 752 2057 805 καὶ
2101 751 2298 826 ϐαρβα-

645 848 912 920 λεὼτερον
972 845 1307 917 ὑπερμαχῶν
1362 848 1439 913 τῷ
1497 847 1781 916 κρατοῦντι
1818 841 1892 902 ὡς
1924 838 2296 910 ἀδικουμένων

645 934 822 1003 ἐζήτει
856 935 952 1001 τὴν
987 932 1158 988 λύσιν.
1203 932 1279 987 Οὐ
1338 933 1437 1006 γὰρ
1500 929 1781 1003 ἐρμηνὲως
1841 927 2069 1005 ἔχρῃζεν
2104 929 2156 990 ἐς
2190 929 2219 983 ὅ
2248 950 2297 982 τι

650 1023 807 1095 μάθοι
853 1023 920 1075 τὰ
977 1025 1070 1074 τοῦ
1126 1019 1387 1091 δεομένου
1447 1025 1566 1080 πῶς
1627 1019 1682 1073 ἂν
1739 1015 1952 1093 ἔχοιεν,
1986 1018 2112 1072 ἀλλ’
2144 1017 2300 1079 αὐτὸς

647 1112 881 1176 ἀκούων,
916 1110 1079 1182 μόνον
1114 1109 1272 1181 ἀξιῶν
1327 1110 1608 1174 ἀληθεύειν
1658 1109 1748 1162 τὸν
1804 1109 2036 1183 λεγοντα
2067 1108 2140 1168 ὡς
2174 1108 2301 1161 ἀνυ-

647 1200 992 1271 σθησομὲνων
1022 1203 1125 1252 τῶν
1160 1198 1365 1272 Λόγων,
1415 1202 1492 1268 τῷ
1548 1197 1762 1272 βασιλεῖ
1812 1196 1973 1256 αὐτὸς
2006 1193 2296 1270 διακρίνων

644 1291 738 1351 τάς
773 1286 1046 1363 ἀναδοχὰς
1079 1289 1317 1343 ἐποιεῖτο
1373 1289 1508 1340 κατὰ
1564 1288 1660 1348 τὰς
1716 1286 1937 1361 κρίσεις.
1974 1284 2212 1342 Ε’ίποντο
2244 1283 2300 1339 δὲ

643 1379 733 1432 καὶ
767 1378 816 1432 οἶ
849 1379 984 1453 πρὸς
1014 1379 1105 1430 τὸν
1155 1382 1451 1452 κρατοῦντα
1501 1371 1656 1448 λὸγοι
1706 1374 1843 1429 κατὰ
1872 1375 1968 1437 τὰς
2000 1372 2295 1448 ἀναδοχᾶς.

651 1467 1041 1539 "pcipi-evenat
1101 1466 1204 1541 γὰρ
1257 1466 1391 1539 πρὸς
1441 1466 1503 1519 τὸ
1563 1468 1841 1539 χρήσιμον
1901 1465 1991 1518 καὶ
2041 1465 2135 1524 τὰς
2175 1464 2298 1536 περὶ

648 1556 871 1610 ἑκάστου
904 1557 1199 1630 ἀναφορὰς,
1252 1556 1325 1615 ὡς
1374 1555 1473 1622 τὴν
1526 1555 1619 1626 μὲν
1673 1554 2093 1627 προτάττεσθαι,
2120 1554 2218 1619 τήν
2255 1550 2299 1605 δ’

653 1645 1070 1710 ὑποτάττεσθαι,
1124 1643 1214 1697 καὶ
1260 1643 1358 1710 τὴν
1413 1643 1506 1714 μὲν
1541 1639 2139 1716 πρωτολογησομένην,
2199 1642 2296 1708 τήν

653 1731 695 1752 δ’

650 1731 695 1787 δ’
731 1735 1117 1806 ὑστερήσασαν,
1181 1731 1318 1785 ὥστε
1371 1733 1459 1784 καὶ
1517 1729 1789 1790 πολλάκις
1844 1729 2297 1806 μετεγγράφεσθαι

2406 573 2598 628 αὐτίκα
2623 578 2746 650 περὶ
2776 582 2882 631 τῶν
2943 577 3210 652 σφετέρων
3271 575 3495 631 δικαίων
3553 575 3752 650 λέγειν,
3796 576 3870 636 ὡς
3901 572 4058 643 ἀλη-

2404 664 2469 730 θῆ
2513 661 2669 732 δόξαν
2702 665 2878 739 λέγειν
2910 663 2977 719 δι’
3008 663 3214 720 ἐκείνου
3255 666 3392 739 πρὸς
3447 666 3540 719 τὸν
3595 668 3921 738 κρατοῦντα.
3958 663 4064 718 0-3-

2402 773 2512 813 τως
2544 753 2607 820 ἦν
2642 754 2779 827 πρὸς
2827 756 2924 815 τὰς
2982 752 3256 829 ἁναδοχᾶς
3316 759 3424 807 τῶν
3484 755 3786 827 ἀνθρώπων
3824 754 3852 806 ὁ
3884 753 4062 823 ἀνὴρ·

2405 839 2804 913 δοκιμώτατος,
2837 843 2974 898 ὣστε
3029 844 3116 898 καὶ
3143 838 3441 918 προλαϐεῖν
3481 842 3542 896 οὐ
3575 843 3763 917 χεῖρόν
3795 862 3921 896 τινα
3950 846 4059 893 τῶν

2403 929 2566 984 αὐτοῦ
2619 931 2696 992 εἷς
2745 929 2920 1005 δεῖγμ’
2981 928 3238 1006 ἀκριϐοῦς
3297 930 3607 1007 παρρησίας
3651 931 3741 985 καὶ
3785 937 3886 998 τῆς
3933 931 4063 1002 περὶ

2401 1020 2462 1073 τὸ
2493 1017 2696 1074 δίκαιον
2731 1021 3099 1094 ἀντιλήψεως.
3150 1022 3349 1096 Θὲρους
3401 1021 3466 1089 ἦν
3524 1022 3698 1092 ἀκμὴ,
3742 1018 3832 1074 καὶ
3865 1020 3892 1072 6
3928 1037 4065 1090 κρα-

2400 1113 2508 1161 τῶν
2567 1109 2691 1183 περὶ
2747 1111 2809 1163 τὸ
2866 1116 2964 1178 τῆς
3031 1104 3375 1183 μεσημϐρίας
3437 1109 3868 1183 σταθερώτατον,
3927 1109 4066 1178 μετᾶ

2402 1199 2496 1250 τὸν
2533 1198 2646 1269 μετ’
2678 1199 2894 1272 ἄριστον
2949 1198 3140 1265 ὕπνον,
3194 1199 3332 1251 κατᾶ
3387 1197 3454 1252 τὰ
3508 1197 3686 1251 ὠάτου
3720 1198 3858 1265 μέσα
3887 1197 4066 1264 καθή-

2408 1306 2566 1357 μενος
2619 1284 2936 1361 ὲναιθρίαζε.
3030 1285 3397 1360 Συνεδριάζων
3483 1283 3527 1340 δ’
3593 1287 3660 1355 ἦν
3721 1284 3912 1356 ἐκείνῳ
3972 1284 4061 1338 καὶ

2403 1378 2751 1450 πατριάρχης
2812 1375 3034 1450 ἐγγύθεν
3087 1374 3146 1431 ἔκ
3219 1379 3319 1441 τῆς
3387 1377 3575 1451 χώρας
3635 1371 3803 1448 ἔχων,
3862 1373 4064 1442 τηνίκα

2402 1463 2490 1516 καὶ
2553 1463 2806 1538 βασιλεὺς
2861 1464 2911 1534 ἐξ
2984 1465 3148 1519 ὕπνου
3224 1465 3532 1539 ἆνέγροιτο,
3593 1463 3652 1517 ἐκ
3706 1460 3803 1517 τοῦ
3859 1461 4063 1536 ῥᾴστου

2401 1553 2812 1626 παραγίνεσθαι.
2891 1553 3243 1630 Ἐνετῦγχανε
3315 1553 3519 1623 τοίνυν,
3577 1551 3666 1607 καὶ
3735 1555 3769 1620 ἡ
3833 1549 4063 1625 ἐντυχία

2403 1642 2485 1713 [Ρ.
2520 1642 2646 1715 275]
2701 1641 2918 1711 ἀξίωσις
2979 1642 3111 1716 ὑπὲρ
3171 1643 3460 1718 ἀνθρώπου
3517 1643 3586 1710 ἧν
3646 1639 3702 1694 ὅν
3755 1637 4059 1707 ἠδικῆσθαι

2407 1729 2500 1801 μὲν
2535 1731 2561 1782 ὁ
2591 1729 2765 1805 ἱερεὺς
2815 1729 3182 1806 διεγίνωσκεν,
3237 1730 3299 1785 οὗ
3358 1731 3544 1791 καλῶς
3575 1728 3622 1783 δ’
3653 1727 3799 1804 ἔχων
3839 1728 3866 1780 ὁ
3904 1728 4062 1802 βασι-

647 1823 708 1875 τὸ
764 1825 862 1886 τῆς
922 1821 1191 1897 ἀναφορᾶς
1243 1820 1590 1894 γραμμάτιον
1648 1814 2006 1892 συμϐεϐήκει,
2055 1819 2129 1879 ὡς
2178 1816 2295 1872 δευ-
2330 1845 2374 1908 Β
2406 1817 2531 1879 λευς
2581 1819 2703 1895 περὶ
2755 1818 2957 1875 ἐκεῖνον
3010 1819 3071 1874 οὐ
3123 1821 3375 1875 κατένευε
3432 1819 3717 1888 σώζεσθαι.
3775 1816 3874 1874 Καὶ
3913 1819 3950 1884 ἡ
3986 1813 4070 1869 ἔν-

646 1910 805 1985 τέρου
904 1910 993 1964 καὶ
1043 1910 1228 1984 τρίτου
1280 1909 1313 1977 ἢ
1364 1909 1452 1963 καὶ
1506 1908 1735 1963 ὑστάτου
1781 1906 2151 1980 τεθησομένου
2199 1911 2296 1961 τοῦ

647 2001 994 2075 παραξυσμὸν
1058 1999 1116 2054 ἐκ
1143 2021 1250 2053 των
1314 1998 1535 2053 εἰκότων
1591 2006 1809 2067 κινῆσαι
1864 1997 2134 2073 βασιλέως
2167 1997 2297 2056 ὑφο-

645 2088 918 2161 ρωμένου,
952 2093 1167 2163 πρῶτον
1201 2087 1257 2142 δέ
1282 2110 1340 2164 γε
1367 2093 1464 2142 τοῦ
1609 2084 1805 2162 ῥᾳδίως
1855 2085 2294 2158 ἀνυσθησομένου

642 2179 677 2248 ἢ
737 2177 824 2232 καὶ
880 2178 956 2239 εἰς
1014 2177 1400 2252 χαριεντισμὸν
1459 2197 1580 2230 τινα
1638 2174 1912 2246 δόξοντος.
1973 2177 2093 2231 Ἐπ’
2150 2174 2297 2247 αὐτῷ

641 2267 744 2342 γὰρ
775 2268 864 2321 καί
905 2270 1013 2321 τῶν
1070 2264 1295 2320 πολλῶν
1358 2265 1612 2340 ἐθάρσουν
1672 2264 1725 2317 αἱ
1784 2261 1987 2336 τόλμαι
2019 2264 2092 2325 ὡς
2130 2263 2294 2338 μέχρι

648 2485 960 2558 largitione
983 2484 1432 2550 consulendum,
1451 2483 1698 2539 alterum
1725 2481 1931 2539 delatis
1954 2481 2302 2538 criminibus

649 2575 1135 2652 periclitantium,
1167 2575 1385 2646 quibus
1416 2572 1505 2628 vel
1538 2574 1610 2628 ad
1650 2571 2059 2644 depulsionem
2105 2572 2300 2642 objec-

648 2669 844 2719 torum
872 2664 1015 2720 falso
1041 2665 1265 2734 patroni
1292 2663 1545 2717 efficacis
1559 2661 1837 2734 operavel
1859 2662 1931 2716 ad
1956 2660 2301 2716 delicticon-

652 2754 787 2808 victi
801 2754 1026 2808 veniam
1046 2753 1455 2824 impetrandam
1471 2751 1784 2807 auctoritas
1801 2751 2192 2822 deprecatoris
2208 2767 2301 2819 op-

653 2846 986 2898 taretur.Ac
1010 2843 1217 2897 horum
1244 2840 1483 2913 quidem
1511 2857 1576 2896 eo
1601 2840 1792 2895 studio
1815 2856 2023 2894 causas
2048 2838 2305 2909 amplec-

652 2933 886 2987 tebatur
919 2936 982 2986 ut
1012 2931 1306 2987 officiosae
1355 2930 1484 2985 illas
1533 2929 1841 2985 hominum
1894 2928 2091 3000 generi
2144 2944 2304 2982 noxae

659 3021 1065 3076 medicatrices
1088 3022 1422 3091 Litas,quas
1447 3021 1732 3075 Homerus
1756 3018 2018 3083 claudas,
2037 3033 2302 3088 rugosas,

657 3111 924 3166 distortis
957 3110 1143 3165 oculis
1176 3110 1421 3187 inducit,
1450 3109 1574 3179 ipso
1608 3108 1867 3179 corporis
1899 3107 2101 3161 habitu
2127 3122 2305 3177 agens

2407 1929 2589 1969 στασις
2645 1908 3025 1985 ἀμφοτέρωθεν
3089 1911 3248 1978 ἱκανὴ
3331 1909 3397 1978 ἦν
3459 1902 3761 1984 θορυϐῆσαι
3819 1905 3908 1960 καὶ
3970 1906 4064 1958 τὸν

2405 1996 2694 2052 ἀκούοντα.
2728 2000 2858 2060 Τοῖς
2914 1996 2962 2052 δ’
3018 1998 3117 2053 οὐκ
3174 1996 3367 2074 ἔληγεν
3429 1994 3526 2064 ἔτι,
3570 1994 3716 2052 ἀλλᾶ
3745 2000 3824 2068 τῷ
3861 1996 3955 2067 μὲν
3993 1995 4069 2053 ὡς

2408 2087 2538 2159 ὑπὲρ
2572 2084 2786 2141 δικαίου
2838 2085 3050 2162 λέγοντι
3107 2089 3135 2142 6
3196 2087 3366 2156 ζῆλος
3423 2085 3594 2155 ἀνὲζει
3627 2085 3719 2140 καὶ
3749 2083 4068 2160 παρρησια-

2408 2177 2731 2250 στικώτερον
2773 2174 3032 2247 ἔπληττε,
3069 2176 3286 2251 βασιλεῖ
3343 2173 3400 2230 δὶ
3454 2175 3516 2230 τὸ
3573 2173 3660 2229 ἐπὶ
3716 2180 3797 2246 τῷ
3839 2171 4068 2244 διαπρε-

2408 2260 2721 2339 σϐευομένῳ
2776 2261 2939 2341 ἔχθος
2997 2267 3134 2343 πρὸς
3187 2267 3285 2335 τὴν
3339 2265 3476 2321 κατᾶ
3524 2270 3624 2320 τοῦ
3669 2259 4072 2340 πρεσϐεύοντος

2414 2489 2592 2555 retur,
2627 2491 2690 2540 ut
2710 2487 2832 2557 jam
2857 2487 2954 2558 qui
2981 2486 3232 2559 primam
3259 2485 3721 2558 propositionem
3755 2486 4068 2554 acceperat

2413 2574 2682 2646 placidus
2709 2576 2994 2648 vultuque
3024 2575 3282 2647 benigno
3314 2591 3480 2647 spem
3509 2575 3749 2638 fecerat,
3780 2573 3850 2627 ad
3885 2571 4071 2627 toties

2414 2664 2685 2720 relicatas
2708 2664 3023 2720 instantiae
3047 2668 3391 2736 corrugaret
3413 2666 3687 2732 frontem,
3709 2667 3984 2739 metuens
3999 2677 4076 2714 ne

2408 2755 2531 2824 jam
2557 2772 2675 2810 suae
2701 2754 2967 2810 facilitati
2999 2753 3703 2826 illuderetur,praasertim
3736 2751 4074 2806 increbres-

2415 2849 2579 2898 cente
2610 2845 2966 2899 conﬁdentia
2994 2843 3340 2914 multorum,
3374 2844 3475 2914 qui
3510 2843 3639 2898 freti
3689 2840 4075 2898 conciliatore

2416 2933 2796 2988 admissionis
2830 2939 2884 2988 et
2916 2933 3120 2988 eodem
3172 2931 3626 3003 supplicationis
3677 2930 4074 3000 suffragatore

2415 3023 2766 3094 patriarcha,
2796 3022 3111 3078 audientiis
3155 3023 3281 3077 sine
3327 3022 3442 3075 fine
3491 3019 3797 3092 captandis
3848 3020 4075 3089 produ-

2416 3113 2733 3183 cendisque
2767 3129 2937 3167 aures
2970 3110 3344 3182 imperatoris
3376 3111 3780 3166 obtundebant
3810 3114 3869 3162 et
3911 3108 4078 3160 vide—

656 3203 1118 3270 repraesentaret,
1173 3197 1272 3253 tali
1332 3201 1575 3268 captans
1627 3197 1818 3267 specie
1865 3195 2300 3249 miserationem

2417 3202 2549 3257 licet
2582 3201 2882 3256 irritabilis
2909 3205 3121 3256 natura
3153 3200 3504 3272 fortunaque
3553 3197 3812 3255 hominis
3862 3197 4078 3267 fatiga~

659 3288 940 3360 principis
999 3287 1289 3358 susceptis
1343 3287 1467 3341 suis
1538 3285 1952 3351 necessariam,
2015 3283 2301 3338 confitens

658 3377 896 3447 quidem
959 3377 1084 3448 ipse
1142 3393 1344 3431 eorum
1399 3374 1632 3430 nomine
1700 3379 2029 3445 peccatum,
2091 3372 2306 3426 remitti

657 3471 851 3522 autem
923 3466 1343 3537 paenitentibus
1410 3481 1642 3536 pmnam
1715 3480 1950 3534 rogans.
2023 3462 2128 3516 Pro
2196 3460 2310 3516 alio

657 3556 1010 3611 miserorum
1045 3572 1256 3627 genere
1289 3554 1461 3625 culpa
1495 3553 1829 3608 vacantium
1885 3551 2312 3607 interveniebat

657 3645 1076 3711 confidentius,
1147 3645 1354 3699 obnixe
1421 3643 1783 3698 contendens
1855 3647 1912 3695 et
1985 3641 2309 3712 principem

661 3751 901 3804 urgens,
925 3739 989 3789 ut
1016 3734 1259 3805 penuria
1283 3731 1691 3788 laborantibus
1715 3747 1883 3801 opem
1901 3730 2034 3799 jure
2053 3730 2308 3800 quodam

657 3824 924 3895 ipsorum
949 3823 1210 3878 debitam
1235 3839 1303 3877 ne
1327 3822 1633 3892 indulgere
1657 3818 2309 3886 cunctaretur,velocis-

659 3913 847 3969 simus
880 3914 950 3967 ad
1002 3911 1416 3982 intelligendas
1466 3909 1845 3965 necessitates
1896 3907 2310 3979 indigentium,

659 4008 724 4056 ut
756 4002 842 4058 eis
880 4001 1206 4074 exponendi
1238 4017 1337 4056 eas
1371 4000 1560 4055 fusius
1589 4015 1692 4054 seu
1725 3997 1985 4053 laborem
2020 4012 2120 4052 seu
2153 4013 2310 4052 vere-

663 4094 939 4147 cundiam
964 4091 1364 4154 lucrifaciens,
1390 4088 1837 4162 perepicacitate
1859 4085 2097 4158 benigni
2128 4086 2309 4141 animi

658 4182 865 4236 auditu
902 4182 1098 4236 statim
1134 4181 1322 4252 primo
1357 4189 1568 4234 cuncta
1599 4174 2313 4248 comprehendentis,sine

663 4289 824 4326 mora
856 4288 1098 4342 operave
1130 4269 1526 4342 diligentioris
1559 4265 2312 4338 interpretie.Abundahat-

659 4378 773 4432 que
807 4362 1033 4432 patroni
1067 4360 1325 4416 charitas
1359 4359 1429 4414 ad
1463 4374 1697 4412 omnem
1732 4356 1858 4410 falsi
1912 4355 2309 4426 suspicionem

661 4447 1013 4505 abolendam
1046 4450 1401 4522 plenamque
1434 4446 1863 4502 conciliandam
1898 4443 2197 4499 clientulis
2245 4443 2310 4497 fi-

661 4542 817 4607 dem,
852 4541 993 4594 dum
1027 4556 1162 4594 suae
1213 4537 1520 4609 angustias
1569 4535 1908 4590 narrabant.
1960 4533 2312 4588 Occurrebat

660 4631 800 4701 quin
835 4630 1010 4684 etiam
1047 4629 1389 4684 diffidentia:
1423 4625 1778 4698 supplicum,
1813 4629 1868 4680 et
1915 4622 2312 4695 impetrabilia

663 4725 857 4790 petere
889 4720 1050 4791 ipsos
1085 4734 1357 4773 asserens
1391 4716 1545 4771 ultro
1578 4715 1830 4770 addebat
1878 4712 2082 4768 timide
2131 4728 2310 4784 agen-

658 4811 818 4864 tibus
851 4810 1082 4864 animos
1115 4807 1392 4872 audendi,
1428 4806 1898 4877 suggerebatque
1947 4803 2016 4857 ad
2072 4818 2309 4873 persua-

659 4899 917 4954 dendum
952 4903 1251 4970 aptae,pro
1283 4912 1493 4968 genere
1527 4912 1592 4950 ac
1617 4899 1776 4950 statu
1799 4910 2009 4962 causae,
2034 4890 2313 4964 postulati

657 4990 961 5045 evincendi
996 4989 1286 5054 rationes;
1330 4987 1686 5056 eaedemque
1736 4983 2036 5055 digerehat
2083 4998 2304 5038 accomv

660 5079 897 5133 modato
921 5078 993 5132 ad
1019 5077 1196 5132 ﬁnem
1221 5080 1488 5148 optatum
1512 5074 1735 5139 ordine,
1773 5073 1955 5145 perite
1980 5072 2312 5142 dijudicans

656 5183 788 5238 quae
811 5167 1044 5222 illarum
1077 5165 1320 5238 proponi
1359 5166 1535 5236 prior,
1562 5180 1692 5235 quae
1720 5162 1932 5232 subjici
1965 5160 2151 5228 alteri,
2185 5177 2310 5231 quae

653 5264 948 5330 postremo
981 5259 1263 5329 subjungi
1288 5256 1411 5312 loco
1444 5256 1701 5310 deberet.
1736 5253 1900 5308 Unde
1929 5252 2309 5323 contingebat

658 5367 810 5421 saepe
841 5350 1046 5422 refingi
1073 5347 1433 5418 rescribique
1454 5344 1718 5401 libellum
1743 5343 2096 5415 supplicem,
2133 5343 2308 5398 etiam

645 5442 776 5511 jam
801 5439 1064 5495 oblatum
1098 5437 1566 5510 principi,usque
1597 5435 1893 5490 interdum
1924 5433 1994 5488 ad
2029 5431 2313 5504 principis

658 5531 924 5601 ejusdem
959 5531 1109 5586 405
1149 5528 1532 5585 offensionem
1583 5525 1675 5581 cui
1726 5531 1784 5580 et
1834 5523 2208 5579 stomachum
2257 5529 2314 5580 et

657 5621 1027 5692 suspiciones
1051 5634 1480 5690 nonnunquam
1513 5616 1804 5684 movebat,
1825 5614 1979 5686 quod
2011 5613 2223 5669 iterum
2255 5619 2314 5670 et

658 5711 833 5766 tertio
869 5708 1258 5783 interpolatae
1288 5723 1408 5764 una
1435 5707 1506 5764 de
1536 5721 1597 5763 re
1628 5703 1742 5777 ipsi
1773 5700 2010 5760 libellus
2051 5702 2310 5761 inculca-

2419 3292 2560 3346 bant
2610 3291 2980 3362 patientiam,
3032 3306 3097 3345 eo
3157 3289 3285 3361 ipso
3342 3288 3590 3360 gratiam
3649 3288 3718 3342 ad
3782 3285 4075 3358 populum

2417 3381 2760 3452 patriarchae
2811 3380 3173 3448 cumulante,
3224 3381 3380 3452 quod
3431 3396 3589 3448 eum,
3640 3383 3707 3433 ut
3737 3375 4081 3433 consuleret

2420 3470 2916 3536 miseris,videret
2938 3487 3008 3526 ne
3041 3469 3255 3525 favoris
3287 3470 3525 3541 quidem
3560 3468 3714 3540 apud
3740 3466 4072 3538 principem

2419 3560 2634 3631 pr0prii
2661 3576 2864 3614 cavere
2887 3560 3438 3629 dispendium.Tam
3465 3559 3716 3614 effusum
3742 3556 4077 3624 efficaxque

2418 3650 2477 3703 in
2496 3666 2639 3704 novo
2660 3649 2992 3720 patriarcha
3005 3649 3302 3704 eminebat
3315 3647 3808 3703 sublevandorum
3825 3645 4078 3716 in0pum

2420 3737 2707 3792 studium.
2742 3739 2922 3808 Cujus
2949 3738 3046 3793 hic
3095 3737 3396 3809 singulare
3446 3737 3684 3809 aliquod
3735 3734 4078 3805 exemplum

2418 3826 2576 3881 haud
2601 3826 2808 3882 inutile
2833 3827 3009 3883 fuerit
3030 3828 3266 3897 referre,
3290 3829 3448 3882 unde
3479 3826 3777 3898 specimen
3812 3824 4081 3896 prudens

2418 3915 2602 3972 lector
2639 3916 2834 3988 capiat
2882 3916 3078 3972 liberae
3129 3917 3354 3972 fiducia;
3403 3915 3509 3972 viri
3562 3915 3737 3972 istius
3786 3914 4080 3983 fortisque

2419 4004 2476 4060 in
2520 4007 2759 4078 justitia
2813 4007 3243 4078 propugnanda
3289 4006 3658 4062 constantiae.
3703 4008 3898 4059 jEstas
3952 4006 4084 4057 erat

2421 4111 2678 4162 summa,
2710 4099 2767 4151 et
2788 4095 3107 4167 imperator
3128 4095 3420 4151 altissimo
3453 4099 3643 4151 stante
3670 4095 3780 4149 sub
3809 4092 4077 4147 medium

2421 4185 2576 4240 diem
2625 4184 2748 4240 sole
2796 4202 2998 4240 recens
3047 4202 3080 4239 a
3119 4185 3519 4257 pomeridiano
3551 4199 3760 4239 somno
3792 4182 3852 4237 in
3881 4183 4082 4237 medio

2420 4273 2717 4330 caenaculo
2750 4274 2938 4346 frigus
2963 4275 3252 4344 captabat.
3307 4273 3626 4330 Obeidebat
3674 4277 3872 4327 autem
3925 4271 4085 4326 fores

2422 4363 2782 4419 audientiam
2831 4368 3178 4436 exspectans
3212 4363 3546 4436 patriarcha
3577 4381 3609 4419 e
3637 4361 3829 4417 vicino
3861 4362 3930 4416 ad
3971 4361 4086 4415 hoc

2421 4454 2717 4525 profectus
2739 4457 2795 4508 et
2816 4453 2896 4508 ibi
2921 4453 3256 4519 considens,
3292 4458 3357 4508 ut
3379 4454 3451 4509 ad
3476 4452 3725 4524 primam
3759 4451 3830 4506 ab
3865 4467 4082 4521 exper-

2421 4546 2577 4598 recto
2648 4543 3001 4613 imperatore
3069 4546 3309 4614 paratus
3377 4541 3801 4598 admissionem
3868 4543 4084 4594 staret.

2420 4632 2734 4687 Admissus
2765 4633 3004 4688 tandem
3035 4648 3278 4688 causam
3315 4647 3487 4704 agere
3519 4630 3690 4702 coepit
3721 4627 4087 4697 hominis,ut

2421 4721 2473 4777 ei
2496 4725 2858 4792 compertum
2883 4725 3028 4790 erat,
3060 4719 3280 4791 injuste
3303 4719 3588 4776 damnati.
3622 4722 3908 4774 Ceterum
3943 4717 4083 4771 odio

2423 4812 2678 4884 quodam
2696 4811 2754 4864 in
2771 4811 2926 4866 hunc
2944 4810 3244 4866 hominem
3267 4814 3714 4881 praeoccupatus
3730 4807 4083 4877 imperator,

2422 4899 2676 4956 salutem
2710 4900 2908 4955 miseri
2943 4917 3120 4972 quam
3157 4901 3390 4972 petebat
3422 4898 3756 4971 patriarcha
3804 4911 3922 4950 non
3974 4911 4082 4949 an-

2422 4990 2572 5046 nuit.
2623 4990 2770 5045 IIinc
2830 4991 3076 5061 praesule
3135 4991 3208 5045 ad
3260 4987 3582 5044 instantius
3632 4983 4078 5057 deprecandum

2421 5080 2820 5146 incumbente,
2855 5080 3122 5152 principe
3171 5096 3306 5134 vero
3358 5078 3416 5133 in
3468 5075 3724 5148 negandi
3776 5073 4084 5145 proposito

2423 5174 2739 5240 perstante,
2792 5174 3087 5225 certamen
3138 5173 3334 5224 ortum
3385 5175 3470 5223 est
3519 5165 3795 5236 utrinque
3845 5163 3931 5218 sic
3974 5179 4080 5218 ac-

2422 5275 2664 5313 censum
2700 5263 2764 5312 ut
2794 5259 3101 5314 audientes
3150 5257 3659 5320 conturbarentur,
3713 5269 3845 5308 cum
3898 5251 4078 5306 ﬁnem

2421 5346 2754 5418 patriarcha
2777 5346 3045 5419 urgendi,
3069 5348 3376 5418 Augustus»
3389 5342 3673 5400 renuendi
3698 5357 3814 5396 non
3841 5340 4080 5395 faceret.

2420 5437 2507 5492 Ad
2540 5440 2863 5491 extremum
2896 5435 3167 5492 conscius
3200 5433 3538 5507 patriarcha
3585 5448 3649 5488 se
3698 5447 3803 5502 pro
3841 5429 4082 5500 justitia

2423 5525 2774 5597 pugnare,in
2797 5525 2989 5581 zelum
3014 5527 3251 5592 exarsit,
3270 5529 3325 5579 et
3348 5520 3726 5580 liberioribus
3758 5519 4080 5590 imperato-

2422 5631 2543 5670 rem
2563 5613 3147 5687 pupugitverbie.llle
3163 5613 3362 5670 odium
3382 5627 3498 5685 quo
3515 5609 3873 5682 flagrabatin
3888 5625 4077 5671 reum,

2419 5703 2481 5760 in
2515 5702 2695 5761 nimie
2721 5702 3150 5772 vehementem,
3182 5700 3340 5759 ιω
3370 5704 3438 5758 ut
3481 5698 3748 5774 putabat,
3793 5695 3927 5768 ejus
3975 5712 4074 5770 pa-
