4242 6438
184 405 286 459 861

1264 409 1360 460 ΒΕ
1396 406 1767 459 MICHABLE
1803 406 2247 463 PALEOLOGO
2281 409 2416 461 LIB.
2458 409 2527 460 V.

3480 402 3588 458 862

180 529 460 604 βαρύτητα
516 524 784 603 τρέψαντα
843 523 1117 582 συνέϐαινε
1170 526 1582 603 παροξύνεσθαι.
1644 529 1739 583 Καὶ
1794 528 1821 582 6
1853 535 1905 601 Α
1937 526 2226 590 δοκοῦντος
2258 525 2404 603 ἔχειν
2453 529 2514 583 τὸ
2564 526 2773 583 δίκαιον
2822 527 2903 604 ἐφ’
2937 528 3018 589 οἷς
3048 525 3137 581 καὶ
3174 523 3444 600 βασιλέως
3477 524 3586 580 δέε-

181 619 277 691 μέν
312 616 511 685 ἐδέετο,
559 617 586 670 6
644 614 693 670 δ’
752 617 1009 672 ἆνὲνευεν.
1070 618 1130 673 '0
1192 618 1285 689 μὲν
1343 617 1432 670 καὶ
1471 615 1831 690 ὃραστικώτε-

175 726 273 782 ρον
302 702 606 777 ἠντιϐόλει,
661 707 688 760 6
738 702 783 760 δ’
840 705 1109 780 ἠγρίαινε.
1172 704 1343 767 Τέλος
1372 704 1497 761 ἀλλ’
1532 703 1828 769 ἀδικεῖσθαι

172 796 267 850 τὸν
330 794 614 869 ἄνθρωπον
673 792 876 869 ἔλεγεν,
933 796 961 849 6
1020 792 1066 848 δ’

176 886 267 938 καὶ
324 882 497 953 δῆλος
554 886 617 952 ἦν
678 884 894 957 πράξων
971 878 1455 959 παραϐολώτερον,
1514 884 1578 951 ἢν
1646 886 1717 956 μή
1781 886 1830 958 γ’

173 972 390 1043 ἀκούοι,
424 974 451 1027 6
485 971 533 1026 δ’
564 972 688 1028 ἀλλ’
724 973 824 1028 οὐκ
882 970 1063 1027 ἐδίδου
1118 974 1179 1027 τὸ
1238 976 1486 1048 παράπαν
1517 974 1617 1041 τὴν
1652 971 1828 1043 λύσιν,

172 1065 273 1117 κάν
305 1062 335 1117 ὅ
363 1084 417 1117 τι
442 1061 781 1137 καὶ-πράξοι.
836 1062 931 1116 Καὶ
992 1061 1145 1124 εὐθὺς
1180 1062 1349 1131 ζῆλος
1382 1060 1557 1117 εἶσέὸυ
1605 1062 1696 1116 τὸν
1751 1064 1823 1115 ἱε-

174 1154 294 1227 ρέα,
326 1151 437 1221 καί,
478 1177 498 1203 ι
536 1151 603 1208 Τί
635 1150 713 1220 δὲ,
750 1176 778 1203 ››
829 1152 983 1226 φησὶ,
1037 1177 1065 1203 ‹‹
1096 1154 1184 1206 καὶ
1226 1152 1332 1206 ἀπὸ
1360 1152 1523 1207 τίνων
1558 1154 1833 1227 ἀρχιερεῖς

175 1247 317 1295 εῖναι
348 1240 491 1311 ἄξιον
538 1240 573 1309 ἢ
625 1242 917 1316 μαγείρους
967 1243 1057 1297 καὶ
1109 1249 1442 1314 στράτωρας,
1476 1241 1566 1302 οὕς
1600 1240 1798 1296 ὑποκλί

172 1352 294 1385 νευν
356 1330 562 1404 ἀνάγκη
621 1329 716 1385 κᾶν
780 1332 809 1385 6'
868 1352 919 1385 τι
979 1330 1227 1400 θέλοιτε;
1265 1355 1291 1382 ››
1353 1331 1535 1387 Ταῦτά
1572 1352 1629 1385 τε
1661 1330 1828 1384 εἷπεῖν

173 1420 265 1473 καὶ
299 1418 492 1493 ἀθρόον
536 1421 599 1473 τὸ
652 1427 748 1488 τῆς
806 1422 1179 1495 πατριαρχίας
1239 1415 1513 1491 σύμϐολον
1550 1420 1698 1493 ῥίψαι
1731 1421 1828 1489 τήν

179 1508 502 1583 βακτηρίαν,
563 1510 663 1577 τήν
717 1508 765 1563 δ’
822 1508 1201 1585 ἔπιῤῥοιζῆσαι
1261 1510 1367 1583 πρὸ
1416 1505 1597 1562 ποδῶν
1632 1513 1709 1579 τῷ
1744 1510 1831 1583 βα-

176 1593 324 1649 σιλεῖ
354 1600 637 1666 πεσοῦσαν,
668 1596 759 1651 τὸν
796 1594 842 1650 δ’
880 1595 972 1670 ἅμ’
1026 1597 1411 1666 ἀναστάντα,
1442 1595 1623 1650 ποδῶν
1660 1603 1827 1671 εῖχεν,

170 1682 275 1754 ἔξω
309 1691 534 1759 χωρεῖν.
569 1685 672 1741 Καὶ
700 1686 790 1740 τὸν
851 1688 944 1757 μὲν
1007 1686 1235 1761 βασιλέα
1263 1684 1315 1739 ἐν
1347 1684 1578 1759 αἰσχύνῃ
1608 1690 1830 1739 ποιοῦν-

172 1794 241 1827 τα
272 1776 333 1828 τὸ
363 1781 587 1851 πρᾶγμα
627 1774 769 1830 ἐνεὸν
828 1776 1161 1846 ἀνίστασθαι,
1220 1775 1422 1829 ἐκεῖτον
1483 1772 1560 1840 δὲ,
1600 1773 1826 1829 πολλῶν

1126 793 1226 849 οὐκ
1282 794 1611 869 ἐφρόντιζεν.
1644 796 1731 855 Ὠς
1776 792 1832 848 δὲ
1886 791 1891 794 ’

1936 639 2045 673 ται.
2080 616 2254 674 Ἀλλὰ
2303 618 2575 681 πολλάκις
2626 619 2788 673 εἰπὼν
2840 619 2942 672 οὐκ
2988 617 3258 686 ἠκούσθη,
3299 619 3387 671 καὶ
3423 617 3585 691 ὑπερ-

1940 708 2148 781 ήμερος
2185 706 2431 784 έφαίτετο
2481 710 2514 775 ἡ
2571 709 2818 783 βοήθεια.
2870 709 3160 781 Δράττεται
3188 705 3366 759 τοίνυν
3401 707 3427 759 ὁ
3455 726 3584 779 πρε-

1937 791 2141 850 σϐεύων
2189 801 2401 870 καιροῦ,
2452 798 2543 850 καὶ
2602 799 2628 850 6
2682 797 2867 869 καιρὸς
2923 796 3083 867 ἑορτὴ
3134 796 3198 862 ἦν
3230 799 3330 848 τοῦ
3364 795 3415 848 ἐν
3451 796 3587 867 μάρο

1936 906 2057 939 τυσι
2115 892 2440 962 περιφανοῦς
2502 886 2772 959 Γεωργίου
2826 885 2915 939 καὶ
2967 884 3179 955 σύναξις
3235 880 3441 958 ἀνδρῶν
3491 883 3589 937 οὐκ

1936 973 2140 1046 ὀλίγων
2194 974 2293 1028 ἀνά
2342 976 2441 1043 τήν
2496 978 2603 1028 τῶν
2664 976 2964 1048 Μαγγάνων
3028 974 3221 1043 μονήν.
3284 974 3380 1024 Καὶ
3428 972 3455 1025 ὁ
3489 974 3583 1042 μὲν

1936 1061 2112 1135 ἱερεὺς
2168 1064 2267 1130 τήν
2325 1063 2653 1135 ἀναίμακτον
2715 1061 2882 1117 ἐτέλει
2941 1060 3146 1128 θυσίαν,
3184 1061 3210 1114 6
3244 1058 3300 1114 δὲ
3331 1060 3585 1135 βασιλεὺς

1936 1152 2227 1224 ἱστάμενος
2276 1151 2533 1209 ἐτελεῖτο.
2596 1152 2742 1208 Ἐπεὶ
2804 1149 2851 1205 δ’
2906 1149 3219 1218 έτελεύταὴ
3250 1154 3360 1204 τῶν
3394 1147 3584 1224 δώρων

1938 1243 2179 1315 ἀναφορὰ
2234 1242 2323 1296 καὶ
2383 1240 2489 1297 ἔδει
2542 1244 2631 1296 τὸν
2698 1240 2923 1315 βασιλέα
2976 1242 3277 1314 νιψάμενον
3309 1239 3589 1315 προεισελ-

1938 1336 2046 1395 θεῖν
2109 1330 2186 1408 ἐφ’
2244 1333 2289 1403 ᾧ
2343 1352 2402 1385 τε
2464 1336 2751 1406 μετασχεῖν
2814 1328 3113 1403 ἆντιδώρου
3184 1328 3272 1383 καὶ
3329 1329 3583 1403 εὐλογίαν

1936 1419 2081 1492 παρᾶ
2110 1422 2205 1473 τοῦ
2266 1418 2756 1493 λειτουργήσαντος
2818 1416 3086 1488 δέξασθαι,
3144 1416 3585 1491 ἆνοίγνυνταιτὰ

1934 1508 2165 1579 πρόσθεν
2224 1512 2328 1561 τῶν
2388 1506 2597 1562 ἀδύτων
2660 1508 2837 1579 θύρια,
2894 1506 3239 1581 ἐμφανίζεται
3286 1507 3313 1560 6
3360 1508 3459 1573 τήν
3495 1507 3583 1559 εύ-

1935 1598 2041 1669 χὴν
2073 1594 2308 1650 τελέσων
2359 1601 2438 1668 τῷ
2502 1596 2735 1670 βασιλεῖ,
2796 1596 3044 1671 πρόσεισι
3079 1595 3337 1671 βασιλεὺς
3370 1595 3587 1649 ἐκτείνει

1933 1685 2027 1745 τὰς
2061 1690 2250 1759 χεῖρας
2294 1689 2391 1739 τοῦ
2451 1686 2598 1748 θείου
2648 1682 2812 1759 ἂρτου
2873 1683 3213 1757 ληψόμενος,
3268 1683 3452 1757 ἐπέχει
3483 1687 3580 1751 τῆν

1936 1771 2105 1843 δεξιὰν
2137 1775 2164 1827 6
2192 1773 2365 1846 ἱερεὺς
2412 1776 2473 1828 τὸ
2520 1780 2615 1828 τοῦ
2661 1776 2813 1850 ἱεροῦ
2864 1774 3027 1848 ἄρτου
3067 1772 3287 1845 κλάσμα
3317 1775 3581 1847 κατέχου-

170 1862 488 1937 ἐπεχόντων
514 1866 601 1919 καὶ
659 1886 719 1939 γε
767 1868 875 1919 τῶν
937 1864 997 1919 ἐκ
1056 1864 1330 1936 βασιλέως
1364 1872 1578 1938 συχνῶν
1613 1883 1826 1935 πεμπο-
1858 1899 1905 1962 Β
1937 1885 2051 1919 σαν.
2090 1866 2169 1934 [Ρ.
2201 1866 2328 1935 276]
2388 1864 2488 1919 Καὶ
2539 1864 2680 1918 οὕτω
2732 1868 2839 1917 τῶν
2906 1866 2998 1935 μὲν
3058 1867 3258 1938 χειρῶν
3295 1862 3582 1934 ἐκτεταμέ-

172 1952 351 2023 μένων
382 1954 471 2006 καὶ
532 1954 861 2028 ὑποστρέψαι
919 1951 1380 2029 παρακαλούντων
1427 1954 1499 2013 ὡς
1533 1953 1608 2013 εἰς
1643 1950 1822 2019 λύπην

166 2046 250 2112 τῷ
316 2042 533 2117 βασιλεῖ
585 2044 958 2117 γενησομένης
1009 2050 1109 2111 τῆς
1178 2043 1565 2117 ἐκχωρήσεως,
1620 2042 1709 2096 τὸν
1770 2039 1826 2096 δὲ

175 2128 312 2202 μηδ’
343 2130 491 2194 ὅλως
524 2132 770 2199 ἀκοῦσαι,
823 2130 967 2187 ἀλλὰ
1014 2131 1151 2205 πεζῇ
1202 2129 1433 2194 διελθεῖν
1467 2131 1553 2185 καὶ
1587 2132 1685 2199 τὴν
1724 2151 1823 2201 μο-

164 2222 268 2289 νὴν
318 2223 418 2289 τῆς
467 2221 660 2296 χώρας
702 2216 1055 2288 καταλαϐεῖν,
1107 2216 1252 2295 ἔργῳ
1298 2219 1551 2290 δειξαντα·
1584 2222 1682 2289 τήν
1726 2224 1823 2274 τοῦ

172 2311 353 2379 ζήλου
386 2309 542 2387 φύσιν
576 2310 758 2381 ὁποία,
789 2312 879 2365 καὶ
912 2311 985 2374 ὡς
1040 2308 1100 2364 οὐ
1133 2304 1402 2382 λαμϐάνει
1431 2310 1724 2385 ⁸πρόσω-τιον
1759 2305 1823 2362 άυ

164 2398 306 2452 κατά
364 2400 492 2453 Θεὸν
550 2398 785 2475 γίνηται.
846 2397 1083 2454 1’Λλλοτε
1142 2396 1207 2468 δὴ
1267 2398 1432 2454 πάλιν
1503 2398 1820 2473 (προτρέχει

164 2489 273 2562 γὰρ
333 2488 423 2543 καὶ
479 2493 642 2544 τοῦτο
706 2488 965 2565 ῥηθῆναι)
1025 2488 1155 2564 ὑπὲρ
1214 2488 1508 2563 ἀνθρώπου
1535 2485 1718 2559 δέησις
1750 2490 1817 2557 ἦν

166 2711 414 2762 tronum
445 2708 700 2773 vertens,
725 2707 995 2779 asperius
1025 2712 1082 2763 et
1104 2708 1229 2778 ipse
1262 2707 1649 2779 responsavit.
1684 2707 1819 2763 Pro-

166 2801 432 2851 cesserat
456 2812 602 2868 pene
621 2795 683 2851 in
706 2796 977 2869 jurgium
999 2796 1377 2867 lis,poscente
1397 2796 1830 2865 hoc,abnuente

164 2882 300 2949 illo,
333 2884 630 2941 efﬁcacius
663 2885 773 2941 hoc
795 2886 1169 2958 deprecante,
1201 2889 1404 2942 contra
1463 2885 1566 2941 illo
1621 2902 1830 2941 excan-

172 2975 477 3030 descente.
512 2975 775 3031 Tandem
820 2980 1184 3031 contestante
1242 2975 1493 3047 praesule
1545 2975 1826 3046 injuriam

175 3063 579 3131 hominiﬁeri,
614 3064 876 3136 principe
925 3064 1072 3120 nihil
1134 3064 1193 3120 id
1256 3082 1316 3121 se
1371 3082 1576 3120 curare
1637 3070 1830 3121 osten-

178 3155 377 3221 dente,
412 3153 658 3227 pressule
689 3171 752 3210 se
784 3155 977 3211 adhuc
1009 3155 1219 3211 fortius
1244 3161 1534 3224 acturum,
1569 3155 1626 3209 ni
1661 3155 1830 3209 audi-

1933 1974 2039 2005 νων
2071 1956 2149 2022 τῷ
2186 1950 2417 2025 βασιλεῖ,
2450 1956 2551 2016 τῆς
2601 1950 2658 2007 δὲ
2706 1949 2880 2022 δεξιᾶς
2926 1957 3005 2023 τῷ
3050 1953 3187 2025 ἱερεῖ
3216 1951 3580 2025 ἀτρεμούσης,

1935 2044 1967 2109 ἡ
1996 2042 2215 2115 γλῶσσα
2248 2042 2388 2115 θέρει
2416 2043 2517 2110 τήν
2552 2041 2752 2096 ἱκεσίαν
2802 2042 2890 2095 καὶ
2937 2046 3018 2112 τῷ
3067 2038 3397 2113 λυπουμένῳ
3431 2047 3583 2111 ζητεῖ

1931 2131 2030 2198 τὴν
2065 2128 2241 2186 λύσιν.
2270 2128 2425 2191 Εἶδες
2456 2128 2515 2183 ἂν
2564 2131 2686 2185 τότε
2733 2136 2976 2203 γενναῖον
3008 2130 3339 2204 παράστημα
3369 2133 3580 2205 ψυχῆς,

1930 2223 2027 2273 τοῦ
2087 2218 2181 2290 μὶν
2240 2218 2543 2280 ἰκτεύοντος
2603 2217 2781 2274 δοῦναι
2841 2221 2939 2286 τήν
2996 2218 3172 2286 λύσιν,
3222 2218 3451 2273 καὶτοῦ
3487 2221 3585 2291 μὲν

1933 2307 2007 2369 εἷς
2039 2309 2226 2384 καιρὸν
2260 2309 2600 2384 ἀναρτῶντος
2659 2308 2732 2371 ὡς
2794 2310 2869 2380 μὴ
2925 2304 3080 2370 ὄντος
3128 2307 3335 2363 ἐκείνου
3383 2312 3582 2383 καιροῦ

1934 2398 2161 2467 λύσεως,
2190 2402 2286 2453 τοῦ
2318 2396 2488 2454 δὲκαὶ
2527 2400 2739 2472 μᾶλλον
2789 2401 2863 2461 ὡς
2914 2396 3068 2461 ὄντος
3122 2399 3573 2473 έξανακράζοντος

1933 2489 2045 2561 ἅμα
2080 2489 2173 2561 μὶν
2222 2488 2496 2563 ἀγιασμοῦ
2556 2487 2615 2543 ἐκ
2673 2493 2831 2558 Θεοῦ,
2882 2490 2993 2561 ἅμα
3038 2486 3097 2542 δὲ
3126 2486 3216 2542 καὶ
3249 2487 3586 2561 συμπαθείας

2008 2706 2432 2778 Arripitagitur
2443 2708 2811 2765 occasionem
2827 2707 3388 2780 intercessor,quam
3409 2724 3441 2762 a
3456 2705 3563 2762 reli
3577 2719 3598 2729 '

1937 2795 2107 2867 gione
2140 2796 2260 2852 fore
2290 2797 2519 2868 putavit
2541 2797 2859 2854 efﬁcacem.
2886 2799 3120 2853 Festum
3144 2798 3429 2869 agebatur
3461 2812 3589 2867 per-

1939 2884 2192 2941 illustris
2224 2884 2380 2941 inter
2404 2891 2691 2960 martyres
2714 2888 2968 2959 Georgii,
3001 2896 3055 2943 et
3098 2891 3419 2943 conventus
3460 2888 3585 2942 erat

1942 2991 2058 3030 non
2083 2974 2324 3031 modica:
2357 2976 2764 3032 multitudinis
2797 2978 2950 3048 apud
2976 2977 3159 3032 aedem
3192 2992 3422 3032 sacram
3458 2991 3586 3030 mo-

1940 3064 2180 3120 nasterii
2215 3064 2665 3138 Manganorum,
2698 3065 3075 3123 incruentum
3097 3065 3177 3121 ibi
3238 3063 3592 3121 sacriﬁcium

1943 3154 2222 3210 offerente
2278 3155 2600 3227 patiarcha.
2664 3155 2991 3227 Imperator
3073 3155 3259 3211 sacris
3342 3154 3591 3210 astabat.

176 3250 364 3313 retur,
388 3261 503 3315 pra:
525 3260 588 3299 se
619 3243 857 3311 ferente,
887 3244 1151 3316 principe
1209 3250 1413 3300 contra
1470 3248 1824 3313 ostentante,
1860 3241 1904 3307 C
1942 3243 2050 3300 Ubi
2082 3260 2215 3300 vero
2247 3244 2500 3316 perfecta
2522 3244 2818 3301 oblatione
2839 3245 3129 3300 donorum
3147 3255 3384 3315 tempus
3404 3243 3589 3298 adfuit

177 3332 473 3404 quidquid
506 3334 724 3389 faceret
744 3340 844 3388 aut
875 3333 1114 3399 diceret,
1149 3333 1295 3388 nihil
1348 3333 1833 3405 impetraturum,

170 3440 245 3478 ne
280 3427 408 3477 tum
462 3422 703 3493 quidem
762 3422 1096 3494 patriarcha
1138 3423 1329 3478 victus
1388 3423 1677 3480 abscessit
1734 3427 1837 3478 aut

172 3516 527 3582 susceptum
587 3527 762 3567 suum
837 3512 1104 3568 deserere
1163 3511 1467 3579 sustinuit,
1529 3513 1628 3567 sed
1687 3518 1834 3568 aestu

174 3601 372 3657 elatus
404 3601 838 3657 ell‘ervescentis
871 3602 1031 3657 intus
1060 3602 1167 3656 zeli
1195 3619 1207 3657 :
1236 3623 1263 3650 «
1286 3602 1434 3666 Quid
1469 3600 1650 3672 igitur
1683 3603 1706 3654 Ρ
1749 3600 1836 3656 in-

174 3692 343 3763 quit;
379 3707 451 3745 an
485 3706 690 3747 censes
721 3708 955 3763 aequum
984 3691 1292 3763 episcopos
1324 3692 1479 3763 apud
1506 3706 1608 3746 vos
1652 3691 1836 3746 nihilo

179 3781 370 3855 pluris
402 3798 531 3838 esse
589 3798 769 3855 quam
821 3800 1040 3855 coquos
1102 3786 1204 3837 aut
1261 3788 1563 3848 stratores,
1620 3783 1837 3854 quibus

176 3873 383 3928 omnia
414 3872 577 3928 vobis
604 3873 851 3946 obsequi
885 3877 943 3929 et
975 3873 1045 3929 ad
1072 3877 1282 3928 nutum
1321 3873 1541 3927 servire
1599 3888 1838 3928 necesse

174 3967 267 4018 est
299 3961 329 4017 ?
360 3983 389 4011 »
421 3960 611 4017 Simul
645 3961 766 4018 haec
790 3961 992 4017 dicens
1025 3962 1378 4034 pastoralem
1412 3958 1711 4031 baculum,
1736 3978 1837 4033 pa-

178 4050 516 4107 triarcbalis
578 4050 814 4123 insigne
878 4050 1207 4122 dignitatis,
1269 4056 1405 4106 ante
1463 4049 1837 4121 imperatoris

174 4140 356 4212 pedes
382 4138 628 4210 abjicit:
664 4140 787 4211 ipse
826 4139 1050 4211 impetu
1092 4156 1414 4211 exsurgens
1462 4138 1838 4195 velocissimo

180 4246 365 4301 passu
399 4245 462 4285 se
492 4229 649 4286 foras
681 4229 862 4299 ejicit.
909 4230 970 4285 Id
1028 4229 1233 4286 videns
1284 4229 1607 4299 imperator
1649 4233 1706 4285 et
1764 4229 1837 4284 ad

178 4319 573 4391 ignominiam
609 4318 901 4390 pertinere
950 4335 1119 4373 suam
1180 4322 1485 4389 reputans,
1536 4318 1831 4374 sollicitus

178 4406 470 4479 assurgit,
504 4404 714 4462 multis
746 4406 1170 4479 digredientem
1198 4412 1399 4461 tenere
1429 4405 1826 4478 patriarcham

174 4495 555 4562 conantibus,
585 4500 641 4551 et
673 4494 803 4551 aliis
828 4501 1006 4567 super
1036 4494 1183 4551 alios
1216 4496 1287 4551 ab
1313 4496 1667 4567 imperatore
1698 4494 1837 4549 mis-

1946 3349 2063 3405 quo
2094 3350 2164 3389 ex
2185 3349 2345 3390 more
2375 3336 2531 3390 lotus
2563 3335 2884 3406 imperator
2913 3335 3185 3390 accedere
3215 3333 3467 3389 debebat
3524 3333 3596 3388 ad

1947 3423 2378 3495 perceptionem
2433 3424 2605 3495 panis
2650 3422 2966 3489 benedicti,
3026 3438 3203 3495 quem
3253 3421 3595 3477 antidorum

1943 3517 2174 3579 vocant,
2199 3516 2255 3567 et
2276 3512 2572 3584 eulogiam
2605 3530 2639 3569 a
2669 3512 3000 3568 celebrante
3060 3512 3347 3583 accipere,
3406 3509 3590 3565 reclu-

1946 3602 2171 3657 duntur
2191 3602 2517 3658 anteriores
2550 3602 2861 3675 adytorum
2896 3602 3072 3669 fores,
3120 3605 3177 3657 et
3249 3600 3441 3671 prodit
3497 3598 3596 3671 qui

1943 3690 2092 3746 bene
2151 3695 2493 3763 precaturus
2553 3692 2896 3764 imperatori
2935 3691 3109 3762 juxta
3164 3706 3387 3746 morem
3447 3693 3590 3745 erat.

1945 3780 2161 3836 Praesto
2193 3786 2283 3837 est
2309 3783 2609 3854 Augustus
2644 3797 2658 3836 :
2691 3786 2749 3839 et
2780 3797 2993 3837 manus
3054 3779 3303 3853 porrigit
3347 3795 3585 3836 sacrum

1946 3876 2292 3941 sumpturus
2344 3887 2579 3942 panem.
2647 3870 2893 3927 Cobibet
2943 3870 3244 3926 dexteram
3295 3869 3590 3938 sacerdos,

1945 3975 2063 4030 qua
2097 3960 2490 4030 fragmentum
2518 3960 2668 4016 sacri
2704 3959 2875 4032 panis
2898 3959 3154 4023 tenebat,
3177 3958 3247 4013 Et
3276 3958 3360 4015 sic
3392 3962 3593 4014 exten-

1944 4048 2027 4104 sis
2073 4048 2448 4120 imperatoris
2495 4048 2732 4122 palmis,
2804 4066 2981 4104 manu
3063 4065 3197 4104 vero
3282 4048 3595 4120 patiarchaa

1946 4136 2133 4209 rigide
2166 4152 2479 4209 suspensa,
2511 4136 2716 4210 lingua
2743 4137 2873 4208 ejus
2902 4137 3078 4193 toties
3111 4140 3283 4193 antea
3314 4138 3593 4208 rejectam

1945 4225 2437 4298 supplicationem
2470 4226 2723 4296 iteravit,
2755 4230 2814 4282 et
2864 4226 3091 4283 bomini
3144 4241 3292 4299 aagre
3335 4226 3596 4294 habenti,

1944 4318 2010 4370 ut
2039 4316 2110 4370 ab
2144 4315 2498 4388 imperatore
2521 4316 2675 4387 quod
2700 4316 2960 4388 optabat,
2975 4316 3339 4387 contingeret
3360 4319 3595 4387 precata

1944 4408 2054 4460 est.
2087 4402 2329 4459 Videres
2371 4403 2467 4459 hic
2515 4403 2793 4476 utrinque
2843 4403 3121 4459 obnixam
3180 4403 3239 4458 in
3294 4404 3595 4475 proposito

1946 4493 2340 4550 constantiam
2391 4495 2643 4551 duorum
2688 4494 2891 4550 invicti
2950 4493 3163 4566 rigoris
3235 4494 3591 4549 animorum.

175 4586 259 4641 sis
291 4586 424 4657 ejus
455 4586 694 4640 nomine
718 4585 1065 4657 rogantibus
1082 4589 1147 4640 ut
1178 4585 1393 4641 rediret
1423 4586 1496 4639 ad
1527 4589 1831 4640 vocantem
1867 4603 1913 4670 Β
1944 4583 2102 4640 Nihil
2133 4583 2289 4640 enim
2323 4585 2394 4639 de
2420 4584 2719 4641 sententia
2748 4583 3007 4640 dimotus
3068 4584 3392 4656 imperator
3449 4584 3597 4655 frag.

172 4676 515 4746 Augustum
543 4678 601 4729 et
631 4674 961 4731 discessum
1005 4673 1164 4729 hunc
1223 4674 1352 4744 ejus
1413 4673 1834 4729 molestissime

175 4764 481 4820 ferentem.
528 4763 627 4820 Ille
685 4764 755 4820 ad
807 4765 1007 4820 omnia
1059 4766 1276 4821 surdus
1325 4781 1564 4820 cursum
1617 4765 1830 4835 tenuit,

176 4855 369 4926 quoad
399 4854 456 4908 in
480 4854 762 4923 vicinum,
797 4856 900 4911 ubi
932 4854 1361 4923 diversabatur,
1408 4856 1831 4910 monasterium

176 4943 358 5015 pedes
390 4942 675 5015 pervenit,
709 4943 905 5016 reipsa
926 4944 1243 5000 ostendens
1275 4960 1403 5015 quas
1440 4943 1668 4999 indoles
1725 4941 1831 4999 zeli

173 5033 272 5095 sit,
338 5047 638 5104 quamque
688 5031 807 5099 ille,
850 5049 983 5089 cum
1038 5033 1224 5088 Deum
1284 5032 1461 5089 habet
1510 5040 1830 5101 auctorem,

173 5121 504 5177 reverentia
534 5122 860 5193 quantavis
892 5122 1067 5179 etiam
1092 5122 1397 5194 praesentis
1421 5137 1681 5193 personae
1714 5138 1830 5178 non

172 5211 595 5267 retardaretur.
646 5212 806 5268 Alias
850 5229 1060 5269 rursus
1119 5212 1281 5286 (nam
1331 5217 1387 5268 et
1431 5211 1546 5267 huc
1605 5212 1832 5284 impetu

170 5299 353 5357 semel
403 5300 776 5373 digrediendi
838 5308 1009 5376 capto
1060 5318 1243 5374 prono
1303 5301 1476 5374 lapsu
1525 5306 1833 5374 procurrat

172 5389 389 5461 oratio)
422 5389 593 5457 alias,
628 5390 877 5463 inquam
911 5408 1123 5448 rursus
1149 5391 1354 5447 orabat
1386 5390 1690 5463 patiarcba
1729 5407 1831 5463 pro

172 5479 436 5548 homine,
470 5479 565 5535 cui
617 5481 843 5551 justum
907 5483 1186 5538 censebat
1238 5481 1313 5537 ab
1366 5482 1721 5553 imperatore
1771 5481 1830 5536 id

174 5566 471 5641 indulgeri
506 5583 621 5640 quo
655 5570 885 5641 egebat,
935 5570 1039 5625 sed
1096 5569 1372 5641 replicata
1412 5569 1626 5640 saepius
1686 5568 1831 5624 nihil

176 5656 524 5729 proficiebat
554 5658 742 5714 oratio
769 5679 783 5729 ;
809 5663 866 5715 et
890 5660 1039 5715 407
1070 5660 1193 5730 jam
1214 5658 1391 5732 longa
1419 5658 1833 5731 adeoqueinﬁ-

178 5740 303 5803 nite
331 5743 646 5803 videbatur
680 5762 833 5822 saepe
863 5748 1086 5807 frustra
1136 5747 1327 5823 rogati
1386 5744 1589 5806 auxilii
1643 5762 1828 5805 mora.

1946 4678 2207 4730 mentum
2233 4673 2490 4745 petebat,
2518 4672 2855 4746 patriarcha
2869 4673 3128 4729 vicissim
3152 4674 3380 4728 veniam
3400 4672 3604 4728 orabat

1944 4763 2213 4836 pauperi.
2246 4768 2439 4835 Atque
2470 4764 2811 4835 imperatori
2844 4763 3153 4819 excusanti
3187 4780 3301 4819 non
3359 4778 3488 4818 esse
3543 4762 3599 4816 id

1947 4856 2151 4925 aptum
2181 4853 2363 4909 veniae
2397 4852 2495 4907 isti
2529 4853 2913 4909 concedenda:
2966 4858 3225 4923 tempus,
3277 4856 3334 4906 et
3382 4850 3602 4905 differri

1944 4941 2246 5013 negotium
2302 4942 2593 5013 poscenti,
2646 4942 2983 5014 patriarcha
3015 4946 3219 4997 contra
3290 4940 3607 5011 reponebat

1946 5030 2162 5101 optime
2199 5030 2478 5103 conjungi
2504 5047 2637 5086 cum
2668 5032 3045 5103 perceptione
3098 5030 3300 5102 gratiae
3359 5046 3428 5084 ex
3484 5029 3601 5085 Deo

1943 5119 2378 5193 indulgentiam
2402 5120 2462 5176 in
2494 5120 2797 5177 hominem
2829 5120 3200 5188 veniaa;tum
3234 5122 3607 5175 asseverabat

1942 5227 2243 5280 nunquam
2278 5226 2340 5266 se
2368 5210 2728 5266 tributurum
2760 5228 2995 5267 sacrum
3031 5226 3266 5283 panem,
3320 5208 3433 5264 nisi
3485 5225 3603 5280 quo

1941 5301 2253 5373 petebatur
2318 5298 2637 5372 largiretur
2678 5301 3015 5373 imperator.
3059 5300 3262 5356 Finem
3308 5306 3603 5355 certamen

1943 5407 2061 5445 non
2084 5389 2361 5455 habebat,
2376 5390 2568 5460 quoad
2588 5391 2822 5447 tandem
2841 5389 3142 5446 intentiori
3166 5387 3601 5461 supplicatione

1944 5480 2164 5536 institit
2192 5482 2489 5551 Augustus
2522 5485 2587 5536 ut
2619 5481 2731 5536 sibi
2766 5481 2938 5552 panis
2964 5481 3222 5546 daretur,
3243 5494 3357 5535 non
3392 5482 3514 5533 tam
3538 5478 3609 5533 ad

1946 5587 2121 5626 usum
2158 5571 2507 5637 fractumve,
2533 5576 2600 5626 ut
2653 5572 2864 5641 aiebat,
2928 5571 3233 5643 proprium
3294 5583 3472 5641 quam
3533 5567 3608 5621 ad

1941 5659 2324 5717 offensionem
2346 5660 2672 5733 spectantis
2693 5660 2894 5734 populi
2912 5660 3239 5729 vitandam,
3256 5658 3411 5732 apud
3430 5671 3605 5729 quem

1942 5745 2400 5808 existimationis
2430 5747 2735 5823 jacturam
2767 5747 3014 5817 subiret,
3048 5748 3098 5807 si
3135 5762 3354 5806 vacuus
3383 5750 3442 5803 et
3460 5743 3609 5802 sacri
