4212 6442
645 409 752 462 863

1948 405 2250 464 GEORGII
2289 396 2749 455 PACHYMERB

3936 400 4051 457 864

647 528 783 603 πρὸς
817 527 1118 603 ἄνθρωπον.
1146 527 1314 592 Τέλος
1364 526 1644 584 ἀντιϐολεῖ
1694 526 1947 603 βασιλεὺς
1977 526 2038 581 τὸ
2067 523 2289 597 κλάσμα
2318 525 2372 590 Α
2402 518 2537 591 πρὸς
2570 517 2811 589 ἕκαστον,
2872 516 2961 574 διὰ
3014 520 3074 575 τὸ
3129 518 3345 593 ἀξίωμα
3400 522 3714 595 ἀγανακτεῖν
3742 522 3831 576 καὶ
3864 519 4055 578 δυσκο-

649 613 971 689 λαμϐάνειν,
1032 617 1092 672 οὐ
1140 618 1277 672 κατᾶ
1340 618 1526 692 χρείαν
1590 617 1825 690 μᾶλλον,
1885 617 1957 678 ὡς
2004 612 2285 687 ἕδειξεν,ᾗ

645 704 752 780 ε’γε
778 707 930 766 κενὸς
978 706 1308 780 ἀποστρέψει
1353 707 1444 761 τὸν
1492 707 1621 761 λαὸν
1671 704 2087 780 αἰσχυνόμενος.
2119 705 2204 765 Ὠς
2240 701 2285 757 δ’

646 794 743 849 οὐκ
774 792 973 864 ἐδίδου,
1032 794 1106 857 εἷς
1166 801 1337 868 κρῖμα
1392 794 1561 870 λέγων
1622 789 1944 867 λαμϐάνειν,
1975 794 2019 847 εἰ
2057 795 2129 864 μὴ
2166 790 2281 846 λῦει

642 887 720 953 τῷ
778 881 1027 952 διακενῆς
1085 884 1412 956 λυπουμένῳ
1459 885 1558 952 τὴν
1610 884 1813 952 λύπην,
1870 877 2193 955 μεταϐαλεῖν
2225 902 2283 935 τε

636 975 727 1025 τὸν
766 972 990 1046 βασιλέα
1034 973 1096 1027 τὸ
1154 972 1345 1047 ἱλαρὸν
1406 973 1483 1036 εἷς
1542 972 1730 1047 ὀργὴν,
1788 974 1875 1026 καὶ
1912 969 2079 1044 μηδὲν
2112 992 2282 1046 προσ-

640 1060 795 1124 Οέντα
820 1066 941 1132 τοῦ,
983 1088 1001 1113 ι
1038 1062 1315 1135 Ἀνέορτα,
1350 1086 1376 1113 υ
1410 1062 1601 1135 εἰπεῖν,
1639 1087 1664 1114 ί(
1700 1063 2069 1134 imprimite”
2105 1086 2131 1111 ”
2164 1081 2280 1136 χω-

637 1151 797 1223 ρῆσαι
827 1150 961 1225 πρὸς
992 1152 1052 1206 τὸ
1084 1150 1369 1206 παλάτιον.

634 1311 707 1364 κε’
764 1313 956 1372 ’Όπως
993 1382 1003 1388 ⁸
1039 1312 1114 1383 μὴ
1186 1313 1369 1388 ’φέρων
1428 1312 1455 1365 6
1517 1308 1770 1388 βασιλευς
1828 1310 1926 1388 τιῄν
1984 1312 2127 1383 παρά
2182 1313 2278 1363 τοῦ

808 1377 1153 1458 πατριάρχου
1182 1377 1477 1458 ἐνόχλησιν
1503 1377 1601 1450 τὴν
1632 1382 1821 1458 τρίτην
1854 1377 2090 1438 ἔταττεν.

703 1509 783 1579 [Ρ.
817 1510 941 1580 277]
974 1507 1098 1564 Ἐπὶ
1128 1508 1342 1569 τούτοις
1391 1510 1417 1562 ὁ
1472 1506 1723 1581 βασιλεὺς
1770 1503 2033 1569 αἰδεσθεὶς
2063 1506 2153 1560 τὸν
2186 1502 2277 1558 ἄν·

634 1590 752 1666 δρα,
787 1592 1018 1669 ὠρέγετο
1075 1596 1171 1666 μὲν
1228 1592 1449 1649 ἔκποθεν
1508 1593 1680 1648 αἰτίαν
1742 1590 2130 1667 σχεδιασθῆναι
2179 1597 2276 1647 τοῦ

632 1682 781 1744 ’ὁπως
812 1684 1173 1752 ταπεινωθείη
1224 1686 1286 1738 τὸ
1338 1688 1433 1737 τοῦ
1486 1679 1677 1755 ἀνδρὸς
1728 1681 2167 1751 ἀκατάπληκτον,
2197 1686 2275 1753 τῷ

632 1768 689 1825 δὲ
720 1792 777 1846 γε
807 1770 942 1835 τέως
972 1777 1086 1833 τοῖς
1118 1772 1240 1847 περὶ
1270 1771 1427 1826 αὐτὸν
1461 1770 1907 1845 ἀπολογούμενος
1950 1769 2097 1831 ὅπως
2129 1768 2271 1824 πολ-

2397 604 2597 661 λαίνειν
2627 608 2761 680 πρὸς
2813 610 2912 676 τήν
2970 611 3309 677 κατάνευσιν,
3366 608 3592 665 πολλῶν
3654 609 4047 685 ἐπεισρεόντων

2394 693 2626 759 ἄλλοθεν
2659 696 2845 751 ἄλλων
2886 698 2973 751 καὶ
3030 697 3403 771 μεθελκόντων
3459 699 3683 754 ἑκάστου
3714 700 3850 774 πρὸς
3883 701 4048 755 ἑαυτὸ

2391 784 2481 837 τὸν
2510 789 2638 837 νοῦν
2667 786 2757 839 τὸν
2793 785 3091 861 βασίλειον.
3150 786 3251 843 Καὶ
3304 789 3396 843 τὸν
3444 789 3630 860 μαθεῖν
3679 789 3768 843 καὶ
3805 794 4043 857 ζητῆσαι

2392 874 2578 946 καιρὸν
2641 872 2890 949 ἐντυχίας
2952 872 3109 945 ἴδιον,
3173 881 3299 950 μιᾶς
3359 878 3570 953 ἡμέρας
3630 878 3706 939 είς
3735 881 3897 931 τοῦτο
3926 882 4042 932 τῶν

2392 961 2524 1015 ἒπτά
2556 963 2892 1037 ἐκλεγείσης.
2953 964 3050 1019 Καὶ
3106 963 3395 1041 ἐκλεγῖλναι
3450 968 3551 1034 τήν
3604 966 3814 1042 τρίτην,
3848 969 3924 1030 ὡς
3956 968 4043 1021 εἶ’-

2389 1071 2475 1104 ναι
2513 1051 2685 1122 μόνην
2714 1052 2915 1123 ταύτην
2967 1060 3073 1123 τῆσ
3129 1050 3436 1127 ἑϐδομάδος
3494 1056 3706 1125 ἀπάσης
3732 1056 3920 1130 καιρὸν
3956 1054 4044 1109 ἐν·

2387 1138 2582 1213 τυχίας
2614 1140 2746 1214 ὑπὲρ
2805 1141 3105 1215 ἀνθρώπων
3162 1148 3260 1197 τοῦ
3315 1144 3660 1218 πατριάρχου
3702 1145 3838 1219 πρὸς
3885 1144 4045 1211 βασι-

2389 1225 2507 1294 λέα,
2540 1230 2809 1302 ταχθῆναί
2863 1251 2922 1285 τε
2975 1230 3065 1285 καὶ
3124 1232 3503 1307 γραμματικὸν
3566 1229 3701 1286 ἴδιον
3748 1232 3836 1286 τὸν
3869 1236 4039 1308 Ξιφι-

2389 1314 2540 1370 λῖνον
2610 1318 2865 1392 Μιχαὴλ,
2925 1319 3006 1395 ἐφ’
3061 1321 3107 1392 ᾧ
3169 1322 3265 1382 τὰς
3333 1319 3515 1385 λύσεις
3576 1326 3683 1375 τῶν
3746 1323 4049 1398 ἀναφορῶν

2385 1403 2787 1481 ἀναδεχόμενον
2845 1411 3089 1486 γράφειν.
3150 1410 3339 1474 Οὕτως
3382 1411 3448 1478 ἦν
3509 1414 3545 1479 ἡ
3603 1410 3759 1486 τρίτη
3820 1411 4034 1487 ἀφωρι-

2387 1496 2558 1565 σμένη
2630 1502 2745 1567 Θεῷ
2770 1496 2955 1562 ἐλέους
3015 1500 3106 1553 καὶ
3164 1498 3584 1575 παρακλήσεως.
3642 1501 3729 1562 Ὠς
3772 1501 3831 1554 ἄν
3866 1498 3924 1554 δὲ
3956 1502 4038 1571 μὴ

2385 1582 2673 1659 ἀφαιροῖτο
2703 1588 2737 1654 ἠ
2770 1588 2949 1660 ἡμέρα
2990 1592 3087 1641 τοῦ
3138 1587 3465 1663 προνομίου,
3516 1586 3926 1663 ἀσχοληθέντος
3955 1588 4039 1643 ἐπ’

2385 1669 2581 1735 ἄλλοις
2634 1675 2751 1729 κατ’
2807 1676 3043 1751 ἀνάγκην
3097 1681 3194 1731 τοῦ
3252 1675 3503 1745 ἄνακτος,
3561 1677 3730 1739 τόπος
3793 1677 4038 1733 ἀναπαύ-

2384 1781 2521 1823 σεως
2548 1768 2666 1825 τοῖς
2692 1763 2814 1838 περὶ
2845 1765 2935 1819 τὸν
2984 1766 3332 1841 πατριάρχην
3388 1769 3422 1835 ἡ
3475 1773 3575 1835 τῆς
3605 1768 3791 1841 χώρας
3819 1766 4030 1842 ἐτάχθη

631 1858 789 1921 λάκις
848 1857 1137 1916 ἀντιϐαίνει
1188 1862 1275 1916 καὶ
1332 1860 1392 1915 οὐ
1448 1860 1686 1924 πείθεται
1751 1858 2143 1930 μεσιτεύοντος,
2172 1860 2271 1926 τὴν
2304 1887 2350 1952 Β
2387 1852 2551 1922 μονὴ,
2585 1850 2662 1913 εἷς
2691 1849 2756 1921 ἤν
2806 1855 2897 1907 καὶ
2948 1854 3297 1933 ὑποστρέφων
3352 1854 3541 1925 ἐνίοτε,
3584 1854 3650 1924 ἢν
3677 1855 4035 1927 τίπρωὶαθεν

628 1956 830 2025 συνεχῆ
893 1948 1221 2025 προσεδρίαν
1277 1950 1469 2024 ᾐτιᾶτο
1544 1956 1642 2018 τῆς
1704 1948 1994 2017 ἀπειθείας,
2053 1947 2139 2002 καὶ
2194 1949 2269 2009 ὡς

630 2045 876 2113 συνεχῶς
905 2038 1312 2115 ἐνοχλούμενος
1368 2039 1560 2095 ταυτόν
1599 2061 1649 2093 τι
1701 2039 1901 2113 πάσχει
1931 2043 2052 2101 τοῖς
2081 2038 2276 2110 apaud-

630 2149 749 2202 ροις
779 2126 1009 2183 πολλῶν
1061 2129 1501 2201 παρατιθεμένων
1566 2128 1907 2203 βρωμάτων·
1970 2127 2277 2201 ὀργίζεσθαι

626 2215 729 2289 γαρ
763 2215 1013 2286 ἐκείνους,
1073 2214 1138 2284 ἤν
1205 2219 1278 2290 μή
1337 2238 1418 2279 τις
1472 2218 1903 2285 ἀποσκευάζηται
1942 2218 2008 2269 τὰ
2036 2216 2274 2284 τεθέντα,

625 2304 713 2359 καὶ
746 2306 907 2360 αὐτὸν
942 2304 1169 2361 πολλῶν
1228 2309 1339 2360 καθ’
1397 2308 1625 2375 έκάστην
1683 2304 2132 2377 ἐπαντλουμένων
2170 2309 2278 2358 τῶν

633 2394 961 2467 ὑποθέσεων,
1020 2395 1109 2450 καὶ
1157 2398 1303 2449 ταῦτ’
1362 2396 1463 2449 οὐκ
1518 2395 1577 2449 ἐκ
1637 2393 1989 2467 μηνυμάτων,
2027 2390 2276 2448 ἆλλάὐ-

622 2485 1022 2559 τοπροσώπως,
1083 2486 1247 2540 ὁπότε
1300 2485 1391 2540 καὶ
1465 2488 1499 2554 ἡ
1573 2483 1856 2559 ἀντιλογία
1912 2483 2099 2559 κάιρὸν
2159 2480 2275 2558 ἔχει

623 2694 777 2750 408
812 2711 1017 2766 expers
1051 2694 1253 2750 ferculi
1284 2695 1354 2750 ab
1388 2712 1489 2750 ara
1520 2697 1925 2750 reverteretur.
1953 2693 2167 2748 Verum
2197 2708 2266 2747 ex

620 2783 867 2839 adverso
892 2783 1196 2855 patiarcha
1227 2783 1416 2855 magis
1452 2783 1779 2839 timendum
1821 2783 2263 2853 cavendamque

620 2872 947 2929 studiosius
974 2872 1242 2928 indicans
1278 2874 1369 2928 Dei
1392 2872 1773 2929 offensionem
1807 2889 1819 2926 :
1855 2871 2161 2942 Acciperes
2203 2870 2261 2924 in

613 2960 930 3031 judicium,
964 2968 1248 3034 Auguste,
1282 2963 1497 3034 inquit,
1560 2962 1713 3017 hunc
1766 2977 1997 3017 sacrum
2039 2960 2261 3027 cibum,

617 3052 806 3120 quoad
838 3057 1062 3107 certum
1096 3053 1394 3124 ﬁxumque
1434 3053 1539 3108 tibi
1600 3053 1709 3107 erit
1763 3052 1989 3106 homini
2044 3051 2261 3121 iujuste

614 3145 816 3195 vexato
865 3141 1141 3197 solatium
1200 3158 1429 3213 negare.
1477 3166 1503 3192 ››
1554 3146 1716 3197 Tunc
1787 3158 1918 3197 vero
1990 3146 2260 3212 caperata

2384 1941 2460 2011 μὴ
2514 1938 2748 1994 ἀνύσειεν
2816 1941 2866 2014 ἐξ
2923 1941 3216 2017 ἀναγκαίας
3279 1942 3549 2008 ἀσχολίας
3603 1942 4035 2013 ἐπεισπεσούσης

2385 2032 2461 2098 τῷ
2497 2029 2733 2102 βασιλεῖ,
2766 2032 2799 2099 ἢ
2834 2028 2989 2101 δείλη
3051 2031 3179 2105 ὀψία
3239 2031 3405 2107 μέχρι
3462 2033 3553 2087 καὶ
3594 2032 3646 2094 ἐς
3681 2032 3779 2106 ὀψὲ
3808 2038 3916 2088 τῶν
3949 2054 4041 2086 νυ-

2385 2120 2528 2170 κτῶν
2562 2117 2877 2191 ἀνεπλήρου
2933 2120 2995 2174 τὸ
3050 2119 3351 2195 ἐλλειφθέν.
3408 2120 3507 2175 Καὶ
3565 2119 3795 2176 πολλῶν
3851 2120 4042 2177 καλῶν

2387 2204 2445 2259 ἐκ
2499 2213 2598 2276 τῆς
2657 2207 2779 2283 περὶ
2832 2213 3001 2263 ταῦτα
3055 2214 3152 2263 τοῦ
3210 2209 3555 2285 πατριάρχου
3609 2207 3853 2278 σπουδῆς
3883 2211 4045 2264 ἀπώ-

2383 2316 2543 2350 ναντο
2578 2294 2879 2369 ἅνθρωποι.
2914 2296 3089 2352 Ἀλλά
3116 2302 3281 2354 ταῦτα
3333 2298 3429 2370 μὶν
3479 2297 3530 2360 ἐς
3575 2303 3855 2370 τοσοῦτον,
3888 2296 3921 2352 ἂ
3966 2297 4036 2366 δὴ

2383 2386 2472 2441 καὶ
2504 2388 2621 2440 καθ’
2654 2386 2844 2462 εἱρμὸν
2874 2382 3205 2463 προσλαϐὼν
3239 2389 3268 2445 6
3300 2387 3466 2464 λόγος
3497 2387 3821 2462 ὑπέμνησεν.

2378 2694 2571 2749 sentia
2593 2694 2913 2752 incussam.
2948 2696 3009 2751 Id
3043 2712 3144 2767 per
3172 2712 3233 2752 se
3265 2695 3710 2752 incommodum
3740 2694 4025 2759 intolera-

2378 2781 2557 2839 bilius
2593 2784 2755 2840 reddi
2807 2801 3095 2841 concursu
3151 2790 3209 2841 et
3261 2786 3549 2858 gravitate
3606 2784 4032 2857 principalium

2369 2888 2646 2929 curarum
2675 2880 2731 2929 et
2767 2875 3245 2947 occupationum,
3300 2876 3692 2944 undecunque
3749 2875 4043 2946 ingruen-

2372 2962 2524 3017 tium
2543 2963 2827 3035 principis
2849 2966 2909 3018 in
2936 2964 3169 3019 diversa
3185 2963 3685 3019 trahentium.His
3710 2966 3774 3017 ut
3789 2964 4042 3019 modum

2373 3052 2704 3119 adhiberet,
2756 3053 3061 3109 constituit
3104 3058 3324 3108 certam
3386 3053 3877 3125 praescribendam
3941 3071 4041 3123 pa-

2371 3140 2636 3195 triarcha
2670 3143 3085 3213 congressibus
3119 3144 3270 3198 409
3304 3143 3481 3207 diem,
3506 3158 3685 3197 unam
3718 3158 3750 3196 e
3794 3147 4031 3213 septem

617 3228 1168 3301 fronteimperator,
1220 3235 1277 3286 et
1320 3230 1497 3302 priori
1551 3230 1885 3301 placiditate
1943 3230 2137 3285 vultus
2199 3231 2257 3285 in
2288 3228 2329 3295 C
2376 3230 2577 3284 orbem
2613 3230 3134 3287 heddamodarium
3169 3232 3585 3299 conﬂantibus,
3636 3234 3799 3287 extra
3847 3248 4034 3302 quam

616 3318 931 3374 manifesta
960 3320 1055 3374 ira;
1090 3320 1306 3376 indicia
1338 3324 1585 3387 mutata,
1618 3336 1751 3375 cum
1783 3336 2029 3392 surgens
2079 3320 2259 3375 dixis-

617 3411 734 3462 set:
770 3430 798 3456 «
834 3408 980 3480 Ergo
1005 3410 1219 3465 festum
1242 3408 1525 3465 infestum
1552 3408 1804 3480 egimus,
1837 3429 1863 3460 ι
1910 3409 2072 3465 nullo
2114 3426 2261 3481 prae-

612 3498 700 3550 ter
728 3513 797 3552 ea
823 3498 1002 3553 verba
1033 3499 1233 3554 addito
1265 3499 1325 3553 in
1354 3497 1638 3570 palatium
1672 3498 1933 3555 recessit.

610 3648 912 3722 25.Utnon
934 3654 1117 3720 ferens
1150 3652 1448 3722 imperator
1480 3652 1985 3722 molestiamquam
2014 3653 2066 3706 ei
2091 3653 2263 3708 nimis

680 3721 883 3795 crebre
902 3723 1210 3793 patiarchaz
1228 3721 1321 3791 pro
1339 3724 1623 3792 egentibus
1637 3721 2064 3795 supputatione:
2081 3738 2261 3794 [aces-

683 3794 901 3876 sebant,
931 3796 1155 3851 tertiam
1206 3795 1319 3868 ipsi
1347 3798 1551 3868 feriam
1582 3796 1651 3851 ad
1682 3796 2085 3852 admissionem
2121 3796 2260 3850 assi-

683 3875 893 3920 anavzt.

681 3879 893 3934 gnavzt.

684 4015 784 4071 His
824 4019 1237 4089 experimentis
1269 4020 1490 4079 veritus
1532 4019 1854 4093 imperator
1900 4023 2021 4075 tam
2064 4035 2258 4074 acrem

610 4103 670 4159 in
734 4108 995 4177 urgendo
1046 4109 1276 4178 virum,
1324 4110 1598 4182 cupiebat
1669 4109 1940 4165 alicunde
1997 4107 2259 4180 aliquam

609 4196 867 4265 expediri
901 4198 1186 4256 rationem
1218 4201 1587 4256 commodam
1650 4198 1955 4271 intrepidae
2014 4199 2145 4270 ejus
2203 4203 2261 4255 et

612 4282 945 4343 inﬂexibilis
978 4291 1355 4346 retundendte
1386 4288 1787 4347 vehementia.
1822 4289 1902 4344 De
1950 4305 2067 4361 qua
2123 4304 2258 4343 cum

610 4375 763 4443 apud
785 4392 923 4432 suos
948 4378 1269 4436 familiares
1308 4396 1435 4435 sese
1456 4396 1715 4452 purgans
1738 4382 1954 4450 ageret,
1982 4394 2259 4433 accusare

613 4460 980 4521 contumacis
1004 4468 1335 4539 pertinacia:
1364 4468 1589 4525 solebat
1621 4466 2058 4523 irrevocabilem
2094 4466 2257 4521 illam

612 4552 927 4624 patiarchae
961 4561 1452 4629 perseverantiam
1487 4560 1545 4615 in
1589 4575 1777 4631 usque
1813 4562 1871 4614 et
1932 4573 2119 4629 usque
2173 4555 2255 4610 in-

615 4616 825 4700 stando
857 4648 926 4701 ad
958 4616 1397 4720 impetrandum
1427 4649 1485 4705 id
1514 4616 2258 4721 quodliterum,et.smpius
2294 4616 2337 4681 θ

615 4732 887 4804 petitum,
919 4736 1146 4795 idoneis
1179 4740 1377 4796 causis
1410 4745 1685 4809 negatum
1724 4738 1954 4793 fuisset.
1995 4736 2261 4792 Addebat

613 4823 920 4895 fatigatum
955 4844 1015 4885 se
1048 4830 1308 4886 molestis
1340 4830 1502 4885 hisce
1545 4827 1989 4885 obtrusionibus
2022 4824 2257 4897 petitio-

613 4932 755 4973 num
790 4920 1128 4993 frequenter
1147 4924 1522 4995 rejectarum,
1557 4923 1714 4978 idem
1748 4920 1867 4993 pati
1902 4920 2057 4992 quod
2107 4934 2259 4973 nau-

609 5013 841 5067 seantes
872 5012 1062 5069 solent
1084 5014 1330 5087 ingestis
1362 5014 1511 5069 cibis
1546 5029 1762 5084 magna
1793 5011 1985 5083 cepia,
2040 5008 2260 5081 quibus

609 5099 755 5155 iram
789 5114 1114 5159 commovet
1144 5104 1565 5176 importunitas
1600 5116 1880 5173 reponere
1930 5118 2047 5156 non
2099 5097 2257 5155 desi-

607 5190 887 5246 slentium
924 5193 1246 5249 fastiditam
1277 5194 1576 5250 cramben.
1614 5192 1798 5248 Multa
1819 5191 2081 5263 quoditie
2142 5187 2257 5244 sibi

605 5280 839 5351 negotia
859 5282 987 5353 ejus
1010 5283 1243 5355 generis
1276 5283 1462 5355 ingeri
1496 5283 1843 5339 assiduitate
1874 5277 2253 5337 insatisabili.

606 5384 795 5440 neque
826 5371 879 5425 id
917 5388 1017 5442 per
1046 5372 1274 5429 litteras
1306 5378 1410 5429 aut
1468 5374 1727 5443 nuntios,
1777 5372 1878 5428 sed
1938 5386 2133 5426 coram
2181 5367 2251 5424 ab

605 5457 735 5529 ipso
768 5464 996 5516 astante
1049 5478 1149 5531 per
1198 5478 1375 5533 seque
1431 5465 1639 5534 agente
1689 5459 2065 5533 patriarcha;
2097 5457 2253 5513 unde

604 5549 770 5606 ﬁeret
800 5555 865 5606 ut
893 5551 1124 5623 quoties
1154 5552 1309 5624 quod
1341 5552 1581 5608 concedi
1614 5568 1729 5607 non
1762 5550 2061 5623 expediret
2100 5550 2254 5620 pete-

602 5645 782 5708 retur,
832 5657 1006 5715 grave
1035 5641 1148 5697 sibi
1211 5646 1268 5699 et
1324 5638 1747 5713 permolestum
1794 5644 1952 5696 esset
2004 5650 2251 5694 renuere

604 5737 842 5807 propter
871 5732 1281 5791 verecundiam
1308 5730 1420 5787 viri
1474 5732 1653 5787 tanta
1702 5726 2071 5787 auctoritatis
2101 5741 2249 5798 prai-

2370 3318 2442 3372 ab
2500 3319 2792 3374 audiendo
2827 3321 3177 3391 patriarcha,
3234 3320 3557 3392 patrocinio
3611 3336 3842 3375 reorum
3926 3326 4037 3376 aut

2367 3408 2667 3478 egentium
2702 3408 3003 3480 fungente,
3030 3408 3254 3465 vacatio
3290 3408 3540 3481 principi
3580 3414 3738 3465 certa
3786 3413 4035 3463 consta-

2370 3501 2476 3551 ret.
2506 3498 2718 3553 Idonea
2750 3499 2819 3553 ad
2852 3498 2911 3553 id
2941 3499 3068 3554 visa
3117 3497 3261 3553 feria
3292 3500 3465 3554 tertia
3517 3497 3863 3570 patriarcha
3922 3501 4034 3553 ad-

2371 3586 2637 3644 missioni
2670 3589 2818 3645 tales
2849 3606 3057 3646 causas
3090 3590 3274 3646 acturi
3309 3590 3611 3662 assignate
3642 3590 3881 3660 propria
3913 3596 4029 3658 est;

2369 3677 2794 3750 ordinatusque
2826 3680 3087 3735 notarius
3118 3677 3177 3732 in
3214 3679 3268 3733 id
3296 3678 3451 3734 oficii
3510 3678 3782 3749 proprius
3812 3678 4031 3750 Xiphi-

2367 3763 2525 3819 linus
2558 3766 2823 3838 Michael,
2856 3769 2956 3840 qui
2990 3772 3048 3823 et
3068 3783 3279 3823 causas
3300 3767 3400 3822 tali
3458 3766 3759 3822 audientia
3802 3766 4028 3823 relatas

2367 3858 2425 3909 et
2451 3871 2734 3926 responsa
2755 3855 3128 3926 imperatoris
3161 3856 3229 3911 ad
3265 3854 3534 3928 singulas
3566 3856 3624 3910 in
3656 3859 4028 3911 commenta-

2369 3943 2520 3998 rium
2557 3943 2816 3999 referret.
2841 3944 2935 3999 Sic
2955 3943 3068 3999 Deo
3091 3949 3147 3998 et
3171 3943 3395 3999 solatiis
3417 3944 3776 4000 afﬂictarum
3804 3960 4019 3999 conse-

2368 4037 2525 4088 crata
2557 4034 2684 4089 dies
2714 4033 3101 4089 hebdomadis
3127 4033 3300 4088 tertia
3325 4034 3531 4089 est.Ne
3554 4049 3690 4088 vero
3713 4033 4029 4089 interverti

2366 4122 2500 4179 talis
2530 4123 2590 4179 in
2625 4124 2681 4178 id
2714 4124 2994 4196 temporis
3043 4140 3309 4193 usuram,
3371 4124 3819 4194 superveniente
3872 4123 4028 4179 forte

2367 4213 2616 4285 principi
2641 4214 2755 4270 alio
2774 4212 3135 4269 neccessario
3152 4213 3404 4284 negotio,
3430 4229 3692 4284 unquam
3719 4211 4028 4283 continge-

2367 4306 2474 4371 ret,
2505 4303 2889 4359 diversorium
2924 4302 2983 4358 in
3014 4318 3143 4358 eam
3173 4302 3329 4357 diem
3362 4301 3675 4373 patiarchaa
3706 4300 4021 4374 provisum

2366 4397 2455 4450 est
2496 4392 2553 4448 in
2608 4394 2963 4450 monasterio
3016 4393 3284 4459 vicinia;
3320 4393 3377 4447 in
3441 4393 3597 4464 quod
3657 4392 3708 4448 is
3761 4392 4026 4448 subinde

2365 4484 2665 4553 recedens,
2690 4485 2739 4539 si
2772 4501 2889 4555 qua
2920 4481 3239 4539 inevitabili
3274 4482 3610 4538 avocatione
3640 4481 4027 4553 imperatoris

2368 4578 2727 4630 averteretur
2756 4573 3021 4641 attentio,
3082 4571 3420 4628 immineret
3476 4586 3507 4627 e
3563 4570 3898 4644 propinquo
3956 4571 4021 4627 in

2368 4662 2735 4719 occasionem
2784 4662 3149 4719 resumendae
3205 4665 3537 4733 opportune
3617 4660 4023 4728 tractationis,

2370 4752 2448 4807 ita
2481 4758 2547 4807 ut
2576 4753 2731 4824 quod
2752 4768 2924 4808 mane
2947 4750 3144 4823 perﬁci
3166 4766 3282 4805 non
3307 4749 3594 4822 potuisset
3615 4748 4030 4805 absolveretur

2363 4842 2615 4913 vesperi,
2644 4845 2985 4898 excurrente
3010 4848 3429 4911 nonnunquam
3464 4838 3523 4893 in
3567 4837 3793 4909 aliquot
3840 4854 4017 4893 com-

2367 4931 2559 4987 missae
2584 4931 2709 5001 jam
2742 4930 2929 4987 noctis
2960 4930 3135 4985 horas
3166 4934 3223 4984 et
3252 4927 3536 4984 antistitis
3564 4926 3907 4999 diligentia
3967 4932 4032 4983 et

2368 5020 2651 5091 patientia
2682 5018 3074 5092 imperatoris.
3107 5018 3231 5073 Non
3292 5017 3463 5072 facile
3522 5016 3770 5071 dixerim
3832 5033 4021 5088 quam

2368 5109 2554 5165 multa
2583 5110 2892 5165 commoda
2923 5125 2991 5164 ex
3020 5108 3129 5163 hoc
3151 5112 3270 5162 tam
3323 5105 3563 5161 assiduo
3611 5104 4023 5177 benevoloque

2366 5198 2714 5269 patriarchae
2736 5197 2933 5254 studio
2965 5197 3023 5252 in
3056 5196 3323 5251 homines
3352 5193 3561 5251 solatio
3618 5198 3860 5266 egentes
3921 5210 4024 5249 re-

2366 5287 2629 5343 dundare
2668 5287 3006 5360 contigerit.
3073 5285 3182 5341 Sed
3244 5284 3315 5339 de
3371 5282 3465 5338 his
3514 5283 3820 5348 hactenus,
3887 5300 4020 5354 qua

2362 5375 2538 5431 variis
2569 5380 2865 5431 transacta
2894 5373 3262 5446 temporibus
3288 5387 3464 5426 unam
3499 5370 3557 5425 in
3590 5370 3827 5435 seriem,
3861 5372 4023 5425 ordi-

2363 5466 2456 5523 nis
2476 5470 2534 5523 et
2554 5466 2846 5523 memoria:
2878 5463 3249 5538 compendio,
3269 5462 3456 5519 oratio
3481 5466 3689 5519 nostra
3709 5460 4020 5534 complexa

2360 5563 2468 5617 est.
