4212 6442
164 429 264 486 865

816 612 1160 671 ἐστέλλοντο.

234 733 315 801 [Ρ.
364 730 491 800 278]
545 728 603 779 Ὀ
668 724 847 797 μέντοι
901 740 965 794 γε
1027 715 1279 792 βασιλεὺς
1306 708 1807 801 πρὲὸειςγεύτρεπι-

166 800 252 879 σας
307 814 635 871 ἀποστέλλει
693 814 829 887 πρὸς
892 810 1136 873 πάππαν,
1186 801 1298 875 ἅμα
1331 803 1423 875 μὶν
1458 800 1809 870 δηλώσοντας

165 909 251 962 τὸν
306 913 409 974 τῆς
462 904 706 978 πράξεως
766 896 1148 969 ὲπιτελεσμὸν,
1208 892 1319 965 ἃμα
1372 889 1429 944 δὲ
1457 890 1547 943 καὶ
1578 889 1644 944 τὰ
1673 888 1809 942 κατά

164 997 250 1052 τὸν
296 990 577 1069 Κάρουλον
635 987 1051 1062 μαθησείοντας,
1103 983 1148 1037 εἰ
1191 986 1468 1057 κάθυφῆκε
1497 985 1596 1047 τῆς
1627 980 1805 1051 ὁρμῆς

165 1064 511 1154 ἐκείνης-καὶ
568 1082 705 1152 πρὸς
760 1078 824 1132 τὸ
879 1073 1258 1146 ταπεινότερον
1319 1067 1609 1137 ὑπεκλίθη.
1653 1068 1719 1123 Οἱ
1752 1064 1809 1121 δὲ

167 1171 590 1248 παραγενόμενοι
616 1169 684 1222 τὰ
736 1167 829 1239 μὶν
876 1169 975 1229 τῆς
1024 1162 1249 1235 εἰρήνης
1296 1157 1641 1229 δηλώσαντες
1672 1156 1805 1209 ἀπε-

169 1243 453 1336 δείχθησαν,
512 1253 992 1328 ηταλαμόάνουσι
1050 1249 1094 1305 δ’
1156 1250 1324 1304 ἐκεῖσε
1379 1248 1469 1301 τὸν
1530 1243 1805 1320 Κάρουλον

169 1353 339 1421 θυμοῦ
397 1349 626 1401 πνέοντα
678 1344 769 1399 καὶ
827 1343 1075 1417 λιπαρῶς
1129 1344 1209 1411 τῷ
1265 1340 1459 1407 πάππα
1482 1333 1807 1409 προσκείμε-

169 1460 250 1493 νον
299 1438 387 1492 καὶ
431 1434 913 1510 προσλιπαροῦντα
968 1431 1169 1504 ἐφεῖναι
1223 1427 1403 1497 τούτῳ
1448 1426 1548 1493 τήν
1594 1423 1679 1477 ἐπὶ
1708 1424 1808 1491 τὴν

169 1528 326 1582 πόλιν
373 1524 673 1580 ὲπέλευσιν.
724 1522 943 1595 Ἑώρων
992 1517 1082 1574 οὖν
1134 1519 1337 1572 ἐκεῖνον
1387 1514 1655 1587 ὁσημέραι
1701 1516 1806 1566 τῶν

169 1614 353 1671 ποδῶν
383 1619 481 1669 τοῦ
512 1616 707 1668 πάππα
755 1605 1317 1685 προκυλινδούμενον,
1347 1602 1435 1658 καὶ
1468 1602 1520 1663 ἐς
1552 1606 1805 1655 τοσοῦτον

167 1711 279 1767 ταῖς
331 1704 544 1777 μανίαις
599 1701 1003 1775 συνισχημενον
1053 1695 1190 1750 ὥστε
1238 1694 1325 1748 καὶ
1377 1694 1437 1746 τὸ
1485 1692 1584 1745 ἀνᾶ
1622 1695 1812 1765 χεῖρας

170 1802 465 1867 σκῆπτρον,
498 1794 526 1847 δ
567 1791 792 1859 σύνηθες
844 1792 1061 1863 κρατεῖν
1116 1789 1233 1844 τοῖς
1284 1787 1390 1836 τῶν
1452 1779 1674 1836 Ἰταλῶν
1716 1798 1808 1849 με·

1221 413 1316 471 DB
1358 409 1727 468 HICHAELE
1763 408 2205 469 PAMOLOGO
2241 412 2375 467 LIB.
2418 412 2488 467 ν.

164 555 253 618 κς¹.
283 554 472 614 Ὅπως
531 548 621 605 καὶ
687 543 840 624 αὖθις
906 561 1044 624 προς
1107 538 1199 594 τὸν
1266 534 1489 592 πάππαν
1546 528 2007 610 πρέσϐειςΑκζ“,
2083 536 2274 597 Ὅπως
2350 534 2582 624 ’Ῑξέριος
2670 538 3076 624 ,ἔρρσχῳρήἳᾳς

3444 416 3552 471 866

3179 538 3258 612 τῷ
3338 540 3552 616 βασιλεῖ

2340 607 2648 661 καθίσταται
2680 607 2763 662 ἐπὶ
2798 607 3124 664 τοῦστόλου

1980 712 2165 774 Οὕτως
2198 712 2688 787 ἀναχαιτιζομένου
2738 720 2834 769 τοῦ
2885 714 3189 788 Καρούλου,
3225 718 3252 771 ὁ
3289 719 3549 793 βασιλεὺς

1906 805 2013 854 τῶν
2065 800 2114 872 ἐξ
2164 800 2367 856 ἐκείνου
2400 801 2700 879 φροντίδων
2732 803 3025 867 ἀπολυθεὶς
3060 801 3397 861 ἐπεϐάλλετο
3428 815 3544 871 τοῖς

1910 889 2068 962 ἐγγὺς
2133 892 2536 966 κραταιότερον.
2606 892 2707 949 Καὶ
2779 893 3007 967 Ἰκάριον
3077 899 3550 972 προσχωρήσαντα

1912 976 2147 1052 δέχεται,
2209 977 2375 1052 ἄνδρα
2432 980 2649 1049 πολλὴν
2714 982 2807 1053 μὲν
2865 985 2963 1051 τὴν
3025 983 3075 1045 ἐς
3138 985 3316 1059 μάχας
3360 992 3546 1056 πιῖραν

1910 1062 2129 1142 ἔχοντα,
2162 1068 2507 1143 κατάρχοντα
2552 1066 2608 1123 δῖε
2656 1071 2743 1123 καὶ
2789 1074 2956 1140 νήσου
2989 1073 3267 1148 μεγίστης,
3301 1078 3384 1144 [Ρ.
3426 1079 3551 1148 279]

1911 1157 1971 1224 ἢν
2004 1156 2382 1228 Ἀνεμοπύλας
2416 1157 2536 1221 ἓΟος
2587 1164 2708 1219 τοῖς
2757 1160 2868 1214 ἐκεῖ
2916 1159 3115 1234 λέγειν,
3148 1159 3461 1236 συμϐάματι
3498 1164 3553 1217 δὲ

1910 1244 2087 1319 τύχης
2118 1244 2316 1309 ἐκεῖθεν
2376 1242 2626 1324 φυγόντα.
2686 1250 2795 1317 Τὴν
2854 1254 2985 1324 γοῦν
3044 1258 3206 1318 νῆσον
3259 1261 3561 1328 προσκυροῖ

1917 1334 2154 1409 βασιλεῖ,
2211 1334 2300 1389 καῖ
2350 1337 2508 1398 αὐτός
2562 1343 2677 1398 τοῖς
2728 1342 2823 1391 τοῦ
2877 1339 3144 1413 βασιλέως
3205 1340 3425 1403 οἶκείοις
3468 1343 3555 1417 ὲγο

1912 1423 2193 1501 γράφεται.
2250 1424 2511 1487 Βασιλεὺς
2570 1424 2616 1479 δ’
2679 1421 2973 1481 ἀποϐαλὼν
3033 1430 3125 1500 μὲν
3194 1432 3298 1503 πρὸ
3365 1430 3555 1505 ὀλίγου

1914 1507 2402 1587 σεϐαστοκράτορα,
2466 1509 2758 1569 ἀποϐαλὼν
2823 1514 2878 1569 δὲ
2935 1517 3023 1570 καὶ
3083 1515 3372 1589 δεσπότην,
3429 1522 3555 1583 τοὺς

1915 1598 2310 1678 αὐταδέλφους,
2356 1601 2433 1656 ἔτι
2482 1600 2538 1656 δὲ
2580 1604 2686 1676 πρὸ
2738 1603 2944 1658 τούτων
2977 1605 3065 1658 καὶ
3100 1604 3269 1661 ἀλλον
3301 1604 3560 1663 σεϐαστο-

1914 1690 2151 1765 κρυὶτορα
2206 1691 2296 1743 καὶ
2356 1691 2592 1765 Καίσαρα
2648 1692 2735 1747 καὶ
2786 1690 3280 1769 πρωτοϐεστιάριον
3337 1698 3425 1752 καὶ
3465 1698 3558 1770 μὲ-

1916 1800 2012 1852 γαν
2048 1776 2214 1832 δοῦκα
2242 1780 2330 1833 καὶ
2384 1780 2572 1843 ἁπλῶς
2627 1782 2754 1843 τοὺς
2806 1782 2859 1836 ὲν
2919 1789 3031 1845 τοῖς
3087 1787 3366 1859 μεγίστοις
3398 1788 3561 1858 ἀξιώ-

168 1890 428 1957 γιστᾶσιν,
480 1878 695 1935 ὀδοῦσιν
756 1877 815 1932 ἐκ
870 1876 1060 1949 μανίας
1117 1876 1467 1948 καταφαγεῖν,
1502 1866 1686 1936 ἐπειδὴ
1722 1867 1810 1921 λι-
1845 1908 1887 1971 Β
1922 1888 2103 1939 μασιν,
2135 1865 2340 1929 ἄλλους
2384 1869 2622 1943 ἀνάγκην
2676 1872 2818 1945 εἶχεν
2868 1872 3095 1929 ἱστάναι.
3133 1875 3234 1929 Καὶ
3268 1874 3334 1943 δὴ
3364 1883 3553 1933 τοῦτον

849 1964 981 1971 _.
1248 1956 1461 1971 ..ωδ
1675 1952 1763 1971 οη
3188 1964 3213 1971 -

170 1972 405 2027 τανεύων
465 1971 552 2025 καὶ
609 1970 709 2037 τὴν
766 1969 901 2042 πρὸς
959 1962 1297 2038 ἀπαρτισμὸν
1346 1956 1525 2029 ἔξοδον
1559 1952 1807 2032 προϐαλ-

172 2062 405 2133 λόμενος
469 2059 558 2113 καὶ
616 2056 912 2131 προτείνων
968 2054 1035 2109 τὰ
1090 2052 1257 2106 αὐτοῦ
1316 2047 1494 2103 δίκαια
1523 2044 1636 2101 οὐδ’
1667 2044 1811 2106 ὅλως

167 2151 252 2203 τὸν
284 2150 511 2202 πάππαν
571 2141 777 2201 ἔπειθεν
839 2140 1121 2209 ἀπολύειν,
1181 2138 1306 2194 ἀλλ’
1354 2138 1419 2207 ἧν
1469 2137 1615 2211 παρὰ
1645 2140 1814 2211 κωφῷ

170 2237 366 2313 λέγων.
423 2239 723 2310 Ἀντεπῆγε
777 2234 878 2309 γὰρ
933 2231 1023 2286 καὶ
1079 2232 1106 2284 ὁ
1158 2228 1379 2288 πάππας
1424 2228 1491 2280 τὰ
1540 2226 1671 2297 ὑπὲρ
1703 2228 1809 2278 τῶν

170 2331 413 2401 Γραικῶν
473 2322 672 2393 δίκαια,
733 2324 807 2385 ὡς
883 2321 1093 2376 ἐκείνων
1156 2317 1286 2372 οὖσα
1336 2319 1371 2385 ἡ
1438 2314 1813 2391 μεγαλόπολις

170 2415 398 2476 ἐκείνοις
454 2413 619 2468 πάλιν
680 2412 769 2466 καὶ
831 2409 1207 2484 προσεγένετο,
1254 2404 1343 2459 καὶ
1397 2404 1479 2459 ὅτι
1530 2403 1696 2473 νόμος
1728 2403 1814 2456 ἀν-

170 2505 414 2579 Θρώποις
467 2507 655 2573 ταῦτα,
716 2501 804 2555 καὶ
864 2498 1013 2573 δῶρα
1068 2496 1320 2563 πολέμου
1376 2493 1465 2547 καὶ
1506 2490 1696 2554 πόλεις
1723 2492 1811 2545 καὶ

164 2594 452 2666 χρήματα,
503 2591 564 2645 τὸ
610 2586 667 2643 δὲ
713 2594 896 2661 μεῖζον
937 2593 1035 2655 τῆς
1064 2582 1389 2649 Ἐκκλησίας
1425 2582 1532 2635 υἱοὶ
1562 2582 1649 2634 καὶ
1682 2581 1815 2652 Χρι-

164 2681 398 2736 στιανοί.
460 2682 814 2755 Χριστιανοῖς
874 2673 931 2730 δὲ
1003 2673 1142 2729 κατὰ
1196 2673 1529 2748 Χριστιανῶν
1586 2667 1813 2743 ἐφεῖναι,

169 2770 241 2841 μή
274 2770 368 2823 καὶ
404 2769 479 2831 εἷς
509 2766 884 2844 παροργισμὸν
916 2765 1013 2819 τοῦ
1044 2763 1202 2817 Θείου
1232 2762 1584 2835 πράττοιμεν.

337 2992 434 3045 26.
470 2991 534 3048 Ut
562 2989 764 3045 iterum
794 2988 863 3043 ad
892 2989 1101 3051 Papam
1130 2985 1301 3056 legati
1327 2984 1439 3039 sint
1467 2981 1645 3038 missi.

232 3080 529 3136 Caeterum
580 3079 902 3151 imperator
931 3076 1231 3148 expeditos
1272 3074 1707 3143 instructosque
1737 3069 1816 3126 le-

162 3174 331 3241 gatos
366 3168 552 3223 mittit
582 3168 653 3223 ad
686 3167 926 3239 Papam,
951 3164 1128 3222 simul
1160 3163 1592 3235 signiﬁcaturos
1610 3175 1819 3232 perpe-

1924 1956 2017 2027 μὶν
2048 1956 2138 2009 τὸν
2195 1956 2422 2028 Ἰκάριον
2478 1958 2565 2010 καὶ
2624 1957 2699 2012 ἔτι
2756 1960 2809 2012 ὲν
2873 1957 3113 2031 ἷδιῴταις
3163 1964 3297 2038 εἶχε,
3326 1966 3413 2019 καὶ
3447 1967 3559 2039 ἅμα

1922 2042 2176 2116 δυνάμεσι
2250 2047 2492 2114 πεζικαῖς
2567 2042 2865 2118 ἐμϐιϐάσας
2943 2053 3127 2104 ναυσὶν
3196 2052 3400 2109 ἐκεῖνον
3478 2056 3561 2112 ἐπ’

1922 2133 2162 2208 Εὐρίπου
2191 2134 2393 2189 πὲιιπει
2449 2140 2528 2207 τῷ
2585 2136 2807 2209 μεγαλῳ
2863 2142 3036 2211 κυρίῳ
3097 2142 3314 2215 Ἰωάννῃ
3358 2148 3561 2219 συμμί-

1922 2224 2096 2292 ξοντα.
2132 2224 2232 2277 Καὶ
2267 2221 2332 2290 δὴ
2384 2224 2498 2279 ἐπεὶ
2552 2227 2774 2297 στρατὸς
2829 2232 2936 2281 τῶν
2992 2234 3120 2282 νεῶν
3157 2226 3411 2288 ἀπέϐαινε
3442 2237 3565 2297 περί

2617 2292 2623 2297 .
3514 2292 3521 2310 Ι

1921 2333 2026 2366 που
2057 2311 2183 2373 τοὺς
2219 2313 2490 2386 Σωρεοὺς,
2526 2315 2552 2367 ὁ
2584 2312 2835 2385 Ἰωάννης
2875 2318 3181 2389 πυθόμενος
3213 2322 3311 2388 τήν
3347 2321 3560 2378 ἐκείνων

1923 2395 2210 2470 ἀπόϐασιν,
2270 2400 2355 2454 καὶ
2415 2403 2465 2474 γ’
2524 2403 2598 2463 ὡς
2657 2402 2775 2477 εἶχε
2832 2402 3108 2478 ποδαλγὸς
3162 2405 3233 2461 ὢν
3288 2417 3386 2478 τῆς
3430 2414 3566 2486 πρὸς

1923 2487 2156 2552 ἐκείνους
2186 2490 2287 2543 οὐκ
2336 2490 2605 2565 ἀπέσχετο
2659 2492 2867 2567 μάχης,
2929 2492 3054 2549 ἀλλ’
3111 2495 3331 2561 αὐτόθεν
3383 2521 3566 2555 συντα-

1925 2579 2148 2650 ξάμενος
2216 2580 2302 2633 καὶ
2380 2580 2441 2633 τὸ
2510 2582 2791 2635 Λατινικὸν
2870 2582 3182 2655 εὐτρεπίσας
3259 2587 3382 2643 εὐθὺ
3456 2595 3563 2645 τῶν

1924 2668 2290 2731 ἀκουσθέντων
2350 2668 2458 2737 ἤϊε.
2534 2670 2633 2725 Καὶ
2704 2671 2889 2745 μάχην
2957 2677 3218 2749 κρατερὰν
3295 2681 3568 2751 συμμίξας

1926 2758 2259 2820 ἀκοντισθεῖς
2317 2758 2543 2813 πίπτει·
2600 2761 2664 2814 τὸ
2720 2762 2822 2836 γὰρ
2864 2766 2970 2817 τῶν
3021 2761 3204 2819 ποδῶν
3254 2764 3478 2842 ἄλγημα
3507 2770 3568 2826 οὐ

1926 2981 2015 3036 27.
2054 2979 2119 3038 οι
2145 2982 2358 3039 Icarias
2408 2982 2479 3038 ad
2532 2985 2913 3067 imperatorem
2973 2992 3352 3067 transfugiens
3401 2997 3572 3054 classi

2472 3062 2806 3128 praepositus
2832 3062 3023 3129 fuerit.

1997 3159 2089 3213 Sic
2122 3175 2385 3231 represso
2419 3160 2637 3232 impetu
2672 3163 2878 3230 Caroli,
2927 3164 3248 3237 imperator
3289 3170 3402 3228 ista
3431 3191 3571 3232 cura

164 3262 387 3312 tratum
434 3258 560 3329 jam
612 3257 912 3327 negotium
982 3259 1040 3309 et
1104 3251 1462 3308 exsecutioni
1526 3254 1812 3305 conventa
1842 3256 1884 3322 ο
1923 3247 2145 3303 levatus
2176 3265 2242 3303 eo
2276 3249 2604 3306 animosius
2650 3252 2918 3308 incubuit
2962 3255 3019 3309 in
3072 3273 3165 3311 res
3214 3276 3354 3315 suas
3393 3279 3571 3333 quam

157 3348 467 3412 mandata,
516 3346 695 3401 simul
768 3344 914 3400 clam
966 3344 1371 3399 sciscitaturos
1432 3339 1573 3410 quid
1622 3356 1816 3393 rerum

158 3434 476 3491 moliretur
539 3434 806 3499 Carolus,
860 3437 919 3488 et
967 3431 1175 3503 ecquid
1236 3430 1429 3485 adhuc
1483 3428 1821 3483 demisisset

158 3525 460 3589 animum,
495 3523 616 3579 fero
648 3522 748 3577 illo
780 3538 896 3594 quo
922 3521 981 3577 in
1012 3525 1241 3575 Grecos
1272 3524 1442 3574 antea
1465 3517 1822 3572 incitabatur

159 3617 316 3670 411)
350 3615 583 3686 impetu
616 3612 886 3668 remisso.
940 3611 1138 3682 Legati
1187 3608 1419 3681 appulsi
1471 3608 1822 3663 nuntiarunt

156 3708 646 3759 consummatam
678 3717 902 3773 pacem,
938 3705 993 3756 et
1009 3700 1229 3771 excepti
1258 3697 1636 3769 perbenevole
1660 3700 1817 3750 sunt.

155 3793 527 3850 Invenerunt
564 3799 761 3847 autem
806 3792 884 3847 ibi
934 3790 1202 3846 Carolum
1251 3789 1442 3844 minas
1473 3789 1818 3859 spirantem,

156 3888 211 3937 et
242 3884 414 3939 omni
451 3881 831 3937 contentione
863 3896 1100 3951 precum
1132 3879 1570 3933 incumbentem
1594 3877 1665 3931 ad
1689 3892 1821 3932 exo-

158 3972 419 4026 randum
455 3971 679 4042 Papam
713 3975 779 4025 ut
800 3970 911 4026 sibi
934 3969 1294 4039 permitteret
1314 3966 1737 4038 expeditionem
1763 3967 1820 4020 in

153 4060 363 4117 urbem
399 4058 997 4128 Constantinopolim.
1028 4056 1319 4111 Videbant
1349 4056 1531 4128 igitur
1560 4056 1823 4127 quotidie

152 4150 576 4206 advolventem
628 4164 691 4203 se
758 4148 925 4219 Papa
998 4146 1267 4218 pedibus,
1337 4152 1509 4201 eteo
1572 4145 1823 4200 subinde

152 4240 372 4297 furoris
406 4238 840 4311 inquietissimi
876 4241 1382 4310 prorumpentem,
1417 4240 1479 4291 ut
1508 4236 1663 4307 quod
1701 4252 1822 4290 ma-

152 4330 327 4384 nibus
383 4344 561 4383 more
610 4326 945 4382 Italicorum
999 4325 1334 4397 principum
1384 4326 1651 4397 gestabat
1699 4340 1822 4379 sce-

152 4423 379 4489 ptrum,
431 4417 876 4472 commorderet
942 4415 1171 4471 rabioso
1223 4414 1476 4470 admotis
1528 4413 1823 4483 dentibus,

153 4508 491 4580 indignans
529 4505 642 4561 sibi
676 4505 898 4577 negari,
922 4520 1101 4576 quam
1127 4503 1555 4559 instantissime
1574 4504 1826 4575 petebat,

153 4596 511 4652 facultatem
553 4594 909 4665 exsequendi
931 4595 1082 4664 quod
1118 4594 1524 4661 constituerat,
1556 4597 1824 4663 paratum

150 4686 372 4743 scilicet
387 4684 731 4742 exercitum
760 4683 1041 4738 adversus
1063 4684 1475 4754 imperatorem
1498 4682 1780 4737 educendi
1808 4699 1820 4735 :

140 4777 383 4847 juribus
422 4777 506 4832 ad
569 4774 625 4829 id
680 4775 897 4830 frustra
942 4774 1419 4830 commemoratis
1468 4774 1615 4837 suis,
1666 4773 1823 4828 haud

152 4884 440 4938 persuaso
512 4871 581 4919 ut
628 4864 686 4918 id
743 4863 961 4919 bellum
1013 4865 1382 4935 approbaret
1428 4867 1485 4918 et
1528 4864 1706 4918 surdo
1751 4863 1824 4917 ad

152 4973 347 5026 preces
388 4969 618 5011 omnes
652 4952 798 5008 tales
829 4953 1178 5024 persistente
1209 4956 1387 5023 Papa.
1421 4952 1529 5019 Qui
1562 4951 1823 5007 vicissim

150 5047 454 5119 allegabat
480 5042 701 5100 Carolo
722 5042 1225 5113 Grecorumjura,
1257 5040 1482 5113 placide
1504 5043 1827 5097 admonens

151 5152 497 5207 possessam
532 5133 612 5188 ab
626 5131 746 5187 illis
765 5132 991 5187 dudum
1006 5130 1596 5203 Constantinopolim,
1612 5132 1827 5187 iterum

150 5225 215 5280 ad
244 5227 553 5298 antiquos
587 5221 865 5277 dominos
899 5221 1134 5276 fortuna
1173 5221 1519 5277 revolutam.
1554 5222 1666 5276 Eas
1699 5237 1828 5277 esse

152 5331 342 5371 rerum
377 5316 804 5378 humanarum
834 5311 1013 5377 vices,
1047 5316 1103 5366 et
1136 5311 1311 5367 urbes
1341 5316 1399 5366 et
1421 5327 1560 5383 opes
1588 5312 1827 5367 demum

151 5410 390 5461 caeteras
420 5401 686 5478 premis
734 5415 865 5456 esse
916 5398 1076 5465 belli,
1117 5400 1287 5470 eique
1337 5400 1448 5472 legi
1483 5400 1827 5473 acquiscen-

153 5495 309 5562 dum,
370 5488 723 5567 praesertim
757 5505 890 5543 cum
923 5489 1104 5545 Graeci
1137 5506 1372 5561 quoque
1415 5490 1682 5546 Ecclesiae
1723 5489 1827 5544 ﬁlii

148 5582 605 5655 Christianique
631 5584 866 5634 essent:
902 5600 931 5629 «
970 5582 1191 5649 Neque,
1246 5578 1458 5643 aiebat,
1512 5596 1827 5651 possumus

149 5677 521 5733 Christianos
559 5684 706 5727 cum
734 5668 1081 5725 Christianis
1112 5668 1507 5741 committere,
1559 5687 1630 5725 ne
1680 5671 1827 5725 iram

153 5764 208 5823 in
238 5783 345 5826 nos
376 5765 488 5824 Dei
524 5774 945 5836 provocemus.
981 5780 1011 5808 »

1925 3338 2141 3409 optime
2170 3338 2610 3395 constituendas
2641 3358 2709 3396 ex
2740 3344 3009 3413 praesenti
3057 3362 3191 3413 usu,
3232 3350 3464 3418 quando
3497 3354 3570 3407 ad

1926 3444 1990 3483 se
2021 3429 2455 3500 contugientem
2498 3430 2749 3505 l-cnigne
2795 3434 3041 3489 Icarium
3098 3437 3329 3508 excipit,
3380 3440 3570 3497 virum

1928 3518 2115 3574 multa
2147 3520 2477 3591 praeliorum
2511 3523 2868 3593 experientia
2919 3525 3231 3583 militarem
3264 3530 3570 3587 scientiam

1928 3608 2227 3678 adeptum.
2261 3609 2536 3682 Princeps
2569 3611 2617 3666 is
2650 3612 3063 3669 fueratinsules
3089 3617 3568 3691 maximas,quam

1928 3700 2030 3769 qui
2047 3697 2399 3771 illicdegunt
2420 3701 2834 3773 Ancmopylas,
2858 3703 2965 3759 hoc
2988 3711 3077 3759 est
3101 3712 3411 3764 ventorum
3447 3728 3571 3781 por-

1928 3792 2039 3852 tas,
2072 3789 2219 3842 4“
2253 3804 2455 3843 vocare
2495 3799 2943 3847 consueverunt.
2997 3794 3135 3848 Inde
3184 3801 3378 3852 autem
3428 3815 3570 3855 casu

1929 3882 1992 3930 ut
2021 3876 2401 3931 conversione
2442 3879 2697 3948 quadam
2729 3880 2907 3935 sortis
2936 3881 3007 3935 ad
3040 3882 3450 3953 imperatorem
3484 3890 3573 3941 fu-

1929 3980 2064 4036 gere
2095 3964 2437 4036 compulsus
2458 3967 2560 4037 jus
2591 3966 2649 4021 in
2670 3984 2794 4023 eam
2813 3969 3069 4025 insulam
3102 3988 3277 4028 suum
3301 3974 3353 4029 ei
3375 3976 3573 4043 cessit,

1929 4054 2056 4123 ipse
2083 4053 2141 4108 in
2174 4054 2633 4111 domesticorum
2683 4059 2933 4130 Augusti
2978 4077 3217 4115 censum
3259 4064 3574 4135 ascriptus.

1931 4142 2253 4214 Imperator
2300 4150 2495 4199 autem
2546 4144 2764 4201 amisso
2805 4147 2979 4219 paulo
3028 4156 3160 4205 ante
3213 4152 3575 4209 sebastocra-

1929 4236 2074 4298 tore,
2106 4234 2325 4287 amisso
2356 4233 2494 4287 item
2528 4234 2773 4306 despota
2819 4236 3098 4293 fratribus
3147 4239 3293 4307 suis,
3344 4248 3402 4296 et
3446 4248 3581 4299 ante

1931 4319 2040 4375 bos
2098 4325 2282 4375 morte
2341 4321 2560 4393 pariter
2614 4324 2863 4380 sublatis
2921 4325 3035 4381 alio
3092 4330 3575 4399 sebastocratore,

1933 4414 2210 4481 praeterea
2247 4415 2493 4482 Caesare,
2553 4418 2678 4468 tum
2738 4416 3182 4486 protovestiario
3240 4436 3306 4475 ac
3364 4437 3579 4492 magno

1935 4501 2104 4567 duce,
2136 4506 2193 4555 et
2224 4505 2288 4554 ut
2316 4502 2491 4557 verbo
2523 4502 2879 4574 complectar
2908 4522 3047 4572 uno,
3100 4507 3399 4580 plerisque
3448 4511 3580 4567 illo-

1858 4631 1902 4694 D
1937 4606 2065 4643 rum
2098 4589 2195 4660 qui
2230 4587 2586 4660 dignitatum
2618 4592 3011 4649 maximarum
3047 4594 3251 4652 titulos
3279 4600 3581 4670 gerebant,

1935 4695 2065 4735 cum
2100 4679 2335 4734 deberet
2366 4680 2635 4736 sufﬁcere
2665 4679 2811 4737 alios
2862 4683 2920 4738 in
2972 4700 3174 4740 eorum
3228 4687 3374 4753 loca,
3424 4690 3582 4746 hunc

1934 4769 2170 4840 quidem
2203 4771 2453 4824 Icarium
2483 4769 2674 4825 adhuc
2694 4771 2751 4825 in
2769 4772 3128 4843 privatorum
3143 4777 3345 4832 ordine
3359 4780 3579 4835 tenuit:

1934 4864 2205 4913 caeterum
2240 4858 2508 4912 eumdem
2544 4874 2675 4912 cum
2706 4861 3079 4930 pedestribus
3118 4864 3303 4935 copiis
3341 4866 3585 4938 imposi-

1935 4953 2063 5004 tum
2094 4947 2343 5002 navibus
2364 4947 2419 5001 in
2435 4947 2714 5019 Euripum
2735 4949 2933 5009 mittit.
2957 4968 3091 5007 cum
3117 4970 3331 5026 magno
3345 4957 3583 5014 domino

1933 5037 2162 5093 Joanne
2204 5036 2645 5092 dimicaturum.
2709 5038 3000 5111 Expositis
3056 5040 3218 5099 hisce
3249 5045 3308 5099 in
3365 5052 3581 5103 terram

1937 5124 2122 5197 copiis
2151 5129 2208 5180 et
2257 5140 2443 5195 usque
2504 5125 2661 5181 circa
2717 5127 2925 5184 Soreos
2980 5133 3329 5203 progressis,
3384 5136 3585 5191 audito

1937 5231 2139 5271 earum
2169 5230 2421 5269 excensu
2451 5212 2730 5285 Joannes,
2764 5220 2820 5272 et
2847 5216 2895 5272 si
2929 5233 3082 5289 aeger
3113 5220 3392 5293 podagra,
3441 5241 3584 5294 prae-

1942 5306 2084 5361 lium
2120 5320 2237 5359 non
2261 5304 2626 5371 detrectavit,
2662 5305 2993 5363 sedsubito
3044 5308 3399 5367 instructam
3432 5313 3587 5369 Lati-

1938 5412 2147 5451 norum
2180 5394 2364 5449 aciem
2396 5410 2461 5449 eo
2496 5398 2652 5450 recta
2699 5395 2923 5451 ducens
2972 5398 3071 5452 ubi
3121 5402 3339 5457 versari
3391 5403 3588 5459 hostes

1938 5486 2223 5549 audierat,
2272 5473 2389 5537 acri
2412 5485 2735 5539 commissa
2765 5486 3097 5556 pugnatelo
3128 5487 3280 5545 ictus
3312 5492 3587 5547 concidit.

1936 5576 2158 5629 Pedum
2191 5572 2347 5628 enim
2388 5571 2553 5627 dolor
2600 5572 2756 5628 haud
2806 5591 3018 5646 passus
3074 5594 3207 5633 eum
3266 5579 3479 5636 librare
3529 5598 3592 5637 se

1938 5664 2185 5719 ﬁrmiter
2239 5662 2297 5716 in
2355 5678 2503 5733 equo
2560 5667 2617 5718 et
2674 5663 2849 5719 scalis
2904 5668 3281 5737 equestribus
3313 5670 3590 5743 utrinque

1938 5751 2331 5825 pendentibus
2363 5752 2601 5807 robuste
2646 5752 2942 5825 insistere,
2976 5754 3091 5812 vim
3139 5758 3364 5816 ademit
3411 5761 3590 5817 susti-
