4212 6442
655 342 762 398 867

1957 344 2260 404 GEORGII
2299 349 2762 406 PACHYMERB

3952 354 4059 411 868

659 475 888 545 παρεῖχε
944 470 1180 546 στερρῶς
1236 465 1558 526 ἀντιϐαίνειν
1616 476 1734 531 τοῖς
1794 469 1874 547 ἐφ’
1934 470 2158 542 ἑκάτερα
2198 474 2379 540 τῆςΑ
2412 468 2469 525 δὲ
2497 473 2621 547 περὶ
2650 473 2743 528 τὸν
2800 474 3056 543 Ἰωάννην
3111 471 3304 544 ἀνέδην
3361 475 3430 544 ἧν
3489 473 3711 531 κτείνειν
3758 479 3849 533 τὸν
3883 498 4057 554 προσ-

659 556 966 633 ἐιρεστρίδος
996 557 1275 632 κλίμαξιν,
1317 558 1443 613 ἀλλ’
1486 560 1579 631 ἅμ’
1629 557 1943 629 ἠκοντίζετο
1973 558 2062 612 καὶ
2094 579 2295 632 παρευ-

658 648 750 711 οὒς
778 644 968 702 ἔπιπτε
1023 648 1112 702 καὶ
1162 647 1439 716 ἡλίσκετο.
1508 649 1605 702 Καὶ
1664 647 1754 702 σὺν
1816 648 1965 718 αὐτῷ
2022 642 2182 701 ἄλλοι
2237 668 2293 701 τε

733 735 763 791 λ
845 737 859 756 \
1122 737 1133 754 Ι
1443 737 1455 757 ἢ
1548 739 1561 753 \
1696 737 1709 755 \
1868 740 1893 772 ς’
1929 736 1940 756 ν
2047 736 2095 770 Α1
2135 757 2143 770 .
2242 736 2255 755 9

656 760 725 792 πο
773 750 861 791 Aet
894 735 1338 809 συμποδιζονται,
1371 758 1457 791 και
1504 735 1569 807 δη
1623 759 1710 791 και
1745 738 1772 790 6
1801 756 1897 789 το)
1950 739 2163 808 [καριοδ
2197 757 2291 790 αυ-

647 825 935 903 τάδελφος.
1006 828 1092 882 Ἐν
1160 825 1339 898 τούτῳ
1407 823 1464 879 δὲ
1531 827 1616 880 καὶ
1687 825 1909 898 στρατὸς
1966 825 2070 879 ἀπὸ
2129 825 2293 899 ξηρᾶς

646 915 951 990 εἰσβάλλει,
1002 913 1093 975 οῧς
1142 915 1275 989 ἦγεν
1308 916 1334 968 6
1370 914 1539 988 μέγας
1591 911 2071 989 στρατοπεδάρχης
2122 920 2292 967 Συνα-

645 1001 805 1073 δηνὸς
858 1004 1114 1071 Ἰωάννης
1160 1003 1249 1056 καὶ
1306 1003 1333 1056 6
1396 1006 1559 1076 μέγας
1616 1003 1979 1063 κονοσταῦλυς
2012 1004 2038 1056 6
2080 997 2290 1058 Καϐαλ-

643 1092 828 1167 λάριος
891 1089 1145 1164 Μιχαῆλ,
1211 1090 1307 1144 Καὶ
1365 1087 1431 1157 δὴ
1494 1093 1830 1163 ὁρμήσαντες
1888 1088 1975 1143 ἐπὶ
2027 1089 2288 1162 Φάρσαλα

637 1180 918 1257 φρούριον,
953 1179 983 1233 ὅ
1015 1179 1182 1242 Φθίαν
1218 1181 1245 1233 6
1276 1178 1509 1241 παλαιὸς
1544 1175 1660 1254 ἔχει
1697 1179 1882 1252 λόγος,
1918 1179 1997 1256 ἐφ’
2031 1180 2075 1250 ᾧ
2109 1199 2287 1250 σιταρ-

638 1275 781 1323 κοῖεν
823 1268 951 1331 τοὺς
1007 1266 1058 1321 ἐν
1116 1272 1194 1338 τῷ
1242 1268 1508 1343 φρουρίῳ,
1569 1278 1971 1340 προσπίπτουσι
2000 1272 2078 1339 τῷ
2106 1266 2163 1321 ἐκ
2189 1289 2283 1321 νο-

642 1358 783 1421 θείας
836 1357 1078 1431 Ἰωάννῃ,
1139 1356 1197 1418 ὅς
1257 1356 1324 1425 δὴ
1382 1358 1467 1411 καὶ
1529 1356 1677 1434 σφίσι
1736 1356 1997 1433 συρράξας
2037 1356 2281 1430 πόλεμον

636 1451 880 1521 γενναῖον
907 1452 996 1500 καί
1044 1443 1294 1521 ἀνδρικὸν
1354 1447 1501 1519 αἱρεῖ
1561 1447 1655 1517 μὲν
1713 1446 1803 1500 καὶ
1844 1446 1934 1499 τὸν
1972 1445 2279 1516 Συναδηνὸν

633 1534 720 1588 καὶ
756 1537 918 1609 μέγαν
953 1532 1462 1608 στρατοπεδάρχην,
1512 1534 1606 1587 τὸν
1659 1535 1842 1606 μέντοι
1890 1555 1953 1608 γε
1987 1535 2153 1609 μέγαν
2186 1556 2283 1589 κο·-

632 1624 927 1680 νοσταῦλον
980 1625 1006 1678 ὁ
1058 1623 1143 1677 ὑπ’
1192 1623 1385 1694 ἐκείνῳ
1436 1624 1567 1683 Λαὸς
1621 1621 1831 1684 Ἰταλὸς
1874 1621 2085 1679 διώκων
2119 1646 2278 1679 κατα-

637 1712 821 1771 λαϐεῖν
857 1715 955 1771 οὐκ
985 1714 1228 1791 ἴσχυσεν,
1274 1712 1400 1768 ἀλλ’
1449 1714 1605 1775 ’ὀλαις
1652 1716 1831 1783 ἡνίαις
1862 1714 2065 1778 ἐκεῖνος
2098 1714 2280 1780 ἐνδοὺς

2409 560 2648 634 τυχόντα
2710 561 2800 615 καὶ
2867 560 3118 634 πολέμου
3192 564 3325 638 γέρα
3400 564 3701 622 σκυλεύειν.
3775 568 4055 642 Ἒγνωσαν

2412 646 2467 703 δὲ
2524 649 2613 705 καὶ
2667 651 2791 705 τότε
2844 652 3109 722 Ῥωμαῖοι
3166 649 3468 729 λειφθέντες
3520 654 3673 728 μάχῃ
3718 659 3815 709 τοῦ
3866 656 4055 713 Ἰωάν-

2407 758 2539 792 νου·
2611 739 2671 793 οὐ
2739 740 2843 815 γάρ
2910 740 2963 808 ἒξ
3031 738 3304 816 ἐμφανοῦς
3368 741 3527 816 ὥρμα
3583 743 4053 818 παραταξάμενος,

2405 825 2531 882 ἀλλ’
2580 827 2641 883 ἐκ
2692 826 2868 903 λόχου
2915 823 3267 902 προσϐαλὼν,
3318 831 3434 893 οἷος
3480 830 3683 893 ἐκεῖνος
3711 835 4054 902 τὰτοιαῦτα,

2403 915 2708 987 κατέπληξε
2761 917 2992 985 Θεαθεὶς,
3051 918 3139 971 καὶ
3198 917 3328 973 λαὸν
3391 919 3635 992 ἔκκριτον
3676 922 3764 975 καὶ
3798 921 4053 987 ἐπιεικῶς

2406 1010 2597 1080 μαχῶν
2651 1007 2907 1080 έμπειρον
2967 1010 3045 1075 τῷ
3098 1007 3225 1080 παρ’
3281 1004 3479 1061 ἐλπίδα
3536 1009 3832 1081 πταίσματι
3863 1009 4049 1087 ἀνδρι-

2400 1099 2511 1157 κῶς
2586 1096 3091 1168 καταγωνισάμενος
3165 1093 3320 1165 δόξαν
3394 1095 3642 1159 εὐκλείας
3718 1098 4046 1177 ἀποφέρεται

2399 1190 2502 1251 τῆς
2536 1184 2814 1259 μεγίστης.
2848 1185 2922 1240 Τὸ
2954 1182 3012 1238 δέ
3061 1206 3120 1258 γε
3172 1185 3416 1239 ναυτικὸν
3467 1186 3557 1239 καὶ
3610 1187 3733 1241 ὅσον
3766 1186 3817 1242 ἐν
3854 1190 4045 1250 αὐταῖς

2396 1272 2578 1326 ναυσῖν
2612 1273 2678 1341 ἦν
2719 1273 2947 1344 ὀιζήμιοι
3008 1270 3448 1344 διατηρηοέντες,
3480 1276 3514 1344 ἢ
3547 1275 3764 1346 μᾶλλον
3791 1277 3882 1330 καὶ
3915 1280 4048 1351 γέρα

2402 1361 2588 1435 μάχης
2640 1359 3059 1436 ἐπενεγκάμενοι
3116 1362 3242 1423 τοὸς
3299 1364 3423 1436 περὶ
3481 1364 3572 1417 τὸν
3639 1364 3800 1438 μέγαν
3856 1364 4044 1439 κόριον

2394 1450 2667 1520 Ἰωάννην,
2732 1449 2953 1523 εὐθύμῳ
3016 1448 3213 1526 καρδίᾳ
3270 1452 3407 1516 πρὸς
3469 1453 3561 1506 τὸν
3620 1457 3922 1527 κρατοῦντα
3960 1454 4048 1528 γί-

2392 1560 2596 1594 νονται.
2631 1538 2735 1595 Καὶ
2786 1540 2838 1593 οἱ
2894 1540 2989 1611 μὲν
3048 1540 3185 1617 ἀμφὶ
3246 1541 3338 1594 τὸν
3400 1541 3562 1613 μέγαν
3596 1541 3785 1616 κύριον
3822 1543 3926 1597 ὑπὸ
3956 1542 4042 1598 δε-

2393 1633 2554 1701 σμοῖς
2599 1633 2809 1704 φρουρᾷ
2857 1626 3115 1696 δίδονται,
3175 1634 3397 1701 τιμᾶται
3451 1627 3509 1683 δὲ
3550 1632 3576 1684 ὁ
3627 1630 3859 1705 Ἰκάριος
3896 1632 4044 1686 ἀντί-

2390 1720 2553 1772 ποινά
2605 1722 2712 1771 τῶν
2768 1718 2991 1791 ἀγώνων
3049 1723 3128 1790 τῷ
3193 1723 3289 1772 τοῦ
3362 1717 3605 1794 μεγάλου
3671 1721 4040 1775 κονοσταύλου

633 1807 708 1869 εἷς
742 1808 919 1883 φυγὴν
949 1803 1172 1873 ἦλαυνε,
1203 1805 1291 1858 καὶ
1339 1803 1467 1865 τοὺς
1519 1804 1614 1875 μὲν
1666 1801 1929 1866 διώοντας
1959 1805 2104 1859 πολὺ
2136 1827 2271 1879 προ·
2308 1836 2357 1902 Β
2389 1807 2676 1879 ἀξιώματι.
2728 1808 2792 1863 Ὀ
2846 1808 3029 1879 μέντοι
3080 1828 3142 1881 γε
3192 1812 3299 1862 τῶν
3354 1803 3549 1877 Θηϐῶν
3595 1808 3725 1869 λαὸς
3750 1810 3843 1864 τὸν
3877 1807 4042 1864 ἀδελ-

630 1898 761 1951 Οὲων
796 1896 1037 1968 έξήλυξε,
1068 1895 1130 1948 τὸ
1176 1891 1232 1948 δέ
1280 1914 1341 1967 γε
1392 1890 1662 1965 μοιρίδιον
1696 1893 1885 1964 ἀλύξαι
1919 1893 2016 1949 οὐκ
2043 1896 2109 1963 ἦν
2139 1895 2273 1950 ἐκεί-

630 2008 729 2057 νῳ,
779 1984 872 2039 κάν
932 1984 1086 2038 πάντ’
1150 1978 1427 2055 ἔπραττεν.
1488 1978 2004 2057 Ἀτακτότερονγᾶρ
2036 1981 2277 2038 ἐλαύνων

627 2076 717 2129 τὸν
744 2072 939 2141 ἵππον,
992 2072 1118 2133 τοὺς
1179 2068 1395 2125 ὄπισθεν
1460 2070 1713 2143 οἰόμενος
1773 2073 1987 2148 φθάνειν
2020 2073 2277 2147 καὶπρὸς

629 2164 855 2225 ἐκείνοις
887 2164 1072 2233 μόνοις
1113 2159 1255 2235 ἔχων
1312 2162 1401 2213 τὸν
1460 2160 1581 2214 νοῦν
1644 2162 1790 2221 ὅπως
1826 2160 2068 2238 ἐκφύγοι,
2102 2183 2272 2238 προσ-

628 2250 804 2305 πταίει
837 2247 1043 2321 δένδρῳ
1095 2249 1212 2321 μεθ’
1263 2247 1401 2311 ὅλης
1447 2255 1548 2316 τῆς
1596 2252 1691 2301 τοῦ
1742 2246 1910 2301 ἵππου
1960 2255 2150 2324 φορᾶς,
2184 2249 2271 2305 καί

625 2342 762 2395 κατὰ
817 2340 1011 2408 στῆθος
1069 2338 1335 2392 συνθλᾶτα
1442 2335 1620 2398 Μόλις
1676 2335 1732 2391 δέ
1779 2358 1920 2398 τινες
1964 2339 2054 2392 τὸν
2098 2338 2267 2394 ’ίππον

627 2433 913 2499 στήσαντες
947 2427 1028 2497 (οὐ
1059 2429 1159 2501 γάρ
1205 2428 1272 2495 ἦν
1324 2426 1513 2499 ἐκείνῳ
1566 2426 1733 2499 μέλον
1775 2432 1872 2481 τοῦ
1896 2425 2092 2499 ἵππου,
2126 2428 2271 2484 ἀλλά

623 2541 685 2594 γε
714 2526 815 2588 τῆς
845 2517 1066 2593 πληγῆς
1096 2537 1155 2571 τε
1201 2516 1291 2570 καὶ
1350 2520 1451 2570 τοῦ
1510 2514 1759 2586 θανάτου)
1790 2518 2072 2588 ἡμιθνῆτα
2101 2539 2267 2571 κατα-

624 2605 929 2677 ϐιϐάζουσι,
988 2606 1078 2661 καὶ
1139 2594 1213 2668 ὧς
1273 2607 1421 2681 εἶχον
1475 2606 1612 2680 πρὸς
1667 2605 2065 2677 Θεσσαλονίκην
2127 2608 2269 2662 ἀπα-

619 2697 869 2773 γαγόντες
920 2695 1030 2751 ἐκεῖ
1081 2694 1336 2759 θάπτουσι
1386 2692 1804 2765 τελευτήσαντα.
1840 2697 1918 2769 [Ρ.
1953 2697 2078 2770 280]
2136 2698 2267 2760 Τοῖς

628 2922 802 2978 nendi
829 2938 889 2977 se
921 2924 1052 2993 post
1084 2922 1285 2984 ictum,
1318 2917 1625 2988 eﬂ‘ecitque
1658 2917 1928 2989 utprimo
1952 2918 2149 2973 statim
2174 2918 2271 2973 teli

625 3031 736 3084 qua
769 3026 1085 3083 percussus
1116 3013 1205 3063 est
1235 3006 1494 3079 impulsu
1530 3006 1969 3062 sellaexcussus
1991 3007 2272 3062 corruerit

621 3108 945 3173 captusque
972 3100 1165 3155 subito
1198 3098 1396 3161 fuerit,
1430 3102 1648 3152 etcum
1683 3112 1748 3151 eo
1790 3097 1887 3151 alii
1927 3097 2097 3151 multi
2128 3114 2266 3152 casu

2386 1898 2482 1972 φὸν
2544 1897 2795 1951 Ἰωάννου
2857 1894 3202 1969 Γουλίελμον
3276 1897 3439 1971 μέγαν
3509 1897 3694 1970 κόριον
3764 1899 4039 1962 ἀντικαθι-

2385 1990 2587 2039 στᾶσιν.
2648 1986 2883 2040 Ἐκεῖνον
2945 1983 2989 2039 δ’
3048 1988 3257 2060 ἀγήΑας
3309 1987 3336 2040 6
3390 1985 3644 2061 βασιλεὺς
3674 1987 3762 2041 καὶ
3795 1986 4038 2059 δοκιμά-

2380 2095 2474 2135 σας
2529 2068 2829 2146 Λαμϐάνειν
2873 2068 3123 2148 γαμϐρὸν
3185 2074 3274 2149 ὑφ’
3330 2076 3517 2149 ὅρκοις
3572 2075 3862 2152 ἀσφαλέσιν
3904 2077 4037 2131 ἀπέ-

2383 2160 2499 2218 λυε.
2534 2163 2816 2233 Μετέωροι
2851 2160 2896 2217 δ’
2927 2164 3060 2231 ἦσαν
3116 2164 3171 2216 οἱ
3219 2164 3395 2236 γάμοι
3438 2165 3555 2217 καθ’
3592 2164 3912 2238 ὑποσχέσεις
3943 2166 4037 2219 καὶ

2383 2250 2570 2323 μόνας.
2606 2249 2761 2307 Ἀλλ’
2793 2251 2998 2314 ἐκεῖνος
3047 2249 3142 2324 εἴμ’
3192 2250 3381 2312 ἐπιοάς
3432 2259 3531 2321 τῆς
3577 2250 3860 2327 πατρίδος,
3890 2254 4036 2325 νόσῳ

2378 2340 2681 2416 περιπεσὼν
2721 2339 2967 2411 τελευτᾷ.
3021 2338 3348 2415 Λιαδέχεται
3404 2338 3461 2394 δὲ
3516 2343 3543 2395 6
3603 2339 3838 2419 ἀδελφὸς
3888 2341 4037 2397 ἐκεί-

2376 2450 2472 2484 νου
2524 2428 2892 2503 Γουλίελμος,
2952 2429 3010 2484 δν
3063 2434 3153 2485 καί
3209 2426 3456 2507 γαμϐρὸν
3516 2431 3764 2486 Ἰωάννου
3804 2433 3832 2486 6
3866 2432 4039 2508 λόγος

2375 2518 2629 2589 παρίστα,
2688 2517 2969 2579 ὁλοτελῶς
3018 2519 3117 2586 τήν
3176 2524 3272 2574 τοῦ
3325 2519 3655 2591 τεθνηκότος
3701 2522 4034 2595 κυριότητα,

2376 2609 2476 2664 Καὶ
2535 2609 2601 2677 ἧν
2658 2609 2794 2683 πρὸς
2848 2608 3155 2679 Ῥωμαίους
3214 2605 3658 2687 ἀντιφερόμενος,
3707 2609 3753 2665 εἶ
3792 2612 3879 2664 καὶ
3915 2613 4037 2665 κατ’

2376 2696 2494 2762 ἔτος
2550 2699 2578 2753 6
2633 2698 2830 2762 στόλος
2886 2698 3056 2754 ἐκεῖσε
3111 2695 3483 2777 προσϐάλλων
3543 2700 3738 2757 ἐκάκου
3776 2700 4036 2756 τ’ἆκείνου

2383 2921 2558 2987 caede,
2581 2919 2766 2992 spolia
2785 2920 3039 2992 plurima
3054 2920 3492 2992 pretiosamque
3506 2922 3759 2992 praedam
3776 2921 4043 2978 victoriae

2383 3008 2688 3079 praemium
2723 3007 3006 3063 tulerunt.
3024 3007 3142 3062 Hoc
3165 3006 3482 3077 alterojam
3501 3013 3708 3063 eventu
3736 3008 4043 3063 Romanos

2381 3097 2564 3151 tristis
2596 3097 2953 3162 experientia
2983 3096 3331 3168 docuitquis
3349 3102 3679 3168 etquantus
3702 3096 3857 3152 bello
3880 3106 4047 3153 esset

618 3193 819 3247 eodem
872 3188 1181 3259 implicati,
1233 3188 1451 3258 quippe
1509 3186 1835 3242 necessaria
1882 3188 2265 3242 subveniendi
2298 3216 2337 3271 (τ
2376 3186 2632 3241 Joannes
2661 3187 2755 3241 hic
2788 3186 3026 3253 nothus,
3060 3186 3147 3240 vir
3177 3185 3445 3241 omnium
3505 3185 3929 3241 callidissimus
3963 3188 4040 3242 ad

617 3281 749 3335 duci
780 3278 1071 3335 laboranti
1123 3293 1262 3331 cura
1294 3293 1326 3330 a
1379 3276 1515 3346 fuga
1565 3277 1914 3331 maturanda
1960 3276 2261 3348 prohibiti,
2300 3262 2336 3279 ’³
2372 3276 2619 3332 insidias
2650 3277 2985 3341 struendae,
3018 3281 3142 3330 tum
3177 3275 3277 3330 ubi
3334 3291 3403 3330 ex
3454 3276 3526 3329 iis
3574 3276 3631 3330 in
3665 3275 3865 3347 plures
3897 3293 4037 3332 cum

613 3366 1021 3442 comprehensi
1056 3367 1270 3439 pariter
1301 3366 1358 3419 in
1396 3365 1721 3420 custodiam
1752 3365 1871 3419 sint
1899 3366 2041 3420 dati.
2075 3366 2136 3420 In
2170 3367 2263 3422 his

617 3462 727 3516 fuit
754 3460 940 3530 ipsius
974 3456 1141 3512 Icarii
1180 3457 1373 3510 frater.
1409 3455 1645 3510 Interim
1680 3456 2263 3512 etexercitusaterra

612 3549 844 3621 irrupit,
897 3563 1071 3619 quem
1120 3546 1398 3600 ductabat
1468 3560 1717 3615 magnus
1782 3545 2262 3617 stratopedarcha

608 3639 955 3712 Synadenus
986 3636 1242 3690 Joannes
1275 3639 1332 3688 et
1355 3649 1607 3705 magnus
1633 3633 2010 3688 conostaulus
2056 3634 2259 3688 Cabal-

608 3729 793 3783 larius
828 3724 1095 3781 Michael.
1133 3724 1195 3778 Hi
1234 3740 1366 3778 cum
1401 3724 1552 3779 412
1616 3722 1895 3778 Pharsale.
1954 3724 2260 3779 tenderent

605 3821 730 3891 (arx
752 3835 819 3873 ea
849 3821 957 3884 est,
991 3815 1081 3870 cui
1119 3831 1349 3869 nomcm
1367 3814 1674 3885 antiquum
1694 3813 2257 3881 Phthiafuit)animo

603 3910 1041 3962 commeantium
1062 3903 1415 3974 importandi
1435 3902 2256 3974 praesidio,inciduntinJoan-

602 4013 733 4051 ncm
766 3995 1036 4061 nothum,
1070 3993 1170 4064 qui
1221 3992 1420 4046 statim
1473 4008 1571 4045 eos
1618 3992 1733 4046 acri
1784 3991 1980 4063 prmlio
2012 3993 2255 4047 adortus

604 4104 715 4141 non
749 4086 948 4141 minus
979 4084 1201 4137 fortiter
1231 4098 1407 4153 quam
1444 4080 1688 4136 feliciter
1711 4097 1829 4136 rem
1856 4082 2037 4152 gessit
2070 4082 2254 4153 captis

601 4193 734 4230 eum
790 4175 922 4228 aliis
973 4173 1263 4243 plurimis,
1321 4177 1445 4226 tum
1497 4171 1624 4243 ipso
1672 4171 1983 4243 Synadeno
2038 4188 2252 4241 magno

599 4263 1097 4335 stratopedarcha.
1136 4265 1406 4332 Magnum
1435 4258 1841 4316 conostaulum
1876 4260 1999 4314 Itali
2038 4261 2252 4315 milites

596 4354 841 4410 Joannis
868 4353 966 4407 diu
1002 4352 1290 4422 persecuti
1322 4349 2252 4421 assequinequivcre.lllequippe

598 4445 730 4500 totis
800 4443 1045 4497 habenis
1102 4443 1326 4496 effusus
1399 4441 1456 4494 in
1524 4442 1719 4510 fugam
1786 4439 2023 4508 longum
2096 4440 2248 4494 inse-

593 4533 915 4605 quentibus
970 4536 1322 4603 praeceperat
1373 4529 1657 4601 spatium,
1705 4534 1767 4582 ut
1810 4529 1935 4599 jam
1988 4528 2247 4598 periculo

2372 3365 2577 3437 paucis
2609 3371 2965 3437 erumperet,
2995 3365 3372 3435 imperterriti
3402 3366 3521 3419 dux
3558 3365 3740 3420 animi
3774 3366 4041 3421 roboris-

2368 3470 2481 3524 que
2514 3453 2848 3526 perrupturi
2883 3452 3115 3524 quidvis
3149 3452 3509 3525 oppositum.
3560 3458 3711 3525 Ergo
3774 3453 3825 3508 is
3873 3471 4041 3509 nunc

2367 3558 2598 3613 quoque
2631 3560 2744 3597 non
2780 3543 2976 3614 palam
3016 3558 3332 3597 occurrens
3388 3558 3457 3596 ex
3505 3542 3775 3601 adverso.
3807 3543 3911 3598 sed
3961 3560 4037 3599 ex

2367 3631 2627 3686 latibulis
2684 3631 3000 3702 improviso
3068 3632 3325 3697 irruens,
3377 3630 4028 3702 inopinatissimatilla

2364 3719 2559 3791 specie
2587 3720 2787 3790 copias
2836 3718 3055 3790 alioqui
3115 3720 3299 3775 bonas
3352 3724 3409 3775 et
3456 3719 3601 3775 satis
3671 3720 4036 3778 exercitatas

2366 3812 2519 3866 413
2549 3811 2738 3882 primo
2773 3810 3039 3880 perculit,
3076 3827 3211 3866 mox
3257 3810 3644 3883 impressione
3686 3812 4031 3869 vehementi

2366 3900 2599 3971 disjecit
2630 3901 2978 3972 stravitque,
3011 3900 3256 3972 gloriam
3307 3918 3415 3956 suo
3446 3901 3672 3956 nomini
3706 3902 4033 3959 maximam

2363 3990 2466 4045 tali
2501 3990 2753 4045 facinore
2784 3991 3053 4061 adeptus.
3085 3993 3159 4044 At
3189 3990 3417 4047 navalis
3454 3991 3743 4047 exercitus
3788 3994 4036 4049 univer-

2366 4096 2470 4133 sus
2500 4078 2840 4145 incolumis,
2884 4082 3102 4150 quippe
3150 4078 3460 4135 ineruenta
3503 4080 3745 4137 victoria
3776 4084 4032 4152 potitus,

2361 4169 2607 4239 insuper
2657 4167 2863 4240 spoliis
2914 4168 3099 4233 dives,
3157 4168 3445 4223 Joannem
3496 4186 3631 4224 cum
3682 4170 3809 4225 suis
3863 4172 4027 4228 bello

2361 4264 2599 4328 captum
2635 4259 2876 4321 ducens,
2908 4258 3125 4327 gaudio
3157 4261 3214 4312 et
3253 4257 3644 4329 gratulatione
3690 4259 3913 4331 ingenti
3948 4265 4028 4317 ad

2357 4348 2769 4418 imperatorem
2798 4346 2989 4401 rediit.
3015 4348 3088 4400 At
3117 4346 3376 4403 Joannes
3407 4348 3643 4419 quidem
3675 4365 3805 4404 cum
3835 4352 4029 4407 sociis

2353 4436 2532 4491 vincti
2584 4435 2861 4490 custodiae
2928 4436 3290 4491 traduntur:
3366 4437 3551 4492 Icario
3597 4453 3733 4493 vero
3785 4455 4027 4497 merces

2355 4540 2541 4595 operae
2575 4524 2726 4579 bello
2761 4522 3007 4578 feliciter
3036 4529 3258 4580 navatae
3273 4530 3689 4597 repraesentata
3707 4531 4024 4599 estmagni

593 4603 906 4678 defunctus
940 4623 1255 4675 videretur.
1303 4620 1415 4673 Sed
1471 4619 1706 4673 fatalem
1759 4617 1962 4671 horam
2018 4633 2090 4671 nc
2138 4618 2249 4672 ista
2284 4603 2325 4666 D
2360 4612 2687 4669 conostauli
2720 4613 3007 4667 attributa
3055 4614 3355 4684 dignitate.
3407 4617 3525 4670 Sub
3585 4615 3707 4672 haec
3755 4617 4029 4688 populus

592 4713 831 4784 quidem
866 4710 1235 4765 contentione
1258 4712 1587 4778 conatuque
1612 4705 2247 4761 summofrustrariaut

589 4801 820 4855 differre
852 4798 1051 4853 infelix
1074 4796 1299 4868 potuit:
1335 4797 1475 4850 dum
1509 4795 1665 4849 enim
1696 4794 1993 4849 incautius
2024 4810 2241 4866 equum

590 4889 842 4962 impellit
886 4904 1129 4942 securus
1179 4886 1565 4949 anteriorum,
1622 4901 1655 4938 a
1712 4888 1874 4955 tergo
1924 4882 2113 4938 solum
2149 4883 2241 4937 in-

586 4996 796 5052 gruere
824 4977 1151 5046 periculum
1184 4975 1532 5031 existimans
1565 4990 1750 5045 eoque
1782 4972 2030 5029 sollicite
2055 4989 2245 5044 respe-

586 5073 778 5136 ctans,
830 5068 891 5121 in
938 5066 1167 5121 obviam
1236 5065 1502 5119 arborem
1577 5068 1701 5118 toto
1764 5063 1896 5133 cqui
1948 5061 2239 5117 currentis

584 5159 806 5230 impetu
850 5159 1142 5229 impactus
1193 5155 1429 5226 dirupto
1490 5160 1718 5225 pectore
1768 5152 2037 5217 concidit,
2091 5168 2236 5221 equo

583 5248 766 5303 libero
798 5249 1087 5302 abeunte:
1143 5260 1334 5315 neque
1384 5243 1542 5299 enim
1590 5242 1793 5314 equiti,
1856 5241 1982 5297 diro
2014 5257 2152 5295 casu
2181 5246 2237 5295 et

580 5338 735 5394 letali
770 5337 1010 5392 vulnere
1041 5335 1282 5399 afﬂicto,
1329 5333 1577 5388 vacabat
1625 5333 1697 5387 de
1744 5348 1893 5403 eque
1953 5331 2231 5401 cogitare.

581 5429 745 5484 Hunc
800 5433 992 5483 tamen
1045 5442 1195 5497 aegre
1247 5423 1425 5495 aliqui
1478 5423 1713 5489 morati,
1783 5422 2135 5477 seminecem
2182 5422 2233 5476 ei

576 5518 961 5574 caballarium
983 5516 1327 5588 impositum
1351 5511 1833 5569 Thessalonicam
1859 5528 1993 5567 cum
2020 5511 2230 5583 depor-

573 5612 820 5674 tassent,
874 5624 1009 5663 mox
1057 5606 1137 5661 ibi
1192 5608 1491 5660 mortuum
1539 5602 1918 5674 sepelierunt.
1967 5602 2229 5658 Joannes

571 5699 806 5755 interim
837 5714 970 5753 cum
1005 5697 1130 5753 suis
1164 5694 1351 5751 multa
1388 5694 1632 5766 impune
1685 5694 1836 5749 facta
1888 5697 2223 5749 nostrorum

2355 4703 2683 4758 Thebarum
2738 4705 2975 4757 fratrem
3023 4703 3267 4758 Joannis
3330 4704 3684 4760 Gulielmum
3727 4722 4027 4776 magnum

2355 4792 2661 4848 dominum
2696 4808 2797 4863 pro
2816 4808 2882 4847 eo
2914 4793 3241 4848 constituit.
3261 4793 3475 4849 Verum
3499 4798 3781 4851 Joannem
3806 4795 4025 4867 ipsum

2357 4883 2677 4953 imperator
2709 4883 3031 4938 honoritice
3062 4887 3404 4949 tractatum,
3438 4886 3674 4956 propria
3704 4886 3754 4940 ei
3797 4886 3919 4941 filia
3959 4891 4025 4944 in

2353 4973 2660 5043 conjugem
2679 4972 2992 5043 promissa,
3027 4974 3469 5044 postﬁrmatum
3492 4975 3891 5045 jurejurando
3916 4978 4033 5033 foe-

2353 5060 2463 5115 dus
2493 5061 2745 5115 liberum
2779 5060 3025 5131 dimisit,
3057 5066 3301 5117 nutante
3332 5061 3526 5119 adhuc
3569 5064 3832 5137 conjugii
3883 5083 4025 5139 spe,

2350 5152 2569 5223 quippe
2623 5167 2738 5205 non
2788 5149 2943 5204 ultra
3002 5156 3173 5221 pacta
3218 5156 3277 5206 et
3336 5151 3639 5223 sponsalia
3678 5160 4020 5225 progressi.

2349 5244 2628 5297 Caeterum
2657 5240 2990 5294 destinatus
3020 5256 3277 5311 sponsus
3303 5240 3481 5296 simul
3514 5242 3767 5314 patriam
3783 5246 4019 5318 attigit,

2347 5332 2550 5386 morbo
2596 5334 2899 5401 correptus
2950 5330 3117 5396 obiit,
3178 5347 3582 5387 successorem
3633 5332 4021 5405 principatus

2344 5421 2403 5476 in
2461 5419 2715 5475 solidum
2768 5419 3023 5475 universi
3075 5419 3414 5491 relinquens
3465 5419 3827 5477 Gulielmum
3886 5425 4015 5481 fra-

2341 5517 2491 5567 trem
2523 5526 2697 5581 quem
2723 5509 2997 5582 superius
3029 5510 3289 5565 diximus
3329 5509 3577 5566 Joannis
3624 5513 3786 5567 nothi
3819 5513 4015 5571 ﬁliam

2341 5602 2601 5669 duxisse,
2634 5600 2855 5671 quique
2887 5599 3017 5656 ideo
3047 5600 3234 5655 soceri
3280 5600 3549 5673 partibus
3599 5602 3880 5659 addictus
3907 5604 4015 5661 in-

2342 5694 2543 5751 fensus
2601 5691 2882 5749 Romanis
2940 5692 3206 5749 mansit:
3267 5709 3451 5765 quare
3505 5691 3717 5751 classis
3776 5695 3838 5751 in
3869 5698 4014 5767 ejus
