4212 6442
183 395 276 451 869

1226 389 1324 445 DE
1360 387 1735 444 MICBABLB
1770 383 2213 443 PAMOLOGO
2248 388 2382 442 LIB.
2424 388 2492 442 ν.

3462 394 3570 452 870

184 517 262 574 καὶ
292 513 451 572 οὐδὲν
485 519 569 570 εἷα
598 512 796 581 ἀνῦειν,
854 511 1300 588 περιζωσαμένου
1354 509 1453 577 τὴν
1501 511 1599 562 τοῦ
1651 507 1814 581 μεγά-
1843 511 1897 577 Α
1931 503 2116 568 ἄλλως
2150 504 2335 582 λόγιον
2362 509 2453 562 καὶ
2502 508 2588 562 ἐπὶ
2645 513 2760 571 τοῖς
2816 509 3094 585 πράγμασι
3142 509 3427 590 τρίϐωνα,)
3457 516 3570 591 ἃμα

185 608 272 663 λου
303 602 496 666 δουκὸς
555 601 702 673 ἀξίαν
759 605 856 656 τοῦ
913 598 1148 672 Ἰκαρίου
1187 599 1274 654 καὶ
1305 599 1396 654 τὸν
1431 594 1625 652 στόλον
1655 594 1814 670 ἃγον-

182 717 260 758 τος
271 738 282 750 .

180 857 271 927 κη’.
340 857 458 910 Ἔτι
522 851 590 908 τὰ
649 850 820 927 κατὰ-
856 850 950 927 τὸν
1029 846 1539 927 πατριαρχεύσαντα
1613 844 1813 921 Ἰωσὴφ

735 921 826 977 καὶ
883 921 974 976 τὸν
1019 921 1244 976 Βέκκον.

236 1054 337 1105 Τοῖ’)
369 1049 571 1126 Ἰωσὴφ
623 1044 680 1102 δὲ
737 1045 1048 1118 καθημένου
1108 1045 1160 1098 ὲν
1213 1047 1282 1116 τῇ
1339 1041 1477 1097 κατᾶ
1530 1040 1621 1096 τὸν
1655 1041 1813 1096 ’Λνάο

177 1137 336 1193 πλουν
375 1140 538 1211 μονῇ,
579 1135 739 1196 νόσος
790 1132 1127 1188 ἐπεισπίπτει
1173 1135 1252 1202 τῷ
1296 1131 1516 1204 Ἰωάννῃ
1546 1148 1812 1202 πατριαρ-

177 1232 354 1303 χοῦντι
387 1223 571 1296 δεινή·
605 1225 672 1293 ἦν
733 1221 780 1278 δ’
837 1221 997 1284 αὐτὸς
1055 1223 1082 1276 6
1143 1222 1346 1280 Βέκκος
1373 1220 1401 1273 6
1431 1218 1522 1272 καὶ
1547 1218 1815 1289 προτερον

177 1313 532 1392 χαρτοφῦλαξ.
588 1313 691 1370 Καὶ
751 1310 816 1380 δὴ
876 1309 1061 1365 πολλᾶ
1118 1309 1303 1373 παθὼν
1337 1307 1426 1362 καὶ
1461 1307 1816 1382 ῥαῖσας,τοῖς

178 1405 371 1480 ἰατροῖς
402 1400 555 1472 δόξαν
616 1402 667 1455 έν
725 1397 940 1475 σχολῆς
989 1398 1146 1471 τόπῳ
1202 1394 1554 1470 μετατεθέντα
1590 1394 1684 1448 τὸν
1714 1393 1814 1469 ἆῤ-

177 1493 476 1567 ῥωποῦντα
521 1491 637 1544 κατ’
688 1487 831 1543 ἰδίαν
882 1486 1291 1561 θεραπεύεσθαι,
1346 1485 1421 1557 μή
1451 1485 1538 1538 καὶ
1573 1485 1608 1552 ἡ
1641 1482 1812 1557 ἀσχο-

177 1583 258 1638 λία
283 1576 477 1654 τριϐην
533 1579 740 1653 ἐμποιῇ
795 1582 864 1650 τῇ
923 1579 1088 1649 νόσῳ,
1147 1575 1263 1631 ἐπεὶ
1321 1575 1410 1628 καὶ
1461 1571 1647 1647 ῥαΐσας
1677 1573 1812 1646 πρὸς

175 1676 244 1743 τῷ
273 1672 360 1724 καὶ
392 1669 546 1742 πόμα
596 1672 676 1743 [Ρ.
727 1670 856 1740 281]
913 1665 1237 1739 καθαρτικὸν
1293 1663 1688 1738 προσφέρεσθαι
1719 1662 1807 1728 ἦν,

177 1763 324 1828 ὁτῆς
355 1759 570 1833 Λαύρας
619 1757 756 1832 πρὸς
803 1760 970 1810 ταῦτα
1016 1755 1183 1815 τόπος
1227 1753 1464 1822 ἐκρίνετο
1513 1753 1810 1826 χρήσιμος.

178 1850 271 1905 Καὶ
323 1850 351 1902 6
416 1848 508 1918 μὲν
569 1844 822 1919 βασιλεὺς
880 1842 969 1898 διὰ
1025 1849 1190 1898 ταῦτα
1244 1843 1544 1915 μεταθεῖναι
1575 1842 1668 1894 τὸν
1699 1842 1814 1894 Ἰω-

176 1940 273 2007 σήφ
329 1932 611 2002 ἐϐούλετο,
675 1935 748 1996 ὡς
809 1934 910 1988 οὐκ
967 1933 1228 2007 εὐπρεπὲς
1282 1931 1472 1991 άλλως
1522 1927 1579 1983 ὅν
1632 1927 1682 1982 ἐν
1717 1931 1814 1999 μιᾷ

177 2031 308 2099 μονῇ
363 2019 658 2098 διατρίϐειν
717 2023 809 2077 τόν
859 2043 916 2076 τε
976 2023 1139 2096 ἀργὸν
1196 2019 1255 2074 έκ
1302 2016 1669 2094 πατριαρχῖας
1724 2015 1812 2070 καὶ

173 2118 257 2170 τὸν
283 2113 391 2185 ἤδη
435 2111 924 2187 πατριαρχεύοντα.
986 2109 1140 2166 Ἀλλ’
1201 2111 1228 2164 ὁ
1283 2108 1530 2177 Ἰωάννης
1575 2109 1686 2178 ἅμα
1720 2105 1811 2177 μὲν

175 2203 322 2266 εῒδὼς
351 2204 417 2258 τὸ
468 2207 564 2257 τοῦ
622 2203 820 2278 Ἰωσὴφ
879 2199 1093 2274 ἱλαρὸν,
1147 2200 1235 2252 καὶ
1277 2199 1350 2259 ὡς
1411 2197 1574 2252 αὐτοῦ
1621 2192 1817 2270 σχεδὸν

172 2292 548 2370 ψηφισαμένου
614 2289 816 2351 ἐκεῖνος
879 2289 946 2344 τὰ
1010 2285 1260 2359 πηδάλια
1320 2293 1422 2354 τῆς
1489 2283 1816 2353 Ἐκκλησίας

174 2378 441 2453 ἐλάμϐανε
471 2379 583 2451 (καὶ
615 2379 720 2454 γὰρ
776 2379 874 2446 τὴν
935 2377 1027 2432 ἀπ’
1085 2377 1293 2431 ἐκείνου
1343 2373 1549 2450 βουλὴν
1587 2371 1758 2436 θέλων
1790 2372 1818 2424 6

172 2476 374 2544 κρατῶν
468 2463 768 2540 λαμϐάνειν
849 2467 973 2542 περὶ
1048 2466 1347 2540 προσώπου
1416 2460 1818 2530 διεπυνθάνετο,

168 2561 408 2621 κάκεῖνος
465 2562 656 2614 τοῦτον
713 2557 858 2633 παρᾶ
915 2546 1044 2618 τοὺς
1099 2553 1346 2615 πολλοὺς
1406 2551 1681 2629 ἐξελέγετο
1743 2549 1820 2611 ὡς

170 2783 376 2834 terram
439 2774 761 2848 quotannis
808 2774 1039 2829 invecta
1085 2788 1216 2827 eam
1260 2769 1549 2838 vastabat,
1594 2765 1826 2823 damnis

170 2866 433 2923 afﬁciens
483 2864 866 2938 ingentibus;
917 2879 1022 2918 nec
1064 2860 1354 2916 Gulielmo
1387 2859 1643 2930 spatium
1678 2873 1815 2928 pro-

170 2973 330 3028 spere
363 2955 692 3026 quidquam
724 2953 933 3026 agendi
985 2967 1050 3007 ac
1100 2968 1172 3007 ne
1221 2948 1547 3021 respirandi
1580 2947 1814 3018 quidem

172 3045 341 3100 dabat
386 3043 578 3099 hostis
609 3041 662 3098 ei
690 3042 999 3114 oppositus
1043 3039 1296 3112 impiger
1344 3037 1587 3103 Icarius,
1616 3035 1816 3106 magni

169 3136 280 3203 iam
313 3133 488 3189 ducis
520 3134 805 3202 potestate
834 3130 1084 3186 classem
1117 3131 1386 3184 ductans.

227 3277 316 3333 28.
351 3279 566 3334 Rursus
594 3274 659 3330 de
687 3273 1082 3346 expatriarcha
1118 3270 1345 3342 Josepho
1375 3277 1426 3326 et
1457 3269 1523 3324 de
1557 3273 1744 3324 Vecco.

225 3402 575 3459 Diversante
606 3417 796 3473 porro,
827 3403 892 3455 ut
924 3400 1145 3455 dictum
1178 3401 1286 3467 est,
1317 3395 1573 3467 Josepho
1607 3393 1662 3450 in
1692 3409 1822 3449 mo-

162 3492 418 3547 nasterio
456 3491 532 3546 ad
563 3489 856 3561 Anaplum
907 3489 1045 3554 sito,
1079 3487 1281 3542 morbo
1313 3485 1628 3556 corripitur
1658 3483 1818 3555 gravi

158 3581 414 3636 Joannes
478 3577 834 3652 patriarcha,
877 3577 1100 3632 Veccus
1155 3575 1460 3644 nimirum,
1510 3573 1666 3628 idem
1718 3573 1820 3644 qui

160 3669 590 3743 chartophylax
617 3668 778 3740 prius
802 3667 1006 3722 fuerat.
1035 3666 1138 3722 Per
1159 3681 1290 3720 eum
1315 3664 1660 3735 languorem
1684 3680 1817 3718 cum

162 3759 343 3814 multa
373 3758 474 3815 vel
508 3760 602 3814 41
622 3762 670 3813 4
698 3775 730 3812 a
760 3756 914 3812 malo
947 3757 1074 3828 ipso
1104 3755 1194 3809 vel
1226 3771 1259 3809 a
1291 3753 1564 3810 remediis
1609 3769 1822 3824 passus

161 3849 520 3906 meliuscule
563 3849 689 3918 jam
744 3847 958 3902 habere
1005 3846 1321 3915 videretur,
1356 3844 1599 3900 medicis
1629 3844 1819 3899 visum

160 3941 469 3996 transferri
503 3955 727 4011 egrum
760 3941 1024 4009 oportere
1055 3937 1111 3991 in
1137 3936 1442 3991 seductum
1471 3950 1503 3989 a
1523 3934 1700 3989 turba
1720 3951 1819 3989 ne-

156 4029 453 4099 gotiorum
483 4027 706 4093 locum,
733 4026 832 4080 ubi
864 4025 1051 4081 curari
1088 4042 1189 4096 per
1219 4024 1402 4079 otium
1435 4022 1823 4095 posset,nulla

155 4116 582 4190 interpellante
639 4114 909 4171 molestia
966 4114 1439 4186 quotidianarum
1493 4112 1822 4182 occupatio-

157 4223 311 4264 num.
336 4209 745 4263 Decreverant
772 4209 970 4260 autem
996 4204 1054 4258 in
1079 4203 1190 4258 ista
1209 4201 1260 4258 ei
1285 4203 1478 4273 quiete
1509 4200 1820 4273 propinare

152 4298 472 4370 purgantia
508 4294 787 4367 quaedam
819 4292 1158 4364 pharmaca,
1185 4291 1374 4346 morbi
1404 4290 1674 4346 videlicet
1695 4289 1822 4345 reli-

151 4387 312 4459 quias
347 4392 408 4443 et
440 4383 664 4442 noxios
712 4382 992 4437 humores
1021 4382 1151 4452 ejus
1182 4397 1390 4435 causas
1425 4380 1692 4434 funditus
1721 4395 1819 4433 ex-

147 4476 456 4533 haustura.
497 4477 786 4531 Secessus
817 4488 988 4543 porro
1020 4471 1092 4526 ad
1120 4486 1248 4526 eam
1296 4486 1417 4524 rem
1473 4469 1819 4539 aptissimus

149 4565 331 4621 Laura
351 4565 701 4639 putabatur
715 4563 918 4617 eadem
942 4558 1044 4614 illa
1065 4559 1163 4614 ubi
1187 4557 1440 4631 degebat
1461 4559 1556 4628 qui
1581 4559 1819 4630 patriar-

1930 593 2023 666 μὶν
2084 592 2179 648 οὖν
2235 594 2326 650 διὰ
2371 600 2556 667 ταῦτα,
2617 595 2730 670 ἅμα
2789 596 2844 653 δὲ
2900 602 2990 654 καὶ
3039 606 3118 673 τῷ
3173 602 3272 668 τῆς
3315 607 3570 680 σφετέρας

1922 683 2152 757 γνώμης
2193 684 2460 738 πιστεύων
2513 685 2792 761 εἶρηνικῷ,
2857 685 3154 744 διεκώλυσε
3205 693 3298 762 μὲν
3330 693 3421 746 τὸν
3455 695 3570 750 Ἰωο

1923 773 2033 847 σὴφ
2096 772 2500 846 μετατίθεσθαι,
2558 774 2700 829 οὕτω
2759 773 2804 830 δ’
2858 773 3012 839 ὄντος
3070 777 3242 835 ἐκεῖσε
3290 779 3382 835 καί
3413 783 3578 842 αὐτὸς

1921 863 1989 932 τῇ
2026 864 2166 934 μονῇ
2200 859 2448 935 ένὸημεῖ,
2479 863 2568 916 καὶ
2599 864 2666 932 ἦν
2724 865 2786 919 τὸ
2828 865 2934 920 ἀπὸ
2981 865 3141 921 τοῦδε
3167 868 3258 923 καὶ
3290 890 3578 944 προσαπο-

1925 947 2166 1004 στέλλων
2199 952 2335 1021 πρὸς
2388 953 2608 1028 Ἰωσὴφ,
2668 953 2757 1007 καὶ
2815 955 2909 1016 τὰς
2970 956 3060 1010 ἀπ’
3109 956 3314 1012 ἐκείνου
3343 961 3574 1036 ἀποκρί-

1925 1059 2033 1100 σεις
2082 1037 2434 1116 φιλοφρόνως
2487 1043 2576 1095 καὶ
2634 1043 2768 1114 μετᾶ
2825 1046 3152 1118 προσηνείας
3201 1047 3378 1118 πάσης
3414 1046 3579 1125 δεχό-

1927 1148 2105 1199 μενος.
2176 1131 2272 1184 Ἠν
2332 1130 2428 1204 γὸρ
2489 1131 2516 1184 6
2586 1131 2722 1204 ἀνὴρ
2781 1131 2984 1196 ἐκεῖνος
3040 1135 3313 1207 εἰρηνικός
3368 1159 3427 1192 τε
3485 1138 3578 1192 καί

1923 1214 2136 1289 ἱλαρὸς,
2203 1217 2293 1271 καὶ
2349 1223 2608 1272 τοσοῦτον
2676 1224 2744 1293 τῇ
2811 1228 2910 1290 τῆς
2981 1224 3308 1294 Ἑκκλησίας
3383 1227 3572 1301 πράξει

1923 1305 2204 1379 ἀπήχθετο
2237 1306 2374 1360 ὥστε
2409 1306 2536 1379 μηδ’
2585 1308 2934 1383 αἰσχύνεσθαι
2980 1310 3252 1375 πολλάκις
3284 1314 3574 1386 ὁμολονεῖν

1920 1393 2012 1448 τὸν
2049 1394 2209 1470 ὅρκον
2236 1395 2477 1470 γενέσθαι
2509 1394 2776 1469 κωλύμην
2832 1405 2928 1453 τοῦ
2959 1400 3048 1454 καὶ
3080 1401 3239 1456 αὐτὸν
3273 1402 3324 1456 ἐν
3351 1405 3569 1468 τούτοις

1924 1484 2079 1549 εἶναι,
2111 1482 2225 1538 ἐπεῖ
2283 1482 2450 1539 πλέον
2508 1487 2605 1540 οὐκ
2655 1488 2722 1555 ἦν
2776 1488 3021 1563 γενέσθαι
3050 1495 3159 1543 τῶν
3192 1492 3572 1566 πραχθέντων,

1923 1571 1996 1631 ὡς
2057 1568 2453 1644 ὑπελάμϐανεν.
2512 1575 2599 1630 Ἐν
2677 1576 2895 1638 τούτοις
2965 1575 3166 1652 διοίγων
3230 1582 3257 1635 ὁ
3317 1582 3572 1650 Ἰωάννης

1923 1659 2109 1715 πολλά
2139 1662 2234 1732 μὲν
2275 1663 2591 1736 γραμμάτια
2645 1664 2720 1727 εἷς
2775 1665 2965 1741 χεῖρας
3018 1667 3134 1742 εἶχε
3187 1665 3506 1742 λαμϐάνων,
3541 1672 3572 1725 ἃ

1927 1747 1992 1818 δὴ
2026 1750 2116 1804 καὶ
2148 1751 2199 1803 οἱ
2255 1751 2576 1826 σχιζόμενοι
2632 1753 2922 1826 ἐξετίθουν,
2980 1753 3282 1819 δεικνῦντες
3312 1762 3409 1828 τήν
3443 1766 3578 1834 πρᾶ-

1926 1839 2000 1907 ξιν
2052 1839 2126 1899 ὡς
2181 1838 2449 1914 σφαλερὰν
2505 1840 2592 1894 καὶ
2651 1847 2783 1896 Θεοῦ
2839 1844 3026 1919 πόρῥω
3090 1844 3423 1920 βάλλουσαν,
3460 1851 3573 1920 ἅμα

1925 1925 1981 1981 δέ
2007 1927 2096 1981 καὶ
2127 1927 2254 1988 τοὺς
2288 1929 2530 1992 Ἰταλοὺς
2583 1931 2809 2006 ἐνόχους
2859 1933 3124 2006 αἱρέσεσιν
3179 1937 3242 1990 οὖ
3297 1958 3573 1991 συνεσκιαυ

1926 2017 2146 2087 σμέναις
2205 2015 2391 2078 ἄλλως
2447 2019 2535 2072 καὶ
2591 2015 2948 2096 ἀμφιϐόλοις,
3008 2022 3133 2078 ἀλλ’
3190 2025 3446 2101 ἐμφανέσι
3485 2025 3575 2080 καὶ

1927 2103 2232 2179 λαμπραῖς.
2267 2107 2435 2181 Εἶχον
2497 2104 2553 2161 δὲ
2609 2108 2699 2161 καὶ
2752 2109 2858 2163 ἀπὸ
2907 2116 3132 2188 Γρανρῶν
3185 2115 3258 2174 ὡς
3293 2112 3451 2182 δῆθεν
3485 2115 3573 2176 τὰς

1929 2190 2243 2266 ὑποδείξεις,
2279 2197 2338 2258 ἅς
2387 2198 2472 2250 καὶ
2533 2198 2967 2272 κατεστρώννυον
3027 2203 3430 2276 συνεγέστερον,
3481 2204 3577 2257 κᾶν

1927 2282 2032 2335 π’)τό
2089 2304 2141 2337 τι
2194 2284 2282 2337 καὶ
2344 2285 2515 2360 ἁγίοις
2577 2284 2781 2361 ἐρρήθη
2836 2286 3230 2360 θεληματικὸν,
3281 2290 3424 2346 εἶ’ποι
3471 2313 3575 2356 τις,

1928 2371 2110 2426 καὶτὸ
2143 2373 2278 2426 κατὰ
2333 2380 2467 2447 σφᾶς
2524 2377 2785 2450 παριστάν
2848 2375 3026 2447 ἰδίως,
3075 2379 3148 2441 ὡς
3194 2379 3318 2454 περί
3350 2381 3576 2454 εἰρήνης

1931 2463 2045 2514 οἷον
2081 2461 2155 2519 ὡς
2184 2462 2518 2536 εἷρηνευτέον
2585 2465 2676 2536 μὲν
2740 2463 2878 2520 ὅπου
2939 2468 3015 2538 μὴ
3048 2469 3175 2522 Θεὸν
3209 2469 3577 2541 ζημιούμεθα,

1931 2550 2020 2603 καὶ
2054 2549 2399 2624 πολεμητέον
2461 2553 2612 2616 αὖθις
2671 2553 2806 2610 ὅπου
2869 2558 3194 2627 ζημιοῦσθαι
3228 2558 3356 2614 Θεὸν
3390 2557 3584 2614 κινδυ-

1937 2767 2093 2836 quod
2125 2767 2253 2838 ejus
2276 2769 2591 2841 tranquillo
2613 2774 2669 2826 et
2689 2772 2953 2829 studioso
2977 2775 3138 2845 pacis
3169 2775 3401 2847 ingenio
3433 2793 3582 2833 con.-

1926 2855 2325 2926 ﬁderet),heec,
2343 2858 2604 2930 inquam,
2618 2860 2763 2916 Joan
2776 2877 2876 2918 nes
2891 2867 3171 2934 reputans
3185 2864 3543 2937 obstititquo
3561 2893 3575 2906 -

1929 2944 2124 3000 minus
2155 2946 2289 3002 inde
2318 2946 2612 3020 Josephus
2631 2951 3338 3025 amoveretur.llloigitur
3359 2955 3578 3012 ibidem

1929 3041 2329 3108 permanente,
2389 3039 2592 3094 eodem
2662 3044 2718 3094 et
2772 3039 2896 3112 ipse
2954 3042 3207 3113 divertit,
3267 3044 3573 3101 missitans

1927 3122 2178 3180 subinde
2208 3125 2501 3182 ol'ficiosas
2535 3127 2605 3182 ad
2639 3144 2772 3184 eum
2816 3129 3220 3201 salutationes,
3253 3136 3310 3189 et
3339 3138 3580 3189 mutuas

1932 3212 2005 3267 ab
2024 3212 2151 3284 ipso
2174 3214 2464 3270 comitatis
2489 3216 2933 3273 humanissimas
2957 3219 3419 3291 significationes
3434 3223 3580 3278 reci-

1936 3301 2264 3372 piens.Erat
2284 3303 2440 3358 enim
2463 3304 2757 3377 Josephus
2780 3308 2922 3363 adeo
2947 3309 3201 3380 pacifica:
3221 3310 3582 3384 placidaeque

1933 3394 2174 3455 naturae,
2209 3396 2274 3446 ut
2301 3408 2367 3448 eo
2407 3395 2560 3466 quod
2611 3394 2893 3452 hactenus
2948 3397 3207 3454 Ecclesia
3253 3410 3448 3472 egerat
3505 3403 3577 3457 ad

1933 3495 2127 3550 pacem
2190 3481 2440 3536 oblatam
2504 3483 2948 3540 disturbandam
3007 3486 3420 3558 offenderetur,
3473 3507 3580 3546 nec

1931 3570 2151 3625 veritus
2184 3571 2393 3626 fuisset
2423 3572 2590 3627 fateri
2621 3573 2837 3645 smpius
2869 3590 2950 3642 se,
2988 3575 3098 3630 nisi
3134 3584 3578 3651 praeoccupatus

1924 3659 2246 3730 juramenti
2276 3676 2310 3714 a
2340 3676 2402 3716 se
2451 3660 2642 3732 palam
2703 3663 2842 3718 editi
2900 3664 3182 3737 religione
3239 3667 3468 3737 fuisset,
3501 3670 3571 3724 ad

1931 3748 2129 3803 omnia
2187 3749 2366 3804 fuisse
2423 3767 2804 3807 assensurum
2839 3768 2852 3808 :
2887 3769 2992 3808 nec
3050 3754 3206 3810 enim
3255 3757 3406 3814 415
3451 3759 3574 3829 jam

1931 3838 2346 3909 suspicabatur
2402 3841 2560 3911 quod
2617 3845 2786 3896 antea
2839 3842 3140 3911 timuerat,
3175 3860 3294 3900 rem
3331 3845 3580 3904 ulterius

1933 3943 2338 3999 processuram
2393 3946 2568 4000 quam
2619 3947 2734 4002 quo
2779 3936 2935 3987 esset
2979 3931 3261 3990 hactenus
3289 3943 3579 4006 promota.

1929 4018 2009 4072 Eo
2033 4016 2212 4088 igitur
2242 4018 2496 4089 hospitio
2525 4019 2780 4076 Joannes
2813 4026 3004 4087 utens,
3030 4021 3246 4079 multos
3277 4025 3333 4078 in
3365 4042 3578 4083 manus

1930 4108 2185 4178 sumpsit
2214 4106 2472 4179 legitque
2500 4108 2725 4165 libellos
2752 4110 2823 4165 ab
2850 4110 2920 4164 iis
2946 4112 3304 4183 compositos
3325 4116 3425 4185 qui
3451 4132 3582 4187 per-

1931 4196 2273 4251 severabant
2303 4196 2362 4251 in
2395 4197 2750 4265 schismate;
2798 4215 3050 4270 quorum
3083 4211 3204 4257 erat
3236 4219 3450 4275 scopus
3481 4222 3580 4262 os-

1930 4287 2163 4343 tendere
2195 4295 2535 4360 suspectum
2571 4289 2675 4345 hoc
2709 4295 2893 4346 lotum
2923 4291 3082 4364 pacis
3104 4293 3401 4362 negotium
3428 4312 3581 4366 esse,

1933 4377 2212 4448 longeque
2243 4395 2275 4432 a
2308 4383 2420 4433 Deo
2473 4395 2539 4434 ac
2569 4395 2703 4435 vera
2758 4380 3032 4449 religione
3081 4399 3187 4438 nos
3235 4385 3580 4452 abducens;

1930 4472 2208 4537 preterea
2257 4467 2430 4523 Italos
2477 4468 2770 4526 δίει-θεεοη
2823 4471 3008 4525 teneri
3061 4488 3214 4542 reos,
3255 4489 3580 4546 earumque

1929 4573 2043 4611 non
2075 4556 2432 4612 occultarum
2468 4563 2569 4612 aut
2600 4557 2719 4614 ullo
2747 4560 2918 4615 modo
2951 4560 3293 4631 dubiarum,
3323 4565 3421 4618 sed
3456 4565 3580 4619 evi-

145 4656 246 4713 cha
301 4630 510 4712 fderat
564 4650 879 4723 Iosephus,
913 4665 1086 4721 quem
1136 4630 1286 4703 ideo
1316 4647 1634 4718 imperator
1677 4646 1815 4701 alibi
1848 4630 1892 4695 D
1927 4645 2191 4701 dentium
2223 4651 2281 4702 et
2311 4646 2634 4703 meridiana
2666 4647 2928 4704 claritate
2976 4630 3429 4722 compertarum.
3463 4655 3580 4710 Ta-

144 4745 425 4802 collocare
458 4739 952 4805 statuerat,haud
974 4742 1433 4794 consentaneum
1467 4737 1812 4792 existimans

143 4837 338 4892 eodem
403 4831 714 4905 hospitari
772 4828 1068 4884 domicilio
1115 4829 1478 4882 decessorem
1512 4841 1812 4881 successo-

143 4941 377 4997 remque
408 4919 890 4996 patriarchatus.
920 4918 1128 4975 Verum
1161 4916 1418 4972 Joannes
1452 4915 1628 4970 simul
1663 4931 1816 4970 com-

141 5019 356 5084 pertam
390 5013 644 5070 habens
676 5022 901 5064 comem
941 5006 1310 5078 hilaremque
1355 5005 1590 5075 Josephi
1642 5005 1812 5060 indo-

139 5102 460 5172 lem,simul
487 5097 782 5158 conscius
803 5097 933 5169 ipso
953 5101 1181 5152 tantum
1206 5111 1321 5151 non
1336 5094 1491 5150 clare
1505 5095 1814 5167 palamque

140 5194 499 5269 suffragante
535 5204 682 5248 sese
708 5202 897 5258 nuper
917 5187 989 5241 ad
1012 5184 1285 5241 Ecclesiae
1315 5185 1498 5240 fuisse
1529 5183 1814 5256 guberna-

139 5284 257 5340 cula
285 5285 655 5356 promotum
673 5275 919 5350 (etenim
949 5274 1191 5347 Josephi
1224 5274 1571 5331 sententiam
1591 5273 1662 5328 de
1680 5289 1812 5328 suc-

139 5388 354 5432 cessore
415 5371 648 5430 volens
709 5366 1029 5438 imperator
1080 5363 1403 5437 explorare,
1435 5362 1814 5418 consuluerat

137 5482 255 5520 eum
287 5468 359 5522 de
394 5473 680 5537 persona
710 5471 888 5528 quam
921 5454 972 5510 ei
1007 5454 1236 5510 muneri
1270 5459 1468 5525 aptam
1492 5452 1808 5524 judicaret;

137 5560 182 5612 et
208 5555 515 5630 Iosephus
549 5547 822 5604 Veccum
870 5561 989 5617 prae
1037 5544 1238 5600 multis
1269 5545 1340 5599 ad
1374 5545 1431 5598 id
1466 5543 1720 5616 elegerat
1749 5552 1812 5598 ut

137 5652 185 5700 et
207 5646 425 5719 alioqui
450 5641 773 5699 disertum
791 5652 857 5691 ac
875 5635 1419 5708 doctum,prazterea
1441 5633 1808 5705 negotiorum

138 5733 663 5796 administratione
723 5726 948 5798 tritum,
1000 5725 1257 5798 denique
1317 5729 1526 5797 preter
1580 5727 1807 5790 caetera,

1923 4734 2066 4790 lium
2091 4740 2452 4792 assertorum
2485 4737 2839 4794 documenta
2869 4756 2930 4794 se
2962 4739 3175 4796 habere
3205 4742 3429 4799 scilicet
3460 4745 3581 4799 aie-

1921 4826 2066 4880 bant
2122 4826 2438 4881 manifesta
2485 4826 2769 4898 planeque
2801 4830 3206 4885 convincentia
3239 4832 3580 4888 testimonia

1924 4915 2279 4986 scriptorum
2313 4915 2813 4983 authenticorum,
2847 4934 2977 4989 qua:
3005 4921 3062 4973 et
3088 4919 3404 4976 ambitiose
3435 4937 3578 4977 con-

1925 5008 2183 5060 texentes
2215 5004 2604 5076 proferebant.
2631 5007 2709 5061 Ac
2741 5007 2790 5061 si
2821 5008 2978 5077 quod
3013 5012 3352 5064 sanctorum
3384 5026 3579 5066 asser-

1924 5098 2051 5150 tum
2086 5093 2144 5150 in
2178 5094 2537 5150 contrarium
2587 5100 3001 5168 opponeretur,
3035 5096 3292 5170 primum
3326 5100 3577 5172 excipie-

1922 5184 2066 5240 bant
2095 5183 2494 5251 arbitrarium,
2523 5188 2588 5239 ut
2638 5184 2772 5257 quis
2803 5185 3037 5252 dixerit,
3071 5187 3129 5242 id
3163 5204 3315 5255 esse,
3348 5189 3458 5246 hoc
3487 5195 3578 5246 est

1926 5290 2029 5347 pro
2061 5273 2186 5330 sola
2228 5273 2526 5329 voluntate
2575 5273 2703 5346 paci
2750 5275 3118 5330 studentium
3147 5277 3219 5332 ad
3254 5278 3576 5334 concordia:

1924 5364 2129 5420 oblata:
2162 5363 2700 5434 comprobationem
2732 5366 3184 5421 accommodari.
3206 5366 3425 5423 Deinde
3444 5383 3582 5424 con-

1923 5453 2208 5509 cedebant
2265 5451 2593 5507 faciendam
2651 5468 2790 5507 sane
2851 5469 3070 5524 pacem,
3102 5455 3202 5510 sed
3254 5459 3394 5510 tunc
3444 5461 3577 5511 tan-

1921 5548 2074 5610 tum,
2106 5542 2340 5612 quando
2372 5558 2489 5597 non
2522 5541 2849 5611 exigeretur
2877 5557 3206 5600 consensus
3241 5544 3299 5599 in
3351 5545 3408 5600 id
3461 5563 3578 5615 quo

1925 5635 2104 5689 Deum
2136 5631 2350 5688 otl'endi
2381 5635 2677 5687 constaret
2707 5645 2722 5688 :
2755 5646 2943 5703 neque
2993 5634 3150 5688 enim
3207 5635 3301 5690 Dei
3345 5636 3577 5705 jactura

1918 5724 2068 5779 bene
2097 5720 2590 5793 tranquillitatem
2636 5721 2796 5790 emi;
2858 5722 3165 5794 satiusque
3209 5723 3396 5781 multo
3447 5740 3577 5782 esse
