4242 6438
656 390 759 445 871
1960 374 2261 432 GEORGII
2298 376 2331 429 P

2389 374 2761 435 .CHYMEBAE
3962 373 4064 428 872

654 513 903 586 νεῦομεν,
933 512 1083 566 ταῦτ’
1112 509 1310 565 ἐκεῖνοι
1339 506 1476 583 πρὸς
1534 506 1595 560 τὸ
1647 500 2087 574 καθολικώτερον
2126 517 2296 571 μετα-
2330 504 2385 571 Α
2414 518 2506 572 γεν
2563 500 2768 563 ἐκεῖνος
2818 501 2962 572 τότε,
3026 499 3121 563 τὰς
3176 504 3286 555 τῶν
3356 497 3696 576 σχιζομένων
3765 492 4063 570 λαμϐάνων

657 605 930 681 φέροντες,
988 599 1077 654 καὶ
1136 596 1284 653 ἄλλα
1338 594 1568 651 πλεῖστα
1622 595 1850 648 τοιαῦτα
1903 587 2307 664 παρενείροντες
2410 587 2510 642 ἀνὰ
2566 594 2754 665 χεῖρας
2811 591 3047 668 γραφὰς,
3104 592 3190 651 αῖς
3249 587 3394 643 πολὺ
3452 586 3515 642 τὰ
3570 586 3761 662 ςαθρὸν
3804 586 4060 661 ἐχούσαις

652 675 773 752 ταῖς
832 694 979 767 σφῶν
1061 691 1418 764 σιργγραφαῖς,
1480 682 1755 755 παρίστων
1810 680 1910 748 τήν
1968 678 2158 753 πρᾶξιν
2229 677 2302 737 ὡς
2411 675 2495 731 ἐπὶ
2531 676 2674 733 πολὺ
2707 681 2791 740 οἷς
2845 676 3034 753 ἔλεγον
3095 676 3355 734 ἐϐούλετο
3414 678 3508 749 μὲν
3563 675 3884 751 ἀντιλέγειν,
3918 675 4060 729 ἐπεί-

655 779 947 855 σοαλεράν.
1001 780 1102 835 Ἦν
1162 775 1218 831 δὲ
1267 777 1329 830 τὸ
1388 774 1654 846 ἑπόμενον
1712 769 1760 843 ἐξ
1810 770 2052 843 ἀνάγκης
2081 765 2303 842 γράςιειν
2413 786 2543 842 χετο
2603 765 2679 839 δὲ,
2739 765 2835 822 κᾶν
2885 766 3046 832 τὲλος
3100 769 3200 835 τὴν
3257 773 3446 840 πεῖραν
3481 765 3541 820 οὐ
3574 763 3778 839 διέδρα,
3838 760 3960 827 ὅθεν
3991 763 4055 832 δὴ

652 872 898 925 κάκεῖνον
952 869 1042 922 καὶ
1098 867 1488 939 ἀπολογεῖσθαι
1545 862 1627 939 ἐφ’
1682 859 1891 930 ἑκάστῳ
1921 862 2026 913 τῶν
2068 855 2304 929 λεγομέ-
2407 856 2496 909 καὶ
2553 856 2791 917 πολλοῖς
2850 857 3277 929 περιπεπιτώκει
3332 860 3448 916 τοῖς
3507 853 3798 929 χαλεποῖς.
3853 859 3989 907 Τοτε
4018 851 4062 906 δ’

649 982 779 1015 νων.
812 956 966 1013 Ἀλλ’
1001 954 1162 1016 εἶδὼς
1196 954 1454 1027 αἰρόμεναι
1484 947 1759 1004 σκάνδαλα
1793 947 1865 1007 ὡς
1907 944 2088 1019 λόγων
2120 942 2305 1018 λόγοις
2412 944 2493 1020 ἐφ’
2523 945 2759 1020 ἡμέραις
2808 948 2876 1017 τῇ
2931 944 3118 1017 Λαύρᾳ
3166 947 3649 1019 προσκαρτερήσας
3679 941 3769 996 καὶ
3816 944 4063 1013 καθαρῶς

654 1048 1011 1123 μαχομένων,
1044 1043 1095 1113 ἐξ
1138 1045 1210 1097 ὧν
1264 1041 1363 1095 οὐκ
1413 1034 1524 1093 ἔστι
1569 1035 1972 1109 διαδιδράσκειν
2003 1035 2037 1101 ἢ
2074 1031 2233 1086 οὖσαν
2267 1031 2301 1100 ἢ
2412 1034 2631 1109 ὑγιάνας
2707 1033 2783 1093 εἰς
2869 1033 3445 1088 Κωνσταντινοῦπολιν
3521 1032 3901 1107 ἐπανέστρεφε,
3989 1035 4063 1101 τῷ

650 1120 913 1192 δοκοῦσαν
947 1131 1285 1207 κατηγορίαν
1327 1129 1415 1183 ἐπὶ
1447 1121 1747 1201 παραϐάσει
1779 1128 1885 1178 τῶν
1919 1120 2182 1195 μειζόνων
2214 1122 2305 1175 τὸν
2409 1124 2613 1196 Ἰωσὴφ
2649 1122 2766 1194 μεθ’
2795 1120 3125 1197 ἱλαρότητος
3152 1122 3567 1195 συνταξάμενος.

645 1228 939 1305 γράφοντα,
973 1222 1157 1297 ἔμενεν
1187 1224 1429 1297 ἡρεμων.
1464 1218 1569 1276 Καὶ
1616 1238 1678 1292 γε
1708 1221 1786 1287 τῷ
1816 1213 2113 1291 Ξιφιλίνῳ,
2146 1209 2303 1286 ἀνδρὶ

651 1297 869 1392 γεραρῷ
898 1315 986 1369 καὶ
1024 1310 1247 1386 μεγαλῳ
1277 1308 1556 1380 οἰκονόμῳ
1574 1313 1674 1375 τῆς
1702 1302 2028 1372 Ἐκγλησίας
2054 1297 2189 1369 ὄντι,
2216 1302 2299 1370 [Ρ.

646 1387 1231 1477 έϐέγκαθυπισχνεῖτο
1269 1398 1343 1469 μὴ
1376 1396 1437 1450 ἂν
1480 1395 1570 1449 καὶ
1620 1393 1821 1468 γράψαι
1854 1390 1985 1444 ποτε
2017 1388 2090 1450 ε”ς
2121 1387 2303 1464 ἀντίρο
2477 1389 2594 1445 Οὐκ
2622 1387 2751 1457 ἧνδὲ
2780 1410 2927 1451 τινας
2976 1391 3204 1462 ἠρεμεῖν
3253 1388 3513 1459 ἐντεῦθεν,
3546 1387 3685 1442 ὥστε
3714 1388 3805 1441 καὶ
3832 1389 3926 1441 τὸν
3958 1389 4069 1443 Ἰωο

652 1494 810 1570 [ἵησιν
845 1490 1028 1560 δηθεν,
1074 1474 1116 1538 γι(
1172 1489 1263 1554 Μή
1326 1484 1590 1557 δόξωμεν,
1653 1481 1810 1558 φησὶ,
1867 1484 1983 1540 τοῖς
2031 1478 2307 1550 κειμένοις
2410 1478 2518 1554 σήφ
2567 1476 2738 1531 ἐκεῖσε
2794 1478 3103 1549 καθήμενον
3163 1479 3552 1548 ἀναπαύεσθαι,
3609 1474 3736 1531 ἀλλ’
3799 1479 4066 1550 ὁσημέραι

651 1563 1147 1655 ίκνρεγχειροῦντες
1200 1573 1297 1630 κᾶν
1357 1576 1386 1628 ὅ
1439 1594 1490 1626 τι
1548 1572 1825 1646 λέγοιμεν.
1892 1568 2159 1626 Ἐκείνοις
2212 1567 2306 1638 μὲν
2408 1570 2848 1642 προσφοιτῶντες
2878 1566 3172 1642 ἠνώχλουν
3228 1566 3319 1620 τὸν
3371 1563 3541 1641 ἂνδρα
3587 1565 3678 1619 καὶ
3712 1571 3945 1639 συχναῖς
3979 1585 4065 1618 πε-

650 1670 870 1725 ὃοκοῧσι
922 1670 1276 1737 νεωτερισμῷ
1330 1684 1435 1715 τινι
1498 1661 1585 1715 ἐπὶ
1651 1665 1767 1719 τοῖς
1834 1654 2307 1725 ἐκκλησιαστικοῖς
2410 1650 2702 1727 ριὲϐαλλον
2737 1654 3053 1730 ἀσχολίαις,
3100 1656 3192 1709 τὸν
3246 1656 3411 1709 αὐτον]
3465 1654 3631 1723 ζῆλον
3671 1655 3783 1727 (καὶ
3816 1656 3923 1729 γὰρ
3954 1656 4065 1707 κατ’

650 1759 821 1831 ὁμῦσε
847 1761 1051 1831 χωρεῖν
1086 1754 1183 1809 καὶ
1233 1751 1445 1826 ἀνέχειν
1497 1750 1800 1818 πειρᾶσθαι,
1847 1746 1944 1799 κᾶν
1974 1743 2026 1798 εἶ’
2048 1766 2099 1798 τι
2128 1748 2303 1821 φαῖεν,
2411 1744 2597 1820 ὀλίγον
2629 1745 2932 1818 κατέψυκτο
2965 1750 3033 1819 τῇ
3065 1749 3171 1799 τῶν
3203 1765 3421 1817 τροπων
3456 1742 3751 1817 ἁπλότητι)
3784 1743 4063 1812 ἀναζωπυ.

650 1847 745 1903 xiv
776 1830 1019 1924 φανερῶς
1076 1843 1167 1896 καὶ
1223 1847 1339 1902 τοῖς
1394 1838 1666 1912 κειμένοις
1724 1834 2116 1911 προσκρούοιεν
2174 1830 2301 1906 δόγ-
2335 1874 2380 1938 Β
2416 1839 2632 1910 ροῦντες
2667 1836 2783 1887 οἷον
2814 1834 2903 1887 καὶ
2955 1834 3090 1909 πρὸς
3142 1837 3223 1907 [Ρ.
3274 1836 3400 1907 283]
3449 1834 3543 1888 τὸν
3592 1835 3923 1908 θερμότερον
3960 1831 4066 1886 διε-

941 1934 953 1938 -
1014 1934 1023 1938 -
1237 1931 1249 1938 μ
1458 1930 1469 1938 ι
1576 1928 1588 1938 ι
1664 1926 1678 1938 ρ
1732 1927 1745 1938 ι
1883 1931 1907 1938 .-
1974 1924 2028 1938 In
2108 1919 2125 1938 Ἴ
2226 1921 2236 1938 1
2481 1924 2490 1938 1
2734 1925 2804 1938 νιν
2913 1922 2924 1938 1
3026 1924 3038 1938 Ι
3116 1924 3129 1938 ﬁ
3187 1925 3198 1938 ι
3312 1923 3325 1938 1
3381 1923 3393 1938 \
3589 1927 3613 1935 -ι
3760 1921 3803 1938 3‘
3901 1922 3914 1937 Ι
4054 1922 4065 1938 κ

651 1958 833 2009 μασιν,
896 1934 1170 2007 αὐτάρκης
1226 1930 1478 2004 ἀποφυγή
1537 1928 1599 1982 τὸ
1660 1926 1791 1999 ὑπὲρ
1842 1931 1943 1992 τῆς
1974 1919 2302 1991 Ἑκκλησίας
2335 1919 2700 2000 ι’γεξροντειμ
2734 1925 2836 1979 Ἦν
2864 1922 2965 1998 γάρ
3018 1924 3046 1977 ὁ
3107 1924 3243 1998 ἀνὴρ
3309 1923 3396 1977 ἐπὶ
3453 1927 3711 1977 τοσοῦτον
3760 1921 3955 1988 ἱλαρὸς
3984 1922 4067 1975 καὶ

648 2022 1104 2095 δῆθενῗστασθαι,
1155 2019 1246 2075 καὶ
1296 2020 1394 2086 τήν
1444 2024 1544 2085 τῆς
1596 2010 1920 2090 ἐργολαϐίας
1954 2017 2140 2085 πεῖραν
2173 2010 2299 2086 ῥᾷον
2419 2013 2664 2086 μέτριος,
2725 2010 2863 2066 ὥστε
2918 2012 3008 2066 καὶ
3069 2011 3217 2086 εἷ’περ
3278 2012 3437 2087 χρεία
3493 2012 3700 2086 γεγόνει
3758 2012 3913 2073 τινὰς
3968 2016 4071 2065 τῶν

2588 1267 2683 1322 κΘ“.
2718 1268 2837 1322 Ἔτι
2863 1267 2929 1321 τὰ
2958 1267 3094 1321 κατά
3134 1266 3229 1321 τὸν
3281 1266 3628 1343 πατριάρχην
3662 1266 3889 1341 Ἰωσηφ.

646 2113 949 2170 ἐκκλίνοιεν
992 2110 1074 2165 ἂν·
1126 2114 1261 2181 ἡμῖν
1299 2106 1376 2174 δὲ,
1433 2109 1528 2160 κᾶν
1588 2104 1656 2158 τὰ
1714 2103 1984 2181 φανότατα
2017 2098 2298 2176 λέγοιμεν,
2409 2106 2479 2176 τῇ
2536 2101 2839 2172 Ἐκκλησία
2894 2102 3304 2157 κοινωνούντων
3364 2106 3699 2177 προσφοιτᾷν
3757 2101 3974 2173 ἐκείνῳ,
4025 2102 4071 2154 οἱ

648 2205 928 2280 ἀγαπητὸν
991 2202 1039 2255 εἶ’
1101 2202 1176 2272 μή
1229 2196 1640 2274 προσεᾹοῖμεοα
1702 2195 1892 2267 μόνον,
1925 2191 2069 2246 ἀλλὰ
2104 2193 2177 2263 μὴ
2213 2189 2301 2243 καὶ
2415 2189 2460 2245 δ’
2519 2190 2717 2259 ἢθελον
2772 2190 3141 2265 εὐλογεῖσθαι,
3205 2193 3368 2263 μένον
3423 2192 3488 2260 ἦν
3548 2190 3784 2252 ἐκείνους
3830 2192 4072 2264 προσπί,

652 2296 774 2371 περὶ
807 2298 1017 2368 τροπῆς
1074 2293 1183 2344 τῶν
1240 2288 1387 2358 κειιβ
1448 2308 1501 2338 -ιν
1551 2283 1864 2362 φεύγοιμεν.
1918 2305 1944 2333 ››
1997 2277 2300 2334 Ταῦτ’ἒλε-
2414 2301 2565 2335 πτειν
2594 2280 2683 2335 καὶ
2714 2282 2814 2350 τὴν
2866 2280 3114 2358 εὐλογίαν
3175 2281 3474 2352 ἐπιζητεῖν,
3532 2280 3620 2334 καὶ
3680 2280 3839 2335 αὐτὸν
3879 2281 4073 2342 εὐθέως

650 2518 973 2577 decertare,
999 2510 1095 2565 nhi
1130 2526 1200 2565 ne
1231 2526 1262 2561 ιι
1295 2508 1410 2563 Deo
1443 2521 1693 2575 veraque
1734 2502 2017 2573 religione
2074 2500 2309 2555 excida-
2418 2502 2746 2572 ceptatione
2801 2500 3169 2571 declinanda,
3204 2517 3319 2573 qua
3359 2506 3660 2573 utcunque
3720 2518 3823 2573 pro
3872 2508 4071 2557 nostra

648 2623 783 2661 mus
835 2618 1090 2674 praesens
1142 2598 1464 2669 periculum
1516 2594 1610 2649 sit.
1644 2592 1810 2648 Talia
1840 2590 1924 2645 illi
1960 2591 2017 2645 in
2052 2589 2303 2645 maxime
2420 2597 2582 2663 parte
2605 2591 2937 2646 clarissima
2958 2595 3307 2662 argumenta
3330 2591 3817 2661 proferamus,vix
3838 2609 4077 2664 sperare

648 2694 999 2750 catholicam
1060 2689 1495 2744 conformantes
1527 2683 1781 2755 speciem
1814 2680 2153 2735 scribebant
2182 2679 2302 2733 dis-
2418 2696 2738 2752 possumus
2769 2685 3144 2734 assecuturos
3195 2696 3301 2735 nos
3347 2684 3412 2734 ut
3459 2696 3590 2750 quas
3619 2681 4074 2750 allegaverimus

648 2785 1057 2851 screbantque,
1088 2776 1503 2831 multaineam
1528 2770 1877 2827 sententiam
1904 2767 2301 2823 accuratislu-
2417 2774 2638 2824 attente
2692 2775 3161 2841 cognoscantur;
3198 2768 3384 2823 multo
3442 2776 3638 2823 autem
3690 2770 4078 2828 verisimilius

648 2870 1095 2931 cubrationibus
1157 2862 1551 2937 plausibiliter
1626 2864 2031 2932 congerentes,
2084 2858 2303 2927 quibus
2418 2860 2626 2913 timere
2658 2874 2978 2929 possumus
3006 2874 3077 2912 ne
3105 2857 3274 2913 nobis
3301 2858 3626 2930 imputetur
3654 2860 3880 2916 refictio
3914 2879 4080 2917 revo-

650 2964 957 3034 appareret
1005 2970 1221 3026 anceps
1271 2953 1429 3006 istud
1462 2955 1650 3005 totum
1686 2965 1753 3003 ac
1786 2947 2026 3019 periculi
2060 2945 2297 3017 plenum
2419 2947 2685 3019 catioque
2710 2946 2765 3000 in
2794 2946 3040 3001 dubium
3075 2946 3255 3001 semel
3286 2947 3445 3001 omni
3480 2946 3755 3004 firmitate
3787 2951 4079 3007 constitu-

645 3051 827 3105 virleri
860 3048 1072 3103 debere
1104 3042 1425 3113 negotium.
1466 3041 1543 3095 Ea
1573 3038 1671 3093 ille
1726 3037 1948 3109 legens,
1983 3037 2301 3090 necessita-
2414 3042 2609 3091 torum
2644 3038 2990 3106 dogmatum
3025 3053 3038 3103 ;
3073 3036 3227 3106 quod
3263 3036 3525 3091 odiosius
3552 3042 3607 3091 et
3641 3039 3816 3093 nobis
3849 3040 4080 3112 fugien-

644 3147 762 3195 tem
795 3138 995 3192 subire
1017 3135 1326 3189 videbatur
1358 3129 1731 3184 manifestam
1761 3126 1996 3196 scriptis
2028 3125 2138 3179 ista
2165 3141 2301 3178 con-
2412 3126 2552 3179 dum
2589 3124 2675 3179 vel
2712 3124 2961 3179 maxime
3015 3124 3235 3179 crimen
3269 3133 3375 3180 est.
3413 3124 3487 3180 Ea
3520 3130 3657 3181 tunc
3692 3126 3790 3182 ille
3826 3129 4079 3195 dicebat,

643 3229 842 3285 trariis
868 3223 1165 3281 refellendi
1202 3216 1743 3291 respondenditque
1767 3215 2069 3287 sigillatim
2097 3215 2165 3267 ad
2190 3213 2303 3267 sin-
2337 3262 2378 3291 η
2419 3215 2650 3286 quoties
2689 3213 2747 3268 in
2784 3230 2995 3268 manus
3027 3218 3287 3269 sumeret
3317 3214 3663 3271 haerentium
3696 3216 3897 3272 adhuc
3932 3220 4082 3275 schi-

647 3262 842 3285 ιιιιιιιο
871 3262 1165 3281 ιυιυιιυυη·
1205 3262 1741 3291 ιι-υι-ινιυ-ν--υ-νΊ--ν
1767 3262 2069 3287 ν-οηη--ηπ
2098 3262 2165 3267 -ν-
2190 3262 2278 3267 ----
2423 3262 2649 3286 κιν---ν-σ-
2692 3262 2747 3268 ---
2784 3262 2993 3268 ——--—---v
3027 3262 3287 3269 ~----v-v—
3318 3262 3663 3271 ——--—-v--—
3696 3262 3897 3272 v-‘uuv
3932 3262 4053 3275 νυ...

645 3319 803 3391 gula.
856 3316 965 3371 Sed
1026 3314 1181 3367 idem
1244 3308 1556 3380 providens
1613 3322 1682 3361 ex
1740 3306 1852 3359 isto
1914 3303 2192 3357 aientium
2247 3308 2305 3355 et
2337 3262 2379 3328 C
2419 3303 2594 3358 smati
2629 3303 3083 3357 commentarios
3116 3307 3464 3373 auctorum;
3498 3321 3647 3375 quos
3692 3311 3894 3362 tamen
3950 3326 4080 3364 cum

648 3406 987 3478 negantium
1011 3401 1287 3457 conﬂictu
1320 3398 1675 3468 scriptorum
1698 3398 1977 3464 eruptura
2004 3391 2302 3459 scandala,
2420 3391 3361 3463 deindelegeret,animadvertens
3388 3393 3627 3448 multam
3652 3411 3858 3451 eorum
3893 3398 4081 3454 labem

646 3498 798 3553 raris
830 3493 1144 3548 lectoribus
1174 3506 1241 3541 ea
1274 3487 1401 3541 luce
1439 3485 1616 3539 animi
1652 3483 2010 3554 vigentibus,
2041 3490 2097 3535 ut
2133 3480 2304 3535 blan-
2420 3481 3444 3552 fraudemque,impetuminterdum
3478 3484 3746 3555 capiebat
3779 3488 4080 3544 refutandi

649 3588 904 3642 dientem
927 3581 1205 3650 utrinque
1228 3578 1286 3631 in
1311 3575 1645 3630 commissis
1665 3573 1913 3627 invicem
1938 3569 2305 3643 argumentis
2421 3572 2725 3641 splendide
2744 3588 2872 3643 quas
2893 3571 3251 3626 mendaciter
3280 3572 3749 3639 affirmabantur,
3774 3583 3833 3631 et
3866 3578 4082 3635 fucatis

648 3664 1624 3729 altercantiumverisimilitudinis
1642 3663 1893 3734 speciem
1922 3677 2065 3715 sano
2088 3659 2304 3731 judicio
2420 3660 2964 3715 ratiocinationibus
2986 3659 3327 3715 detrahendi
3350 3661 3715 3719 larvam.Seti
3742 3668 4081 3734 tenebatur,

647 3764 1070 3825 discernerent,
1104 3772 1208 3811 nec
1252 3755 1419 3809 facile
1476 3752 1743 3824 scriptori
1806 3750 2076 3822 quamvis
2136 3754 2304 3803 cauto
2421 3766 2494 3805 ne
2526 3750 2582 3804 id
2619 3750 2848 3819 faceret,
2883 3766 2950 3804 ea
2998 3766 3173 3820 quam
3223 3750 3342 3804 dixi
3392 3752 3658 3821 ratione;
3710 3771 3833 3826 qua
3884 3764 4084 3813 tamen

647 3855 909 3909 foreeam
937 3851 994 3902 in
1014 3847 1116 3901 tali
1138 3845 1443 3900 tractando
1470 3846 1819 3913 argumento
1846 3839 2303 3895 moderationem
2420 3856 2704 3895 excussus
2738 3839 2807 3893 ad
2836 3844 3163 3893 extremum
3198 3845 3307 3908 est,
3338 3840 3535 3897 venire
3567 3859 3808 3899 coactus
3858 3849 3939 3902 ad
3991 3866 4084 3903 ex-

645 3950 865 4008 tcnere,
900 3944 964 3994 ut
994 3938 1139 3993 satis
1170 3951 1295 3990 sese
1328 3932 1703 3987 subtraheret
1754 3930 2167 4001 plerorumque
2213 3942 2304 3981 re-
2421 3928 2811 4000 perimentum
2865 3928 3086 3998 scripto
3137 3928 3478 4000 disputandi
3535 3933 3820 3989 adversus
3878 3943 4089 3992 contra

647 4028 1167 4105 prehensionibus,
1201 4024 1355 4079 “6
1385 4038 1586 4076 verum
1622 4020 1671 4075 ei
1705 4025 1803 4073 aut
1836 4035 2125 4090 apparens
2158 4033 2303 4088 prze—
2421 4017 2776 4085 sentientes;
2812 4018 2965 4072 unde
2996 4017 3053 4071 in
3088 4016 3304 4073 multas
3335 4026 3392 4074 et
3421 4036 3625 4091 graves
3659 4025 3917 4095 contigit
3949 4044 4084 4082 eum

649 4118 1021 4176 varicati'mis
1051 4117 1109 4170 in
1141 4116 1316 4169 rebus
1351 4110 1626 4166 maximis
1659 4109 1880 4163 crimen
1935 4106 2304 4177 impacturist,
2421 4107 2730 4179 angustias
2761 4106 3036 4162 incidere.
3073 4108 3235 4162 Tunc
3286 4115 3478 4164 autem
3515 4116 3607 4165 sat
3634 4112 3839 4169 multis
3871 4115 4089 4171 diebus

647 4209 981 4267 sustinebat
1021 4222 1083 4260 se
1130 4220 1158 4259 ο
1213 4202 1524 4256 scribendo
1579 4200 1930 4270 quietusque
1987 4196 2305 4267 perstabat.
2422 4198 2753 4252 diversatus
2804 4197 2961 4265 apud
3010 4200 3370 4265 Lauram,et
3395 4198 3514 4268 jam
3550 4200 3718 4271 plene
3768 4205 4088 4260 restitutus

643 4301 792 4365 Quin
826 4302 884 4351 et
912 4293 1209 4366 Xipbilino
1232 4292 1356 4347 viro
1380 4290 1565 4363 gravi,
1593 4305 1806 4359 magno
1840 4292 1981 4341 tunc
2008 4302 2308 4341 ceconomo
2421 4285 2764 4350 valetudini,
2796 4285 3368 4357 Constantinopolim
3422 4291 3674 4356 revertit,
3708 4291 3979 4351 salutato
4031 4296 4087 4349 in

643 4388 926 4453 ecclesiae,
949 4382 1323 4441 confirmavit
1351 4396 1412 4435 se
1435 4380 1591 4434 haud
1621 4394 1920 4449 quaquam
1947 4380 2309 4431 commenta-
2420 4376 2686 4448 digressu
2715 4374 3143 4431 humanissime
3170 4376 3451 4449 Josepho.

644 4480 752 4535 riis
804 4479 962 4547 ejus!
990 4472 1224 4544 generis
1277 4468 1696 4524 (lucubrandis
1755 4483 1989 4538 operam
2049 4480 2306 4535 unquam

644 4572 961 4625 daturum:
989 4568 1070 4617 Ne
1091 4562 1415 4624 videamur,
1440 4556 1767 4629 inquiebat,
1788 4555 1964 4611 semel
1989 4554 2312 4609 constituta

646 4676 854 4715 rursus
895 4657 953 4710 in
1007 4654 1256 4709 dubium
1311 4665 1536 4712 vocare,
1571 4648 1740 4719 quasi
1792 4664 1919 4717 qua:
1971 4645 2149 4700 semel
2198 4645 2309 4698 fixa
2344 4628 2387 4691 Β
2491 4643 2640 4697 417
2695 4646 2773 4697 De
2826 4640 3052 4712 reliquo
3080 4642 3235 4698 haud
3271 4649 3541 4715 poterant
3571 4649 3819 4719 quidam
3850 4656 3945 4710 vel
3980 4656 4092 4727 ipsi

644 4757 842 4806 tenere
875 4744 1265 4807 decrevimus,
1290 4757 1355 4794 eo
1383 4740 1508 4809 ipso
1541 4738 1597 4791 in
1632 4736 2085 4791 concertationis
2116 4734 2302 4789 aleam
2417 4732 2714 4803 quiescere
2736 4730 2821 4785 vel
2846 4732 3148 4802 quiescere
3170 4732 3363 4790 sinere
3387 4736 3678 4793 fruentem
3706 4742 3821 4796 isto
3844 4759 4089 4800 secessu

646 4840 717 4894 de
766 4854 914 4892 novo
967 4832 1284 4905 jaciamus,
1330 4828 1483 4899 quod
1545 4842 1679 4881 cum
1731 4826 1803 4879 iis
1853 4825 1954 4897 qui
2014 4824 2307 4879 contraria
2415 4821 2871 4892 Josephum,sed
2897 4820 3585 4891 quotidianishominem
3609 4829 4093 4889 turbabantcon-

646 4929 839 5002 palam
895 4923 1160 4980 sentiunt
1191 4934 1458 4992 quosque
1490 4934 1593 4988 pro
1626 4916 2007 4971 novatoribus
2037 4914 2096 4969 in
2131 4914 2307 4968 rebus
2418 4911 2744 4985 gressibus,
2769 4910 3019 4965 multum
3051 4912 3101 4966 ei
3138 4914 3357 4985 negotii
3382 4916 3766 4986 facessentes,
3787 4922 3940 4978 dum
3968 4926 4096 4993 ejus

644 5001 1061 5075 ecclesiasticis
1091 5012 1404 5073 habemus,
1440 5008 1596 5063 ultro
1629 5006 2058 5061 descendamus
2098 5004 2152 5057 in
2187 5019 2309 5059 cer-
2422 5001 2923 5072 languescentem,
2950 5005 3013 5054 ut
3033 5002 3454 5074 querebantur,
3485 5004 3662 5062 nimis
3688 5025 3936 5067 morum
3962 5016 4099 5068 sim-

649 5114 842 5164 tamen
896 5103 1103 5159 audire
1150 5113 1623 5171 cognoscerequc
1656 5096 2019 5151 sustinentes
2047 5092 2190 5164 quid
2223 5090 2307 5146 illi
2422 5090 2680 5162 plicitate
2710 5087 2901 5145 zelum
2935 5090 3188 5146 excitare
3220 5108 3285 5147 ac
3318 5094 3490 5165 quasi
3535 5096 3826 5169 subjectis
3862 5102 4096 5158 facibus

644 5215 751 5271 pro
802 5214 864 5252 se
914 5194 1189 5263 allegent.
1225 5191 1373 5244 Cum
1433 5188 1588 5244 enim
1651 5182 2030 5240 manifestum
2085 5183 2163 5237 sit
2210 5198 2309 5238 eos
2421 5180 2741 5237 accendere
2764 5180 3089 5235 tentabant.
3117 5182 3251 5236 Erat
3271 5187 3467 5239 autem
3495 5185 3541 5239 is
3567 5191 3687 5241 tam
3722 5192 4002 5248 remissas
4033 5210 4095 5247 ac

646 5269 829 5343 semel
889 5287 1111 5340 statuta
1170 5285 1416 5350 rataque
1474 5277 1672 5331 habita
1729 5274 1926 5328 conari
1987 5272 2311 5327 convellere
2421 5269 2606 5325 comis
2640 5273 2861 5324 natura;
2894 5269 3002 5335 vir,
3028 5276 3094 5325 ut
3134 5271 3183 5325 si
3216 5271 3309 5326 cui
3345 5288 3546 5328 eorum
3583 5275 3857 5346 quicum
3902 5281 4091 5336 Eccle-

646 5378 947 5447 dogmata,
973 5388 1156 5428 unum
1193 5370 1363 5424 nobis
1395 5369 1671 5438 idemque
1708 5364 2009 5419 sufficiens
2032 5364 2310 5418 adversus
2422 5361 2511 5416 sia
2541 5358 3057 5414 communicabant
3086 5377 3266 5416 causa
3297 5361 3604 5417 incidisset
3637 5366 3911 5424 adeundi
3948 5373 4095 5439 ejus.

647 5465 965 5521 instantias
988 5477 1191 5516 eorum
1213 5475 1440 5522 omnes,
1465 5456 1525 5511 in
1550 5454 1843 5511 contrario
1875 5453 2185 5525 palamque
2210 5469 2310 5524 pro
2422 5453 2479 5506 et
2506 5448 2606 5521 qui
2632 5448 2962 5518 accedebat,
2995 5448 3165 5505 vellet
3214 5450 3643 5508 benedictionis
3676 5454 3877 5526 ipsius
3914 5461 4097 5532 parti-

646 5556 818 5613 nobis
868 5556 1059 5608 stante
1114 5548 1379 5605 Ecclesia:
1427 5560 1740 5613 consensu,
1793 5547 1955 5615 putet
2003 5542 2308 5614 effugium,
2422 5556 2559 5611 ceps
2584 5538 2727 5605 fieri,
2753 5555 2867 5593 non
2892 5555 3039 5611 opus
3068 5539 3180 5595 alio
3215 5541 3455 5596 haberet
3488 5560 3665 5613 quam
3703 5549 4024 5616 procidere
4047 5556 4097 5604 et

646 5663 763 5719 quo
795 5643 1029 5699 abunde
1053 5638 1303 5702 securis,
1329 5636 1490 5691 nullo
1512 5636 1624 5690 fine
1654 5633 2090 5689 miscendarum
2118 5632 2310 5687 litium
2422 5628 2884 5685 benedictionem
2946 5635 3144 5701 petere
3180 5648 3193 5684 :
3227 5632 3427 5686 statim
3474 5632 3632 5688 enim
3667 5651 4095 5711 quemcunque

647 5718 714 5794 ἑο
740 5733 1100 5810 jurgiomm,
1145 5730 1280 5786 licet
1311 5727 1481 5784 nobis
1513 5723 1933 5798 compendium
1966 5722 2154 5779 facere
2185 5722 2311 5779 dis-
2425 5721 2497 5777 ad
2530 5718 3008 5777 communionem
3058 5721 3391 5778 admissum
3436 5722 3657 5796 prolixe
3707 5725 4099 5801 impertiebat

2576 4518 2666 4570 ‘29.
2699 4517 2881 4571 Adhuc
2909 4517 2975 4571 de
3002 4518 3237 4589 Josepho
3267 4520 3543 4590 quondam
3574 4524 3931 4589 patriarcha.
