4242 6438
220 380 329 438 873

1294 378 1391 433 DE
1427 376 1796 433 MlCHAELE
1836 376 2283 435 PALEOLOGO
2318 378 2450 432 LIB.
2492 379 2563 432 ν.

3526 386 3632 442 874

217 506 499 558 κοινωνεῖν
547 498 773 562 ἐκείνοις
820 504 928 557 τῶν
978 499 1337 575 χαρισμὲτων
1388 496 1485 554 τοῖ’)
1525 499 1863 571 ΙΙνιυματοςο
1899 501 1947 566 Α
1977 519 2109 569 των,
2147 500 2222 570 μή
2258 498 2341 554 ὅτι
2370 520 2429 573 γε
2459 503 2564 554 τῶν
2613 501 2903 575 γνωρίμων
2961 504 3197 578 συχνοὺς
3230 505 3305 569 εἷς
3337 508 3630 581 παράλλη,

216 591 246 648 ὅ
276 592 365 647 καὶ
394 595 510 653 τοῖς
539 590 661 661 περὶ
694 588 899 644 ἐκεῖνον
932 589 1019 642 καὶ
1072 587 1291 649 λοιποῖς
1338 585 1530 649 ἃλλοις
1564 588 1661 642 οὐκ
1691 587 1869 641 οἰστὸν

216 683 307 750 ήν,
361 680 464 734 Avi
510 683 672 733 τοῦτο
722 679 812 731 καὶ
861 679 1133 750 ὁσημέραι
1162 682 1606 751 προσφοιτῶντες
1650 676 1873 751 ἀνεθάρ-

222 768 375 844 ῥυνον
408 767 577 821 πλέον
628 767 764 841 πρὸς
808 766 868 819 τὸ
913 764 1117 828 τελέως
1167 764 1466 839 σχίζεσθαι.
1521 765 1679 820 Τοῦτ’
1712 763 1873 817 ἀκου-

217 859 339 921 σθὶν
370 861 451 928 τῷ
479 859 790 931 κρατοῦντι,
842 856 869 908 ὁ
921 851 978 908 δὲ
1028 852 1408 930 πληροφορίαν
1458 854 1558 920 τήν
1611 852 1685 913 εἰς
1735 850 1877 906 έκεῖ-

217 968 311 1001 νον
345 945 554 1015 ἐκείνην
587 944 761 1017 ἀφεὶς,
790 944 880 998 καὶ
927 943 990 997 τὸ
1039 941 1123 996 ἐπὶ
1177 942 1414 1003 πολλοῖς
1445 941 1874 1017 συγκεχωρηκὸς

218 1036 279 1090 ἐκ
308 1033 614 1108 προθέσεως
675 1034 737 1087 οὐ
794 1031 934 1086 πάνυ
996 1032 1241 1105 μετρίας,
1304 1032 1377 1093 ὡς
1440 1031 1503 1084 οὐ
1555 1028 1739 1084 δίκαια
1768 1032 1872 1083 πά-

220 1144 372 1198 σχων
424 1123 823 1200 κατεμέμφετο,
880 1120 927 1175 εἷ’
985 1121 1143 1182 αὐτὸς
1205 1120 1297 1190 μὲν
1361 1117 1643 1189 συνήδεταί
1676 1120 1726 1172 οἱ
1756 1124 1872 1179 ταῖς

216 1212 574 1268 ἀπδαπούσεσιν
631 1213 688 1273 ὑς
744 1210 884 1271 εἰκὸς
932 1207 1519 1284 προσαποδεχόμενος,
1580 1207 1784 1271 ἐκεῖνος
1829 1205 1871 1261 δ’

214 1302 446 1379 ἀνδράσι
519 1304 880 1379 προσφέρεται
957 1302 1200 1373 εὐμενῶς
1280 1300 1369 1354 καὶ
1448 1300 1662 1360 οἰκείως
1736 1299 1874 1352 πάνυ

213 1393 362 1449 πολῦ
393 1393 454 1447 τὸ
486 1392 621 1467 πρὸς
683 1392 844 1446 αὐτὸν
902 1389 1183 1456 διεστηκὸς
1239 1387 1485 1463 ἔχουσιν,
1528 1388 1663 1441 ὥστε
1693 1388 1779 1441 καὶ
1814 1387 1875 1441 τὸ

215 1487 380 1554 σῶμα
422 1482 774 1553 κατατέμνειν
829 1484 929 1543 τῆς
985 1478 1342 1547 Ἑκκλησίας.
1408 1482 1615 1552 Χρῆναι
1650 1474 1694 1530 δ’
1737 1476 1877 1530 ἐκεί-

212 1593 344 1635 νους
374 1571 542 1643 αὐτῷ,
602 1570 691 1624 καὶ
752 1571 827 1641 μὴ
889 1569 1052 1623 αὐτὸν
1109 1567 1285 1644 σφίσιν
1347 1562 1585 1637 ἕπεσθαι,
1649 1565 1871 1640 ἐχθροῖς

215 1658 502 1735 ἀριδήλως
533 1656 650 1714 οὖσι
682 1662 773 1712 καί
823 1657 912 1712 ἐπὶ
960 1662 1078 1718 τοῖς
1132 1656 1404 1730 μεγίστοις
1439 1653 1872 1731 διαφερομένοις.

216 1746 555 1820 Προῧπεμπε
609 1746 791 1801 τοίνυν
869 1744 997 1808 τοὺς
1081 1745 1414 1818 ἀπεροῦντας
1474 1744 1550 1815 μὴ
1621 1741 1869 1817 δέχεσθαι

216 1843 377 1912 σφᾶς,
409 1835 477 1906 ἤν
514 1834 672 1909 μέλοι
732 1836 783 1889 οἱ
829 1833 927 1889 τοῦ
982 1836 1099 1888 καθ’
1158 1835 1395 1907 ἡσυχίαν
1437 1840 1726 1901 καθῆσθαι.
1759 1834 1871 1888 Ἰω-
1905 1866 1951 1930 Β

218 1931 331 2006 σὴφ
390 1927 436 1983 δ’
494 1926 842 2001 ἀπεκρίνατο,
901 1927 967 1993 ἢν
1023 1920 1180 1979 αὐτόν
1240 1945 1298 1978 τε
1346 1924 1672 1998 περιορίζειν
1722 1921 1871 1985 θέλοι

216 2020 309 2073 καὶ
367 2017 496 2079 τοὺς
554 2017 689 2093 ἀμφ’
768 2015 952 2084 αὐτὸν,
1014 2012 1155 2068 οὓτω
1221 2014 1310 2068 καὶ
1390 2012 1692 2087 ἀναγκαίως
1746 2010 1873 2072 τοὺς

217 2109 546 2183 προσιόντας
582 2106 659 2178 μὴ
712 2102 988 2179 δέχεσθαι,
1040 2102 1302 2177 πρότερον
1339 2100 1387 2155 δ’
1414 2101 1480 2155 οὐ
1511 2100 1693 2163 καλῶς
1727 2095 1871 2175 ἔχειν

213 2197 659 2272 κατηγορεῖσθαι,
726 2192 795 2263 ἤν
866 2214 1016 2254 τινας
1082 2193 1409 2266 προσιόντας
1472 2197 1561 2245 καί
1631 2188 1871 2265 δέχοιτο⁶

214 2287 454 2363 ἀνάγκην
485 2287 586 2360 γὰρ
620 2285 751 2339 εἶναι
810 2287 1146 2357 προσφοιτᾷν
1207 2282 1355 2359 σφίσι
1414 2281 1502 2335 καὶ
1563 2284 1668 2334 τῶν
1703 2278 1876 2355 ἀγνώ-

218 2507 411 2580 gratia
443 2505 628 2561 sancti
656 2504 908 2575 Spiritus
935 2522 949 2571 ;
982 2502 1138 2574 quod
1172 2504 1226 2556 et
1257 2500 1331 2556 iis
1365 2501 1464 2571 Qui
1498 2500 1652 2555 circa
1680 2500 1877 2571 ipsum

218 2599 389 2652 erant
420 2600 475 2650 et
507 2592 752 2664 reliquis
786 2592 918 2647 aliis
952 2592 1264 2645 videbatur
1295 2588 1879 2655 intolerabile.Quare

218 2687 419 2757 ipsum
435 2684 697 2755 quotidie
710 2683 987 2737 adeuntes
1004 2681 1183 2736 etiam
1200 2686 1375 2750 atque
1389 2679 1560 2734 etiam
1575 2679 1879 2747 urgebant,

223 2780 288 2830 ut
319 2774 491 2844 plane
521 2789 583 2827 se
618 2789 683 2827 ac
714 2772 905 2844 palam
940 2770 1313 2825 abscinderet
1336 2770 1407 2824 ab
1436 2769 1596 2823 omni
1629 2785 1882 2823 consue-

226 2863 432 2917 tudine
462 2864 691 2932 partem
725 2857 1072 2913 contrariam
1099 2856 1477 2911 sectantium.
1516 2855 1575 2909 1d
1610 2871 1745 2909 vero
1770 2852 1882 2907 sibi

223 2952 564 3006 nuntiatum
602 2950 917 3017 imperator
973 2946 1210 3016 gravius
1269 2945 1492 3015 accepit
1549 2961 1725 3015 quam
1780 2958 1880 3014 pro

220 3047 431 3097 caetera
461 3056 569 3095 sua
600 3038 660 3093 in
687 3053 821 3093 eum
855 3036 1145 3091 hactenus
1194 3035 1595 3088 demonstrata
1644 3035 1883 3087 benevo-

216 3132 404 3187 lentia
435 3136 494 3185 et
524 3130 659 3194 fide,
680 3128 927 3197 culpans
960 3128 1018 3179 in
1048 3142 1114 3180 eo
1145 3124 1301 3195 quod
1335 3124 1513 3178 nimis
1543 3139 1605 3178 se
1656 3122 1880 3177 facilem

218 3220 505 3291 praeberet
526 3217 761 3273 studiiis
787 3216 1189 3281 factiosorum;
1206 3213 1263 3266 in
1294 3229 1408 3283 quo
1430 3214 1559 3282 ejus
1583 3229 1713 3266 curn
1739 3227 1881 3282 pru-

214 3308 477 3365 dentiam
511 3305 1026 3374 constantiamque
1058 3302 1406 3372 requirebat,
1442 3306 1568 3356 tum
1602 3305 1877 3371 pristerea

218 3399 578 3471 querebatur
609 3395 828 3465 injuste
847 3394 920 3448 ab
938 3409 1003 3448 eo
1027 3408 1227 3447 secum
1258 3392 1371 3462 agi,
1397 3391 1561 3461 quiei
1587 3395 1705 3444 tam
1735 3390 1877 3443 libe-

218 3504 347 3544 ram
382 3482 1067 3555 tranquillamque,quod
1100 3498 1167 3536 ea
1198 3480 1390 3552 ipsum
1426 3480 1682 3551 gaudere
1723 3479 1880 3533 arbi-

219 3576 765 3646 traretur,quietem
798 3589 865 3627 ac
887 3570 1294 3626 securritatem
1322 3568 1651 3638 daretzipse
1684 3577 1880 3623 autem

224 3684 342 3723 non
376 3666 674 3719 dubitaret
706 3678 809 3716 nec
832 3668 1085 3715 cessaret
1115 3660 1170 3713 in
1206 3659 1476 3713 intimam
1502 3659 1676 3712 etiam
1706 3660 1880 3712 fami-

224 3757 541 3812 liaritatem
567 3752 878 3808 admittere
910 3749 1200 3817 homines,
1233 3766 1266 3803 a
1298 3748 1514 3820 quibus
1564 3747 1737 3819 longe
1769 3748 1884 3803 alia

228 3844 623 3903 sentientibus
663 3847 721 3896 et
751 3840 809 3895 in
843 3839 1197 3894 contrariam
1230 3844 1349 3893 toto
1384 3839 1518 3893 nisu
1572 3838 1881 3892 factionem

229 3930 713 3989 incumbentibus
771 3944 985 3998 corpus
1015 3927 1283 3982 Ecclesia:
1331 3927 1705 3996 laceraretur,
1747 3943 1882 3981 cum

226 4023 428 4095 potius
459 4019 819 4091 0p0rtuisset
850 4019 1046 4089 ipsum
1080 4032 1186 4088 pro
1219 4018 1569 4071 auctoritate
1602 4033 1709 4071 sua
1745 4016 1885 4071 dare

226 4127 469 4185 Operam
503 4108 670 4164 utilli
700 4123 829 4163 sese
875 4106 988 4178 ipsi
1050 4106 1564 4161 accommodarent
1614 4098 1882 4177 acquies-

223 4202 413 4258 cendo
447 4198 677 4271 publice
706 4196 955 4252 decretis
985 4201 1043 4250 et
1083 4193 1399 4266 tranquille
1449 4195 1715 4261 vivendo,
1767 4212 1882 4249 non

226 4297 429 4348 autem
445 4288 806 4345 committere
820 4292 887 4341 ut
908 4285 1174 4356 exemplo
1188 4302 1391 4340 eorum
1408 4285 1884 4356 turbulentisque

224 4380 492 4438 consiliis
508 4378 695 4448 abripi
728 4380 919 4448 ipsum
936 4383 995 4430 et
1016 4382 1209 4446 partes
1224 4375 1377 4430 418
1397 4374 1583 4445 palam
1600 4376 1761 4444 sequi
1779 4376 1880 4429 lio-

224 4473 406 4528 stium
444 4468 982 4535 manifestorum,in
1018 4466 1192 4519 rebus
1226 4465 1500 4518 maximis
1522 4465 1592 4518 ab
1627 4465 1884 4520 Ecclesia

224 4576 408 4633 reque
439 4558 675 4630 publica
703 4554 1162 4611 irrevocabiliter
1191 4554 1880 4626 dissidentium,appare-

226 4648 503 4705 ret.Misit
523 4663 659 4719 ergo
691 4646 760 4700 ad
791 4644 1119 4715 Josephum
1173 4643 1491 4713 imperator
1535 4649 1723 4698 certos
1780 4646 1881 4700 ho-

225 4735 549 4807 mines,qui
579 4752 685 4790 suo
710 4734 947 4789 nomine
979 4736 1243 4786 vetarent
1268 4748 1338 4786 ne
1364 4730 1568 4785 talium
1605 4732 1879 4803 deinceps

225 4826 537 4883 hominum
568 4822 900 4880 convictum
933 4836 1435 4891 congressumque
1467 4820 1881 4887 admitteret,si

222 4916 466 4989 quietis,
500 4931 617 4986 qua
637 4912 940 4985 gauderet,
972 4915 1193 4965 certam
1234 4909 1346 4964 sibi
1396 4909 1566 4965 vellet
1616 4917 1884 4966 constare

220 5006 683 5080 possessionem.
706 5001 1034 5074 Respondit
1061 4999 1358 5073 Josephus
1390 5016 1567 5055 unam
1593 5000 1673 5055 rei
1707 5017 1883 5071 quam

213 5099 455 5170 juberet
476 5092 862 5165 exsequenda:
897 5091 1185 5145 rationem
1214 5106 1364 5156 esse,
1393 5090 1437 5144 si
1464 5107 1527 5145 se
1559 5107 1624 5145 ac
1652 5106 1752 5147 eos
1784 5092 1885 5162 qui

222 5202 426 5244 secum
457 5182 733 5239 essentin
766 5180 1040 5235 exsilium
1067 5180 1413 5235 amandarat
1444 5180 1890 5252 imperatorzre-

223 5275 437 5347 legatis
467 5274 624 5328 enim
659 5270 999 5325 facultatem
1034 5269 1232 5323 defore
1265 5270 1406 5324 istos
1430 5286 1681 5340 quorum
1719 5270 1889 5325 fami-

225 5360 952 5419 liaritateinterdiceretur
984 5357 1343 5428 nlloquendi.
1367 5357 1635 5423 Quandiu
1663 5376 1794 5413 vero
1817 5376 1883 5414 eo

222 5455 352 5511 loco
386 5455 643 5523 degeret,
697 5450 851 5505 haud
887 5465 949 5503 se
972 5448 1109 5519 jure
1144 5448 1370 5519 culpari
1403 5450 1558 5519 quod
1605 5450 1856 5504 adeunte
1878 5468 1905 5504 s

222 5545 295 5601 ad
330 5560 396 5599 se
424 5543 656 5612 aliquos
694 5556 809 5594 non
861 5537 1196 5593 excluderet
1230 5555 1243 5591 :
1282 5555 1416 5591 nam
1475 5539 1588 5592 nisi
1640 5540 1902 5594 humano

222 5633 438 5689 solatio
469 5646 666 5686 carere
698 5629 851 5683 omni
888 5629 945 5683 in
982 5628 1093 5683 isto
1126 5643 1360 5683 secessu
1403 5627 1594 5694 vellet,
1646 5644 1889 5684 necesse

221 5723 339 5781 8ibi
366 5738 500 5780 esse
525 5718 719 5777 ofﬁcia
750 5736 867 5775 non
917 5716 1223 5790 aspernari
1276 5715 1430 5772 ultro
1479 5719 1550 5774 ad
1602 5736 1663 5774 se
1697 5719 1889 5775 venti-

544 5838 814 5901 Ριτιοι..
863 5836 976 5898 Gn.
1022 5834 1279 5897 CXLIII.

1985 608 2086 641 σιν.
2125 588 2188 640 Ἢ
2231 592 2358 661 γοῦν
2410 589 2762 663 περιορίζειν,
2813 590 2858 644 εἰ
2914 590 3089 659 θέλοι,
3118 594 3151 661 ἣ
3187 592 3372 648 ἄνετον
3433 598 3631 673 ἀφέντα

1982 674 2357 731 ἀκαταιτίατον
2439 678 2514 750 μή
2597 680 2923 752 μέμφεσθαι.
3002 682 3177 736 Ταῦτα
3256 685 3349 755 μὲν
3429 688 3630 760 Ἰωσὴφ

1983 765 2323 837 ἀπεκρίνατο,
2360 767 2422 820 οὐ
2472 772 2550 837 τῷ
2611 766 2778 821 πλέον
2832 769 2907 830 εἷς
2963 772 3262 846 κακουχίαν
3292 778 3399 827 τῶν
3432 776 3631 851 παρόν-

1980 876 2085 909 των
2121 854 2347 923 ἐθέλειν,
2410 854 2554 929 ἀγλεὶ
2604 856 2869 911 πιστεύων
2932 862 2999 933 τῇ
3060 858 3313 929 διαθέσει,
3366 865 3477 936 ἅμα
3507 886 3630 939 κιρ-

1981 946 2074 1005 νάς
2100 949 2215 1005 τοῖς
2245 942 2435 1017 λόγοις
2468 945 2556 998 καὶ
2588 952 2687 1014 τῆς
2741 946 3048 1021 βαρύτητος
3084 948 3183 1004 οὐκ
3212 949 3423 1024 ὀλίγον,
3454 952 3498 1007 εἰ
3530 962 3629 1023 τῆς

1978 1040 2149 1105 τιμῆς
2211 1034 2586 1107 ἐξοστρακίσας
2645 1042 2825 1090 ποιεῖν
2888 1036 3060 1091 ἐθέλει
3117 1040 3337 1106 καὶτῆς
3392 1041 3498 1097 ἀπὸ
3524 1048 3631 1097 τῶν

1981 1122 2281 1197 ἀνθρώπιον
2358 1122 2754 1195 παρακλήσεως
2830 1122 3059 1197 ἔρημον.
3137 1129 3197 1184 '0
3267 1127 3322 1183 δὲ
3375 1131 3631 1205 βασιλεὺς

1982 1213 2095 1264 οἷον
2127 1210 2319 1264 ἐκτῶν
2383 1209 2559 1286 λόγων
2623 1208 2806 1266 λαϐὼν
2866 1215 2928 1268 τό
2988 1217 3039 1268 οἱ
3098 1224 3368 1286 συνοῖσον,
3418 1222 3506 1274 καὶ
3546 1220 3626 1276 ὅτι

1981 1302 2239 1374 κατῆρξεν
2274 1300 2655 1372 ὁπεισόμεδος
2713 1298 2883 1375 λέγων
2945 1305 3006 1357 οὗ
3065 1305 3225 1367 αὐτὸς
3284 1308 3626 1382 βουλόμενος

1980 1388 2109 1451 ἴσως
2168 1394 2345 1443 ποιεῖν
2404 1389 2539 1443 κατὰ
2595 1391 2694 1457 τήν
2752 1392 2887 1463 πρὸς
2942 1393 3142 1448 ἐκεῖνον
3194 1393 3464 1451 δυσωπίαν
3499 1401 3632 1455 ἀπέ-

1983 1498 2167 1552 σχετο,
2223 1478 2577 1551 εὐπροσωπον
2638 1480 2751 1533 οἷον
2813 1480 3052 1545 ἐντεῦθεν
3108 1485 3201 1538 τὸν
3270 1491 3628 1561 περιορισμὸν

1983 1568 2187 1621 ἐκείνου
2219 1567 2440 1638 θέμενος
2474 1568 2547 1630 ὡς
2576 1567 2782 1621 ἐκείνου
2833 1570 3064 1643 πρώτως
3103 1576 3458 1643 μνησθέντος,
3486 1578 3628 1649 πέμ-

1980 1657 2082 1728 ψας
2116 1654 2284 1729 ἐξάγει
2316 1676 2372 1709 τε
2394 1660 2494 1719 τῆς
2527 1656 2766 1730 Λαύρας,
2818 1659 2913 1711 κάν
2973 1662 3039 1731 τῇ
3074 1660 3233 1735 Χηλῇ
3268 1662 3551 1739 (φρούριον
3586 1663 3631 1720 δ’

1980 1744 2115 1812 αὕτη
2150 1741 2481 1813 ἐπινησίδιον
2516 1745 2651 1817 πρὸς
2679 1751 2795 1807 τοῖς
2819 1746 3006 1817 ἄκροις
3023 1755 3122 1817 τῆς
3150 1749 3404 1821 Εὐξείνου
3435 1752 3631 1816 θαλάσ-

1980 1832 2456 1906 σης)περιορίζέι,
2510 1834 2729 1908 εὐχερεῖ
2785 1835 2879 1906 μὲν
2934 1835 3240 1911 ἐνεαρίζειν,
3288 1838 3544 1916 δυσχερεῖ
3574 1841 3631 1898 δὲ

1984 1923 2207 1995 πάμπαν
2269 1920 2669 1996 διαχειμάζειν,
2729 1926 2801 1986 ὡς
2855 1926 2990 1980 κατά
3056 1928 3214 2001 στόμ’
3282 1932 3626 1994 ἀπαντῶντος

1983 2014 2051 2084 τῇ
2103 2013 2254 2083 νήσῳ
2315 2012 2508 2087 βορέου
2566 2013 2656 2067 καὶ
2711 2015 2810 2081 τήν
2881 2016 3097 2090 πικρίαν
3154 2018 3472 2083 ἐκπνέοντος
3526 2030 3627 2091 τῆς

1985 2101 2356 2174 ψυχρότητος.
2384 2101 2543 2163 Τινάς
2598 2099 2655 2157 δὲ
2711 2104 2798 2158 καὶ
2859 2105 2966 2158 τῶν
3030 2113 3312 2183 μοναχῶν,
3346 2112 3398 2163 οἳ
3430 2108 3496 2179 δὴ
3529 2112 3628 2167 κά-

1985 2189 2148 2261 κείνῳ
2179 2191 2548 2264 προσέκειντο,
2601 2191 2682 2265 [Ρ.
2734 2195 2861 2265 284]
2913 2191 3084 2249 ἄλλον
3137 2196 3232 2268 μὲν
3262 2194 3517 2274 ἀλλαχοῦ
3550 2200 3630 2273 ἐξ·

1988 2282 2156 2349 ορίζει
2183 2280 2271 2335 καὶ
2303 2284 2490 2351 νήσοις
2541 2287 2657 2345 τοῖς
2714 2286 2828 2337 κατ’
2887 2284 3115 2360 Αἰγαῖον
3171 2289 3491 2365 περιορίζει,
3540 2293 3631 2347 τὸν

1988 2499 2239 2553 tantium
2272 2500 2448 2554 etiam
2482 2499 2838 2571 ignotorum,
2874 2502 3058 2559 multo
3092 2510 3285 2561 autem
3320 2508 3508 2581 magis
3532 2513 3634 2565 ad-

1991 2588 2220 2644 mittere
2249 2589 2590 2643 notissimos
2611 2590 2720 2644 sibi
2745 2590 2882 2646 olim
2898 2598 2955 2648 et
2984 2594 3303 2651 familiares
3326 2597 3635 2668 plurimos.

1992 2681 2100 2733 Aut
2132 2678 2311 2748 igitur
2338 2678 2540 2733 exsilio
2576 2695 2666 2734 me
2702 2682 2914 2736 nultet
2945 2682 3281 2755 imperator,
3315 2692 3416 2742 aut
3457 2689 3637 2745 libere

1992 2784 2084 2821 me
2109 2768 2219 2822 frui
2244 2770 2398 2821 sinat
2420 2768 2527 2822 hoc
2550 2770 2699 2839 quod
2728 2770 2994 2841 indulget
3022 2774 3276 2839 otio;nec
3306 2778 3638 2849 colloquiis,

1992 2855 2118 2911 sine
2149 2857 2365 2928 quibus
2399 2856 2517 2911 vita
2548 2857 2643 2911 hic
2670 2859 2907 2928 quidem
2940 2860 3134 2917 vitalis
3169 2880 3282 2919 non
3315 2867 3410 2933 sit,
3444 2870 3639 2923 crimi-

1992 2948 2084 3001 nis
2116 2963 2230 3017 quo
2252 2950 2452 3000 carent
2482 2951 2681 3001 notam
2716 2950 3013 3019 appingat.
3041 2954 3172 3005 Haec
3197 2953 3305 3007 fuit
3329 2957 3398 3010 ad
3432 2958 3645 3014 missos

1993 3036 2064 3089 ab
2097 3035 2449 3106 imperatore
2499 3035 2684 3090 oratio
2730 3036 2969 3107 Josephi
3018 3054 3132 3094 non
3186 3042 3345 3096 illius
3407 3046 3642 3116 quidem

1993 3126 2123 3194 ejici
2156 3124 2548 3191 volentis,aut
2578 3144 2611 3181 a
2636 3127 2963 3182 suburbani
2996 3144 3288 3200 secessus,
3313 3151 3427 3203 quo
3454 3136 3644 3193 liben-

1915 3249 1957 3316 α
1997 3220 2082 3316 ter
2102 3214 2397 3313 utebatur,
2424 3216 2618 3284 quiete
2643 3216 2966 3316 divelli,sed
3016 3235 3370 3294 magnopere
3412 3225 3647 3281 ﬁdentis

1989 3301 2129 3358 olim
2164 3304 2222 3357 in
2275 3319 2337 3358 se
2389 3308 2698 3375 prospecto
2758 3305 2967 3361 affectu
3019 3307 3430 3380 imperatoris;
3469 3332 3644 3386 quem

1990 3408 2294 3462 nunquam
2327 3409 2393 3448 eo
2424 3399 2740 3449 venturum
2769 3412 3012 3465 sperans
3035 3402 3099 3452 ut
3120 3403 3237 3454 tam
3261 3402 3505 3459 charum
3530 3406 3644 3461 sibi

1990 3486 2160 3551 caput
2191 3482 2507 3536 amandare
2530 3483 2871 3551 sustineret,
2900 3486 2969 3541 de
2994 3487 3286 3545 industria
3314 3491 3372 3546 in
3387 3510 3645 3566 eaquam

1990 3570 2126 3625 fecit
2156 3570 2345 3625 exsilii
2392 3572 2686 3626 mentione
2744 3576 2934 3629 verbis
2991 3582 3079 3631 est
3138 3595 3280 3634 usus
3313 3584 3648 3641 acerbitatis

1992 3676 2106 3713 non
2144 3676 2348 3730 parum
2383 3676 2526 3715 sono
2554 3661 2680 3732 ipso
2715 3665 3177 3737 prmi‘erentibus,
3204 3684 3339 3723 cum
3367 3670 3639 3745 sicexag-

1990 3765 2202 3819 gerans
2234 3749 2472 3805 diceret:
2495 3750 2848 3805 Extcrminet
2880 3770 3020 3808 sane
3051 3763 3501 3830 nos,postquam
3536 3762 3642 3817 ho-

1992 3856 2131 3895 nore
2162 3838 2409 3909 dejecit;
2443 3845 2499 3895 et
2530 3840 2580 3895 si
2611 3841 2771 3895 omni
2822 3842 3082 3900 humano
3132 3847 3386 3917 privatos
3435 3851 3645 3909 solatio

1990 3929 2134 3991 vult,
2167 3928 2224 3981 in
2256 3930 2435 3983 feram
2468 3929 2728 3999 aliquam
2754 3931 2952 4001 ejiciat
2975 3934 3488 4004 solitudinem,tali
3522 3942 3646 3996 sci-

1991 4018 2124 4073 licet
2153 4020 2715 4076 commemoratione
2746 4023 3048 4079 confidcns
3080 4033 3519 4085 commoturum
3580 4050 3643 4089 se

1993 4107 2252 4179 aliquam
2287 4109 2345 4162 in
2379 4110 2574 4164 animo
2609 4111 2888 4182 principis
2925 4113 3035 4168 sibi
3083 4116 3507 4175 devinctissimi
3545 4128 3648 4178 aut

1995 4198 2458 4254 misericordiam
2484 4217 2552 4254 au
2591 4204 3003 4258 verecundiam
3034 4206 3148 4261 sui.
3184 4213 3260 4262 At
3307 4209 3477 4282 longe
3518 4214 3645 4284 opi-

1992 4289 2166 4344 nione
2202 4289 2383 4345 falsus
2414 4296 2504 4345 est
2535 4308 2679 4359 sua;
2719 4293 2935 4365 quippe
2970 4295 3306 4365 imperator,
3359 4302 3530 4371 cujus
3588 4304 3645 4358 in

1992 4379 2189 4433 animo
2222 4385 2384 4434 tener
2408 4378 2503 4434 ille
2530 4387 2694 4435 vetus
2726 4399 2790 4436 ac
2816 4383 3011 4438 ﬁlialis
3045 4386 3101 4440 in
3134 4388 3454 4458 .losephum
3485 4409 3651 4448 amor

1993 4469 2297 4523 refrixerat
2331 4486 2441 4525 non
2478 4471 2825 4539 parum,hoc
2860 4472 3017 4528 illius
3046 4492 3326 4547 responso
3361 4480 3647 4550 plausibi»

1991 4557 2102 4613 lem
2132 4575 2235 4613 nec
2266 4558 2800 4629 sibinegligendam
2818 4563 3461 4624 olferriexcusationem
3493 4575 3647 4642 apud

1998 4646 2169 4718 vulgu
2195 4648 2473 4702 scredidit
2503 4650 2798 4703 sententiae
2823 4650 3381 4727 durioris,magnam
3414 4660 3645 4717 invidia;

1996 4743 2221 4809 partem
2258 4737 2585 4793 detractum
2620 4738 2687 4792 iri
2725 4745 2879 4794 recte
2910 4747 3072 4798 ratus
3103 4745 3337 4802 decreto
3388 4749 3447 4803 in
3488 4750 3649 4807 Jose-

1996 4828 2178 4899 phum
2212 4826 2437 4892 exsilio,
2462 4826 2534 4895 si,
2558 4829 2711 4897 quod
2747 4830 2887 4900 egit,
2918 4832 3183 4889 studiose
3214 4836 3542 4909 divulgaret
3593 4844 3649 4898 id

1999 4916 2151 4971 ultro
2184 4917 2295 4971 sibi
2319 4916 2676 4972 conscivisse
2700 4920 3155 4993 poposcisseque
3180 4925 3374 4996 ipsum
3412 4946 3425 4995 ;
3478 4948 3540 4984 se
3591 4933 3649 4988 in

2000 5023 2065 5063 eo
2100 5011 2329 5060 tantum
2364 5006 2647 5061 voluntati
2684 5009 2812 5077 ejus
2853 5014 3072 5081 apertis
3130 5015 3326 5070 verbis
3382 5018 3656 5079 indicate

2004 5097 2049 5152 2
2066 5097 2154 5151 I9
2174 5096 2632 5167 annuisse.Ergo
2664 5096 2828 5153 illum
2855 5100 3053 5157 educit
3078 5102 3348 5171 Laura,et
3367 5108 3659 5179 deportari

2006 5186 2446 5241 curatuhelam.
2472 5186 3058 5245 Arxeaestinsularis
3080 5192 3137 5246 in
3156 5200 3414 5252 extremo
3442 5197 3659 5257 Euxino

2010 5275 2179 5341 mari,
2236 5274 2520 5330 habitatio
2567 5277 2834 5347 jucunda
2897 5295 3071 5335 verno
3135 5286 3417 5355 tempore,
3479 5289 3671 5346 hieme

2009 5381 2217 5434 aspera
2237 5366 2471 5419 necl'ere
2494 5365 3065 5441 tolerabilis,quippe
3085 5371 3245 5427 illam
3275 5376 3672 5446 Septentrioni

2011 5455 2316 5510 obversam
2348 5453 2605 5508 insulam
2662 5473 2811 5511 srcvo
2856 5458 2995 5513 totis
3030 5462 3300 5518 faucibus
3335 5467 3512 5523 Borea
3546 5487 3672 5540 per-

2016 5545 2191 5599 flante
2222 5549 2277 5597 et
2310 5543 2496 5613 frigus
2545 5542 2846 5600 inhalante
2882 5547 3336 5615 rigidissimum.
3372 5558 3671 5620 Quosdam

2015 5649 2148 5687 vero
2175 5633 2617 5697 monachorum,
2654 5634 2751 5703 qui
2778 5636 2827 5688 ei
2860 5637 3261 5705 aillirerebant,
3316 5644 3499 5700 alium
3560 5650 3675 5703 alio

2018 5723 2349 5778 exsulatum
2386 5720 2566 5791 misit,
2598 5722 2761 5781 varie
2793 5723 2850 5779 in
2885 5725 3058 5798 [Εεᾱεὶ
3108 5728 3377 5801 relegans
3432 5736 3585 5792 insul
3611 5748 3659 5785 ~s

3275 5851 3351 5909 28
