  <div class='ocr_page' id='page_1' title='image "/cluster/home/n/w/nwhite01/storage/ocr_20150623/143/nnc1.0046980733/445.png"; bbox 0 0 4242 6438; ppageno 0'>
   <div class='ocr_carea' id='block_1_1' title="bbox 596 413 4012 487">
    <p class='ocr_par' dir='ltr' id='par_1_1' title="bbox 596 413 4012 487">
     <span class='ocr_line' id='line_1_1' title="bbox 596 413 4012 487; baseline 0.005 -19"><span class='ocrx_word' id='word_1_1' title='bbox 596 414 704 469; x_wconf 88' lang='grc'>875</span> <span class='ocrx_word' id='word_1_2' title='bbox 1904 413 2207 471; x_wconf 75' lang='lat' dir='ltr'>GEORGII</span> <span class='ocrx_word' id='word_1_3' title='bbox 2245 415 2709 479; x_wconf 70' lang='lat' dir='ltr'>PACHYMRBB</span> <span class='ocrx_word' id='word_1_4' title='bbox 3451 413 3463 423; x_wconf 87' lang='lat'><strong><em>&#39;</em></strong></span> <span class='ocrx_word' id='word_1_5' title='bbox 3903 429 4012 487; x_wconf 78' lang='lat'>876</span> 
     </span>
    </p>
   </div>
   <div class='ocr_carea' id='block_1_2' title="bbox 599 530 4017 622">
    <p class='ocr_par' dir='ltr' id='par_1_2' title="bbox 599 530 4017 622">
     <span class='ocr_line' id='line_1_2' title="bbox 599 530 4017 622; baseline 0.005 -32"><span class='ocrx_word' id='word_1_6' title='bbox 599 534 656 590; x_wconf 84' lang='grc' dir='ltr'>δέ</span> <span class='ocrx_word' id='word_1_7' title='bbox 707 556 772 611; x_wconf 86' lang='grc' dir='ltr'>γε</span> <span class='ocrx_word' id='word_1_8' title='bbox 832 535 1077 610; x_wconf 86' lang='grc' dir='ltr'>μοναχὸν</span> <span class='ocrx_word' id='word_1_9' title='bbox 1137 535 1368 606; x_wconf 86' lang='grc' dir='ltr'>Ἰασίτην</span> <span class='ocrx_word' id='word_1_10' title='bbox 1421 534 1547 593; x_wconf 79' lang='grc' dir='ltr'>Ἰὼϐ</span> <span class='ocrx_word' id='word_1_11' title='bbox 1602 535 1653 592; x_wconf 75' lang='grc' dir='ltr'>ἰν</span> <span class='ocrx_word' id='word_1_12' title='bbox 1713 530 1923 608; x_wconf 78' lang='grc' dir='ltr'>Καϐαίᾳ</span> <span class='ocrx_word' id='word_1_13' title='bbox 1966 537 2249 614; x_wconf 74' lang='grc' dir='ltr'>(φρούριον</span> <span class='ocrx_word' id='word_1_14' title='bbox 2283 538 2765 617; x_wconf 73' lang='grc' dir='ltr'>Απραγματείας,</span> <span class='ocrx_word' id='word_1_15' title='bbox 2825 539 2972 598; x_wconf 80' lang='grc' dir='ltr'>ἀλλὰ</span> <span class='ocrx_word' id='word_1_16' title='bbox 3026 544 3116 599; x_wconf 77' lang='grc' dir='ltr'>καὶ</span> <span class='ocrx_word' id='word_1_17' title='bbox 3175 548 3285 600; x_wconf 82' lang='grc' dir='ltr'>τῶν</span> <span class='ocrx_word' id='word_1_18' title='bbox 3346 546 3644 602; x_wconf 82' lang='grc' dir='ltr'>Βενετικῶν</span> <span class='ocrx_word' id='word_1_19' title='bbox 3707 547 3926 622; x_wconf 81' lang='grc' dir='ltr'>πλούτῳ</span> <span class='ocrx_word' id='word_1_20' title='bbox 3960 571 4017 606; x_wconf 84' lang='grc' dir='ltr'>τε</span> 
     </span>
    </p>
   </div>
   <div class='ocr_carea' id='block_1_3' title="bbox 598 623 4013 708">
    <p class='ocr_par' dir='ltr' id='par_1_3' title="bbox 598 623 4013 708">
     <span class='ocr_line' id='line_1_3' title="bbox 598 623 4013 708; baseline 0.004 -29"><span class='ocrx_word' id='word_1_21' title='bbox 598 626 648 679; x_wconf 82' lang='lat'>6’</span> <span class='ocrx_word' id='word_1_22' title='bbox 705 623 840 694; x_wconf 78' lang='grc' dir='ltr'>αὓτη</span> <span class='ocrx_word' id='word_1_23' title='bbox 901 624 1041 698; x_wconf 86' lang='grc' dir='ltr'>πρὸς</span> <span class='ocrx_word' id='word_1_24' title='bbox 1094 628 1175 695; x_wconf 81' lang='grc' dir='ltr'>τῷ</span> <span class='ocrx_word' id='word_1_25' title='bbox 1234 625 1509 699; x_wconf 86' lang='grc' dir='ltr'>Σαγγάρει</span> <span class='ocrx_word' id='word_1_26' title='bbox 1568 625 1820 698; x_wconf 89' lang='grc' dir='ltr'>κείμενον</span> <span class='ocrx_word' id='word_1_27' title='bbox 1874 629 2131 700; x_wconf 79' lang='grc' dir='ltr'>ποταμῷ)</span> <span class='ocrx_word' id='word_1_28' title='bbox 2164 627 2252 681; x_wconf 81' lang='grc' dir='ltr'>ὑπ’</span> <span class='ocrx_word' id='word_1_29' title='bbox 2362 627 2451 683; x_wconf 81' lang='grc' dir='ltr'>καὶ</span> <span class='ocrx_word' id='word_1_30' title='bbox 2522 636 2886 702; x_wconf 82' lang='grc' dir='ltr'>παρασκευαῖς</span> <span class='ocrx_word' id='word_1_31' title='bbox 2963 632 3284 708; x_wconf 64' lang='grc' dir='ltr'>ὑπερέσχον.</span> <span class='ocrx_word' id='word_1_32' title='bbox 3362 635 3461 689; x_wconf 85' lang='grc' dir='ltr'>Διά</span> <span class='ocrx_word' id='word_1_33' title='bbox 3515 639 3677 690; x_wconf 80' lang='grc' dir='ltr'>τοῦτο</span> <span class='ocrx_word' id='word_1_34' title='bbox 3745 633 4013 708; x_wconf 73' lang='grc' dir='ltr'>ξυνέϐαινε</span> 
     </span>
    </p>
   </div>
   <div class='ocr_carea' id='block_1_4' title="bbox 599 711 4013 802">
    <p class='ocr_par' dir='ltr' id='par_1_4' title="bbox 599 711 4013 802">
     <span class='ocr_line' id='line_1_4' title="bbox 599 711 4013 802; baseline 0.004 -33"><span class='ocrx_word' id='word_1_35' title='bbox 599 715 631 769; x_wconf 89' lang='grc' dir='ltr'><strong>ἆ</strong></span> <span class='ocrx_word' id='word_1_36' title='bbox 662 711 946 790; x_wconf 81' lang='grc' dir='ltr'>σφαλιίαις</span> <span class='ocrx_word' id='word_1_37' title='bbox 976 715 1193 787; x_wconf 84' lang='grc' dir='ltr'>πεμψας</span> <span class='ocrx_word' id='word_1_38' title='bbox 1217 713 1536 789; x_wconf 86' lang='grc' dir='ltr'>περιορίζει.</span> <span class='ocrx_word' id='word_1_39' title='bbox 2364 715 2509 794; x_wconf 75' lang='grc' dir='ltr'>σφίσι</span> <span class='ocrx_word' id='word_1_40' title='bbox 2559 720 2646 772; x_wconf 82' lang='grc' dir='ltr'>καὶ</span> <span class='ocrx_word' id='word_1_41' title='bbox 2705 717 3232 789; x_wconf 83' lang='grc' dir='ltr'>καταλαζονεύεσθαι</span> <span class='ocrx_word' id='word_1_42' title='bbox 3294 724 3370 795; x_wconf 79' lang='grc' dir='ltr'>μὴ</span> <span class='ocrx_word' id='word_1_43' title='bbox 3436 725 3599 797; x_wconf 89' lang='grc' dir='ltr'>μόνον</span> <span class='ocrx_word' id='word_1_44' title='bbox 3656 728 3766 779; x_wconf 84' lang='grc' dir='ltr'>τῶν</span> <span class='ocrx_word' id='word_1_45' title='bbox 3799 731 3896 780; x_wconf 76' lang='grc' dir='ltr'>τοῦ</span> <span class='ocrx_word' id='word_1_46' title='bbox 3926 729 4013 802; x_wconf 83' lang='grc' dir='ltr'>γέ-</span> 
     </span>
    </p>
   </div>
   <div class='ocr_carea' id='block_1_5' title="bbox 2361 806 4016 890">
    <p class='ocr_par' dir='ltr' id='par_1_5' title="bbox 2361 806 4016 890">
     <span class='ocr_line' id='line_1_5' title="bbox 2361 806 4016 890; baseline 0.008 -31"><span class='ocrx_word' id='word_1_47' title='bbox 2361 827 2486 868; x_wconf 81' lang='grc' dir='ltr'>νους</span> <span class='ocrx_word' id='word_1_48' title='bbox 2545 806 2780 879; x_wconf 78' lang='grc' dir='ltr'>ἐκείνων,</span> <span class='ocrx_word' id='word_1_49' title='bbox 2831 806 2978 864; x_wconf 86' lang='grc' dir='ltr'>ἀλλά</span> <span class='ocrx_word' id='word_1_50' title='bbox 3031 809 3120 864; x_wconf 84' lang='grc' dir='ltr'>καί</span> <span class='ocrx_word' id='word_1_51' title='bbox 3180 812 3474 884; x_wconf 86' lang='grc' dir='ltr'>Ῥωμαίων</span> <span class='ocrx_word' id='word_1_52' title='bbox 3526 814 3728 870; x_wconf 81' lang='grc' dir='ltr'>αὐτῶν.</span> <span class='ocrx_word' id='word_1_53' title='bbox 3771 820 4016 890; x_wconf 86' lang='grc' dir='ltr'>Προσπε-</span> 
     </span>
    </p>
   </div>
   <div class='ocr_carea' id='block_1_6' title="bbox 2363 894 4020 979">
    <p class='ocr_par' dir='ltr' id='par_1_6' title="bbox 2363 894 4020 979">
     <span class='ocr_line' id='line_1_6' title="bbox 2363 894 4020 979; baseline 0.007 -31"><span class='ocrx_word' id='word_1_54' title='bbox 2363 894 2725 972; x_wconf 79' lang='grc' dir='ltr'>φιλοτίμηται</span> <span class='ocrx_word' id='word_1_55' title='bbox 2782 898 2875 971; x_wconf 72' lang='grc' dir='ltr'>μὶν</span> <span class='ocrx_word' id='word_1_56' title='bbox 2929 898 3020 953; x_wconf 78' lang='grc' dir='ltr'>οὖν</span> <span class='ocrx_word' id='word_1_57' title='bbox 3078 899 3333 972; x_wconf 83' lang='grc' dir='ltr'>βασιλεὺς</span> <span class='ocrx_word' id='word_1_58' title='bbox 3384 899 3535 965; x_wconf 90' lang='grc' dir='ltr'>ἰδίως</span> <span class='ocrx_word' id='word_1_59' title='bbox 3561 903 3649 957; x_wconf 85' lang='grc' dir='ltr'>καὶ</span> <span class='ocrx_word' id='word_1_60' title='bbox 3680 923 3786 957; x_wconf 88' lang='grc' dir='ltr'>τινι</span> <span class='ocrx_word' id='word_1_61' title='bbox 3818 905 4020 979; x_wconf 79' lang='grc' dir='ltr'>εὐγενεῖ</span> 
     </span>
    </p>
   </div>
   <div class='ocr_carea' id='block_1_7' title="bbox 2361 986 4015 1067">
    <p class='ocr_par' dir='ltr' id='par_1_7' title="bbox 2361 986 4015 1067">
     <span class='ocr_line' id='line_1_7' title="bbox 2361 986 4015 1067; baseline 0.006 -29"><span class='ocrx_word' id='word_1_62' title='bbox 2361 986 2647 1060; x_wconf 73' lang='grc' dir='ltr'>Γενουῒτῃ,</span> <span class='ocrx_word' id='word_1_63' title='bbox 2679 987 2946 1056; x_wconf 79' lang='grc' dir='ltr'>Μανουήλ</span> <span class='ocrx_word' id='word_1_64' title='bbox 3000 987 3283 1065; x_wconf 82' lang='grc' dir='ltr'>λεγομένῳ</span> <span class='ocrx_word' id='word_1_65' title='bbox 3336 995 3433 1046; x_wconf 80' lang='grc' dir='ltr'>τοῦ</span> <span class='ocrx_word' id='word_1_66' title='bbox 3486 991 3782 1067; x_wconf 75' lang='grc' dir='ltr'>Ζαχαρίου,</span> <span class='ocrx_word' id='word_1_67' title='bbox 3827 992 3894 1047; x_wconf 78' lang='grc' dir='ltr'>τὰ</span> <span class='ocrx_word' id='word_1_68' title='bbox 3915 997 4015 1062; x_wconf 69' lang='grc' dir='ltr'>τῆς</span> 
     </span>
    </p>
   </div>
   <div class='ocr_carea' id='block_1_8' title="bbox 662 1065 4011 1154">
    <p class='ocr_par' dir='ltr' id='par_1_8' title="bbox 662 1065 4011 1154">
     <span class='ocr_line' id='line_1_8' title="bbox 662 1065 4011 1154; baseline 0.004 -31"><span class='ocrx_word' id='word_1_69' title='bbox 662 1066 794 1124; x_wconf 85' lang='grc' dir='ltr'>Τότε</span> <span class='ocrx_word' id='word_1_70' title='bbox 856 1069 951 1142; x_wconf 74' lang='grc' dir='ltr'>μὲν</span> <span class='ocrx_word' id='word_1_71' title='bbox 1020 1065 1114 1123; x_wconf 75' lang='grc' dir='ltr'>οὖν</span> <span class='ocrx_word' id='word_1_72' title='bbox 1166 1068 1258 1123; x_wconf 79' lang='grc' dir='ltr'>καὶ</span> <span class='ocrx_word' id='word_1_73' title='bbox 1318 1069 1345 1123; x_wconf 87' lang='grc' dir='ltr'>ὁ</span> <span class='ocrx_word' id='word_1_74' title='bbox 1407 1069 1663 1146; x_wconf 74' lang='grc' dir='ltr'>βασιλεὺς</span> <span class='ocrx_word' id='word_1_75' title='bbox 1729 1069 2099 1145; x_wconf 78' lang='grc' dir='ltr'>ἐκστρατεύειν</span> <span class='ocrx_word' id='word_1_76' title='bbox 2169 1070 2250 1125; x_wconf 81' lang='grc' dir='ltr'>ἐπ’</span> <span class='ocrx_word' id='word_1_77' title='bbox 2360 1075 2476 1126; x_wconf 83' lang='grc' dir='ltr'>κατ’</span> <span class='ocrx_word' id='word_1_78' title='bbox 2507 1074 2778 1144; x_wconf 78' lang='grc' dir='ltr'>ἀνατολὴν</span> <span class='ocrx_word' id='word_1_79' title='bbox 2835 1078 3093 1139; x_wconf 81' lang='grc' dir='ltr'>Φωκαίας</span> <span class='ocrx_word' id='word_1_80' title='bbox 3155 1081 3239 1150; x_wconf 90' lang='grc' dir='ltr'>[Ρ.</span> <span class='ocrx_word' id='word_1_81' title='bbox 3288 1081 3416 1152; x_wconf 83' lang='grc'>285]</span> <span class='ocrx_word' id='word_1_82' title='bbox 3476 1065 3678 1154; x_wconf 74' lang='grc' dir='ltr'>ὀρεινὰ,</span> <span class='ocrx_word' id='word_1_83' title='bbox 3739 1080 4011 1153; x_wconf 80' lang='grc' dir='ltr'>μέταλλον</span> 
     </span>
    </p>
   </div>
   <div class='ocr_carea' id='block_1_9' title="bbox 592 1156 4015 1244">
    <p class='ocr_par' dir='ltr' id='par_1_9' title="bbox 592 1156 4015 1244">
     <span class='ocr_line' id='line_1_9' title="bbox 592 1156 4015 1244; baseline 0.004 -32"><span class='ocrx_word' id='word_1_84' title='bbox 592 1156 938 1234; x_wconf 79' lang='grc' dir='ltr'>Ὀρεστιάδος</span> <span class='ocrx_word' id='word_1_85' title='bbox 995 1157 1573 1233; x_wconf 77' lang='grc' dir='ltr'>παρασκευαζόμενος,</span> <span class='ocrx_word' id='word_1_86' title='bbox 1626 1158 1754 1220; x_wconf 83' lang='grc' dir='ltr'>τοὺς</span> <span class='ocrx_word' id='word_1_87' title='bbox 1811 1158 2091 1222; x_wconf 73' lang='grc' dir='ltr'>Γενουΐτας</span> <span class='ocrx_word' id='word_1_88' title='bbox 2147 1181 2250 1214; x_wconf 90' lang='grc' dir='ltr'>πα-</span> <span class='ocrx_word' id='word_1_89' title='bbox 2361 1163 2605 1236; x_wconf 83' lang='grc' dir='ltr'>στύψεως</span> <span class='ocrx_word' id='word_1_90' title='bbox 2657 1161 2878 1238; x_wconf 83' lang='grc' dir='ltr'>ἔχοντα,</span> <span class='ocrx_word' id='word_1_91' title='bbox 2937 1164 3016 1240; x_wconf 74' lang='grc' dir='ltr'>ἐφ’</span> <span class='ocrx_word' id='word_1_92' title='bbox 3073 1167 3144 1220; x_wconf 83' lang='grc' dir='ltr'>ὧν</span> <span class='ocrx_word' id='word_1_93' title='bbox 3212 1165 3277 1237; x_wconf 81' lang='grc' dir='ltr'>δὴ</span> <span class='ocrx_word' id='word_1_94' title='bbox 3332 1171 3660 1240; x_wconf 75' lang='grc' dir='ltr'>κατοικήσας</span> <span class='ocrx_word' id='word_1_95' title='bbox 3689 1170 3911 1244; x_wconf 82' lang='grc' dir='ltr'>πύναμα</span> <span class='ocrx_word' id='word_1_96' title='bbox 3937 1177 4015 1244; x_wconf 79' lang='grc' dir='ltr'>τῷ</span> 
     </span>
    </p>
   </div>
   <div class='ocr_carea' id='block_1_10' title="bbox 591 1244 4016 1334">
    <p class='ocr_par' dir='ltr' id='par_1_10' title="bbox 591 1244 4016 1334">
     <span class='ocr_line' id='line_1_10' title="bbox 591 1244 4016 1334; baseline 0.004 -33"><span class='ocrx_word' id='word_1_97' title='bbox 591 1245 1018 1322; x_wconf 86' lang='grc' dir='ltr'>ρακινουμένους</span> <span class='ocrx_word' id='word_1_98' title='bbox 1054 1247 1105 1316; x_wconf 80' lang='grc' dir='ltr'><strong>ἐξ</strong></span> <span class='ocrx_word' id='word_1_99' title='bbox 1139 1244 1412 1309; x_wconf 83' lang='grc' dir='ltr'>ἀναιδείας</span> <span class='ocrx_word' id='word_1_100' title='bbox 1461 1252 1749 1302; x_wconf 78' lang='grc' dir='ltr'>ταπεινοῦν</span> <span class='ocrx_word' id='word_1_101' title='bbox 1781 1244 2062 1303; x_wconf 75' lang='grc' dir='ltr'>ἐϐούλετο.</span> <span class='ocrx_word' id='word_1_102' title='bbox 2106 1249 2253 1324; x_wconf 89' lang='grc' dir='ltr'>Πρό-</span> <span class='ocrx_word' id='word_1_103' title='bbox 2363 1247 2485 1322; x_wconf 88' lang='grc' dir='ltr'>ἰδίῳ</span> <span class='ocrx_word' id='word_1_104' title='bbox 2518 1251 2636 1324; x_wconf 82' lang='grc' dir='ltr'>λαῷ</span> <span class='ocrx_word' id='word_1_105' title='bbox 2678 1253 2978 1328; x_wconf 82' lang='grc' dir='ltr'>εἰργάζετο.</span> <span class='ocrx_word' id='word_1_106' title='bbox 3043 1255 3146 1311; x_wconf 83' lang='grc' dir='ltr'>Καὶ</span> <span class='ocrx_word' id='word_1_107' title='bbox 3206 1255 3393 1312; x_wconf 83' lang='grc' dir='ltr'>πολλὰ</span> <span class='ocrx_word' id='word_1_108' title='bbox 3447 1265 3548 1327; x_wconf 87' lang='grc' dir='ltr'>τῆς</span> <span class='ocrx_word' id='word_1_109' title='bbox 3599 1257 3850 1334; x_wconf 84' lang='grc' dir='ltr'>ἐργασίας</span> <span class='ocrx_word' id='word_1_110' title='bbox 3885 1261 4016 1314; x_wconf 84' lang='grc' dir='ltr'>ἀπο-</span> 
     </span>
    </p>
   </div>
   <div class='ocr_carea' id='block_1_11' title="bbox 586 1336 4021 1422">
    <p class='ocr_par' dir='ltr' id='par_1_11' title="bbox 586 1336 4021 1422">
     <span class='ocr_line' id='line_1_11' title="bbox 586 1336 4021 1422; baseline 0.003 -30"><span class='ocrx_word' id='word_1_111' title='bbox 586 1358 742 1414; x_wconf 80' lang='grc' dir='ltr'>τερον</span> <span class='ocrx_word' id='word_1_112' title='bbox 782 1338 876 1410; x_wconf 76' lang='grc' dir='ltr'>μὲν</span> <span class='ocrx_word' id='word_1_113' title='bbox 910 1337 1012 1412; x_wconf 82' lang='grc' dir='ltr'>γὰρ</span> <span class='ocrx_word' id='word_1_114' title='bbox 1068 1336 1270 1409; x_wconf 76' lang='grc' dir='ltr'>πολλῶ</span> <span class='ocrx_word' id='word_1_115' title='bbox 1327 1343 1596 1413; x_wconf 83' lang='grc' dir='ltr'>προεῖχον</span> <span class='ocrx_word' id='word_1_116' title='bbox 1655 1343 1802 1416; x_wconf 73' lang='grc' dir='ltr'>σφῶν</span> <span class='ocrx_word' id='word_1_117' title='bbox 1864 1338 2132 1393; x_wconf 79' lang='grc' dir='ltr'>Βενετικοῖ</span> <span class='ocrx_word' id='word_1_118' title='bbox 2159 1341 2249 1394; x_wconf 84' lang='grc' dir='ltr'>καὶ</span> <span class='ocrx_word' id='word_1_119' title='bbox 2374 1338 2603 1411; x_wconf 83' lang='grc' dir='ltr'>νάμενος</span> <span class='ocrx_word' id='word_1_120' title='bbox 2631 1339 2720 1393; x_wconf 82' lang='grc' dir='ltr'>καί</span> <span class='ocrx_word' id='word_1_121' title='bbox 2751 1339 2916 1396; x_wconf 86' lang='grc' dir='ltr'>πλέον</span> <span class='ocrx_word' id='word_1_122' title='bbox 2947 1341 3142 1411; x_wconf 70' lang='grc' dir='ltr'>ἤθελεν</span> <span class='ocrx_word' id='word_1_123' title='bbox 3179 1342 3326 1419; x_wconf 80' lang='grc' dir='ltr'>ἔχειν</span> <span class='ocrx_word' id='word_1_124' title='bbox 3380 1345 3438 1400; x_wconf 80' lang='grc' dir='ltr'>ἐκ</span> <span class='ocrx_word' id='word_1_125' title='bbox 3486 1353 3586 1415; x_wconf 82' lang='grc' dir='ltr'>τῆς</span> <span class='ocrx_word' id='word_1_126' title='bbox 3636 1351 3732 1401; x_wconf 78' lang='grc' dir='ltr'>τοῦ</span> <span class='ocrx_word' id='word_1_127' title='bbox 3757 1353 4021 1422; x_wconf 78' lang='grc' dir='ltr'>κρατοῦν-</span> 
     </span>
    </p>
   </div>
   <div class='ocr_carea' id='block_1_12' title="bbox 586 1425 4016 1506">
    <p class='ocr_par' dir='ltr' id='par_1_12' title="bbox 586 1425 4016 1506">
     <span class='ocr_line' id='line_1_12' title="bbox 586 1425 4016 1506; baseline 0.002 -23"><span class='ocrx_word' id='word_1_128' title='bbox 586 1427 815 1483; x_wconf 87' lang='grc' dir='ltr'>τὸκοιτά</span> <span class='ocrx_word' id='word_1_129' title='bbox 867 1432 1001 1505; x_wconf 78' lang='grc' dir='ltr'>σφᾶς</span> <span class='ocrx_word' id='word_1_130' title='bbox 1061 1425 1615 1504; x_wconf 59' lang='grc' dir='ltr'>συνέδριοντπλούτῳ</span> <span class='ocrx_word' id='word_1_131' title='bbox 1653 1450 1712 1482; x_wconf 91' lang='grc' dir='ltr'>τε</span> <span class='ocrx_word' id='word_1_132' title='bbox 1770 1428 1860 1483; x_wconf 83' lang='grc' dir='ltr'>καὶ</span> <span class='ocrx_word' id='word_1_133' title='bbox 1919 1427 2118 1504; x_wconf 77' lang='grc' dir='ltr'>ἅρμασι</span> <span class='ocrx_word' id='word_1_134' title='bbox 2159 1431 2248 1485; x_wconf 83' lang='grc' dir='ltr'>καὶ</span> <span class='ocrx_word' id='word_1_135' title='bbox 2356 1448 2449 1489; x_wconf 85' lang='grc' dir='ltr'>τος</span> <span class='ocrx_word' id='word_1_136' title='bbox 2505 1429 2640 1502; x_wconf 86' lang='grc' dir='ltr'>πρὸς</span> <span class='ocrx_word' id='word_1_137' title='bbox 2697 1428 2898 1485; x_wconf 82' lang='grc' dir='ltr'>ἐκεῖνον</span> <span class='ocrx_word' id='word_1_138' title='bbox 2959 1430 3236 1504; x_wconf 81' lang='grc' dir='ltr'>εὐμενείας</span> <span class='ocrx_word' id='word_1_139' title='bbox 3308 1433 3396 1487; x_wconf 82' lang='grc' dir='ltr'>καὶ</span> <span class='ocrx_word' id='word_1_140' title='bbox 3457 1432 3771 1497; x_wconf 82' lang='grc' dir='ltr'>διαθέσεως.</span> <span class='ocrx_word' id='word_1_141' title='bbox 3832 1436 4016 1506; x_wconf 83' lang='grc' dir='ltr'>Ἡξίου</span> 
     </span>
    </p>
   </div>
   <div class='ocr_carea' id='block_1_13' title="bbox 588 1513 4018 1600">
    <p class='ocr_par' dir='ltr' id='par_1_13' title="bbox 588 1513 4018 1600">
     <span class='ocr_line' id='line_1_13' title="bbox 588 1513 4018 1600; baseline 0.002 -28"><span class='ocrx_word' id='word_1_142' title='bbox 588 1522 951 1590; x_wconf 83' lang='grc' dir='ltr'>παρασκευαῖς</span> <span class='ocrx_word' id='word_1_143' title='bbox 1009 1516 1262 1585; x_wconf 79' lang='grc' dir='ltr'>ἀπάσαις,</span> <span class='ocrx_word' id='word_1_144' title='bbox 1322 1513 1414 1572; x_wconf 77' lang='grc' dir='ltr'>ἅτε</span> <span class='ocrx_word' id='word_1_145' title='bbox 1470 1518 1557 1572; x_wconf 85' lang='grc' dir='ltr'>καὶ</span> <span class='ocrx_word' id='word_1_146' title='bbox 1635 1522 1706 1591; x_wconf 78' lang='grc' dir='ltr'>τῇ</span> <span class='ocrx_word' id='word_1_147' title='bbox 1775 1516 2019 1593; x_wconf 78' lang='grc' dir='ltr'>θαλάσσῃ</span> <span class='ocrx_word' id='word_1_148' title='bbox 2078 1540 2246 1594; x_wconf 83' lang='grc' dir='ltr'>προσ·</span> <span class='ocrx_word' id='word_1_149' title='bbox 2356 1522 2482 1591; x_wconf 78' lang='grc' dir='ltr'>γοῦν</span> <span class='ocrx_word' id='word_1_150' title='bbox 2521 1519 2597 1590; x_wconf 87' lang='grc' dir='ltr'>μή</span> <span class='ocrx_word' id='word_1_151' title='bbox 2630 1519 2869 1573; x_wconf 85' lang='grc' dir='ltr'>ἀνεῖσθαι</span> <span class='ocrx_word' id='word_1_152' title='bbox 2921 1518 3224 1584; x_wconf 74' lang='grc' dir='ltr'>Γενουΐταις</span> <span class='ocrx_word' id='word_1_153' title='bbox 3284 1523 3342 1576; x_wconf 80' lang='grc' dir='ltr'>ἐκ</span> <span class='ocrx_word' id='word_1_154' title='bbox 3399 1528 3506 1577; x_wconf 85' lang='grc' dir='ltr'>τῶν</span> <span class='ocrx_word' id='word_1_155' title='bbox 3552 1525 3662 1578; x_wconf 82' lang='grc' dir='ltr'>ἄνω</span> <span class='ocrx_word' id='word_1_156' title='bbox 3714 1529 3894 1600; x_wconf 81' lang='grc' dir='ltr'>μερῶν</span> <span class='ocrx_word' id='word_1_157' title='bbox 3930 1524 4018 1580; x_wconf 86' lang='grc' dir='ltr'>διά</span> 
     </span>
    </p>
   </div>
   <div class='ocr_carea' id='block_1_14' title="bbox 591 1602 4013 1690">
    <p class='ocr_par' dir='ltr' id='par_1_14' title="bbox 591 1602 4013 1690">
     <span class='ocr_line' id='line_1_14' title="bbox 591 1602 4013 1690; baseline 0.003 -31"><span class='ocrx_word' id='word_1_158' title='bbox 591 1606 912 1680; x_wconf 76' lang='grc' dir='ltr'>χρωμένους</span> <span class='ocrx_word' id='word_1_159' title='bbox 961 1602 1129 1659; x_wconf 90' lang='grc' dir='ltr'>πλέον</span> <span class='ocrx_word' id='word_1_160' title='bbox 1191 1603 1436 1675; x_wconf 70' lang='grc' dir='ltr'>ἐκείνων,</span> <span class='ocrx_word' id='word_1_161' title='bbox 1520 1604 1612 1660; x_wconf 85' lang='grc' dir='ltr'>καὶ</span> <span class='ocrx_word' id='word_1_162' title='bbox 1676 1610 1909 1681; x_wconf 84' lang='grc' dir='ltr'>μακραῖς</span> <span class='ocrx_word' id='word_1_163' title='bbox 1960 1608 2114 1661; x_wconf 87' lang='grc' dir='ltr'>ναυσὶ</span> <span class='ocrx_word' id='word_1_164' title='bbox 2181 1610 2248 1662; x_wconf 77' lang='grc' dir='ltr'>τὰ</span> <span class='ocrx_word' id='word_1_165' title='bbox 2357 1605 2633 1678; x_wconf 80' lang='grc' dir='ltr'>θαλάσσης</span> <span class='ocrx_word' id='word_1_166' title='bbox 2687 1609 2944 1679; x_wconf 77' lang='grc' dir='ltr'>Εὐξείνου</span> <span class='ocrx_word' id='word_1_167' title='bbox 3002 1610 3254 1686; x_wconf 78' lang='grc' dir='ltr'>κατάγειν</span> <span class='ocrx_word' id='word_1_168' title='bbox 3325 1613 3659 1690; x_wconf 84' lang='grc' dir='ltr'>στυπτηρίας</span> <span class='ocrx_word' id='word_1_169' title='bbox 3713 1613 4013 1687; x_wconf 85' lang='grc' dir='ltr'>μέταλλον,</span> 
     </span>
    </p>
   </div>
   <div class='ocr_carea' id='block_1_15' title="bbox 586 1692 4014 1780">
    <p class='ocr_par' dir='ltr' id='par_1_15' title="bbox 586 1692 4014 1780">
     <span class='ocr_line' id='line_1_15' title="bbox 586 1692 4014 1780; baseline 0.002 -30"><span class='ocrx_word' id='word_1_170' title='bbox 586 1693 798 1768; x_wconf 82' lang='grc' dir='ltr'>πελάγη</span> <span class='ocrx_word' id='word_1_171' title='bbox 850 1692 1400 1780; x_wconf 80' lang='grc' dir='ltr'>διαπεραιουμένους,</span> <span class='ocrx_word' id='word_1_172' title='bbox 1445 1696 1536 1750; x_wconf 86' lang='grc' dir='ltr'>καὶ</span> <span class='ocrx_word' id='word_1_173' title='bbox 1596 1701 1966 1768; x_wconf 80' lang='grc' dir='ltr'>προσκτᾶσθαι</span> <span class='ocrx_word' id='word_1_174' title='bbox 2020 1696 2248 1751; x_wconf 84' lang='grc' dir='ltr'>πλείονα</span> <span class='ocrx_word' id='word_1_175' title='bbox 2357 1695 2472 1749; x_wconf 81' lang='grc' dir='ltr'>ἐπεὶ</span> <span class='ocrx_word' id='word_1_176' title='bbox 2504 1695 2696 1769; x_wconf 74' lang='grc' dir='ltr'>πολλῇ</span> <span class='ocrx_word' id='word_1_177' title='bbox 2726 1719 2833 1752; x_wconf 87' lang='grc' dir='ltr'>τινι</span> <span class='ocrx_word' id='word_1_178' title='bbox 2868 1704 3108 1774; x_wconf 90' lang='grc' dir='ltr'>χρῶνται</span> <span class='ocrx_word' id='word_1_179' title='bbox 3154 1701 3319 1775; x_wconf 80' lang='grc' dir='ltr'>ταύτῃ</span> <span class='ocrx_word' id='word_1_180' title='bbox 3357 1701 3423 1757; x_wconf 78' lang='grc' dir='ltr'>τὰ</span> <span class='ocrx_word' id='word_1_181' title='bbox 3450 1701 3500 1772; x_wconf 79' lang='grc' dir='ltr'>ἐξ</span> <span class='ocrx_word' id='word_1_182' title='bbox 3534 1701 3693 1775; x_wconf 82' lang='grc' dir='ltr'>ἐρίων</span> <span class='ocrx_word' id='word_1_183' title='bbox 3723 1705 4014 1780; x_wconf 79' lang='grc' dir='ltr'>ὑφάσματα</span> 
     </span>
    </p>
   </div>
   <div class='ocr_carea' id='block_1_16' title="bbox 585 1779 4016 1865">
    <p class='ocr_par' dir='ltr' id='par_1_16' title="bbox 585 1779 4016 1865">
     <span class='ocr_line' id='line_1_16' title="bbox 585 1779 4016 1865; baseline 0.002 -25"><span class='ocrx_word' id='word_1_184' title='bbox 585 1782 751 1859; x_wconf 76' lang='grc' dir='ltr'>κέρδη</span> <span class='ocrx_word' id='word_1_185' title='bbox 830 1779 1138 1839; x_wconf 77' lang='grc' dir='ltr'>συνέϐαινεν</span> <span class='ocrx_word' id='word_1_186' title='bbox 1216 1785 1290 1838; x_wconf 84' lang='grc' dir='ltr'>ὧν</span> <span class='ocrx_word' id='word_1_187' title='bbox 1371 1786 1422 1838; x_wconf 78' lang='grc' dir='ltr'>οἱ</span> <span class='ocrx_word' id='word_1_188' title='bbox 1513 1790 1789 1840; x_wconf 87' lang='grc' dir='ltr'>Γενουῖται</span> <span class='ocrx_word' id='word_1_189' title='bbox 1863 1792 2246 1861; x_wconf 81' lang='grc' dir='ltr'>προσεκτῶντο</span> <span class='ocrx_word' id='word_1_190' title='bbox 2361 1786 2663 1859; x_wconf 87' lang='grc' dir='ltr'>μιαίνοντες</span> <span class='ocrx_word' id='word_1_191' title='bbox 2695 1790 2954 1862; x_wconf 87' lang='grc' dir='ltr'>χρώμασι</span> <span class='ocrx_word' id='word_1_192' title='bbox 3006 1786 3312 1865; x_wconf 77' lang='grc' dir='ltr'>διαφόροις,</span> <span class='ocrx_word' id='word_1_193' title='bbox 3363 1790 3438 1851; x_wconf 84' lang='grc' dir='ltr'>ὡς</span> <span class='ocrx_word' id='word_1_194' title='bbox 3491 1791 3617 1865; x_wconf 84' lang='grc' dir='ltr'>ὁρᾷν</span> <span class='ocrx_word' id='word_1_195' title='bbox 3670 1779 3863 1863; x_wconf 79' lang='grc' dir='ltr'>ἔξεστι.</span> <span class='ocrx_word' id='word_1_196' title='bbox 3914 1793 4016 1848; x_wconf 81' lang='grc' dir='ltr'>Καὶ</span> 
     </span>
    </p>
   </div>
   <div class='ocr_carea' id='block_1_17' title="bbox 587 1873 4013 1954">
    <p class='ocr_par' dir='ltr' id='par_1_17' title="bbox 587 1873 4013 1954">
     <span class='ocr_line' id='line_1_17' title="bbox 587 1873 4013 1954; baseline 0.002 -26"><span class='ocrx_word' id='word_1_197' title='bbox 587 1878 975 1949; x_wconf 78' lang='grc' dir='ltr'>πραγματειῶν</span> <span class='ocrx_word' id='word_1_198' title='bbox 1036 1874 1425 1947; x_wconf 85' lang='grc' dir='ltr'>μετακομίσεσι</span> <span class='ocrx_word' id='word_1_199' title='bbox 1484 1874 1575 1929; x_wconf 88' lang='grc' dir='ltr'>καὶ</span> <span class='ocrx_word' id='word_1_200' title='bbox 1633 1877 1927 1944; x_wconf 84' lang='grc' dir='ltr'>κινήσεσιν.</span> <span class='ocrx_word' id='word_1_201' title='bbox 1981 1877 2065 1948; x_wconf 77' lang='grc' dir='ltr'>Ἐξ</span> <span class='ocrx_word' id='word_1_202' title='bbox 2117 1878 2244 1930; x_wconf 81' lang='grc' dir='ltr'>δτου</span> <span class='ocrx_word' id='word_1_203' title='bbox 2277 1924 2320 1954; x_wconf 71' lang='lat' dir='ltr'><strong>n</strong></span> <span class='ocrx_word' id='word_1_204' title='bbox 2356 1875 2382 1927; x_wconf 90' lang='grc' dir='ltr'>ὁ</span> <span class='ocrx_word' id='word_1_205' title='bbox 2419 1873 2671 1949; x_wconf 80' lang='grc' dir='ltr'>βασιλεὺς</span> <span class='ocrx_word' id='word_1_206' title='bbox 2729 1876 3029 1930; x_wconf 76' lang='grc' dir='ltr'>κατανεύων</span> <span class='ocrx_word' id='word_1_207' title='bbox 3088 1876 3390 1934; x_wconf 75' lang='grc' dir='ltr'>ἐπέταττεν,</span> <span class='ocrx_word' id='word_1_208' title='bbox 3451 1879 3519 1935; x_wconf 76' lang='grc' dir='ltr'>Οἱ</span> <span class='ocrx_word' id='word_1_209' title='bbox 3581 1879 3675 1951; x_wconf 79' lang='grc' dir='ltr'>μὶν</span> <span class='ocrx_word' id='word_1_210' title='bbox 3719 1880 3812 1933; x_wconf 82' lang='grc' dir='ltr'>οὗν</span> <span class='ocrx_word' id='word_1_211' title='bbox 3860 1879 3913 1934; x_wconf 74' lang='grc' dir='ltr'>ἒν</span> <span class='ocrx_word' id='word_1_212' title='bbox 3944 1885 4013 1954; x_wconf 75' lang='grc' dir='ltr'>τῇ</span> 
     </span>
    </p>
   </div>
   <div class='ocr_carea' id='block_1_18' title="bbox 590 1924 4009 2043">
    <p class='ocr_par' dir='ltr' id='par_1_18' title="bbox 590 1924 4009 2043">
     <span class='ocr_line' id='line_1_18' title="bbox 596 1924 4009 1954; baseline 0.001 -8"><span class='ocrx_word' id='word_1_213' title='bbox 596 1924 967 1949; x_wconf 62' lang='grc' dir='ltr'>““Γ“Ιι”““’“”’</span> <span class='ocrx_word' id='word_1_214' title='bbox 1036 1924 1424 1947; x_wconf 26' lang='grc' dir='ltr'>Ι⁷ν⁷”-“’“Ι””’⁷’</span> <span class='ocrx_word' id='word_1_215' title='bbox 1486 1924 1574 1929; x_wconf 44' lang='grc'>’⁷⁷⁷⁷</span> <span class='ocrx_word' id='word_1_216' title='bbox 1636 1924 1927 1944; x_wconf 38' lang='grc' dir='ltr'>”’“γ”¹ν””’</span> <span class='ocrx_word' id='word_1_217' title='bbox 2002 1924 2065 1948; x_wconf 50' lang='grc' dir='ltr'>’.δ</span> <span class='ocrx_word' id='word_1_218' title='bbox 2121 1924 2240 1930; x_wconf 52' lang='lat' dir='ltr'>&quot;vv</span> <span class='ocrx_word' id='word_1_219' title='bbox 2363 1924 2378 1927; x_wconf 62' lang='lat'>_</span> <span class='ocrx_word' id='word_1_220' title='bbox 2419 1924 2670 1949; x_wconf 61' lang='lat' dir='ltr'>l&#39;&quot;&quot;&quot;&quot;‘</span> <span class='ocrx_word' id='word_1_221' title='bbox 2731 1924 3024 1930; x_wconf 40' lang='grc' dir='ltr'>’-ν-’⁷⁷⁷⁷⁷⁷⁷⁷</span> <span class='ocrx_word' id='word_1_222' title='bbox 3088 1924 3390 1934; x_wconf 53' lang='lat' dir='ltr'>&quot;&quot;&#39;w&quot;&quot;&#39;</span> <span class='ocrx_word' id='word_1_223' title='bbox 3457 1924 3519 1935; x_wconf 63' lang='grc' dir='ltr'>ν’</span> <span class='ocrx_word' id='word_1_224' title='bbox 3581 1924 3671 1951; x_wconf 71' lang='lat' dir='ltr'>F&#39;&quot;</span> <span class='ocrx_word' id='word_1_225' title='bbox 3721 1924 3808 1933; x_wconf 45' lang='grc' dir='ltr'>’τ’</span> <span class='ocrx_word' id='word_1_226' title='bbox 3860 1924 3909 1934; x_wconf 59' lang='grc'>’⁷</span> <span class='ocrx_word' id='word_1_227' title='bbox 3955 1924 4009 1954; x_wconf 64' lang='grc' dir='ltr'>’.ει</span> 
     </span>
     <span class='ocr_line' id='line_1_19' title="bbox 590 1924 4009 2043; baseline 0.002 -27"><span class='ocrx_word' id='word_1_228' title='bbox 590 1960 648 2016; x_wconf 72' lang='grc' dir='ltr'>δὲ</span> <span class='ocrx_word' id='word_1_229' title='bbox 704 1966 801 2017; x_wconf 80' lang='grc' dir='ltr'>τοῦ</span> <span class='ocrx_word' id='word_1_230' title='bbox 858 1962 1110 2035; x_wconf 77' lang='grc' dir='ltr'>Εὐξείνου</span> <span class='ocrx_word' id='word_1_231' title='bbox 1166 1960 1434 2037; x_wconf 77' lang='grc' dir='ltr'>πικάγους</span> <span class='ocrx_word' id='word_1_232' title='bbox 1503 1961 1780 2037; x_wconf 79' lang='grc' dir='ltr'>ἐγκρατεῖς</span> <span class='ocrx_word' id='word_1_233' title='bbox 1838 1962 2088 2038; x_wconf 83' lang='grc' dir='ltr'>ἐγένοντο</span> <span class='ocrx_word' id='word_1_234' title='bbox 2143 1924 2513 2018; x_wconf 85' lang='grc' dir='ltr'>Γε-Βπόλει</span> <span class='ocrx_word' id='word_1_235' title='bbox 2557 1970 2832 2018; x_wconf 87' lang='grc' dir='ltr'>Γενουῖται</span> <span class='ocrx_word' id='word_1_236' title='bbox 2867 1966 2980 2038; x_wconf 84' lang='grc' dir='ltr'>ἅμα</span> <span class='ocrx_word' id='word_1_237' title='bbox 3036 1966 3131 2038; x_wconf 72' lang='grc' dir='ltr'>μὲν</span> <span class='ocrx_word' id='word_1_238' title='bbox 3188 1965 3504 2039; x_wconf 71' lang='grc' dir='ltr'>αἰδούμενοι</span> <span class='ocrx_word' id='word_1_239' title='bbox 3556 1969 3658 2037; x_wconf 80' lang='grc' dir='ltr'>τήν</span> <span class='ocrx_word' id='word_1_240' title='bbox 3717 1967 4009 2043; x_wconf 77' lang='grc' dir='ltr'>βασιλικὴν</span> 
     </span>
    </p>
   </div>
   <div class='ocr_carea' id='block_1_19' title="bbox 590 2048 4011 2132">
    <p class='ocr_par' dir='ltr' id='par_1_19' title="bbox 590 2048 4011 2132">
     <span class='ocr_line' id='line_1_20' title="bbox 590 2048 4011 2132; baseline 0.001 -25"><span class='ocrx_word' id='word_1_241' title='bbox 590 2056 800 2107; x_wconf 86' lang='grc' dir='ltr'>νουῖται</span> <span class='ocrx_word' id='word_1_242' title='bbox 864 2049 1136 2127; x_wconf 87' lang='grc' dir='ltr'>βασιλέως</span> <span class='ocrx_word' id='word_1_243' title='bbox 1195 2048 1441 2113; x_wconf 86' lang='grc' dir='ltr'>διδόντος</span> <span class='ocrx_word' id='word_1_244' title='bbox 1505 2052 1594 2106; x_wconf 88' lang='grc' dir='ltr'>καὶ</span> <span class='ocrx_word' id='word_1_245' title='bbox 1654 2051 1704 2106; x_wconf 75' lang='grc' dir='ltr'>έν</span> <span class='ocrx_word' id='word_1_246' title='bbox 1766 2050 2045 2128; x_wconf 77' lang='grc' dir='ltr'>ἑλευθερίά</span> <span class='ocrx_word' id='word_1_247' title='bbox 2099 2055 2245 2128; x_wconf 71' lang='grc' dir='ltr'>πάσῃ</span> <span class='ocrx_word' id='word_1_248' title='bbox 2356 2053 2666 2125; x_wconf 79' lang='grc' dir='ltr'>πρόσταξιν,</span> <span class='ocrx_word' id='word_1_249' title='bbox 2701 2054 2814 2126; x_wconf 81' lang='grc' dir='ltr'>ἅμα</span> <span class='ocrx_word' id='word_1_250' title='bbox 2874 2051 2930 2108; x_wconf 68' lang='grc' dir='ltr'>δὲ</span> <span class='ocrx_word' id='word_1_251' title='bbox 2987 2054 3074 2109; x_wconf 87' lang='grc' dir='ltr'>καὶ</span> <span class='ocrx_word' id='word_1_252' title='bbox 3139 2055 3214 2118; x_wconf 85' lang='grc' dir='ltr'>ὡς</span> <span class='ocrx_word' id='word_1_253' title='bbox 3264 2057 3362 2124; x_wconf 78' lang='grc' dir='ltr'>τὴν</span> <span class='ocrx_word' id='word_1_254' title='bbox 3424 2055 3589 2110; x_wconf 87' lang='grc' dir='ltr'>πόλιν</span> <span class='ocrx_word' id='word_1_255' title='bbox 3639 2059 3736 2126; x_wconf 74' lang='grc' dir='ltr'>τὴν</span> <span class='ocrx_word' id='word_1_256' title='bbox 3772 2057 4011 2132; x_wconf 76' lang='grc' dir='ltr'>ἐσχάτην</span> 
     </span>
    </p>
   </div>
   <div class='ocr_carea' id='block_1_20' title="bbox 590 2137 4011 2220">
    <p class='ocr_par' dir='ltr' id='par_1_20' title="bbox 590 2137 4011 2220">
     <span class='ocr_line' id='line_1_21' title="bbox 590 2137 4011 2220; baseline 0.002 -24"><span class='ocrx_word' id='word_1_257' title='bbox 590 2141 682 2196; x_wconf 80' lang='grc' dir='ltr'>καὶ</span> <span class='ocrx_word' id='word_1_258' title='bbox 714 2140 949 2213; x_wconf 79' lang='grc' dir='ltr'>ἀτελείᾳ,</span> <span class='ocrx_word' id='word_1_259' title='bbox 998 2141 1085 2194; x_wconf 86' lang='grc' dir='ltr'>καὶ</span> <span class='ocrx_word' id='word_1_260' title='bbox 1147 2137 1503 2212; x_wconf 85' lang='grc' dir='ltr'>κατετόλμων</span> <span class='ocrx_word' id='word_1_261' title='bbox 1561 2142 1729 2195; x_wconf 81' lang='grc' dir='ltr'>αὐτοῦ</span> <span class='ocrx_word' id='word_1_262' title='bbox 1787 2141 1876 2195; x_wconf 83' lang='grc' dir='ltr'>καὶ</span> <span class='ocrx_word' id='word_1_263' title='bbox 1932 2142 2096 2215; x_wconf 86' lang='grc' dir='ltr'>μέσου</span> <span class='ocrx_word' id='word_1_264' title='bbox 2128 2162 2247 2217; x_wconf 80' lang='grc' dir='ltr'>χει·</span> <span class='ocrx_word' id='word_1_265' title='bbox 2356 2137 2620 2196; x_wconf 77' lang='grc' dir='ltr'>ἀπόϐασιν</span> <span class='ocrx_word' id='word_1_266' title='bbox 2683 2137 2926 2218; x_wconf 75' lang='grc' dir='ltr'>ἔχοντες,</span> <span class='ocrx_word' id='word_1_267' title='bbox 2987 2141 3177 2216; x_wconf 81' lang='grc' dir='ltr'>ἔμενον</span> <span class='ocrx_word' id='word_1_268' title='bbox 3239 2144 3325 2199; x_wconf 80' lang='grc' dir='ltr'>έπῖ</span> <span class='ocrx_word' id='word_1_269' title='bbox 3382 2144 3592 2220; x_wconf 85' lang='grc' dir='ltr'>τρόπου</span> <span class='ocrx_word' id='word_1_270' title='bbox 3646 2151 3744 2200; x_wconf 78' lang='grc' dir='ltr'>τοῦ</span> <span class='ocrx_word' id='word_1_271' title='bbox 3794 2147 3861 2201; x_wconf 77' lang='grc' dir='ltr'>τὰ</span> <span class='ocrx_word' id='word_1_272' title='bbox 3890 2146 4011 2202; x_wconf 79' lang='grc' dir='ltr'>ἐπε-</span> 
     </span>
    </p>
   </div>
   <div class='ocr_carea' id='block_1_21' title="bbox 596 2227 4016 2310">
    <p class='ocr_par' dir='ltr' id='par_1_21' title="bbox 596 2227 4016 2310">
     <span class='ocr_line' id='line_1_22' title="bbox 596 2227 4016 2310; baseline 0.002 -26"><span class='ocrx_word' id='word_1_273' title='bbox 596 2234 779 2304; x_wconf 80' lang='grc' dir='ltr'>μῶνος</span> <span class='ocrx_word' id='word_1_274' title='bbox 836 2229 888 2283; x_wconf 79' lang='grc' dir='ltr'>ἐν</span> <span class='ocrx_word' id='word_1_275' title='bbox 949 2227 1406 2303; x_wconf 87' lang='grc' dir='ltr'>συστελλομέναις</span> <span class='ocrx_word' id='word_1_276' title='bbox 1482 2236 1618 2284; x_wconf 86' lang='grc' dir='ltr'>κατᾶ</span> <span class='ocrx_word' id='word_1_277' title='bbox 1692 2237 1868 2303; x_wconf 79' lang='grc' dir='ltr'>μῆκος</span> <span class='ocrx_word' id='word_1_278' title='bbox 1922 2231 2127 2302; x_wconf 84' lang='grc' dir='ltr'>ναυσὶν,</span> <span class='ocrx_word' id='word_1_279' title='bbox 2187 2230 2246 2293; x_wconf 84' lang='grc' dir='ltr'>’ἀς</span> <span class='ocrx_word' id='word_1_280' title='bbox 2357 2229 2634 2305; x_wconf 80' lang='grc' dir='ltr'>σταλμένα</span> <span class='ocrx_word' id='word_1_281' title='bbox 2673 2232 2950 2308; x_wconf 76' lang='grc' dir='ltr'>πληροῦν.</span> <span class='ocrx_word' id='word_1_282' title='bbox 3003 2233 3204 2290; x_wconf 81' lang='grc' dir='ltr'>Ἀλλοι</span> <span class='ocrx_word' id='word_1_283' title='bbox 3255 2232 3312 2289; x_wconf 86' lang='grc' dir='ltr'>δέ</span> <span class='ocrx_word' id='word_1_284' title='bbox 3358 2255 3501 2296; x_wconf 84' lang='grc' dir='ltr'>τινες</span> <span class='ocrx_word' id='word_1_285' title='bbox 3534 2234 3594 2290; x_wconf 74' lang='grc' dir='ltr'>ἐκ</span> <span class='ocrx_word' id='word_1_286' title='bbox 3622 2235 3854 2299; x_wconf 88' lang='grc' dir='ltr'>Γενούας</span> <span class='ocrx_word' id='word_1_287' title='bbox 3888 2240 4016 2310; x_wconf 81' lang='grc' dir='ltr'>παρ’</span> 
     </span>
    </p>
   </div>
   <div class='ocr_carea' id='block_1_22' title="bbox 596 862 2253 932">
    <p class='ocr_par' dir='ltr' id='par_1_22' title="bbox 596 862 2253 932">
     <span class='ocr_line' id='line_1_23' title="bbox 596 862 2253 932; baseline 0.001 -12"><span class='ocrx_word' id='word_1_288' title='bbox 596 863 665 920; x_wconf 90' lang='grc' dir='ltr'>λ’.</span> <span class='ocrx_word' id='word_1_289' title='bbox 742 867 929 926; x_wconf 85' lang='grc' dir='ltr'>Ὅπως</span> <span class='ocrx_word' id='word_1_290' title='bbox 1003 862 1132 927; x_wconf 82' lang='grc' dir='ltr'>τοὺς</span> <span class='ocrx_word' id='word_1_291' title='bbox 1204 865 1340 919; x_wconf 86' lang='grc' dir='ltr'>κατά</span> <span class='ocrx_word' id='word_1_292' title='bbox 1397 865 1496 932; x_wconf 74' lang='grc' dir='ltr'>τὴν</span> <span class='ocrx_word' id='word_1_293' title='bbox 1555 863 1719 920; x_wconf 87' lang='grc' dir='ltr'>πόλιν</span> <span class='ocrx_word' id='word_1_294' title='bbox 1787 864 2070 929; x_wconf 81' lang='grc' dir='ltr'>Γενουΐτας</span> <span class='ocrx_word' id='word_1_295' title='bbox 2131 865 2253 922; x_wconf 84' lang='grc' dir='ltr'>έτα-</span> 
     </span>
    </p>
   </div>
   <div class='ocr_carea' id='block_1_23' title="bbox 1144 936 1699 1012">
    <p class='ocr_par' dir='ltr' id='par_1_23' title="bbox 1144 936 1699 1012">
     <span class='ocr_line' id='line_1_24' title="bbox 1144 936 1699 1012; baseline 0.004 -21"><span class='ocrx_word' id='word_1_296' title='bbox 1144 937 1335 991; x_wconf 89' lang='grc' dir='ltr'>πείνου</span> <span class='ocrx_word' id='word_1_297' title='bbox 1363 938 1390 990; x_wconf 86' lang='grc' dir='ltr'>ὁ</span> <span class='ocrx_word' id='word_1_298' title='bbox 1425 936 1699 1012; x_wconf 84' lang='grc' dir='ltr'>βασιλεύς.</span> 
     </span>
    </p>
   </div>
   <div class='ocr_carea' id='block_1_24' title="bbox 594 2317 4015 2398">
    <p class='ocr_par' dir='ltr' id='par_1_24' title="bbox 594 2317 4015 2398">
     <span class='ocr_line' id='line_1_25' title="bbox 594 2317 4015 2398; baseline 0.002 -25"><span class='ocrx_word' id='word_1_299' title='bbox 594 2319 795 2374; x_wconf 83' lang='grc' dir='ltr'>ἐκεῖνοι</span> <span class='ocrx_word' id='word_1_300' title='bbox 847 2318 1067 2393; x_wconf 86' lang='grc' dir='ltr'>ταρίτας</span> <span class='ocrx_word' id='word_1_301' title='bbox 1126 2318 1372 2393; x_wconf 89' lang='grc' dir='ltr'>λέγουσι,</span> <span class='ocrx_word' id='word_1_302' title='bbox 1430 2317 1713 2387; x_wconf 88' lang='grc' dir='ltr'>πλέοντες,</span> <span class='ocrx_word' id='word_1_303' title='bbox 1763 2321 1838 2392; x_wconf 80' lang='grc' dir='ltr'><strong>μή</strong></span> <span class='ocrx_word' id='word_1_304' title='bbox 1896 2321 2062 2392; x_wconf 90' lang='grc' dir='ltr'>μόνον</span> <span class='ocrx_word' id='word_1_305' title='bbox 2111 2321 2247 2373; x_wconf 84' lang='grc' dir='ltr'>Ῥω-</span> <span class='ocrx_word' id='word_1_306' title='bbox 2358 2319 2509 2374; x_wconf 76' lang='grc' dir='ltr'>οὐδὲν</span> <span class='ocrx_word' id='word_1_307' title='bbox 2541 2322 2642 2389; x_wconf 85' lang='grc' dir='ltr'>τήν</span> <span class='ocrx_word' id='word_1_308' title='bbox 2684 2319 2972 2396; x_wconf 78' lang='grc' dir='ltr'>πρόσταξιν</span> <span class='ocrx_word' id='word_1_309' title='bbox 3027 2321 3266 2395; x_wconf 83' lang='grc' dir='ltr'>θέμενοι,</span> <span class='ocrx_word' id='word_1_310' title='bbox 3316 2323 3808 2398; x_wconf 77' lang='grc' dir='ltr'>ναυπηγησάμενοι</span> <span class='ocrx_word' id='word_1_311' title='bbox 3845 2325 4015 2398; x_wconf 80' lang='grc' dir='ltr'>μείζω</span> 
     </span>
    </p>
   </div>
   <div class='ocr_carea' id='block_1_25' title="bbox 594 2407 4012 2489">
    <p class='ocr_par' dir='ltr' id='par_1_25' title="bbox 594 2407 4012 2489">
     <span class='ocr_line' id='line_1_26' title="bbox 594 2407 4012 2489; baseline 0.001 -25"><span class='ocrx_word' id='word_1_312' title='bbox 594 2408 779 2482; x_wconf 82' lang='grc' dir='ltr'>μαίοις</span> <span class='ocrx_word' id='word_1_313' title='bbox 809 2407 1131 2464; x_wconf 74' lang='grc' dir='ltr'>ἀπέκλεισαν</span> <span class='ocrx_word' id='word_1_314' title='bbox 1188 2409 1283 2471; x_wconf 76' lang='grc' dir='ltr'>τὰς</span> <span class='ocrx_word' id='word_1_315' title='bbox 1340 2411 1478 2462; x_wconf 84' lang='grc' dir='ltr'>κατά</span> <span class='ocrx_word' id='word_1_316' title='bbox 1537 2407 1808 2464; x_wconf 88' lang='grc' dir='ltr'>θάλασσαν</span> <span class='ocrx_word' id='word_1_317' title='bbox 1836 2409 2127 2489; x_wconf 63' lang='grc' dir='ltr'>κελεύθους</span> <span class='ocrx_word' id='word_1_318' title='bbox 2156 2410 2245 2463; x_wconf 86' lang='grc' dir='ltr'>καὶ</span> <span class='ocrx_word' id='word_1_319' title='bbox 2358 2407 2587 2486; x_wconf 78' lang='grc' dir='ltr'>φορτίδα</span> <span class='ocrx_word' id='word_1_320' title='bbox 2619 2408 2967 2485; x_wconf 85' lang='grc' dir='ltr'>στρογγύλην</span> <span class='ocrx_word' id='word_1_321' title='bbox 3021 2415 3128 2464; x_wconf 87' lang='grc' dir='ltr'>τῶν</span> <span class='ocrx_word' id='word_1_322' title='bbox 3195 2411 3724 2489; x_wconf 81' lang='grc' dir='ltr'>βαρυφορτηγουσῶν</span> <span class='ocrx_word' id='word_1_323' title='bbox 3760 2411 4012 2483; x_wconf 70' lang='grc' dir='ltr'>ἐξέπλεον</span> 
     </span>
    </p>
   </div>
   <div class='ocr_carea' id='block_1_26' title="bbox 582 2626 4015 2702">
    <p class='ocr_par' dir='ltr' id='par_1_26' title="bbox 582 2626 4015 2702">
     <span class='ocr_line' id='line_1_27' title="bbox 582 2626 4015 2702; baseline 0.001 -19"><span class='ocrx_word' id='word_1_324' title='bbox 582 2632 658 2683; x_wconf 81' lang='lat' dir='ltr'>At</span> <span class='ocrx_word' id='word_1_325' title='bbox 690 2627 2017 2697; x_wconf 66' lang='lat' dir='ltr'>monachumJasitenJobumeabmam,quaa</span> <span class='ocrx_word' id='word_1_326' title='bbox 2042 2630 2246 2681; x_wconf 83' lang='lat' dir='ltr'>arxest</span> <span class='ocrx_word' id='word_1_327' title='bbox 2364 2627 2741 2693; x_wconf 78' lang='lat' dir='ltr'>insolescere,</span> <span class='ocrx_word' id='word_1_328' title='bbox 2776 2644 2891 2682; x_wconf 92' lang='lat' dir='ltr'>non</span> <span class='ocrx_word' id='word_1_329' title='bbox 2925 2626 3056 2683; x_wconf 87' lang='lat' dir='ltr'>aliis</span> <span class='ocrx_word' id='word_1_330' title='bbox 3085 2629 3260 2684; x_wconf 90' lang='lat' dir='ltr'>modo</span> <span class='ocrx_word' id='word_1_331' title='bbox 3309 2629 3532 2685; x_wconf 81' lang='lat' dir='ltr'>Latinis</span> <span class='ocrx_word' id='word_1_332' title='bbox 3582 2647 3697 2701; x_wconf 73' lang='lat' dir='ltr'>pm</span> <span class='ocrx_word' id='word_1_333' title='bbox 3741 2647 3804 2686; x_wconf 90' lang='lat' dir='ltr'>se</span> <span class='ocrx_word' id='word_1_334' title='bbox 3855 2647 4015 2702; x_wconf 89' lang='lat' dir='ltr'>sper-</span> 
     </span>
    </p>
   </div>
   <div class='ocr_carea' id='block_1_27' title="bbox 581 2715 4013 2788">
    <p class='ocr_par' dir='ltr' id='par_1_27' title="bbox 581 2715 4013 2788">
     <span class='ocr_line' id='line_1_28' title="bbox 581 2715 4013 2788; baseline 0.001 -16"><span class='ocrx_word' id='word_1_335' title='bbox 581 2718 650 2774; x_wconf 92' lang='lat' dir='ltr'>ad</span> <span class='ocrx_word' id='word_1_336' title='bbox 685 2722 1001 2788; x_wconf 80' lang='lat' dir='ltr'>Sangarem</span> <span class='ocrx_word' id='word_1_337' title='bbox 1032 2732 1268 2771; x_wconf 90' lang='lat' dir='ltr'>amnem</span> <span class='ocrx_word' id='word_1_338' title='bbox 1303 2715 1438 2786; x_wconf 82' lang='lat' dir='ltr'>sita,</span> <span class='ocrx_word' id='word_1_339' title='bbox 1472 2717 1590 2770; x_wconf 84' lang='lat' dir='ltr'>ﬁda</span> <span class='ocrx_word' id='word_1_340' title='bbox 1631 2716 1712 2770; x_wconf 86' lang='lat' dir='ltr'>ibi</span> <span class='ocrx_word' id='word_1_341' title='bbox 1735 2715 2001 2771; x_wconf 90' lang='lat' dir='ltr'>custodia</span> <span class='ocrx_word' id='word_1_342' title='bbox 2033 2721 2242 2770; x_wconf 92' lang='lat' dir='ltr'>tenen-</span> <span class='ocrx_word' id='word_1_343' title='bbox 2355 2715 2587 2780; x_wconf 87' lang='lat' dir='ltr'>nendis,</span> <span class='ocrx_word' id='word_1_344' title='bbox 2632 2715 2732 2770; x_wconf 91' lang='lat' dir='ltr'>sed</span> <span class='ocrx_word' id='word_1_345' title='bbox 2767 2715 3051 2770; x_wconf 85' lang='lat' dir='ltr'>Romanis</span> <span class='ocrx_word' id='word_1_346' title='bbox 3087 2717 3259 2771; x_wconf 90' lang='lat' dir='ltr'>etiam</span> <span class='ocrx_word' id='word_1_347' title='bbox 3296 2717 3353 2772; x_wconf 94' lang='lat' dir='ltr'>in</span> <span class='ocrx_word' id='word_1_348' title='bbox 3386 2717 3620 2773; x_wconf 78' lang='lat' dir='ltr'>Oriente</span> <span class='ocrx_word' id='word_1_349' title='bbox 3651 2719 4013 2777; x_wconf 87' lang='lat' dir='ltr'>dominanti-</span> 
     </span>
    </p>
   </div>
   <div class='ocr_carea' id='block_1_28' title="bbox 585 2804 4015 2880">
    <p class='ocr_par' dir='ltr' id='par_1_28' title="bbox 585 2804 4015 2880">
     <span class='ocr_line' id='line_1_29' title="bbox 585 2804 4015 2880; baseline 0.001 -18"><span class='ocrx_word' id='word_1_350' title='bbox 585 2808 726 2863; x_wconf 91' lang='lat' dir='ltr'>dum</span> <span class='ocrx_word' id='word_1_351' title='bbox 758 2806 941 2862; x_wconf 82' lang='lat' dir='ltr'>misit.</span> <span class='ocrx_word' id='word_1_352' title='bbox 2351 2804 3063 2861; x_wconf 86' lang='lat' dir='ltr'>bus.Attribueratautem</span> <span class='ocrx_word' id='word_1_353' title='bbox 3098 2805 3326 2860; x_wconf 83' lang='lat' dir='ltr'>liberali</span> <span class='ocrx_word' id='word_1_354' title='bbox 3354 2806 3657 2879; x_wconf 89' lang='lat' dir='ltr'>privilegio</span> <span class='ocrx_word' id='word_1_355' title='bbox 3688 2809 4015 2880; x_wconf 79' lang='lat' dir='ltr'>imperator</span> 
     </span>
    </p>
   </div>
   <div class='ocr_carea' id='block_1_29' title="bbox 2349 2892 4010 2967">
    <p class='ocr_par' dir='ltr' id='par_1_29' title="bbox 2349 2892 4010 2967">
     <span class='ocr_line' id='line_1_30' title="bbox 2349 2892 4010 2967; baseline 0.004 -20"><span class='ocrx_word' id='word_1_356' title='bbox 2349 2893 2585 2947; x_wconf 85' lang='lat' dir='ltr'>cuidam</span> <span class='ocrx_word' id='word_1_357' title='bbox 2618 2892 2912 2949; x_wconf 89' lang='lat' dir='ltr'>Genuensi</span> <span class='ocrx_word' id='word_1_358' title='bbox 2954 2893 3157 2963; x_wconf 84' lang='lat' dir='ltr'>nobili,</span> <span class='ocrx_word' id='word_1_359' title='bbox 3195 2895 3288 2949; x_wconf 92' lang='lat' dir='ltr'>cui</span> <span class='ocrx_word' id='word_1_360' title='bbox 3319 2895 3574 2951; x_wconf 87' lang='lat' dir='ltr'>Manueli</span> <span class='ocrx_word' id='word_1_361' title='bbox 3606 2913 3822 2952; x_wconf 86' lang='lat' dir='ltr'><strong>nomen</strong></span> <span class='ocrx_word' id='word_1_362' title='bbox 3859 2905 4010 2967; x_wconf 88' lang='lat' dir='ltr'>erat,</span> 
     </span>
    </p>
   </div>
   <div class='ocr_carea' id='block_1_30' title="bbox 575 2966 2253 3056">
    <p class='ocr_par' dir='ltr' id='par_1_30' title="bbox 575 2966 2238 3056">
     <span class='ocr_line' id='line_1_31' title="bbox 575 2966 2238 3056; baseline 0 -34"><span class='ocrx_word' id='word_1_363' title='bbox 575 2968 663 3022; x_wconf 92' lang='lat'>30.</span> <span class='ocrx_word' id='word_1_364' title='bbox 678 2973 748 3024; x_wconf 77' lang='lat' dir='ltr'>Ut</span> <span class='ocrx_word' id='word_1_365' title='bbox 782 2968 1153 3056; x_wconf 48' lang='lat' dir='ltr'>Cannensium</span> <span class='ocrx_word' id='word_1_366' title='bbox 1195 2968 1253 3021; x_wconf 77' lang='lat' dir='ltr'>in</span> <span class='ocrx_word' id='word_1_367' title='bbox 1284 2967 1534 3056; x_wconf 49' lang='lat' dir='ltr'>Jpropria</span> <span class='ocrx_word' id='word_1_368' title='bbox 1573 2968 1861 3056; x_wconf 38' lang='lat' dir='ltr'>&#39;t&#39;psorum‘</span> <span class='ocrx_word' id='word_1_369' title='bbox 1882 2966 2019 3022; x_wconf 83' lang='lat' dir='ltr'>urbe</span> <span class='ocrx_word' id='word_1_370' title='bbox 2041 2966 2238 3038; x_wconf 80' lang='lat' dir='ltr'>degen-</span> 
     </span>
    </p>
   </div>
   <div class='ocr_carea' id='block_1_31' title="bbox 2358 2966 4011 3056">
    <p class='ocr_par' dir='ltr' id='par_1_31' title="bbox 2358 2966 4011 3056">
     <span class='ocr_line' id='line_1_32' title="bbox 2358 2966 4011 3056; baseline 0.004 -20"><span class='ocrx_word' id='word_1_371' title='bbox 2358 2981 2634 3038; x_wconf 72' lang='lat' dir='ltr'>Zacbarize</span> <span class='ocrx_word' id='word_1_372' title='bbox 2693 2982 2832 3051; x_wconf 83' lang='lat' dir='ltr'>ﬁlio,</span> <span class='ocrx_word' id='word_1_373' title='bbox 2905 2983 3151 3038; x_wconf 65' lang='lat' dir='ltr'>Phocaea</span> <span class='ocrx_word' id='word_1_374' title='bbox 3218 2993 3454 3039; x_wconf 85' lang='lat' dir='ltr'>monata</span> <span class='ocrx_word' id='word_1_375' title='bbox 3529 3002 3655 3056; x_wconf 69' lang='lat' dir='ltr'>quae</span> <span class='ocrx_word' id='word_1_376' title='bbox 3705 2966 4011 3043; x_wconf 74' lang='lat' dir='ltr'>Orientem</span> 
     </span>
    </p>
   </div>
   <div class='ocr_carea' id='block_1_32' title="bbox 865 3038 4016 3142">
    <p class='ocr_par' dir='ltr' id='par_1_32' title="bbox 865 3038 4016 3142">
     <span class='ocr_line' id='line_1_33' title="bbox 865 3038 4016 3142; baseline 0.001 -12"><span class='ocrx_word' id='word_1_377' title='bbox 865 3041 1006 3094; x_wconf 58' lang='lat' dir='ltr'>“um</span> <span class='ocrx_word' id='word_1_378' title='bbox 1035 3041 1245 3110; x_wconf 55' lang='lat' dir='ltr'>fastum</span> <span class='ocrx_word' id='word_1_379' title='bbox 1271 3038 1601 3109; x_wconf 59' lang='grc' dir='ltr'>ἀερνωδθνίί</span> <span class='ocrx_word' id='word_1_380' title='bbox 1622 3038 1948 3102; x_wconf 60' lang='lat' dir='ltr'>imperator&#39;</span> <span class='ocrx_word' id='word_1_381' title='bbox 2348 3038 2859 3142; x_wconf 49' lang='lat' dir='ltr'>spectant,quibu’s</span> <span class='ocrx_word' id='word_1_382' title='bbox 2892 3073 3099 3127; x_wconf 82' lang='lat' dir='ltr'>insunt</span> <span class='ocrx_word' id='word_1_383' title='bbox 3157 3038 3452 3128; x_wconf 81' lang='lat' dir='ltr'>aluminis</span> <span class='ocrx_word' id='word_1_384' title='bbox 3483 3038 3737 3130; x_wconf 36' lang='lat' dir='ltr'>fodinae.-</span> <span class='ocrx_word' id='word_1_385' title='bbox 3899 3038 4016 3133; x_wconf 65' lang='lat' dir='ltr'>ille</span> 
     </span>
    </p>
   </div>
   <div class='ocr_carea' id='block_1_33' title="bbox 647 3161 4005 3236">
    <p class='ocr_par' dir='ltr' id='par_1_33' title="bbox 647 3161 4005 3236">
     <span class='ocr_line' id='line_1_34' title="bbox 647 3161 4005 3236; baseline 0.001 -17"><span class='ocrx_word' id='word_1_386' title='bbox 647 3165 814 3220; x_wconf 85' lang='lat' dir='ltr'>Circa</span> <span class='ocrx_word' id='word_1_387' title='bbox 843 3164 956 3220; x_wconf 90' lang='lat' dir='ltr'>hoc</span> <span class='ocrx_word' id='word_1_388' title='bbox 986 3169 1220 3235; x_wconf 79' lang='lat' dir='ltr'>tempus</span> <span class='ocrx_word' id='word_1_389' title='bbox 1244 3163 1566 3234; x_wconf 75' lang='lat' dir='ltr'>imperator</span> <span class='ocrx_word' id='word_1_390' title='bbox 1583 3162 2238 3236; x_wconf 80' lang='lat' dir='ltr'>expeditioneminOre-</span> <span class='ocrx_word' id='word_1_391' title='bbox 2346 3161 2625 3216; x_wconf 82' lang='lat' dir='ltr'>habitans</span> <span class='ocrx_word' id='word_1_392' title='bbox 2658 3178 2792 3216; x_wconf 89' lang='lat' dir='ltr'>cum</span> <span class='ocrx_word' id='word_1_393' title='bbox 2827 3162 2936 3216; x_wconf 91' lang='lat' dir='ltr'>sibi</span> <span class='ocrx_word' id='word_1_394' title='bbox 2968 3162 3235 3233; x_wconf 87' lang='lat' dir='ltr'>subjecta</span> <span class='ocrx_word' id='word_1_395' title='bbox 3255 3180 3566 3235; x_wconf 86' lang='lat' dir='ltr'>operarum</span> <span class='ocrx_word' id='word_1_396' title='bbox 3612 3165 4005 3222; x_wconf 82' lang='lat' dir='ltr'>multitudine</span> 
     </span>
    </p>
   </div>
   <div class='ocr_carea' id='block_1_34' title="bbox 579 3251 4011 3334">
    <p class='ocr_par' dir='ltr' id='par_1_34' title="bbox 579 3251 4011 3334">
     <span class='ocr_line' id='line_1_35' title="bbox 579 3251 4011 3334; baseline 0 -23"><span class='ocrx_word' id='word_1_397' title='bbox 579 3255 830 3312; x_wconf 87' lang='lat' dir='ltr'>stiadem</span> <span class='ocrx_word' id='word_1_398' title='bbox 889 3254 1207 3319; x_wconf 89' lang='lat' dir='ltr'>adornans,</span> <span class='ocrx_word' id='word_1_399' title='bbox 1263 3251 1664 3308; x_wconf 89' lang='lat' dir='ltr'>Genuensium</span> <span class='ocrx_word' id='word_1_400' title='bbox 1727 3269 1855 3308; x_wconf 89' lang='lat' dir='ltr'>sese</span> <span class='ocrx_word' id='word_1_401' title='bbox 1917 3252 2311 3334; x_wconf 73' lang='lat' dir='ltr'>insolenterc</span> <span class='ocrx_word' id='word_1_402' title='bbox 2345 3251 2637 3306; x_wconf 80' lang='lat' dir='ltr'>indefessa</span> <span class='ocrx_word' id='word_1_403' title='bbox 2671 3251 2978 3306; x_wconf 78' lang='lat' dir='ltr'>laborabat</span> <span class='ocrx_word' id='word_1_404' title='bbox 3021 3253 3279 3307; x_wconf 88' lang='lat' dir='ltr'>eruenda</span> <span class='ocrx_word' id='word_1_405' title='bbox 3335 3253 3836 3324; x_wconf 85' lang='lat' dir='ltr'>distrahendaque</span> <span class='ocrx_word' id='word_1_406' title='bbox 3893 3256 4011 3312; x_wconf 88' lang='lat' dir='ltr'>ista</span> 
     </span>
    </p>
   </div>
   <div class='ocr_carea' id='block_1_35' title="bbox 575 3340 4012 3412">
    <p class='ocr_par' dir='ltr' id='par_1_35' title="bbox 575 3340 4012 3412">
     <span class='ocr_line' id='line_1_36' title="bbox 575 3340 4012 3412; baseline -0.001 -12"><span class='ocrx_word' id='word_1_407' title='bbox 575 3343 944 3401; x_wconf 73' lang='lat' dir='ltr'>efferentium</span> <span class='ocrx_word' id='word_1_408' title='bbox 970 3342 1187 3398; x_wconf 81' lang='lat' dir='ltr'>fastum</span> <span class='ocrx_word' id='word_1_409' title='bbox 1221 3341 1550 3412; x_wconf 89' lang='lat' dir='ltr'>deprimere</span> <span class='ocrx_word' id='word_1_410' title='bbox 1569 3341 1898 3397; x_wconf 86' lang='lat' dir='ltr'>constituit.</span> <span class='ocrx_word' id='word_1_411' title='bbox 1935 3341 2036 3395; x_wconf 90' lang='lat' dir='ltr'>His</span> <span class='ocrx_word' id='word_1_412' title='bbox 2063 3346 2235 3396; x_wconf 88' lang='lat' dir='ltr'>antea</span> <span class='ocrx_word' id='word_1_413' title='bbox 2348 3355 2538 3394; x_wconf 80' lang='lat' dir='ltr'>merce</span> <span class='ocrx_word' id='word_1_414' title='bbox 2567 3357 2579 3405; x_wconf 89' lang='lat'><strong>;</strong></span> <span class='ocrx_word' id='word_1_415' title='bbox 2624 3356 2690 3394; x_wconf 91' lang='lat' dir='ltr'>ac</span> <span class='ocrx_word' id='word_1_416' title='bbox 2712 3356 2844 3394; x_wconf 89' lang='lat' dir='ltr'>cum</span> <span class='ocrx_word' id='word_1_417' title='bbox 2877 3340 3009 3395; x_wconf 92' lang='lat' dir='ltr'>inde</span> <span class='ocrx_word' id='word_1_418' title='bbox 3039 3340 3363 3411; x_wconf 91' lang='lat' dir='ltr'>plurimum</span> <span class='ocrx_word' id='word_1_419' title='bbox 3397 3343 3799 3412; x_wconf 74' lang='lat' dir='ltr'>congessissst</span> <span class='ocrx_word' id='word_1_420' title='bbox 3833 3343 4012 3408; x_wconf 90' lang='lat' dir='ltr'>lucri,</span> 
     </span>
    </p>
   </div>
   <div class='ocr_carea' id='block_1_36' title="bbox 575 3429 4009 3505">
    <p class='ocr_par' dir='ltr' id='par_1_36' title="bbox 575 3429 4009 3505">
     <span class='ocr_line' id='line_1_37' title="bbox 575 3429 4009 3505; baseline 0 -17"><span class='ocrx_word' id='word_1_421' title='bbox 575 3434 811 3505; x_wconf 90' lang='lat' dir='ltr'>quidem</span> <span class='ocrx_word' id='word_1_422' title='bbox 835 3432 1034 3488; x_wconf 85' lang='lat' dir='ltr'>Veneti</span> <span class='ocrx_word' id='word_1_423' title='bbox 1058 3430 1213 3486; x_wconf 90' lang='lat' dir='ltr'>baud</span> <span class='ocrx_word' id='word_1_424' title='bbox 1239 3430 1414 3486; x_wconf 89' lang='lat' dir='ltr'>dubie</span> <span class='ocrx_word' id='word_1_425' title='bbox 1439 3431 1883 3502; x_wconf 66' lang='lat' dir='ltr'>praecelluerant</span> <span class='ocrx_word' id='word_1_426' title='bbox 1899 3430 2110 3502; x_wconf 91' lang='lat' dir='ltr'>opibus</span> <span class='ocrx_word' id='word_1_427' title='bbox 2125 3448 2231 3487; x_wconf 85' lang='lat' dir='ltr'>cae-</span> <span class='ocrx_word' id='word_1_428' title='bbox 2342 3433 2540 3501; x_wconf 91' lang='lat' dir='ltr'>gustu,</span> <span class='ocrx_word' id='word_1_429' title='bbox 2575 3433 2640 3484; x_wconf 90' lang='lat' dir='ltr'>ut</span> <span class='ocrx_word' id='word_1_430' title='bbox 2673 3429 2760 3495; x_wconf 83' lang='lat' dir='ltr'>ﬁt,</span> <span class='ocrx_word' id='word_1_431' title='bbox 2792 3434 3056 3500; x_wconf 69' lang='lat' dir='ltr'>quaestus</span> <span class='ocrx_word' id='word_1_432' title='bbox 3087 3429 3143 3484; x_wconf 88' lang='lat' dir='ltr'>in</span> <span class='ocrx_word' id='word_1_433' title='bbox 3176 3430 3434 3503; x_wconf 89' lang='lat' dir='ltr'>amplius</span> <span class='ocrx_word' id='word_1_434' title='bbox 3480 3431 3803 3486; x_wconf 89' lang='lat' dir='ltr'>ditescendi</span> <span class='ocrx_word' id='word_1_435' title='bbox 3833 3433 4009 3489; x_wconf 86' lang='lat' dir='ltr'>sitim</span> 
     </span>
    </p>
   </div>
   <div class='ocr_carea' id='block_1_37' title="bbox 571 3519 4011 3594">
    <p class='ocr_par' dir='ltr' id='par_1_37' title="bbox 571 3519 4011 3594">
     <span class='ocr_line' id='line_1_38' title="bbox 571 3519 4011 3594; baseline 0 -17"><span class='ocrx_word' id='word_1_436' title='bbox 571 3527 814 3594; x_wconf 89' lang='lat' dir='ltr'>teroque</span> <span class='ocrx_word' id='word_1_437' title='bbox 845 3520 1178 3592; x_wconf 87' lang='lat' dir='ltr'>splendore,</span> <span class='ocrx_word' id='word_1_438' title='bbox 1211 3519 1293 3574; x_wconf 91' lang='lat' dir='ltr'>ita</span> <span class='ocrx_word' id='word_1_439' title='bbox 1353 3523 1417 3574; x_wconf 92' lang='lat' dir='ltr'>ut</span> <span class='ocrx_word' id='word_1_440' title='bbox 1475 3520 1684 3574; x_wconf 91' lang='lat' dir='ltr'>borum</span> <span class='ocrx_word' id='word_1_441' title='bbox 1735 3535 2026 3590; x_wconf 88' lang='lat' dir='ltr'>proceres,</span> <span class='ocrx_word' id='word_1_442' title='bbox 2077 3521 2232 3575; x_wconf 88' lang='lat' dir='ltr'>unde</span> <span class='ocrx_word' id='word_1_443' title='bbox 2341 3535 2623 3573; x_wconf 87' lang='lat' dir='ltr'>accensus</span> <span class='ocrx_word' id='word_1_444' title='bbox 2655 3519 2772 3573; x_wconf 87' lang='lat' dir='ltr'>voti</span> <span class='ocrx_word' id='word_1_445' title='bbox 2800 3535 2860 3573; x_wconf 90' lang='lat' dir='ltr'>se</span> <span class='ocrx_word' id='word_1_446' title='bbox 2893 3519 3071 3590; x_wconf 79' lang='lat' dir='ltr'>hujus</span> <span class='ocrx_word' id='word_1_447' title='bbox 3104 3520 3222 3574; x_wconf 84' lang='lat' dir='ltr'>fore</span> <span class='ocrx_word' id='word_1_448' title='bbox 3253 3525 3583 3591; x_wconf 87' lang='lat' dir='ltr'>compotem</span> <span class='ocrx_word' id='word_1_449' title='bbox 3617 3521 3903 3592; x_wconf 85' lang='lat' dir='ltr'>speravit,</span> <span class='ocrx_word' id='word_1_450' title='bbox 3961 3524 4011 3577; x_wconf 88' lang='lat' dir='ltr'>si</span> 
     </span>
    </p>
   </div>
   <div class='ocr_carea' id='block_1_38' title="bbox 571 3608 4009 3682">
    <p class='ocr_par' dir='ltr' id='par_1_38' title="bbox 571 3608 4009 3682">
     <span class='ocr_line' id='line_1_39' title="bbox 571 3608 4009 3682; baseline 0.001 -15"><span class='ocrx_word' id='word_1_451' title='bbox 571 3611 888 3668; x_wconf 86' lang='lat' dir='ltr'>concilium</span> <span class='ocrx_word' id='word_1_452' title='bbox 922 3609 1228 3682; x_wconf 89' lang='lat' dir='ltr'>publicum</span> <span class='ocrx_word' id='word_1_453' title='bbox 1262 3613 1319 3664; x_wconf 91' lang='lat' dir='ltr'>et</span> <span class='ocrx_word' id='word_1_454' title='bbox 1343 3609 1533 3681; x_wconf 90' lang='lat' dir='ltr'>gentis</span> <span class='ocrx_word' id='word_1_455' title='bbox 1564 3613 1806 3664; x_wconf 86' lang='lat' dir='ltr'>senatus</span> <span class='ocrx_word' id='word_1_456' title='bbox 1837 3608 2231 3678; x_wconf 88' lang='lat' dir='ltr'>constat,divi-</span> <span class='ocrx_word' id='word_1_457' title='bbox 2339 3608 2698 3678; x_wconf 81' lang='lat' dir='ltr'>benignitate</span> <span class='ocrx_word' id='word_1_458' title='bbox 2730 3609 3123 3680; x_wconf 80' lang='lat' dir='ltr'>imperatoris,</span> <span class='ocrx_word' id='word_1_459' title='bbox 3173 3626 3347 3681; x_wconf 88' lang='lat' dir='ltr'>quem</span> <span class='ocrx_word' id='word_1_460' title='bbox 3383 3611 3493 3665; x_wconf 89' lang='lat' dir='ltr'>sibi</span> <span class='ocrx_word' id='word_1_461' title='bbox 3547 3611 3842 3668; x_wconf 84' lang='lat' dir='ltr'>faventem</span> <span class='ocrx_word' id='word_1_462' title='bbox 3879 3619 4009 3669; x_wconf 88' lang='lat' dir='ltr'>erat</span> 
     </span>
    </p>
   </div>
   <div class='ocr_carea' id='block_1_39' title="bbox 573 3697 4008 3775">
    <p class='ocr_par' dir='ltr' id='par_1_39' title="bbox 573 3697 4008 3775">
     <span class='ocr_line' id='line_1_40' title="bbox 573 3697 4008 3775; baseline 0.001 -19"><span class='ocrx_word' id='word_1_463' title='bbox 573 3702 695 3766; x_wconf 90' lang='lat' dir='ltr'>tiis,</span> <span class='ocrx_word' id='word_1_464' title='bbox 731 3700 913 3756; x_wconf 90' lang='lat' dir='ltr'>armis</span> <span class='ocrx_word' id='word_1_465' title='bbox 944 3704 1001 3754; x_wconf 91' lang='lat' dir='ltr'>et</span> <span class='ocrx_word' id='word_1_466' title='bbox 1032 3699 1254 3769; x_wconf 90' lang='lat' dir='ltr'>reliquo</span> <span class='ocrx_word' id='word_1_467' title='bbox 1285 3704 1570 3770; x_wconf 89' lang='lat' dir='ltr'>apparatu</span> <span class='ocrx_word' id='word_1_468' title='bbox 1606 3698 1800 3753; x_wconf 89' lang='lat' dir='ltr'>omnis</span> <span class='ocrx_word' id='word_1_469' title='bbox 1848 3698 2079 3768; x_wconf 79' lang='lat' dir='ltr'>generis</span> <span class='ocrx_word' id='word_1_470' title='bbox 2112 3699 2227 3753; x_wconf 92' lang='lat' dir='ltr'>Ge—</span> <span class='ocrx_word' id='word_1_471' title='bbox 2337 3702 2631 3768; x_wconf 86' lang='lat' dir='ltr'>expertus,</span> <span class='ocrx_word' id='word_1_472' title='bbox 2667 3697 2917 3754; x_wconf 90' lang='lat' dir='ltr'>ulterius</span> <span class='ocrx_word' id='word_1_473' title='bbox 2977 3699 3059 3753; x_wconf 92' lang='lat' dir='ltr'>uti</span> <span class='ocrx_word' id='word_1_474' title='bbox 3115 3705 3399 3770; x_wconf 81' lang='lat' dir='ltr'>pergeret.</span> <span class='ocrx_word' id='word_1_475' title='bbox 3445 3704 3582 3755; x_wconf 90' lang='lat' dir='ltr'>Cum</span> <span class='ocrx_word' id='word_1_476' title='bbox 3613 3699 3798 3772; x_wconf 84' lang='lat' dir='ltr'>igitur</span> <span class='ocrx_word' id='word_1_477' title='bbox 3828 3720 4008 3775; x_wconf 80' lang='lat' dir='ltr'>expo-</span> 
     </span>
    </p>
   </div>
   <div class='ocr_carea' id='block_1_40' title="bbox 570 3787 4011 3863">
    <p class='ocr_par' dir='ltr' id='par_1_40' title="bbox 570 3787 4011 3863">
     <span class='ocr_line' id='line_1_41' title="bbox 570 3787 4011 3863; baseline 0 -16"><span class='ocrx_word' id='word_1_478' title='bbox 570 3790 898 3847; x_wconf 89' lang='lat' dir='ltr'>nuensibus</span> <span class='ocrx_word' id='word_1_479' title='bbox 918 3789 1090 3861; x_wconf 89' lang='lat' dir='ltr'>longe</span> <span class='ocrx_word' id='word_1_480' title='bbox 1120 3788 1479 3861; x_wconf 89' lang='lat' dir='ltr'>copiosiores</span> <span class='ocrx_word' id='word_1_481' title='bbox 1509 3791 2075 3860; x_wconf 88' lang='lat' dir='ltr'>apparerent.Causa</span> <span class='ocrx_word' id='word_1_482' title='bbox 2105 3794 2230 3844; x_wconf 89' lang='lat' dir='ltr'>erat</span> <span class='ocrx_word' id='word_1_483' title='bbox 2336 3788 2553 3842; x_wconf 86' lang='lat' dir='ltr'>suisset</span> <span class='ocrx_word' id='word_1_484' title='bbox 2584 3804 2764 3858; x_wconf 88' lang='lat' dir='ltr'>prono</span> <span class='ocrx_word' id='word_1_485' title='bbox 2784 3788 2853 3842; x_wconf 86' lang='lat' dir='ltr'>ad</span> <span class='ocrx_word' id='word_1_486' title='bbox 2886 3787 2968 3841; x_wconf 87' lang='lat' dir='ltr'>illi</span> <span class='ocrx_word' id='word_1_487' title='bbox 3004 3789 4011 3863; x_wconf 82' lang='lat' dir='ltr'>gratiﬁcandumAugustoaccom-</span> 
     </span>
    </p>
   </div>
   <div class='ocr_carea' id='block_1_41' title="bbox 567 3877 4006 3951">
    <p class='ocr_par' dir='ltr' id='par_1_41' title="bbox 567 3877 4006 3951">
     <span class='ocr_line' id='line_1_42' title="bbox 567 3877 4006 3951; baseline 0.001 -15"><span class='ocrx_word' id='word_1_488' title='bbox 567 3880 928 3949; x_wconf 66' lang='lat' dir='ltr'>differentia,</span> <span class='ocrx_word' id='word_1_489' title='bbox 961 3879 1113 3950; x_wconf 90' lang='lat' dir='ltr'>quod</span> <span class='ocrx_word' id='word_1_490' title='bbox 1165 3877 1373 3934; x_wconf 85' lang='lat' dir='ltr'>Veneti</span> <span class='ocrx_word' id='word_1_491' title='bbox 1427 3877 1560 3950; x_wconf 88' lang='lat' dir='ltr'>plus</span> <span class='ocrx_word' id='word_1_492' title='bbox 1594 3877 1739 3933; x_wconf 90' lang='lat' dir='ltr'>mari</span> <span class='ocrx_word' id='word_1_493' title='bbox 1801 3881 2124 3947; x_wconf 89' lang='lat' dir='ltr'>uterentur,</span> <span class='ocrx_word' id='word_1_494' title='bbox 2171 3883 2227 3933; x_wconf 90' lang='lat' dir='ltr'>et</span> <span class='ocrx_word' id='word_1_495' title='bbox 2336 3877 2590 3933; x_wconf 89' lang='lat' dir='ltr'>modatis</span> <span class='ocrx_word' id='word_1_496' title='bbox 2620 3877 2839 3932; x_wconf 91' lang='lat' dir='ltr'>simum</span> <span class='ocrx_word' id='word_1_497' title='bbox 2874 3878 2943 3932; x_wconf 90' lang='lat' dir='ltr'>ad</span> <span class='ocrx_word' id='word_1_498' title='bbox 2978 3879 3066 3933; x_wconf 92' lang='lat' dir='ltr'>sui</span> <span class='ocrx_word' id='word_1_499' title='bbox 3102 3879 3432 3949; x_wconf 89' lang='lat' dir='ltr'>compendii</span> <span class='ocrx_word' id='word_1_500' title='bbox 3459 3880 3905 3951; x_wconf 72' lang='lat' dir='ltr'>rationesfore,</span> <span class='ocrx_word' id='word_1_501' title='bbox 3956 3884 4006 3938; x_wconf 91' lang='lat' dir='ltr'>si</span> 
     </span>
    </p>
   </div>
   <div class='ocr_carea' id='block_1_42' title="bbox 569 3965 4004 4041">
    <p class='ocr_par' dir='ltr' id='par_1_42' title="bbox 569 3965 4004 4041">
     <span class='ocr_line' id='line_1_43' title="bbox 569 3965 4004 4041; baseline 0 -15"><span class='ocrx_word' id='word_1_502' title='bbox 569 3970 821 4026; x_wconf 85' lang='lat' dir='ltr'>navibus</span> <span class='ocrx_word' id='word_1_503' title='bbox 852 3969 1045 4041; x_wconf 84' lang='lat' dir='ltr'>longis</span> <span class='ocrx_word' id='word_1_504' title='bbox 1077 3968 1322 4023; x_wconf 88' lang='lat' dir='ltr'>assidue</span> <span class='ocrx_word' id='word_1_505' title='bbox 1353 3967 1507 4023; x_wconf 92' lang='lat' dir='ltr'>ultro</span> <span class='ocrx_word' id='word_1_506' title='bbox 1529 3967 1795 4038; x_wconf 88' lang='lat' dir='ltr'>citroque</span> <span class='ocrx_word' id='word_1_507' title='bbox 1826 3971 2223 4022; x_wconf 85' lang='lat' dir='ltr'>commeantes</span> <span class='ocrx_word' id='word_1_508' title='bbox 2335 3971 2574 4038; x_wconf 86' lang='lat' dir='ltr'>negaret</span> <span class='ocrx_word' id='word_1_509' title='bbox 2602 3967 2877 4037; x_wconf 90' lang='lat' dir='ltr'>deinceps</span> <span class='ocrx_word' id='word_1_510' title='bbox 2899 3965 3030 4022; x_wconf 89' lang='lat' dir='ltr'>aliis</span> <span class='ocrx_word' id='word_1_511' title='bbox 3053 3967 3469 4023; x_wconf 89' lang='lat' dir='ltr'>Genuensibus</span> <span class='ocrx_word' id='word_1_512' title='bbox 3511 3968 3854 4024; x_wconf 82' lang='lat' dir='ltr'>facultatem</span> <span class='ocrx_word' id='word_1_513' title='bbox 3891 3971 4004 4026; x_wconf 85' lang='lat' dir='ltr'>im—</span> 
     </span>
    </p>
   </div>
   <div class='ocr_carea' id='block_1_43' title="bbox 570 4054 4005 4132">
    <p class='ocr_par' dir='ltr' id='par_1_43' title="bbox 570 4054 4005 4132">
     <span class='ocr_line' id='line_1_44' title="bbox 570 4054 4005 4132; baseline 0 -17"><span class='ocrx_word' id='word_1_514' title='bbox 570 4057 1098 4132; x_wconf 77' lang='lat' dir='ltr'>quaastuosissimis</span> <span class='ocrx_word' id='word_1_515' title='bbox 1129 4055 1501 4112; x_wconf 86' lang='lat' dir='ltr'>commerciis</span> <span class='ocrx_word' id='word_1_516' title='bbox 1531 4057 1651 4111; x_wconf 85' lang='lat' dir='ltr'>vim</span> <span class='ocrx_word' id='word_1_517' title='bbox 1672 4055 1930 4126; x_wconf 64' lang='lat' dir='ltr'>pecunia:</span> <span class='ocrx_word' id='word_1_518' title='bbox 1950 4070 2223 4127; x_wconf 89' lang='lat' dir='ltr'>congere-</span> <span class='ocrx_word' id='word_1_519' title='bbox 2331 4055 2603 4128; x_wconf 89' lang='lat' dir='ltr'>portandi</span> <span class='ocrx_word' id='word_1_520' title='bbox 2637 4054 2874 4111; x_wconf 91' lang='lat' dir='ltr'>alumen</span> <span class='ocrx_word' id='word_1_521' title='bbox 2907 4072 2940 4110; x_wconf 90' lang='lat' dir='ltr'>a</span> <span class='ocrx_word' id='word_1_522' title='bbox 2971 4056 3376 4128; x_wconf 88' lang='lat' dir='ltr'>superioribus</span> <span class='ocrx_word' id='word_1_523' title='bbox 3409 4075 3511 4129; x_wconf 91' lang='lat' dir='ltr'>per</span> <span class='ocrx_word' id='word_1_524' title='bbox 3539 4059 3794 4114; x_wconf 89' lang='lat' dir='ltr'>Pontum</span> <span class='ocrx_word' id='word_1_525' title='bbox 3823 4061 4005 4116; x_wconf 79' lang='lat' dir='ltr'>Euxi-</span> 
     </span>
    </p>
   </div>
   <div class='ocr_carea' id='block_1_44' title="bbox 568 4145 4005 4220">
    <p class='ocr_par' dir='ltr' id='par_1_44' title="bbox 568 4145 4005 4220">
     <span class='ocr_line' id='line_1_45' title="bbox 568 4145 4005 4220; baseline 0 -15"><span class='ocrx_word' id='word_1_526' title='bbox 568 4149 880 4215; x_wconf 87' lang='lat' dir='ltr'>rent,haud</span> <span class='ocrx_word' id='word_1_527' title='bbox 915 4147 1088 4219; x_wconf 90' lang='lat' dir='ltr'>paulo</span> <span class='ocrx_word' id='word_1_528' title='bbox 1121 4147 1404 4216; x_wconf 88' lang='lat' dir='ltr'>majorem</span> <span class='ocrx_word' id='word_1_529' title='bbox 1440 4162 1614 4216; x_wconf 91' lang='lat' dir='ltr'>quam</span> <span class='ocrx_word' id='word_1_530' title='bbox 1669 4150 1952 4216; x_wconf 88' lang='lat' dir='ltr'>quantam</span> <span class='ocrx_word' id='word_1_531' title='bbox 2006 4145 2220 4200; x_wconf 90' lang='lat' dir='ltr'>lucrari</span> <span class='ocrx_word' id='word_1_532' title='bbox 2331 4163 2471 4200; x_wconf 91' lang='lat' dir='ltr'>num</span> <span class='ocrx_word' id='word_1_533' title='bbox 2507 4145 2794 4216; x_wconf 87' lang='lat' dir='ltr'>partibus,</span> <span class='ocrx_word' id='word_1_534' title='bbox 2821 4145 2955 4200; x_wconf 89' lang='lat' dir='ltr'>inde</span> <span class='ocrx_word' id='word_1_535' title='bbox 2986 4147 3280 4217; x_wconf 89' lang='lat' dir='ltr'>siquidem</span> <span class='ocrx_word' id='word_1_536' title='bbox 3325 4147 3439 4200; x_wconf 89' lang='lat' dir='ltr'>vim</span> <span class='ocrx_word' id='word_1_537' title='bbox 3465 4147 3678 4202; x_wconf 80' lang='lat' dir='ltr'>inferre</span> <span class='ocrx_word' id='word_1_538' title='bbox 3710 4165 4005 4220; x_wconf 79' lang='lat' dir='ltr'>magnam</span> 
     </span>
    </p>
   </div>
   <div class='ocr_carea' id='block_1_45' title="bbox 567 4234 4004 4311">
    <p class='ocr_par' dir='ltr' id='par_1_45' title="bbox 567 4234 4004 4311">
     <span class='ocr_line' id='line_1_46' title="bbox 567 4234 4004 4311; baseline -0 -16"><span class='ocrx_word' id='word_1_539' title='bbox 567 4238 934 4311; x_wconf 86' lang='lat' dir='ltr'>contingeret</span> <span class='ocrx_word' id='word_1_540' title='bbox 956 4236 1372 4292; x_wconf 88' lang='lat' dir='ltr'>Genuensibus</span> <span class='ocrx_word' id='word_1_541' title='bbox 1403 4235 1558 4291; x_wconf 91' lang='lat' dir='ltr'>intra</span> <span class='ocrx_word' id='word_1_542' title='bbox 1582 4235 1727 4290; x_wconf 81' lang='lat' dir='ltr'>fines</span> <span class='ocrx_word' id='word_1_543' title='bbox 1761 4235 2132 4307; x_wconf 84' lang='lat' dir='ltr'>angustiores</span> <span class='ocrx_word' id='word_1_544' title='bbox 2164 4239 2221 4290; x_wconf 91' lang='lat' dir='ltr'>et</span> <span class='ocrx_word' id='word_1_545' title='bbox 2327 4234 2411 4289; x_wconf 90' lang='lat' dir='ltr'>illi</span> <span class='ocrx_word' id='word_1_546' title='bbox 2443 4239 2866 4290; x_wconf 86' lang='lat' dir='ltr'>consueverant</span> <span class='ocrx_word' id='word_1_547' title='bbox 2897 4235 3074 4289; x_wconf 90' lang='lat' dir='ltr'>istius</span> <span class='ocrx_word' id='word_1_548' title='bbox 3105 4234 3320 4290; x_wconf 87' lang='lat' dir='ltr'>mercis</span> <span class='ocrx_word' id='word_1_549' title='bbox 3338 4235 3652 4290; x_wconf 85' lang='lat' dir='ltr'>vendibilis</span> <span class='ocrx_word' id='word_1_550' title='bbox 3675 4238 3735 4290; x_wconf 90' lang='lat' dir='ltr'>in</span> <span class='ocrx_word' id='word_1_551' title='bbox 3763 4239 4004 4309; x_wconf 85' lang='lat' dir='ltr'>primis,</span> 
     </span>
    </p>
   </div>
   <div class='ocr_carea' id='block_1_46' title="bbox 564 4322 4005 4401">
    <p class='ocr_par' dir='ltr' id='par_1_46' title="bbox 564 4322 4005 4401">
     <span class='ocr_line' id='line_1_47' title="bbox 564 4322 4005 4401; baseline -0 -17"><span class='ocrx_word' id='word_1_552' title='bbox 564 4328 736 4401; x_wconf 89' lang='lat' dir='ltr'>quasi</span> <span class='ocrx_word' id='word_1_553' title='bbox 759 4327 1032 4383; x_wconf 89' lang='lat' dir='ltr'>timidius</span> <span class='ocrx_word' id='word_1_554' title='bbox 1056 4325 1600 4397; x_wconf 85' lang='lat' dir='ltr'>negotiantibus.Ex</span> <span class='ocrx_word' id='word_1_555' title='bbox 1632 4341 1747 4395; x_wconf 94' lang='lat' dir='ltr'>quo</span> <span class='ocrx_word' id='word_1_556' title='bbox 1779 4329 1973 4379; x_wconf 90' lang='lat' dir='ltr'>autem</span> <span class='ocrx_word' id='word_1_557' title='bbox 2008 4325 2217 4379; x_wconf 84' lang='lat' dir='ltr'>Euxini</span> <span class='ocrx_word' id='word_1_558' title='bbox 2305 4324 2605 4396; x_wconf 86' lang='lat' dir='ltr'>quoniam</span> <span class='ocrx_word' id='word_1_559' title='bbox 2642 4322 2958 4395; x_wconf 84' lang='lat' dir='ltr'>plurimus,</span> <span class='ocrx_word' id='word_1_560' title='bbox 2993 4329 3164 4393; x_wconf 88' lang='lat' dir='ltr'>prout</span> <span class='ocrx_word' id='word_1_561' title='bbox 3221 4323 3513 4395; x_wconf 91' lang='lat' dir='ltr'>hodieque</span> <span class='ocrx_word' id='word_1_562' title='bbox 3542 4325 3829 4394; x_wconf 86' lang='lat' dir='ltr'>cernitur,</span> <span class='ocrx_word' id='word_1_563' title='bbox 3867 4329 4005 4397; x_wconf 85' lang='lat' dir='ltr'>ejus</span> 
     </span>
    </p>
   </div>
   <div class='ocr_carea' id='block_1_47' title="bbox 557 4409 4000 4492">
    <p class='ocr_par' dir='ltr' id='par_1_47' title="bbox 557 4409 4000 4492">
     <span class='ocr_line' id='line_1_48' title="bbox 557 4409 4000 4492; baseline -0.002 -17"><span class='ocrx_word' id='word_1_564' title='bbox 557 4423 829 4492; x_wconf 88' lang='lat' dir='ltr'>potentes</span> <span class='ocrx_word' id='word_1_565' title='bbox 861 4417 1063 4486; x_wconf 90' lang='lat' dir='ltr'>maris,</span> <span class='ocrx_word' id='word_1_566' title='bbox 1097 4417 1451 4472; x_wconf 88' lang='lat' dir='ltr'>concedente</span> <span class='ocrx_word' id='word_1_567' title='bbox 1498 4416 1869 4486; x_wconf 89' lang='lat' dir='ltr'>imperatore,</span> <span class='ocrx_word' id='word_1_568' title='bbox 1904 4415 2065 4470; x_wconf 86' lang='lat' dir='ltr'>fuere</span> <span class='ocrx_word' id='word_1_569' title='bbox 2107 4419 2212 4470; x_wconf 89' lang='lat' dir='ltr'>Gs-</span> <span class='ocrx_word' id='word_1_570' title='bbox 2326 4430 2470 4468; x_wconf 90' lang='lat' dir='ltr'>usus</span> <span class='ocrx_word' id='word_1_571' title='bbox 2500 4417 2588 4466; x_wconf 76' lang='lat' dir='ltr'>est</span> <span class='ocrx_word' id='word_1_572' title='bbox 2618 4412 2675 4465; x_wconf 91' lang='lat' dir='ltr'>in</span> <span class='ocrx_word' id='word_1_573' title='bbox 2712 4409 3664 4483; x_wconf 85' lang='lat' dir='ltr'>panniselanatextacolorevario</span> <span class='ocrx_word' id='word_1_574' title='bbox 3688 4412 4000 4482; x_wconf 86' lang='lat' dir='ltr'>fucandis,</span> 
     </span>
    </p>
   </div>
   <div class='ocr_carea' id='block_1_48' title="bbox 557 4500 3996 4578">
    <p class='ocr_par' dir='ltr' id='par_1_48' title="bbox 557 4500 3996 4578">
     <span class='ocr_line' id='line_1_49' title="bbox 557 4500 3996 4578; baseline -0.002 -13"><span class='ocrx_word' id='word_1_575' title='bbox 557 4524 814 4566; x_wconf 88' lang='lat' dir='ltr'>nuenses</span> <span class='ocrx_word' id='word_1_576' title='bbox 847 4505 1646 4578; x_wconf 84' lang='lat' dir='ltr'>cumplenalibertateatque</span> <span class='ocrx_word' id='word_1_577' title='bbox 1677 4504 2055 4560; x_wconf 90' lang='lat' dir='ltr'>immunitate</span> <span class='ocrx_word' id='word_1_578' title='bbox 2081 4522 2214 4576; x_wconf 92' lang='lat' dir='ltr'>por-</span> <span class='ocrx_word' id='word_1_579' title='bbox 2321 4501 2657 4574; x_wconf 89' lang='lat' dir='ltr'>impetravit</span> <span class='ocrx_word' id='word_1_580' title='bbox 2687 4501 2841 4572; x_wconf 89' lang='lat' dir='ltr'>quod</span> <span class='ocrx_word' id='word_1_581' title='bbox 2879 4500 3092 4567; x_wconf 89' lang='lat' dir='ltr'>voluit;</span> <span class='ocrx_word' id='word_1_582' title='bbox 3126 4506 3180 4555; x_wconf 90' lang='lat' dir='ltr'>et</span> <span class='ocrx_word' id='word_1_583' title='bbox 3214 4501 3401 4556; x_wconf 88' lang='lat' dir='ltr'>edicto</span> <span class='ocrx_word' id='word_1_584' title='bbox 3443 4503 3695 4573; x_wconf 83' lang='lat' dir='ltr'>Augusti</span> <span class='ocrx_word' id='word_1_585' title='bbox 3746 4503 3859 4558; x_wconf 89' lang='lat' dir='ltr'>rite</span> <span class='ocrx_word' id='word_1_586' title='bbox 3908 4507 3996 4559; x_wconf 88' lang='lat' dir='ltr'>si-</span> 
     </span>
    </p>
   </div>
   <div class='ocr_carea' id='block_1_49' title="bbox 552 4591 3996 4667">
    <p class='ocr_par' dir='ltr' id='par_1_49' title="bbox 552 4591 3996 4667">
     <span class='ocr_line' id='line_1_50' title="bbox 552 4591 3996 4667; baseline -0.001 -13"><span class='ocrx_word' id='word_1_587' title='bbox 552 4599 839 4654; x_wconf 88' lang='lat' dir='ltr'>toriorum</span> <span class='ocrx_word' id='word_1_588' title='bbox 872 4603 930 4653; x_wconf 89' lang='lat' dir='ltr'>et</span> <span class='ocrx_word' id='word_1_589' title='bbox 952 4594 1328 4667; x_wconf 88' lang='lat' dir='ltr'>vectigalium</span> <span class='ocrx_word' id='word_1_590' title='bbox 1361 4593 1904 4665; x_wconf 89' lang='lat' dir='ltr'>quorumvis,tanta</span> <span class='ocrx_word' id='word_1_591' title='bbox 1936 4601 1990 4648; x_wconf 92' lang='lat' dir='ltr'>et</span> <span class='ocrx_word' id='word_1_592' title='bbox 2022 4599 2208 4649; x_wconf 88' lang='lat' dir='ltr'>atten-</span> <span class='ocrx_word' id='word_1_593' title='bbox 2242 4642 2286 4667; x_wconf 60' lang='grc' dir='ltr'>η</span> <span class='ocrx_word' id='word_1_594' title='bbox 2319 4601 2492 4664; x_wconf 87' lang='lat' dir='ltr'>gnato</span> <span class='ocrx_word' id='word_1_595' title='bbox 2515 4593 2894 4648; x_wconf 89' lang='lat' dir='ltr'>interdictum</span> <span class='ocrx_word' id='word_1_596' title='bbox 2928 4608 2995 4645; x_wconf 87' lang='lat' dir='ltr'>ea</span> <span class='ocrx_word' id='word_1_597' title='bbox 3018 4591 3412 4662; x_wconf 86' lang='lat' dir='ltr'>negotiatione</span> <span class='ocrx_word' id='word_1_598' title='bbox 3435 4592 3858 4648; x_wconf 90' lang='lat' dir='ltr'>Genuensibus</span> <span class='ocrx_word' id='word_1_599' title='bbox 3884 4602 3996 4650; x_wconf 86' lang='lat' dir='ltr'>est.</span> 
     </span>
    </p>
   </div>
   <div class='ocr_carea' id='block_1_50' title="bbox 550 4642 3993 4752">
    <p class='ocr_par' dir='ltr' id='par_1_50' title="bbox 550 4642 3993 4752">
     <span class='ocr_line' id='line_1_51' title="bbox 556 4642 3993 4667; baseline -0.002 -13"><span class='ocrx_word' id='word_1_600' title='bbox 556 4642 839 4654; x_wconf 63' lang='lat' dir='ltr'>mm-..</span> <span class='ocrx_word' id='word_1_601' title='bbox 874 4642 929 4653; x_wconf 68' lang='grc' dir='ltr'>ν-</span> <span class='ocrx_word' id='word_1_602' title='bbox 962 4642 1328 4667; x_wconf 44' lang='lat' dir='ltr'>“non-..</span> <span class='ocrx_word' id='word_1_603' title='bbox 1365 4642 1904 4665; x_wconf 33' lang='grc' dir='ltr'>Ἱππ-..-Ἴωνα</span> <span class='ocrx_word' id='word_1_604' title='bbox 1939 4642 1990 4648; x_wconf 77' lang='grc'>--</span> <span class='ocrx_word' id='word_1_605' title='bbox 2023 4642 2177 4649; x_wconf 46' lang='lat' dir='ltr'>ﬂ-&quot;</span> <span class='ocrx_word' id='word_1_606' title='bbox 2320 4642 2490 4664; x_wconf 67' lang='grc' dir='ltr'>οη---</span> <span class='ocrx_word' id='word_1_607' title='bbox 2517 4642 2894 4648; x_wconf 43' lang='grc' dir='ltr'>,κω----η</span> <span class='ocrx_word' id='word_1_608' title='bbox 2934 4642 2995 4645; x_wconf 22' lang='grc' dir='ltr'>ψ-</span> <span class='ocrx_word' id='word_1_609' title='bbox 3020 4642 3408 4662; x_wconf 50' lang='lat' dir='ltr'>_-O--_m--__-</span> <span class='ocrx_word' id='word_1_610' title='bbox 3443 4642 3857 4648; x_wconf 49' lang='grc' dir='ltr'>--κη-η---</span> <span class='ocrx_word' id='word_1_611' title='bbox 3886 4642 3993 4650; x_wconf 63' lang='grc' dir='ltr'>η-.</span> 
     </span>
     <span class='ocr_line' id='line_1_52' title="bbox 550 4642 3993 4752; baseline -0.001 -8"><span class='ocrx_word' id='word_1_612' title='bbox 550 4688 712 4744; x_wconf 89' lang='lat' dir='ltr'>tione</span> <span class='ocrx_word' id='word_1_613' title='bbox 743 4691 802 4741; x_wconf 89' lang='lat' dir='ltr'>et</span> <span class='ocrx_word' id='word_1_614' title='bbox 823 4684 1174 4742; x_wconf 88' lang='lat' dir='ltr'>assiduitate</span> <span class='ocrx_word' id='word_1_615' title='bbox 1207 4684 1265 4738; x_wconf 92' lang='lat' dir='ltr'>in</span> <span class='ocrx_word' id='word_1_616' title='bbox 1300 4699 1423 4739; x_wconf 89' lang='lat' dir='ltr'>rem</span> <span class='ocrx_word' id='word_1_617' title='bbox 1457 4682 1879 4752; x_wconf 90' lang='lat' dir='ltr'>incubuere,ut</span> <span class='ocrx_word' id='word_1_618' title='bbox 1913 4698 1984 4737; x_wconf 90' lang='lat' dir='ltr'>ne</span> <span class='ocrx_word' id='word_1_619' title='bbox 2019 4683 2211 4738; x_wconf 90' lang='lat' dir='ltr'>media</span> <span class='ocrx_word' id='word_1_620' title='bbox 2242 4642 2287 4707; x_wconf 82' lang='lat' dir='ltr'><strong>D</strong></span> <span class='ocrx_word' id='word_1_621' title='bbox 2321 4685 2422 4740; x_wconf 89' lang='lat' dir='ltr'>Isti</span> <span class='ocrx_word' id='word_1_622' title='bbox 2456 4685 2711 4750; x_wconf 90' lang='lat' dir='ltr'>decreto,</span> <span class='ocrx_word' id='word_1_623' title='bbox 2745 4681 2844 4736; x_wconf 91' lang='lat' dir='ltr'>ubi</span> <span class='ocrx_word' id='word_1_624' title='bbox 2877 4681 3125 4750; x_wconf 88' lang='lat' dir='ltr'>enotuit,</span> <span class='ocrx_word' id='word_1_625' title='bbox 3169 4697 3237 4736; x_wconf 90' lang='lat' dir='ltr'>ea</span> <span class='ocrx_word' id='word_1_626' title='bbox 3281 4681 3518 4752; x_wconf 87' lang='lat' dir='ltr'>quidem</span> <span class='ocrx_word' id='word_1_627' title='bbox 3571 4681 3993 4739; x_wconf 88' lang='lat' dir='ltr'>Genuensium</span> 
     </span>
    </p>
   </div>
   <div class='ocr_carea' id='block_1_51' title="bbox 548 4770 3996 4848">
    <p class='ocr_par' dir='ltr' id='par_1_51' title="bbox 548 4770 3996 4848">
     <span class='ocr_line' id='line_1_53' title="bbox 548 4770 3996 4848; baseline -0.001 -17"><span class='ocrx_word' id='word_1_628' title='bbox 548 4777 788 4848; x_wconf 89' lang='lat' dir='ltr'>quidem</span> <span class='ocrx_word' id='word_1_629' title='bbox 814 4776 1006 4831; x_wconf 89' lang='lat' dir='ltr'>hieme</span> <span class='ocrx_word' id='word_1_630' title='bbox 1021 4773 1787 4830; x_wconf 72' lang='lat' dir='ltr'>420dubitaremPontum</span> <span class='ocrx_word' id='word_1_631' title='bbox 1811 4774 2207 4844; x_wconf 84' lang='lat' dir='ltr'>transfretare,</span> <span class='ocrx_word' id='word_1_632' title='bbox 2321 4790 2480 4845; x_wconf 88' lang='lat' dir='ltr'>pars,</span> <span class='ocrx_word' id='word_1_633' title='bbox 2516 4790 2644 4843; x_wconf 71' lang='lat' dir='ltr'>quae</span> <span class='ocrx_word' id='word_1_634' title='bbox 2675 4770 3043 4826; x_wconf 88' lang='lat' dir='ltr'>domicilium</span> <span class='ocrx_word' id='word_1_635' title='bbox 3094 4770 3602 4842; x_wconf 88' lang='lat' dir='ltr'>Constantinopoli</span> <span class='ocrx_word' id='word_1_636' title='bbox 3636 4770 3905 4828; x_wconf 89' lang='lat' dir='ltr'>habebat</span> <span class='ocrx_word' id='word_1_637' title='bbox 3936 4778 3996 4828; x_wconf 86' lang='lat' dir='ltr'>et</span> 
     </span>
    </p>
   </div>
   <div class='ocr_carea' id='block_1_52' title="bbox 549 4858 3989 4936">
    <p class='ocr_par' dir='ltr' id='par_1_52' title="bbox 549 4858 3989 4936">
     <span class='ocr_line' id='line_1_54' title="bbox 549 4858 3989 4936; baseline -0.001 -14"><span class='ocrx_word' id='word_1_638' title='bbox 549 4872 779 4923; x_wconf 78' lang='lat' dir='ltr'>utentes</span> <span class='ocrx_word' id='word_1_639' title='bbox 813 4866 882 4922; x_wconf 90' lang='lat' dir='ltr'>ad</span> <span class='ocrx_word' id='word_1_640' title='bbox 917 4866 975 4920; x_wconf 91' lang='lat' dir='ltr'>id</span> <span class='ocrx_word' id='word_1_641' title='bbox 1009 4881 1125 4920; x_wconf 92' lang='lat' dir='ltr'>non</span> <span class='ocrx_word' id='word_1_642' title='bbox 1155 4863 1392 4936; x_wconf 85' lang='lat' dir='ltr'>penitus</span> <span class='ocrx_word' id='word_1_643' title='bbox 1423 4862 1716 4931; x_wconf 89' lang='lat' dir='ltr'>rotundis,</span> <span class='ocrx_word' id='word_1_644' title='bbox 1761 4862 1858 4918; x_wconf 91' lang='lat' dir='ltr'>sed</span> <span class='ocrx_word' id='word_1_645' title='bbox 1896 4867 2208 4919; x_wconf 74' lang='lat' dir='ltr'>contractae</span> <span class='ocrx_word' id='word_1_646' title='bbox 2319 4865 2456 4920; x_wconf 89' lang='lat' dir='ltr'>sede</span> <span class='ocrx_word' id='word_1_647' title='bbox 2489 4863 2859 4918; x_wconf 80' lang='lat' dir='ltr'>fortunarum</span> <span class='ocrx_word' id='word_1_648' title='bbox 2883 4860 3007 4929; x_wconf 90' lang='lat' dir='ltr'>jam</span> <span class='ocrx_word' id='word_1_649' title='bbox 3057 4858 3175 4913; x_wconf 91' lang='lat' dir='ltr'>illic</span> <span class='ocrx_word' id='word_1_650' title='bbox 3228 4860 3551 4915; x_wconf 83' lang='lat' dir='ltr'>constituta</span> <span class='ocrx_word' id='word_1_651' title='bbox 3608 4877 3724 4915; x_wconf 93' lang='lat' dir='ltr'>non</span> <span class='ocrx_word' id='word_1_652' title='bbox 3791 4861 3989 4917; x_wconf 88' lang='lat' dir='ltr'>alium</span> 
     </span>
    </p>
   </div>
   <div class='ocr_carea' id='block_1_53' title="bbox 545 4947 3994 5030">
    <p class='ocr_par' dir='ltr' id='par_1_53' title="bbox 545 4947 3994 5030">
     <span class='ocr_line' id='line_1_55' title="bbox 545 4947 3994 5030; baseline -0.002 -18"><span class='ocrx_word' id='word_1_653' title='bbox 545 4956 936 5030; x_wconf 89' lang='lat' dir='ltr'>longitudinis</span> <span class='ocrx_word' id='word_1_654' title='bbox 968 4954 1405 5025; x_wconf 85' lang='lat' dir='ltr'>navibus,quas</span> <span class='ocrx_word' id='word_1_655' title='bbox 1435 4953 1549 5024; x_wconf 90' lang='lat' dir='ltr'>ipsi</span> <span class='ocrx_word' id='word_1_656' title='bbox 1572 4952 1804 5007; x_wconf 89' lang='lat' dir='ltr'>Taritas</span> <span class='ocrx_word' id='word_1_657' title='bbox 1836 4957 2064 5007; x_wconf 89' lang='lat' dir='ltr'>vocant.</span> <span class='ocrx_word' id='word_1_658' title='bbox 2090 4952 2206 5008; x_wconf 90' lang='lat' dir='ltr'>Hac</span> <span class='ocrx_word' id='word_1_659' title='bbox 2317 4953 2453 5007; x_wconf 90' lang='lat' dir='ltr'>alibi</span> <span class='ocrx_word' id='word_1_660' title='bbox 2490 4951 2718 5021; x_wconf 89' lang='lat' dir='ltr'>uspiam</span> <span class='ocrx_word' id='word_1_661' title='bbox 2743 4954 3040 5019; x_wconf 85' lang='lat' dir='ltr'>receptum</span> <span class='ocrx_word' id='word_1_662' title='bbox 3065 4964 3125 5002; x_wconf 88' lang='lat' dir='ltr'>se</span> <span class='ocrx_word' id='word_1_663' title='bbox 3143 4947 3360 5002; x_wconf 89' lang='lat' dir='ltr'>habere</span> <span class='ocrx_word' id='word_1_664' title='bbox 3378 4947 3994 5020; x_wconf 82' lang='lat' dir='ltr'>sentiebat,refragari</span> 
     </span>
    </p>
   </div>
   <div class='ocr_carea' id='block_1_54' title="bbox 542 5037 3986 5116">
    <p class='ocr_par' dir='ltr' id='par_1_54' title="bbox 542 5037 3986 5116">
     <span class='ocr_line' id='line_1_56' title="bbox 542 5037 3986 5116; baseline -0.002 -13"><span class='ocrx_word' id='word_1_665' title='bbox 542 5048 627 5104; x_wconf 92' lang='lat' dir='ltr'>illi</span> <span class='ocrx_word' id='word_1_666' title='bbox 657 5046 1006 5104; x_wconf 85' lang='lat' dir='ltr'>strenuitate</span> <span class='ocrx_word' id='word_1_667' title='bbox 1025 5061 1092 5100; x_wconf 93' lang='lat' dir='ltr'>ac</span> <span class='ocrx_word' id='word_1_668' title='bbox 1114 5043 1424 5116; x_wconf 89' lang='lat' dir='ltr'>diligentia</span> <span class='ocrx_word' id='word_1_669' title='bbox 1445 5059 1559 5097; x_wconf 92' lang='lat' dir='ltr'>non</span> <span class='ocrx_word' id='word_1_670' title='bbox 1586 5041 1759 5096; x_wconf 90' lang='lat' dir='ltr'>modo</span> <span class='ocrx_word' id='word_1_671' title='bbox 1778 5041 2058 5096; x_wconf 85' lang='lat' dir='ltr'>Romanis</span> <span class='ocrx_word' id='word_1_672' title='bbox 2078 5057 2203 5097; x_wconf 85' lang='lat' dir='ltr'>ma-</span> <span class='ocrx_word' id='word_1_673' title='bbox 2315 5040 2655 5097; x_wconf 89' lang='lat' dir='ltr'>auctoritati</span> <span class='ocrx_word' id='word_1_674' title='bbox 2688 5037 2996 5111; x_wconf 88' lang='lat' dir='ltr'>principis,</span> <span class='ocrx_word' id='word_1_675' title='bbox 3031 5037 3089 5090; x_wconf 92' lang='lat' dir='ltr'>in</span> <span class='ocrx_word' id='word_1_676' title='bbox 3123 5037 3296 5106; x_wconf 86' lang='lat' dir='ltr'>cujus</span> <span class='ocrx_word' id='word_1_677' title='bbox 3327 5037 3580 5092; x_wconf 90' lang='lat' dir='ltr'>dictione</span> <span class='ocrx_word' id='word_1_678' title='bbox 3601 5038 3850 5106; x_wconf 85' lang='lat' dir='ltr'>viveret,</span> <span class='ocrx_word' id='word_1_679' title='bbox 3872 5057 3986 5095; x_wconf 92' lang='lat' dir='ltr'>non</span> 
     </span>
    </p>
   </div>
   <div class='ocr_carea' id='block_1_55' title="bbox 540 5125 3986 5206">
    <p class='ocr_par' dir='ltr' id='par_1_55' title="bbox 540 5125 3986 5206">
     <span class='ocr_line' id='line_1_57' title="bbox 540 5125 3986 5206; baseline -0.002 -13"><span class='ocrx_word' id='word_1_680' title='bbox 540 5137 750 5194; x_wconf 72' lang='lat' dir='ltr'>ritimaa</span> <span class='ocrx_word' id='word_1_681' title='bbox 789 5133 1209 5206; x_wconf 88' lang='lat' dir='ltr'>negotiationis</span> <span class='ocrx_word' id='word_1_682' title='bbox 1241 5132 1366 5190; x_wconf 83' lang='lat' dir='ltr'>vias</span> <span class='ocrx_word' id='word_1_683' title='bbox 1397 5147 1604 5188; x_wconf 89' lang='lat' dir='ltr'>omnes</span> <span class='ocrx_word' id='word_1_684' title='bbox 1638 5130 2041 5201; x_wconf 89' lang='lat' dir='ltr'>interclusere,</span> <span class='ocrx_word' id='word_1_685' title='bbox 2079 5132 2202 5186; x_wconf 82' lang='lat' dir='ltr'>fru-</span> <span class='ocrx_word' id='word_1_686' title='bbox 2312 5130 2611 5198; x_wconf 87' lang='lat' dir='ltr'>ausa,talis</span> <span class='ocrx_word' id='word_1_687' title='bbox 2632 5125 3254 5199; x_wconf 84' lang='lat' dir='ltr'>deincepsinvectione</span> <span class='ocrx_word' id='word_1_688' title='bbox 3277 5126 3644 5182; x_wconf 89' lang='lat' dir='ltr'>mercimonii</span> <span class='ocrx_word' id='word_1_689' title='bbox 3663 5129 3821 5185; x_wconf 71' lang='grc'>421</span> <span class='ocrx_word' id='word_1_690' title='bbox 3843 5130 3986 5186; x_wconf 89' lang='lat' dir='ltr'>abs-</span> 
     </span>
    </p>
   </div>
   <div class='ocr_carea' id='block_1_56' title="bbox 537 5215 3982 5299">
    <p class='ocr_par' dir='ltr' id='par_1_56' title="bbox 537 5215 3982 5299">
     <span class='ocr_line' id='line_1_58' title="bbox 537 5215 3982 5299; baseline -0.003 -15"><span class='ocrx_word' id='word_1_691' title='bbox 537 5232 818 5299; x_wconf 91' lang='lat' dir='ltr'>ctumque</span> <span class='ocrx_word' id='word_1_692' title='bbox 868 5225 1188 5280; x_wconf 89' lang='lat' dir='ltr'>aclucrum</span> <span class='ocrx_word' id='word_1_693' title='bbox 1223 5224 1293 5278; x_wconf 90' lang='lat' dir='ltr'>ad</span> <span class='ocrx_word' id='word_1_694' title='bbox 1329 5238 1390 5279; x_wconf 90' lang='lat' dir='ltr'>se</span> <span class='ocrx_word' id='word_1_695' title='bbox 1423 5227 1650 5277; x_wconf 84' lang='lat' dir='ltr'>traxere</span> <span class='ocrx_word' id='word_1_696' title='bbox 1680 5221 1906 5276; x_wconf 87' lang='lat' dir='ltr'>navalis</span> <span class='ocrx_word' id='word_1_697' title='bbox 1940 5222 2198 5277; x_wconf 87' lang='lat' dir='ltr'>universi</span> <span class='ocrx_word' id='word_1_698' title='bbox 2309 5222 2488 5276; x_wconf 88' lang='lat' dir='ltr'>tinuit</span> <span class='ocrx_word' id='word_1_699' title='bbox 2546 5219 2811 5288; x_wconf 85' lang='lat' dir='ltr'>obnoxie,</span> <span class='ocrx_word' id='word_1_700' title='bbox 2871 5215 3172 5270; x_wconf 90' lang='lat' dir='ltr'>mandatis</span> <span class='ocrx_word' id='word_1_701' title='bbox 3232 5217 3606 5287; x_wconf 81' lang='lat' dir='ltr'>imperatoris</span> <span class='ocrx_word' id='word_1_702' title='bbox 3661 5218 3982 5292; x_wconf 88' lang='lat' dir='ltr'>obtempe-</span> 
     </span>
    </p>
   </div>
   <div class='ocr_carea' id='block_1_57' title="bbox 533 5305 3984 5378">
    <p class='ocr_par' dir='ltr' id='par_1_57' title="bbox 533 5305 3984 5378">
     <span class='ocr_line' id='line_1_59' title="bbox 533 5305 3984 5378; baseline -0.002 -4"><span class='ocrx_word' id='word_1_703' title='bbox 533 5316 872 5375; x_wconf 88' lang='lat' dir='ltr'>commercii</span> <span class='ocrx_word' id='word_1_704' title='bbox 907 5333 920 5371; x_wconf 88' lang='lat'>:</span> <span class='ocrx_word' id='word_1_705' title='bbox 956 5332 1159 5372; x_wconf 91' lang='lat' dir='ltr'>verum</span> <span class='ocrx_word' id='word_1_706' title='bbox 1213 5313 1390 5370; x_wconf 84' lang='lat' dir='ltr'>etiam</span> <span class='ocrx_word' id='word_1_707' title='bbox 1451 5313 1508 5367; x_wconf 79' lang='lat' dir='ltr'>id</span> <span class='ocrx_word' id='word_1_708' title='bbox 1562 5311 1859 5367; x_wconf 90' lang='lat' dir='ltr'>consecuti</span> <span class='ocrx_word' id='word_1_709' title='bbox 1920 5315 2082 5377; x_wconf 89' lang='lat' dir='ltr'>sunt,</span> <span class='ocrx_word' id='word_1_710' title='bbox 2131 5317 2197 5367; x_wconf 93' lang='lat' dir='ltr'>ut</span> <span class='ocrx_word' id='word_1_711' title='bbox 2306 5327 2464 5364; x_wconf 87' lang='lat' dir='ltr'>rans.</span> <span class='ocrx_word' id='word_1_712' title='bbox 2487 5309 2703 5364; x_wconf 90' lang='lat' dir='ltr'>Verum</span> <span class='ocrx_word' id='word_1_713' title='bbox 2739 5305 3106 5378; x_wconf 89' lang='lat' dir='ltr'>aliiquidam</span> <span class='ocrx_word' id='word_1_714' title='bbox 3130 5321 3198 5360; x_wconf 88' lang='lat' dir='ltr'>ex</span> <span class='ocrx_word' id='word_1_715' title='bbox 3229 5321 3296 5360; x_wconf 90' lang='lat' dir='ltr'>ea</span> <span class='ocrx_word' id='word_1_716' title='bbox 3321 5311 3495 5376; x_wconf 87' lang='lat' dir='ltr'>gente</span> <span class='ocrx_word' id='word_1_717' title='bbox 3527 5307 3832 5365; x_wconf 86' lang='lat' dir='ltr'>domicilia</span> <span class='ocrx_word' id='word_1_718' title='bbox 3866 5310 3984 5366; x_wconf 88' lang='lat' dir='ltr'>Gc-</span> 
     </span>
    </p>
   </div>
   <div class='ocr_carea' id='block_1_58' title="bbox 527 5395 3981 5480">
    <p class='ocr_par' dir='ltr' id='par_1_58' title="bbox 527 5395 3981 5480">
     <span class='ocr_line' id='line_1_60' title="bbox 527 5395 3981 5480; baseline -0.003 -15"><span class='ocrx_word' id='word_1_719' title='bbox 527 5424 776 5465; x_wconf 89' lang='lat' dir='ltr'>numero</span> <span class='ocrx_word' id='word_1_720' title='bbox 807 5407 1098 5480; x_wconf 69' lang='lat' dir='ltr'>pecuniae,</span> <span class='ocrx_word' id='word_1_721' title='bbox 1131 5413 1186 5461; x_wconf 91' lang='lat' dir='ltr'>el</span> <span class='ocrx_word' id='word_1_722' title='bbox 1220 5405 1376 5477; x_wconf 93' lang='lat' dir='ltr'>quod</span> <span class='ocrx_word' id='word_1_723' title='bbox 1432 5403 1570 5458; x_wconf 90' lang='lat' dir='ltr'>inde</span> <span class='ocrx_word' id='word_1_724' title='bbox 1612 5401 1962 5474; x_wconf 86' lang='lat' dir='ltr'>plerumque</span> <span class='ocrx_word' id='word_1_725' title='bbox 1993 5418 2193 5458; x_wconf 90' lang='lat' dir='ltr'>conse-</span> <span class='ocrx_word' id='word_1_726' title='bbox 2304 5418 2437 5455; x_wconf 68' lang='lat' dir='ltr'>nues</span> <span class='ocrx_word' id='word_1_727' title='bbox 2460 5396 3113 5469; x_wconf 71' lang='lat' dir='ltr'>babentes,praascripto</span> <span class='ocrx_word' id='word_1_728' title='bbox 3148 5395 3707 5467; x_wconf 84' lang='lat' dir='ltr'>imperatorisnibili</span> <span class='ocrx_word' id='word_1_729' title='bbox 3743 5399 3981 5468; x_wconf 86' lang='lat' dir='ltr'>habito,</span> 
     </span>
    </p>
   </div>
   <div class='ocr_carea' id='block_1_59' title="bbox 525 5486 3980 5572">
    <p class='ocr_par' dir='ltr' id='par_1_59' title="bbox 525 5486 3980 5572">
     <span class='ocr_line' id='line_1_61' title="bbox 525 5486 3980 5572; baseline -0.003 -18"><span class='ocrx_word' id='word_1_730' title='bbox 525 5501 750 5572; x_wconf 78' lang='lat' dir='ltr'>quitur,</span> <span class='ocrx_word' id='word_1_731' title='bbox 774 5496 936 5553; x_wconf 91' lang='lat' dir='ltr'>cultu</span> <span class='ocrx_word' id='word_1_732' title='bbox 965 5513 1031 5552; x_wconf 89' lang='lat' dir='ltr'>ac</span> <span class='ocrx_word' id='word_1_733' title='bbox 1065 5495 1201 5551; x_wconf 82' lang='lat' dir='ltr'>luxu</span> <span class='ocrx_word' id='word_1_734' title='bbox 1237 5497 1484 5550; x_wconf 90' lang='lat' dir='ltr'>ornatus</span> <span class='ocrx_word' id='word_1_735' title='bbox 1515 5492 1661 5548; x_wconf 92' lang='lat' dir='ltr'>varii</span> <span class='ocrx_word' id='word_1_736' title='bbox 1706 5508 2045 5563; x_wconf 91' lang='lat' dir='ltr'>pompaque</span> <span class='ocrx_word' id='word_1_737' title='bbox 2077 5494 2191 5547; x_wconf 83' lang='lat' dir='ltr'>do-</span> <span class='ocrx_word' id='word_1_738' title='bbox 2302 5486 3980 5558; x_wconf 64' lang='lat' dir='ltr'>fabricatinavemingentemrotundeformaaonerariam.</span> 
     </span>
    </p>
   </div>
   <div class='ocr_carea' id='block_1_60' title="bbox 521 5574 3979 5660">
    <p class='ocr_par' dir='ltr' id='par_1_60' title="bbox 521 5574 3979 5660">
     <span class='ocr_line' id='line_1_62' title="bbox 521 5574 3979 5660; baseline -0.004 -13"><span class='ocrx_word' id='word_1_739' title='bbox 521 5589 766 5647; x_wconf 88' lang='lat' dir='ltr'>mestica</span> <span class='ocrx_word' id='word_1_740' title='bbox 791 5587 1069 5660; x_wconf 67' lang='lat' dir='ltr'>speciosae</span> <span class='ocrx_word' id='word_1_741' title='bbox 1102 5585 1490 5658; x_wconf 79' lang='lat' dir='ltr'>pretiosaeque</span> <span class='ocrx_word' id='word_1_742' title='bbox 1517 5580 1906 5653; x_wconf 90' lang='lat' dir='ltr'>supellectilis</span> <span class='ocrx_word' id='word_1_743' title='bbox 1938 5585 2191 5639; x_wconf 85' lang='lat' dir='ltr'>Venetos</span> <span class='ocrx_word' id='word_1_744' title='bbox 2298 5598 2330 5636; x_wconf 90' lang='lat' dir='ltr'>e</span> <span class='ocrx_word' id='word_1_745' title='bbox 2382 5579 2617 5651; x_wconf 85' lang='lat' dir='ltr'>prOprio</span> <span class='ocrx_word' id='word_1_746' title='bbox 2651 5578 2944 5632; x_wconf 89' lang='lat' dir='ltr'>solventes</span> <span class='ocrx_word' id='word_1_747' title='bbox 3001 5579 3170 5646; x_wconf 89' lang='lat' dir='ltr'>portu</span> <span class='ocrx_word' id='word_1_748' title='bbox 3200 5580 3259 5629; x_wconf 89' lang='lat' dir='ltr'>et</span> <span class='ocrx_word' id='word_1_749' title='bbox 3292 5574 3350 5629; x_wconf 90' lang='lat' dir='ltr'>in</span> <span class='ocrx_word' id='word_1_750' title='bbox 3408 5575 3731 5632; x_wconf 79' lang='lat' dir='ltr'>Thracium</span> <span class='ocrx_word' id='word_1_751' title='bbox 3785 5580 3979 5635; x_wconf 84' lang='lat' dir='ltr'>evecti</span> 
     </span>
    </p>
   </div>
   <div class='ocr_carea' id='block_1_61' title="bbox 508 5665 3975 5753">
    <p class='ocr_par' dir='ltr' id='par_1_61' title="bbox 508 5665 3975 5753">
     <span class='ocr_line' id='line_1_63' title="bbox 508 5665 3975 5753; baseline -0.003 -18"><span class='ocrx_word' id='word_1_752' title='bbox 508 5681 636 5753; x_wconf 90' lang='lat' dir='ltr'>jam</span> <span class='ocrx_word' id='word_1_753' title='bbox 669 5679 830 5751; x_wconf 88' lang='lat' dir='ltr'>ipsos</span> <span class='ocrx_word' id='word_1_754' title='bbox 862 5681 996 5748; x_wconf 85' lang='lat' dir='ltr'>post</span> <span class='ocrx_word' id='word_1_755' title='bbox 1025 5692 1088 5732; x_wconf 91' lang='lat' dir='ltr'>se</span> <span class='ocrx_word' id='word_1_756' title='bbox 1121 5674 1544 5746; x_wconf 86' lang='lat' dir='ltr'>relinquerent.</span> <span class='ocrx_word' id='word_1_757' title='bbox 1577 5671 1728 5727; x_wconf 88' lang='lat' dir='ltr'>Hinc</span> <span class='ocrx_word' id='word_1_758' title='bbox 1763 5688 1925 5727; x_wconf 90' lang='lat' dir='ltr'>more</span> <span class='ocrx_word' id='word_1_759' title='bbox 1961 5673 2184 5744; x_wconf 79' lang='lat' dir='ltr'>ingenii</span> <span class='ocrx_word' id='word_1_760' title='bbox 2297 5672 2619 5743; x_wconf 88' lang='lat' dir='ltr'>Bosporum</span> <span class='ocrx_word' id='word_1_761' title='bbox 2657 5684 2759 5740; x_wconf 88' lang='lat' dir='ltr'>per</span> <span class='ocrx_word' id='word_1_762' title='bbox 2781 5667 2946 5722; x_wconf 90' lang='lat' dir='ltr'>Ponti</span> <span class='ocrx_word' id='word_1_763' title='bbox 3001 5667 3200 5720; x_wconf 88' lang='lat' dir='ltr'>lauces</span> <span class='ocrx_word' id='word_1_764' title='bbox 3249 5665 3308 5719; x_wconf 89' lang='lat' dir='ltr'>in</span> <span class='ocrx_word' id='word_1_765' title='bbox 3362 5666 3654 5722; x_wconf 81' lang='lat' dir='ltr'>Euxinum</span> <span class='ocrx_word' id='word_1_766' title='bbox 3689 5676 3975 5740; x_wconf 87' lang='lat' dir='ltr'>penetra-</span> 
     </span>
    </p>
   </div>
   <div class='ocr_carea' id='block_1_62' title="bbox 512 5753 3973 5842">
    <p class='ocr_par' dir='ltr' id='par_1_62' title="bbox 512 5753 3973 5842">
     <span class='ocr_line' id='line_1_64' title="bbox 512 5753 3973 5842; baseline -0.003 -14"><span class='ocrx_word' id='word_1_767' title='bbox 512 5769 764 5828; x_wconf 87' lang='lat' dir='ltr'>humani</span> <span class='ocrx_word' id='word_1_768' title='bbox 793 5767 1040 5842; x_wconf 89' lang='lat' dir='ltr'>contigit</span> <span class='ocrx_word' id='word_1_769' title='bbox 1071 5766 1217 5840; x_wconf 89' lang='lat' dir='ltr'>ipsis</span> <span class='ocrx_word' id='word_1_770' title='bbox 1257 5765 1463 5823; x_wconf 78' lang='lat' dir='ltr'>elferre</span> <span class='ocrx_word' id='word_1_771' title='bbox 1512 5781 1641 5822; x_wconf 89' lang='lat' dir='ltr'>sese</span> <span class='ocrx_word' id='word_1_772' title='bbox 1694 5764 2072 5837; x_wconf 82' lang='lat' dir='ltr'>arrogantius</span> <span class='ocrx_word' id='word_1_773' title='bbox 2127 5769 2185 5820; x_wconf 89' lang='lat' dir='ltr'>et</span> <span class='ocrx_word' id='word_1_774' title='bbox 2295 5765 2454 5832; x_wconf 87' lang='lat' dir='ltr'>runt,</span> <span class='ocrx_word' id='word_1_775' title='bbox 2488 5758 2650 5816; x_wconf 90' lang='lat' dir='ltr'>nulla</span> <span class='ocrx_word' id='word_1_776' title='bbox 2681 5775 2822 5814; x_wconf 85' lang='lat' dir='ltr'>cura</span> <span class='ocrx_word' id='word_1_777' title='bbox 2853 5760 2954 5812; x_wconf 88' lang='lat' dir='ltr'>aut</span> <span class='ocrx_word' id='word_1_778' title='bbox 2986 5755 3211 5811; x_wconf 89' lang='lat' dir='ltr'>ratione</span> <span class='ocrx_word' id='word_1_779' title='bbox 3242 5753 3447 5811; x_wconf 88' lang='lat' dir='ltr'>habita</span> <span class='ocrx_word' id='word_1_780' title='bbox 3467 5756 3554 5814; x_wconf 87' lang='lat' dir='ltr'>vel</span> <span class='ocrx_word' id='word_1_781' title='bbox 3581 5757 3973 5831; x_wconf 85' lang='lat' dir='ltr'>imperatoris</span> 
     </span>
    </p>
   </div>
  </div>
