4242 6438
212 394 327 451 877

1290 397 1385 452 DE
1421 396 1796 453 MICHABLE
1838 400 2287 464 PALEOLOGO
2322 411 2455 467 LIB.
2489 414 2558 467 V.

3526 423 3632 477 878

211 522 313 583 τῆς
370 514 650 591 σφετὲρας,
706 514 799 570 καὶ
857 512 924 585 δὴ
979 519 1059 587 τῷ
1116 519 1369 617 Θρᾳκικῷ
1407 516 1869 617 προσοκείλαντες
1896 523 1953 590 Α
1984 519 2088 617 λῇς
2116 529 2505 617 κατεφαίνοντο
2560 535 2685 606 ϐρη,
2742 536 2832 590 καὶ
2889 537 2957 605 ἦν
3019 540 3112 610 μὲν
3173 541 3360 603 αὐτοῖς
3418 544 3551 598 ποτὶ
3582 544 3631 617 ἐξ

217 603 486 677 Βοσπόρῳ
518 601 771 660 διέπλεον
800 604 868 658 τὰ
894 606 1050 659 στενᾶ
1091 608 1187 659 τοῦ
1238 604 1469 675 Ηόντου,
1504 607 1873 681 ἀφροντίστως

215 692 438 767 ἔχοντες
470 692 559 747 καὶ
596 691 867 768 βασιλέως
922 694 1011 747 καὶ
1069 698 1165 748 τοῦ
1224 695 1358 749 κατὰ
1401 700 1534 773 σφᾶς
1567 698 1829 765 συνήθους
1855 714 1867 728 ·

221 780 365 855 μηδὲ
420 782 525 856 γὰρ
584 782 716 836 εἶναι
770 784 861 837 τὸν
922 783 1295 859 προσίσχοντα
1347 791 1463 846 τοῖς
1519 785 1768 849 ἐνταυθοῖ
1815 786 1875 841 ἐκ

219 870 471 940 Γενούας,
523 870 650 945 πρὶν
712 869 772 926 ἄν
827 871 965 947 πρὸς
1021 878 1144 934 ταῖς
1202 874 1544 949 Βλαχὲρναις
1584 877 1875 949 γενόμενον

220 956 454 1035 βασιλέα
482 980 541 1013 τε
573 959 839 1037 εὐφημεῖν
899 962 964 1015 τὰ
1022 961 1206 1016 εἰκότα
1251 962 1341 1016 καὶ
1389 969 1733 1037 προσκυνεῖν,
1769 964 1875 1019 ἐτέ-

218 1049 357 1122 ρωθι
389 1047 696 1121 τρέπεσθαι.
745 1050 881 1106 Τότε
928 1050 1110 1105 τοίνυν
1161 1050 1357 1105 ἐκεῖνοι
1405 1050 1496 1106 καῖ
1546 1051 1717 1107 αὐτῶν
1752 1074 1876 1106 συν-

218 1141 414 1200 θεσιῶν
476 1141 583 1191 τῶν
635 1139 771 1191 κατὰ
821 1145 955 1215 σφᾶς
1006 1141 1404 1211 ἀμελήσαντες,
1457 1140 1624 1213 οὐρίῳ
1667 1141 1877 1216 χρησά-

223 1247 374 1298 μενοι
423 1231 505 1297 τῷ
552 1225 611 1280 ἐκ
653 1226 815 1281 νότου
863 1227 1127 1301 πνεύματι
1177 1228 1446 1305 ἀνήγοντο
1486 1230 1874 1305 ἀφροντίστως,

221 1313 315 1367 καὶ
365 1312 427 1367 τὸ
477 1309 653 1385 στὸμα
702 1308 1009 1375 διεκϐάντες
1056 1319 1153 1369 τοῦ
1205 1316 1415 1371 Πόντου
1463 1319 1599 1388 πρὸς
1629 1324 1747 1379 τοῖς
1781 1320 1877 1393 βα-

220 1400 392 1475 ρείοις
418 1408 521 1470 τῆς
550 1400 827 1472 θαλάσσης
882 1402 1097 1475 λιμέσιν
1150 1404 1432 1479 ἐνὼρμων.
1482 1407 1736 1463 Κάκεῖνοι
1782 1409 1874 1480 μὶν

217 1491 285 1544 τὰ
317 1488 504 1545 πολλᾶ
532 1488 619 1545 ἐπὶ
654 1490 854 1565 χρόνον
895 1493 1305 1567 πειρατεύοντες
1359 1492 1655 1551 διετέλουν.
1689 1500 1875 1551 Ὕστε-

220 1599 315 1653 ρον
374 1578 464 1633 καὶ
525 1586 991 1656 φορταγωγοῦσαν
1053 1581 1377 1655 ληϊσάμενοι
1434 1588 1584 1652 ναῦν,
1621 1586 1722 1638 οὐκ
1752 1585 1875 1640 ὀλί-

215 1689 315 1741 γον
352 1668 517 1743 μὲρος
572 1673 671 1723 τοῦ
730 1671 935 1746 φόρτου
989 1672 1078 1725 καὶ
1136 1671 1465 1746 στυπτηρίαν
1523 1671 1775 1748 ἔχουσαν,
1822 1673 1874 1729 ἐν

215 1756 389 1830 ταύτῃ
444 1757 510 1812 τὰ
566 1756 733 1813 πάντα
792 1760 1133 1831 νηησάμενοι
1192 1764 1309 1815 κατ’
1387 1762 1683 1840 ἀσφάλειαν
1744 1765 1875 1839 θαρ-

1984 611 2187 686 οὐρίων
2220 616 2429 691 πλέειν,
2462 623 2593 677 ποτε
2624 621 2682 677 δὲ
2731 627 2822 678 καὶ
2871 624 3131 701 λεχρὶους
3179 630 3317 703 πρὸς
3344 631 3437 684 τὸν
3467 631 3636 703 ἐμπί-

1983 723 2184 759 πτοντα
2213 704 2430 781 ἄνεμον,
2486 711 2634 775 ὅπως
2687 711 2745 767 ἄν
2805 716 2953 792 σφίσι
3015 716 3169 793 ῥέποι
3219 719 3281 772 τὸ
3312 724 3546 793 πνεῦμα,
3580 720 3631 775 ἐν

1983 790 2176 855 ἃλλοις
2213 798 2308 868 μὲν
2340 797 2597 873 αὔταρκες
2660 802 2727 870 ἦν
2784 805 2845 857 τὸ
2900 811 3149 860 τοιοῦτον
3195 809 3284 861 καὶ
3318 809 3464 885 σφίσι
3498 809 3634 864 ἀπο-

1986 881 2249 955 χρώντως
2284 885 2398 960 εἶχε
2456 892 2591 963 πρὸς
2648 889 2933 961 εὔπλοιαν,
2993 898 3060 967 τῇ
3116 895 3285 969 Φάρῳ
3336 881 3393 950 δέ
3440 898 3636 973 προσί-

1983 990 2208 1045 σχουσιν
2240 972 2291 1027 ἔν
2324 976 2413 1030 καὶ
2450 978 2611 1050 μόνον
2655 978 3013 1053 ἐδοκιμάζετο
3064 990 3277 1056 πνεῦμα
3324 994 3637 1061 χρησιμεῦ-

1984 1079 2076 1112 σον
2103 1060 2166 1114 τὸ
2194 1068 2291 1116 τοῦ
2326 1065 2519 1140 βοῤῥᾶ,
2579 1073 2663 1139 [Ρ.
2713 1072 2841 1142 286]
2900 1070 3044 1139 πλὴν
3107 1072 3206 1127 οὐκ
3234 1060 3513 1148 ἀνειμένον
3546 1080 3639 1132 καὶ

1984 1149 2560 1227 καταρῥᾳθυμημένως
2613 1161 2708 1212 ᾱον
2769 1160 2843 1220 ὡς
2900 1162 2989 1214 καὶ
3049 1161 3124 1223 εἷς
3172 1163 3427 1236 νηνεμίαν
3477 1168 3641 1243 ἀμφι-

1984 1232 2282 1303 ϐαλλεσθαι
2312 1244 2375 1296 τὸ
2407 1248 2502 1298 τοῦ
2533 1244 2690 1319 ἀέρος
2748 1249 3072 1321 κατάστημα
3130 1251 3189 1305 ἐκ
3238 1257 3333 1306 τοῦ
3362 1255 3427 1308 τὰ
3459 1232 3627 1333 λαίφη

1984 1328 2071 1380 καὶ
2109 1328 2270 1400 μόνον
2300 1332 2535 1408 ψαίρειν,
2571 1332 2698 1389 ἀλλ’
2742 1334 2798 1389 ὃν
2852 1335 2953 1411 ἄρα
2997 1340 3084 1393 καὶ
3131 1343 3400 1411 Ταναὶτην
3435 1344 3640 1417 ὀνομά-

1985 1418 2101 1471 σετὲ
2129 1438 2212 1479 τις
2243 1425 2348 1473 τῶν
2393 1428 2658 1478 ναυτικῶν
2687 1444 2699 1456 ·
2758 1425 2943 1497 τούτῳ
3000 1430 3098 1502 γὰρ
3157 1429 3247 1482 καὶ
3300 1431 3452 1503 μόνῳ
3484 1432 3637 1507 εἶχον

1986 1499 2380 1581 ἰσχυρίζεσθαι,
2417 1510 2792 1582 ἀπηλπικότες
2835 1519 2942 1569 τῶν
2997 1499 3202 1585 αλλων,
3236 1499 3372 1593 πρὸς
3401 1499 3492 1575 τὸν
3527 1499 3632 1576 όιὶπὸ

1982 1600 2079 1649 τοῦ
2115 1596 2382 1671 βασιλέως
2418 1598 2590 1675 λόχον
2624 1608 2743 1663 ταῖς
2789 1605 3037 1677 πορείαις
3082 1606 3258 1660 αὐτῶν
3293 1608 3633 1682 ἐφιζάνοντα.

1986 1686 2089 1739 Καὶ
2146 1687 2196 1760 γ’
2252 1685 2333 1763 ἐφ’
2391 1690 2626 1762 ἡμέραις
2682 1690 3068 1766 προσδοκῶσιν
3137 1696 3394 1769 ἀσμένοις
3453 1699 3633 1775 σφίσιν

1984 1771 2179 1845 ἐπέστη
2211 1777 2299 1829 καὶ
2334 1776 2589 1853 λαμπρὸς
2624 1776 2793 1848 ἔπνει,
2843 1783 2929 1836 καὶ
2985 1782 3036 1853 ἐξ
3087 1784 3286 1859 οῦρίων
3329 1787 3391 1840 τὸ
3422 1793 3637 1861 πνεῦμα

2170 1843 2177 1845 τ
2412 1843 2420 1849 ,
2499 1843 2506 1853 ,
2780 1843 2790 1848 -
3024 1843 3036 1853 .
3158 1843 3166 1859 .
3564 1843 3573 1861 .

221 1844 443 1921 ῥοῦντες
469 1843 791 1904 κατέπλεον.
846 1847 1112 1912 Βασιλεὺς
1164 1847 1221 1905 δὲ
1267 1850 1576 1923 πυθόμενος
1627 1853 1728 1920 τήν
1761 1850 1876 1907 διὰ·
1908 1892 1953 1957 Β
1978 1860 2167 1916 ἵστατο
2197 1868 2265 1937 τῇ
2295 1867 2405 1935 νηῒ,
2440 1872 2506 1946 ᾪ
2559 1866 2623 1936 δὴ
2679 1870 3044 1944 θαῤῥήσαντες
3093 1874 3189 1934 τὰς
3236 1874 3448 1946 τόλμας
3479 1876 3640 1952 E03155-

221 1930 343 1957 θη,Δ
374 1956 377 1957 ,
413 1935 428 1957 ἓ
521 1933 545 1957 δ
636 1940 662 1951 ~
782 1938 795 1954 κ
1114 1940 1126 1957 ι
1352 1939 1366 1957 9
1502 1946 1524 1956 ς.-
1739 1940 1752 1957 \
1792 1940 1805 1957 ς
1861 1942 1873 1957 ι
2002 1952 2014 1957 -
2219 1954 2226 1957 .
2329 1953 2369 1957 μ-
2394 1956 2400 1957 ,

220 1930 380 1989 ϐασιν
410 1935 465 1990 ἐν
517 1933 677 2008 δεινῷ
734 1938 835 2005 τήν
888 1940 1288 2016 καταφρόνησιν
1349 1939 1607 2011 ἐποιεῖτο,
1666 1940 1753 1996 καὶ
1788 1940 1876 1997 ἐπὶ

223 2021 517 2100 λογισμῶν
620 2022 841 2103 ἔστρεφε
914 2032 1033 2088 πῶς
1107 2026 1169 2083 ἄν
1245 2028 1515 2104 ἐγγένοιτο
1590 2029 1642 2084 ἐν
1718 2031 1877 2106 χερσὶ

223 2113 354 2176 τοὺς
385 2117 900 2192 καταφρονήσαντας
930 2124 1238 2192 περισχεῖν.
1276 2117 1435 2174 Ἀλλ’
1484 2117 1597 2173 οὐδ’
1651 2119 1878 2183 ἐκείνοις

221 2203 471 2279 ἠγνόητο
500 2206 562 2259 τὸ
602 2205 854 2280 παράπαν
886 2209 920 2275 ἡ
952 2212 1053 2261 τοῦ
1106 2210 1376 2283 βασιλέως
1422 2209 1667 2281 θέλησις.
1714 2212 1880 2285 Ἀμέ-

221 2292 308 2348 λει
334 2314 421 2348 τοι
452 2294 541 2348 καὶ
578 2291 668 2349 διὰ
718 2294 1002 2373 φροντίδος
1052 2296 1338 2353 ἐποιοῦντο
1374 2306 1475 2369 τῆς
1510 2300 1572 2354 οὐ
1602 2300 1881 2376 τυχούσης

213 2382 309 2437 τὸν
342 2380 516 2438 πλοῦν
579 2382 837 2454 εῦοδῆσαι
890 2387 1039 2465 σφίσι
1092 2389 1183 2442 καὶ
1236 2388 1429 2451 αὐτοὺς
1478 2388 1759 2465 διαδρᾶναι
1789 2392 1878 2445 τὸν

212 2470 493 2542 κίνδυνον,
549 2472 607 2528 ὅν
672 2473 1031 2539 ἐπυνθάνοντο
1092 2478 1429 2553 ἐπηρτῆςθαι
1484 2479 1702 2543 τούτοις
1735 2481 1882 2554 παρὰ

224 2560 521 2635 βασιλέως.
555 2563 645 2625 Ὡς
703 2568 832 2639 γοῦν
894 2563 1095 2630 ἐκεῖθεν
1141 2565 1367 2622 πλέουσι
1416 2569 1483 2623 τὰ
1524 2575 1626 2637 τῆς
1681 2569 1882 2623 ἀνατο-

224 2793 315 2849 vel
351 2796 606 2867 antiqua
629 2798 1083 2854 consuetudinis
1108 2800 1519 2874 ipsorum,qua
1545 2802 1703 2858 soliti
1731 2806 1886 2859 eate-

226 2900 342 2939 nus
371 2885 733 2957 fuerunt,ubi
759 2890 1017 2959 primum
1051 2894 1471 2963 comparebant
1494 2895 1553 2948 in
1588 2893 1679 2949 bis
1707 2894 1885 2965 parti-

226 2972 365 3038 bus,
399 2975 562 3029 adire
591 2981 746 3031 recta
778 2977 1059 3049 palatium
1095 2980 1687 3048 Blachernarum,nec
1711 2984 1883 3055 quid-

224 3077 407 3133 quam
441 3069 608 3119 antea
641 3081 836 3121 rerum
869 3083 1069 3138 gerere
1120 3074 1218 3125 aut
1249 3088 1547 3143 quoquam
1582 3072 1884 3139 divertere,

230 3167 413 3221 quam
444 3151 522 3207 ibi
557 3170 730 3209 suum
762 3155 1113 3228 obsequium
1148 3159 1488 3231 imperatori
1523 3162 1768 3232 professi
1798 3178 1885 3217 so-

1990 1952 2143 2028 p'uvo»
2175 1954 2269 2016 τὰς
2328 1953 2488 2025 ἰδίας,
2548 1960 2635 2013 καὶ
2690 1959 2819 2023 τοὺς
2880 1961 3176 2037 φώσσωνας
3233 1963 3423 2019 αὐτίκα
3455 1963 3640 2021 διαπε-

1986 2043 2238 2106 τάσαντες
2271 2046 2435 2109 δΛους
2469 2049 2603 2103 κατὰ
2656 2049 2781 2125 ῥοῦν
2832 2050 3111 2127 ἐφεροντο,
3170 2054 3385 2109 πίσυνοι
3424 2056 3518 2127 μὲν
3550 2057 3641 2111 καὶ

1988 2137 2055 2207 τῇ
2087 2139 2183 2189 τοῦ
2240 2136 2548 2209 πνεύματος
2607 2137 2925 2216 σφοδὸτητι,
2986 2140 3047 2194 οὗ
3112 2144 3217 2214 μὴν
3272 2140 3329 2197 δὲ
3376 2143 3645 2200 ἀλλὰκαὶ

1988 2225 2055 2279 τὰ
2084 2225 2292 2301 πλευρᾶ
2320 2235 2419 2296 τῆς
2453 2229 2586 2297 νηὸς
2643 2229 2795 2303 βόαις
2850 2227 3003 2292 αῦαις
3039 2231 3293 2306 ἐξήρτυον
3322 2236 3409 2288 καὶ
3444 2234 3641 2298 ὅπλοις

1989 2321 2451 2389 κατεκοσμοῦντο,
2540 2318 2615 2381 ὡς
2699 2321 3073 2395 ἀποχρώντως
3159 2322 3483 2393 ἆνθεξούσης
3547 2325 3639 2397 μέν

1990 2406 2125 2479 πρὸς
2157 2410 2262 2477 πῦρ
2303 2407 2391 2461 καὶ
2432 2412 2534 2461 πᾶν
2582 2409 2645 2462 τὸ
2699 2408 3042 2482 βαλλόμενον
3067 2414 3171 2479 τῆς
3205 2413 3362 2483 νεὼς,
3394 2411 3647 2486 πολεμη-

1992 2494 2193 2549 σόντων
2228 2493 2284 2550 δὲ
2313 2496 2403 2550 καὶ
2437 2497 2635 2565 αὐτῶν,
2687 2497 2740 2552 εἷ’
2770 2519 2909 2561 τινες
2942 2498 3002 2554 ἐκ
3035 2499 3306 2575 βασιλέως
3347 2502 3637 2566 ἐπίθοιντο.

1991 2586 2074 2643 Τὰ
2107 2586 2203 2658 μὲν
2232 2584 2322 2641 οῦν
2365 2585 2724 2660 περὶτούτων
2772 2588 2800 2643 ὁ
2855 2588 3112 2663 βασιλεὺς
3157 2591 3468 2664 πυθόμενος
3499 2591 3641 2646 ἀπο-

1996 2802 2104 2858 cile
2137 2802 2230 2858 usi
2260 2806 2534 2874 sunt,ope
2566 2803 2709 2860 artis
2741 2805 3646 2879 nautica,vento,qualiscunque

1996 2896 2137 2947 tunc
2169 2891 2451 2963 spirabat,
2475 2908 2587 2947 non
2615 2891 2783 2964 plane
2815 2893 3117 2961 adversus,
3152 2893 3320 2950 illum
3367 2912 3524 2951 nunc
3558 2913 3649 2951 re-

1998 2986 2089 3036 cta
2122 2981 2402 3052 cppansis
2432 2981 2765 3047 velis,nunc
2796 2981 3116 3052 obliquatis
3149 2984 3649 3056 capientes,prout

1997 3088 2145 3142 opus
2184 3076 2308 3125 erat
2352 3071 2422 3125 ad
2457 3071 2740 3126 flectenda
2769 3072 3267 3143 promontoria:ad
3297 3075 3451 3145 quod
3479 3075 3645 3130 suffi-

1995 3161 2185 3216 ciebat
2214 3178 2356 3215 aura
2380 3161 2630 3216 modica.
2660 3162 2804 3233 Ergo
2833 3162 2916 3217 sic
2953 3162 3247 3233 progressi
3272 3164 3646 3220 continenter

226 3239 410 3295 lemni
444 3242 865 3301 acclamatione
897 3263 963 3301 ac
994 3250 1365 3305 veneratione
1417 3250 1684 3306 fuissent.
1718 3252 1882 3307 Tunc
1913 3234 1959 3298 C
2001 3256 2139 3304 sunt
2169 3250 2239 3305 ad
2272 3250 2525 3305 Pharum
2561 3267 2767 3322 usque,
2818 3250 2916 3305 ubi
2963 3252 3273 3307 subduclis
3320 3253 3646 3310 rationibus

223 3329 412 3401 igitur
441 3330 513 3387 iis
540 3332 817 3389 omnibus
859 3338 1234 3408 contemptis,
1297 3355 1362 3394 ac
1420 3340 1648 3395 cunctis
1707 3341 1883 3395 ofﬁcii

233 3419 657 3492 modestiaque
691 3424 1019 3480 rationibus
1046 3443 1268 3498 susque
1300 3430 1489 3500 deque
1524 3430 1881 3499 habitis,au-

228 3513 355 3564 atro
387 3509 632 3565 intrante
662 3512 787 3567 vela
817 3513 1007 3570 valido
1042 3532 1244 3571 secure
1276 3519 1628 3589 trajecerunt
1648 3538 1750 3591 per
1779 3538 1881 3575 an-

222 3597 456 3669 gustias
488 3599 760 3672 Bospori,
793 3608 851 3658 et
879 3602 936 3657 in
969 3607 1464 3676 Septentrionales
1493 3609 1658 3664 Ponti
1681 3616 1884 3681 portus

234 3687 449 3742 invecti
483 3704 596 3743 non
632 3706 740 3744 sua
770 3693 961 3746 solum
995 3692 1115 3748 illic
1146 3711 1247 3767 per
1276 3697 1461 3753 otium
1494 3699 1725 3769 negotia
1765 3703 1887 3755 tra-

226 3780 488 3844 ctarunt,
541 3778 643 3832 sed
678 3780 889 3850 pradis
920 3783 1162 3854 agendis
1191 3788 1248 3840 et
1306 3786 1553 3856 piratica
1610 3792 1732 3843 toto
1789 3788 1885 3844 illo

233 3865 379 3919 mari
415 3866 686 3921 facienda
712 3885 827 3923 non
864 3887 1069 3941 parum
1105 3876 1384 3945 temporis
1417 3877 1887 3933 triverunt.Tan—

230 3954 362 4008 dem
394 3954 449 4009 in
474 3956 803 4013 onerariam
831 3959 1199 4018 incurrentes
1230 3980 1503 4035 magnam
1531 3971 1586 4021 et
1616 3968 1889 4039 pretiosis

228 4058 469 4114 gravem
506 4046 823 4115 mercibus,
861 4065 1113 4119 quarum
1150 4069 1283 4124 pars
1338 4060 1461 4110 erat
1516 4073 1627 4112 non
1680 4058 1890 4131 exigua

230 4134 469 4204 pondus
500 4135 709 4206 ingens
741 4136 1044 4207 aluminis,
1080 4158 1147 4196 ea
1198 4148 1532 4215 expugnata
1580 4149 1891 4219 pradaque

230 4221 509 4277 universa
539 4223 596 4278 in
631 4241 801 4281 suam
832 4244 1035 4284 navem
1069 4232 1303 4288 condita
1351 4238 1502 4289 retro
1553 4252 1786 4306 proram
1831 4239 1889 4294 in

230 4311 488 4381 patriam
521 4319 842 4383 verterunt,
894 4320 1205 4375 transituri
1267 4324 1457 4378 denuo
1516 4327 1890 4385 securissime

226 4404 442 4471 prater
472 4402 676 4459 urbem
708 4420 775 4460 ac
797 4412 1027 4477 portum
1054 4408 1747 4484 Constantinopolis,sine
1773 4417 1889 4474 ullo

228 4489 585 4561 cujusquam
624 4500 803 4561 metu,
840 4512 940 4567 per
966 4515 1266 4554 summum
1302 4501 1571 4559 Romana
1622 4508 1888 4577 potentia

1987 3339 2241 3395 instituti
2273 3357 2484 3396 cursus
2518 3344 2576 3395 et
2609 3339 2934 3412 periculum
2980 3340 3470 3412 impendentium,
3517 3348 3642 3398 sta-

1987 3433 2230 3486 tuerunt
2260 3432 2537 3503 deinceps
2570 3448 2687 3486 non
2718 3447 3133 3503 quemcunque
3164 3433 3274 3486 sibi
3330 3450 3362 3488 a
3413 3434 3645 3505 Septen-

1988 3520 2180 3577 trione
2211 3525 2447 3576 ventum
2472 3522 2617 3576 satis
2650 3522 2793 3589 fore;
2819 3522 2919 3591 qui
2950 3521 3106 3577 enim
3140 3524 3280 3577 tunc
3304 3522 3484 3579 ﬂabat
3499 3523 3650 3579 lenis

1988 3616 2135 3676 erat,
2170 3609 2423 3666 molliter
2454 3609 2642 3665 solum
2670 3610 2989 3682 stringens,
3025 3628 3140 3665 non
3193 3610 3366 3682 pleno
3416 3613 3642 3685 impetu

1989 3699 2299 3771 impellens
2330 3698 2475 3767 vela,
2511 3704 2573 3753 ut
2604 3698 2863 3755 malacia
2891 3699 3158 3771 proprior
3177 3699 3306 3755 cceli
3339 3705 3531 3757 status
3554 3704 3642 3756 vi-

1993 3791 2433 3861 deretur.Egere
2466 3806 2527 3845 se
2558 3793 2754 3845 autem
2788 3790 2860 3844 ad
2892 3789 3241 3846 eluctandos
3275 3807 3425 3862 quos
3455 3793 3647 3863 provi-

1992 3881 2210 3935 debant
2240 3896 2588 3935 occursuros
2617 3880 2810 3935 obices
2835 3879 3168 3934 vehementi
3197 3884 3415 3948 Borea;
3452 3882 3646 3951 qualis

1992 3976 2081 4027 est
2109 3970 2206 4026 ille
2230 3987 2402 4042 quem
2426 3971 2731 4026 Tanaitem
2759 3974 2949 4025 nauta
2972 3970 3645 4044 vocan.t.liuic,inquam,

1994 4062 2284 4117 confidere
2316 4061 2415 4116 uni
2450 4078 2512 4116 se
2542 4064 2878 4115 statuerunt
2910 4076 3101 4131 posse;
3135 4060 3236 4131 qui
3274 4060 3386 4116 nisi
3418 4063 3647 4117 contin-

1994 4156 2173 4223 geret,
2205 4152 2375 4221 plane
2406 4152 2799 4222 desperabant
2828 4150 3079 4205 insidias
3128 4167 3191 4205 se
3242 4154 3641 4207 Romanarum

1995 4257 2165 4314 posse
2193 4242 2426 4297 navium
2463 4242 2736 4313 effugere.
2772 4242 2914 4297 Ecce
2944 4245 3140 4297 autem
3172 4246 3487 4313 postquam
3540 4242 3651 4299 ali-

1997 4337 2139 4403 quot
2168 4333 2246 4387 ibi
2271 4332 2396 4387 dies
2419 4332 2759 4397 substitere,
2793 4331 3168 4386 commodum
3204 4330 3302 4385 ille
3334 4331 3459 4400 ipse
3484 4337 3651 4405 opta-

1996 4428 2093 4478 tus
2125 4425 2333 4477 ventus
2367 4422 2591 4493 spirare
2622 4421 2694 4476 ab
2726 4426 2885 4477 arcto
2918 4420 3234 4476 vehemens
3295 4421 3489 4493 capit;
3548 4439 3654 4479 nec

1997 4510 2248 4567 cunctati
2281 4510 2548 4566 videlicet
2583 4510 2666 4564 illi
2701 4515 2842 4566 sunt
2901 4513 3055 4565 totos
3117 4508 3199 4564 illi
3260 4508 3654 4567 libentissime

231 4583 660 4653 contemptum.
686 4584 825 4653 Ejus
856 4587 1110 4643 audacia
1143 4592 1548 4665 superbiaque
1568 4596 1779 4652 certior
1808 4598 1889 4652 fa-
1925 4605 1971 4669 ι)
2005 4599 2591 4672 penderelinteorum
2619 4602 2808 4667 sinus,
2841 4600 3239 4669 audacterque
3282 4600 3493 4655 invecti
3553 4617 3657 4673 spe

230 4673 332 4724 tus
364 4668 685 4741 imperator
715 4673 1150 4748 indignissime,
1186 4684 1249 4735 ut
1280 4697 1385 4752 par
1413 4689 1559 4751 erat,
1601 4685 1883 4755 injuriam
1928 4668 1957 4732 ἶ
1994 4668 2218 4762 optima
2248 4688 2947 4755 ferebantur,evolaturos
2981 4704 3108 4743 sese
3139 4688 3248 4742 rati
3272 4687 3326 4741 vi
3347 4705 3501 4744 aura
3532 4694 3653 4746 tam

228 4756 396 4827 tulit;
427 4758 803 4831 decrevitque
835 4782 949 4820 non
1009 4768 1382 4826 committere
1417 4777 1481 4827 ut
1530 4789 1591 4829 se
1648 4774 1889 4848 impune

230 4850 467 4903 tantum
502 4866 680 4907 ausos
702 4852 938 4924 gloriari
963 4856 1377 4915 Genuensibus
1406 4860 1626 4920 liceret.
1654 4865 1890 4938 Disqui-

229 4936 403 4991 rebat
434 4943 628 4995 autem
665 4943 905 4999 modum
939 4961 1055 5017 quo
1080 4947 1191 5003 isto
1215 4949 1325 5004 sub
1346 4966 1587 5007 manum
1611 4970 1675 5009 ac
1699 4936 1890 5026 potes-

232 5029 417 5118 tatem
445 5043 615 5084 suam
639 5031 901 5103 redigere
922 5040 1354 5110 contemptores
1379 5046 1593 5110 posset.
1611 5044 1684 5100 At
1704 5062 1895 5118 neque

234 5114 328 5170 his
345 5115 611 5187 ignotum
627 5126 753 5176 erat
766 5127 959 5178 votum
976 5126 1362 5199 studiumque
1380 5129 1770 5201 imperatoris.
1786 5114 1897 5192 ita-

228 5220 344 5276 que
368 5221 573 5263 curam
598 5226 663 5263 ac
685 5211 1051 5283 diligentiam
1076 5233 1189 5271 non
1215 5217 1502 5290 vulgarem
1539 5222 1896 5281 adhibebant

236 5293 292 5347 in
326 5296 688 5364 expediendo
720 5317 894 5357 cursu
931 5304 1394 5379 explicandoque
1425 5325 1554 5365 sese
1573 5311 1643 5367 ab
1666 5312 1895 5371 insidiis

232 5384 390 5439 4‘22
417 5388 809 5446 Romanarum
847 5394 1363 5467 navium,quarum
1399 5402 1726 5458 rectoribus
1750 5405 1896 5461 scie-

230 5473 377 5528 bant
407 5475 480 5529 ab
508 5476 861 5549 imperatore
896 5485 1239 5541 mandatum
1280 5492 1342 5541 ut
1375 5488 1687 5547 observare
1738 5494 1896 5565 ipsos

228 5562 288 5617 in
323 5566 578 5620 transitu
613 5585 677 5623 ac
707 5572 870 5627 omni
905 5574 1130 5630 ratione
1183 5578 1683 5648 comprehendere
1727 5600 1897 5639 cona-

237 5656 465 5707 rentur.
504 5653 573 5709 Ut
605 5656 788 5729 igitur
820 5661 968 5733 ipsis
998 5679 1028 5717 e
1059 5663 1239 5720 Ponto
1264 5666 1513 5737 patriam
1541 5686 1741 5727 versus
1766 5688 1894 5727 cur-

238 5758 375 5801 sum
408 5747 751 5807 tenentibus
781 5756 1010 5809 montes
1040 5753 1298 5812 Orientis
1331 5765 1754 5833 apparuerunt,
1805 5763 1892 5818 fa-

2006 4796 2293 4852 pruspera
2326 4784 2489 4835 trans
2508 4778 2834 4851 quamlibet
2856 4777 3104 4833 infestos
3123 4777 3535 4835 insidiantium
3559 4796 3657 4837 co-

2006 4874 2197 4925 natus.
2235 4868 2411 4924 Navis
2444 4868 2628 4924 latera
2661 4867 2800 4939 quin
2833 4867 3007 4921 etiam
3044 4866 3216 4922 siccis
3250 4867 3426 4922 boum
3483 4870 3659 4927 coriis

2008 4959 2369 5023 munierunt,
2408 4964 2473 5013 ut
2505 4958 2575 5013 ab
2611 4958 2743 5029 igne
2764 4957 2915 5012 forte
2941 4956 3156 5026 injecto
3189 4961 3291 5012 aut
3319 4956 3434 5012 alia
3452 4962 3659 5029 quavis

2008 5050 2080 5105 ab
2112 5048 2388 5103 hostibus
2419 5047 2712 5119 ejaculata
2745 5052 2906 5117 peste
2937 5050 3064 5101 tuta
3100 5046 3306 5101 forent.
3344 5053 3521 5103 Arma
3549 5048 3662 5120 ipsi

2010 5138 2415 5210 expedierunt,
2446 5137 2560 5191 vim
2630 5136 2908 5208 repellere
2941 5134 3129 5207 parati
3179 5152 3545 5209 quacunque
3591 5139 3663 5195 ab

2008 5227 2381 5299 imperatoris
2416 5227 2751 5282 inferretur.
2806 5225 2910 5280 His
2967 5224 3286 5295 imperator
3343 5229 3663 5299 compertis

2012 5315 2470 5388 423imperavit
2492 5315 2905 5372 Genuensibus
2929 5319 3132 5369 Peraa
3158 5315 3510 5386 degentibus
3530 5319 3664 5373 mit-

2012 5413 2133 5464 tere
2147 5408 2245 5479 qui
2267 5406 2658 5461 sisterenthos
2684 5404 2996 5477 populares
3020 5408 3245 5471 suos,et
3266 5404 3339 5460 iis
3354 5407 3671 5463 suaderent

2011 5515 2125 5553 non
2159 5497 2243 5553 sic
2276 5497 2595 5552 insalutato
2630 5497 2983 5567 imperatore
3017 5493 3331 5565 praterire.
3388 5496 3673 5551 Fecerunt

2010 5588 2064 5642 id
2102 5587 2188 5641 illi
2222 5587 2505 5653 studiose;
2539 5586 2641 5641 sed
2671 5585 2817 5641 nihil
2854 5584 3244 5656 profecerunt,
3273 5586 3673 5655 perstantibus

2013 5678 2146 5733 aliis
2177 5677 2233 5731 in
2271 5676 2566 5748 preposito
2599 5681 2655 5729 et
2689 5674 2913 5730 monita
2945 5673 3207 5728 convicio
3230 5673 3671 5744 repellentibus.

2014 5768 2204 5832 Quare
2230 5765 2336 5834 illi,
2372 5782 2443 5823 ne
2473 5765 2586 5823 sibi
2622 5765 2815 5822 fraudi
2849 5767 3009 5821 esset
3039 5762 3232 5819 aliena
3283 5765 3674 5835 contumacia,
