4242 6438
623 368 731 424 879

1935 370 2241 431 GEORGII
2264 364 2741 430 'PACHYMERJE

3938 381 4045 441 880

627 487 872 545 στέλλων
932 490 1264 565 προσέταττε
1319 498 1437 555 τοῖς
1496 493 1632 550 κατὰ
1688 493 1914 569 περαίαν
1967 489 2692 567 ΓενουΐταιςΑφώσσωνας
2745 495 2835 549 καὶ
2918 493 3238 559 πολυοποὺς
3319 497 3622 553 ποιούντων
3691 502 3754 556 τὸ
3814 502 4038 579 υτεῤῥὸν

624 578 859 650 πέμπειν
893 579 1020 640 τοὺς
1051 577 1422 650 κωλύσοντας,
1471 582 1523 637 ο⁹ί
1571 585 1657 638 καὶ
1694 582 1926 659 συχνοὺς
1967 580 2278 653 πέμποντες

620 668 751 729 τοὺς
811 668 1142 741 ἀπεροῦντας
1206 671 1282 741 μὴ
1343 668 1503 724 πλεῖν
1577 672 1911 747 προσωτέρω
1969 669 2068 724 οὐκ
2127 670 2273 743 εἶχον

624 757 826 813 πείθεν.
883 757 948 813 Οἱ
1008 754 1054 809 δ’

627 846 781 918 ὅμως
840 846 902 900 τὸ
956 844 1037 923 ἐφ’
1094 847 1298 901 ἑαυτῶν
1354 851 1739 925 προορώμενοι
1802 851 1962 923 μόνον
2025 847 2098 909 εἷς
2129 869 2187 901 τε
2215 847 2275 901 τὸ

622 937 759 1011 πρὸς
820 935 1088 1010 βασιλέως
1145 932 1329 990 εὔνουν
1380 939 1470 992 καὶ
1531 939 1607 1002 εἷς
1662 940 1760 1007 τὴν
1820 940 1956 1014 πρὸς
2013 938 2074 991 τὸ
2122 937 2274 1010 γένος

617 1025 969 1100 ἐπιστροφὴν,
1015 1023 1213 1101 ἠφίουν
1260 1026 1324 1080 τὸ
1377 1034 1481 1081 πᾶν
1533 1026 1617 1082 ἐπ’
1665 1028 1874 1099 ἐκείνῳ.
1907 1030 1967 1082 Ὁ
2001 1027 2186 1098 μέντοι
2215 1047 2276 1099 γε

622 1112 876 1189 βασιλεὺς
936 1112 1173 1189 ἐσχάτην
1221 1116 1612 1190 περιφρόνησιν
1677 1118 2046 1191 ἡγησάμενος,
2095 1115 2183 1169 καὶ
2227 1116 2276 1190 γ’

618 1204 693 1266 εἷς
720 1203 939 1276 ἀτιμίας
992 1204 1241 1276 μείζονος
1296 1204 1482 1280 λόγον,
1536 1206 1583 1261 εἷ’
1633 1207 2019 1285 καθυφεικότος
2053 1203 2276 1259 ἐκπλεύ-

618 1315 783 1360 σειαν,
842 1291 1109 1368 ἐπαγείρει
1172 1295 1265 1367 μέν
1325 1297 1420 1357 τὰς
1476 1298 1612 1351 κατά
1666 1298 1767 1365 τὴν
1830 1295 1991 1350 πόλιν
2046 1294 2275 1369 εὑρεθεί-

620 1404 712 1445 σας
750 1379 1009 1454 ὁλκάδας,
1042 1385 1391 1458 περισυνάγει
1451 1382 1508 1439 δὲ
1565 1385 1653 1439 καὶ
1713 1388 1889 1446 καθώς
1921 1406 2000 1446 τις
2031 1384 2273 1457 ἐπακτήρ

617 1472 781 1533 κύνας
839 1473 901 1526 τὸ
961 1472 1061 1526 ἀνὰ
1114 1474 1213 1540 τὴν
1276 1472 1440 1527 πόλιν
1506 1473 1911 1546 Γασμουλικὸν,
1970 1473 2158 1550 ἐφιστᾷ
2218 1471 2274 1526 δὲ

618 1561 833 1623 τούτοις
860 1561 951 1615 τὸν
1017 1561 1322 1637 βεστιάριον
1382 1562 1625 1633 Ἀλέξιον
1686 1565 1777 1618 τὸν
1838 1562 2127 1632 ¹Αλυσὶτην.
2174 1562 2273 1615 Κὰ-

616 1656 795 1712 κεῖνος
826 1649 939 1721 ἅμα
980 1655 1095 1711 τοῖς
1155 1651 1280 1726 περὶ
1339 1650 1496 1706 αὐτὸν
1554 1653 1645 1706 τὸν
1707 1653 1989 1727 Βόσπορον
2049 1653 2122 1713 ὡς
2154 1654 2273 1725 εἶχε

621 1737 1038 1811 διαπεραιωθεὶς
1096 1740 1244 1793 δεινά
1300 1740 1473 1794 ἐποίει
1530 1741 1921 1815 προστάσσων·
1974 1741 2062 1796 καὶ
2113 1740 2156 1794 εἰ
2194 1742 2268 1812 μὴ

1115 758 1443 833 ἀπεστύγουν
1520 762 1614 833 μὲν
1666 763 1801 836 πρὸς
1858 762 1957 829 τὴν
2016 758 2274 825 ἔνστασιν,

2385 577 2534 633 ἐνίκα
2562 585 2659 635 τοῦ
2707 584 3034 655 πνεύματος,
3090 585 3178 639 καὶ
3239 589 3581 661 προσεχώρει
3642 595 3827 661 μεῖζον
3861 577 4041 661 ἢ-ὥστ

2386 666 2739 743 ἐπισχεθῆναι
2796 678 2912 733 τοῖς
2970 676 3049 745 [Ρ.
3082 676 3209 747 287]
3262 675 3497 738 κάτωθεν
3532 675 3913 747 ἐμποδίζουσι,
3946 681 4039 735 καὶ

2384 759 2500 810 κατ’
2541 756 2728 833 ὀλίγον
2783 758 3226 824 διολισθαίνουσα
3272 760 3591 840 διεφύγγανε
3636 765 3763 828 τοῦς
3802 767 4039 823 ἐπιτιθε-

2388 847 2577 918 μένους
2634 849 2844 922 κύκλῳ,
2904 850 3150 913 πολλοὺς
3206 852 3342 926 πρὸς
3402 852 3626 928 ὀλίγους
3674 853 3855 918 ὄντας.
3892 860 3952 914 Ὁ
3985 856 4041 912 δὲ

2389 936 2644 1010 βασιλεὺς
2675 936 2775 1008 ἔξω
2833 960 2939 993 που
2990 943 3299 1012 καθήμενος
3356 940 3548 1019 ἔσφυζε
3603 945 3695 1006 τὰς
3740 947 3918 1019 ὁρμάς
3950 947 4040 1002 ἐν-

2385 1030 2526 1099 ορῶν
2560 1028 2653 1089 τὰς
2714 1028 3022 1106 ἀποφυγὰς,
3078 1030 3167 1084 καὶ
3228 1030 3459 1105 συχνοὺς
3521 1030 3780 1104 ἔπεμπεν,
3827 1035 4040 1097 ἅλλους

2384 1113 2763 1190 ἐπεθάρῥυνεν,
2826 1116 3035 1180 ἄλλους
3094 1118 3333 1173 κελεύων
3392 1120 3480 1174 καὶ
3547 1122 4038 1197 προσαπειλούμε-

2381 1223 2488 1264 νος.
2525 1204 2593 1257 Αἰ
2626 1202 2858 1259 σπουδαὶ
2895 1204 2942 1261 δ’
2971 1208 3107 1275 ἦσαν
3154 1207 3429 1277 ἀνόνητοι,
3488 1212 3577 1264 καὶ
3634 1215 3743 1265 τῶν
3777 1212 4043 1267 σπευδόν-

2381 1312 2486 1345 των
2545 1292 2638 1353 τάς
2699 1300 2889 1369 χεῖρας
2944 1300 3023 1366 τῷ
3083 1296 3255 1371 οὐρίῳ
3306 1302 3403 1351 τοῦ
3464 1299 3771 1371 πνεύματνς
3819 1304 3855 1369 ἡ
3907 1308 4041 1363 ναῦς

2380 1379 2789 1455 ἀπεδίδρασκεν.
2824 1386 2909 1445 Ὠς
2958 1389 3088 1458 γοῦν
3148 1384 3341 1440 ἐκεῖνοι
3404 1388 3497 1459 μὲν
3530 1387 3581 1443 ἐν
3617 1385 3847 1463 ἀπόροις
3876 1391 4039 1461 ἦσαν,

2381 1471 2408 1524 ὁ
2445 1469 2697 1545 βασιλεὺς
2730 1470 2775 1526 δ’
2833 1473 2883 1527 ἐν
2945 1475 3149 1547 ἀθυμίᾳ
3202 1473 3369 1548 δεινῇ,
3432 1475 3642 1552 χλεύην
3695 1479 3759 1533 τὸ
3803 1485 4041 1554 πρᾶγμα

2381 1560 2633 1632 οἰόμενος
2682 1561 2771 1615 καὶ
2818 1561 3067 1638 ἄντικρυς
3110 1563 3344 1639 γέλωτα,
3397 1566 3599 1640 εἶ’σάγει
3643 1589 3726 1631 τις
3753 1573 3865 1622 τῶν
3897 1569 4040 1644 ἀμφ’

2378 1650 2538 1704 αὐτὸν
2598 1650 2805 1725 βουλὴν
2862 1650 3123 1707 δοκοῦσαν
3182 1655 3470 1713 συνοίσειν.
3530 1657 3591 1712 Ἣ
3634 1656 3679 1710 δ’
3708 1658 3775 1725 ἦν
3806 1677 4039 1733 χρησα-

2382 1736 2571 1810 μένους
2600 1741 2746 1814 παρά
2800 1741 3124 1796 Καταλάνων
3182 1746 3251 1815 τῇ
3314 1748 3459 1821 σφῶν
3519 1744 3628 1815 νηΐ,
3670 1746 3895 1821 μεγίστῃ
3923 1752 4033 1800 τῶν

616 1829 842 1889 τούτους
898 1826 1387 1897 καταλωνίσονται,
1450 1828 1565 1884 ἴσον
1609 1830 1771 1893 ἐτίθει
1821 1830 2013 1901 καὶτῷ
2042 1835 2139 1894 τῆς
2174 1830 2265 1900 ἀρ·
2300 1851 2348 1916 Β
2376 1827 2563 1883 ἂλλων
2599 1826 2759 1903 οὔσῃ,
2796 1825 3047 1899 ἐπιϐῆναι
3095 1831 3221 1893 τοὺς
3276 1833 3557 1909 αὐτάρκεις
3609 1834 4035 1911 πολεμάρχους,

618 1924 730 1993 χῆς
787 1916 1083 1990 στέρεσθαι.
1146 1919 1547 1990 Συνταξάμενοι
1606 1924 1897 1994 τοιγαροῦν
1932 1920 1982 1973 οἱ
2042 1918 2265 1972 ἐπὶτῶν

616 2011 784 2079 νηῶν,
843 2006 895 2059 οἱ
951 2004 1009 2060 δὲ
1056 2006 1147 2060 καὶ
1198 2006 1285 2062 ἐπὶ
1344 2006 1440 2062 τοῦ
1500 2008 1756 2083 αἰγιαλοῦ
1809 2007 2268 2082 παραταξάμενοι,

613 2100 713 2167 τὴν
748 2098 1019 2175 φορτηγὸν
1070 2103 1356 2152 κατιοῦσαν
1408 2097 1687 2173 ἐδέχοντο.
1752 2102 1851 2155 Καὶ
1886 2100 1937 2152 οἱ
1973 2100 2066 2172 μὶν
2101 2119 2267 2173 προσ-

615 2187 904 2248 πίπτοντες
962 2187 1049 2240 καὶ
1104 2208 1165 2262 γε
1220 2185 1410 2259 κύκλῳ
1463 2190 1953 2262 περιπτυσσόμενοι
1997 2192 2263 2263 μαχητῶν

615 2274 771 2351 ἔργον
803 2275 1101 2349 ἐπλήρουν,
1134 2274 1263 2331 ἀλλ’
1322 2276 1419 2331 οὐκ
1475 2278 1640 2346 ἤνυον
1689 2279 1751 2332 τὸ
1802 2279 2055 2353 παράπαν
2085 2299 2095 2310 ·
2143 2277 2176 2345 ἢ
2208 2299 2266 2331 τε

612 2366 716 2441 γὰρ
750 2366 800 2435 ἐξ
833 2365 1017 2438 οὐρίας
1079 2366 1226 2439 ὁρμὴ
1279 2367 1368 2420 καὶ
1416 2370 1478 2421 τὸ
1532 2368 1961 2441 ὑπερανεστηκὸς
2001 2371 2101 2431 τῆς
2131 2366 2262 2435 νηὸξ)

610 2455 835 2515 ἐκείνοις
894 2452 948 2515 ἐς
1007 2455 1090 2509 δτι
1153 2453 1392 2525 μάλιστα
1445 2451 1685 2525 ἐϐοήθει,
1742 2456 1830 2510 καὶ
1894 2455 2121 2528 μάταιος
2144 2462 2261 2517 τοῖς

606 2543 1016 2615 ἀνθισταμένοις
1046 2544 1114 2611 ἦν
1143 2546 1197 2619 ,ἡ
1250 2541 1485 2615 σπουδή·
1541 2546 1642 2601 Καὶ
1696 2546 1745 2599 οἱ
1792 2545 1886 2618 μὲν
1923 2544 2145 2619 ἐπεῖχον
2176 2545 2265 2619 ὁρ-

608 2638 813 2705 μῶντες
847 2632 1069 2710 ἐφέξειν,
1118 2634 1168 2687 οἱ
1221 2629 1266 2687 δ’
1325 2632 1409 2688 ἐπὶ
1470 2638 1566 2699 τῆν
1630 2636 1760 2705 νηὸς
1806 2633 2152 2706 κατημέλουν
2187 2636 2260 2697 ὡς

607 2720 775 2796 μηδὲν
830 2725 1174 2777 ἀνυσοντων·
1238 2727 1456 2798 συχνῶν
1533 2726 1636 2800 γάρ
1717 2723 2071 2778 ὀϊστευόντων
2132 2724 2261 2785 τοὺς

604 2942 929 3000 retulerant
958 2942 1298 3014 imperatori
1330 2959 1392 2998 se
1415 2944 1569 3014 quod
1603 2960 1847 2998 suarum
1870 2946 1993 2998 erat
2009 2943 2262 3015 partium

607 3032 811 3089 sedulo
844 3033 1057 3103 egisse,
1092 3032 1288 3087 dolere
1322 3037 1516 3086 autem
1551 3035 1704 3103 quod
1742 3033 1797 3086 hi
1841 3032 1931 3087 sui
1962 3033 2116 3087 cives
2147 3031 2260 3085 sibi

609 3122 879 3191 morigeri
912 3139 1026 3176 non
1059 3120 1301 3177 fuerint:
1334 3126 1623 3177 coerceret
1654 3137 1753 3177 eos
1813 3122 1937 3193 ipse
1992 3138 2094 3193 pro
2154 3138 2260 3176 sua

606 3211 884 3283 potentia,
920 3227 1023 3265 nec
1052 3209 1421 3281 peccantium
1453 3212 1687 3281 culpam
1717 3211 2036 3280 imputaret
2056 3210 2254 3264 inson-

2379 1919 2469 1972 καὶ
2501 1918 2674 1979 οὕτως
2709 1915 3119 1991 ἐπεμϐαλόντας
3176 1921 3303 1984 τοὺς
3360 1921 3568 1993 ἐκείνης
3627 1927 3928 2000 φώσσωνας
3960 1932 4041 1999 τῷ

3369 2012 3603 2087 πρώτως

2378 2097 2505 2158 τοὺς
2587 2097 2720 2151 τέως
2807 2098 3227 2171 ώργυιωμένους
3311 2098 3664 2175 ἐπιτειχίσαι,

2380 2005 2813 2083 προσαράσσοντι
2880 2009 3149 2077 πνεύματι
3231 2011 3304 2071 ὡς
3369 2012 3603 2087 πρώτως
3698 2015 4037 2088 μετέχοντας

3746 2102 3888 2158 ὣστε
3943 2104 4041 2159 καί

2379 2188 2619 2256 ἀπνοεῖν,
2676 2186 2766 2239 καὶ
2825 2186 2967 2240 οὕτω
3021 2192 3118 2252 τῆς
3170 2190 3350 2260 ὁρμῆς
3392 2192 3713 2267 καθυφεῖσαν
3766 2193 3849 2246 ἐπ’
3890 2192 4036 2247 ἐκεί-

2379 2298 2476 2345 νην
2558 2275 2732 2349 ὀρμᾷν
2802 2276 2932 2339 τοὺς
2990 2276 3077 2331 ἐπὶ
3137 2280 3361 2353 θατέρας
3421 2275 3594 2343 ὄντας.
3656 2284 3830 2337 Τοῦτο
3903 2288 4041 2358 γοῦν

2385 2364 2671 2440 βουλευθέν
2734 2364 2845 2436 ἅμα
2898 2366 2977 2436 τῷ
3027 2365 3177 2441 λόγῳ
3232 2369 3293 2421 τὸ
3348 2366 3501 2444 ἔργον
3556 2371 3773 2440 ἠνύετο,
3827 2372 3917 2425 καὶ
3966 2370 4038 2440 δὴ

2376 2456 2476 2521 τήν
2533 2452 2797 2527 ταχίστην
2859 2450 3119 2525 ἐμϐάντες
3176 2455 3233 2510 ἐκ
3300 2459 3551 2531 πρύμνης
3632 2459 3873 2534 γίνονται
3930 2468 4040 2530 τῆς

2376 2544 2765 2617 κπταγομένης
2794 2563 2805 2574 ·
2854 2540 3016 2617 ἔτυχε
3063 2546 3163 2618 γάρ
3215 2546 3301 2599 καὶ
3353 2550 3385 2614 ἡ
3441 2552 3567 2609 ναῦς
3608 2548 3785 2624 ἐγγὺς,
3817 2551 3907 2604 καὶ
3943 2552 4041 2605 εῦ-

2375 2634 2547 2707 χερης
2584 2633 2650 2701 ἦν
2715 2635 3099 2706 μετενεχθῆναι
3158 2635 3293 2710 πρὸς
3349 2636 3415 2690 τά
3472 2638 3882 2712 προηγούμενα.
3916 2641 4039 2695 Κά-

2373 2720 2560 2791 κείνης
2618 2721 2893 2791 πεσούσης
2954 2724 3185 2795 πρόσθεν
3263 2726 3317 2778 αἱ
3390 2732 3489 2794 τῆς
3551 2724 3801 2802 δευτέρας
3864 2730 4033 2784 πνοαὶ

2375 2939 2559 2997 nihilo
2611 2939 2805 2995 secius
2840 2941 3028 2996 facere
3059 2943 3398 3013 pergebant,
3430 2945 3767 3002 abundante
3796 2948 3852 3002 vi
3875 2967 4037 3006 aurae

2372 3030 2663 3101 propitiae;
2690 3046 2805 3100 qua
2828 3029 3062 3100 longius
3111 3038 3247 3086 ante
3285 3050 3316 3086 a
3363 3038 3525 3105 tergo
3567 3040 4039 3106 sequenteseﬂ‘e-

2372 3120 2672 3186 rebantur,
2709 3135 2880 3188 quam
2919 3124 2981 3172 ut
3023 3127 3178 3175 esset
3208 3121 3530 3191 periculum
3566 3141 3693 3179 nea
3724 3142 4033 3198 quoquam

2371 3224 2572 3263 eorum
2607 3224 2785 3278 prope
2818 3208 3213 3273 adiri,nedum
3249 3212 3377 3281 capi
3412 3218 3512 3267 aut
3543 3215 3727 3269 teneri
3761 3225 4036 3285 possent.

608 3303 786 3370 tibus,
828 3304 929 3354 aut
959 3300 1150 3369 gentis
1188 3300 1471 3353 universae
1506 3300 1806 3370 proprium
1841 3316 1968 3355 esse
2019 3301 2255 3353 duceret
2286 3269 2330 3333 Ο
2371 3299 2503 3362 Ome
2536 3313 2667 3351 vero
2687 3312 2863 3350 naves
2895 3313 2927 3350 a
2956 3296 3236 3351 lateribus
3270 3300 3657 3368 incurrerent,
3693 3319 3788 3358 eas
3822 3312 4039 3377 utpote

602 3406 923 3461 paucorum
958 3389 1205 3443 crimen.
1244 3388 1343 3443 His
1391 3388 1708 3459 imperator
1758 3389 1979 3443 auditis
2011 3404 2254 3442 summae

598 3480 711 3534 sibi
744 3479 864 3533 fore
894 3477 1233 3547 ignominiae
1264 3482 1544 3547 reputans
1576 3482 1693 3531 tam
1720 3484 1984 3548 proterve
2016 3494 2078 3531 se
2126 3494 2255 3531 con-

594 3566 779 3623 temni
806 3566 1041 3637 sibique
1073 3565 1240 3620 illudi
1275 3565 1772 3631 sinere,immittit
1800 3565 1860 3620 in
1894 3582 1991 3621 eos
2020 3570 2254 3637 repente

594 3666 881 3728 quantum
910 3655 1317 3726 expediturum
1353 3655 1411 3709 in
1446 3655 1754 3709 navalibus
1777 3664 1834 3709 et
1858 3656 2141 3723 portubus
2167 3672 2252 3709 re-

594 3751 826 3817 pertum
853 3749 942 3800 est
974 3744 1231 3800 navium.
1271 3745 1361 3798 [la
1386 3761 1591 3799 omnes
1624 3744 1914 3799 universis
1948 3760 1976 3798 e
2006 3744 2251 3799 Gasmu-

590 3835 704 3890 lica
736 3834 925 3889 navali
959 3832 1294 3904 militia,qui
1317 3839 1443 3887 tum
1470 3834 2250 3904 Constantinopolil'uerunt,

593 3924 1021 3995 plenae,canum
1042 3923 1229 3977 instar
1252 3923 1614 3976 irritatorum
1633 3928 1841 3977 coortae
1857 3924 1913 3976 in
1939 3928 2172 3977 trauseu
2186 3941 2214 3975 n
2227 3952 2249 3961 -

594 4018 683 4068 tes
714 4013 1056 4067 Genuenses
1089 4015 1231 4065 sunt
1262 4012 1546 4081 undique,
1586 4012 2107 4066 vehementissime
2158 4012 2249 4065 in-

593 4107 838 4158 stantes.
873 4101 1195 4171 Impositus
1210 4101 1280 4153 ad
1299 4100 1407 4155 hoc
1422 4101 1454 4154 d
1467 4117 1539 4154 ux
1560 4100 1709 4171 ipsis
1734 4102 1919 4155 fuerat
1941 4101 2169 4156 vestiari
2182 4118 2211 4153 u
2224 4118 2249 4154 s

588 4191 828 4246 Alexius
860 4190 1143 4261 Alyattes,
1180 4190 1278 4260 qui
1310 4206 1445 4244 cum
1496 4188 1621 4245 suis
1654 4190 1961 4245 confestim
2009 4190 2249 4259 trajecto

588 4281 845 4352 Bosporo
879 4278 1025 4333 nihil
1054 4279 1166 4333 sibi
1200 4279 1411 4349 reliqui
1446 4279 1515 4333 ad
1550 4295 1780 4333 omnem
1814 4279 2247 4334 contentionem

582 4370 856 4436 faciebat,
892 4369 1183 4424 mandans
1218 4373 1396 4438 atque
1431 4369 1744 4440 instigans,
1784 4368 1985 4439 sicque
2016 4368 2072 4422 in
2122 4368 2245 4422 ani-

581 4477 746 4515 mum
781 4457 1145 4522 inducens,sl
1181 4474 1297 4511 non
1331 4464 1692 4528 expugnaret
1718 4458 1818 4511 tali
1844 4457 1971 4511 loco
1996 4463 2243 4512 temera-

580 4550 699 4605 rios
732 4547 1169 4621 piratas.nihilo
1204 4546 1318 4601 sibi
1348 4548 1546 4601 minus
1571 4547 1624 4600 id
1651 4548 1768 4601 fore
1792 4548 2047 4602 dedecus
2067 4564 2241 4619 quam

2365 3386 2711 3442 humiliores
2734 3391 2790 3440 et
2823 3385 3081 3441 minores
3111 3386 3435 3444 ludibundo
3467 3391 3783 3462 repellebat
3812 3394 4035 3467 ingens

2364 3476 2517 3531 mole
2548 3480 2604 3529 et
2635 3474 2827 3546 plenis
2850 3474 2993 3529 velis
3026 3477 3293 3532 oneraria
3353 3480 3680 3548 pervolans.
3733 3482 4037 3542 Cernebat

2363 3566 2483 3621 haec
2518 3565 2837 3635 imperator
2867 3581 2934 3619 ex
2966 3566 3120 3620 edito
3154 3566 3324 3638 longe
3357 3569 3615 3636 intuens,
3640 3570 3786 3626 alios
3820 3575 4031 3630 missi-

2360 3660 2491 3709 tans
2525 3671 2702 3725 super
2720 3654 2887 3723 alios,
2924 3656 3265 3717 adhortans,
3291 3659 3795 3725 jubens,minans.
3834 3665 3945 3718 Sed
3976 3671 4037 3719 et

2360 3744 2549 3815 ipsius
2582 3743 2850 3813 jubentis
2884 3747 2940 3797 et
2974 3746 3305 3815 parentium
3338 3753 3680 3803 cunctorum
3709 3753 4032 3821 aequeina-

2360 3834 2457 3888 nia
2492 3833 2816 3903 ell'ectuque
2848 3850 3015 3888 cassa
3048 3835 3243 3889 studia
3291 3843 3479 3901 erant,
3540 3838 3807 3895 evolante
3869 3842 4037 3899 inter

2359 3939 2574 3977 manus
2604 3925 2736 3976 navi
2771 3922 3052 3978 benetieio
3113 3927 3268 3979 venti
3332 3928 3618 3998 prosperi.
3670 3933 3821 3985 Cum
3885 3949 4034 4005 ergo

2360 4012 2579 4066 milites
2613 4012 2851 4082 quidem
2884 4028 2999 4082 quo
3033 4030 3094 4067 se
3122 4018 3411 4069 verterent
3443 4016 3655 4085 ignari,
3692 4018 4035 4091 imperator

2360 4107 2552 4156 autem
2590 4101 2675 4155 sui
2713 4106 3051 4171 contemptu
3106 4102 3485 4175 ludibrioque
3533 4111 3700 4162 tanto
3752 4109 3811 4163 in
3869 4112 4028 4167 iram

2355 4191 2574 4246 irratus
2608 4190 2950 4257 maximam,
2987 4192 3163 4259 varie,
3200 4194 3299 4247 sed
3331 4194 3621 4249 inutiliter
3668 4202 4027 4269 aestuarem,

2356 4281 2467 4335 fuit
2498 4280 2595 4351 qui
2622 4284 2886 4349 Augusto
2920 4281 3231 4335 consilium
3267 4299 3297 4336 e
3328 4300 3389 4337 re
3421 4289 3555 4339 nata
3576 4302 3688 4340 non
3714 4286 4029 4359 improba-

2354 4369 2468 4425 bile
2493 4374 2856 4440 suggereret.
2894 4370 2949 4423 1d
2982 4375 3103 4423 erat
3137 4375 3201 4423 ut
3244 4373 3301 4425 in
3337 4376 3674 4442 quamdam,
3725 4393 3857 4446 qua:
3892 4395 4031 4434 ma-

2354 4475 2468 4529 gna
2524 4463 2581 4512 et
2608 4457 2918 4529 praevalida
2979 4460 3121 4513 forte
3163 4459 3281 4514 illic
3336 4462 3546 4527 stabat,
3604 4465 4029 4524 Catelanorum

2356 4564 2559 4602 navem
2596 4549 2964 4602 commodato
2997 4566 3028 4601 a
3061 4550 3317 4605 dominis
3367 4559 3691 4623 acceptam,
3745 4555 4031 4617 inductis

579 4639 627 4695 si
664 4638 1014 4710 praefectura
1044 4636 1438 4707 ignominiose
1463 4637 2079 4707 privaretur.0rdinati
2105 4654 2241 4707 ergo
2266 4629 2319 4704 Β
2352 4642 2591 4708 repente
2625 4644 2771 4708 quot
2809 4654 2877 4692 ea
2910 4643 3105 4708 posset
3136 4655 3344 4709 capere
3366 4640 3921 4712 militibus,juberet
3948 4648 4030 4702 il-

580 4728 719 4783 hinc
754 4728 994 4799 quidem
1028 4726 1085 4779 in
1108 4726 1247 4781 foris
1280 4726 1687 4789 navium,hinc
1706 4731 1762 4781 et
1785 4726 2020 4781 terrain
2048 4727 2237 4783 littore

580 4818 825 4887 milites,
848 4833 951 4888 pro
984 4833 1044 4871 se
1075 4815 1325 4886 quisque
1349 4815 1696 4886 ejaculando
1722 4816 2236 4887 impetebantone-

577 4908 820 4963 rariam.
854 4908 967 4963 Sed
997 4923 1129 4961 cum
1162 4904 1310 4960 nihil
1349 4907 1546 4961 minus
1576 4924 1754 4977 quam
1814 4916 2101 4978 quantum
2164 4910 2235 4962 ab

541 4984 545 4988 i
575 4996 1156 5070 optimisexspectari
1176 4994 1466 5050 militibus
1493 5002 1724 5067 poterat
1746 4996 1847 5051 tali
1872 5002 2133 5068 tempore
2148 4999 2233 5053 fa-

571 5093 789 5156 cerent,
826 5088 1045 5143 frustra
1087 5090 1256 5141 erant
1288 5090 1512 5153 tamen,
1548 5086 1755 5157 utique
1785 5087 2067 5141 adversus
2094 5104 2234 5142 one-

568 5178 783 5233 rariam
819 5176 1194 5233 exstantibus
1229 5175 1366 5243 alte,
1416 5176 1610 5246 iisque
1645 5177 1913 5242 munitis,
1950 5176 2236 5232 lateribus

568 5272 917 5339 protectam,
952 5273 1010 5322 et
1039 5265 1231 5322 valido
1265 5282 1297 5319 a
1332 5265 1470 5335 pUpi
1514 5265 1828 5336 impulsam
1885 5272 2075 5332 vento,
2128 5268 2233 5322 sic-

568 5374 680 5428 que
706 5374 978 5427 prorsum
1016 5356 1381 5411 irrevocabili
1419 5363 1689 5410 ruentem
1723 5373 1924 5421 cursu,
1952 5359 2233 5427 strepitus

563 5449 725 5503 424
755 5447 885 5502 vani
918 5447 1137 5501 circum
1169 5444 1663 5500 tumultuantium
1692 5447 1920 5517 egregie
1940 5463 2228 5501 securam.

558 5536 849 5593 Ridebant
864 5536 1190 5608 igiturejus
1206 5540 1473 5590 vectores
1489 5542 1735 5591 conatus
1752 5536 2010 5590 hostium
2025 5537 2231 5597 inanes

554 5632 613 5682 et
642 5644 776 5682 cum
810 5628 1074 5682 distenta
1094 5630 1267 5680 vento
1299 5626 1552 5681 carbasa
1584 5625 1807 5681 crebris
1840 5627 2231 5697 undecunque

556 5717 788 5790 sagittis
822 5716 1283 5789 perforarentur,
1314 5715 1386 5772 iis
1411 5720 1708 5789 utcunque
1740 5717 2000 5788 pertusis
2019 5718 2228 5788 pedem

2347 4727 2464 4781 lam
2499 4726 2778 4782 continuo
2811 4727 3086 4797 expansis
3114 4729 3304 4782 eidem
3352 4736 3519 4785 vento
3570 4734 3709 4786 totis
3750 4735 3900 4791 velis
3964 4738 4030 4792 in

2348 4816 2593 4888 puppim
2630 4816 2909 4887 fugientis
2942 4816 3223 4886 invebi,et
3258 4818 3340 4871 sic
3375 4818 3625 4875 infracta
3642 4821 3873 4878 visura:
3896 4826 4031 4881 via-

2349 4924 2462 4978 que
2493 4908 2683 4962 Boreae
2716 4908 3417 4971 obstrueta,ve|ocitatem
3452 4910 3811 4969 imminuere
3829 4933 4030 4972 ruen-

2347 4998 2424 5052 tis
2457 5013 2818 5067 cursumque
2848 4998 3401 5054 retardare.Dictum
3432 5001 3488 5053 in
3512 5018 3661 5073 opus
3685 5006 4029 5063 confertur.

2347 5088 2645 5142 Memento
2678 5102 2739 5140 se
2756 5087 3407 5159 admoveta-l25tergo
3426 5089 3778 5148 inumbrans
3802 5100 3860 5149 et
3878 5113 4033 5151 ven-

2345 5182 2465 5231 tum
2481 5177 2683 5232 interci
2696 5176 2861 5247 piens
2876 5176 3481 5237 oneraria.latitudine
3495 5185 3659 5234 vaste
3681 5185 4026 5252 patentium

2345 5268 2571 5323 alarum
2592 5266 2816 5321 obicem
2844 5283 3146 5336 opponens
3174 5272 3343 5323 vento
3369 5270 3715 5340 propellenti
3738 5276 4030 5331 Genuen-

2345 5376 2464 5412 sem
2503 5373 2731 5423 navom;
2768 5373 2893 5425 quae
2924 5356 3004 5409 sic
3037 5357 3322 5411 destituta
3355 5360 3638 5423 constitit,
3702 5364 4027 5434 otiumque

2344 5447 2596 5503 admotis
2645 5444 2919 5499 hostibus
2980 5446 3141 5499 dedit
3173 5446 3229 5499 in
3289 5446 3610 5503 insilieudi.
3674 5452 4032 5520 Adiuvabat

2347 5539 2403 5591 id
2438 5541 2679 5607 agentes
2713 5552 2741 5587 e
2766 5534 3037 5589 Catelano
3073 5536 3230 5606 paris
3263 5536 3570 5592 alitudinis
3623 5541 3862 5614 navigio
3906 5562 4025 5600 va-

2344 5628 2469 5681 rius
2501 5630 2556 5680 ct
2590 5624 2908 5680 vehemens
2943 5626 3877 5697 undiqueconatuabumiliorum
3901 5651 4025 5691 un-

2342 5717 2517 5787 dique
2533 5714 2702 5770 naviu
2718 5731 2772 5769 ω
2790 5715 2948 5770 omni
2966 5732 3034 5771 ex
3057 5722 3225 5788 parte
3245 5717 3783 5778 adorientium.Nec
3797 5725 4027 5783 obsisti
