4212 6442
134 432 225 487 881
1185 421 1282 475 DE
1319 417 1692 476 MICHAELE
1728 416 2172 474 PALBOLOGO
2207 420 2340 474 LIB.
2381 420 2450 471 ν.

3420 416 3525 469 882

135 552 414 627 ιμπαίουσι
471 547 539 623 τῇ
592 547 853 622 προτέρᾳ,
913 543 1003 598 καὶ
1054 544 1117 598 τὸ
1175 540 1321 595 πολὺ
1377 539 1603 617 φύσημα
1657 541 1763 593 τῶν
1798 539 1851 606 Α
1886 537 1987 609 μὸς
2020 536 2236 627 αἴρεται
2296 541 2414 595 κατ’
2475 536 2717 608 ἐκείνων,
2774 539 2862 593 καὶ
2916 542 2995 609 τῷ
3052 536 3524 605 ΜουζάλωνιΜαο

135 642 432 720 φωσσώνων
464 660 566 708 της
592 632 868 706 πολεμίας
927 632 1002 693 εἰς
1062 629 1246 705 ὀλίγον
1288 628 1542 703 περιστᾶν
1577 627 1771 682 αὐτίκα

136 731 377 800 ὀκίνητον
429 729 525 794 τήν
585 725 710 779 ναῦν
764 722 1121 796 ἐνειργάζετο.
1186 720 1607 790 Ἐμπιπτουσῶν
1650 737 1769 771 τοι·

132 823 318 895 γαροῦν
360 818 561 894 ἀμφοῖν
622 813 681 867 ἐκ
737 812 957 883 θατέροις
1017 808 1365 882 ἐκθοροῦντες
1415 805 1489 867 εἷς
1534 803 1767 875 ἐκείνην,

131 894 205 963 καὶ
250 911 359 962 τῶν
410 908 648 967 κάτωθεν
699 894 1179 975 προσδοηθουσῶν,
1236 895 1508 971 μεγίσταις
1559 904 1767 966 προθυ-

136 998 272 1069 μίαις
322 989 545 1049 ἔϐαλον.
604 993 698 1046 Καὶ
755 988 927 1050 οὕτως
988 986 1069 1041 ἐπ’
1128 985 1315 1046 αὐτοῖς
1368 982 1531 1038 ἄλλοι
1563 982 1651 1036 καὶ
1685 980 1769 1034 ἐπ’

133 1084 346 1145 ἐκείνοις
402 1080 576 1153 ἕτεροι
632 1072 1075 1151 ἐπεμϐαίνοντες,
1132 1078 1230 1128 τοῦ
1292 1071 1558 1148 βασιλέως
1594 1090 1766 1144 παρα-

134 1172 482 1248 θαρρύνοντος
542 1164 757 1239 ἔξωθεν,
816 1169 1046 1241 κρατερᾷ
1103 1163 1255 1237 μάχῃ
1313 1160 1398 1216 ἐπὶ
1468 1157 1611 1214 πολὺ
1671 1164 1768 1226 τῆς

134 1260 398 1330 Θαλάσσης
456 1262 827 1333 προελθοῦσαν
887 1256 1099 1322 αἱροῦσι
1151 1255 1249 1321 τήν
1307 1256 1455 1305 ναῦν.
1491 1249 1592 1306 Καὶ
1640 1247 1769 1301 ταύ-

131 1373 218 1421 την
258 1351 353 1423 μὲν
385 1350 522 1424 πρὸς
576 1352 656 1419 τῷ
719 1342 965 1421 βασιλκῷ
1022 1341 1233 1415 νεωρίῳ
1290 1342 1465 1395 ἱστᾶσι
1504 1338 1767 1410 κατάξαν-

130 1461 229 1507 τες,
261 1438 457 1499 αὐτοὺς
504 1435 561 1492 δὲ
606 1441 725 1496 ταῖς
787 1434 955 1503 ὁξίαις
1015 1428 1187 1491 δίκαις
1250 1424 1617 1489 ὑποϐαλόντες
1661 1425 1766 1479 ἐτι-

135 1530 365 1603 μώρουν.
426 1525 671 1587 Πολλοῖς
729 1522 775 1578 δ’
834 1521 1049 1577 ἐκείνων
1110 1519 1199 1573 καὶ
1258 1516 1382 1579 τοὺς
1448 1512 1766 1593 ὀφθαλμοὺς

131 1619 414 1692 ἐξώρυττον
472 1620 587 1676 τοῖς
660 1615 1032 1688 προστυχοῦσι
1104 1607 1425 1674 πασσάλοις,
1488 1604 1768 1659 ἀντίποινα

131 1713 220 1773 τῆς
276 1704 412 1778 πρὸς
467 1703 559 1757 τὸν
621 1699 846 1777 βασιλέα
923 1698 1405 1772 καταφρονήσεως.
1464 1694 1765 1764 Ηαρεοικὸς

130 1795 296 1865 τούτῳ
328 1792 620 1865 ξυμπίπτει
677 1789 764 1845 καὶ
823 1786 963 1843 ἄλλο
1021 1809 1095 1851 τι,
1154 1785 1242 1839 καὶ
1304 1790 1423 1847 τοῖς
1464 1779 1767 1841 Γενουίῖταις

1877 625 2050 695 νουῆλ
2106 628 2297 684 αὐτίκα
2372 630 2699 703 προστάσσει
2774 628 2835 682 τὸ
2904 627 3063 701 γένος
3137 625 3522 697 ἐξαναπατοῦν

1877 716 2014 769 ἅπαν
2066 715 2237 789 μηδὲν
2291 716 2662 791 μελλήσαντα.
2717 722 2964 785 Συνῆκτο
3012 713 3190 770 τοίνυν
3236 714 3288 769 ἐν
3334 714 3526 787 ἀκαρεῖ

1872 805 1934 858 τὸ
1966 809 2374 879 στρατιωτικὸν,
2408 807 2531 862 ὅσον
2587 807 2653 876 ἧν
2702 806 2753 861 ἐν
2802 809 2871 879 τῇ
2920 804 3081 859 πόλει
3114 805 3199 859 καὶ
3235 804 3360 859 ὅσον
3391 802 3524 873 ἔξω·

1874 904 1960 956 Οεν
2019 898 2396 971 προσεγένετο.
2462 896 2559 953 Καὶ
2617 897 2730 971 ἅμα
2782 890 3008 973 φοϐεροὶ
3075 894 3170 967 μὶν
3228 891 3384 959 ἰδεῖν,
3426 913 3521 968 φο-

1872 976 2165 1058 ϐερώτεροι
2199 984 2244 1040 δ’
2276 986 2550 1051 ἐπιθέσθαι
2581 986 2675 1047 τὰς
2723 985 2974 1040 ἁπάντων
3022 982 3198 1044 οἰκίας
3236 981 3523 1049 κυκλοῦσι,

1871 1071 1960 1124 καὶ
2010 1073 2145 1147 πρὸς
2193 1078 2271 1145 τῷ
2318 1075 2590 1151 ἐγχειρεῖν
2640 1075 2800 1145 ἦσαν,
2851 1080 2951 1143 τῆν
2982 1072 3090 1128 ἀπὸ
3118 1075 3217 1127 τοῖ’)
3253 1071 3523 1147 βασιλέως

1872 1159 2224 1233 ἀναμένοντες
2275 1164 2540 1221 κέλευσιν.
2597 1165 2665 1221 Οἱ
2724 1161 2781 1219 δὲ
2830 1168 2911 1235 τῷ
2968 1157 3187 1241 φοϐερῷ
3235 1159 3525 1237 ἐκπλαγέν-

1871 1250 2101 1315 τες,καὶ
2150 1252 2268 1306 καθ’
2324 1254 2448 1308 ὅσον
2510 1252 2625 1307 οἷόν
2682 1274 2740 1308 τε
2798 1251 3169 1312 συστείλαντες
3197 1252 3259 1306 τὸ
3288 1247 3525 1328 ἔμφυτον

1872 1342 1968 1393 τοῦ
2026 1340 2221 1412 θυμοῦ,
2277 1340 2615 1413 ἀπῃνεοῦντο
2673 1342 2810 1417 πρὸς
2884 1344 2950 1396 τὰ
3006 1341 3375 1415 πραττόμενα,
3432 1338 3523 1394 καὶ

1872 1430 1973 1492 τῆς
2026 1431 2162 1483 κατὰ
2219 1436 2352 1506 σςρᾶς
2408 1433 2599 1506 ἰσχύος
2661 1431 2917 1504 ἀμείνους
2970 1434 3037 1504 τῇ
3099 1427 3384 1485 ὁποκλίσει
3434 1428 3523 1482 καὶ

1872 1520 1951 1587 τῷ
2003 1522 2242 1590 ταπεινῷ
2320 1522 2566 1595 σχήματι
2652 1522 3045 1598 κατεφάνησαν,
3103 1518 3191 1573 καὶ
3264 1517 3331 1585 δὴ
3389 1519 3526 1591 πρὸς

1875 1604 2079 1669 ἱκεσίας
2137 1606 2455 1680 ἐτράποντο,
2532 1610 2618 1665 καὶ
2696 1609 3134 1682 προσελιπάρουν
3201 1612 3308 1662 τῶν
3374 1604 3522 1661 ἰδίων

1874 1694 2173 1770 τραχήλων
2209 1696 2528 1768 ἐκδήσαντες
2590 1700 2679 1755 ἐαυ
2735 1700 2861 1760 τοὺς
2894 1698 2945 1761 ἐς
2980 1698 3008 1753 ὅ
3049 1722 3100 1754 τι
3141 1697 3228 1753 καὶ
3267 1698 3523 1772 βούλεται

1877 1784 2138 1857 ὁκρατῶν
2187 1790 2516 1861 χρήσασθαι,
2572 1787 2975 1864 ὁμολογοῦντες
3019 1790 3214 1857 ἥττους
3258 1787 3391 1842 εἶναι
3423 1793 3523 1853 τῆς

132 1877 506 1958 προστρίϐεται
557 1878 835 1955 ἔγκλημα.
885 1878 1036 1937 me;
1081 1878 1184 1950 γὰρ
1236 1873 1451 1929 ἐκείνω)
1489 1874 1767 1944 ὕπερτῃεα-
1800 1897 1844 1960 Β
1883 1872 2172 1945 βασιλικῆς
2230 1875 2493 1946 ἐξουσίας,
2550 1878 2639 1933 καὶ
2693 1878 2723 1933 ὅ
2776 1900 2827 1933 τι
2875 1876 3206 1951 προστάσσοι
3262 1876 3525 1930 εὐπειθεῖν

132 1972 451 2045 νευσαμένου
496 1968 857 2044 προσελῶντι,
906 1967 993 2022 καὶ
1050 1965 1293 2026 εἶπὸντος
1346 1965 1402 2027 ὑς
1452 1987 1478 2011 ι(
1511 1964 1570 2016 ’Π
1603 1956 1765 2021 πόλις

131 2062 211 2116 καὶ
256 2059 425 2116 πάλιν
473 2058 619 2115 ἔσται
665 2064 786 2120 τοῖς
834 2057 1149 2130 ἡμετέροις,
1186 2080 1210 2106 )›
1266 2052 1515 2123 ζηλὼσας
1567 2050 1767 2110 ἐκεῖνος

135 2150 319 2225 βάλλει
368 2151 505 2205 κατὰ
554 2147 757 2223 κόρρης
813 2146 902 2201 καὶ
958 2145 1048 2199 τὸν
1114 2142 1397 2221 ὀφθαλμὸν
1446 2139 1665 2214 ἀχρειοῖ
1692 2141 1769 2209 τῷ

134 2240 362 2311 Λατίνῳ,
421 2237 511 2293 καὶ
566 2235 718 2300 εὐθὺς
776 2240 855 2307 τῷ
935 2231 1202 2303 πλήξαντι
1262 2232 1288 2284 ὁ
1350 2228 1438 2293 διὰ
1498 2227 1769 2303 μαχαίρας

129 2324 465 2400 ἐσχεδιάζετο
522 2326 769 2386 Θάνατος.
829 2326 1005 2380 Τοῦτο
1065 2321 1246 2393 μαθὼν
1308 2316 1562 2393 βασιλεὺς
1623 2314 1770 2370 δεινὰ

130 2414 312 2483 ἐποίει,
365 2415 454 2470 καὶ
503 2415 592 2469 τὸν
654 2411 793 2469 ἴδιον
853 2412 1185 2489 προσερέτην
1244 2408 1342 2464 οὐκ
1398 2407 1530 2463 ἀνίει
1567 2409 1766 2475 ζητῶν.

128 2507 203 2575 [Ρ.
231 2507 359 2580 288]
390 2506 480 2567 Ὠς
513 2502 559 2560 δ’
591 2504 691 2561 οὐκ
748 2501 965 2560 ἐδίδουν
1022 2498 1173 2575 (οόδὶ
1203 2499 1306 2576 γὰρ
1336 2498 1453 2570 ἧν,)
1484 2494 1641 2561 εὐθὺς
1673 2495 1766 2549 Θυ-

131 2723 350 2779 diutius
371 2720 701 2795 potuit.A1ii
723 2735 902 2792 super
920 2717 1066 2775 alios
1088 2717 1484 2787 irrumpentes
1500 2726 1773 2784 perrupe-

132 2813 512 2868 runttandem
528 2810 755 2867 aditum
774 2813 861 2878 ;st
872 2805 1252 2880 postlongam
1271 2809 1647 2873 atrocemque
1668 2818 1772 2872 pu-

131 2915 320 2973 gnam,
353 2900 710 2956 adhortante
748 2913 888 2953 suos
919 2912 949 2951 e
981 2896 1104 2951 loco
1128 2895 1445 2965 conspicuo
1495 2897 1774 2962 praesente

133 2988 500 3059 imperatore,
532 2993 702 3059 capta
730 2987 967 3043 tandem
1001 2983 1270 3041 oneraria
1302 2983 1359 3037 in
1393 2981 1557 3036 urbis
1576 2978 1777 3035 navale

137 3078 387 3134 deducta
414 3083 522 3147 est,
553 3083 811 3133 vectores
840 3081 1033 3131 autem
1078 3075 1204 3145 ejus
1251 3071 1479 3127 meritis
1528 3070 1776 3139 subjecti

139 3167 553 3238 pcenis.Multis
583 3167 742 3223 enim
757 3182 957 3222 eorum
973 3164 1169 3221 effossi
1195 3166 1334 3219 sunt
1352 3160 1502 3216 oculi
1528 3160 1777 3215 sudibus

1882 1963 2334 2037 ὑπισχνούμενοι,
2381 1966 2509 2039 μηδ’
2560 1970 2837 2045 ἀναφυγὴν
2898 1970 3028 2022 εἶναι
3062 1968 3213 2041 σφίσι
3244 1966 3390 2033 πλὴν
3421 1968 3519 2032 τήν

1878 2051 1982 2105 ἀπὸ
2032 2058 2125 2106 τοῦ
2180 2054 2447 2128 βασιλέως
2504 2057 2857 2130 συμπάθειαν.
2918 2056 3077 2115 Οὕτω
3105 2054 3525 2119 ταπεινωθέντες

1876 2144 1954 2211 τῷ
1986 2136 2142 2216 φόϐῳ
2172 2141 2384 2212 πλῆθος
2418 2144 2612 2217 ἅθρουν
2666 2148 2800 2209 πρὸς
2849 2146 2912 2201 τὸ
2964 2144 3322 2218 κελευόμενον
3352 2140 3522 2198 ἐνεδί-

1880 2226 2028 2299 δουν,
2061 2230 2149 2284 καὶ
2189 2232 2387 2304 πολλῷ
2418 2234 2632 2309 χρυσίῳ
2679 2236 3144 2311 προστιμηθέντες
3174 2237 3275 2304 τήν
3310 2231 3525 2307 βασιλι-

1877 2318 1977 2385 κὴν
2012 2317 2178 2393 ὀργὴν
2244 2323 2406 2390 μόλις
2461 2322 2958 2398 καταμαλάττουσι,
3013 2323 3214 2396 πολλῷ
3249 2329 3349 2391 τῆς
3379 2325 3523 2399 σφῶν

1879 2406 2117 2481 κορύζης
2202 2410 2412 2483 ἐκείνην
2489 2414 2899 2491 ἀνυσιμωτέραν
2978 2413 3365 2494 γνωρίσαντες.
3425 2413 3527 2468 Καὶ

1880 2499 2051 2551 ταῦτα
2087 2499 2181 2572 μὲν
2214 2500 2265 2555 ἐν
2286 2502 2527 2567 τούτοις.

1883 2712 2045 2772 bant.
2080 2718 2275 2792 Fregit
2303 2723 2423 2778 hinc
2453 2724 2677 2796 species
2708 2725 3081 2795 quantumvis
3112 2724 3363 2780 audaces
3382 2723 3530 2779 alias

1884 2809 2135 2876 animos,
2183 2817 2239 2867 et
2278 2817 2577 2871 tumentes
2647 2814 2782 2870 licet
2826 2815 2999 2879 intus
3059 2815 3295 2881 innata,
3343 2815 3530 2870 offen-

1885 2898 2049 2955 sione
2099 2918 2247 2957 nova
2297 2903 2535 2959 irritatae
2582 2904 2807 2960 ferocia
2858 2903 3204 2976 compressit
3255 2903 3524 2975 spiritus.

1886 2988 2029 3042 Cum
2054 2991 2210 3045 enim
2231 2992 2503 3047 sedatiori
2522 2998 2717 3049 mente
2738 2998 3076 3065 reputarent
3098 3008 3274 3065 quam
3296 2992 3355 3048 in
3384 3008 3531 3064 prae-

1888 3076 2050 3149 cipiti
2085 3095 2177 3134 res
2207 3097 2258 3135 er
2280 3097 2409 3137 rum
2445 3083 2724 3154 salusque
2759 3081 3232 3152 penderet,facile
3261 3081 3532 3137 viderunt

1889 3183 2003 3222 non
2037 3183 2165 3223 esse
2196 3170 2252 3223 id
2287 3177 2518 3243 tempus
2562 3173 3045 3243 experiendarum
3096 3172 3332 3238 virium,
3386 3186 3534 3241 quas

136 3256 274 3312 forte
295 3258 547 3329 repertis
569 3257 681 3312 sub
704 3250 1776 3325 miserorumpalpebrasinﬁxis,debi-
1807 3241 1850 3309 C
1894 3257 2045 3312 male
2075 3241 2424 3331 comparato
2468 3241 2786 3317 certamine
2832 3261 3263 3329 succubituras,
3306 3260 3355 3315 si
3400 3275 3532 3315 cum

132 3349 205 3411 to,
240 3350 301 3401 ut
320 3342 1410 3418 exprobrabant,supplicio,despectui
1429 3341 1644 3397 habere
1663 3356 1778 3395 non

126 3434 323 3489 veritis
360 3438 691 3506 Augustam
727 3431 1380 3503 majestatem.Contigit
1408 3435 1465 3485 et
1494 3429 1777 3500 quiddam

128 3522 264 3578 alias
300 3525 442 3579 huic
482 3540 597 3578 non
648 3522 943 3587 absimile,
995 3522 1153 3577 unde
1202 3521 1395 3593 gravis
1449 3520 1508 3573 in
1543 3520 1778 3573 eosdem

128 3610 466 3669 Genuenses
498 3618 556 3668 et
577 3612 798 3668 invidia
823 3610 1127 3683 publicaet
1148 3609 1475 3681 indignatio
1496 3607 1779 3678 principis

130 3702 364 3757 exarsit.
420 3704 568 3759 Cum
622 3701 778 3756 enim
830 3700 1069 3772 quidam
1121 3700 1386 3771 ipsorum
1425 3699 1781 3767 jactabunde

130 3790 456 3849 Proseionti
488 3791 775 3847 dixisset:
804 3812 825 3839 ι
867 3791 1081 3846 Iterum
1105 3806 1137 3843 a
1156 3788 1372 3844 nostris
1399 3788 1539 3842 urbs
1561 3786 1783 3841 obtine-

133 3880 345 3950 bitur,»
383 3880 706 3952 indignans
728 3878 823 3935 ille
853 3878 1087 3950 infregit
1108 3878 1418 3949 colaphum
1451 3881 1572 3931 tum
1596 3876 1783 3931 valide

135 3971 330 4025 Latino
364 3975 433 4025 ut
463 3969 618 4026 oculi
647 3967 699 4024 ei
733 3984 909 4024 usum
960 3966 1265 4033 ademerit,
1319 3983 1431 4022 non
1490 3966 1731 4036 impune
1765 3981 1777 4019 :

130 4073 259 4115 nam
275 4060 488 4115 statim
514 4073 825 4130 percussor
840 4056 1035 4129 gladio
1053 4056 1359 4111 confossus
1384 4054 1783 4118 interiit.Qua-

131 4147 259 4203 dam
286 4149 426 4219 ejus
481 4147 566 4203 rei
618 4147 772 4202 fama
820 4163 1027 4218 sparsa
1075 4149 1407 4202 commotus
1466 4145 1784 4215 imperator

130 4234 272 4294 hanc
302 4242 473 4294 certo
514 4236 737 4292 factum
767 4235 1110 4307 explorandi
1144 4234 1430 4290 rationem
1460 4233 1782 4290 init.Suum

128 4328 281 4382 reddi
315 4328 435 4383 sibi
473 4326 757 4398 remigem
791 4342 823 4380 a
854 4324 1267 4381 Genuensibus
1289 4324 1496 4395 poscit,
1528 4323 1785 4393 graviter

126 4415 177 4470 id
218 4433 471 4491 urgens,
505 4420 564 4472 et
588 4415 649 4471 ni
679 4414 897 4471 faciant
926 4415 1179 4471 minans.
1209 4414 1281 4470 Ut
1323 4417 1519 4470 autem
1549 4412 1633 4468 illi
1667 4429 1783 4468 non

127 4507 449 4563 reddebant
501 4506 631 4576 (nec
680 4521 821 4562 sane
869 4509 1136 4573 poterant
1183 4520 1320 4559 eum
1371 4507 1784 4574 repraesentare

1888 3347 2260 3416 imperatoris
2291 3352 2551 3421 potentia
2598 3351 3130 3418 committerentur,
3164 3350 3322 3405 haud
3377 3352 3535 3405 esset

1888 3438 2157 3493 dubium.
2192 3444 2281 3495 Ira
2310 3457 2446 3511 ergo
2477 3443 2713 3513 propria
2744 3442 2801 3496 in
2859 3445 3145 3514 potestate
3193 3440 3417 3503 habita,
3461 3442 3532 3495 ad

1891 3526 2162 3593 alienam,
2198 3530 2352 3584 unde
2385 3533 3164 3594 metuerent.exarmandam
3190 3529 3534 3585 efﬁcacissi-

1892 3634 2051 3671 mum
2087 3619 2537 3675 delinimentum
2572 3620 2890 3676 adhibuere
2922 3620 3205 3692 supplicis
3226 3618 3535 3675 demissio-

1892 3707 2004 3773 nis,
2046 3708 2340 3780 siquidem
2386 3708 2598 3764 humili
2645 3708 2934 3781 provoluti
2980 3709 3184 3765 habitu
3237 3709 3307 3764 ad
3359 3707 3535 3778 pedes

1892 3796 2197 3868 principis.
2230 3804 2288 3854 et
2324 3799 2562 3854 funibus
2593 3798 2652 3853 in
2686 3816 2821 3855 suas
2852 3799 2964 3869 ipsi
3018 3799 3271 3855 cervices
3300 3797 3533 3867 injectis

1893 3890 2259 3956 apparentes,
2294 3887 2758 3943 misericordiam
2800 3886 3219 3959 implorabant,
3252 3884 3533 3941 obnoxios

1891 3990 1954 4029 se
1986 3974 2619 4047 ferentes,paratosque
2644 3977 2713 4032 ad
2738 3976 2971 4047 quidvis
2985 3976 3358 4032 subeundum
3380 3974 3530 4046 quod

1892 4063 2230 4118 decerneret
2262 4069 2583 4136 Augustus,
2617 4067 2789 4132 cujus
2820 4068 3108 4135 potestate
3137 4080 3201 4119 se
3228 4061 3533 4118 inferiores

1894 4152 2372 4222 agnoscerent'et
2420 4152 2719 4223 majestati
2767 4152 3152 4208 obsecuturos
3202 4151 3273 4205 ad
3324 4153 3537 4204 nutum

1894 4246 2095 4296 sancte
2126 4240 2558 4312 pollicerentur.
2592 4242 2784 4298 Unum
2817 4241 2929 4296 sibi
2961 4244 3153 4295 tutum
3187 4241 3244 4295 in
3287 4238 3539 4294 clemen-

1894 4327 1975 4382 tia
2006 4329 2131 4399 ejus
2165 4346 2197 4384 a
2225 4328 2391 4386 clade
2422 4330 2769 4387 imminente
2814 4329 3012 4386 videre
3062 4327 3394 4402 perfugium
3428 4342 3440 4381 :
3474 4325 3534 4381 in

1894 4416 1949 4472 id
1986 4435 2049 4473 se
2078 4419 2483 4491 confugere,ac
2516 4435 2586 4475 ne
2618 4419 2716 4475 illo
2747 4418 3137 4475 excludantur
3164 4417 3343 4473 etiam
3367 4420 3540 4485 atque

1894 4506 2068 4562 etiam
2101 4523 2286 4563 orare.
2320 4508 2413 4563 Sic
2444 4513 2600 4564 metu
2632 4507 2693 4563 in
2748 4507 3096 4564 modestiam
3128 4508 3372 4563 subacta
3401 4519 3538 4560 con-

131 4596 222 4667 qui
255 4611 570 4669 nusquam
588 4595 715 4666 jam
746 4594 1052 4665 esset),pro
1082 4592 1367 4650 convictis
1397 4591 1507 4649 hoc
1540 4592 1665 4661 ipso
1690 4608 1784 4664 pa-
1818 4610 1864 4676 Ι)
1894 4596 2042 4653 ferta
2074 4597 2173 4652 illa
2204 4596 2367 4669 plebs
2390 4597 2772 4669 pertinaciam
2798 4597 3029 4654 remisit
3051 4596 3217 4668 prius
3238 4599 3537 4652 ostensam

128 4692 283 4744 truta:
315 4688 509 4745 caedis
541 4702 639 4743 eos
677 4686 925 4753 habens,
963 4701 1065 4742 nec
1097 4685 1402 4742 ferendum
1449 4684 1506 4738 id
1558 4682 1784 4740 facinus

130 4775 586 4847 ratus,Manueli
610 4774 898 4832 Muzaloni
923 4774 1121 4831 subito
1144 4774 1575 4846 imperat,426
1597 4776 1785 4830 exter-

134 4869 307 4923 minet
323 4868 464 4924 sine
490 4882 659 4922 mora
679 4881 866 4937 genus
886 4864 1227 4921 universum
1252 4863 1786 4919 Genuensium.llle

133 4964 451 5022 momento,
491 4959 787 5027 quantum
818 4958 944 5011 erat
976 4954 1033 5009 in
1066 4954 1230 5021 urbe,
1256 4958 1542 5025 quantum
1578 4953 1635 5007 in
1652 4953 1786 5008 sub-

132 5047 349 5104 urbana
377 5044 608 5103 vicinia
631 5044 910 5107 militum.
944 5043 1118 5113 cogit.
1154 5044 1440 5099 Adstabat
1471 5043 1625 5098 acies
1657 5043 1785 5098 visu

131 5134 246 5206 ipso
267 5134 779 5201 terribilis,minis
805 5140 863 5189 et
882 5134 1179 5204 procinctu
1207 5133 1480 5188 saeviendi
1507 5132 1786 5187 formido-

133 5222 300 5282 losior
330 5225 561 5292 multo,
596 5223 669 5279 iis
702 5221 905 5294 utique
936 5221 1154 5294 quibus
1187 5237 1445 5292 praesens
1497 5219 1788 5291 pernicies

132 5313 568 5373 intentabatur.
592 5313 975 5377 Circumeunt
999 5310 1290 5382 extemplo
1319 5316 1666 5367 cunctorum
1691 5312 1788 5367 do-

131 5419 266 5473 mos,
301 5405 613 5464 ferventes
647 5401 868 5475 impetu
904 5399 1170 5473 proximo
1202 5398 1311 5455 diri
1348 5399 1651 5456 adoriendi
1684 5416 1788 5456 ne-

131 5497 281 5565 gotii,
316 5497 387 5554 ad
423 5493 596 5568 quod
632 5496 844 5548 nutum
880 5492 1052 5548 modo
1078 5487 1448 5562 imperatoris
1478 5494 1785 5563 exspecta-

1895 4693 2163 4758 prompte
2196 4687 2347 4758 quod
2403 4688 2801 4743 mundabatur
2848 4702 3190 4756 exsequens.
3246 4683 3536 4740 Indictum

1894 4774 2050 4831 enim
2084 4774 2279 4830 multae
2312 4775 2549 4832 nomine
2580 4791 2864 4848 magnum
2887 4774 3017 4831 auri
3040 4775 3269 4847 pondus
3290 4771 3541 4829 exsolve-

1896 4870 2054 4928 runt,
2088 4864 2250 4921 lucro
2286 4882 2398 4921 non
2434 4882 2611 4937 parvo
2647 4866 3010 4937 imputantes
3056 4864 3147 4921 vel
3194 4863 3278 4919 sic
3309 4864 3539 4935 placare

1897 4958 2072 5026 atque
2101 4971 2133 5009 a
2166 4954 2417 5026 propriis
2466 4954 2757 5026 capitibus
2812 4954 3128 5026 quantovis
3174 4953 3539 5009 fortunarum

1897 5046 2109 5101 damno
2149 5049 2405 5100 avertere
2454 5046 2717 5116 potuisse
2768 5045 3144 5116 imperatoris
3189 5044 3359 5109 iram,
3411 5058 3540 5097 eam

1892 5136 2013 5205 jam
2043 5135 2279 5189 tandem
2313 5139 2694 5207 agnoscentes
2723 5135 3110 5190 efﬁcaciorem
3144 5133 3214 5187 ad
3246 5130 3548 5186 vindican-

1897 5225 2040 5280 dum
2073 5225 2265 5281 scelus
2290 5241 2469 5297 quam
2492 5228 2646 5282 esset
2669 5226 2929 5297 ipsorum
2953 5225 3022 5280 ad
3054 5223 3394 5279 audendum
3417 5236 3549 5291 per-

1897 5313 2371 5385 petrandumque
2404 5314 2659 5385 projects
2707 5312 3030 5371 temeritas.
3066 5312 3136 5369 Et
3164 5311 3286 5367 hac
3307 5309 3546 5383 quidem

1901 5402 1987 5458 sic
2018 5418 2083 5457 se
2112 5401 2387 5458 habuere.
