4242 6438
1941 381 2245 439 GEORGII
2283 384 2750 445 PACHYKBRB

2272 554 2417 653 0’.

640 710 704 760 α’.
758 705 953 765 Ὅπως
1008 703 1095 788 καὶ
1144 704 1210 757 ὶιι
1265 704 1439 788 ποίων
1486 707 1594 758 τῶν
1649 706 1837 788 αἱτιιῖἐν
1890 704 1957 761 τὰ
2012 709 2148 761 κατὰ
2197 708 2290 763 τὸν
2322 717 2565 783 Αοντας
2614 712 2823 788 ἔλεγεν,
2882 714 2935 769 ἂν
2987 711 3147 787 δεινῷ
3205 712 3263 769 δὲ
3318 714 3624 787 ποιουμένη
3678 712 3769 767 καὶ
3825 713 3934 780 τήν
3965 718 4068 779 τῆς

997 777 1176 847 Αἷμον
1209 775 1299 829 καὶ
1329 774 1481 836 αὖθις
1522 781 1935 851 παρεκινοῦντο,

715 885 798 955 [Ρ.
830 884 958 955 292]
998 880 1225 937 Βασιλεῖ
1273 878 1331 935 δὲ
1380 882 1468 937 καὶ
1528 881 1678 943 αὖθις
1737 882 2041 960 φροντίδων
2071 885 2202 959 ἦρξε
2230 886 2298 939 τὰ

642 972 780 1027 κατά
835 971 929 1024 τὸν
988 972 1169 1043 Αἷμον
1224 970 1537 1043 κινούμενα.
1598 970 1665 1024 Al
1721 974 1821 1047 γὰρ
1880 975 2148 1027 συνθεσίαι
2200 978 2296 1027 τοῦ

640 1058 1051 1117 Κωνσταντίνου
1099 1058 1189 1112 καὶ
1235 1058 1324 1113 ἐπὶ
1379 1063 1460 1130 τῷ
1514 1056 1670 1129 κήδει
1713 1058 1941 1116 σπονδαι
1972 1062 2297 1136 συνεχέοντο

637 1147 775 1221 ἤδη,
832 1156 933 1217 τῆς
992 1148 1207 1224 Μαρίας
1260 1148 1519 1218 κινούσης
1570 1149 1662 1201 τὸν
1724 1148 1894 1223 ἄνδρα
1922 1152 2061 1224 πρὸς
2091 1149 2295 1226 ἔχθραν

638 1236 721 1315 ἄρ’
752 1239 835 1299 οἷς
865 1238 955 1292 καὶ
994 1234 1553 1309 παιδοποιησαμὲνων
1604 1239 1696 1292 τὸν
1744 1238 1977 1313 Μιχαὴλ
2009 1238 2061 1295 ἐν
2103 1235 2299 1295 ἀναϐο-

636 1324 761 1390 λαῖς
784 1326 850 1380 τὰ
892 1327 1014 1401 περὶ
1074 1328 1175 1395 τήν
1239 1322 1619 1401 Μεσέμϐρειαν
1680 1327 1840 1396 ἦσαν,
1888 1328 1978 1383 καὶ
2029 1327 2201 1398 δῆλος
2230 1330 2299 1397 ἦν

641 1416 896 1491 βασιλεὺς
943 1416 1171 1478 ἐκείνοις
1221 1415 1599 1490 πλαττόμενος
1644 1417 1899 1496 ἀφορμὰς
1949 1424 2044 1473 τοῦ
2096 1421 2171 1491 μὴ
2219 1417 2299 1473 δι-

641 1503 793 1560 δόναι
826 1508 859 1559 ἂ
887 1506 977 1560 καὶ
1008 1507 1247 1578 καθάπαξ
1282 1504 1487 1561 διδόναι
1540 1506 1639 1560 οὐκ
1683 1508 1749 1575 ἦν
1806 1507 2131 1582 βουλομξνῳ
2161 1509 2299 1563 ἐκεί-

641 1616 740 1667 νῳ.
776 1594 1111 1671 Ἀνεῤῥίπιζε
1164 1594 1222 1650 δὲ
1278 1596 1340 1650 τὸ
1401 1602 1560 1668 μῖσος
1615 1598 1706 1649 καὶ
1763 1600 1797 1665 ἡ
1856 1599 1992 1671 πρὸς
2034 1598 2302 1672 βασιλέως

640 1690 741 1753 τῆς
806 1685 1013 1758 μητρὸς
1072 1683 1280 1753 ἐκείνης
1335 1682 1600 1758 Εὐλογίας
1660 1686 1979 1760 παρόρασις.
2013 1688 2085 1741 Τὸ
2142 1684 2187 1740 δ’
2220 1685 2299 1740 αἶ’-

639 1793 755 1827 τιον
790 1775 825 1841 ἠ
858 1774 982 1846 περὶ
1038 1778 1146 1827 τῶν
1204 1773 1508 1848 γεγονότων
1566 1778 1636 1845 τῇ
1699 1773 1998 1845 Ἐκκλησία
2049 1773 2299 1852 διαφορὰ,

645 1862 721 1923 ὡς
780 1861 857 1923 εἷς
914 1860 1113 1937 ἐχθρὰν
1176 1860 1482 1935 λογίζεσθαι
1542 1866 1621 1933 τῷ
1674 1867 1960 1937 κρατοῦντι
2023 1866 2100 1935 μή
2150 1861 2300 1925 ὄπως

642 1950 812 2020 αὐτὴν
847 1949 1186 2025 σχιζομένην
1216 1958 1315 2019 τῆς
1366 1952 1505 2023 πρὸς
1562 1953 1663 2020 τήν
1727 1952 2053 2023 Ἐκκλησίαν
2104 1973 2302 2007 κοινω-

640 2040 782 2111 νίας,
814 2039 963 2095 ἀλλὰ
992 2041 1081 2095 καὶ
1134 2038 1383 2101 πολλοὺς
1430 2044 1536 2095 τῶν
1589 2042 1938 2115 σχιζομένων
1981 2048 2305 2117 περιποιοῦ-

641 2152 736 2185 σαν
797 2129 885 2184 καὶ
943 2128 1402 2202 περιθάλπουσαν.
1462 2132 1627 2192 Ταῦθ’
1701 2134 1735 2200 ἠ
1798 2131 1983 2206 Μαρία
2034 2143 2305 2195 πυνθανο-

648 2220 779 2293 μένη
836 2223 948 2273 τῶν
1008 2216 1280 2295 ὁσημέραι
1339 2223 1466 2296 παρ’
1521 2221 1688 2291 αὐτὴν
1764 2221 2081 2299 φοιτώντων
2151 2223 2309 2295 (ἦσαν

641 2310 746 2385 γὰρ
802 2307 894 2363 καὶ
949 2313 1058 2363 τῶν
1113 2316 1367 2385 μοναχῶη
1431 2311 1530 2365 οὐκ
1586 2312 1765 2385 ὀλίγοι
1817 2313 1919 2381 τήν
1970 2313 2047 2375 εἷς
2096 2312 2306 2383 ἐκείνην

644 2398 954 2470 στέρξαντες
1003 2398 1254 2472 ἱκετείαν)
1315 2402 1463 2452 ι-.νά
1521 2399 1752 2473 ἐμελέτα
1807 2404 1945 2455 κατὰ
1999 2405 2097 2455 τοῦ
2138 2402 2305 2474 θείου⁹

646 2490 918 2562 στυγοῦσα
951 2488 1045 2559 μὶν
1078 2487 1168 2542 καὶ
1216 2488 1316 2557 τὴν
1372 2490 1586 2564 πρᾶξιν,
1648 2493 1725 2554 ως
1775 2491 1912 2564 πρὸς
1938 2488 2067 2553 τοὺς
2097 2490 2305 2546 ἱκετεύ-

2406 804 2617 877 μητρὸς
2666 804 2802 878 πρὸς
2863 802 3133 878 βασιλέως
3194 802 3508 878 ἀπέχθειαν.
3570 804 3731 866 ’Ὁθεν
3782 801 3875 855 καὶ
3928 802 4069 874 πρὸς

2403 887 2491 944 ἴσα
2523 888 2772 946 δεικνῦσα
2799 892 2863 946 τὸ
2916 888 3086 967 ἶχθος
3145 899 3393 967 πειρᾶται
3454 892 3705 967 πράττειν
3738 890 3830 945 καὶ
3866 895 4060 961 μεῖζον

2402 979 2437 1047 ἢ
2470 980 2607 1035 κατὰ
2634 986 2861 1054 γυναῖκα
2894 1000 2903 1012 ·
2960 982 3055 1036 τὸν
3104 981 3208 1057 γὰρ
3254 982 3457 1058 ἰωσῆφ
3508 980 3600 1034 σὺν
3656 979 3873 1051 ἄλλοις,
3908 975 3973 1032 ὄν
4003 976 4069 1046 δή

2402 1069 2492 1124 καὶ
2552 1071 2797 1145 Καθαρὸν
2855 1070 3167 1143 ὠνόμαζον,
3226 1069 3429 1143 πὲμπει
3488 1072 3628 1145 πρὸς
3685 1068 4066 1138 Παλαιστίνην

2405 1160 2517 1231 ἅμα
2577 1161 2671 1231 μὶν
2728 1164 2809 1231 τῷ
2864 1167 2965 1229 τῆς
3018 1159 3217 1222 Αἱλίας
3267 1158 3582 1234 πατριάρχῃ
3630 1159 3697 1212 τὰ
3744 1157 4067 1232 πραχθέντα

2408 1246 2840 1325 διασαφήσοντα,
2886 1248 3000 1321 ἅμα
3057 1246 3115 1304 δὲ
3173 1248 3263 1304 καὶ
3320 1250 3414 1304 τὸν
3474 1248 3707 1303 σουλτὰν
3737 1248 3878 1302 κατὰ
3910 1248 4069 1323 βασι-

2407 1334 2547 1399 λέως
2578 1338 2653 1400 ὡς
2682 1338 2798 1392 ἐνὸν
2846 1337 3035 1410 ἐκείνῳ
3087 1340 3551 1413 παρακινήσοντα,
3606 1337 3735 1391 ὥσθ’
3781 1339 3897 1410 ἅμα
3926 1335 4072 1391 ἐκεῖ·

2405 1448 2496 1479 νον
2548 1427 2643 1498 μὶν
2690 1422 2858 1495 ἔνθεν,
2920 1427 3268 1502 ΒουΑγάρους
3320 1425 3366 1481 δ’
3425 1426 3662 1490 ἐντεῦθεν
3710 1422 4075 1484 συνελθόντας

2405 1518 2503 1583 τήν
2538 1516 2727 1591 χώραν
2762 1520 2859 1569 τοῦ
2913 1516 3185 1591 βασιλέως
3243 1521 3444 1571 κακοῦν
3470 1537 3482 1548 ·
3540 1517 3675 1569 εἶναι
3729 1515 3836 1589 γὰρ
3868 1514 3963 1568 καὶ
3996 1518 4074 1585 τῷ

2408 1603 2544 1675 Θείῳ
2596 1605 2995 1679 ἀπηχθημένον
3055 1606 3146 1660 τὸν
3208 1604 3434 1679 βαςιλὲα
3483 1607 3557 1667 ὡς
3606 1599 3929 1675 παραϐάντα
3974 1605 4073 1670 τήν

2407 1694 2544 1767 πρὸς
2578 1694 2779 1748 ἱκεῖνον
2841 1695 3151 1767 θρησκείαν,
3212 1694 3371 1750 οὐδὲν
3432 1692 3479 1749 δ’
3538 1692 3679 1749 ἄλλο
3725 1693 3956 1748 εἶναιτὸ
3989 1714 4076 1746 κι-

2406 1788 2531 1837 νοῦν
2565 1785 2693 1837 Θεὸν
2726 1784 2809 1837 ἐπ’
2842 1786 3163 1860 ἀνθρώπους
3224 1785 3259 1854 ἢ
3312 1786 3374 1839 τὸ
3434 1779 3746 1858 παραϐῆναι
3796 1788 3934 1859 σφᾶς
3966 1784 4065 1850 τήν

2408 1872 2544 1943 πρὸς
2608 1871 2811 1927 ἐκεῖνον
2866 1875 3239 1946 νομιζομένην
3301 1870 3457 1943 δόξαν
3518 1874 3780 1949 ἀρχῆθεν,
3837 1874 3935 1943 Τῷ
3980 1872 4072 1943 μὶν

2410 1960 2502 2015 οῦν
2559 1963 2883 2037 πατριάρχῃ
2964 1964 3016 2015 οἱ
3090 1963 3237 2036 παρὰ
3309 1969 3409 2032 τῆς
3469 1962 3684 2036 Μαρίας
3738 1963 4077 2036 πεμφθέντες

2412 2052 2578 2105 πιστὰ
2610 2050 2792 2125 λέγειν
2844 2048 3091 2124 ἐδόκουν,
3152 2052 3241 2106 καὶ
3295 2054 3423 2127 παρ’
3481 2050 3669 2106 ἄλλων
3724 2052 3958 2123 μαθόντι
4013 2050 4075 2102 τὰ

2415 2140 2715 2213 γεγονότα·
2778 2141 2895 2195 ’ὁθεν
2953 2142 3043 2195 καὶ
3127 2142 3273 2216 παρὰ
3362 2142 3527 2213 μόνον
3611 2141 3674 2194 τὸ
3762 2138 4073 2214 μεγεθύνειν

2418 2230 2806 2298 προστιθέντας
2861 2231 2923 2284 τὸ
2982 2235 3205 2305 πρᾶγμα
3264 2228 3561 2299 ἀληθινοὺς
3619 2224 3876 2302 πρέσϐεις
3938 2228 4074 2301 εἶχε,

2418 2317 2507 2371 καὶ
2540 2318 2640 2372 οὐκ
2692 2317 3170 2395 ἐπολυπραγμόνει
3216 2321 3308 2374 τὸν
3356 2320 3664 2393 πέμψαντα.
3705 2318 3993 2373 Ἐπίστευε
4025 2313 4079 2369 δὲ

2418 2405 2547 2467 τοὺς
2606 2408 2730 2482 περῖ
2811 2410 2902 2463 τὸν
2984 2406 3403 2482 Ἀλεξανδρείας
3488 2408 3804 2465 Ἀθανάσιον
3864 2405 3960 2461 καὶ
4019 2426 4080 2480 γε

2419 2496 2511 2549 τὸν
2555 2498 2897 2573 Ἀντιοχείας
2954 2498 3232 2571 Εὐθύμιον
3284 2496 3458 2553 ἰκεῖνο
3514 2498 3769 2572 πράττειν
3798 2495 3830 2550 δ
3858 2494 3951 2550 καὶ
3990 2496 4083 2568 μό-

2276 2625 2429 2723 VI.

652 2768 706 2825 1.
744 2770 807 2826 Ut
836 2770 890 2823 et
918 2758 1117 2839 quibus
1143 2766 1225 2839 de,
1251 2768 1433 2822 causis
1462 2766 1532 2821 ad
1590 2768 1833 2839 montem
1881 2768 2127 2824 Haemum
2184 2773 2307 2824 tur-

976 2844 981 2847 “
1018 2848 1094 2905 τις·
1212 2838 1335 2894 bari
1358 2855 1476 2911 pax
1504 2838 1749 2910 eruperit.

722 2948 873 3005 427
901 2946 1185 3003 Caeterum
1202 2947 1540 3019 imperatori
1564 2964 1845 3003 novarum
1871 2947 2106 3003 initium
2132 2965 2307 3004 cura-

654 3056 786 3095 rum
818 3037 1145 3093 attulerunt
1175 3053 1268 3093 res
1300 3038 1455 3109 apud
1495 3037 1760 3092 Haamum
1793 3038 2006 3094 iterum
2037 3040 2305 3096 turbatas.

653 3134 803 3187 Nam
864 3126 1281 3184 conventiones
1341 3126 1715 3197 Constantini
1782 3131 1841 3183 et
1904 3127 2005 3183 illa
2067 3129 2311 3196 foedera,

656 3216 907 3291 nuptiali
940 3222 1243 3289 utcunque
1292 3217 1729 3273 necessitudine
1762 3217 2138 3289 ﬁrmatajam
2169 3235 2311 3275 con-

658 3307 1076 3375 fundebantur,
1125 3307 1311 3364 Maria
1357 3308 1546 3363 virum
1613 3307 1671 3361 in
1741 3306 1953 3363 hostile
2026 3310 2311 3364 adversus

2417 2774 2611 2831 sinere
2633 2774 2886 2831 inultam
2938 2791 2999 2832 se
3050 2792 3165 2831 non
3217 2792 3388 2847 posse
3436 2775 3589 2831 428
3640 2774 4014 2829 eversionem
4046 2790 4076 2828 a

2420 2869 2606 2919 matre
2639 2881 2747 2921 sua
2792 2882 2970 2937 quam
3025 2882 3141 2937 prae
3189 2881 3251 2921 se
3304 2865 3524 2921 ferebat
3575 2864 3949 2937 imperator;
3984 2865 4076 2918 cui

2419 2953 2663 3025 proinde
2687 2971 2887 3026 parem
2920 2955 3037 3009 odii
3061 2971 3400 3010 mensuram
3427 2954 3745 3025 rependere
3766 2968 4071 3024 aggressa,

2420 3042 2546 3113 plas
2579 3059 2789 3099 nocere
2820 3052 3030 3099 conata
3057 3049 3148 3100 est
3172 3059 3348 3115 quam
3384 3042 3773 3099 verisimiliter
3797 3045 4076 3114 potuerat

2419 3148 2453 3186 a
2484 3132 2728 3187 muliere
2769 3132 2987 3199 timeri,
3036 3133 3331 3204 siquidem
3375 3132 3700 3203 Joeephum
3752 3132 4071 3201 quemdam

2420 3228 2805 3290 cOguomento
2835 3220 3151 3278 Catharum
3191 3237 3327 3277 cum
3401 3220 3532 3275 aliis
3580 3220 3641 3275 in
3700 3218 4073 3274 Palastinam

2422 3310 2604 3379 misit,
2648 3310 2861 3383 partim
2912 3316 2979 3366 ut
3024 3310 3180 3365 (Elim
3227 3309 3571 3381 patriarchas
3622 3308 4077 3364 manifestarent

660 3405 956 3458 Romanos
987 3400 1186 3478 odium
1220 3406 1487 3456 movente
1518 3416 1585 3456 eo
1625 3401 1943 3467 efficacius,
1978 3418 2094 3473 quo
2124 3402 2312 3473 pluris
2342 3414 2386 3482 ρ
2425 3416 2555 3471 qua:
2583 3404 2712 3455 acta
2744 3400 2995 3469 fuerant,
3028 3400 3243 3472 partim
3275 3403 3341 3454 ut
3371 3398 3552 3468 hujus
3582 3414 3781 3470 opera,
3816 3396 4077 3453 collabo-

664 3506 729 3545 ea
776 3505 907 3545 esse
956 3490 1112 3560 apud
1143 3474 1364 3560 ipsum
1415 3494 1665 3560 caperet
1713 3490 1869 3545 edito
1924 3490 1975 3545 ei
2037 3489 2178 3557 filio,
2212 3492 2313 3562 qui

666 3569 912 3634 Hicbael
942 3583 1033 3633 est
1062 3578 1279 3647 dictus,
1315 3582 1583 3634 cessante
1622 3579 1861 3634 interim
1915 3577 2314 3651 imperialium

662 3668 1091 3739 promissorum
1133 3667 1264 3722 ﬁde.
1317 3666 1462 3722 Nam
1514 3683 1647 3722 cum
1700 3669 1889 3739 pactis
1936 3669 2313 3740 sponsalibus

657 3756 979 3829 recepisset
1007 3756 1333 3827 imperator
1362 3756 1792 3813 Mesembream
1833 3758 2217 3815 Constantino
2249 3776 2313 3815 se

655 3860 986 3914 cessurum,
1020 3845 1281 3901 nondum
1314 3862 1442 3901 eam
1465 3847 1820 3917 tradiderat;
1854 3852 1912 3903 et
1942 3849 2088 3903 satis
2129 3865 2310 3921 appa-

656 3936 823 3991 rebat
868 3934 1261 3990 deliberatum
1328 3951 1458 3991 esse
1506 3936 1620 4007 ipsi
1678 3935 1841 3992 nullo
1901 3953 2161 4009 unquam
2194 3938 2309 3994 fine

654 4024 1023 4081 comminisci
1058 4028 1367 4093 prmtextus
1399 4041 1513 4081 non
1548 4026 1727 4080 dandi
1791 4026 1944 4096 quod
2007 4027 2305 4083 amitteret

650 4113 1066 4170 invitissimus.
1106 4112 1367 4185 Subjecit
1408 4114 1535 4183 jam
1586 4132 1688 4185 per
1737 4131 1798 4170 se
1840 4115 2071 4171 ardenti
2118 4116 2305 4172 otfen-

651 4202 805 4259 sioni
850 4203 1153 4259 ﬂammam
1173 4218 1323 4258 nova
1370 4202 1592 4273 injuria
1641 4203 1922 4276 neglectae
1970 4210 2305 4278 spretaque

650 4293 723 4351 ab
771 4292 1130 4366 imperatore
1188 4292 1467 4367 Eulogiae,
1520 4310 1649 4366 qua
1702 4300 2059 4351 mater'erat
2106 4294 2305 4351 uxoris

647 4383 1039 4463 Constantini.
1071 4382 1266 4439 Causa
1294 4384 1451 4439 inter
1479 4400 1582 4439 eos
1621 4384 1857 4440 dissidii
1910 4384 2019 4440 fuit
2052 4385 2305 4457 Eulogius

646 4472 944 4529 declarata
974 4471 1289 4545 propensio
1320 4473 1381 4528 iu
1414 4488 1511 4529 eas
1542 4489 1669 4544 quis
1711 4474 1913 4531 minus
1963 4473 2303 4545 imperatori

645 4563 1052 4636 probabantur
1114 4561 1437 4617 factionum
1501 4561 2031 4621 ecclesiasticarum
2083 4570 2299 4636 partes,

645 4668 826 4726 quam
857 4652 956 4707 ille
997 4651 1131 4706 odio
1181 4652 1399 4707 sororis
1452 4651 1511 4706 in
1554 4669 1615 4707 se
1663 4654 1897 4710 cuidam
1946 4654 2300 4726 imputabat.

642 4745 797 4842 S_ane
828 4744 1110 4797 matrona:
1152 4739 1333 4811 hujus
1377 4742 1437 4796 in
1470 4757 1537 4797 ea
1570 4758 1647 4841 _re
1698 4742 1781 4799 ita
1829 4744 2129 4800 eminebat
2176 4748 2303 4799 stu-
2331 4777 2379 4842 Β

642 4833 833 4898 dium,
866 4835 933 4887 ut
962 4847 1078 4886 non
1127 4835 1405 4886 contenta
1453 4848 1518 4887 se
1567 4831 1759 4902 ipsam
1804 4850 1839 4889 a
1886 4834 2300 4890 communione

644 4920 1141 4979 consentientium
1176 4919 1340 4975 fratri
1374 4923 1634 4994 Augusto
1655 4923 2301 4996 segregare,plerosque

644 5014 823 5069 etiam
853 5014 1123 5067 auctores
1157 5009 1599 5083 participesque
1619 5010 1963 5069 schismatis
1986 5012 2300 5069 conciliare

644 5101 999 5158 demerendo
1030 5097 1145 5155 sibi
1170 5098 1481 5171 fovereque
1503 5102 1828 5172 patrocinio
1852 5100 2047 5174 palam
2066 5101 2299 5157 affecta-

644 5196 751 5249 ret.
788 5192 920 5248 Hac
948 5190 1133 5246 Maria
1164 5188 1529 5261 quotidianis
1556 5191 1804 5247 audiens
1836 5192 2063 5248 nuntiis
2094 5191 2302 5263 (cursi-

640 5284 852 5339 tabant
883 5281 1041 5337 enim
1074 5279 1227 5334 inter
1258 5284 1510 5335 matrem
1563 5280 1861 5353 filiamque
1894 5281 2299 5337 nundinandis

639 5374 700 5429 in
734 5388 977 5429 causam
1010 5369 1353 5426 schismatis
1377 5367 1725 5426 mulieribus
1758 5371 2058 5443 suﬂ'ragiie
2091 5369 2302 5426 intenti

642 5463 921 5521 monachi
943 5478 1059 5517 non
1078 5460 1273 5531 pauci)
1304 5460 1505 5531 gravia
1527 5459 1587 5514 in
1603 5460 1951 5515 avueculum
1974 5459 2300 5515 machinari

643 5570 781 5610 orsa
811 5551 1117 5618 est,invita
1147 5548 1279 5621 ipsa
1299 5548 1540 5620 quidem
1579 5552 1637 5604 et
1666 5548 1992 5605 abhorrens
2024 5550 2098 5605 ab
2118 5549 2299 5621 impio

640 5643 701 5701 iu
737 5643 994 5716 speciem
1027 5640 1196 5706 facto,
1232 5642 1299 5693 ut
1332 5638 1526 5695 dicere
1557 5639 1783 5695 solebat
1840 5638 2300 5711 implorantibus

642 5735 774 5808 ejus
800 5749 971 5807 opem
1004 5746 1154 5803 quos
1195 5728 1315 5784 dixi
1363 5730 1688 5799 monachis,
1744 5733 1941 5786 tamen
1987 5745 2300 5793 excusans.

2426 3490 2626 3541 rantes
2656 3486 2861 3541 eodem
2891 3492 2949 3541 et
2977 3486 3090 3558 ipsi
3122 3502 3225 3557 pro
3254 3484 3434 3551 virili,
3481 3484 3773 3540 sultanem
3820 3482 3945 3538 illic
3977 3484 4079 3538 do-

2422 3576 2747 3631 minantem
2794 3576 2852 3629 in
2895 3576 3308 3647 imperatorem
3357 3575 3755 3639 concitarent;
3806 3588 3928 3644 quo
3977 3571 4078 3626 illo

2419 3664 2576 3733 inde,
2612 3664 2881 3737 Bulgaria
2910 3680 2979 3721 ex
3010 3669 3175 3737 parte
3208 3664 3323 3721 alia
3360 3662 3853 3735 irrumpentibus,
3884 3660 4072 3733 impe.

2417 3755 2595 3809 ratori
2630 3756 2908 3826 subjecta
2956 3754 3268 3827 provincia
3310 3754 3556 3826 ancipiti
3606 3752 3888 3823 utrinque
3920 3750 4074 3807 malo

2414 3847 2782 3901 vexarentur.
2815 3844 2961 3900 Nam
3003 3860 3246 3901 exosum
3290 3859 3423 3899 esse
3449 3843 3652 3914 utique
3701 3840 3821 3897 Deo
3880 3842 4071 3913 impe-

2414 3939 2669 3989 ratorem
2700 3934 2776 3989 ob
2806 3950 2873 3989 ea
2902 3950 3029 4005 quas
3061 3940 3264 3990 contra
3285 3933 3438 3989 ritus
3459 3932 3681 4005 patrios
3706 3930 3763 3985 in
3787 3929 4074 4003 religione

2413 4022 2791 4079 immutasset
2822 4040 2835 4079 :
2870 4040 2987 4079 una
3018 4040 3079 4079 re
3100 4027 3295 4079 autem
3320 4020 3576 4079 maxime
3606 4018 3828 4077 moveri
3850 4025 3908 4075 et
3930 4036 4074 4075 con-

2414 4113 2579 4170 citari
2610 4113 2795 4169 Deum
2828 4114 3109 4170 adversus
3141 4113 3436 4181 homines,
3468 4112 3517 4168 si
3550 4128 3651 4167 eos
3700 4110 3899 4165 videat
3929 4110 4073 4165 olim

2412 4202 2641 4258 sancite
2668 4201 3079 4259 ecclesiastica
3100 4202 3379 4259 doctrinas
3400 4202 3679 4273 dogmata
3706 4198 4073 4271 legitimum-

2412 4312 2526 4366 que
2558 4311 2730 4352 usum
2763 4311 3067 4352 sacrorum
3108 4310 3489 4367 corrumpere
3533 4293 3768 4349 intrusa
3811 4292 4076 4349 novitate

2410 4401 2530 4441 non
2558 4386 2765 4442 vereri.
2798 4386 2876 4441 Ac
2906 4384 3251 4457 patriarcha
3294 4384 3537 4457 quidem
3582 4382 3752 4439 missi
3802 4398 3837 4437 a
3888 4382 4076 4438 laris

2409 4474 2577 4530 facile
2608 4478 3027 4547 persuaserunt
3058 4490 3185 4547 qua:
3211 4476 3550 4545 narrarunt,
3582 4476 3784 4544 utpote
3814 4471 3935 4543 ipei
3947 4472 4073 4543 jam

2410 4565 2481 4620 ab
2514 4563 2648 4620 aliis
2687 4564 2928 4633 audita;
2976 4564 3176 4636 itaque
3226 4579 3363 4620 cum
3404 4563 3463 4619 hi
3512 4561 3647 4617 novi
3695 4559 4072 4631 cognitamm

2409 4659 2579 4710 antea
2610 4670 2805 4710 rerum
2838 4652 3032 4710 nuntii
3055 4652 3205 4709 nihil
3228 4652 3343 4710 nisi
3364 4654 3783 4724 exaggerareut
3814 4652 4072 4724 indigni-

2410 4747 2593 4800 tatem
2620 4744 2777 4800 fama
2797 4744 2925 4815 jam
2957 4742 3276 4799 celebrium
3310 4746 3599 4812 actorum,
3645 4756 3751 4813 pro
3791 4739 3953 4797 veris
3974 4756 4073 4796 eos

2416 4838 2473 4889 et
2503 4834 2729 4889 sincere
2762 4833 3071 4906 agentibus
3121 4831 3331 4905 legatis
3379 4831 3609 4897 habuit,
3662 4828 4072 4886 nihilcuriose

2414 4923 2706 4996 indagans
2736 4922 2893 4979 circa
2943 4926 3200 4978 mentem
3234 4922 3365 4993 ejus
3413 4937 3449 4977 a
3493 4935 3607 4990 quo
3654 4919 4071 4983 mittebantur,

2414 5017 2517 5068 aut
2546 5013 2967 5085 inquirendum
3001 5010 3330 5083 suspiciose
3376 5010 3600 5065 ducens
3631 5008 3704 5063 de
3743 5012 3869 5064 toto
3899 5008 4073 5065 istius

2412 5101 2723 5175 legationis
2753 5100 3238 5173 consilio,ecquid
3272 5098 3472 5156 arcani
3503 5096 3814 5172 quidpiam
3839 5097 4073 5154 artiﬁcii

2414 5197 2474 5248 et
2524 5192 2893 5264 politicarum
2946 5192 3384 5263 privatarumve
3433 5189 3733 5244 rationum
3805 5187 4072 5260 specioso

2414 5280 2520 5337 zeli
2572 5297 2676 5353 pro
2728 5281 3011 5353 religione
3070 5279 3314 5337 obtentu
3365 5280 3605 5335 celaret.
3659 5277 3870 5348 Itaque
3910 5282 4073 5333 tanto

2416 5372 2613 5427 studio
2647 5372 2703 5426 in
2738 5370 3036 5443 negotium
3066 5369 3361 5436 incubuit,
3392 5373 3458 5424 ut
3495 5367 3581 5423 vel
3621 5368 3671 5422 si
3702 5367 4072 5440 contingeret

2413 5460 2879 5517 Alexandrinum
2901 5460 3294 5515 Athanasium
3317 5463 3374 5513 et
3391 5456 3827 5513 Antiochenam
3848 5456 4068 5526 Euthy-

2413 5550 2599 5606 mium
2636 5548 2969 5623 imperatori
3012 5548 3313 5615 assentiri,
3359 5547 3731 5622 profiteretur
3779 5545 3980 5603 solum
4014 5561 4067 5601 se

2410 5656 2528 5696 non
2564 5639 2975 5695 dubitaturum
3006 5636 3624 5695 obsistere.8ultanem
3644 5635 3800 5707 quod
3835 5636 4064 5698 attinet,

2410 5726 2989 5802 inexspectatissima
3034 5726 3159 5784 hac
3206 5728 3259 5785 ei
3302 5725 3517 5785 accidit
3561 5722 3798 5800 legatio,
3850 5723 4063 5799 quippe
