4210 6448
135 417 236 470 885

1182 420 1279 472 ΒΕ
1316 417 1691 474 MICHAELE
1730 414 2173 471 PALEOLOGO
2209 416 2346 469 LIB.
2386 415 2481 467 VI.

3420 405 3530 461 886

132 560 209 601 νος
237 541 459 611 ἠξιοῦτο
519 541 603 614 [Ρ.
635 541 761 614 293]
794 544 990 597 ποιεῖν.
1023 544 1114 614 Τῷ
1142 539 1199 596 δέ
1246 562 1306 615 γε
1353 537 1583 596 σουλτᾶν
1638 538 1762 613 παρ’
1794 540 1849 608 Α
1880 534 2166 611 λεσμίνοις
2226 538 2443 598 ἐπιστὰς
2499 532 2674 611 ἔκρινε
2729 530 2836 589 δεῖν
2896 534 3217 608 ἡσυχάζειν,
3276 533 3373 585 τοῦ
3432 530 3527 601 μὶν

132 628 383 701 ἐλπισμὸν
444 628 510 697 ἦν
570 630 741 684 πάντα
796 632 831 699 ἡ
904 629 1116 685 ἐκείνων
1174 624 1432 703 πρεσϐεία
1493 631 1565 690 ὡς
1630 624 1769 701 μηδέ

132 718 235 772 ποτ’
295 716 496 773 ἄλλοτε
542 720 803 792 γενομένη
854 724 967 781 τοῖς
1010 720 1114 794 πρὸ
1157 721 1325 774 αὐτοῦ
1356 725 1453 788 τῆς
1486 718 1763 791 Λίγύπτου

133 808 369 881 ἄρχουσι·
423 805 642 880 προσέτι
689 806 745 863 δὲ
801 809 889 863 καὶ
939 810 999 863 τὸ
1054 804 1207 869 ἔθνος
1262 813 1368 863 τῶν
1434 806 1764 882 Βουλγάρων

134 898 195 966 μὴ
250 896 536 973 περιφανὲς
568 898 623 950 ὃν
659 896 913 952 ὥστεκαὶ
974 897 1049 961 εἷς
1106 898 1282 973 ἀρχὴν
1347 896 1652 971 ἀνάγεσθαι,
1710 895 1762 950 ἐν

133 985 397 1047 ὑπονοίαις
455 988 553 1054 τὴν
602 982 889 1059 πρεσϐείαν
940 985 1132 1053 ἐποίει,
1186 988 1275 1040 καὶ
1325 985 1571 1061 σιγηλῶς
1632 986 1763 1039 ἀπέ-

131 1094 321 1145 πεμπε,
380 1075 456 1130 Τὸ
517 1075 693 1147 μέντοι
744 1097 803 1148 γε
833 1073 1025 1129 δοκοῦν
1067 1080 1146 1147 τῷ
1190 1082 1289 1144 τῆς
1324 1074 1521 1136 Αἶλίας
1572 1094 1763 1148 πατρι-

134 1162 427 1236 αρχεύοντι.
479 1163 763 1238 Γρηγορίῳ
806 1166 893 1219 καὶ
944 1163 1061 1219 λίαν
1109 1164 1371 1233 ἀΛηΘινὸν
1415 1164 1503 1231 ἦν.
1554 1165 1614 1221 Ὀ
1663 1165 1763 1236 γὰρ

135 1252 455 1327 Ἀντιοχείας
530 1252 617 1306 καὶ
694 1252 1119 1325 προεπεδήμησε
1188 1252 1256 1327 τῇ
1332 1259 1766 1320 Κωνσταντινου,

134 1338 331 1414 ῥυσθεὶς
388 1345 495 1395 τῶν
544 1345 640 1395 τοῦ
694 1341 861 1416 ῥηγὸς
909 1340 1200 1416 ’Δρμενίας
1250 1345 1471 1416 χειρῶν.
1530 1342 1766 1402 Ἐκεῖνος

130 1428 215 1503 γὰρ
262 1423 532 1503 ἔχθοςτῷ
562 1429 873 1505 πατριάρχῃ
924 1435 1106 1503 τηρῶν
1158 1430 1246 1484 καὶ
1296 1428 1467 1483 θέλων
1520 1425 1759 1482 ἐκποδὼν

128 1520 362 1584 ποιῆσαι,
416 1518 530 1572 ἐπεὶ
592 1518 689 1572 ἀνᾶ
747 1524 933 1592 χεῖρας
984 1519 1100 1593 εἶχε
1148 1519 1238 1573 τὸν
1286 1515 1475 1592 ἄνδρα,
1509 1513 1759 1571 ἐκδίδωσι

127 1610 228 1667 τοῖς
255 1606 544 1677 ἀπάξουσιν
576 1605 611 1675 ᾖ
642 1603 706 1673 δὴ
743 1607 832 1659 καὶ
865 1603 1172 1659 ἀπολλύναι
1228 1605 1286 1659 ἐκ
1330 1609 1427 1659 τοῦ
1473 1609 1767 1678 παραχρῆ-

132 1714 195 1763 μα
222 1688 478 1765 ξυμϐαίη.
525 1696 619 1748 Καὶ
657 1696 707 1748 οἱ
754 1690 1014 1755 λαϐόντες
1066 1693 1329 1771 ἀμφιάλῳ
1380 1692 1759 1748 κατεπίστευον

129 1784 304 1855 πέτρᾳ,
363 1781 555 1856 ἐρήμῳ
613 1782 747 1857 οὔσῃ
793 1784 879 1837 καὶ
929 1783 1278 1857 ἀπανθρώπῳ
1334 1784 1399 1837 τὰ
1457 1783 1532 1845 εἰς
1590 1782 1763 1853 παρά-

1870 1539 1957 1572 νον
1992 1537 2004 1551 ⁸

1879 627 2182 701 συμπρᾶξαι
2214 623 2495 686 παντελῶς
2554 622 2795 698 ἅπέχων,
2852 621 2915 676 τὸ
2970 619 3015 675 δ’
3072 621 3338 676 ἀνακινεῖν
3398 619 3527 672 καθ·

1877 721 2079 772 εστῶτα
2108 715 2417 791 ἡγούμενος
2449 713 2693 791 ἄκαιρον.

1882 879 1942 951 β’.
2018 879 2208 942 Ὅπως
2272 880 2308 947 ἡ
2386 874 2567 953 Μαρία
2586 870 3027 1011 θἐμιαὲτεσοιρίσατο
3101 871 3194 926 τὸν
3270 866 3531 944 Σφεντίσ-

2658 968 2689 1001 α
2731 968 2811 1001 ον.

2658 968 2787 1001 αοον
2799 989 2811 1001 .

1947 1074 2027 1146 [Ρ.
2063 1074 2282 1145 294]Ἣ
2346 1074 2529 1146 μέντοι
2588 1091 2651 1147 γε
2708 1067 2891 1144 Μαρία
2942 1066 3179 1143 Μιχαὴλ
3208 1067 3300 1121 τὸν
3357 1063 3526 1121 παῖδα

1875 1162 1963 1216 καὶ
2043 1164 2188 1237 παρά
2253 1164 2351 1232 τήν
2405 1160 2624 1231 ἡλικίαν
2680 1158 2914 1231 στέψασα
2979 1156 3281 1233 βασιλικῶς
3342 1152 3530 1233 ἔτρεφε

1874 1251 1960 1305 καὶ
2024 1251 2208 1325 ἀνῆγε,
2268 1252 2366 1321 τὴν
2427 1248 2696 1329 εὐφημίαν
2768 1248 2904 1322 μετά
2961 1247 3194 1321 πατέρας
3239 1249 3321 1317 τῷ
3372 1242 3529 1300 παιδῖ

1874 1342 2208 1416 παρέχουσα.
2266 1340 2551 1404 ’Υπόπτως
2602 1337 2659 1394 Si
2686 1344 2765 1405 τῷ
2799 1330 3223 1415 Σφεντισθλάϐῳ
3261 1333 3351 1389 καὶ
3408 1331 3529 1389 λίαν

1874 1425 2097 1503 ἔχουσα,
2132 1427 2368 1503 δεσπότῃ
2402 1450 2464 1505 γε
2494 1425 2631 1496 ὄντι,
2667 1429 3008 1482 ὑποποιεῖται
3042 1421 3099 1479 δὶ
3137 1421 3341 1485 δολίως
3387 1422 3533 1477 ὶκεῖ-

2094 1518 2158 1573 τὰ
2211 1522 2308 1574 τοῦ
2365 1517 2778 1575 Κωνσταντίνου
2859 1516 3100 1575 ἀσθενῶς
3157 1511 3382 1589 ἔχοντος
3429 1511 3530 1585 γὰρ

1874 1606 2043 1661 ἐποίει
2100 1612 2325 1662 τοιαῦτα
2363 1607 2772 1675 κατασκευάζειν
2805 1604 2927 1678 περὶ
2980 1608 3060 1674 τῷ
3103 1599 3256 1655 παιδὶ
3308 1591 3529 1654 δειλιῶ-

1875 1718 2005 1753 σαν.
2065 1697 2329 1769 Πέμψασα
2381 1701 2554 1771 γοῦν,
2611 1695 2797 1770 ὅρκοις
2861 1696 2936 1766 μὴ
2998 1685 3383 1746 ἐπιϐουλεῦσαί
3452 1691 3525 1757 οἶ,

1872 1786 2043 1840 πείθει
2104 1785 2495 1861 παραγενέσθαι
2552 1786 2642 1840 τὸν
2710 1775 3143 1861 Σφεντίσθλαόον
3177 1779 3304 1852 παρ’
3333 1776 3523 1846 αότῆν.

128 1870 330 1940 κλησιν.
392 1871 550 1927 Ἀλλ’
599 1872 807 1935 ἐκεῖνος
864 1872 1097 1947 ῥυσθεῖς,
1154 1873 1225 1933 ὡς
1284 1868 1458 1945 ἔλεγε,
1518 1877 1638 1931 ταῖς
1666 1874 1762 1924 τοῦ
1796 1876 1926 1967 ΒὉ
1986 1872 2042 1928 δὲ
2094 1880 2207 1935 τοῖς
2266 1876 2450 1949 ὅρκοις
2508 1873 2782 1951 θαρρήσας
2843 1872 2919 1933 εἷς
2968 1864 3243 1945 Τέρνοϐον
3268 1869 3388 1937 ἧκε,
3438 1868 3528 1920 καὶ

129 1962 530 2036 θαυματουργοῦ
590 1961 871 2018 Νικολάου
916 1961 1271 2028 ἐπιστασίαις,
1333 1960 1547 2035 βασιλεῖ
1595 1980 1757 2032 προσ-

132 2051 302 2125 τρέχει
361 2052 652 2125 καταχθεὶς
709 2051 788 2112 εἷς
844 2051 1029 2109 πόλιν,
1090 2052 1151 2107 Ὀ
1183 2048 1237 2105 δὲ
1269 2071 1332 2125 γε
1361 2046 1765 2122 Ἀλεξανδρείας

133 2140 209 2193 καῖ
264 2139 427 2203 αὐτὸς
483 2140 704 2215 ὕστερος
762 2144 867 2195 τῶν
928 2137 1282 2215 πραχθέντων
1330 2138 1588 2215 γεγονὼς,
1639 2141 1767 2193 ἀνα-

135 2226 267 2282 λύειν
332 2229 426 2301 μὲν
477 2232 578 2285 οὐκ
627 2231 739 2305 εἶχε
786 2232 847 2285 τὸ
889 2230 1136 2305 γεγονὸς,
1189 2231 1340 2302 ὅμως
1374 2226 1420 2283 δ’
1471 2229 1764 2302 εἷρήνευεν,

132 2314 371 2387 ἐμποδὼν
434 2315 576 2393 ἔχων
635 2319 735 2387 τὴν
785 2320 1037 2391 ξενιτείαν
1093 2322 1190 2373 τοῦ
1246 2323 1415 2373 ταῦτα
1448 2322 1650 2387 ζητεῖν.
1685 2318 1764 2373 Οὐ

134 2404 223 2479 γὰρ
248 2406 627 2481 προσκέκλητο
653 2406 738 2462 ἐπὶ
782 2409 978 2481 τούτῳ,
1030 2405 1158 2462 ἀλλ’
1203 2406 1363 2468 αύτὸς
1415 2406 1551 2461 κατά
1599 2426 1768 2481 παρα-

134 2494 310 2566 μυθίαν
344 2494 419 2550 ὧν
452 2494 687 2571 ἔπασχεν
726 2494 991 2573 λυπηρῶν
1048 2498 1097 2552 ἐν
1156 2502 1275 2559 τοῖς
1330 2495 1507 2557 ἀθέοις
1566 2493 1765 2571 διάγων

129 2582 193 2646 ὡς
228 2584 310 2640 ἐπὶ
367 2584 570 2658 λιμένα
616 2587 706 2641 τὸν
744 2586 973 2663 βασιλέα
1022 2586 1336 2664 κατέφευγε,
1387 2586 1477 2641 καὶ
1527 2585 1767 2641 ἐπιτετε-

135 2805 351 2876 qualem
385 2805 608 2861 nullam
629 2824 889 2879 unquam
910 2809 1087 2864 fando
1108 2812 1263 2864 esset
1284 2808 1552 2863 auditum
1571 2809 1769 2863 deces-

135 2910 284 2950 sores
313 2911 452 2950 suos
482 2897 708 2967 Egypti
745 2897 1037 2969 principes
1068 2898 1384 2970 accepisse.
1436 2896 1775 2953 Offendebat

137 2984 299 3039 etiam
331 2984 665 3040 obscuritas
699 2985 1007 3057 Bulgarica:
1029 2988 1218 3058 gentis
1248 3003 1456 3058 parum
1491 2986 1774 3041 hactenus

140 3071 374 3127 celebris
432 3073 586 3129 429
621 3090 725 3130 nec
760 3074 1007 3131 multum
1040 3092 1213 3148 posse
1238 3075 1556 3147 judicataa;
1593 3091 1772 3147 quare

140 3161 202 3215 ab
240 3161 366 3231 ipso
427 3167 548 3218 tota
578 3180 670 3219 res
693 3182 795 3235 pro
819 3170 1093 3237 suspecta
1124 3170 1350 3221 contem
1364 3170 1459 3237 pta
1487 3170 1597 3234 est,
1614 3164 1775 3235 lega-

138 3247 283 3320 tique
313 3249 551 3307 silentio
581 3253 834 3309 dimissi.
859 3253 1139 3309 Ceterum
1190 3254 1345 3309 {Elite
1388 3254 1772 3326 patriarcham

193 3306 207 3320 ,
532 3306 537 3307 ,
654 3306 683 3307 ί
873 3306 1139 3309 ,νηημ-
1390 3306 1772 3326 roman---”

136 3354 235 3393 sua
260 3340 506 3396 minime
556 3341 759 3398 fefellit
807 3342 1003 3414 opinio
1052 3343 1421 3416 Gregorium,
1457 3345 1513 3398 in
1543 3344 1614 3398 iis
1646 3360 1773 3414 quis
1806 3306 1849 3373 Ο

138 3428 198 3481 de
253 3428 384 3485 aliis
443 3430 675 3487 duobus
733 3433 1083 3503 patriarchis
1148 3438 1575 3489 autumaverat.
1630 3433 1775 3487 Nam

137 3517 531 3576 Antiochenus
562 3519 801 3592 quidem
842 3524 967 3593 jam
1019 3527 1146 3579 tum
1204 3522 1773 3594 Constantinopolim

136 3606 459 3677 advenerat,
507 3609 790 3666 liberatus
839 3629 870 3665 e
925 3613 1200 3667 manibus
1257 3612 1409 3684 regis
1464 3612 1774 3666 Armeniae.

140 3693 230 3748 Hic
258 3694 416 3750 enim
453 3712 552 3751 rex
583 3698 635 3753 ei
668 3699 1007 3770 patriarcha:
1051 3699 1341 3765 infensus,
1400 3704 1456 3755 et
1511 3716 1779 3755 amovere

140 3781 201 3835 de
232 3784 423 3840 medio
459 3785 658 3853 ipsum
689 3787 957 3859 cupiens,
994 3790 1140 3844 forte
1165 3790 1515 3844 incidentem
1550 3790 1604 3843 in
1639 3805 1778 3844 suas

141 3886 341 3928 manus
374 3875 700 3930 tradiderat
716 3875 1244 3934 certishominibus
1275 3879 1676 3933 abducendum
1712 3894 1778 3933 eo

142 3959 229 4014 ubi
259 3962 453 4032 perire
481 3962 654 4019 illum
692 3964 849 4021 brevi
892 3983 1128 4023 necesse
1184 3971 1352 4023 esset.
1414 3968 1480 4022 Et
1537 3966 1622 4021 illi
1682 3984 1780 4022 ac-

138 4054 357 4121 ceptum
392 4052 526 4124 rupi
590 4054 829 4110 desertae
862 4057 1008 4110 mari
1060 4057 1420 4112 circumfluus
1468 4057 1777 4112 commise-

139 4142 259 4193 rant
312 4140 384 4195 ad
436 4145 664 4197 certum
718 4144 983 4212 exitium,
1044 4145 1202 4201 omni
1263 4145 1480 4217 quippe
1538 4144 1781 4201 humani

139 4227 374 4284 subsidii
405 4232 866 4304 commerciique
898 4234 1191 4290 destitutas
1238 4235 1531 4290 facultate.
1564 4235 1781 4289 Verum

136 4313 221 4370 ille
249 4316 536 4376 liberatus
570 4320 725 4388 inde,
760 4327 824 4377 ut
854 4323 1065 4394 aiebat,
1100 4324 1319 4379 cmlesti
1363 4323 1577 4380 auxilio
1609 4324 1778 4379 thau-

138 4408 373 4480 maturgi
425 4409 674 4477 Nicolai,
705 4412 776 4465 ad
831 4412 1245 4484 imperatorem
1302 4414 1579 4485 confugit,
1634 4414 1781 4469 Con-

138 4496 577 4568 stantinopolim
612 4515 674 4555 se
727 4501 1050 4557 conferens.
1097 4502 1528 4559 Alexandrinus
1560 4508 1779 4571 autem,

137 4589 257 4653 post
282 4586 359 4642 ita
394 4603 529 4659 quae
559 4589 631 4644 de
689 4589 972 4661 religione
1029 4608 1216 4663 nuper
1266 4593 1491 4648 sancita
1541 4592 1782 4664 quidam

1876 1960 1984 2034 ἤδη
2017 1960 2378 2039 παρηϐηκότα
2426 1966 2785 2027 υἱοποιεῖσθαι
2818 1962 2996 2031 ἠξίου.
3050 1961 3147 2013 Καὶ
3195 1955 3260 2025 δὴ
3311 1957 3392 2011 ἐπ’
3443 1955 3531 2010 ἐκ·

1877 2052 2107 2120 κλησίας
2160 2057 2467 2129 περιφανῶς
2523 2056 2592 2125 τῇ
2653 2050 2832 2125 Μαρίᾳ
2890 2048 3093 2108 ἐκεῖνος
3151 2042 3529 2114 υἱοπεποίητο·

1880 2142 2013 2211 μετᾶ
2042 2140 2144 2215 γαρ
2175 2142 2269 2203 τὰς
2318 2146 2414 2196 τοῦ
2473 2142 2661 2215 ἱερέως
2713 2138 2974 2208 ἐντεύξεις
3024 2134 3116 2191 καὶ
3173 2133 3240 2189 τὰ
3294 2132 3377 2188 ἐπ’
3432 2131 3530 2187 αὐ-

1873 2235 1991 2291 ταῖς
2042 2235 2211 2306 φῶτα,
2246 2230 2549 2305 διασχοῦσα
2587 2231 2678 2285 τὸν
2731 2226 3024 2297 ἐπενδύτην
3074 2223 3241 2301 ἄμφω
3290 2220 3526 2297 Μιχαὴλ

1875 2318 1963 2373 καὶ
2014 2315 2445 2397 Σφεντίσθλαϐον
2502 2320 2627 2395 παρ’
2687 2319 2912 2393 ἑκάτερα
2963 2320 3070 2371 τῶν
3132 2313 3300 2382 αὐτῆς
3357 2312 3525 2387 ἀγκα-

1878 2406 1988 2461 λῶν
2047 2407 2230 2476 ἐτίθει,
2284 2409 2374 2464 καὶ
2432 2413 2721 2472 συνθεσιῶν
2757 2408 3065 2484 γενομένων
3116 2400 3381 2457 ἀπελύετο
3443 2400 3526 2454 ἐπ’

1879 2494 2036 2550 οἷ’κου
2094 2499 2208 2559 υἱὸς
2260 2498 2603 2570 κεκλημένος
2630 2503 2730 2567 τῆς
2786 2500 2895 2552 τῶν
2950 2490 3282 2566 Βουλγάρων
3313 2486 3527 2545 δεσποί-

1877 2606 1972 2655 νης
2036 2587 2170 2658 μετὰ
2226 2586 2461 2662 Μιχαὴλ
2520 2587 2548 2642 ὁ
2598 2579 3075 2663 Σφεντίσθλαϐος.
3125 2576 3296 2639 Οὔπω
3354 2576 3529 2639 πολὺς

1883 2807 2186 2864 abstinens
2219 2814 2412 2865 tamen
2444 2810 2666 2865 diserta
2692 2806 3167 2879 comprobatione
3201 2805 3324 2876 jam
3379 2807 3531 2861 acto-

1884 2914 2038 2965 rum,
2083 2914 2287 2954 verum
2344 2899 2416 2954 iis
2474 2900 3029 2972 quomodocumque
3081 2894 3259 2951 semel
3293 2894 3531 2950 statutis

1884 2987 2361 3058 intempestivum
2397 3004 2554 3043 nunc
2576 2988 2817 3060 quidem
2864 2984 3210 3043 existimans
3241 3000 3274 3039 a
3303 2998 3365 3038 se
3394 2998 3531 3037 con-

1884 3078 2230 3133 troversiam
2264 3080 2503 3134 moveri.

2085 3222 2140 3275 2.
2177 3223 2239 3279 Ut
2265 3225 2455 3278 Maria
2484 3221 2996 3294 Sphentiuhlabum
3026 3218 3323 3291 deceperit.

1961 3346 2199 3402 Interim
2230 3346 2412 3403 Maria
2444 3347 2787 3403 Michaelem
2822 3345 3005 3401 filium
3026 3348 3193 3401 etate
3214 3342 3535 3398 immatura

1883 3436 2146 3491 coronari
2170 3436 2696 3509 curavit,regieque
2724 3436 2861 3492 inde
2892 3434 3083 3491 alebat
3104 3433 3533 3503 educabatque,

1885 3525 1944 3581 in
1992 3524 2514 3582 acclamationibus
2548 3525 2799 3599 publicis
2842 3525 3032 3581 locum
3086 3524 3241 3579 480
3298 3522 3348 3578 ei
3403 3524 3534 3593 post

1886 3619 2154 3685 parentes
2186 3615 2474 3671 tribuens.
2508 3616 2616 3670 Sed
2652 3615 2740 3670 his
2767 3614 2929 3669 illam
2962 3613 3247 3668 intentam
3294 3614 3531 3666 contur-

1884 3703 2063 3759 babat
2095 3721 2127 3758 a
2151 3704 2632 3775 Sphcntisthlabo
2664 3704 2906 3760 molesta
2936 3700 3315 3773 suspicio,jus
3338 3698 3538 3769 utique

1888 3809 2002 3847 non
2027 3793 2406 3848 inverisimile
2430 3794 2501 3848 ad
2544 3792 2831 3865 Bulgaria;
2859 3790 3253 3864 principatum
3270 3787 3534 3857 habenti,

1886 3898 1991 3937 nec
2021 3883 2445 3938 contemnenda
2476 3882 2546 3938 ad
2574 3882 2631 3937 id
2664 3883 2948 3938 tuendum
2978 3878 3240 3953 potentia
3263 3877 3533 3946 subnixo,

1888 3973 2102 4043 quippe
2132 3972 2232 4043 qui
2266 3973 2508 4044 despota
2532 3973 2657 4042 jam
2692 3976 2865 4039 esset;
2899 3986 3080 4042 quare
3102 3968 3391 4041 Optimum
3420 3983 3531 4037 pu-

1886 4060 2028 4115 tavit
2059 4060 2208 4115 dolis
2239 4060 2401 4116 illum
2425 4062 2684 4134 aggredi,
2712 4064 2993 4133 praetextu
3018 4058 3240 4114 fraudis
3273 4056 3532 4111 indidem

1888 4154 2124 4220 sumpto
2158 4150 2311 4206 unde
2342 4168 2521 4206 causa
2552 4152 2662 4222 ipsi
2697 4167 2798 4222 pro
2832 4165 3009 4222 puero
3066 4145 3314 4202 timendi
3349 4146 3538 4215 major

1886 4244 2032 4305 erat,
2060 4255 2090 4293 e
2115 4240 2316 4295 morbo
2349 4239 2618 4295 videlicet
2640 4239 2793 4311 regis
2822 4246 2877 4295 et
2906 4237 3011 4292 viri
3044 4235 3136 4292 sui
3164 4232 3531 4290 Constantini

1889 4327 2014 4382 sine
2048 4344 2150 4399 spe
2182 4328 2604 4386 decumbentis.
2638 4328 2820 4384 Mittit
2848 4343 2985 4399 ergo
3017 4329 3208 4382 certos
3267 4322 3536 4379 homines

1889 4417 1959 4471 ad
1991 4417 2561 4488 Sphentisthlabum,
2624 4419 2722 4489 qui
2774 4422 3085 4490 postquam
3109 4413 3464 4487 juramentis
3484 4412 3536 4468 ei

1890 4522 2066 4577 quam
2102 4506 2812 4577 religiosissimissinceraa
2842 4506 2902 4561 in
2927 4507 3121 4577 ipsum
3146 4503 3337 4561 Mariae
3360 4503 3536 4558 bene-

1888 4594 2150 4650 volentia:
2182 4598 2355 4652 ﬁdem
2398 4596 2800 4669 plenissimam
2834 4595 3129 4663 fecissent,
3161 4608 3340 4665 quam
3363 4590 3536 4648 blan-

135 4671 542 4745 improbabant
576 4684 809 4735 evectus
839 4679 899 4734 in
933 4680 1236 4747 thronum,
1297 4686 1554 4737 retexere
1614 4682 1776 4753 prius
1807 4670 1854 4734 D
1889 4684 2133 4740 dissime
2162 4691 2432 4758 rogarent
2461 4687 2656 4741 venire
2682 4686 2753 4741 ad
2806 4685 2993 4757 ipsam
3043 4700 3114 4739 ne
3171 4685 3538 4754 gravaretur.

140 4765 254 4818 acta
283 4782 398 4821 non
434 4769 706 4837 curavit;
759 4786 940 4841 quare
971 4770 1205 4841 quietus
1266 4772 1664 4842 permanebat,
1716 4787 1782 4827 eo

138 4858 389 4915 securius
415 4860 581 4931 quod
617 4860 1133 4933 propterlocorum
1168 4862 1269 4917 ubi
1300 4862 1784 4934 degebatlongin-

139 4948 409 5016 quitatem
443 4967 479 5005 a
538 4952 1044 5025 Constantinopoli
1078 4953 1319 5009 minime
1351 4955 1781 5028 aspergendum

138 5051 246 5093 sese
297 5041 628 5098 conﬁderet
684 5041 1079 5114 qualicunque
1138 5044 1357 5098 invidia
1415 5060 1610 5099 rerum
1662 5042 1782 5098 illic

136 5127 589 5200 transactarum,
626 5132 948 5202 prasertim
983 5134 1053 5187 ad
1104 5150 1348 5204 quarum
1379 5133 1505 5206 ipse
1536 5134 1781 5190 consilia

134 5221 355 5275 vocatus
389 5238 511 5277 non
550 5221 775 5277 fuisset.
828 5222 1154 5278 Accedebat
1212 5224 1367 5295 quod
1420 5222 1643 5287 multis,
1679 5222 1780 5277 ubi

134 5309 241 5358 erat
271 5306 423 5363 inter
459 5311 752 5367 Barbaros
800 5328 947 5366 veras
995 5310 1295 5382 religionis
1327 5313 1525 5368 hostes
1556 5313 1778 5378 vivens,

136 5393 374 5455 adversis
408 5400 811 5467 conﬂictatus,
871 5402 1175 5457 obstruere
1211 5402 1318 5457 sibi
1367 5420 1541 5474 quem
1593 5419 1775 5458 unum

140 5480 335 5542 habeat
368 5490 440 5545 ad
477 5490 830 5563 confugium
865 5496 1133 5562 paratum
1170 5498 1403 5561 portum
1436 5493 1633 5564 gratia:
1666 5492 1779 5546 im-

139 5579 405 5642 peratoris
436 5597 469 5636 e
504 5597 570 5637 re
601 5597 710 5636 sua
740 5597 854 5637 non
888 5579 1364 5654 putabat.ltaque
1384 5582 1701 5638 obnoxium
1718 5598 1779 5637 se

141 5660 213 5717 illi
243 5681 274 5721 a
305 5683 422 5740 quo
455 5669 748 5727 solatium
777 5672 1138 5742 exspectaret
1168 5670 1435 5741 praebuit,
1467 5671 1613 5728 nihil
1645 5687 1776 5727 suc-

142 5766 369 5815 causam
400 5760 477 5818 ab
509 5775 584 5818 eo
618 5759 1085 5827 constitutis,sed
1118 5759 1372 5833 quietem
1393 5762 1775 5835 amplectens,

1892 4778 2221 4831 Persuasus
2273 4775 2370 4832 ille
2430 4792 2495 4832 ac
2558 4777 2741 4833 fretus
2802 4774 3080 4846 religione
3121 4770 3538 4844 jurisjurandi,

1889 4865 2224 4921 Ternobum
2259 4882 2321 4923 se
2351 4867 2594 4922 confert.
2639 4864 2758 4920 Nec
2815 4864 2895 4919 ibi
2956 4867 3306 4934 aspernatus
3362 4875 3538 4915 senex

1891 4970 2152 5010 annosus
2182 4959 2271 5011 est
2302 4955 2610 5011 ridiculam
2643 4973 2676 5011 a
2700 4958 2865 5010 tanto
2887 4951 3112 5024 juniori
3135 4950 3353 5007 femina
3378 4948 3535 5004 obla-

1889 5047 2010 5099 tam
2043 5045 2443 5115 adoptionem,
2479 5062 2606 5117 qua:
2641 5044 2876 5099 fratrem
2936 5041 3131 5107 illum,
3183 5047 3240 5095 et
3296 5038 3531 5111 quidem

1891 5130 2420 5203 minorem,fareret
2446 5132 2671 5206 pueruli
2704 5131 2996 5187 lactentis.
3053 5131 3166 5185 Res
3226 5127 3416 5202 palam
3470 5126 3530 5180 in

1888 5221 2131 5278 ecclesia
2158 5222 2451 5279 celebrata
2500 5224 2584 5280 sic
2615 5226 2724 5278 est.
2767 5225 2903 5276 Post
2932 5218 3225 5275 adhibitos
3258 5236 3291 5273 a
3340 5231 3532 5273 sacer-

1888 5310 2021 5366 dote
2053 5311 2346 5368 solemnes
2372 5313 2429 5367 in
2459 5312 2677 5367 talibus
2708 5326 2986 5366 occursus
3022 5307 3459 5364 benedictiones
3476 5308 3533 5358 et

1889 5399 2035 5455 ritus
2068 5406 2326 5469 caeteros,
2361 5419 2572 5475 magno
2621 5400 2909 5456 allucente
2941 5396 3228 5453 funalium
3264 5409 3530 5457 numero,

1887 5490 2065 5545 Maria
2098 5490 2321 5563 regium
2363 5493 2647 5547 diducens
2680 5489 2921 5562 pallium
2955 5486 3158 5543 ambos
3187 5485 3321 5541 hinc
3353 5489 3532 5554 atque

1884 5578 2022 5635 inde
2044 5580 2202 5636 ulnis
2233 5577 2860 5649 admovit,Michaelem
2894 5576 3199 5648 pusionem
3233 5592 3298 5632 ac
3326 5589 3527 5632 senem

1885 5668 2461 5741 Sphentisthlabum;
2492 5690 2524 5728 e
2575 5670 2795 5743 quibus
2825 5666 2919 5722 hic
2977 5665 3037 5722 in
3085 5666 3244 5722 hunc
3287 5665 3527 5720 modum

1885 5758 2097 5817 fcedere
2127 5762 2371 5830 sancito,
2406 5763 2645 5820 domum
2677 5756 2880 5816 retulit
2909 5771 3121 5813 novum
3151 5755 3393 5813 titulum
3426 5752 3533 5810 filii
