4210 6448
644 371 753 426 887

1952 374 2251 429 GEORGII
2290 377 2752 431 PACHYMBBE

3960 363 4062 420 888

646 496 855 570 χρόνος
884 495 1008 572 τήν
1037 494 1312 549 υἱοποιίαν
1363 494 1710 570 παρεμέτρει,
1760 497 1850 550 καὶ
1899 493 2295 569 δολιευσαμένη
2327 499 2631 572 Αχοίροις
2702 498 2765 551 τὸ
2835 497 3087 566 παράπαν
3166 489 3606 565 ἐκδεδιῃτημένῳ
3679 490 3769 544 καὶ
3843 490 4064 566 ἀφελῶς

645 573 839 629 κτείνει
906 576 941 642 ἡ
994 571 1156 642 δῆθεν
1218 577 1400 650 μήτηρ
1430 579 1520 629 τὸν
1567 577 1927 638 υἱοποιεῖσθαι
1986 577 2300 630 πιστεύσαν-

647 683 734 718 τα.
797 660 955 718 Ἀλλ’
1007 665 1040 730 ἡ
1078 662 1206 733 Δίκη
1269 663 1374 739 οὐχ
1435 663 1615 738 ὥσπερ
1676 662 1794 726 ἔθος
1848 663 1984 735 αὐτῇ
2019 667 2086 718 τὰ
2115 663 2302 720 πολλά

646 750 968 823 κατημέλει,
1003 750 1128 805 ἀλλ’
1187 753 1375 820 ἀνιστᾷ
1431 754 1520 806 τὸν
1557 753 1924 822 ἐκζητήσοντα
1947 757 2008 807 τὸ
2040 759 2177 826 αἷμα
2206 760 2301 808 τοῦ

646 838 850 901 ἀδίκως
880 838 1300 916 πεφονευμένου.
1345 841 1448 896 Καὶ
1495 842 1522 894 ὁ
1574 841 1741 916 λόγος
1791 843 1989 906 ἀνωθει
2048 843 2300 918 βούλεται

654 928 932 1001 μεθελθεῖν
965 928 1030 982 τά
1057 935 1156 998 τῆς
1188 926 1516 1003 διηγήσεως.

649 1090 718 1164 γ’.
779 1089 852 1143 Τά
919 1089 1054 1144 κατά
1111 1091 1208 1166 τὸν
1262 1097 1515 1165 Λαχανᾶν
1570 1095 1834 1166 ἀρχῆθεν,
1883 1095 1971 1148 καὶ
2013 1094 2160 1158 ὅπως
2210 1097 2300 1151 τὸν

1080 1165 1486 1218 Κωνσταντῖνον
1531 1165 1874 1241 πεφόνευκεν.

719 1289 818 1343 Ἢν
851 1287 1090 1361 ἀγρότης
1131 1289 1302 1345 ἐκεῖσε
1356 1294 1553 1362 μισθοῦ
1603 1292 1811 1367 βόσκων
1864 1294 2112 1368 χοίρους,
2169 1301 2304 1368 Κορ-

652 1372 916 1438 δόκουϐας
996 1377 1359 1450 κεκλημένος·
1433 1383 1494 1436 τὸ
1568 1379 1615 1435 δ’
1688 1378 1858 1454 ὄνομα
1927 1385 1960 1451 ἠ
2021 1382 2302 1453 Ἑλλήνιον

648 1463 870 1540 γλῶσσα
899 1467 974 1529 εἰς
1007 1467 1246 1542 λάχανον
1297 1465 1647 1542 ἐκλαμϐάνει,
1697 1471 1786 1524 καὶ
1836 1477 2088 1546 Λαχανᾶς
2134 1472 2308 1527 ἐντεῦ-

650 1559 734 1609 θεν
788 1556 1112 1632 φημίζεται.
1176 1559 1348 1620 Οὗτος
1400 1565 1506 1613 τῶν
1570 1561 1772 1634 χοίρων
1835 1560 2114 1632 ἐπιμελῶς
2161 1558 2304 1636 ἔχων

658 1645 848 1699 ἑαυτοῦ
896 1644 1220 1718 κατημέλει,
1283 1646 1393 1702 οὔτ’
1435 1648 1520 1702 ἐπὶ
1577 1655 1802 1724 τροφαῖς
1854 1648 1967 1703 οὔτ’
2015 1651 2096 1702 ἐπ’
2155 1649 2305 1705 ἐνδύ-

656 1755 816 1806 μασιν
865 1733 1303 1808 ἀσχολούμενος,
1339 1739 1416 1809 [Ρ.
1453 1740 1578 1809 285]
1638 1740 1788 1810 μόνῳ
1817 1737 1859 1792 δ’
1897 1738 2042 1814 ἄρτῳ
2089 1740 2304 1808 ἀποζῶν

652 1823 739 1876 καὶ
804 1825 1012 1898 ἀγρίοις
1070 1823 1335 1900 λαχάνοις
1391 1827 1692 1900 ἀπερίττως
1746 1829 1860 1902 εἶχε
1918 1829 2004 1882 καὶ
2065 1828 2301 1904 ἀφελῶς,

653 1912 743 1967 καὶ
803 1913 938 1988 πρὸς
999 1913 1122 1975 τοὺς
1197 1914 1440 1989 ἑταίρους
1508 1917 1594 1970 καὶ
1668 1916 1861 1979 αὐτοὺς
1926 1920 2040 1972 κατ’
2097 1920 2296 1974 ἐκεῖνον

653 1996 812 2063 ὄντας
866 2006 947 2064 οἷς
1009 2001 1206 2077 διεξῄει
1264 2004 1558 2071 πολλάκις,
1622 2004 1790 2073 δῆλος
1837 2009 1903 2074 ἦν
1938 2008 2147 2081 μεγάλα
2179 2011 2300 2081 περί

652 2091 841 2145 ἑαυτοῦ
896 2089 1320 2166 φανταζόμενος.
1378 2095 1440 2147 Οἱ
1487 2092 1543 2148 δὲ
1575 2093 1680 2170 οὺχ
1727 2096 1888 2164 ἧττον
1931 2097 2232 2172 κατεγελων
2265 2101 2297 2166 ἢ

651 2182 756 2252 μὴν
809 2179 1104 2237 ἐπίστευον.
1167 2183 1437 2245 Ἐντεῦθεν
1486 2183 1688 2244 ἐκεῖνος
1737 2185 2013 2246 τοιαύταις
2063 2185 2160 2240 οὐκ
2200 2185 2301 2240 οἶδ’

644 2267 838 2333 ὁπόθεν
900 2272 1083 2326 ἐλπίσι
1149 2272 1483 2346 μετεωρίσας
1512 2274 1601 2327 τὸν
1634 2279 1752 2327 νοῦν
1808 2274 1978 2346 ἐαυτῷ
2010 2283 2299 2352 προσεῖχε,

637 2359 725 2412 καὶ
788 2359 953 2434 εὐχὰς
1005 2359 1266 2416 ἀπεδίδου
1326 2368 1441 2432 Θεῷ
1500 2364 1574 2422 ὡς
1609 2362 1752 2437 ἔχων
1815 2361 1992 2439 ἔτυχε⁸
2038 2370 2143 2419 ποῦ
2201 2368 2299 2441 γὰρ

638 2444 826 2520 ἐκείνῳ
889 2451 1047 2521 μετὸν
1118 2451 1206 2504 καὶ
1263 2450 1420 2514 θείων
1482 2451 1682 2527 λογίων
1744 2451 1838 2506 κᾶν
1897 2452 1983 2506 ἐπὶ
2043 2458 2189 2523 νοῦν,
2252 2454 2301 2508 ἐν

636 2542 754 2599 τοῖς
815 2538 1004 2613 ἀγροῖς
1058 2537 1151 2594 *ίσα
1219 2540 1306 2595 καὶ
1365 2546 1484 2602 τοῖς
1544 2543 1668 2616 παρ’
1722 2541 1886 2596 αὐτοῦ
1948 2543 2300 2617 βοσκομένοις

642 2762 900 2819 domina
916 2761 1307 2833 Bulgarorum
1332 2779 1364 2817 a
1394 2760 1680 2817 Michaele
1706 2779 1884 2834 puero
1909 2764 2302 2819 secundi.Non

646 2853 901 2908 multum
927 2853 998 2907 ab
1033 2851 1136 2907 hac
1169 2853 1483 2923 adoptione
1506 2856 1739 2923 tempus
1775 2858 2303 2924 processerat,cum

647 2943 1113 2998 circumventum
1147 2941 1403 3009 insidiis,
1436 2958 1502 2995 eo
1535 2941 1767 2995 facilius
1801 2943 1953 3012 quod
1998 2960 2028 2995 a
2059 2942 2169 2996 sibi
2205 2958 2302 2996 ca-

647 3031 837 3086 vendo
871 3031 1087 3084 ﬁducia
1117 3045 1249 3084 eum
1286 3046 1445 3084 nova
1501 3034 1810 3085 contracta
1853 3031 2305 3086 necessitudinis

650 3122 958 3183 averterat,
991 3119 1224 3190 egregia
1263 3126 1448 3174 mater
1482 3120 1825 3190 adoptatum
1849 3121 2077 3176 occidit.
2113 3121 2186 3175 At
2213 3119 2304 3174 di-

2406 585 2630 662 ἔχοντι;
2694 586 2930 647 Σύννους
2983 584 3072 637 οὖν
3131 583 3198 635 τὰ
3253 579 3441 635 πολλὰ
3494 577 3716 652 διάγων,
3761 576 3853 631 καὶ
3906 575 4062 630 οὐδὲν

2406 672 2686 748 προῦργου
2737 675 3020 745 τιθέμενος
3050 679 3150 739 τῆς
3207 671 3342 743 πρὸς
3399 669 3579 743 ἀρχήν
3623 688 3745 721 τινα
3793 667 4065 720 καταστά-

2407 787 2561 834 σεως,
2614 764 2981 827 πολλάκιςτά
3011 762 3144 816 αὐτά
3193 760 3390 834 διεξῄει
3439 766 3556 820 τοῖς
3611 757 3870 832 ἀγρόταις
3929 757 4066 810 ἐκεί-

2406 876 2521 916 νοις
2573 855 2662 909 καὶ
2722 848 3044 928 συφορϐοῖς,
3075 851 3244 926 ἁγίων
3301 851 3447 911 τινάς
3483 849 3732 923 ἐντυχίας
3766 846 3948 923 λέγων
3981 851 4066 900 καί

2405 946 2796 1016 παρακινήσεις
2853 944 2946 1002 τάς
3004 943 3131 1014 παρ’
3189 939 3405 993 ἐκείνων
3439 939 3513 998 εἰς
3547 939 3575 991 ὃ
3627 943 3919 1005 κινηθῆναι
3980 936 4066 988 καὶ

2408 1031 2596 1095 ἔθνους
2659 1032 2832 1105 ἄρξαι.
2893 1033 3072 1086 Ταῦτα
3131 1026 3406 1088 πολλάκις
3461 1025 3668 1096 διεξιὼν
3727 1022 4064 1078 ἐπιστεύετο.

2409 1123 2508 1178 Καὶ
2543 1119 2650 1190 ἤδη
2686 1120 2871 1181 ἀλλως
2906 1125 3206 1194 προσεῖχον
3247 1116 3394 1188 αὑτῷ
3425 1118 3458 1185 ἢ
3491 1116 3564 1176 ὡς
3595 1112 3789 1168 ἐδόκει·
3824 1115 3928 1181 τήν
3964 1115 4065 1186 γὰρ

2408 1209 2744 1284 προθεσμίαν
2798 1208 2956 1284 ἐγγὺς
2995 1207 3197 1278 ἐδήλου
3255 1211 3352 1261 τοῦ
3400 1207 3711 1273 κινηθῆναι.
3769 1207 3918 1266 Μιᾶς
3976 1201 4064 1257 οὖν

2406 1298 2469 1354 τὸ
2526 1301 2627 1367 τῆς
2688 1300 2866 1374 ὁρμῆς
2919 1298 3169 1369 σύνθημα
3228 1295 3403 1369 λέγων
3465 1289 3674 1362 λαϐεῖν,
3706 1292 3881 1347 αὐτίκ’
3919 1292 4066 1347 ἐκεί-

2409 1411 2530 1449 νους
2590 1388 2865 1466 ἐφέλκεται
2899 1387 3035 1461 πρὸς
3085 1387 3183 1453 τήν
3231 1387 3422 1438 ἑαυτοῦ
3474 1382 3781 1458 θεραπείαν,
3830 1380 4067 1450 κάκείνῳ

2408 1476 2629 1532 ἕπονται
2689 1477 2762 1541 ὡς
2822 1478 2962 1550 μέγα
3007 1497 3056 1529 τι
3118 1474 3429 1543 ἐλπίζοντες
3477 1472 3717 1546 πράξειν.
3750 1471 4061 1544 Ἀπέρχον-

2407 1588 2495 1621 ται
2536 1571 2667 1639 γοῦν
2723 1567 2801 1626 εἷς
2849 1566 3061 1640 χώραν,
3115 1565 3201 1618 καὶ
3262 1565 3322 1617 τὸ
3379 1567 3475 1616 τοῦ
3531 1555 3806 1637 συφορϐοὖ
3857 1558 4066 1631 κηρύτι

2409 1676 2594 1708 τουσιν
2654 1650 2848 1726 ὄνομα,
2913 1654 2985 1714 ὡς
3037 1652 3217 1714 θεόθεν
3259 1653 3357 1720 ἧκέ
3383 1651 3434 1704 οἱ
3473 1653 3570 1704 τοῦ
3604 1647 3752 1722 ἄρξαι
3787 1647 4061 1718 σύνθημα.

2414 1745 2514 1800 Καὶ

2596 1745 2707 1816 ἅμα
2785 1741 3036 1818 λέγοντες
3111 1738 3361 1808 ἔπειθον,
3442 1739 3532 1793 καὶ
3617 1737 4068 1808 προσεπετίθεντο

2333 1831 2638 1936 Βπλείους
2691 1835 2954 1901 ἑκάστης.
3021 1831 3279 1891 Κάκεῖνος
3338 1829 3473 1903 πρὸς
3531 1828 3592 1881 τὸ
3652 1826 4069 1899 εὐσταλέστερον

2546 1918 2673 1936 ..η
2873 1922 2884 1934 .
3070 1921 3080 1936 ,
3279 1921 3289 1936 ,
3353 1917 3364 1934 ,
3439 1915 3550 1936 λθ,
3843 1915 3855 1931 .
4017 1917 4025 1926 .

2416 1918 2803 1994 μετεϐάλλετο,
2862 1921 3183 1994 ἀμπεχόνην
3243 1921 3289 1972 τ’
3349 1915 3715 1972 ἐνεδιδύσκετο
3769 1915 3859 1969 καὶ
3921 1917 4066 1968 σπά-

2413 2023 2511 2080 θην
2587 2011 2979 2080 περιεζώννυτο
3043 2008 3218 2062 ’ίππου
3273 2014 3318 2061 τ’
3377 2002 3642 2077 ἐπέϐαινε⁹
3699 2005 3784 2059 καὶ
3849 2003 4067 2080 ἐθάῤῥει

2410 2102 2545 2172 πρὸς
2602 2095 2727 2175 ἔργα
2790 2101 2959 2171 μείζω
3023 2099 3204 2168 ἣκατ’
3235 2097 3418 2154 αὐτόν.
3477 2099 3589 2153 Τοῦ
3619 2101 3744 2170 γοῦν
3781 2098 4068 2151 Κωνσεαν-

2409 2189 2559 2242 τίνου
2616 2190 2850 2249 ἀσθενῶς
2897 2193 2991 2242 τοῦ
3042 2189 3297 2260 σώματος
3357 2184 3585 2261 ἔχοντος
3619 2185 3700 2258 (τὸ
3733 2184 3836 2258 γὰρ
3870 2183 4070 2242 σκέλος

2410 2279 2671 2351 κατεαγὸς
2719 2271 2861 2352 ἔχων
2895 2277 3148 2346 ἀκίνητος
3198 2277 3290 2345 ἦν,
3348 2272 3444 2329 κάν
3506 2295 3613 2328 που
3672 2273 3761 2326 καὶ
3812 2271 4072 2334 ἀπελθεῖν

2409 2362 2539 2431 ἔδει,
2571 2368 2650 2440 ἐφ’
2686 2367 2895 2438 ἀμάξης
2949 2365 3166 2442 ἐφέρετο
3199 2365 3396 2441 φόρτος
3426 2363 3594 2434 κενὸς)
3648 2361 3854 2417 πολλοὶ
3895 2382 4078 2414 κατω-

2412 2455 2716 2530 λιγώρουν,
2764 2457 2855 2510 καὶ
2891 2453 3105 2528 μᾶλλον
3135 2455 3184 2508 οἱ
3216 2454 3500 2528 πρόσοικοι
3550 2451 3815 2526 Τόχαροι,
3878 2447 4072 2523 ἐκδρο-

2416 2546 2518 2619 μάς
2580 2547 2809 2615 ἑκάστης
2851 2549 3134 2606 ποιοῦντες
3181 2544 3270 2598 καὶ
3321 2546 3516 2598 Μυσῶν
3576 2537 3746 2602 ὅντως
3794 2537 3945 2594 λείαν
4007 2539 4074 2593 τά

2415 2766 2612 2820 tuendi
2649 2766 3035 2837 principatus,
3062 2780 3235 2834 quem
3271 2761 3437 2833 quasi
3471 2762 3541 2816 ad
3577 2775 3816 2830 scopum
3851 2763 3986 2813 acta
4021 2765 4076 2813 et

2417 2856 2836 2910 meditamenta
2866 2860 3074 2908 cuncta
3106 2870 3212 2907 sua
3237 2852 3533 2922 dirigeret.
3583 2847 3968 2918 Hahebatque
4001 2847 4074 2902 de

2416 2943 2634 2997 talibus
2665 2945 2734 2998 ad
2772 2961 2910 2999 suos
2944 2942 3076 2998 illos
3107 2940 3337 2996 sodales
3371 2941 3622 2994 rusticos
3668 2943 3724 2992 et
3781 2935 4070 2990 subulcos

2416 3033 2601 3088 serios
2633 3051 2782 3103 sape
2810 3049 3132 3100 sermones,
3166 3046 3499 3086 memorans
3535 3028 3682 3083 mira
3731 3026 3911 3081 etiam
3943 3025 4072 3080 visa

2416 3127 2474 3176 et
2505 3122 2788 3190 quaedam
2815 3121 3209 3193 apparitiones
3237 3124 3598 3182 sanctorum,
3636 3133 3669 3171 a
3699 3115 3920 3185 quibus
3956 3115 4069 3167 im-

646 3208 780 3299 vina
828 3207 1064 3299 justitia
1110 3224 1223 3262 non
1285 3224 1400 3278 qua
1424 3208 1570 3299 solet
1601 3209 1658 3263 in
1689 3210 1979 3280 plerisque
2012 3209 2292 3280 patientia
2326 3233 2369 3299 Ο
2410 3211 2543 3282 pelli
2580 3227 2639 3265 se
2673 3211 2863 3266 aiebat
2893 3212 2963 3265 ad
2993 3212 3201 3281 jugum
3226 3207 3638 3263 excutiendum
3662 3210 3714 3261 et
3743 3204 3854 3258 sibi
3885 3220 4067 3258 usur-

645 3296 882 3352 sceleris
916 3296 1092 3367 huius
1126 3313 1356 3366 poenam
1383 3298 1633 3352 distulit.
1668 3299 1874 3354 Statim
1900 3299 2170 3353 excitavit
2194 3297 2295 3368 qui

641 3386 988 3458 sanguinem
1027 3386 1204 3457 impie
1252 3387 1384 3441 casi
1419 3388 1762 3458 requireret.
1823 3389 2002 3458 Cujus
2052 3392 2296 3443 eventus

642 3476 896 3532 narratio
929 3475 1103 3546 paulo
1135 3475 1314 3531 altius
1342 3478 1656 3547 repetenda
1689 3482 1793 3532 est.

642 3617 695 3672 3.
743 3617 913 3672 Initia
964 3615 1251 3684 Lachana,
1302 3626 1353 3673 et
1400 3622 1459 3672 ut
1502 3621 1557 3698 is
1610 3617 2037 3674 Constantinum
2065 3620 2298 3688 interfe-

1392 3699 1544 3744 cerzt.

721 3834 856 3888 Erat
885 3833 942 3887 in
979 3835 1048 3888 iis
1065 3835 1328 3906 partibus
1344 3835 1600 3889 rusticus
1616 3836 1851 3905 quidam
1877 3837 2141 3892 mercede
2159 3854 2294 3909 por-

649 3939 748 3978 cos
780 3924 1430 3994 pascens,Cordocubas
1462 3923 1812 3996 appellatus,
1864 3925 1952 3980 cui
1986 3926 2107 3981 voci
2166 3943 2297 3982 cum

648 4012 914 4082 quadam
972 4013 1194 4067 inesset
1252 4030 1362 4068 usu
1405 4012 1706 4084 popularis
1757 4014 1874 4068 illic
1907 4016 2051 4070 431
2089 4015 2297 4088 lingua

647 4100 823 4156 oleris
880 4101 1059 4172 notio,
1109 4102 1291 4158 Graeci
1348 4104 1447 4172 qui
1506 4102 1637 4158 olus
1696 4103 2008 4158 lachanum
2071 4111 2297 4172 vocant,

647 4190 849 4255 istum,
902 4191 1002 4246 ubi
1052 4193 1218 4263 capit
1265 4193 1653 4253 innotescere.
1690 4193 1981 4248 hominem
2019 4195 2298 4249 Lachana

648 4279 927 4334 vocabulo
961 4278 1534 4335 celebraveruntllic
1569 4280 1649 4334 ita
1679 4279 1923 4336 sollicite
1954 4282 2164 4337 suibus
2189 4283 2300 4338 sibi

649 4370 1075 4439 commendatis
1139 4371 1405 4425 attendat
1493 4374 1555 4424 ut
1618 4385 1746 4424 sese
1798 4370 2140 4441 negligeret,
2185 4389 2299 4426 non

651 4474 866 4512 curans
897 4459 1035 4529 quid
1071 4459 1296 4514 vestiret
1329 4463 1432 4513 aut
1485 4475 1602 4530 quo
1661 4465 2011 4531 vesceretur,
2047 4460 2298 4516 naturali

653 4546 1092 4618 simplicissime
1126 4550 1454 4618 defungens
1477 4547 1656 4615 victu,
1691 4548 1814 4602 solo
1838 4566 1984 4619 pane
2015 4555 2072 4604 et
2104 4550 2303 4605 herbis

656 4613 987 4706 agrestibus
1003 4613 1757 4692 conten!us‘.’Familiaribus
1791 4613 2065 4692 utebatur
2091 4639 2304 4693 indolis
2337 4613 2382 4678 D

658 4730 716 4782 et
747 4727 1112 4784 educationis
1143 4728 1353 4782 similis
1386 4725 1780 4794 homunculis;
1803 4728 2020 4798 quibus
2051 4728 2305 4800 plerum-

664 4832 778 4887 que
811 4833 1023 4888 magna
1048 4820 1117 4872 de
1148 4835 1210 4874 se
1234 4820 1498 4890 quadam
1535 4821 1671 4877 olim
1699 4823 1892 4876 futura
1923 4820 2090 4891 quasi
2112 4818 2305 4873 vatici-

663 4907 1280 4978 nansjactabat,sape
1303 4908 2303 4981 illisirridentibus,nonnnunquam

659 4996 833 5051 etiam
862 5013 976 5050 non
1009 4995 1178 5067 plane
1210 4999 1677 5056 detrectantibus
1735 5003 1986 5057 credere.
2050 5001 2151 5055 His
2209 4999 2306 5055 ille

659 5085 855 5139 nescio
886 5086 1042 5140 unde
1073 5087 1290 5158 spebus
1321 5087 1582 5157 inﬂatus,
1637 5093 1980 5163 gravitatem
2039 5089 2306 5145 affectare

659 5177 831 5246 capit
862 5175 1652 5252 insolitam,componereque
1675 5199 1735 5237 se
1757 5182 1814 5236 in
1849 5180 2104 5253 speciem
2138 5195 2305 5235 sanc-

656 5267 1228 5341 timonia,colligens
1260 5270 1509 5325 subinde
1541 5271 1892 5342 animum,et
1925 5273 2106 5327 Deum
2143 5272 2302 5325 invo-

657 5373 796 5412 cans
831 5359 1045 5428 quibus
1082 5361 1166 5415 uti
1226 5366 1454 5432 poterat
1500 5363 1771 5432 precibus
1824 5363 1996 5418 homo
2038 5363 2304 5417 funditus

659 5447 852 5502 omnis
881 5448 1272 5505 institutionis
1301 5452 1709 5524 rudis,quippe
1756 5455 1812 5508 in
1860 5453 2016 5524 agris
2077 5468 2306 5521 semper

657 5541 925 5591 versatus
944 5540 1253 5608 pascendis
1269 5541 1529 5596 intentus
1557 5541 2307 5614 porcis.Apparebatigitur

665 5625 786 5681 fere
817 5629 1275 5698 cogitabundus,
1300 5632 1490 5686 verbis
1523 5649 1673 5703 sape
1706 5633 2050 5704 signiﬁcans
2079 5630 2306 5686 volvere

656 5733 720 5774 se
747 5717 942 5774 animo
975 5720 1171 5778 nescio
1192 5739 1368 5793 quam
1401 5722 1899 5780 machinationem
1930 5722 2062 5781 novi
2094 5718 2310 5777 consti-

2410 3302 2666 3372 pandum
2688 3302 2880 3371 gentis
2913 3299 3245 3370 imperium.
3282 3296 3583 3367 Ejusmodi
3609 3301 3728 3349 tam
3761 3309 3915 3364 sape
3950 3293 4072 3346 dis-

2407 3391 2610 3460 seruit,
2639 3396 2704 3444 ut
2735 3389 3114 3460 quantumvis
3144 3385 3578 3441 incredibilium
3613 3384 3788 3438 ﬁdem
3824 3382 4066 3436 faceret.

2405 3479 2654 3550 Jamque
2685 3479 2796 3534 alio
2829 3479 2878 3533 ei
2907 3479 3169 3550 plerique
3201 3475 3392 3530 studio
3441 3490 3615 3544 quam
3654 3474 3818 3543 prius
3871 3474 4068 3525 atten-

2406 3568 2900 3635 debant,maxime
2923 3583 3056 3620 cum
3089 3565 3341 3620 ediceret
3364 3563 3534 3618 fatale
3553 3568 3784 3633 tempus
3815 3561 4072 3615 decreta

2407 3657 2518 3711 sibi
2552 3657 2836 3712 divinitus
2866 3655 3139 3726 potentia
3171 3654 3501 3722 imminere,
3547 3666 3793 3720 moxque
3826 3666 3889 3705 se
3914 3650 4070 3718 feru-

2406 3754 2642 3819 pturum
2681 3750 2739 3802 in
2763 3749 2888 3817 ejus
2906 3745 3248 3816 arripienda
3271 3747 3751 3814 conatum,quem
3781 3757 4068 3813 prospero

2407 3855 2680 3894 successu
2715 3836 3132 3892 fortunandum
3167 3835 3360 3889 sciret.
3396 3833 3485 3888 Ad
3513 3832 3634 3888 hac
3677 3830 3924 3886 arrectis
3958 3829 4070 3885 ali-

2407 3928 2668 4000 quandiu
2700 3928 2894 3983 subito
2917 3927 3069 3980 diem
3104 3923 3526 3996 pronuntiavit,
3576 3939 3693 3994 qua
3733 3919 3826 3975 die
3860 3919 4067 3992 prodi-

2406 4022 2576 4073 turus
2632 4021 2786 4072 esset
2844 4033 2872 4070 e
2922 4015 3162 4069 latebris
3211 4018 3266 4068 et
3315 4016 3546 4067 maturo
3597 4013 3720 4082 jam
3781 4009 4070 4079 praeclaro

2407 4111 2592 4176 capto
2626 4106 2758 4161 felix
2789 4109 3026 4161 auctore
3048 4111 3160 4159 Deo
3193 4101 3523 4173 auspicium
3560 4101 3830 4156 daturus.
3880 4098 4074 4154 Nemo

2409 4197 2698 4250 dubitavit
2726 4201 2827 4250 aut
2859 4194 3068 4249 renuit.
3102 4191 3557 4247 Conclamarunt
3587 4205 3790 4244 omnes
3823 4188 4077 4242 duceret

2409 4303 2524 4356 quo
2546 4285 2756 4355 vellet;
2802 4301 2864 4340 se
2923 4283 3194 4339 alacriter
3250 4280 3310 4336 in
3363 4279 3593 4337 cunctis
3653 4279 4073 4333 obsecuturos.

2409 4375 2525 4429 Nec
2558 4375 2711 4429 facta
2741 4375 2915 4428 dictis
2948 4371 3364 4427 abfuere.482
3399 4370 3639 4423 Addunt
3667 4365 4080 4436 addicuntque

2409 4464 2521 4535 ipsi
2554 4480 2616 4519 se
2652 4466 3001 4534 frequentes,
3035 4461 3265 4533 magnis
3297 4461 3432 4516 elati
3457 4457 4081 4531 spebus.Cursantper

2416 4552 2716 4623 regionem
2747 4552 3181 4624 proclamantes
3213 4547 3526 4604 subulcum
3552 4565 3585 4602 a
3639 4546 3755 4602 Deo
3789 4543 4078 4606 missum,

2415 4648 2470 4696 et
2501 4643 2572 4696 ad
2603 4644 2865 4712 {manum
2917 4641 3042 4711 jam
3100 4638 3414 4694 conﬂatam
3471 4637 3763 4708 ingentem
3816 4633 4078 4689 certatin

2418 4732 2678 4803 undique
2708 4729 3138 4787 accurrentium
3193 4732 3510 4800 aggregant
3556 4741 3893 4782 numerum.
3931 4724 4075 4779 Cre-

2417 4823 2616 4878 scebat
2647 4823 2704 4878 in
2731 4821 2856 4876 dies
2877 4819 3214 4882 multitudo,
3255 4821 3313 4872 et
3354 4833 3537 4872 novus
3568 4818 3685 4870 dux
3715 4815 3783 4870 ad
3815 4830 4080 4868 consen-

2417 4917 2657 4968 taneum
2697 4915 3013 4982 assumpta
3057 4907 3330 4981 dignitati
3375 4923 3436 4962 se
3490 4906 3719 4978 ﬁngens
3766 4903 4077 4968 habitum,

2419 5002 2662 5072 abjectis
2705 4998 3052 5056 centonibus
3097 4995 3496 5051 honestiorem
3556 4993 3751 5049 induit
3798 4995 4076 5054 vestem;

2418 5107 2672 5161 enseque
2697 5089 3056 5153 succinctus,
3089 5103 3239 5158 equo
3271 5085 3564 5150 inscenso,
3615 5084 3685 5139 ad
3731 5098 3906 5153 opera
3944 5098 4077 5136 ma-

2412 5183 2543 5252 jora
2573 5197 2743 5252 quam
2774 5182 2902 5250 ejus
2933 5179 3220 5233 hactenus
3248 5176 3480 5230 fortuna
3503 5179 3740 5245 caperet
3771 5171 3971 5243 palam
4010 5187 4075 5226 se

2419 5270 2744 5326 accinctum
2778 5274 3071 5324 ostentare
3102 5283 3282 5321 ausus
3313 5270 3422 5320 est.
3452 5264 3800 5319 Valetudine
3833 5267 4073 5324 tum.ut

2419 5361 2644 5415 dictum
2677 5368 2784 5423 est,
2838 5357 3259 5416 Constantinus
3291 5354 3524 5408 inﬁrma
3568 5353 3843 5408 utebatur
3875 5367 3888 5406 :
3931 5367 4078 5406 nam

2419 5467 2587 5505 crure
2617 5451 2840 5504 dudum
2876 5448 3054 5503 fracto
3087 5444 3422 5501 facultatem
3472 5442 3741 5497 incessus
3769 5440 4081 5505 amiserat,

2419 5544 2477 5595 et
2511 5540 2560 5594 si
2591 5539 2866 5610 quopiam
2883 5540 3038 5593 esset
3066 5548 3304 5590 necesse
3323 5531 3816 5603 proﬁcisci,curru
3836 5529 4080 5601 pondus

2419 5629 2578 5685 iners
2605 5627 3057 5684 trahebatur.Ea
3087 5640 3181 5681 res
3211 5626 3615 5693 contemptum
3642 5618 4081 5676 illiconciliavit

2419 5717 2832 5791 plurimorum.
2861 5717 2928 5775 In
2952 5716 3046 5776 his
3097 5709 3344 5773 Tochari
3394 5709 3654 5780 ﬁnitimi,
3687 5711 3810 5768 fera
3834 5723 3989 5783 gens
4015 5711 4076 5765 et
