4242 6438
177 357 286 414 889

1234 363 1331 416 DE
1368 360 1743 417 MICHABLB
1779 361 2222 421 PAIJOLOGO
2260 367 2393 423 LIB.
2433 369 2529 422 VI.

3487 367 3595 423 890

178 484 381 541 Μασῶν
410 483 667 547 τιθέντες.
699 480 949 559 Φᾶλαγγι
1000 486 1128 560 γοῦν
1178 484 1452 559 Τοχάρων
1504 482 1821 558 προσκρού-
1853 488 1908 555 Α
1936 484 2120 560 πάγων
2178 487 2375 563 βαίνων
2435 495 2515 562 τῷ
2576 490 2812 565 βασιλεῖ,
2843 490 2934 545 καὶ
2984 491 3273 564 συμπεσὼν
3343 489 3533 563 ἐκείνῳ
3565 492 3592 545 6

177 592 274 635 σας
325 572 354 627 6
409 576 663 646 Λαχανᾶς
710 569 971 645 ἐμπίπτει
1029 572 1175 649 σφίσι
1240 574 1356 645 μεθ’
1408 574 1480 627 ὧν
1530 568 1840 649 ἐπεφέρετο,

172 658 264 713 καὶ
322 658 459 713 κατὰ
497 661 695 734 κράτος
751 664 895 729 νικᾷ,
951 659 1040 714 καὶ
1102 660 1253 724 αὗθις
1322 659 1495 733 ἄλλῃ,
1552 662 1641 714 καὶ
1697 658 1838 713 οὕτω

172 748 314 821 πρὸς
378 748 441 802 τὸ
522 746 943 823 μεγαλειότερον
1016 746 1097 803 ἐπ’
1162 750 1223 803 οὐ
1285 748 1524 810 πολλαῖς
1603 749 1838 823 ἡμέραις

174 835 490 900 καθίστατο.
556 843 742 912 Χωραι
799 836 987 891 τοίνυν
1045 838 1423 911 προσετίθεντό
1467 838 1541 908 οἱ,
1601 837 1691 891 καὶ
1751 836 1836 891 ἐπ’

172 926 329 997 αὐτῷ
359 923 534 979 πολὺν
585 926 679 980 τὸν
739 930 837 980 τοῦ
871 924 928 980 εὖ
958 927 1177 997 πράξειν
1228 923 1497 998 ἐλπισμὸν
1547 925 1829 998 ἀραρότως

175 1015 351 1088 εἶχον.
406 1015 507 1071 Καὶ
554 1016 582 1068 6
628 1021 885 1089 Λαχανᾶς
930 1014 1109 1076 πολὺς
1158 1016 1224 1084 ἦν
1277 1016 1657 1088 φημιζόμενος
1704 1035 1836 1067 παν-

178 1105 378 1177 ταχοῦ·
409 1100 534 1157 οὐδὲ
572 1105 675 1177 γάρ
733 1104 915 1177 ἡμέρα
962 1100 1214 1181 ἐφίστατο
1268 1104 1387 1167 καθ’
1416 1102 1481 1171 ἢν
1516 1103 1577 1157 οὐ
1611 1101 1835 1165 πλείους

170 1197 283 1248 τῶν
342 1194 623 1268 προτέρων
688 1192 806 1268 εἶχε
863 1193 953 1247 καὶ
1027 1190 1356 1269 ἠνδραγάθει
1437 1188 1829 1267 προσϐάλλων.

165 1286 346 1338 Τοῦτο
422 1277 722 1357 ἃθορύϐησι
802 1282 895 1354 μὲν
969 1282 1065 1337 καὶ
1139 1282 1233 1337 τὸν
1298 1284 1705 1339 Κωνσταντῖνον
1764 1283 1831 1337 τὰ

164 1370 422 1441 πλεῖστα,
456 1370 721 1448 ἀγγελθὲν
765 1369 822 1426 δὲ
870 1372 1016 1446 παρὰ
1063 1371 1221 1445 δόξαν
1273 1373 1362 1428 καὶ
1417 1372 1576 1427 αὐτὸν
1612 1369 1833 1446 θορυϐεῖ

170 1460 421 1538 βασιλέα·
468 1463 529 1516 τὸ
577 1460 678 1536 γὰρ
737 1458 912 1522 οὕτως
973 1460 1199 1527 ἐπελθὸν
1250 1462 1379 1535 παρ’
1438 1461 1584 1535 ἀξίαν
1646 1459 1831 1516 οὐκᾶν

167 1550 417 1609 ἰπελθιῖν
453 1552 497 1608 εί
532 1553 609 1626 μή
642 1551 730 1608 ἐπὶ
769 1553 1044 1629 μεγίστοις
1093 1553 1235 1608 τισὶν
1265 1550 1459 1625 ᾤοντο.
1499 1556 1579 1627 [Ρ.
1612 1556 1738 1626 296]
1767 1554 1827 1611 Ὁ

170 1645 266 1717 μὲν
318 1642 410 1698 οὖν
461 1649 867 1707 Κωνσταντῖνος
932 1644 1098 1717 μόνον
1166 1645 1396 1718 ταράξας
1442 1644 1511 1699 τὰ
1558 1643 1694 1698 κατὰ
1738 1645 1829 1698 τὸν

164 1733 327 1808 ζυγὸν
392 1734 688 1808 μετήνεγκε
745 1733 839 1789 τὸν
890 1737 1016 1787 νοῦν
1079 1732 1217 1808 πρὸς
1278 1733 1339 1786 τὸ
1398 1728 1826 1803 ἀπροσδοκήτως

161 1822 324 1896 φανὲν
357 1821 449 1875 καὶ
480 1821 555 1881 ὡς
588 1821 695 1875 οὐκ
726 1820 785 1875 ἂν
843 1821 919 1893 μὴ
971 1818 1053 1875 ὅτι
1085 1822 1136 1893 γ’
1168 1820 1352 1890 οὗτος,
1400 1816 1529 1873 ἀλλ’
1576 1816 1693 1873 οὐδ’
1724 1816 1826 1873 ἄλ·
1858 1857 1901 1921 Β

162 1906 263 1970 λος
293 1930 380 1971 τις
439 1908 595 1981 ᾠήθη
649 1908 805 1964 ποτὲθ
866 1910 923 1963 Ὀ
973 1906 1031 1964 δὲ
1081 1907 1334 1984 βασιλεὺς
1389 1905 1549 1962 τοῦτο
1604 1908 1698 1979 μὲν
1732 1909 1817 1962 καὶ

158 1997 313 2052 τάκεῖ
394 2005 728 2066 καταστῆσαι
807 1997 1003 2067 θέλων,
1078 2002 1239 2051 τοῦτο
1296 1994 1357 2051 δὲ
1407 1996 1494 2051 καὶ
1556 1996 1692 2069 πρὸς
1755 1997 1820 2050 τὰ

159 2086 490 2151 ἀκουσθέντα
548 2085 970 2163 διαταραχθεὶς,
1043 2081 1343 2162 προλαϐεῖν
1403 2086 1659 2159 ἠπείγετο
1729 2086 1816 2139 καὶ

155 2177 252 2239 τὰς
304 2174 476 2251 ἄκρας
531 2182 900 2252 κατοχυροῦν.
962 2178 1060 2233 Καὶ
1100 2174 1165 2245 δὴ
1222 2174 1454 2246 ἐξελθὼν
1506 2181 1605 2243 τῆς
1660 2176 1816 2231 Κων-

158 2266 443 2321 σταντίνου
504 2264 589 2320 ἐπ’
681 2264 1025 2342 Ὀρεστιάδος
1107 2265 1341 2334 ἤλαυνεν
1397 2263 1515 2336 δλῳ
1601 2263 1816 2339 ῥυτῆρι,

151 2355 444 2427 Χειμῶνος
502 2352 549 2411 δ’
606 2355 839 2428 ἐξελθὼν
899 2357 987 2411 καὶ
1051 2355 1243 2429 πάγοις
1296 2354 1462 2408 ἐπιὼν
1521 2352 1722 2428 πάσχει
1764 2374 1817 2406 τι

152 2444 245 2497 καὶ
274 2447 384 2499 τῶν
418 2444 753 2516 ἀνηκέστων·
819 2441 1208 2519 συμποδίζεται
1266 2443 1368 2518 γὰρ
1414 2443 1442 2496 6
1493 2439 1664 2503 *ίππος
1723 2438 1810 2495 ἐπὶ

155 2667 401 2721 assueta
430 2668 596 2735 rapto
625 2663 835 2733 vivere,
852 2662 1001 2719 nihil
1023 2679 1057 2717 a
1077 2662 1288 2718 claudo
1312 2660 1816 2734 principatimen-

151 2753 649 2810 tesliberrimisin
668 2752 920 2825 Mysiam
934 2750 1381 2813 excursionibus
1404 2750 1655 2821 agebant
1670 2749 1814 2804 fere-

155 2842 421 2915 bantque
445 2842 667 2915 passim
691 2845 921 2908 cuncta,
944 2846 1001 2896 et
1029 2840 1208 2896 veteri
1240 2840 1563 2896 celebratas
1588 2853 1813 2910 prover-

150 2930 249 2987 bio
314 2932 543 3003 praedas
592 2930 893 3000 Mysorum
948 2929 1191 3002 impune
1233 2928 1698 3000 frequentabant.
1749 2928 1811 2982 In

148 3019 366 3075 horum
388 3035 565 3075 unam
595 3035 839 3075 manum
863 3019 1171 3074 incurrens
1202 3035 1336 3073 cum
1364 3018 1490 3072 suis
1513 3016 1812 3072 Lachanas

144 3125 279 3165 eam
305 3107 705 3165 internecione
731 3107 905 3166 delet.
935 3108 1061 3165 Alia
1081 3107 1176 3163 die
1193 3106 1619 3180 deprehensam
1644 3105 1809 3161 simi-

139 3194 284 3251 liter
314 3196 617 3253 cohortem
651 3199 897 3254 istorum
942 3198 1186 3253 alteram
1230 3203 1296 3252 ut
1327 3196 1579 3268 priorem
1624 3196 1804 3250 inter-

141 3283 288 3339 ﬁcit.
322 3284 469 3340 Hinc
502 3286 707 3358 paucis
738 3287 949 3343 diebus
978 3286 1202 3342 celebre
1234 3287 1301 3341 ﬁt
1329 3287 1459 3357 ejus
1482 3301 1717 3351 nomen,
1750 3287 1808 3339 et

136 3372 415 3429 videlicet
444 3390 561 3430 non
591 3375 785 3446 parvis
806 3380 863 3431 et
895 3375 1094 3447 populi
1118 3380 1174 3430 et
1195 3375 1500 3448 regionum
1524 3372 1806 3429 accessio-

139 3462 325 3518 nibus
358 3478 498 3534 opes
525 3464 657 3535 ejus
686 3468 1033 3535 augescunt,
1067 3464 1298 3520 cunctis
1331 3480 1434 3536 pro
1485 3479 1546 3518 se
1575 3478 1806 3534 quoque

137 3567 313 3622 spem
346 3551 406 3606 in
438 3569 504 3608 eo
527 3569 825 3609 summam
885 3553 1239 3609 emendandi
1290 3551 1527 3625 publica
1580 3551 1807 3607 incom-

141 3640 324 3696 moda
354 3640 799 3698 collocantihus.
836 3641 1280 3698 Famminterim
1312 3641 1623 3697 ambitioso
1657 3657 1805 3713 pris-

138 3729 313 3786 conio
368 3730 672 3788 Lachanas
726 3731 947 3804 ubique
995 3730 1444 3787 buccinabatur.
1499 3730 1613 3785 Nec
1676 3729 1803 3785 dies

137 3819 479 3890 praeteribat
506 3836 626 3891 qua
657 3837 773 3877 non
806 3830 861 3876 et
890 3821 1020 3891 ejus
1053 3837 1297 3876 numero
1329 3823 1614 3876 cresceret
1641 3836 1806 3875 exer-

136 3908 320 3976 citus,
352 3912 410 3965 et
438 3925 556 3981 qua
578 3925 691 3965 non
724 3909 852 3982 ipse
883 3909 1083 3982 aliqua
1112 3926 1171 3965 se
1229 3909 1450 3982 insigni
1510 3910 1593 3965 de.
1638 3909 1803 3964 hoste

134 3997 388 4054 victoria
416 4001 874 4056 commendaret.
907 4000 1346 4057 Conturbarunt
1376 3999 1498 4055 haec
1539 4016 1654 4055 non
1698 4015 1802 4071 pa-

133 4104 274 4143 rum
289 4088 542 4144 subinde
554 4089 1311 4146 nuntiataConstantinum.
1330 4092 1528 4161 Ipsum
1549 4104 1799 4161 quoque,

133 4177 237 4233 ubi
275 4176 420 4233 ﬁdes
450 4179 687 4234 tandem
720 4195 836 4235 non
862 4179 1017 4236 483
1049 4178 1290 4235 creditis
1331 4179 1520 4250 primo
1570 4178 1803 4233 indiciis

136 4266 310 4321 fama;
340 4268 675 4323 constantia
706 4269 858 4324 facta
888 4273 978 4325 est
1005 4268 1226 4339 ipsum,
1256 4269 1524 4340 inquam,
1566 4284 1803 4339 quoque

134 4355 622 4427 inopinatissima
633 4358 862 4414 novitas
873 4357 1251 4414 vehementer
1271 4356 1589 4413 commovit
1615 4358 1692 4412 im
1701 4372 1801 4429 pe-

133 4450 417 4501 ratorem.
446 4446 614 4503 Hunc
636 4464 745 4503 sua
776 4452 1119 4520 suspectare
1175 4445 1488 4519 prudentia
1534 4446 1800 4519 cogebat,

132 4549 209 4589 ne
242 4535 519 4591 subesset
550 4534 644 4591 his
677 4536 981 4609 quidpiam
1023 4535 1370 4610 incomperti
1418 4535 1558 4592 mali
1588 4552 1602 4591 :
1656 4552 1801 4608 quo-

1946 568 2323 647 ἐποχούμενος
2352 581 2553 649 πτῶμα
2611 574 2782 632 δεινὸν
2817 578 3007 651 χεῖράς
3064 598 3123 633 τε
3177 578 3268 632 καὶ
3299 579 3595 653 πρόσωπον

1945 657 2254 733 δρύπτεται,
2286 664 2427 719 οὕτω
2488 665 2749 741 χαλεπῶς
2800 668 2874 727 ὡς
2935 664 3064 738 μηδ’
3097 667 3317 740 ἀρκὲσαι
3352 668 3440 721 τὸν
3497 670 3597 731 τῆς

1945 748 2282 824 ἐκστρατείας
2359 752 2486 807 ὅλον
2570 756 2763 829 χρόνον
2850 754 3149 826 ἀπαλεῖψαι
3225 754 3290 807 τὰ
3345 753 3591 826 τραύμα-

1939 858 2024 904 τα,
2058 837 2182 893 ἀλλ’
2222 837 2298 894 ἔτι
2344 839 2573 914 λείψανα
2625 846 2732 897 τῶν
2771 840 2999 915 πληγῶν
3062 841 3313 914 ἐμμένειν
3374 841 3599 896 ἐπανελ-

1942 926 2089 989 θόντι
2169 933 2247 1000 τῷ
2326 929 2559 1004 βασιλεῖ.
2639 934 2786 1001 Ἅμα
2846 931 2987 1003 λγοῦν
3068 926 3232 998 ἐπέϐη
3292 932 3319 983 6
3377 936 3590 1005 κρατῶν

1937 1021 2037 1083 τῆς
2071 1014 2381 1089 Ἀδριανοῦ,
2441 1019 2527 1073 καὶ
2592 1020 2703 1090 ἅμα
2735 1022 2767 1087 ἡ
2802 1020 2979 1095 σφαγὴ
3021 1024 3116 1073 τοῦ
3177 1020 3590 1075 Κωνσταντίνου

1939 1105 2282 1181 ἀγγέλλεται.
2336 1111 2422 1171 Ὠς
2482 1112 2587 1186 γὰρ
2645 1112 2905 1182 ηὐξάνετο
2964 1113 3083 1173 καθ’
3113 1113 3378 1185 ἡμέρανὸ
3412 1118 3595 1185 Λαχα-

1940 1202 2035 1257 νᾶς
2068 1196 2156 1250 καὶ
2189 1197 2393 1253 πολλοὶ
2445 1202 2836 1273 προσεχώρουν
2872 1198 3061 1271 ἐκείνῳ
3090 1199 3592 1274 κατολιγωροῦντες

1936 1288 2037 1338 τοῦ
2070 1289 2216 1361 σφῶν
2262 1284 2555 1360 βασιλέως,
2613 1285 2858 1342 ἐκποδὼν
2895 1286 2940 1341 δ’
2971 1287 3036 1354 ἦν
3092 1285 3201 1355 ἤδη
3236 1289 3325 1341 καὶ
3360 1289 3387 1342 ὁ
3423 1295 3591 1364 Σφεν-

1934 1366 2230 1435 τίσθλαϐος
2263 1378 2369 1427 τῶν
2405 1371 2581 1429 δόλων
2640 1375 2981 1447 ἀπονάμενος
3026 1378 3127 1440 τῆς
3181 1375 3415 1450 Μαρίας,
3453 1377 3503 1429 οἱ
3536 1373 3591 1430 δὲ

1933 1481 1996 1535 γε
2047 1462 2538 1535 προσῳκειωμένοι
2593 1469 2672 1535 τῷ
2724 1464 3123 1535 Κωνσταντίνῳ
3178 1461 3228 1536 ἐξ
3287 1464 3586 1537 ἀνθρώπων

1932 1551 2068 1619 ἦσαν
2124 1556 2243 1612 ταῖς
2301 1554 2400 1616 τῆς
2464 1551 2671 1627 Μαρίας
2728 1553 3145 1628 κακεοτρεχείας
3193 1558 3589 1627 κατειργασμέ-

1930 1659 2036 1705 νοι,
2071 1640 2186 1692 ὅσοι
2249 1636 2305 1693 δὲ
2364 1640 2453 1694 καὶ
2515 1648 2803 1714 περιῆσαν,
2838 1643 3019 1713 οἱμὲν
3050 1642 3175 1716 παρ’
3226 1639 3443 1695 ἐκείνων
3504 1639 3590 1694 ἐπὶ

1929 1724 2199 1788 δυσνοίαις
2254 1729 2688 1798 ὑπωπτεῦοντο,
2748 1732 2800 1782 οἱ
2866 1728 2922 1783 δὲ
2979 1730 3067 1784 καὶ
3128 1736 3245 1789 ταῖς
3304 1728 3588 1798 ἀληθείαις

2674 1776 2688 1800 9

1930 1813 2235 1884 ἐδυσνόουν,
2276 1816 2437 1887 μόνος
2470 1818 2503 1885 ἢ
2541 1819 2656 1889 μετ’
2715 1818 2913 1892 ὀλίγων
2951 1817 3388 1894 ἐγκαταλειφθεὶς
3446 1824 3588 1871 Κον-

1931 1909 2211 1965 σταντῖνος
2244 1907 2391 1979 ὁρμᾷ
2426 1906 2703 1977 μετελθεῖν
2747 1908 2837 1960 τὸν
2872 1904 2979 1976 ἤδη
3015 1907 3102 1961 καὶ
3149 1907 3309 1960 αὐτοῦ
3363 1904 3595 1960 κατολι-

1928 1997 2234 2067 γωροῦντα.
2294 1995 2390 2049 Καὶ
2443 1992 2509 2063 δὴ
2562 1998 2956 2069 συνταξάμενος
3014 1996 3108 2057 τάξ
3162 1997 3419 2067 δυνάμεις
3470 1995 3587 2072 ἐφέ“

1930 2102 2051 2155 ρετο
2089 2082 2182 2155 μὲν
2217 2082 2296 2159 ἐφ’
2355 2082 2588 2156 ἀμάξης.
2648 2085 2710 2138 Οἱ
2744 2083 2800 2139 δὲ
2832 2086 2910 2145 οἷς
2944 2085 3145 2146 ἐκεῖνος
3202 2084 3445 2138 ἐπίστευε
3491 2084 3585 2144 τὰς

3097 2176 3157 2230 Ὁ
3216 2171 3272 2227 δὲ
3329 2179 3581 2248 Λαχανᾶς

1928 2261 2099 2332 ὁμόσε
2128 2264 2391 2335 χωρήσας
2453 2260 2662 2334 ἐκείνῳ,
2712 2263 2824 2334 ἅμα
2881 2262 3062 2339 φανεὶς
3120 2260 3455 2316 ἐπεισπίπτει
3487 2261 3579 2315 καὶ

1924 2350 2059 2404 κατὰ
2116 2349 2309 2425 κράτος
2368 2351 2543 2426 αἱρεῖ,
2602 2351 2848 2406 κάκεῖνον
2912 2349 3080 2425 μηδὲν
3138 2351 3274 2405 κατὰ
3331 2351 3577 2423 πόλεμον

1925 2437 2195 2514 πράξαντα
2246 2439 2526 2514 βασιλείας
2601 2440 2745 2513 ἄξιον
2807 2438 2964 2512 δίκην
3022 2439 3225 2516 ’ἱερείου
3273 2440 3576 2516 κατασφάτ-

1931 2173 2059 2246 ὑπὲρ
2117 2172 2324 2226 ἐκείνου
2404 2175 2578 2249 ὁρμάς
2652 2175 2992 2228 κατεκλῖυντο
3031 2219 3041 2228 .

1926 2656 2209 2727 ﬁrmaret;
2242 2658 2455 2729 partim
2490 2663 2554 2714 ut
2574 2659 2673 2733 qui
2709 2660 2778 2716 ab
2820 2660 2925 2717 illa
2981 2664 3148 2734 parte
3204 2661 3483 2734 patebant
3513 2663 3574 2718 in

1927 2745 2253 2801 Romanam
2287 2747 2569 2803 ditionem
2592 2750 2810 2814 aditus,
2845 2766 2947 2820 per
2994 2767 3143 2821 quos
3173 2767 3245 2805 ne
3276 2750 3579 2806 Lachanas

1926 2833 2175 2890 irrueret
2207 2835 2403 2891 audita
2429 2836 2499 2890 de
2528 2836 2629 2893 illo
2660 2837 2865 2893 timere
2915 2838 3223 2910 cogebant,
3286 2840 3579 2910 praesidiis

1925 2928 1982 2979 et
2014 2924 2443 2981 munitionibus
2473 2924 2701 2982 idoneis
2736 2936 3178 3000 praeoccuparet.
3220 2928 3335 2983 Hoc
3382 2928 3579 2983 animo

1925 3015 2063 3068 dum
2096 3013 2289 3070 citatis
2321 3015 2490 3086 equis
2522 3032 2728 3072 versus
2750 3015 3113 3073 Orestiadem
3149 3017 3447 3073 contendit
3478 3034 3579 3087 per

1923 3110 2225 3158 concretos
2257 3104 2445 3174 rigida
2495 3104 2687 3160 hieme
2743 3106 2874 3178 gelu
2935 3123 3173 3179 campos
3232 3124 3573 3178 properans,

1920 3192 2167 3264 contigit
2195 3198 2252 3248 et
2278 3193 2395 3265 pati
2428 3210 2560 3249 cum
2595 3202 2651 3250 et
2682 3195 2997 3266 periclitari
3030 3196 3395 3267 gravissime.
3428 3196 3571 3251 Nam

1918 3297 2107 3352 equus
2139 3299 2253 3353 quo
2284 3283 2606 3340 vehebatur
2633 3284 2839 3357 lapsus
2869 3285 2928 3341 in
2969 3285 3174 3357 glacie,
3209 3303 3343 3341 eum
3386 3302 3577 3341 sesso-

1914 3386 2037 3425 rem
2070 3370 2295 3437 eﬂudit,
2331 3376 2454 3428 tum
2490 3390 2668 3445 supra
2699 3373 2895 3445 ipsum
2928 3378 3045 3429 tota
3077 3374 3233 3430 mola
3263 3374 3575 3430 concidens

1914 3463 2143 3514 tantum
2182 3477 2296 3514 non
2329 3462 2643 3532 Oppressit,
2676 3462 3045 3518 vulneratum
3096 3463 3154 3518 in
3213 3463 3486 3519 manibus
3517 3469 3575 3518 et

1913 3548 2079 3603 vultu
2106 3549 2249 3604 adeo
2282 3565 2397 3605 non
2432 3550 2655 3615 leviter,
2682 3555 2743 3605 ut
2775 3552 2870 3606 vix
2898 3552 3081 3608 totius
3103 3553 3232 3623 ejus
3281 3553 3572 3607 diuturna:

1913 3638 2305 3709 expeditionis
2339 3640 2526 3710 spatio
2560 3641 2863 3712 persanari
2896 3640 3073 3712 plagae
3107 3642 3424 3712 potuerint,
3473 3646 3574 3696 aut

1877 3736 1886 3753 '
1913 3726 2065 3782 efﬁci
2095 3727 2235 3798 quin
2267 3726 2580 3784 luculenta:
2624 3727 2930 3785 cicatrices
2961 3729 3237 3785 reducem
3277 3730 3474 3801 ipsum
3508 3732 3566 3786 in

1913 3817 2119 3872 urbem
2170 3816 2363 3873 adhuc
2411 3817 2829 3874 deformarent.
2862 3817 3150 3875 Caeterum
3186 3822 3326 3875 tunc
3382 3818 3465 3874 illi
3505 3835 3571 3877 eo

1914 3905 2120 3962 itinere
2149 3906 2591 3979 Adrianopolim
2625 3907 2956 3963 advenienti
2990 3908 3243 3964 occurrit
3274 3913 3468 3965 certus
3500 3912 3573 3966 de

1912 3996 2067 4052 caade
2084 3995 2455 4052 Constantini
2484 3996 2751 4052 nuntius.
2772 3997 2915 4053 Cum
2947 3998 3103 4053 enim
3130 3998 3487 4054 adolesceret
3512 3998 3570 4054 in

1911 4084 2038 4141 dies
2080 4086 2339 4156 potentia
2384 4086 2688 4153 Lachanaa,
2735 4097 2789 4142 et
2834 4087 3071 4160 Bulgari
3120 4089 3343 4159 passim
3376 4106 3409 4143 a
3437 4105 3575 4162 rege

1912 4190 2019 4229 suo
2053 4174 2197 4244 ipsis
2222 4179 2417 4247 spreto
2450 4176 2519 4230 ad
2555 4174 2871 4231 subulcum
2917 4176 3255 4243 deﬁcerent,
3313 4193 3417 4232 nec
3471 4177 3573 4249 qui

1910 4263 2200 4335 potuisset
2225 4263 2512 4319 obsistere
2543 4262 3068 4337 Sphentisthlabus
3100 4265 3255 4322 434
3296 4283 3570 4337 superes-

1912 4353 2330 4426 set,insidiosis
2361 4353 2553 4411 Mariae
2613 4354 3017 4413 delinimentis
3076 4356 3251 4412 miser
3311 4356 3573 4413 lucratus

1910 4444 2178 4513 exitium,
2214 4461 2521 4516 procerum
2555 4462 2687 4501 vero
2738 4445 2931 4517 gentis
2984 4448 3082 4518 qui
3138 4446 3391 4503 maxime
3421 4446 3569 4502 Con-

1913 4535 2173 4590 stantino
2208 4535 2578 4604 studuerant,
2610 4535 2826 4606 partim
2860 4533 3162 4591 sceleratis
3181 4534 3373 4592 Ma'iae
3403 4536 3571 4591 moli-

131 4624 310 4681 modo
342 4624 504 4680 enim
538 4624 712 4682 homo
760 4631 883 4683 tam
914 4626 1051 4683 vilis
1084 4631 1205 4683 tam
1254 4642 1458 4683 secure
1516 4625 1797 4698 prodiret,
1829 4604 1875 4669 D
1910 4625 2167 4681 tionibus
2204 4626 2494 4681 interfecti
2527 4625 2799 4690 fuissent,
2834 4626 2935 4699 qui
2964 4643 3103 4683 vero
3163 4626 3357 4683 adhuc
3414 4627 3570 4684 vive-

134 4713 255 4769 nisi
283 4714 608 4785 productus
634 4715 847 4773 ﬁducia
876 4733 1053 4788 opum
1105 4733 1219 4773 non
1279 4716 1710 4788 apparentium,
1742 4720 1801 4770 et

136 4802 330 4859 multo
361 4804 652 4875 majorum
684 4822 866 4877 quam
898 4822 1027 4877 quis
1058 4810 1461 4873 cernerentur,
1497 4805 1609 4861 sibi
1662 4821 1800 4861 con-

134 4892 297 4948 scius
328 4892 543 4949 virium
565 4894 594 4949 ?
624 4894 911 4951 Caeterum
955 4895 1016 4951 in
1077 4895 1378 4951 communi
1413 4893 1802 4950 admiratione

135 4982 453 5039 amborum
484 4982 909 5041 Constantinus
940 4984 1128 5053 solus,
1190 5000 1364 5055 quem
1415 4983 1664 5056 periculi
1714 4982 1800 5039 vis

137 5072 534 5145 propinquior
548 5078 762 5144 ureret,
789 5074 1034 5147 trepidis
1051 5075 1266 5146 raptim
1287 5073 1498 5130 habitis
1520 5077 1639 5130 toto
1655 5073 1800 5145 jugo

135 5162 489 5229 delectibus,
522 5163 952 5220 admovendam
987 5169 1225 5220 strenue
1274 5164 1501 5236 putavit
1556 5179 1797 5218 manum

135 5252 403 5317 remedio
425 5252 565 5309 mali
589 5253 760 5327 longe
776 5254 932 5311 ultra
951 5271 1130 5327 quam
1154 5254 1473 5326 quisquam
1490 5252 1801 5325 imaginari

134 5342 433 5415 potuisset
460 5342 934 5414 inopinatissime
984 5342 1284 5400 nascentis
1344 5343 1797 5414 crescentisque.

136 5437 319 5489 Porro
367 5431 694 5505 imperptor
748 5434 1011 5490 nondum
1070 5432 1169 5489 ille
1218 5433 1457 5505 quidem
1514 5431 1803 5505 expedivit

132 5520 456 5578 consilium
484 5521 761 5579 bellandi:
795 5528 991 5579 tamen
1024 5522 1138 5578 sibi
1162 5522 1652 5593 proﬁciscendum
1673 5538 1801 5578 ver-

132 5629 240 5669 sua
272 5610 458 5669 istum
487 5609 741 5670 limitem
773 5612 1103 5680 constituit,
1135 5611 1351 5686 partim
1378 5616 1446 5669 ut
1470 5627 1538 5669 ex
1559 5611 1801 5684 propin-

132 5716 254 5775 quo
286 5706 670 5775 cognosceret
691 5704 908 5760 certius
937 5704 1016 5772 et,
1040 5700 1093 5758 si
1126 5699 1271 5776 quid
1288 5698 1370 5759 ibi
1392 5697 1635 5770 labaret,
1663 5716 1803 5759 oon-

1908 4715 2053 4771 bant
2084 4715 2299 4787 partim
2334 4715 2480 4771 falso
2514 4720 2999 4788 suspectarentur
3028 4716 3195 4788 quasi
3252 4716 3572 4775 rebellibus

1910 4805 2191 4875 faverent,
2224 4803 2437 4877 partim
2473 4821 2672 4860 revera
2704 4806 3090 4877 regnantibus
3122 4806 3325 4861 offensi
3358 4807 3572 4878 pende-

1911 4897 2041 4948 rent
2069 4892 2127 4947 in
2179 4892 2689 4964 pravalescentem
2754 4893 3093 4962 factionem,
3155 4896 3574 4950 Constantinus

1911 4983 2093 5039 ferme
2123 4982 2286 5039 solus
2317 4981 2376 5037 in
2410 4983 2603 5038 medio
2636 4981 2877 5039 relictus
2897 4983 3016 5039 acri
3040 4984 3387 5040 necessitate
3409 5000 3569 5039 com-

1910 5071 2121 5144 pulsus
2149 5077 2240 5128 est
2266 5076 2492 5128 tentare
2532 5088 2667 5129 cum
2704 5071 2907 5144 paucis
2960 5089 3138 5145 opum
3189 5073 3564 5145 antiquarum

1911 5162 2181 5235 reliquiis
2210 5160 2395 5218 aleam
2431 5161 2568 5218 belli
2599 5168 2654 5218 et
2683 5179 2745 5219 se
2768 5162 3050 5219 Lachanaa
3070 5163 3196 5235 jam
3219 5162 3415 5235 ipsum
3436 5180 3569 5218 con-

1910 5250 2197 5308 temnenti
2228 5250 2502 5323 objicere.
2540 5251 2891 5327 Instructam
2920 5268 3054 5323 ergo
3081 5257 3281 5307 contra
3313 5252 3567 5307 inferens

1913 5343 2092 5399 aciem
2118 5342 2243 5414 ipse
2274 5343 2330 5398 in
2365 5360 2540 5398 curru
2573 5349 2796 5409 vectus,
2829 5348 2886 5399 et
2916 5344 3016 5399 ﬁdi
3064 5343 3116 5398 ei
3151 5344 3320 5414 pauci
3380 5344 3562 5415 repri-

1912 5450 2070 5490 mere
2101 5433 2359 5507 impetus
2388 5434 2628 5507 impune
2668 5433 2953 5490 bactenus
3000 5435 3397 5507 grassantium
3428 5438 3569 5489 sunt

1913 5522 2119 5579 adorti.
2154 5527 2231 5579 At
2259 5522 2562 5581 Lachanas
2592 5530 2800 5581 contra
2838 5540 2901 5579 se
2957 5523 3328 5581 venientibus
3360 5540 3566 5580 occur-

1912 5628 2068 5682 rens,
2101 5611 2281 5668 simul
2319 5612 2501 5682 vidit,
2522 5613 2698 5670 simul
2756 5613 3037 5679 admovit,
3096 5612 3278 5670 simul
3335 5629 3564 5670 vesano

1911 5697 2145 5759 irruens
2176 5699 2401 5776 impetu
2436 5700 2605 5761 cadit
2632 5700 2954 5762 exercitum
2987 5706 3046 5760 et
3073 5701 3243 5777 plene
3274 5701 3473 5774 vincit;
3496 5720 3563 5759 ac
