  <div class='ocr_page' id='page_1' title='image "/cluster/home/n/w/nwhite01/storage/ocr_20150623/143/nnc1.0046980733/453.png"; bbox 0 0 4210 6448; ppageno 0'>
   <div class='ocr_carea' id='block_1_1' title="bbox 683 379 787 434">
    <p class='ocr_par' dir='ltr' id='par_1_1' title="bbox 683 379 787 434">
     <span class='ocr_line' id='line_1_1' title="bbox 683 379 787 434; baseline 0 0"><span class='ocrx_word' id='word_1_1' title='bbox 683 379 787 434; x_wconf 86' lang='grc'><strong>891</strong></span> 
     </span>
    </p>
   </div>
   <div class='ocr_carea' id='block_1_2' title="bbox 1991 374 2792 434">
    <p class='ocr_par' dir='ltr' id='par_1_2' title="bbox 1991 374 2792 434">
     <span class='ocr_line' id='line_1_2' title="bbox 1991 374 2792 434; baseline 0 -1"><span class='ocrx_word' id='word_1_2' title='bbox 1991 377 2290 433; x_wconf 79' lang='lat' dir='ltr'><strong>GEORGII</strong></span> <span class='ocrx_word' id='word_1_3' title='bbox 2329 374 2792 434; x_wconf 68' lang='lat' dir='ltr'><strong>PACHYMERB</strong></span> 
     </span>
    </p>
   </div>
   <div class='ocr_carea' id='block_1_3' title="bbox 3990 386 4088 443">
    <p class='ocr_par' dir='ltr' id='par_1_3' title="bbox 3990 386 4088 443">
     <span class='ocr_line' id='line_1_3' title="bbox 3990 386 4088 443; baseline 0 0"><span class='ocrx_word' id='word_1_4' title='bbox 3990 386 4088 443; x_wconf 82' lang='lat'><strong>892</strong></span> 
     </span>
    </p>
   </div>
   <div class='ocr_carea' id='block_1_4' title="bbox 681 497 4087 583">
    <p class='ocr_par' dir='ltr' id='par_1_4' title="bbox 681 497 4087 583">
     <span class='ocr_line' id='line_1_4' title="bbox 681 497 4087 583; baseline 0.003 -25"><span class='ocrx_word' id='word_1_5' title='bbox 681 524 783 558; x_wconf 89' lang='grc' dir='ltr'>τει.</span> <span class='ocrx_word' id='word_1_6' title='bbox 842 500 1001 563; x_wconf 81' lang='grc' dir='ltr'>Τινὰς</span> <span class='ocrx_word' id='word_1_7' title='bbox 1058 499 1115 557; x_wconf 67' lang='grc' dir='ltr'><strong>δέ</strong></span> <span class='ocrx_word' id='word_1_8' title='bbox 1179 505 1286 557; x_wconf 82' lang='grc' dir='ltr'><strong>τῶν</strong></span> <span class='ocrx_word' id='word_1_9' title='bbox 1365 501 1570 557; x_wconf 69' lang='grc' dir='ltr'>ἑκείνου</span> <span class='ocrx_word' id='word_1_10' title='bbox 1645 499 2155 577; x_wconf 82' lang='grc' dir='ltr'><strong>καταγωνισάμενος</strong></span> <span class='ocrx_word' id='word_1_11' title='bbox 2210 502 2327 561; x_wconf 86' lang='grc' dir='ltr'>τοῖς</span> <span class='ocrx_word' id='word_1_12' title='bbox 2358 500 2413 567; x_wconf 78' lang='grc' dir='ltr'><strong>Α</strong></span> <span class='ocrx_word' id='word_1_13' title='bbox 2443 500 2557 573; x_wconf 79' lang='grc' dir='ltr'><strong>ἅμα</strong></span> <span class='ocrx_word' id='word_1_14' title='bbox 2614 497 2671 555; x_wconf 74' lang='grc' dir='ltr'><strong>δὲ</strong></span> <span class='ocrx_word' id='word_1_15' title='bbox 2724 500 2815 556; x_wconf 76' lang='grc' dir='ltr'>καὶ</span> <span class='ocrx_word' id='word_1_16' title='bbox 2867 499 2934 556; x_wconf 82' lang='grc' dir='ltr'><strong>τὰ</strong></span> <span class='ocrx_word' id='word_1_17' title='bbox 2991 502 3195 578; x_wconf 77' lang='grc' dir='ltr'>ἀρχαῖα</span> <span class='ocrx_word' id='word_1_18' title='bbox 3245 509 3734 583; x_wconf 81' lang='grc' dir='ltr'>προσαφαιρεῖσθαι</span> <span class='ocrx_word' id='word_1_19' title='bbox 3802 509 4087 567; x_wconf 83' lang='grc' dir='ltr'>κλίνουσαν</span> 
     </span>
    </p>
   </div>
   <div class='ocr_carea' id='block_1_5' title="bbox 685 585 2331 668">
    <p class='ocr_par' dir='ltr' id='par_1_5' title="bbox 685 585 2331 668">
     <span class='ocr_line' id='line_1_5' title="bbox 685 585 2331 668; baseline -0.004 -22"><span class='ocrx_word' id='word_1_20' title='bbox 685 590 904 653; x_wconf 83' lang='grc' dir='ltr'><strong>λοιποῖς</strong></span> <span class='ocrx_word' id='word_1_21' title='bbox 937 593 1011 654; x_wconf 87' lang='grc' dir='ltr'>ὡς</span> <span class='ocrx_word' id='word_1_22' title='bbox 1040 590 1314 668; x_wconf 67' lang='grc' dir='ltr'>σφετέροις</span> <span class='ocrx_word' id='word_1_23' title='bbox 1358 591 1583 666; x_wconf 74' lang='grc' dir='ltr'>ἐχρῆτο.</span> <span class='ocrx_word' id='word_1_24' title='bbox 1630 591 1733 648; x_wconf 81' lang='grc' dir='ltr'><strong>Καὶ</strong></span> <span class='ocrx_word' id='word_1_25' title='bbox 1781 588 1889 661; x_wconf 80' lang='grc' dir='ltr'><strong>ἤδη</strong></span> <span class='ocrx_word' id='word_1_26' title='bbox 1946 585 2179 664; x_wconf 85' lang='grc' dir='ltr'>βεϐαίως</span> <span class='ocrx_word' id='word_1_27' title='bbox 2210 587 2331 642; x_wconf 86' lang='grc' dir='ltr'>ἐπι-</span> 
     </span>
    </p>
   </div>
   <div class='ocr_carea' id='block_1_6' title="bbox 686 675 2332 754">
    <p class='ocr_par' dir='ltr' id='par_1_6' title="bbox 686 675 2332 754">
     <span class='ocr_line' id='line_1_6' title="bbox 686 675 2332 754; baseline -0.002 -21"><span class='ocrx_word' id='word_1_28' title='bbox 686 681 833 754; x_wconf 82' lang='grc' dir='ltr'>σχὼν</span> <span class='ocrx_word' id='word_1_29' title='bbox 901 681 998 746; x_wconf 58' lang='grc' dir='ltr'>τὴν</span> <span class='ocrx_word' id='word_1_30' title='bbox 1065 680 1251 752; x_wconf 78' lang='grc' dir='ltr'>χώραν</span> <span class='ocrx_word' id='word_1_31' title='bbox 1297 679 1384 733; x_wconf 84' lang='grc' dir='ltr'><strong>καὶ</strong></span> <span class='ocrx_word' id='word_1_32' title='bbox 1414 678 1627 733; x_wconf 85' lang='grc' dir='ltr'>πόλεων</span> <span class='ocrx_word' id='word_1_33' title='bbox 1690 680 1917 748; x_wconf 78' lang='grc' dir='ltr'>ἥπτετο,</span> <span class='ocrx_word' id='word_1_34' title='bbox 1972 677 2060 732; x_wconf 83' lang='grc' dir='ltr'><strong>καί</strong></span> <span class='ocrx_word' id='word_1_35' title='bbox 2088 678 2139 753; x_wconf 84' lang='grc' dir='ltr'>γ’</span> <span class='ocrx_word' id='word_1_36' title='bbox 2169 675 2332 737; x_wconf 70' lang='grc' dir='ltr'>αὐτὰς</span> 
     </span>
    </p>
   </div>
   <div class='ocr_carea' id='block_1_7' title="bbox 687 765 2329 843">
    <p class='ocr_par' dir='ltr' id='par_1_7' title="bbox 687 765 2329 843">
     <span class='ocr_line' id='line_1_7' title="bbox 687 765 2329 843; baseline -0.001 -22"><span class='ocrx_word' id='word_1_37' title='bbox 687 769 853 838; x_wconf 67' lang='grc' dir='ltr'>αἱρῶν</span> <span class='ocrx_word' id='word_1_38' title='bbox 884 769 985 822; x_wconf 78' lang='grc' dir='ltr'><strong>οὐκ</strong></span> <span class='ocrx_word' id='word_1_39' title='bbox 1016 766 1148 821; x_wconf 85' lang='grc' dir='ltr'>ἀνίει</span> <span class='ocrx_word' id='word_1_40' title='bbox 1182 768 1254 827; x_wconf 83' lang='grc' dir='ltr'><strong>ὡς</strong></span> <span class='ocrx_word' id='word_1_41' title='bbox 1285 766 1469 842; x_wconf 74' lang='grc' dir='ltr'>ἅρχων</span> <span class='ocrx_word' id='word_1_42' title='bbox 1502 767 1589 821; x_wconf 84' lang='grc' dir='ltr'>καὶ</span> <span class='ocrx_word' id='word_1_43' title='bbox 1645 766 1899 841; x_wconf 68' lang='grc' dir='ltr'>βασιλεὺς</span> <span class='ocrx_word' id='word_1_44' title='bbox 1938 765 2329 843; x_wconf 68' lang='grc' dir='ltr'>ρημιζὸμενος.</span> 
     </span>
    </p>
   </div>
   <div class='ocr_carea' id='block_1_8' title="bbox 685 854 2331 928">
    <p class='ocr_par' dir='ltr' id='par_1_8' title="bbox 685 854 2331 928">
     <span class='ocr_line' id='line_1_8' title="bbox 685 854 2331 928; baseline -0.004 -17"><span class='ocrx_word' id='word_1_45' title='bbox 685 856 858 912; x_wconf 74' lang='grc' dir='ltr'>Ἀλλὰ</span> <span class='ocrx_word' id='word_1_46' title='bbox 885 858 951 910; x_wconf 70' lang='grc' dir='ltr'><strong>τὰ</strong></span> <span class='ocrx_word' id='word_1_47' title='bbox 986 857 1077 927; x_wconf 76' lang='grc' dir='ltr'>μὲν</span> <span class='ocrx_word' id='word_1_48' title='bbox 1111 859 1227 909; x_wconf 84' lang='grc' dir='ltr'>κατ’</span> <span class='ocrx_word' id='word_1_49' title='bbox 1259 856 1458 910; x_wconf 80' lang='grc' dir='ltr'>ἐκεῖνον</span> <span class='ocrx_word' id='word_1_50' title='bbox 1508 856 1672 925; x_wconf 71' lang='grc' dir='ltr'>οὕτω,</span> <span class='ocrx_word' id='word_1_51' title='bbox 1706 857 1794 910; x_wconf 81' lang='grc' dir='ltr'><strong>καὶ</strong></span> <span class='ocrx_word' id='word_1_52' title='bbox 1854 856 2028 917; x_wconf 71' lang='grc' dir='ltr'>οὕτως</span> <span class='ocrx_word' id='word_1_53' title='bbox 2060 854 2331 928; x_wconf 72' lang='grc' dir='ltr'><strong>ὁσημέραι</strong></span> 
     </span>
    </p>
   </div>
   <div class='ocr_carea' id='block_1_9' title="bbox 682 943 2042 1020">
    <p class='ocr_par' dir='ltr' id='par_1_9' title="bbox 682 943 2042 1020">
     <span class='ocr_line' id='line_1_9' title="bbox 682 943 2042 1020; baseline 0.001 -21"><span class='ocrx_word' id='word_1_54' title='bbox 682 944 848 999; x_wconf 70' lang='grc' dir='ltr'>πλέον</span> <span class='ocrx_word' id='word_1_55' title='bbox 883 944 1243 1020; x_wconf 69' lang='grc' dir='ltr'><strong>ἐμεγαλύνετο</strong></span> <span class='ocrx_word' id='word_1_56' title='bbox 1266 946 1354 999; x_wconf 82' lang='grc' dir='ltr'><strong>καὶ</strong></span> <span class='ocrx_word' id='word_1_57' title='bbox 1388 943 1746 1019; x_wconf 72' lang='grc' dir='ltr'>εὐοδοῦμενος</span> <span class='ocrx_word' id='word_1_58' title='bbox 1772 943 2042 1000; x_wconf 80' lang='grc' dir='ltr'>ἐπεδίδου.</span> 
     </span>
    </p>
   </div>
   <div class='ocr_carea' id='block_1_10' title="bbox 788 1147 2193 1226">
    <p class='ocr_par' dir='ltr' id='par_1_10' title="bbox 788 1147 2193 1226">
     <span class='ocr_line' id='line_1_10' title="bbox 788 1147 2193 1226; baseline 0 -22"><span class='ocrx_word' id='word_1_59' title='bbox 788 1147 852 1206; x_wconf 83' lang='grc' dir='ltr'><strong>δ’.</strong></span> <span class='ocrx_word' id='word_1_60' title='bbox 902 1153 1151 1226; x_wconf 74' lang='grc' dir='ltr'>’Όπωςρ</span> <span class='ocrx_word' id='word_1_61' title='bbox 1181 1148 1436 1226; x_wconf 78' lang='grc' dir='ltr'>βασιλεὺς</span> <span class='ocrx_word' id='word_1_62' title='bbox 1464 1152 1549 1226; x_wconf 22' lang='grc' dir='ltr'><strong>’τῇ</strong></span> <span class='ocrx_word' id='word_1_63' title='bbox 1578 1149 1797 1226; x_wconf 78' lang='grc' dir='ltr'>θυγατρὶ</span> <span class='ocrx_word' id='word_1_64' title='bbox 1834 1149 2040 1224; x_wconf 74' lang='grc' dir='ltr'>Εἰρήνῃ</span> <span class='ocrx_word' id='word_1_65' title='bbox 2099 1149 2193 1204; x_wconf 77' lang='grc' dir='ltr'><strong>τὸν</strong></span> 
     </span>
    </p>
   </div>
   <div class='ocr_carea' id='block_1_11' title="bbox 1110 1222 1884 1295">
    <p class='ocr_par' dir='ltr' id='par_1_11' title="bbox 1110 1222 1884 1295">
     <span class='ocr_line' id='line_1_11' title="bbox 1110 1222 1884 1295; baseline -0.001 -18"><span class='ocrx_word' id='word_1_66' title='bbox 1110 1222 1272 1277; x_wconf 77' lang='grc' dir='ltr'>Ἀσάν</span> <span class='ocrx_word' id='word_1_67' title='bbox 1304 1223 1379 1283; x_wconf 83' lang='grc' dir='ltr'><strong>είς</strong></span> <span class='ocrx_word' id='word_1_68' title='bbox 1411 1222 1586 1295; x_wconf 79' lang='grc' dir='ltr'>γάμον</span> <span class='ocrx_word' id='word_1_69' title='bbox 1620 1222 1884 1294; x_wconf 68' lang='grc' dir='ltr'>ἥρμοσεν.</span> 
     </span>
    </p>
   </div>
   <div class='ocr_carea' id='block_1_12' title="bbox 754 1387 2327 1465">
    <p class='ocr_par' dir='ltr' id='par_1_12' title="bbox 754 1387 2327 1465">
     <span class='ocr_line' id='line_1_12' title="bbox 754 1387 2327 1465; baseline -0.004 -18"><span class='ocrx_word' id='word_1_70' title='bbox 754 1393 836 1464; x_wconf 85' lang='grc' dir='ltr'><strong>[Ρ.</strong></span> <span class='ocrx_word' id='word_1_71' title='bbox 869 1394 995 1465; x_wconf 82' lang='grc'><strong>297]</strong></span> <span class='ocrx_word' id='word_1_72' title='bbox 1026 1393 1086 1448; x_wconf 90' lang='grc' dir='ltr'>Ὁ</span> <span class='ocrx_word' id='word_1_73' title='bbox 1120 1388 1175 1445; x_wconf 71' lang='grc' dir='ltr'><strong>δὲ</strong></span> <span class='ocrx_word' id='word_1_74' title='bbox 1210 1390 1463 1465; x_wconf 75' lang='grc' dir='ltr'>βασιλεὺς</span> <span class='ocrx_word' id='word_1_75' title='bbox 1512 1394 1592 1461; x_wconf 79' lang='grc' dir='ltr'>τῷ</span> <span class='ocrx_word' id='word_1_76' title='bbox 1656 1391 1748 1461; x_wconf 75' lang='grc' dir='ltr'>μὲν</span> <span class='ocrx_word' id='word_1_77' title='bbox 1804 1391 1947 1463; x_wconf 85' lang='grc' dir='ltr'>παρὰ</span> <span class='ocrx_word' id='word_1_78' title='bbox 1981 1387 2134 1458; x_wconf 79' lang='grc' dir='ltr'>δόξαν</span> <span class='ocrx_word' id='word_1_79' title='bbox 2188 1409 2327 1458; x_wconf 84' lang='grc' dir='ltr'>συμ-</span> 
     </span>
    </p>
   </div>
   <div class='ocr_carea' id='block_1_13' title="bbox 681 1475 2326 1554">
    <p class='ocr_par' dir='ltr' id='par_1_13' title="bbox 681 1475 2326 1554">
     <span class='ocr_line' id='line_1_13' title="bbox 681 1475 2326 1554; baseline -0.002 -22"><span class='ocrx_word' id='word_1_80' title='bbox 681 1475 835 1533; x_wconf 77' lang='grc' dir='ltr'>ϐάντι</span> <span class='ocrx_word' id='word_1_81' title='bbox 892 1481 965 1541; x_wconf 84' lang='grc' dir='ltr'>ὡς</span> <span class='ocrx_word' id='word_1_82' title='bbox 1023 1479 1166 1542; x_wconf 75' lang='grc' dir='ltr'>εἰκὸς</span> <span class='ocrx_word' id='word_1_83' title='bbox 1222 1477 1572 1554; x_wconf 74' lang='grc' dir='ltr'>ἐπαλγήσας,</span> <span class='ocrx_word' id='word_1_84' title='bbox 1631 1480 1697 1531; x_wconf 69' lang='grc' dir='ltr'><strong>τὰ</strong></span> <span class='ocrx_word' id='word_1_85' title='bbox 1756 1476 1812 1531; x_wconf 74' lang='grc' dir='ltr'><strong>δὲ</strong></span> <span class='ocrx_word' id='word_1_86' title='bbox 1868 1480 1985 1531; x_wconf 83' lang='grc' dir='ltr'>καθ’</span> <span class='ocrx_word' id='word_1_87' title='bbox 2033 1477 2194 1531; x_wconf 75' lang='grc' dir='ltr'>αὑτὸν</span> <span class='ocrx_word' id='word_1_88' title='bbox 2251 1476 2326 1537; x_wconf 80' lang='grc' dir='ltr'>ὡς</span> 
     </span>
    </p>
   </div>
   <div class='ocr_carea' id='block_1_14' title="bbox 680 1564 2324 1645">
    <p class='ocr_par' dir='ltr' id='par_1_14' title="bbox 680 1564 2324 1645">
     <span class='ocr_line' id='line_1_14' title="bbox 680 1564 2324 1645; baseline -0.002 -23"><span class='ocrx_word' id='word_1_89' title='bbox 680 1567 803 1636; x_wconf 76' lang='grc' dir='ltr'>ἐνῆν</span> <span class='ocrx_word' id='word_1_90' title='bbox 836 1568 1397 1645; x_wconf 75' lang='grc' dir='ltr'>κατασφαλιζὸμενος,</span> <span class='ocrx_word' id='word_1_91' title='bbox 1431 1566 1553 1621; x_wconf 74' lang='grc' dir='ltr'>ὅσον</span> <span class='ocrx_word' id='word_1_92' title='bbox 1609 1564 1867 1641; x_wconf 78' lang='grc' dir='ltr'>ἀσφαλῶς</span> <span class='ocrx_word' id='word_1_93' title='bbox 1895 1567 2036 1640; x_wconf 65' lang='grc' dir='ltr'>εἶχεν</span> <span class='ocrx_word' id='word_1_94' title='bbox 2084 1566 2143 1620; x_wconf 82' lang='grc' dir='ltr'>ἐκ</span> <span class='ocrx_word' id='word_1_95' title='bbox 2173 1572 2324 1619; x_wconf 81' lang='grc' dir='ltr'>Κων-</span> 
     </span>
    </p>
   </div>
   <div class='ocr_carea' id='block_1_15' title="bbox 682 1654 2323 1729">
    <p class='ocr_par' dir='ltr' id='par_1_15' title="bbox 682 1654 2323 1729">
     <span class='ocr_line' id='line_1_15' title="bbox 682 1654 2323 1729; baseline -0.002 -18"><span class='ocrx_word' id='word_1_96' title='bbox 682 1656 957 1713; x_wconf 86' lang='grc' dir='ltr'>σταντίνου</span> <span class='ocrx_word' id='word_1_97' title='bbox 995 1657 1276 1723; x_wconf 80' lang='grc' dir='ltr'>πεσόντος,</span> <span class='ocrx_word' id='word_1_98' title='bbox 1338 1656 1583 1725; x_wconf 73' lang='grc' dir='ltr'>ἐπαύζειν</span> <span class='ocrx_word' id='word_1_99' title='bbox 1640 1654 1807 1723; x_wconf 71' lang='grc' dir='ltr'>ἤθελε</span> <span class='ocrx_word' id='word_1_100' title='bbox 1864 1661 1982 1715; x_wconf 87' lang='grc' dir='ltr'>ταῖς</span> <span class='ocrx_word' id='word_1_101' title='bbox 2041 1656 2177 1729; x_wconf 80' lang='grc' dir='ltr'>πρὸς</span> <span class='ocrx_word' id='word_1_102' title='bbox 2233 1656 2323 1709; x_wconf 85' lang='grc' dir='ltr'>τὸν</span> 
     </span>
    </p>
   </div>
   <div class='ocr_carea' id='block_1_16' title="bbox 684 1743 2325 1822">
    <p class='ocr_par' dir='ltr' id='par_1_16' title="bbox 684 1743 2325 1822">
     <span class='ocr_line' id='line_1_16' title="bbox 684 1743 2325 1822; baseline -0.002 -21"><span class='ocrx_word' id='word_1_103' title='bbox 684 1753 936 1822; x_wconf 66' lang='grc' dir='ltr'>Λαχανᾶν</span> <span class='ocrx_word' id='word_1_104' title='bbox 997 1746 1347 1821; x_wconf 74' lang='grc' dir='ltr'>ἄγχιστείαις.</span> <span class='ocrx_word' id='word_1_105' title='bbox 1411 1746 1505 1798; x_wconf 74' lang='grc' dir='ltr'><strong>Καέ</strong></span> <span class='ocrx_word' id='word_1_106' title='bbox 1566 1746 1785 1818; x_wconf 67' lang='grc' dir='ltr'>πέμψας</span> <span class='ocrx_word' id='word_1_107' title='bbox 1854 1745 1945 1815; x_wconf 71' lang='grc' dir='ltr'>μὲν</span> <span class='ocrx_word' id='word_1_108' title='bbox 2006 1743 2325 1817; x_wconf 80' lang='grc' dir='ltr'>ἐπεπειρᾶτο</span> 
     </span>
    </p>
   </div>
   <div class='ocr_carea' id='block_1_17' title="bbox 2438 589 4088 671">
    <p class='ocr_par' dir='ltr' id='par_1_17' title="bbox 2438 589 4088 671">
     <span class='ocr_line' id='line_1_17' title="bbox 2438 589 4088 671; baseline 0.005 -29"><span class='ocrx_word' id='word_1_109' title='bbox 2438 589 2505 643; x_wconf 81' lang='grc' dir='ltr'><strong>τὰ</strong></span> <span class='ocrx_word' id='word_1_110' title='bbox 2561 589 2729 665; x_wconf 75' lang='grc' dir='ltr'>ζυγὰ,</span> <span class='ocrx_word' id='word_1_111' title='bbox 2787 591 2950 666; x_wconf 79' lang='grc' dir='ltr'>ἀρετῇ</span> <span class='ocrx_word' id='word_1_112' title='bbox 3010 589 3068 647; x_wconf 72' lang='grc' dir='ltr'><strong>δδ</strong></span> <span class='ocrx_word' id='word_1_113' title='bbox 3121 590 3212 647; x_wconf 77' lang='grc' dir='ltr'>καί</span> <span class='ocrx_word' id='word_1_114' title='bbox 3265 594 3329 649; x_wconf 86' lang='grc' dir='ltr'>τὸ</span> <span class='ocrx_word' id='word_1_115' title='bbox 3387 597 3823 671; x_wconf 87' lang='grc' dir='ltr'>προσγενόμενον</span> <span class='ocrx_word' id='word_1_116' title='bbox 3884 597 4088 653; x_wconf 73' lang='grc' dir='ltr'>οἲκεῖον</span> 
     </span>
    </p>
   </div>
   <div class='ocr_carea' id='block_1_18' title="bbox 2436 676 4083 753">
    <p class='ocr_par' dir='ltr' id='par_1_18' title="bbox 2436 676 4083 753">
     <span class='ocr_line' id='line_1_18' title="bbox 2436 676 4083 753; baseline 0.007 -23"><span class='ocrx_word' id='word_1_117' title='bbox 2436 676 2524 730; x_wconf 83' lang='grc' dir='ltr'>καὶ</span> <span class='ocrx_word' id='word_1_118' title='bbox 2583 678 2647 731; x_wconf 86' lang='grc' dir='ltr'><strong>τὸ</strong></span> <span class='ocrx_word' id='word_1_119' title='bbox 2697 678 3098 752; x_wconf 85' lang='grc' dir='ltr'>ἀπογενόμενον</span> <span class='ocrx_word' id='word_1_120' title='bbox 3180 682 3281 736; x_wconf 80' lang='grc' dir='ltr'><strong>οὐκ</strong></span> <span class='ocrx_word' id='word_1_121' title='bbox 3365 682 3687 740; x_wconf 70' lang='grc' dir='ltr'>ἀνέλπιστον</span> <span class='ocrx_word' id='word_1_122' title='bbox 3724 728 3738 753; x_wconf 84' lang='grc'><strong>,</strong></span> <span class='ocrx_word' id='word_1_123' title='bbox 3796 686 4083 742; x_wconf 83' lang='grc' dir='ltr'>ὑπώπτευε</span> 
     </span>
    </p>
   </div>
   <div class='ocr_carea' id='block_1_19' title="bbox 2436 764 4087 853">
    <p class='ocr_par' dir='ltr' id='par_1_19' title="bbox 2436 764 4087 853">
     <span class='ocr_line' id='line_1_19' title="bbox 2436 764 4087 853; baseline 0.007 -33"><span class='ocrx_word' id='word_1_124' title='bbox 2436 766 2501 820; x_wconf 69' lang='grc' dir='ltr'><strong>τὰ</strong></span> <span class='ocrx_word' id='word_1_125' title='bbox 2530 764 2715 821; x_wconf 82' lang='grc' dir='ltr'>πολλᾶ</span> <span class='ocrx_word' id='word_1_126' title='bbox 2738 768 2837 835; x_wconf 81' lang='grc' dir='ltr'><strong>τήν</strong></span> <span class='ocrx_word' id='word_1_127' title='bbox 2866 789 3063 844; x_wconf 75' lang='grc' dir='ltr'>τυχην,</span> <span class='ocrx_word' id='word_1_128' title='bbox 3100 772 3176 842; x_wconf 78' lang='grc' dir='ltr'>μή</span> <span class='ocrx_word' id='word_1_129' title='bbox 3218 768 3387 826; x_wconf 77' lang='grc' dir='ltr'>δοῦσα</span> <span class='ocrx_word' id='word_1_130' title='bbox 3448 773 3658 848; x_wconf 77' lang='grc' dir='ltr'>μεγάλα</span> <span class='ocrx_word' id='word_1_131' title='bbox 3712 774 3969 853; x_wconf 73' lang='grc' dir='ltr'>ἐξαίφνης</span> <span class='ocrx_word' id='word_1_132' title='bbox 4029 778 4087 831; x_wconf 82' lang='grc' dir='ltr'>τὸ</span> 
     </span>
    </p>
   </div>
   <div class='ocr_carea' id='block_1_20' title="bbox 2436 858 4090 937">
    <p class='ocr_par' dir='ltr' id='par_1_20' title="bbox 2436 858 4090 937">
     <span class='ocr_line' id='line_1_20' title="bbox 2436 858 4090 937; baseline 0.005 -27"><span class='ocrx_word' id='word_1_133' title='bbox 2436 861 2538 910; x_wconf 83' lang='grc' dir='ltr'>πᾶν</span> <span class='ocrx_word' id='word_1_134' title='bbox 2588 860 2800 932; x_wconf 77' lang='grc' dir='ltr'>ταχέως</span> <span class='ocrx_word' id='word_1_135' title='bbox 2858 858 3147 935; x_wconf 71' lang='grc' dir='ltr'>ἀφέληται,</span> <span class='ocrx_word' id='word_1_136' title='bbox 3180 860 3269 915; x_wconf 82' lang='grc' dir='ltr'>καὶ</span> <span class='ocrx_word' id='word_1_137' title='bbox 3328 862 3529 934; x_wconf 75' lang='grc' dir='ltr'>ἀρετῆσ</span> <span class='ocrx_word' id='word_1_138' title='bbox 3581 865 3656 936; x_wconf 81' lang='grc' dir='ltr'>μή</span> <span class='ocrx_word' id='word_1_139' title='bbox 3720 861 3885 935; x_wconf 69' lang='grc' dir='ltr'>οὔσης</span> <span class='ocrx_word' id='word_1_140' title='bbox 3949 863 4090 937; x_wconf 75' lang='grc' dir='ltr'>μηδὲ</span> 
     </span>
    </p>
   </div>
   <div class='ocr_carea' id='block_1_21' title="bbox 2442 946 4093 1028">
    <p class='ocr_par' dir='ltr' id='par_1_21' title="bbox 2442 946 4093 1028">
     <span class='ocr_line' id='line_1_21' title="bbox 2442 946 4093 1028; baseline 0.005 -29"><span class='ocrx_word' id='word_1_141' title='bbox 2442 946 2728 1021; x_wconf 83' lang='grc' dir='ltr'>βραχὺκαὶ</span> <span class='ocrx_word' id='word_1_142' title='bbox 2776 948 2837 1001; x_wconf 88' lang='grc' dir='ltr'>τὸ</span> <span class='ocrx_word' id='word_1_143' title='bbox 2877 950 3002 1021; x_wconf 80' lang='grc' dir='ltr'>παρ’</span> <span class='ocrx_word' id='word_1_144' title='bbox 3056 948 3265 1021; x_wconf 83' lang='grc' dir='ltr'>ἐκείνης</span> <span class='ocrx_word' id='word_1_145' title='bbox 3323 948 3605 1023; x_wconf 79' lang='grc' dir='ltr'>διδόμενον</span> <span class='ocrx_word' id='word_1_146' title='bbox 3663 953 3985 1028; x_wconf 80' lang='grc' dir='ltr'>ἀμαυρῷτο,</span> <span class='ocrx_word' id='word_1_147' title='bbox 4020 957 4093 1015; x_wconf 82' lang='grc' dir='ltr'>ὡς</span> 
     </span>
    </p>
   </div>
   <div class='ocr_carea' id='block_1_22' title="bbox 2441 1034 4091 1113">
    <p class='ocr_par' dir='ltr' id='par_1_22' title="bbox 2441 1034 4091 1113">
     <span class='ocr_line' id='line_1_22' title="bbox 2441 1034 4091 1113; baseline 0.005 -26"><span class='ocrx_word' id='word_1_148' title='bbox 2441 1037 2515 1106; x_wconf 86' lang='grc' dir='ltr'>μή</span> <span class='ocrx_word' id='word_1_149' title='bbox 2547 1034 2761 1111; x_wconf 76' lang='grc' dir='ltr'>φθάνειν</span> <span class='ocrx_word' id='word_1_150' title='bbox 2816 1036 3247 1113; x_wconf 82' lang='grc' dir='ltr'>ἐπιτυγχάνοντα</span> <span class='ocrx_word' id='word_1_151' title='bbox 3302 1041 3668 1113; x_wconf 81' lang='grc' dir='ltr'>θαυμάζεσθαι</span> <span class='ocrx_word' id='word_1_152' title='bbox 3701 1044 3789 1096; x_wconf 83' lang='grc' dir='ltr'>καὶ</span> <span class='ocrx_word' id='word_1_153' title='bbox 3822 1041 4091 1098; x_wconf 74' lang='grc' dir='ltr'>ἐλεεῖσθαι</span> 
     </span>
    </p>
   </div>
   <div class='ocr_carea' id='block_1_23' title="bbox 2435 1123 4090 1208">
    <p class='ocr_par' dir='ltr' id='par_1_23' title="bbox 2435 1123 4090 1208">
     <span class='ocr_line' id='line_1_23' title="bbox 2435 1123 4090 1208; baseline 0.005 -31"><span class='ocrx_word' id='word_1_154' title='bbox 2435 1123 2899 1200; x_wconf 82' lang='grc' dir='ltr'>ἀποτυγχάνοντα.</span> <span class='ocrx_word' id='word_1_155' title='bbox 2934 1127 3031 1181; x_wconf 85' lang='grc' dir='ltr'><strong>Διά</strong></span> <span class='ocrx_word' id='word_1_156' title='bbox 3058 1131 3219 1182; x_wconf 78' lang='grc' dir='ltr'>τοῦτο</span> <span class='ocrx_word' id='word_1_157' title='bbox 3266 1129 3355 1183; x_wconf 77' lang='grc' dir='ltr'><strong>καὶ</strong></span> <span class='ocrx_word' id='word_1_158' title='bbox 3386 1133 3554 1185; x_wconf 74' lang='grc' dir='ltr'>ταῦτα</span> <span class='ocrx_word' id='word_1_159' title='bbox 3612 1133 3836 1208; x_wconf 70' lang='grc' dir='ltr'>στρέφον</span> <span class='ocrx_word' id='word_1_160' title='bbox 3868 1132 3959 1187; x_wconf 71' lang='grc' dir='ltr'>ἐπὶ</span> <span class='ocrx_word' id='word_1_161' title='bbox 3996 1132 4090 1186; x_wconf 85' lang='grc' dir='ltr'>λο-</span> 
     </span>
    </p>
   </div>
   <div class='ocr_carea' id='block_1_24' title="bbox 2432 1214 4089 1296">
    <p class='ocr_par' dir='ltr' id='par_1_24' title="bbox 2432 1214 4089 1296">
     <span class='ocr_line' id='line_1_24' title="bbox 2432 1214 4089 1296; baseline 0.007 -30"><span class='ocrx_word' id='word_1_162' title='bbox 2432 1218 2665 1289; x_wconf 83' lang='grc' dir='ltr'>γισμῶν,</span> <span class='ocrx_word' id='word_1_163' title='bbox 2694 1214 2902 1289; x_wconf 76' lang='grc' dir='ltr'>βουλὴν</span> <span class='ocrx_word' id='word_1_164' title='bbox 2932 1216 3187 1291; x_wconf 75' lang='grc' dir='ltr'>συνέλεγε</span> <span class='ocrx_word' id='word_1_165' title='bbox 3214 1220 3342 1280; x_wconf 85' lang='grc' dir='ltr'>τοὺς</span> <span class='ocrx_word' id='word_1_166' title='bbox 3392 1219 3527 1296; x_wconf 72' lang='grc' dir='ltr'>ἀμφ’</span> <span class='ocrx_word' id='word_1_167' title='bbox 3578 1221 3740 1275; x_wconf 84' lang='grc' dir='ltr'>αὐτὸν</span> <span class='ocrx_word' id='word_1_168' title='bbox 3773 1220 4089 1294; x_wconf 70' lang='grc' dir='ltr'>συγκαλῶν.</span> 
     </span>
    </p>
   </div>
   <div class='ocr_carea' id='block_1_25' title="bbox 2433 1298 4087 1384">
    <p class='ocr_par' dir='ltr' id='par_1_25' title="bbox 2433 1298 4087 1384">
     <span class='ocr_line' id='line_1_25' title="bbox 2433 1298 4087 1384; baseline 0.005 -29"><span class='ocrx_word' id='word_1_169' title='bbox 2433 1298 2674 1358; x_wconf 86' lang='grc' dir='ltr'>Ἐϐλεπε</span> <span class='ocrx_word' id='word_1_170' title='bbox 2703 1304 2805 1379; x_wconf 82' lang='grc' dir='ltr'><strong>γὰρ</strong></span> <span class='ocrx_word' id='word_1_171' title='bbox 2836 1305 2935 1373; x_wconf 78' lang='grc' dir='ltr'>τὴν</span> <span class='ocrx_word' id='word_1_172' title='bbox 2969 1309 3075 1360; x_wconf 89' lang='grc' dir='ltr'><strong>τῶν</strong></span> <span class='ocrx_word' id='word_1_173' title='bbox 3109 1306 3447 1383; x_wconf 75' lang='grc' dir='ltr'>Βουλγάρων</span> <span class='ocrx_word' id='word_1_174' title='bbox 3474 1308 3652 1384; x_wconf 79' lang='grc' dir='ltr'>ἀρχὴν</span> <span class='ocrx_word' id='word_1_175' title='bbox 3710 1309 3807 1363; x_wconf 78' lang='grc' dir='ltr'>τοῦ</span> <span class='ocrx_word' id='word_1_176' title='bbox 3835 1330 4087 1383; x_wconf 76' lang='grc' dir='ltr'>προστα-</span> 
     </span>
    </p>
   </div>
   <div class='ocr_carea' id='block_1_26' title="bbox 2433 1393 4089 1472">
    <p class='ocr_par' dir='ltr' id='par_1_26' title="bbox 2433 1393 4089 1472">
     <span class='ocr_line' id='line_1_26' title="bbox 2433 1393 4089 1472; baseline 0.004 -28"><span class='ocrx_word' id='word_1_177' title='bbox 2433 1393 2694 1461; x_wconf 80' lang='grc' dir='ltr'>τήσοντος</span> <span class='ocrx_word' id='word_1_178' title='bbox 2749 1393 3062 1467; x_wconf 72' lang='grc' dir='ltr'>χρῄζουσαν</span> <span class='ocrx_word' id='word_1_179' title='bbox 3122 1394 3171 1467; x_wconf 73' lang='grc' dir='ltr'><strong>ἐξ</strong></span> <span class='ocrx_word' id='word_1_180' title='bbox 3235 1395 3496 1469; x_wconf 71' lang='grc' dir='ltr'>ἀνάγκης,</span> <span class='ocrx_word' id='word_1_181' title='bbox 3554 1398 3829 1472; x_wconf 84' lang='grc' dir='ltr'>παρετίθει</span> <span class='ocrx_word' id='word_1_182' title='bbox 3893 1397 3953 1453; x_wconf 71' lang='grc' dir='ltr'><strong>δὲ</strong></span> <span class='ocrx_word' id='word_1_183' title='bbox 3997 1400 4089 1453; x_wconf 79' lang='grc' dir='ltr'><strong>καὶ</strong></span> 
     </span>
    </p>
   </div>
   <div class='ocr_carea' id='block_1_27' title="bbox 2431 1482 4092 1559">
    <p class='ocr_par' dir='ltr' id='par_1_27' title="bbox 2431 1482 4092 1559">
     <span class='ocr_line' id='line_1_27' title="bbox 2431 1482 4092 1559; baseline 0.004 -26"><span class='ocrx_word' id='word_1_184' title='bbox 2431 1484 2511 1550; x_wconf 80' lang='grc' dir='ltr'><strong>τῷ</strong></span> <span class='ocrx_word' id='word_1_185' title='bbox 2545 1486 2767 1555; x_wconf 82' lang='grc' dir='ltr'>Λαχανᾷ</span> <span class='ocrx_word' id='word_1_186' title='bbox 2793 1484 2884 1535; x_wconf 91' lang='grc' dir='ltr'><strong>τὸν</strong></span> <span class='ocrx_word' id='word_1_187' title='bbox 2918 1482 2976 1537; x_wconf 75' lang='grc' dir='ltr'><strong>ἐκ</strong></span> <span class='ocrx_word' id='word_1_188' title='bbox 3030 1488 3130 1537; x_wconf 80' lang='grc' dir='ltr'><strong>τοῦ</strong></span> <span class='ocrx_word' id='word_1_189' title='bbox 3188 1486 3377 1553; x_wconf 76' lang='grc' dir='ltr'>Μυτζή</span> <span class='ocrx_word' id='word_1_190' title='bbox 3431 1488 3702 1556; x_wconf 76' lang='grc' dir='ltr'>Ἰωάννην,</span> <span class='ocrx_word' id='word_1_191' title='bbox 3735 1488 3825 1542; x_wconf 83' lang='grc' dir='ltr'><strong>καὶ</strong></span> <span class='ocrx_word' id='word_1_192' title='bbox 3855 1492 3935 1558; x_wconf 81' lang='grc' dir='ltr'><strong>τῷ</strong></span> <span class='ocrx_word' id='word_1_193' title='bbox 3995 1489 4092 1559; x_wconf 70' lang='grc' dir='ltr'>μὲν</span> 
     </span>
    </p>
   </div>
   <div class='ocr_carea' id='block_1_28' title="bbox 2432 1567 4089 1650">
    <p class='ocr_par' dir='ltr' id='par_1_28' title="bbox 2432 1567 4089 1650">
     <span class='ocr_line' id='line_1_28' title="bbox 2432 1567 4089 1650; baseline 0.005 -29"><span class='ocrx_word' id='word_1_194' title='bbox 2432 1567 2610 1643; x_wconf 69' lang='grc' dir='ltr'>τύχην</span> <span class='ocrx_word' id='word_1_195' title='bbox 2646 1569 2734 1622; x_wconf 83' lang='grc' dir='ltr'>καὶ</span> <span class='ocrx_word' id='word_1_196' title='bbox 2769 1570 2962 1641; x_wconf 73' lang='grc' dir='ltr'>θράσος</span> <span class='ocrx_word' id='word_1_197' title='bbox 2992 1572 3080 1626; x_wconf 68' lang='grc' dir='ltr'><strong>ναὶ</strong></span> <span class='ocrx_word' id='word_1_198' title='bbox 3112 1571 3175 1627; x_wconf 85' lang='grc' dir='ltr'>τὸ</span> <span class='ocrx_word' id='word_1_199' title='bbox 3208 1571 3428 1628; x_wconf 79' lang='grc' dir='ltr'>ἐπὶτῶν</span> <span class='ocrx_word' id='word_1_200' title='bbox 3460 1577 3793 1650; x_wconf 76' lang='grc' dir='ltr'>πραγμάτων</span> <span class='ocrx_word' id='word_1_201' title='bbox 3843 1577 3980 1630; x_wconf 73' lang='grc' dir='ltr'>εἶναι</span> <span class='ocrx_word' id='word_1_202' title='bbox 4013 1577 4089 1636; x_wconf 81' lang='grc' dir='ltr'><strong>εἰς</strong></span> 
     </span>
    </p>
   </div>
   <div class='ocr_carea' id='block_1_29' title="bbox 2432 1653 4087 1739">
    <p class='ocr_par' dir='ltr' id='par_1_29' title="bbox 2432 1653 4087 1739">
     <span class='ocr_line' id='line_1_29' title="bbox 2432 1653 4087 1739; baseline 0.005 -29"><span class='ocrx_word' id='word_1_203' title='bbox 2432 1653 2731 1731; x_wconf 83' lang='grc' dir='ltr'>πρόσϐασιν</span> <span class='ocrx_word' id='word_1_204' title='bbox 2764 1662 2862 1726; x_wconf 74' lang='grc' dir='ltr'><strong>τῆς</strong></span> <span class='ocrx_word' id='word_1_205' title='bbox 2907 1660 3086 1735; x_wconf 80' lang='grc' dir='ltr'>ἀρχῆς</span> <span class='ocrx_word' id='word_1_206' title='bbox 3146 1661 3531 1717; x_wconf 74' lang='grc' dir='ltr'>συντελέσοντα</span> <span class='ocrx_word' id='word_1_207' title='bbox 3590 1664 3866 1739; x_wconf 76' lang='grc' dir='ltr'>ἐγίνωσκε,</span> <span class='ocrx_word' id='word_1_208' title='bbox 3901 1666 4087 1720; x_wconf 77' lang='grc' dir='ltr'>Ἰωάν-</span> 
     </span>
    </p>
   </div>
   <div class='ocr_carea' id='block_1_30' title="bbox 2431 1743 4083 1827">
    <p class='ocr_par' dir='ltr' id='par_1_30' title="bbox 2431 1743 4083 1827">
     <span class='ocr_line' id='line_1_30' title="bbox 2431 1743 4083 1827; baseline 0.006 -30"><span class='ocrx_word' id='word_1_209' title='bbox 2431 1768 2526 1813; x_wconf 88' lang='grc' dir='ltr'><strong>νην</strong></span> <span class='ocrx_word' id='word_1_210' title='bbox 2558 1743 2614 1799; x_wconf 75' lang='grc' dir='ltr'>δέ</span> <span class='ocrx_word' id='word_1_211' title='bbox 2643 1746 2705 1799; x_wconf 87' lang='grc' dir='ltr'>τὸ</span> <span class='ocrx_word' id='word_1_212' title='bbox 2735 1745 2885 1821; x_wconf 70' lang='grc' dir='ltr'>γένος</span> <span class='ocrx_word' id='word_1_213' title='bbox 2932 1748 3021 1801; x_wconf 81' lang='grc' dir='ltr'>καί</span> <span class='ocrx_word' id='word_1_214' title='bbox 3062 1750 3162 1817; x_wconf 72' lang='grc' dir='ltr'><strong>τήν</strong></span> <span class='ocrx_word' id='word_1_215' title='bbox 3206 1750 3293 1827; x_wconf 69' lang='grc' dir='ltr'><strong>ἀφ’</strong></span> <span class='ocrx_word' id='word_1_216' title='bbox 3327 1752 3493 1804; x_wconf 79' lang='grc' dir='ltr'>αὐτοῦ</span> <span class='ocrx_word' id='word_1_217' title='bbox 3526 1753 3775 1826; x_wconf 71' lang='grc' dir='ltr'>σύναρσιν</span> <span class='ocrx_word' id='word_1_218' title='bbox 3835 1772 4083 1827; x_wconf 80' lang='grc' dir='ltr'>κατοχυ-</span> 
     </span>
    </p>
   </div>
   <div class='ocr_carea' id='block_1_31' title="bbox 678 1828 4090 1917">
    <p class='ocr_par' dir='ltr' id='par_1_31' title="bbox 678 1828 4090 1917">
     <span class='ocr_line' id='line_1_31' title="bbox 678 1828 4090 1917; baseline 0.004 -35"><span class='ocrx_word' id='word_1_219' title='bbox 678 1839 775 1888; x_wconf 75' lang='grc' dir='ltr'>τοῦ</span> <span class='ocrx_word' id='word_1_220' title='bbox 830 1829 1129 1908; x_wconf 70' lang='grc' dir='ltr'>βαρϐάρου,</span> <span class='ocrx_word' id='word_1_221' title='bbox 1190 1834 1268 1910; x_wconf 69' lang='grc' dir='ltr'><strong>ἐφ’</strong></span> <span class='ocrx_word' id='word_1_222' title='bbox 1300 1832 1345 1904; x_wconf 76' lang='grc' dir='ltr'>ᾧ</span> <span class='ocrx_word' id='word_1_223' title='bbox 1375 1834 1464 1887; x_wconf 69' lang='grc' dir='ltr'><strong>καὶ</strong></span> <span class='ocrx_word' id='word_1_224' title='bbox 1515 1837 1706 1906; x_wconf 88' lang='grc' dir='ltr'>γνῶναι</span> <span class='ocrx_word' id='word_1_225' title='bbox 1736 1832 1777 1886; x_wconf 87' lang='grc' dir='ltr'><strong>εἰ</strong></span> <span class='ocrx_word' id='word_1_226' title='bbox 1811 1834 2005 1893; x_wconf 77' lang='grc' dir='ltr'>ἱκανῶς</span> <span class='ocrx_word' id='word_1_227' title='bbox 2066 1828 2188 1905; x_wconf 79' lang='grc' dir='ltr'>ἔχοι</span> <span class='ocrx_word' id='word_1_228' title='bbox 2237 1833 2324 1885; x_wconf 68' lang='grc' dir='ltr'>καὶ</span> <span class='ocrx_word' id='word_1_229' title='bbox 2362 1853 2408 1917; x_wconf 83' lang='grc' dir='ltr'><strong>Β</strong></span> <span class='ocrx_word' id='word_1_230' title='bbox 2441 1839 2565 1910; x_wconf 76' lang='grc' dir='ltr'>ροῦν</span> <span class='ocrx_word' id='word_1_231' title='bbox 2601 1835 2674 1896; x_wconf 81' lang='grc' dir='ltr'>εἷς</span> <span class='ocrx_word' id='word_1_232' title='bbox 2708 1835 2886 1911; x_wconf 68' lang='grc' dir='ltr'>ἀρχὴν</span> <span class='ocrx_word' id='word_1_233' title='bbox 2939 1837 3027 1891; x_wconf 67' lang='grc' dir='ltr'>οἷά</span> <span class='ocrx_word' id='word_1_234' title='bbox 3072 1840 3121 1893; x_wconf 86' lang='grc' dir='ltr'>τ’</span> <span class='ocrx_word' id='word_1_235' title='bbox 3153 1834 3282 1893; x_wconf 72' lang='grc' dir='ltr'>ὄντα</span> <span class='ocrx_word' id='word_1_236' title='bbox 3313 1841 3403 1894; x_wconf 73' lang='grc' dir='ltr'>καὶ</span> <span class='ocrx_word' id='word_1_237' title='bbox 3448 1841 3659 1913; x_wconf 72' lang='grc' dir='ltr'>μᾶλλον</span> <span class='ocrx_word' id='word_1_238' title='bbox 3695 1839 3949 1915; x_wconf 73' lang='grc' dir='ltr'>διέκρινε.</span> <span class='ocrx_word' id='word_1_239' title='bbox 3988 1844 4090 1898; x_wconf 73' lang='grc' dir='ltr'><strong>Καὶ</strong></span> 
     </span>
    </p>
   </div>
   <div class='ocr_carea' id='block_1_32' title="bbox 679 1921 2329 1998">
    <p class='ocr_par' dir='ltr' id='par_1_32' title="bbox 679 1921 2329 1998">
     <span class='ocr_line' id='line_1_32' title="bbox 679 1921 2329 1998; baseline -0.001 -21"><span class='ocrx_word' id='word_1_240' title='bbox 679 1924 815 1996; x_wconf 69' lang='grc' dir='ltr'>πρὸς</span> <span class='ocrx_word' id='word_1_241' title='bbox 843 1924 904 1977; x_wconf 79' lang='grc' dir='ltr'>τὸ</span> <span class='ocrx_word' id='word_1_242' title='bbox 936 1924 1123 1997; x_wconf 81' lang='grc' dir='ltr'>πρόσω</span> <span class='ocrx_word' id='word_1_243' title='bbox 1156 1926 1379 1998; x_wconf 80' lang='grc' dir='ltr'>χωρεῖν,</span> <span class='ocrx_word' id='word_1_244' title='bbox 1432 1922 1602 1983; x_wconf 73' lang='grc' dir='ltr'>οὕτως</span> <span class='ocrx_word' id='word_1_245' title='bbox 1635 1921 1931 1996; x_wconf 73' lang='grc' dir='ltr'>ἀρξάμενος</span> <span class='ocrx_word' id='word_1_246' title='bbox 1983 1922 2076 1993; x_wconf 76' lang='grc' dir='ltr'>μὲν</span> <span class='ocrx_word' id='word_1_247' title='bbox 2111 1922 2329 1994; x_wconf 81' lang='grc' dir='ltr'>ἀπεριτ-</span> 
     </span>
    </p>
   </div>
   <div class='ocr_carea' id='block_1_33' title="bbox 680 2010 2331 2086">
    <p class='ocr_par' dir='ltr' id='par_1_33' title="bbox 680 2010 2331 2086">
     <span class='ocr_line' id='line_1_33' title="bbox 680 2010 2331 2086; baseline -0.002 -19"><span class='ocrx_word' id='word_1_248' title='bbox 680 2034 808 2074; x_wconf 82' lang='grc' dir='ltr'>τως.</span> <span class='ocrx_word' id='word_1_249' title='bbox 854 2013 920 2067; x_wconf 68' lang='grc' dir='ltr'><strong>τὰ</strong></span> <span class='ocrx_word' id='word_1_250' title='bbox 981 2014 1208 2085; x_wconf 67' lang='grc' dir='ltr'>μέγιστα</span> <span class='ocrx_word' id='word_1_251' title='bbox 1266 2010 1312 2065; x_wconf 79' lang='grc' dir='ltr'><strong>δ’</strong></span> <span class='ocrx_word' id='word_1_252' title='bbox 1370 2011 1689 2086; x_wconf 74' lang='grc' dir='ltr'>εὐτυχηκὼς</span> <span class='ocrx_word' id='word_1_253' title='bbox 1748 2012 1806 2065; x_wconf 80' lang='grc' dir='ltr'>ἐκ</span> <span class='ocrx_word' id='word_1_254' title='bbox 1856 2015 1953 2065; x_wconf 78' lang='grc' dir='ltr'><strong>τοῦ</strong></span> <span class='ocrx_word' id='word_1_255' title='bbox 2015 2010 2199 2085; x_wconf 65' lang='grc' dir='ltr'>ῥᾷστα.</span> <span class='ocrx_word' id='word_1_256' title='bbox 2234 2010 2331 2064; x_wconf 79' lang='grc' dir='ltr'>Καί</span> 
     </span>
    </p>
   </div>
   <div class='ocr_carea' id='block_1_34' title="bbox 684 2097 2335 2177">
    <p class='ocr_par' dir='ltr' id='par_1_34' title="bbox 684 2097 2335 2177">
     <span class='ocr_line' id='line_1_34' title="bbox 684 2097 2335 2177; baseline -0.002 -21"><span class='ocrx_word' id='word_1_257' title='bbox 684 2122 746 2176; x_wconf 90' lang='grc' dir='ltr'><strong>γε</strong></span> <span class='ocrx_word' id='word_1_258' title='bbox 798 2102 887 2156; x_wconf 78' lang='grc' dir='ltr'>καὶ</span> <span class='ocrx_word' id='word_1_259' title='bbox 941 2098 1189 2177; x_wconf 80' lang='grc' dir='ltr'>γαμϐρὸν</span> <span class='ocrx_word' id='word_1_260' title='bbox 1247 2100 1332 2154; x_wconf 82' lang='grc' dir='ltr'><strong>ἐπὶ</strong></span> <span class='ocrx_word' id='word_1_261' title='bbox 1394 2099 1632 2175; x_wconf 78' lang='grc' dir='ltr'>θμγατρῖ</span> <span class='ocrx_word' id='word_1_262' title='bbox 1686 2097 1951 2153; x_wconf 81' lang='grc' dir='ltr'>διενοεῖτο</span> <span class='ocrx_word' id='word_1_263' title='bbox 2010 2105 2225 2167; x_wconf 85' lang='grc' dir='ltr'>ποιεῖν,</span> <span class='ocrx_word' id='word_1_264' title='bbox 2286 2099 2335 2153; x_wconf 70' lang='grc' dir='ltr'>εἴ</span> 
     </span>
    </p>
   </div>
   <div class='ocr_carea' id='block_1_35' title="bbox 682 2188 2332 2266">
    <p class='ocr_par' dir='ltr' id='par_1_35' title="bbox 682 2188 2332 2266">
     <span class='ocr_line' id='line_1_35' title="bbox 682 2188 2332 2266; baseline -0.002 -22"><span class='ocrx_word' id='word_1_265' title='bbox 682 2190 832 2266; x_wconf 69' lang='grc' dir='ltr'>σφίσι</span> <span class='ocrx_word' id='word_1_266' title='bbox 886 2188 1081 2261; x_wconf 78' lang='grc' dir='ltr'>δόξειεν</span> <span class='ocrx_word' id='word_1_267' title='bbox 1144 2189 1534 2262; x_wconf 77' lang='grc' dir='ltr'>ἐνικανωμὲνος</span> <span class='ocrx_word' id='word_1_268' title='bbox 1593 2189 1680 2243; x_wconf 75' lang='grc' dir='ltr'>καῖ</span> <span class='ocrx_word' id='word_1_269' title='bbox 1736 2189 1869 2263; x_wconf 85' lang='grc' dir='ltr'>πρὸς</span> <span class='ocrx_word' id='word_1_270' title='bbox 1900 2188 2065 2256; x_wconf 71' lang='grc' dir='ltr'>αὐτὴν</span> <span class='ocrx_word' id='word_1_271' title='bbox 2096 2189 2194 2256; x_wconf 70' lang='grc' dir='ltr'>τὴν</span> <span class='ocrx_word' id='word_1_272' title='bbox 2226 2192 2332 2241; x_wconf 89' lang='grc' dir='ltr'><strong>τῶν</strong></span> 
     </span>
    </p>
   </div>
   <div class='ocr_carea' id='block_1_36' title="bbox 684 2275 2328 2355">
    <p class='ocr_par' dir='ltr' id='par_1_36' title="bbox 684 2275 2328 2355">
     <span class='ocr_line' id='line_1_36' title="bbox 684 2275 2328 2355; baseline -0.004 -20"><span class='ocrx_word' id='word_1_273' title='bbox 684 2278 1011 2355; x_wconf 83' lang='grc' dir='ltr'>Βουλγάρων</span> <span class='ocrx_word' id='word_1_274' title='bbox 1044 2279 1248 2354; x_wconf 80' lang='grc' dir='ltr'>ἀρχήν.</span> <span class='ocrx_word' id='word_1_275' title='bbox 1276 2281 1469 2349; x_wconf 79' lang='grc' dir='ltr'>’Ὁμως</span> <span class='ocrx_word' id='word_1_276' title='bbox 1503 2275 1549 2331; x_wconf 82' lang='grc' dir='ltr'><strong>δ’</strong></span> <span class='ocrx_word' id='word_1_277' title='bbox 1577 2277 1776 2351; x_wconf 82' lang='grc' dir='ltr'>ἐνορῶν</span> <span class='ocrx_word' id='word_1_278' title='bbox 1810 2277 1899 2331; x_wconf 85' lang='grc' dir='ltr'>καί</span> <span class='ocrx_word' id='word_1_279' title='bbox 1930 2278 1991 2331; x_wconf 88' lang='grc' dir='ltr'>τὸ</span> <span class='ocrx_word' id='word_1_280' title='bbox 2022 2284 2123 2346; x_wconf 87' lang='grc' dir='ltr'><strong>τῆς</strong></span> <span class='ocrx_word' id='word_1_281' title='bbox 2150 2279 2328 2351; x_wconf 75' lang='grc' dir='ltr'>τύχης</span> 
     </span>
    </p>
   </div>
   <div class='ocr_carea' id='block_1_37' title="bbox 678 2366 2325 2443">
    <p class='ocr_par' dir='ltr' id='par_1_37' title="bbox 678 2366 2325 2443">
     <span class='ocr_line' id='line_1_37' title="bbox 678 2366 2325 2443; baseline -0.001 -22"><span class='ocrx_word' id='word_1_282' title='bbox 678 2368 903 2423; x_wconf 83' lang='grc' dir='ltr'>ἄστατον</span> <span class='ocrx_word' id='word_1_283' title='bbox 937 2411 951 2437; x_wconf 90' lang='grc'><strong>,</strong></span> <span class='ocrx_word' id='word_1_284' title='bbox 1003 2369 1077 2431; x_wconf 85' lang='grc' dir='ltr'>ὡς</span> <span class='ocrx_word' id='word_1_285' title='bbox 1132 2368 1244 2441; x_wconf 78' lang='grc' dir='ltr'><strong>ἅμα</strong></span> <span class='ocrx_word' id='word_1_286' title='bbox 1306 2368 1399 2440; x_wconf 70' lang='grc' dir='ltr'>μὲν</span> <span class='ocrx_word' id='word_1_287' title='bbox 1450 2366 1764 2443; x_wconf 80' lang='grc' dir='ltr'>χαρίζεσθαι</span> <span class='ocrx_word' id='word_1_288' title='bbox 1804 2367 1893 2420; x_wconf 82' lang='grc' dir='ltr'><strong>καὶ</strong></span> <span class='ocrx_word' id='word_1_289' title='bbox 1945 2367 2013 2421; x_wconf 76' lang='grc' dir='ltr'>τὰ</span> <span class='ocrx_word' id='word_1_290' title='bbox 2076 2367 2325 2441; x_wconf 75' lang='grc' dir='ltr'>μέγιστα,</span> 
     </span>
    </p>
   </div>
   <div class='ocr_carea' id='block_1_38' title="bbox 673 2580 2326 2655">
    <p class='ocr_par' dir='ltr' id='par_1_38' title="bbox 673 2580 2326 2655">
     <span class='ocr_line' id='line_1_38' title="bbox 673 2580 2326 2655; baseline -0.003 -16"><span class='ocrx_word' id='word_1_291' title='bbox 673 2600 869 2655; x_wconf 83' lang='lat' dir='ltr'><strong>regem</strong></span> <span class='ocrx_word' id='word_1_292' title='bbox 900 2582 1120 2655; x_wconf 92' lang='lat' dir='ltr'><strong>ipsum,</strong></span> <span class='ocrx_word' id='word_1_293' title='bbox 1155 2581 1256 2653; x_wconf 89' lang='lat' dir='ltr'><strong>qui</strong></span> <span class='ocrx_word' id='word_1_294' title='bbox 1291 2581 1437 2636; x_wconf 86' lang='lat' dir='ltr'><strong>nihil</strong></span> <span class='ocrx_word' id='word_1_295' title='bbox 1470 2598 1535 2637; x_wconf 91' lang='lat' dir='ltr'><strong>eo</strong></span> <span class='ocrx_word' id='word_1_296' title='bbox 1565 2580 1763 2653; x_wconf 70' lang='lat' dir='ltr'><strong>praelio</strong></span> <span class='ocrx_word' id='word_1_297' title='bbox 1798 2581 1952 2636; x_wconf 82' lang='lat' dir='ltr'><strong>fama</strong></span> <span class='ocrx_word' id='word_1_298' title='bbox 1982 2580 2227 2652; x_wconf 90' lang='lat' dir='ltr'><strong>dignum</strong></span> <span class='ocrx_word' id='word_1_299' title='bbox 2260 2595 2326 2634; x_wconf 90' lang='lat' dir='ltr'><strong>ac</strong></span> 
     </span>
    </p>
   </div>
   <div class='ocr_carea' id='block_1_39' title="bbox 668 2668 2326 2743">
    <p class='ocr_par' dir='ltr' id='par_1_39' title="bbox 668 2668 2326 2743">
     <span class='ocr_line' id='line_1_39' title="bbox 668 2668 2326 2743; baseline -0.002 -16"><span class='ocrx_word' id='word_1_300' title='bbox 668 2674 813 2728; x_wconf 87' lang='lat' dir='ltr'><strong>tanti</strong></span> <span class='ocrx_word' id='word_1_301' title='bbox 838 2671 1097 2727; x_wconf 82' lang='lat' dir='ltr'><strong>nominis</strong></span> <span class='ocrx_word' id='word_1_302' title='bbox 1115 2670 1345 2743; x_wconf 84' lang='lat' dir='ltr'><strong>fastigio</strong></span> <span class='ocrx_word' id='word_1_303' title='bbox 1365 2670 1841 2743; x_wconf 70' lang='lat' dir='ltr'><strong>egisset,miser¢e</strong></span> <span class='ocrx_word' id='word_1_304' title='bbox 1860 2670 2050 2724; x_wconf 88' lang='lat' dir='ltr'><strong>instar</strong></span> <span class='ocrx_word' id='word_1_305' title='bbox 2077 2668 2326 2723; x_wconf 68' lang='lat' dir='ltr'><strong>victimae</strong></span> 
     </span>
    </p>
   </div>
   <div class='ocr_carea' id='block_1_40' title="bbox 672 2756 2328 2832">
    <p class='ocr_par' dir='ltr' id='par_1_40' title="bbox 672 2756 2328 2832">
     <span class='ocr_line' id='line_1_40' title="bbox 672 2756 2328 2832; baseline -0.003 -16"><span class='ocrx_word' id='word_1_306' title='bbox 672 2762 857 2816; x_wconf 82' lang='lat' dir='ltr'><strong>victor</strong></span> <span class='ocrx_word' id='word_1_307' title='bbox 904 2761 1235 2829; x_wconf 79' lang='lat' dir='ltr'><strong>obtruncat,</strong></span> <span class='ocrx_word' id='word_1_308' title='bbox 1288 2759 1548 2832; x_wconf 92' lang='lat' dir='ltr'><strong>reliquos</strong></span> <span class='ocrx_word' id='word_1_309' title='bbox 1606 2760 1731 2815; x_wconf 91' lang='lat' dir='ltr'><strong>suis</strong></span> <span class='ocrx_word' id='word_1_310' title='bbox 1763 2757 2055 2830; x_wconf 88' lang='lat' dir='ltr'><strong>adjungit.</strong></span> <span class='ocrx_word' id='word_1_311' title='bbox 2089 2756 2156 2813; x_wconf 88' lang='lat' dir='ltr'><strong>Et</strong></span> <span class='ocrx_word' id='word_1_312' title='bbox 2205 2758 2328 2827; x_wconf 90' lang='lat' dir='ltr'><strong>jam</strong></span> 
     </span>
    </p>
   </div>
   <div class='ocr_carea' id='block_1_41' title="bbox 675 2846 2329 2922">
    <p class='ocr_par' dir='ltr' id='par_1_41' title="bbox 675 2846 2329 2922">
     <span class='ocr_line' id='line_1_41' title="bbox 675 2846 2329 2922; baseline -0.003 -17"><span class='ocrx_word' id='word_1_313' title='bbox 675 2854 885 2921; x_wconf 75' lang='lat' dir='ltr'><strong>apertae</strong></span> <span class='ocrx_word' id='word_1_314' title='bbox 920 2849 1088 2922; x_wconf 85' lang='lat' dir='ltr'><strong>plene</strong></span> <span class='ocrx_word' id='word_1_315' title='bbox 1120 2849 1377 2921; x_wconf 82' lang='lat' dir='ltr'><strong>regionis</strong></span> <span class='ocrx_word' id='word_1_316' title='bbox 1412 2853 1636 2921; x_wconf 86' lang='lat' dir='ltr'><strong>potens,</strong></span> <span class='ocrx_word' id='word_1_317' title='bbox 1669 2850 1739 2903; x_wconf 89' lang='lat' dir='ltr'><strong>ad</strong></span> <span class='ocrx_word' id='word_1_318' title='bbox 1768 2849 1944 2903; x_wconf 83' lang='lat' dir='ltr'><strong>urbes</strong></span> <span class='ocrx_word' id='word_1_319' title='bbox 1966 2846 2077 2902; x_wconf 84' lang='lat' dir='ltr'><strong>sibi</strong></span> <span class='ocrx_word' id='word_1_320' title='bbox 2140 2847 2329 2916; x_wconf 86' lang='lat' dir='ltr'><strong>subji-</strong></span> 
     </span>
    </p>
   </div>
   <div class='ocr_carea' id='block_1_42' title="bbox 676 2938 2331 3006">
    <p class='ocr_par' dir='ltr' id='par_1_42' title="bbox 676 2938 2331 3006">
     <span class='ocr_line' id='line_1_42' title="bbox 676 2938 2331 3006; baseline -0.003 -13"><span class='ocrx_word' id='word_1_321' title='bbox 676 2940 915 2995; x_wconf 78' lang='lat' dir='ltr'><strong>ciendas</strong></span> <span class='ocrx_word' id='word_1_322' title='bbox 946 2942 1230 2994; x_wconf 81' lang='lat' dir='ltr'><strong>convertit</strong></span> <span class='ocrx_word' id='word_1_323' title='bbox 1258 2938 1547 3006; x_wconf 89' lang='lat' dir='ltr'><strong>animum,</strong></span> <span class='ocrx_word' id='word_1_324' title='bbox 1582 2938 1755 2993; x_wconf 90' lang='lat' dir='ltr'><strong>solito</strong></span> <span class='ocrx_word' id='word_1_325' title='bbox 1790 2953 2069 2992; x_wconf 82' lang='lat' dir='ltr'><strong>successu</strong></span> <span class='ocrx_word' id='word_1_326' title='bbox 2115 2953 2128 2991; x_wconf 89' lang='lat'><strong>:</strong></span> <span class='ocrx_word' id='word_1_327' title='bbox 2174 2952 2331 2989; x_wconf 90' lang='lat' dir='ltr'><strong>nunc</strong></span> 
     </span>
    </p>
   </div>
   <div class='ocr_carea' id='block_1_43' title="bbox 674 3026 2332 3098">
    <p class='ocr_par' dir='ltr' id='par_1_43' title="bbox 674 3026 2332 3098">
     <span class='ocr_line' id='line_1_43' title="bbox 674 3026 2332 3098; baseline -0.004 -13"><span class='ocrx_word' id='word_1_328' title='bbox 674 3031 832 3085; x_wconf 92' lang='lat' dir='ltr'><strong>enim</strong></span> <span class='ocrx_word' id='word_1_329' title='bbox 864 3028 1036 3095; x_wconf 91' lang='lat' dir='ltr'><strong>hanc,</strong></span> <span class='ocrx_word' id='word_1_330' title='bbox 1071 3045 1227 3083; x_wconf 93' lang='lat' dir='ltr'><strong>nuuc</strong></span> <span class='ocrx_word' id='word_1_331' title='bbox 1282 3027 1442 3082; x_wconf 70' lang='lat' dir='ltr'><strong>iliam</strong></span> <span class='ocrx_word' id='word_1_332' title='bbox 1502 3028 1807 3098; x_wconf 79' lang='lat' dir='ltr'><strong>capiebat:</strong></span> <span class='ocrx_word' id='word_1_333' title='bbox 1869 3042 1973 3080; x_wconf 92' lang='lat' dir='ltr'><strong>nec</strong></span> <span class='ocrx_word' id='word_1_334' title='bbox 2022 3026 2332 3097; x_wconf 85' lang='lat' dir='ltr'><strong>quieturus</strong></span> 
     </span>
    </p>
   </div>
   <div class='ocr_carea' id='block_1_44' title="bbox 673 3113 2331 3190">
    <p class='ocr_par' dir='ltr' id='par_1_44' title="bbox 673 3113 2331 3190">
     <span class='ocr_line' id='line_1_44' title="bbox 673 3113 2331 3190; baseline -0.004 -16"><span class='ocrx_word' id='word_1_335' title='bbox 673 3120 1002 3186; x_wconf 81' lang='lat' dir='ltr'><strong>videbatur,</strong></span> <span class='ocrx_word' id='word_1_336' title='bbox 1039 3118 1230 3190; x_wconf 84' lang='lat' dir='ltr'>quoad</span> <span class='ocrx_word' id='word_1_337' title='bbox 1266 3134 1365 3172; x_wconf 88' lang='lat' dir='ltr'><strong>rex</strong></span> <span class='ocrx_word' id='word_1_338' title='bbox 1387 3117 1567 3172; x_wconf 79' lang='lat' dir='ltr'><strong>totius</strong></span> <span class='ocrx_word' id='word_1_339' title='bbox 1599 3116 1754 3171; x_wconf 85' lang='lat' dir='ltr'>haud</span> <span class='ocrx_word' id='word_1_340' title='bbox 1814 3115 1990 3170; x_wconf 88' lang='lat' dir='ltr'><strong>dubie</strong></span> <span class='ocrx_word' id='word_1_341' title='bbox 2048 3113 2331 3186; x_wconf 67' lang='lat' dir='ltr'><strong>Bulgaria:</strong></span> 
     </span>
    </p>
   </div>
   <div class='ocr_carea' id='block_1_45' title="bbox 2441 1922 4097 2001">
    <p class='ocr_par' dir='ltr' id='par_1_45' title="bbox 2441 1922 4097 2001">
     <span class='ocr_line' id='line_1_45' title="bbox 2441 1922 4097 2001; baseline 0.005 -24"><span class='ocrx_word' id='word_1_342' title='bbox 2441 1924 2678 1985; x_wconf 85' lang='grc' dir='ltr'>πολλοῖς</span> <span class='ocrx_word' id='word_1_343' title='bbox 2710 1945 2768 1999; x_wconf 91' lang='grc' dir='ltr'><strong>γε</strong></span> <span class='ocrx_word' id='word_1_344' title='bbox 2796 1922 3023 1999; x_wconf 59' lang='grc' dir='ltr'>’ἤρεσκεν</span> <span class='ocrx_word' id='word_1_345' title='bbox 3057 1929 3090 1995; x_wconf 84' lang='grc' dir='ltr'>ἡ</span> <span class='ocrx_word' id='word_1_346' title='bbox 3129 1927 3329 2001; x_wconf 77' lang='grc' dir='ltr'>βουλὴ,</span> <span class='ocrx_word' id='word_1_347' title='bbox 3357 1929 3449 1983; x_wconf 82' lang='grc' dir='ltr'><strong>τὸν</strong></span> <span class='ocrx_word' id='word_1_348' title='bbox 3480 1934 3576 1984; x_wconf 76' lang='grc' dir='ltr'><strong>τοῦ</strong></span> <span class='ocrx_word' id='word_1_349' title='bbox 3626 1936 3810 1999; x_wconf 79' lang='grc' dir='ltr'>Μυτζῆ</span> <span class='ocrx_word' id='word_1_350' title='bbox 3847 1932 3964 1985; x_wconf 73' lang='grc' dir='ltr'>υἱὸν</span> <span class='ocrx_word' id='word_1_351' title='bbox 4021 1932 4097 1993; x_wconf 53' lang='lat' dir='ltr'><strong>sic</strong></span> 
     </span>
    </p>
   </div>
   <div class='ocr_carea' id='block_1_46' title="bbox 2443 2007 4093 2092">
    <p class='ocr_par' dir='ltr' id='par_1_46' title="bbox 2443 2007 4093 2092">
     <span class='ocr_line' id='line_1_46' title="bbox 2443 2007 4093 2092; baseline 0.004 -25"><span class='ocrx_word' id='word_1_352' title='bbox 2443 2007 2688 2088; x_wconf 83' lang='grc' dir='ltr'>γαμϐρὸν</span> <span class='ocrx_word' id='word_1_353' title='bbox 2739 2014 2979 2087; x_wconf 68' lang='grc' dir='ltr'>γενέσθαι</span> <span class='ocrx_word' id='word_1_354' title='bbox 3028 2020 3107 2087; x_wconf 79' lang='grc' dir='ltr'>τῷ</span> <span class='ocrx_word' id='word_1_355' title='bbox 3167 2018 3427 2089; x_wconf 87' lang='grc' dir='ltr'>βασιλεῖ,</span> <span class='ocrx_word' id='word_1_356' title='bbox 3513 2020 3603 2073; x_wconf 83' lang='grc' dir='ltr'>καὶ</span> <span class='ocrx_word' id='word_1_357' title='bbox 3654 2020 3824 2081; x_wconf 73' lang='grc' dir='ltr'>οὕτως</span> <span class='ocrx_word' id='word_1_358' title='bbox 3884 2019 3975 2074; x_wconf 71' lang='grc' dir='ltr'><strong>ἐπὶ</strong></span> <span class='ocrx_word' id='word_1_359' title='bbox 4024 2024 4093 2092; x_wconf 74' lang='grc' dir='ltr'><strong>τῇ</strong></span> 
     </span>
    </p>
   </div>
   <div class='ocr_carea' id='block_1_47' title="bbox 2441 2103 4098 2182">
    <p class='ocr_par' dir='ltr' id='par_1_47' title="bbox 2441 2103 4098 2182">
     <span class='ocr_line' id='line_1_47' title="bbox 2441 2103 4098 2182; baseline 0.004 -27"><span class='ocrx_word' id='word_1_360' title='bbox 2441 2103 2668 2175; x_wconf 85' lang='grc' dir='ltr'>πρόσθεν</span> <span class='ocrx_word' id='word_1_361' title='bbox 2734 2103 2983 2178; x_wconf 80' lang='grc' dir='ltr'>βασιλειᾳ</span> <span class='ocrx_word' id='word_1_362' title='bbox 3039 2107 3375 2162; x_wconf 66' lang='grc' dir='ltr'>καταστάντα</span> <span class='ocrx_word' id='word_1_363' title='bbox 3432 2116 3816 2182; x_wconf 81' lang='grc' dir='ltr'>συνεγερθῆναι</span> <span class='ocrx_word' id='word_1_364' title='bbox 3879 2110 3970 2163; x_wconf 72' lang='grc' dir='ltr'>καὶ</span> <span class='ocrx_word' id='word_1_365' title='bbox 4004 2109 4098 2163; x_wconf 81' lang='grc' dir='ltr'><strong>ἀπ’</strong></span> 
     </span>
    </p>
   </div>
   <div class='ocr_carea' id='block_1_48' title="bbox 2443 2190 4094 2271">
    <p class='ocr_par' dir='ltr' id='par_1_48' title="bbox 2443 2190 4094 2271">
     <span class='ocr_line' id='line_1_48' title="bbox 2443 2190 4094 2271; baseline 0.005 -27"><span class='ocrx_word' id='word_1_366' title='bbox 2443 2190 2603 2245; x_wconf 73' lang='grc' dir='ltr'>αὐτοῦ</span> <span class='ocrx_word' id='word_1_367' title='bbox 2634 2198 2714 2268; x_wconf 84' lang='grc' dir='ltr'><strong>[Ρ.</strong></span> <span class='ocrx_word' id='word_1_368' title='bbox 2748 2195 2873 2265; x_wconf 78' lang='lat'><strong>298]</strong></span> <span class='ocrx_word' id='word_1_369' title='bbox 2908 2194 3199 2268; x_wconf 84' lang='grc' dir='ltr'>βασιλέως,</span> <span class='ocrx_word' id='word_1_370' title='bbox 3262 2197 3376 2269; x_wconf 79' lang='grc' dir='ltr'>ἅμα</span> <span class='ocrx_word' id='word_1_371' title='bbox 3440 2198 3533 2269; x_wconf 73' lang='grc' dir='ltr'>μὶν</span> <span class='ocrx_word' id='word_1_372' title='bbox 3594 2196 3683 2252; x_wconf 76' lang='grc' dir='ltr'>διὰ</span> <span class='ocrx_word' id='word_1_373' title='bbox 3725 2198 3788 2252; x_wconf 87' lang='grc' dir='ltr'>τὸ</span> <span class='ocrx_word' id='word_1_374' title='bbox 3819 2199 3958 2271; x_wconf 86' lang='grc' dir='ltr'>πρὸς</span> <span class='ocrx_word' id='word_1_375' title='bbox 4015 2202 4094 2269; x_wconf 79' lang='grc' dir='ltr'>τῷ</span> 
     </span>
    </p>
   </div>
   <div class='ocr_carea' id='block_1_49' title="bbox 2442 2279 4095 2361">
    <p class='ocr_par' dir='ltr' id='par_1_49' title="bbox 2442 2279 4095 2361">
     <span class='ocr_line' id='line_1_49' title="bbox 2442 2279 4095 2361; baseline 0.004 -27"><span class='ocrx_word' id='word_1_376' title='bbox 2442 2280 2633 2353; x_wconf 81' lang='grc' dir='ltr'>Μυτζῇ</span> <span class='ocrx_word' id='word_1_377' title='bbox 2665 2279 2877 2336; x_wconf 83' lang='grc' dir='ltr'>δίκαιον</span> <span class='ocrx_word' id='word_1_378' title='bbox 2909 2284 2998 2337; x_wconf 79' lang='grc' dir='ltr'><strong>καὶ</strong></span> <span class='ocrx_word' id='word_1_379' title='bbox 3032 2284 3094 2337; x_wconf 89' lang='grc' dir='ltr'>τὸ</span> <span class='ocrx_word' id='word_1_380' title='bbox 3125 2285 3232 2339; x_wconf 84' lang='grc' dir='ltr'><strong>ἆ.πὸ</strong></span> <span class='ocrx_word' id='word_1_381' title='bbox 3278 2290 3385 2340; x_wconf 92' lang='grc' dir='ltr'><strong>τῶν</strong></span> <span class='ocrx_word' id='word_1_382' title='bbox 3445 2287 3693 2361; x_wconf 70' lang='grc' dir='ltr'>πατέρων</span> <span class='ocrx_word' id='word_1_383' title='bbox 3752 2286 3917 2341; x_wconf 77' lang='grc' dir='ltr'>αὐτοῦ</span> <span class='ocrx_word' id='word_1_384' title='bbox 3952 2287 4095 2360; x_wconf 69' lang='grc' dir='ltr'>πρὸς</span> 
     </span>
    </p>
   </div>
   <div class='ocr_carea' id='block_1_50' title="bbox 2440 2367 4102 2451">
    <p class='ocr_par' dir='ltr' id='par_1_50' title="bbox 2440 2367 4102 2451">
     <span class='ocr_line' id='line_1_50' title="bbox 2440 2367 4102 2451; baseline 0.005 -29"><span class='ocrx_word' id='word_1_385' title='bbox 2440 2374 2575 2446; x_wconf 73' lang='grc' dir='ltr'>σφᾶς</span> <span class='ocrx_word' id='word_1_386' title='bbox 2601 2367 2817 2446; x_wconf 78' lang='grc' dir='ltr'>ἱλαρὸν,</span> <span class='ocrx_word' id='word_1_387' title='bbox 2854 2372 2967 2444; x_wconf 81' lang='grc' dir='ltr'>ἅμα</span> <span class='ocrx_word' id='word_1_388' title='bbox 2998 2370 3056 2427; x_wconf 70' lang='grc' dir='ltr'><strong>δὶ</strong></span> <span class='ocrx_word' id='word_1_389' title='bbox 3083 2373 3175 2427; x_wconf 84' lang='grc' dir='ltr'>καὶ</span> <span class='ocrx_word' id='word_1_390' title='bbox 3221 2371 3310 2428; x_wconf 77' lang='grc' dir='ltr'><strong>διὰ</strong></span> <span class='ocrx_word' id='word_1_391' title='bbox 3338 2375 3437 2443; x_wconf 80' lang='grc' dir='ltr'>τὴν</span> <span class='ocrx_word' id='word_1_392' title='bbox 3494 2380 3591 2429; x_wconf 74' lang='grc' dir='ltr'><strong>τοῦ</strong></span> <span class='ocrx_word' id='word_1_393' title='bbox 3654 2373 3924 2451; x_wconf 71' lang='grc' dir='ltr'>βασιλέως</span> <span class='ocrx_word' id='word_1_394' title='bbox 3958 2375 4102 2449; x_wconf 82' lang='grc' dir='ltr'>πρὸς</span> 
     </span>
    </p>
   </div>
   <div class='ocr_carea' id='block_1_51' title="bbox 2437 2585 4102 2662">
    <p class='ocr_par' dir='ltr' id='par_1_51' title="bbox 2437 2585 4102 2662">
     <span class='ocr_line' id='line_1_51' title="bbox 2437 2585 4102 2662; baseline 0.006 -25"><span class='ocrx_word' id='word_1_395' title='bbox 2437 2599 2556 2638; x_wconf 87' lang='lat' dir='ltr'><strong>rem</strong></span> <span class='ocrx_word' id='word_1_396' title='bbox 2589 2585 2981 2641; x_wconf 82' lang='lat' dir='ltr'><strong>conditionem</strong></span> <span class='ocrx_word' id='word_1_397' title='bbox 3015 2603 3082 2642; x_wconf 90' lang='lat' dir='ltr'><strong>ac</strong></span> <span class='ocrx_word' id='word_1_398' title='bbox 3112 2590 3411 2656; x_wconf 90' lang='lat' dir='ltr'><strong>naturam,</strong></span> <span class='ocrx_word' id='word_1_399' title='bbox 3463 2589 3557 2644; x_wconf 90' lang='lat' dir='ltr'><strong>cui</strong></span> <span class='ocrx_word' id='word_1_400' title='bbox 3607 2593 3664 2645; x_wconf 92' lang='lat' dir='ltr'><strong>et</strong></span> <span class='ocrx_word' id='word_1_401' title='bbox 3710 2606 3839 2662; x_wconf 68' lang='lat' dir='ltr'><strong>qua:</strong></span> <span class='ocrx_word' id='word_1_402' title='bbox 3881 2590 4102 2648; x_wconf 83' lang='lat' dir='ltr'><strong>insunt</strong></span> 
     </span>
    </p>
   </div>
   <div class='ocr_carea' id='block_1_52' title="bbox 2438 2672 4106 2750">
    <p class='ocr_par' dir='ltr' id='par_1_52' title="bbox 2438 2672 4106 2750">
     <span class='ocr_line' id='line_1_52' title="bbox 2438 2672 4106 2750; baseline 0.007 -24"><span class='ocrx_word' id='word_1_403' title='bbox 2438 2672 2586 2728; x_wconf 87' lang='lat' dir='ltr'><strong>bona</strong></span> <span class='ocrx_word' id='word_1_404' title='bbox 2617 2690 2749 2729; x_wconf 91' lang='lat' dir='ltr'><strong>vere</strong></span> <span class='ocrx_word' id='word_1_405' title='bbox 2798 2676 3029 2747; x_wconf 87' lang='lat' dir='ltr'><strong>propria</strong></span> <span class='ocrx_word' id='word_1_406' title='bbox 3088 2678 3560 2733; x_wconf 88' lang='lat' dir='ltr'><strong>inamissibiliter</strong></span> <span class='ocrx_word' id='word_1_407' title='bbox 3607 2680 4014 2750; x_wconf 79' lang='lat' dir='ltr'><strong>possidentur,</strong></span> <span class='ocrx_word' id='word_1_408' title='bbox 4047 2688 4106 2737; x_wconf 93' lang='lat' dir='ltr'><strong>et</strong></span> 
     </span>
    </p>
   </div>
   <div class='ocr_carea' id='block_1_53' title="bbox 2438 2764 4102 2841">
    <p class='ocr_par' dir='ltr' id='par_1_53' title="bbox 2438 2764 4102 2841">
     <span class='ocr_line' id='line_1_53' title="bbox 2438 2764 4102 2841; baseline 0.007 -26"><span class='ocrx_word' id='word_1_409' title='bbox 2438 2778 2566 2834; x_wconf 65' lang='lat' dir='ltr'><strong>quae</strong></span> <span class='ocrx_word' id='word_1_410' title='bbox 2597 2764 2811 2819; x_wconf 79' lang='lat' dir='ltr'><strong>desunt</strong></span> <span class='ocrx_word' id='word_1_411' title='bbox 2834 2764 3230 2823; x_wconf 84' lang='lat' dir='ltr'><strong>verisimiliter</strong></span> <span class='ocrx_word' id='word_1_412' title='bbox 3259 2772 3596 2839; x_wconf 83' lang='lat' dir='ltr'><strong>sperantur,</strong></span> <span class='ocrx_word' id='word_1_413' title='bbox 3627 2767 3813 2823; x_wconf 88' lang='lat' dir='ltr'><strong>vereri</strong></span> <span class='ocrx_word' id='word_1_414' title='bbox 3846 2785 4102 2841; x_wconf 82' lang='lat' dir='ltr'><strong>magno-</strong></span> 
     </span>
    </p>
   </div>
   <div class='ocr_carea' id='block_1_54' title="bbox 2439 2853 4108 2925">
    <p class='ocr_par' dir='ltr' id='par_1_54' title="bbox 2439 2853 4108 2925">
     <span class='ocr_line' id='line_1_54' title="bbox 2439 2853 4108 2925; baseline 0.005 -19"><span class='ocrx_word' id='word_1_415' title='bbox 2439 2868 2573 2923; x_wconf 84' lang='lat' dir='ltr'><strong>pere</strong></span> <span class='ocrx_word' id='word_1_416' title='bbox 2606 2853 2779 2925; x_wconf 69' lang='lat' dir='ltr'><strong>coepit</strong></span> <span class='ocrx_word' id='word_1_417' title='bbox 2828 2871 2898 2909; x_wconf 91' lang='lat' dir='ltr'><strong>ne</strong></span> <span class='ocrx_word' id='word_1_418' title='bbox 2956 2860 3166 2910; x_wconf 90' lang='lat' dir='ltr'><strong>cuncta</strong></span> <span class='ocrx_word' id='word_1_419' title='bbox 3223 2856 3345 2913; x_wconf 62' lang='lat' dir='ltr'><strong>haec</strong></span> <span class='ocrx_word' id='word_1_420' title='bbox 3400 2858 3578 2913; x_wconf 89' lang='lat' dir='ltr'><strong>sortis</strong></span> <span class='ocrx_word' id='word_1_421' title='bbox 3636 2856 3921 2914; x_wconf 83' lang='lat' dir='ltr'><strong>beneﬁcia</strong></span> <span class='ocrx_word' id='word_1_422' title='bbox 3986 2860 4108 2915; x_wconf 87' lang='lat' dir='ltr'><strong>cita</strong></span> 
     </span>
    </p>
   </div>
   <div class='ocr_carea' id='block_1_55' title="bbox 2439 2942 4110 3015">
    <p class='ocr_par' dir='ltr' id='par_1_55' title="bbox 2439 2942 4110 3015">
     <span class='ocr_line' id='line_1_55' title="bbox 2439 2942 4110 3015; baseline 0.004 -20"><span class='ocrx_word' id='word_1_423' title='bbox 2439 2942 2725 3012; x_wconf 87' lang='lat' dir='ltr'><strong>ejusdem,</strong></span> <span class='ocrx_word' id='word_1_424' title='bbox 2762 2948 2989 2999; x_wconf 89' lang='lat' dir='ltr'><strong>mature</strong></span> <span class='ocrx_word' id='word_1_425' title='bbox 3022 2946 3303 3015; x_wconf 77' lang='lat' dir='ltr'><strong>pcnnitere</strong></span> <span class='ocrx_word' id='word_1_426' title='bbox 3328 2946 3616 3001; x_wconf 89' lang='lat' dir='ltr'><strong>donorum</strong></span> <span class='ocrx_word' id='word_1_427' title='bbox 3650 2946 3857 3014; x_wconf 61' lang='lat' dir='ltr'><strong>solita,</strong></span> <span class='ocrx_word' id='word_1_428' title='bbox 3909 2954 4110 3002; x_wconf 85' lang='lat' dir='ltr'><strong>muta-</strong></span> 
     </span>
    </p>
   </div>
   <div class='ocr_carea' id='block_1_56' title="bbox 2440 3030 4107 3106">
    <p class='ocr_par' dir='ltr' id='par_1_56' title="bbox 2440 3030 4107 3106">
     <span class='ocr_line' id='line_1_56' title="bbox 2440 3030 4107 3106; baseline 0.004 -22"><span class='ocrx_word' id='word_1_429' title='bbox 2440 3030 2596 3087; x_wconf 88' lang='lat' dir='ltr'><strong>tione</strong></span> <span class='ocrx_word' id='word_1_430' title='bbox 2623 3033 3013 3099; x_wconf 85' lang='lat' dir='ltr'><strong>auferrentur;</strong></span> <span class='ocrx_word' id='word_1_431' title='bbox 3048 3037 3103 3087; x_wconf 89' lang='lat' dir='ltr'><strong>et</strong></span> <span class='ocrx_word' id='word_1_432' title='bbox 3131 3034 3219 3088; x_wconf 88' lang='lat' dir='ltr'><strong>vel</strong></span> <span class='ocrx_word' id='word_1_433' title='bbox 3264 3034 3312 3088; x_wconf 90' lang='lat' dir='ltr'><strong>si</strong></span> <span class='ocrx_word' id='word_1_434' title='bbox 3372 3040 3829 3106; x_wconf 85' lang='lat' dir='ltr'><strong>perseverarent,</strong></span> <span class='ocrx_word' id='word_1_435' title='bbox 3895 3041 4107 3091; x_wconf 85' lang='lat' dir='ltr'><strong>tamen</strong></span> 
     </span>
    </p>
   </div>
   <div class='ocr_carea' id='block_1_57' title="bbox 2445 3120 4109 3195">
    <p class='ocr_par' dir='ltr' id='par_1_57' title="bbox 2445 3120 4109 3195">
     <span class='ocr_line' id='line_1_57' title="bbox 2445 3120 4109 3195; baseline 0.004 -20"><span class='ocrx_word' id='word_1_436' title='bbox 2445 3121 2596 3191; x_wconf 91' lang='lat' dir='ltr'><strong>quod</strong></span> <span class='ocrx_word' id='word_1_437' title='bbox 2612 3120 2844 3175; x_wconf 87' lang='lat' dir='ltr'><strong>virtutis</strong></span> <span class='ocrx_word' id='word_1_438' title='bbox 2867 3138 2937 3177; x_wconf 93' lang='lat' dir='ltr'><strong>ne</strong></span> <span class='ocrx_word' id='word_1_439' title='bbox 2961 3122 3252 3177; x_wconf 90' lang='lat' dir='ltr'><strong>modicum</strong></span> <span class='ocrx_word' id='word_1_440' title='bbox 3270 3123 3510 3195; x_wconf 87' lang='lat' dir='ltr'><strong>quidem</strong></span> <span class='ocrx_word' id='word_1_441' title='bbox 3557 3126 3849 3193; x_wconf 88' lang='lat' dir='ltr'><strong>subesset,</strong></span> <span class='ocrx_word' id='word_1_442' title='bbox 3888 3126 4109 3181; x_wconf 88' lang='lat' dir='ltr'><strong>eadem</strong></span> 
     </span>
    </p>
   </div>
   <div class='ocr_carea' id='block_1_58' title="bbox 674 3203 4113 3287">
    <p class='ocr_par' dir='ltr' id='par_1_58' title="bbox 674 3203 4113 3287">
     <span class='ocr_line' id='line_1_58' title="bbox 674 3203 4113 3287; baseline 0.002 -27"><span class='ocrx_word' id='word_1_443' title='bbox 674 3207 893 3278; x_wconf 91' lang='lat' dir='ltr'><strong>ubique</strong></span> <span class='ocrx_word' id='word_1_444' title='bbox 922 3206 1463 3262; x_wconf 78' lang='lat' dir='ltr'><strong>acclamaretur.Sic</strong></span> <span class='ocrx_word' id='word_1_445' title='bbox 1498 3221 1557 3261; x_wconf 84' lang='lat' dir='ltr'><strong>se</strong></span> <span class='ocrx_word' id='word_1_446' title='bbox 1589 3220 1678 3259; x_wconf 84' lang='lat' dir='ltr'><strong>res</strong></span> <span class='ocrx_word' id='word_1_447' title='bbox 1701 3204 1985 3260; x_wconf 66' lang='lat' dir='ltr'><strong>Lachane</strong></span> <span class='ocrx_word' id='word_1_448' title='bbox 2012 3203 2331 3269; x_wconf 78' lang='lat' dir='ltr'><strong>habebant,</strong></span> <span class='ocrx_word' id='word_1_449' title='bbox 2365 3220 2407 3287; x_wconf 72' lang='grc' dir='ltr'>α</span> <span class='ocrx_word' id='word_1_450' title='bbox 2446 3210 2603 3264; x_wconf 89' lang='lat' dir='ltr'><strong>brevi</strong></span> <span class='ocrx_word' id='word_1_451' title='bbox 2628 3228 2790 3266; x_wconf 92' lang='lat' dir='ltr'><strong>mora</strong></span> <span class='ocrx_word' id='word_1_452' title='bbox 2817 3212 3132 3267; x_wconf 88' lang='lat' dir='ltr'><strong>obscurata</strong></span> <span class='ocrx_word' id='word_1_453' title='bbox 3158 3212 3610 3280; x_wconf 88' lang='lat' dir='ltr'><strong>obsolescerent,</strong></span> <span class='ocrx_word' id='word_1_454' title='bbox 3640 3230 3887 3286; x_wconf 89' lang='lat' dir='ltr'><strong>seroque</strong></span> <span class='ocrx_word' id='word_1_455' title='bbox 3923 3214 4113 3268; x_wconf 87' lang='lat' dir='ltr'><strong>intel-</strong></span> 
     </span>
    </p>
   </div>
   <div class='ocr_carea' id='block_1_59' title="bbox 669 3293 2332 3367">
    <p class='ocr_par' dir='ltr' id='par_1_59' title="bbox 669 3293 2332 3367">
     <span class='ocr_line' id='line_1_59' title="bbox 669 3293 2332 3367; baseline -0.002 -17"><span class='ocrx_word' id='word_1_456' title='bbox 669 3295 1033 3366; x_wconf 89' lang='lat' dir='ltr'><strong>quotidianis</strong></span> <span class='ocrx_word' id='word_1_457' title='bbox 1067 3294 1434 3367; x_wconf 80' lang='lat' dir='ltr'><strong>proﬁcientes</strong></span> <span class='ocrx_word' id='word_1_458' title='bbox 1485 3293 1884 3359; x_wconf 85' lang='lat' dir='ltr'><strong>successibus,</strong></span> <span class='ocrx_word' id='word_1_459' title='bbox 1933 3298 1990 3349; x_wconf 90' lang='lat' dir='ltr'><strong>et</strong></span> <span class='ocrx_word' id='word_1_460' title='bbox 2037 3293 2107 3349; x_wconf 93' lang='lat' dir='ltr'><strong>ad</strong></span> <span class='ocrx_word' id='word_1_461' title='bbox 2168 3308 2332 3348; x_wconf 85' lang='lat' dir='ltr'><strong>sum-</strong></span> 
     </span>
    </p>
   </div>
   <div class='ocr_carea' id='block_1_60' title="bbox 670 3383 2309 3457">
    <p class='ocr_par' dir='ltr' id='par_1_60' title="bbox 670 3383 2309 3457">
     <span class='ocr_line' id='line_1_60' title="bbox 670 3383 2309 3457; baseline -0.002 -16"><span class='ocrx_word' id='word_1_462' title='bbox 670 3401 829 3441; x_wconf 87' lang='lat' dir='ltr'><strong>mam</strong></span> <span class='ocrx_word' id='word_1_463' title='bbox 862 3385 1046 3453; x_wconf 87' lang='lat' dir='ltr'><strong>brevi,</strong></span> <span class='ocrx_word' id='word_1_464' title='bbox 1080 3390 1146 3441; x_wconf 92' lang='lat' dir='ltr'><strong>ut</strong></span> <span class='ocrx_word' id='word_1_465' title='bbox 1198 3385 1539 3457; x_wconf 89' lang='lat' dir='ltr'><strong>apparebat,</strong></span> <span class='ocrx_word' id='word_1_466' title='bbox 1594 3383 1915 3456; x_wconf 89' lang='lat' dir='ltr'><strong>potentiam</strong></span> <span class='ocrx_word' id='word_1_467' title='bbox 1949 3387 2309 3455; x_wconf 67' lang='lat' dir='ltr'><strong>perventurae</strong></span> 
     </span>
    </p>
   </div>
   <div class='ocr_carea' id='block_1_61' title="bbox 672 3544 2339 3680">
    <p class='ocr_par' dir='ltr' id='par_1_61' title="bbox 672 3544 2339 3680">
     <span class='ocr_line' id='line_1_61' title="bbox 672 3544 2339 3680; baseline -0.001 -78"><span class='ocrx_word' id='word_1_468' title='bbox 672 3548 727 3602; x_wconf 76' lang='grc'><strong>4.</strong></span> <span class='ocrx_word' id='word_1_469' title='bbox 805 3548 868 3605; x_wconf 77' lang='lat' dir='ltr'><strong>Ut</strong></span> <span class='ocrx_word' id='word_1_470' title='bbox 924 3546 1233 3619; x_wconf 71' lang='lat' dir='ltr'><strong>imperatur</strong></span> <span class='ocrx_word' id='word_1_471' title='bbox 1298 3544 1433 3680; x_wconf 55' lang='lat' dir='ltr'><strong>ﬁli:</strong></span> <span class='ocrx_word' id='word_1_472' title='bbox 1455 3546 1673 3680; x_wconf 63' lang='lat' dir='ltr'><strong>direnz</strong></span> <span class='ocrx_word' id='word_1_473' title='bbox 1754 3546 1985 3601; x_wconf 65' lang='lat' dir='ltr'><strong>Ascuam</strong></span> <span class='ocrx_word' id='word_1_474' title='bbox 2050 3546 2339 3618; x_wconf 78' lang='lat' dir='ltr'><strong>conjugem</strong></span> 
     </span>
     <span class='ocr_line' id='line_1_62' title="bbox 1424 3634 1619 3680; baseline 0 0"><span class='ocrx_word' id='word_1_475' title='bbox 1424 3642 1453 3680; x_wconf 84' lang='lat' dir='ltr'><strong>e</strong></span> <span class='ocrx_word' id='word_1_476' title='bbox 1489 3634 1619 3680; x_wconf 79' lang='lat' dir='ltr'><strong>cru.</strong></span> 
     </span>
    </p>
   </div>
   <div class='ocr_carea' id='block_1_62' title="bbox 1424 3634 1619 3681">
    <p class='ocr_par' dir='ltr' id='par_1_62' title="bbox 1424 3634 1619 3681">
     <span class='ocr_line' id='line_1_63' title="bbox 1424 3634 1619 3681; baseline -0.005 0"><span class='ocrx_word' id='word_1_477' title='bbox 1424 3634 1619 3681; x_wconf 77' lang='lat' dir='ltr'><strong>edem.</strong></span> 
     </span>
    </p>
   </div>
   <div class='ocr_carea' id='block_1_63' title="bbox 748 3737 2341 3824">
    <p class='ocr_par' dir='ltr' id='par_1_63' title="bbox 748 3737 2341 3824">
     <span class='ocr_line' id='line_1_64' title="bbox 748 3737 2341 3824; baseline -0.002 -17"><span class='ocrx_word' id='word_1_478' title='bbox 748 3755 1071 3824; x_wconf 88' lang='lat' dir='ltr'><strong>Imperator</strong></span> <span class='ocrx_word' id='word_1_479' title='bbox 1127 3767 1260 3807; x_wconf 91' lang='lat' dir='ltr'><strong>vero</strong></span> <span class='ocrx_word' id='word_1_480' title='bbox 1316 3748 1569 3805; x_wconf 89' lang='lat' dir='ltr'><strong>indoluit</strong></span> <span class='ocrx_word' id='word_1_481' title='bbox 1626 3748 1891 3819; x_wconf 89' lang='lat' dir='ltr'><strong>quidem,</strong></span> <span class='ocrx_word' id='word_1_482' title='bbox 1934 3753 2000 3804; x_wconf 90' lang='lat' dir='ltr'><strong>ut</strong></span> <span class='ocrx_word' id='word_1_483' title='bbox 2054 3766 2159 3821; x_wconf 90' lang='lat' dir='ltr'><strong>par</strong></span> <span class='ocrx_word' id='word_1_484' title='bbox 2190 3737 2341 3805; x_wconf 82' lang='lat' dir='ltr'><strong>erat’</strong></span> 
     </span>
    </p>
   </div>
   <div class='ocr_carea' id='block_1_64' title="bbox 681 3838 2338 3913">
    <p class='ocr_par' dir='ltr' id='par_1_64' title="bbox 681 3838 2338 3913">
     <span class='ocr_line' id='line_1_65' title="bbox 681 3838 2338 3913; baseline -0.002 -16"><span class='ocrx_word' id='word_1_485' title='bbox 681 3841 987 3913; x_wconf 87' lang='lat' dir='ltr'><strong>inopinato</strong></span> <span class='ocrx_word' id='word_1_486' title='bbox 1010 3841 1172 3897; x_wconf 89' lang='lat' dir='ltr'><strong>casui</strong></span> <span class='ocrx_word' id='word_1_487' title='bbox 1200 3858 1213 3895; x_wconf 89' lang='lat'><strong>:</strong></span> <span class='ocrx_word' id='word_1_488' title='bbox 1248 3845 1517 3895; x_wconf 70' lang='lat' dir='ltr'><strong>caeterum</strong></span> <span class='ocrx_word' id='word_1_489' title='bbox 1544 3838 1848 3894; x_wconf 89' lang='lat' dir='ltr'><strong>securitati</strong></span> <span class='ocrx_word' id='word_1_490' title='bbox 1868 3854 2065 3894; x_wconf 88' lang='lat' dir='ltr'><strong>rerum</strong></span> <span class='ocrx_word' id='word_1_491' title='bbox 2096 3855 2338 3894; x_wconf 90' lang='lat' dir='ltr'><strong>suarum</strong></span> 
     </span>
    </p>
   </div>
   <div class='ocr_carea' id='block_1_65' title="bbox 680 3926 2336 4003">
    <p class='ocr_par' dir='ltr' id='par_1_65' title="bbox 680 3926 2336 4003">
     <span class='ocr_line' id='line_1_66' title="bbox 680 3926 2336 4003; baseline -0.002 -17"><span class='ocrx_word' id='word_1_492' title='bbox 680 3947 857 4003; x_wconf 92' lang='lat' dir='ltr'><strong>quam</strong></span> <span class='ocrx_word' id='word_1_493' title='bbox 894 3930 1017 3986; x_wconf 79' lang='lat' dir='ltr'><strong>fieri</strong></span> <span class='ocrx_word' id='word_1_494' title='bbox 1051 3929 1270 4002; x_wconf 87' lang='lat' dir='ltr'><strong>Optime</strong></span> <span class='ocrx_word' id='word_1_495' title='bbox 1295 3933 1522 4000; x_wconf 87' lang='lat' dir='ltr'><strong>poterat</strong></span> <span class='ocrx_word' id='word_1_496' title='bbox 1574 3928 1816 3983; x_wconf 92' lang='lat' dir='ltr'><strong>studens</strong></span> <span class='ocrx_word' id='word_1_497' title='bbox 1867 3926 2197 3997; x_wconf 77' lang='lat' dir='ltr'><strong>consulere,</strong></span> <span class='ocrx_word' id='word_1_498' title='bbox 2243 3944 2336 3982; x_wconf 90' lang='lat' dir='ltr'><strong>co-</strong></span> 
     </span>
    </p>
   </div>
   <div class='ocr_carea' id='block_1_66' title="bbox 682 4015 2336 4090">
    <p class='ocr_par' dir='ltr' id='par_1_66' title="bbox 682 4015 2336 4090">
     <span class='ocr_line' id='line_1_67' title="bbox 682 4015 2336 4090; baseline -0.003 -14"><span class='ocrx_word' id='word_1_499' title='bbox 682 4020 946 4076; x_wconf 89' lang='lat' dir='ltr'><strong>nandum</strong></span> <span class='ocrx_word' id='word_1_500' title='bbox 970 4019 1327 4076; x_wconf 81' lang='lat' dir='ltr'><strong>existimavit</strong></span> <span class='ocrx_word' id='word_1_501' title='bbox 1357 4018 1410 4073; x_wconf 93' lang='lat' dir='ltr'><strong>id</strong></span> <span class='ocrx_word' id='word_1_502' title='bbox 1435 4018 1590 4090; x_wconf 93' lang='lat' dir='ltr'><strong>quod</strong></span> <span class='ocrx_word' id='word_1_503' title='bbox 1617 4033 1685 4072; x_wconf 86' lang='lat' dir='ltr'><strong>ex</strong></span> <span class='ocrx_word' id='word_1_504' title='bbox 1705 4015 1933 4089; x_wconf 90' lang='lat' dir='ltr'><strong>Bulgari</strong></span> <span class='ocrx_word' id='word_1_505' title='bbox 1962 4015 2336 4072; x_wconf 91' lang='lat' dir='ltr'><strong>ditioneolim</strong></span> 
     </span>
    </p>
   </div>
   <div class='ocr_carea' id='block_1_67' title="bbox 686 4106 2336 4182">
    <p class='ocr_par' dir='ltr' id='par_1_67' title="bbox 686 4106 2336 4182">
     <span class='ocr_line' id='line_1_68' title="bbox 686 4106 2336 4182; baseline -0.003 -16"><span class='ocrx_word' id='word_1_506' title='bbox 686 4114 1097 4182; x_wconf 90' lang='lat' dir='ltr'><strong>usurpaverat,</strong></span> <span class='ocrx_word' id='word_1_507' title='bbox 1157 4110 1330 4179; x_wconf 88' lang='lat' dir='ltr'><strong>cujus</strong></span> <span class='ocrx_word' id='word_1_508' title='bbox 1386 4108 1821 4180; x_wconf 89' lang='lat' dir='ltr'><strong>possessionem</strong></span> <span class='ocrx_word' id='word_1_509' title='bbox 1881 4107 2173 4162; x_wconf 80' lang='lat' dir='ltr'><strong>ﬁrmatam</strong></span> <span class='ocrx_word' id='word_1_510' title='bbox 2223 4106 2336 4162; x_wconf 91' lang='lat' dir='ltr'><strong>sibi</strong></span> 
     </span>
    </p>
   </div>
   <div class='ocr_carea' id='block_1_68' title="bbox 682 4196 2336 4263">
    <p class='ocr_par' dir='ltr' id='par_1_68' title="bbox 682 4196 2336 4263">
     <span class='ocr_line' id='line_1_69' title="bbox 682 4196 2336 4263; baseline -0.003 -7"><span class='ocrx_word' id='word_1_511' title='bbox 682 4200 917 4256; x_wconf 88' lang='lat' dir='ltr'><strong>videbat</strong></span> <span class='ocrx_word' id='word_1_512' title='bbox 949 4198 1315 4255; x_wconf 88' lang='lat' dir='ltr'><strong>Constantini</strong></span> <span class='ocrx_word' id='word_1_513' title='bbox 1376 4202 1581 4262; x_wconf 90' lang='lat' dir='ltr'><strong>morte,</strong></span> <span class='ocrx_word' id='word_1_514' title='bbox 1643 4196 1753 4252; x_wconf 91' lang='lat' dir='ltr'><strong>sibi</strong></span> <span class='ocrx_word' id='word_1_515' title='bbox 1787 4196 2005 4252; x_wconf 90' lang='lat' dir='ltr'><strong>certius</strong></span> <span class='ocrx_word' id='word_1_516' title='bbox 2053 4212 2336 4263; x_wconf 89' lang='lat' dir='ltr'><strong>asserere,</strong></span> 
     </span>
    </p>
   </div>
   <div class='ocr_carea' id='block_1_69' title="bbox 682 4285 2339 4362">
    <p class='ocr_par' dir='ltr' id='par_1_69' title="bbox 682 4285 2339 4362">
     <span class='ocr_line' id='line_1_70' title="bbox 682 4285 2339 4362; baseline -0.003 -17"><span class='ocrx_word' id='word_1_517' title='bbox 682 4289 1009 4362; x_wconf 88' lang='lat' dir='ltr'><strong>quinetiam</strong></span> <span class='ocrx_word' id='word_1_518' title='bbox 1035 4305 1270 4361; x_wconf 91' lang='lat' dir='ltr'><strong>augere,</strong></span> <span class='ocrx_word' id='word_1_519' title='bbox 1303 4286 1669 4343; x_wconf 91' lang='lat' dir='ltr'><strong>conciliando</strong></span> <span class='ocrx_word' id='word_1_520' title='bbox 1701 4303 1767 4341; x_wconf 91' lang='lat' dir='ltr'><strong>ac</strong></span> <span class='ocrx_word' id='word_1_521' title='bbox 1787 4286 2091 4358; x_wconf 91' lang='lat' dir='ltr'><strong>jungendo</strong></span> <span class='ocrx_word' id='word_1_522' title='bbox 2109 4285 2339 4358; x_wconf 91' lang='lat' dir='ltr'><strong>sibiper</strong></span> 
     </span>
    </p>
   </div>
   <div class='ocr_carea' id='block_1_70' title="bbox 680 4374 2337 4446">
    <p class='ocr_par' dir='ltr' id='par_1_70' title="bbox 680 4374 2337 4446">
     <span class='ocr_line' id='line_1_71' title="bbox 680 4374 2337 4446; baseline -0.002 -13"><span class='ocrx_word' id='word_1_523' title='bbox 680 4379 1031 4434; x_wconf 78' lang='lat' dir='ltr'><strong>affinitatem</strong></span> <span class='ocrx_word' id='word_1_524' title='bbox 1055 4378 1344 4433; x_wconf 88' lang='lat' dir='ltr'><strong>Lachana.</strong></span> <span class='ocrx_word' id='word_1_525' title='bbox 1381 4377 1539 4432; x_wconf 85' lang='lat' dir='ltr'><strong>Misit</strong></span> <span class='ocrx_word' id='word_1_526' title='bbox 1568 4375 1744 4446; x_wconf 80' lang='lat' dir='ltr'><strong>igitur</strong></span> <span class='ocrx_word' id='word_1_527' title='bbox 1775 4376 1873 4446; x_wconf 91' lang='lat' dir='ltr'><strong>qui</strong></span> <span class='ocrx_word' id='word_1_528' title='bbox 1898 4379 2190 4432; x_wconf 87' lang='lat' dir='ltr'><strong>tentarent</strong></span> <span class='ocrx_word' id='word_1_529' title='bbox 2212 4374 2337 4430; x_wconf 89' lang='lat' dir='ltr'><strong>ani-</strong></span> 
     </span>
    </p>
   </div>
   <div class='ocr_carea' id='block_1_71' title="bbox 680 4464 2338 4535">
    <p class='ocr_par' dir='ltr' id='par_1_71' title="bbox 680 4464 2338 4535">
     <span class='ocr_line' id='line_1_72' title="bbox 680 4464 2338 4535; baseline -0.002 -12"><span class='ocrx_word' id='word_1_530' title='bbox 680 4480 841 4523; x_wconf 92' lang='lat' dir='ltr'><strong>mum</strong></span> <span class='ocrx_word' id='word_1_531' title='bbox 872 4467 1136 4534; x_wconf 89' lang='lat' dir='ltr'><strong>Barbari,</strong></span> <span class='ocrx_word' id='word_1_532' title='bbox 1159 4470 1216 4523; x_wconf 90' lang='lat' dir='ltr'><strong>et</strong></span> <span class='ocrx_word' id='word_1_533' title='bbox 1246 4466 1448 4522; x_wconf 92' lang='lat' dir='ltr'><strong>eadem</strong></span> <span class='ocrx_word' id='word_1_534' title='bbox 1483 4466 1633 4521; x_wconf 73' lang='lat'><strong>435</strong></span> <span class='ocrx_word' id='word_1_535' title='bbox 1667 4481 1843 4535; x_wconf 90' lang='lat' dir='ltr'><strong>opera</strong></span> <span class='ocrx_word' id='word_1_536' title='bbox 1889 4464 2338 4521; x_wconf 81' lang='lat' dir='ltr'><strong>dissimulanter</strong></span> 
     </span>
    </p>
   </div>
   <div class='ocr_carea' id='block_1_72' title="bbox 2450 3299 4113 3373">
    <p class='ocr_par' dir='ltr' id='par_1_72' title="bbox 2450 3299 4113 3373">
     <span class='ocr_line' id='line_1_73' title="bbox 2450 3299 4113 3373; baseline 0.003 -20"><span class='ocrx_word' id='word_1_537' title='bbox 2450 3299 2733 3371; x_wconf 81' lang='lat' dir='ltr'><strong>ligaretur</strong></span> <span class='ocrx_word' id='word_1_538' title='bbox 2762 3317 2876 3355; x_wconf 89' lang='lat' dir='ltr'><strong>non</strong></span> <span class='ocrx_word' id='word_1_539' title='bbox 2901 3301 3085 3356; x_wconf 90' lang='lat' dir='ltr'><strong>fuisse</strong></span> <span class='ocrx_word' id='word_1_540' title='bbox 3130 3304 3560 3373; x_wconf 88' lang='lat' dir='ltr'><strong>properandum</strong></span> <span class='ocrx_word' id='word_1_541' title='bbox 3592 3307 3650 3357; x_wconf 89' lang='lat' dir='ltr'><strong>in</strong></span> <span class='ocrx_word' id='word_1_542' title='bbox 3700 3304 3958 3358; x_wconf 91' lang='lat' dir='ltr'><strong>nimium</strong></span> <span class='ocrx_word' id='word_1_543' title='bbox 3995 3304 4113 3358; x_wconf 86' lang='lat' dir='ltr'><strong>mi-</strong></span> 
     </span>
    </p>
   </div>
   <div class='ocr_carea' id='block_1_73' title="bbox 2450 3390 4121 3461">
    <p class='ocr_par' dir='ltr' id='par_1_73' title="bbox 2450 3390 4121 3461">
     <span class='ocr_line' id='line_1_74' title="bbox 2450 3390 4121 3461; baseline 0.002 -18"><span class='ocrx_word' id='word_1_544' title='bbox 2450 3390 2633 3445; x_wconf 91' lang='lat' dir='ltr'><strong>rando</strong></span> <span class='ocrx_word' id='word_1_545' title='bbox 2666 3394 3044 3446; x_wconf 84' lang='lat' dir='ltr'><strong>consecutum</strong></span> <span class='ocrx_word' id='word_1_546' title='bbox 3068 3391 3205 3458; x_wconf 91' lang='lat' dir='ltr'><strong>ista,</strong></span> <span class='ocrx_word' id='word_1_547' title='bbox 3237 3396 3338 3447; x_wconf 92' lang='lat' dir='ltr'><strong>aut</strong></span> <span class='ocrx_word' id='word_1_548' title='bbox 3367 3407 3433 3447; x_wconf 93' lang='lat' dir='ltr'><strong>eo</strong></span> <span class='ocrx_word' id='word_1_549' title='bbox 3464 3392 3563 3461; x_wconf 91' lang='lat' dir='ltr'><strong>qui</strong></span> <span class='ocrx_word' id='word_1_550' title='bbox 3612 3392 3829 3447; x_wconf 89' lang='lat' dir='ltr'><strong>talibus</strong></span> <span class='ocrx_word' id='word_1_551' title='bbox 3879 3397 4121 3448; x_wconf 85' lang='lat' dir='ltr'><strong>careret</strong></span> 
     </span>
    </p>
   </div>
   <div class='ocr_carea' id='block_1_74' title="bbox 2451 3479 4120 3552">
    <p class='ocr_par' dir='ltr' id='par_1_74' title="bbox 2451 3479 4120 3552">
     <span class='ocr_line' id='line_1_75' title="bbox 2451 3479 4120 3552; baseline 0.002 -19"><span class='ocrx_word' id='word_1_552' title='bbox 2451 3479 2664 3535; x_wconf 87' lang='lat' dir='ltr'><strong>misero</strong></span> <span class='ocrx_word' id='word_1_553' title='bbox 2696 3480 2976 3551; x_wconf 90' lang='lat' dir='ltr'><strong>putando.</strong></span> <span class='ocrx_word' id='word_1_554' title='bbox 3010 3482 3199 3546; x_wconf 88' lang='lat' dir='ltr'><strong>Quare</strong></span> <span class='ocrx_word' id='word_1_555' title='bbox 3231 3480 3536 3552; x_wconf 90' lang='lat' dir='ltr'><strong>perpensis</strong></span> <span class='ocrx_word' id='word_1_556' title='bbox 3567 3480 3696 3537; x_wconf 88' lang='lat' dir='ltr'><strong>istis</strong></span> <span class='ocrx_word' id='word_1_557' title='bbox 3722 3480 3839 3537; x_wconf 90' lang='lat' dir='ltr'><strong>alio</strong></span> <span class='ocrx_word' id='word_1_558' title='bbox 3867 3488 4120 3537; x_wconf 80' lang='lat' dir='ltr'><strong>vertens</strong></span> 
     </span>
    </p>
   </div>
   <div class='ocr_carea' id='block_1_75' title="bbox 2448 3568 4117 3642">
    <p class='ocr_par' dir='ltr' id='par_1_75' title="bbox 2448 3568 4117 3642">
     <span class='ocr_line' id='line_1_76' title="bbox 2448 3568 4117 3642; baseline 0.002 -20"><span class='ocrx_word' id='word_1_559' title='bbox 2448 3568 2739 3635; x_wconf 90' lang='lat' dir='ltr'><strong>animum,</strong></span> <span class='ocrx_word' id='word_1_560' title='bbox 2773 3570 3110 3625; x_wconf 87' lang='lat' dir='ltr'><strong>convocavit</strong></span> <span class='ocrx_word' id='word_1_561' title='bbox 3140 3570 3292 3625; x_wconf 88' lang='lat' dir='ltr'><strong>viros</strong></span> <span class='ocrx_word' id='word_1_562' title='bbox 3316 3571 3603 3642; x_wconf 90' lang='lat' dir='ltr'><strong>pudentes</strong></span> <span class='ocrx_word' id='word_1_563' title='bbox 3633 3586 3781 3641; x_wconf 86' lang='lat' dir='ltr'><strong>quos</strong></span> <span class='ocrx_word' id='word_1_564' title='bbox 3837 3570 4117 3626; x_wconf 84' lang='lat' dir='ltr'><strong>habebat</strong></span> 
     </span>
    </p>
   </div>
   <div class='ocr_carea' id='block_1_76' title="bbox 2448 3658 4113 3732">
    <p class='ocr_par' dir='ltr' id='par_1_76' title="bbox 2448 3658 4113 3732">
     <span class='ocr_line' id='line_1_77' title="bbox 2448 3658 4113 3732; baseline 0.002 -19"><span class='ocrx_word' id='word_1_565' title='bbox 2448 3674 2669 3726; x_wconf 87' lang='lat' dir='ltr'><strong>secum,</strong></span> <span class='ocrx_word' id='word_1_566' title='bbox 2702 3658 2895 3731; x_wconf 91' lang='lat' dir='ltr'><strong>iisque</strong></span> <span class='ocrx_word' id='word_1_567' title='bbox 2926 3675 3224 3730; x_wconf 82' lang='lat' dir='ltr'><strong>exponens</strong></span> <span class='ocrx_word' id='word_1_568' title='bbox 3246 3660 3440 3715; x_wconf 89' lang='lat' dir='ltr'><strong>videre</strong></span> <span class='ocrx_word' id='word_1_569' title='bbox 3480 3676 3543 3715; x_wconf 92' lang='lat' dir='ltr'><strong>se</strong></span> <span class='ocrx_word' id='word_1_570' title='bbox 3601 3661 3902 3715; x_wconf 88' lang='lat' dir='ltr'><strong>necesario</strong></span> <span class='ocrx_word' id='word_1_571' title='bbox 3967 3678 4113 3732; x_wconf 86' lang='lat' dir='ltr'><strong>pro-</strong></span> 
     </span>
    </p>
   </div>
   <div class='ocr_carea' id='block_1_77' title="bbox 2445 3748 4110 3822">
    <p class='ocr_par' dir='ltr' id='par_1_77' title="bbox 2445 3748 4110 3822">
     <span class='ocr_line' id='line_1_78' title="bbox 2445 3748 4110 3822; baseline 0.002 -22"><span class='ocrx_word' id='word_1_572' title='bbox 2445 3748 2763 3803; x_wconf 89' lang='lat' dir='ltr'><strong>videndum</strong></span> <span class='ocrx_word' id='word_1_573' title='bbox 2798 3748 3117 3820; x_wconf 90' lang='lat' dir='ltr'><strong>principem</strong></span> <span class='ocrx_word' id='word_1_574' title='bbox 3152 3748 3456 3821; x_wconf 61' lang='lat' dir='ltr'><strong>Bulgaria,</strong></span> <span class='ocrx_word' id='word_1_575' title='bbox 3491 3751 3637 3806; x_wconf 91' lang='lat' dir='ltr'><strong>duos</strong></span> <span class='ocrx_word' id='word_1_576' title='bbox 3668 3749 4110 3822; x_wconf 84' lang='lat' dir='ltr'><strong>preposuitqni</strong></span> 
     </span>
    </p>
   </div>
   <div class='ocr_carea' id='block_1_78' title="bbox 2445 3840 4111 3913">
    <p class='ocr_par' dir='ltr' id='par_1_78' title="bbox 2445 3840 4111 3913">
     <span class='ocr_line' id='line_1_79' title="bbox 2445 3840 4111 3913; baseline 0.001 -18"><span class='ocrx_word' id='word_1_577' title='bbox 2445 3840 2493 3895; x_wconf 93' lang='lat' dir='ltr'><strong>ei</strong></span> <span class='ocrx_word' id='word_1_578' title='bbox 2528 3840 2744 3911; x_wconf 68' lang='lat' dir='ltr'><strong>praeﬁci</strong></span> <span class='ocrx_word' id='word_1_579' title='bbox 2796 3858 2969 3913; x_wconf 91' lang='lat' dir='ltr'><strong>posse</strong></span> <span class='ocrx_word' id='word_1_580' title='bbox 3007 3842 3368 3909; x_wconf 90' lang='lat' dir='ltr'><strong>viderentur,</strong></span> <span class='ocrx_word' id='word_1_581' title='bbox 3422 3841 3750 3898; x_wconf 89' lang='lat' dir='ltr'><strong>Lachanam</strong></span> <span class='ocrx_word' id='word_1_582' title='bbox 3790 3846 3850 3897; x_wconf 87' lang='lat' dir='ltr'><strong>et</strong></span> <span class='ocrx_word' id='word_1_583' title='bbox 3896 3842 4111 3913; x_wconf 74' lang='lat' dir='ltr'><strong>Mytza:</strong></span> 
     </span>
    </p>
   </div>
   <div class='ocr_carea' id='block_1_79' title="bbox 2446 3930 4117 4002">
    <p class='ocr_par' dir='ltr' id='par_1_79' title="bbox 2446 3930 4117 4002">
     <span class='ocr_line' id='line_1_80' title="bbox 2446 3930 4117 4002; baseline 0.002 -19"><span class='ocrx_word' id='word_1_584' title='bbox 2446 3930 2633 3985; x_wconf 82' lang='lat' dir='ltr'><strong>ﬁlium</strong></span> <span class='ocrx_word' id='word_1_585' title='bbox 2663 3932 2945 3987; x_wconf 87' lang='lat' dir='ltr'><strong>Joannem</strong></span> <span class='ocrx_word' id='word_1_586' title='bbox 2980 3951 2994 3999; x_wconf 88' lang='lat'><strong>;</strong></span> <span class='ocrx_word' id='word_1_587' title='bbox 3027 3930 3191 3986; x_wconf 88' lang='lat' dir='ltr'><strong>etilli</strong></span> <span class='ocrx_word' id='word_1_588' title='bbox 3248 3931 3485 4002; x_wconf 87' lang='lat' dir='ltr'><strong>quidem</strong></span> <span class='ocrx_word' id='word_1_589' title='bbox 3546 3932 3843 3987; x_wconf 83' lang='lat' dir='ltr'><strong>fortunam</strong></span> <span class='ocrx_word' id='word_1_590' title='bbox 3893 3932 4117 3986; x_wconf 79' lang='lat' dir='ltr'><strong>suﬂ&#39;ra-</strong></span> 
     </span>
    </p>
   </div>
   <div class='ocr_carea' id='block_1_80' title="bbox 2443 4018 4113 4093">
    <p class='ocr_par' dir='ltr' id='par_1_80' title="bbox 2443 4018 4113 4093">
     <span class='ocr_line' id='line_1_81' title="bbox 2443 4018 4113 4093; baseline 0.002 -20"><span class='ocrx_word' id='word_1_591' title='bbox 2443 4020 2589 4090; x_wconf 89' lang='lat' dir='ltr'><strong>gari,</strong></span> <span class='ocrx_word' id='word_1_592' title='bbox 2616 4018 2810 4075; x_wconf 87' lang='lat' dir='ltr'><strong>inesse</strong></span> <span class='ocrx_word' id='word_1_593' title='bbox 2839 4019 3106 4075; x_wconf 91' lang='lat' dir='ltr'><strong>animum</strong></span> <span class='ocrx_word' id='word_1_594' title='bbox 3138 4020 3416 4087; x_wconf 88' lang='lat' dir='ltr'><strong>audendi,</strong></span> <span class='ocrx_word' id='word_1_595' title='bbox 3448 4020 3798 4093; x_wconf 84' lang='lat' dir='ltr'><strong>magnisque</strong></span> <span class='ocrx_word' id='word_1_596' title='bbox 3829 4035 3939 4075; x_wconf 88' lang='lat' dir='ltr'><strong>nec</strong></span> <span class='ocrx_word' id='word_1_597' title='bbox 3986 4021 4113 4076; x_wconf 90' lang='lat' dir='ltr'><strong>im-</strong></span> 
     </span>
    </p>
   </div>
   <div class='ocr_carea' id='block_1_81' title="bbox 2444 4109 4113 4182">
    <p class='ocr_par' dir='ltr' id='par_1_81' title="bbox 2444 4109 4113 4182">
     <span class='ocr_line' id='line_1_82' title="bbox 2444 4109 4113 4182; baseline 0.002 -19"><span class='ocrx_word' id='word_1_598' title='bbox 2444 4109 2740 4181; x_wconf 87' lang='lat' dir='ltr'><strong>prosperis</strong></span> <span class='ocrx_word' id='word_1_599' title='bbox 2772 4110 2977 4181; x_wconf 75' lang='lat' dir='ltr'><strong>emptis</strong></span> <span class='ocrx_word' id='word_1_600' title='bbox 3004 4111 3299 4165; x_wconf 93' lang='lat' dir='ltr'><strong>munitum</strong></span> <span class='ocrx_word' id='word_1_601' title='bbox 3324 4111 3557 4165; x_wconf 89' lang='lat' dir='ltr'><strong>abunde</strong></span> <span class='ocrx_word' id='word_1_602' title='bbox 3576 4110 3689 4182; x_wconf 90' lang='lat' dir='ltr'><strong>ipsi</strong></span> <span class='ocrx_word' id='word_1_603' title='bbox 3712 4110 3897 4165; x_wconf 89' lang='lat' dir='ltr'><strong>videri</strong></span> <span class='ocrx_word' id='word_1_604' title='bbox 3920 4126 4113 4181; x_wconf 87' lang='lat' dir='ltr'><strong>posse</strong></span> 
     </span>
    </p>
   </div>
   <div class='ocr_carea' id='block_1_82' title="bbox 2444 4198 4114 4271">
    <p class='ocr_par' dir='ltr' id='par_1_82' title="bbox 2444 4198 4114 4271">
     <span class='ocr_line' id='line_1_83' title="bbox 2444 4198 4114 4271; baseline 0.001 -19"><span class='ocrx_word' id='word_1_605' title='bbox 2444 4198 2555 4253; x_wconf 89' lang='lat' dir='ltr'><strong>iter</strong></span> <span class='ocrx_word' id='word_1_606' title='bbox 2586 4199 2656 4253; x_wconf 91' lang='lat' dir='ltr'><strong>ad</strong></span> <span class='ocrx_word' id='word_1_607' title='bbox 2682 4215 2975 4254; x_wconf 89' lang='lat' dir='ltr'><strong>summam</strong></span> <span class='ocrx_word' id='word_1_608' title='bbox 3002 4199 3179 4255; x_wconf 88' lang='lat' dir='ltr'><strong>isthic</strong></span> <span class='ocrx_word' id='word_1_609' title='bbox 3203 4200 3541 4271; x_wconf 89' lang='lat' dir='ltr'><strong>potentiam.</strong></span> <span class='ocrx_word' id='word_1_610' title='bbox 3571 4200 3783 4255; x_wconf 88' lang='lat' dir='ltr'><strong>Joanni</strong></span> <span class='ocrx_word' id='word_1_611' title='bbox 3804 4204 4017 4255; x_wconf 90' lang='lat' dir='ltr'><strong>tamen</strong></span> <span class='ocrx_word' id='word_1_612' title='bbox 4044 4205 4114 4255; x_wconf 89' lang='lat' dir='ltr'><strong>ut</strong></span> 
     </span>
    </p>
   </div>
   <div class='ocr_carea' id='block_1_83' title="bbox 2443 4287 4113 4362">
    <p class='ocr_par' dir='ltr' id='par_1_83' title="bbox 2443 4287 4113 4362">
     <span class='ocr_line' id='line_1_84' title="bbox 2443 4287 4113 4362; baseline 0.004 -21"><span class='ocrx_word' id='word_1_613' title='bbox 2443 4304 2557 4342; x_wconf 93' lang='lat' dir='ltr'><strong>non</strong></span> <span class='ocrx_word' id='word_1_614' title='bbox 2590 4287 3022 4359; x_wconf 85' lang='lat' dir='ltr'><strong>desperandum</strong></span> <span class='ocrx_word' id='word_1_615' title='bbox 3053 4287 3320 4344; x_wconf 89' lang='lat' dir='ltr'><strong>videatur</strong></span> <span class='ocrx_word' id='word_1_616' title='bbox 3350 4304 3523 4361; x_wconf 87' lang='lat' dir='ltr'><strong>posse</strong></span> <span class='ocrx_word' id='word_1_617' title='bbox 3555 4290 3627 4344; x_wconf 91' lang='lat' dir='ltr'><strong>od</strong></span> <span class='ocrx_word' id='word_1_618' title='bbox 3659 4294 3929 4362; x_wconf 86' lang='lat' dir='ltr'><strong>Optatum</strong></span> <span class='ocrx_word' id='word_1_619' title='bbox 3968 4308 4113 4347; x_wconf 88' lang='lat' dir='ltr'><strong>suc-</strong></span> 
     </span>
    </p>
   </div>
   <div class='ocr_carea' id='block_1_84' title="bbox 2443 4376 4115 4451">
    <p class='ocr_par' dir='ltr' id='par_1_84' title="bbox 2443 4376 4115 4451">
     <span class='ocr_line' id='line_1_85' title="bbox 2443 4376 4115 4451; baseline 0.004 -21"><span class='ocrx_word' id='word_1_620' title='bbox 2443 4376 2646 4431; x_wconf 90' lang='lat' dir='ltr'><strong>cedere</strong></span> <span class='ocrx_word' id='word_1_621' title='bbox 2668 4382 2940 4433; x_wconf 91' lang='lat' dir='ltr'><strong>conatum</strong></span> <span class='ocrx_word' id='word_1_622' title='bbox 2957 4378 3111 4433; x_wconf 91' lang='lat' dir='ltr'><strong>istuc</strong></span> <span class='ocrx_word' id='word_1_623' title='bbox 3128 4379 3450 4450; x_wconf 89' lang='lat' dir='ltr'><strong>aspriandi.</strong></span> <span class='ocrx_word' id='word_1_624' title='bbox 3477 4379 3662 4435; x_wconf 80' lang='lat' dir='ltr'><strong>facere</strong></span> <span class='ocrx_word' id='word_1_625' title='bbox 3693 4395 3883 4451; x_wconf 83' lang='lat' dir='ltr'><strong>genus</strong></span> <span class='ocrx_word' id='word_1_626' title='bbox 3904 4380 4115 4451; x_wconf 85' lang='lat' dir='ltr'><strong>ipsius</strong></span> 
     </span>
    </p>
   </div>
   <div class='ocr_carea' id='block_1_85' title="bbox 2441 4466 4114 4541">
    <p class='ocr_par' dir='ltr' id='par_1_85' title="bbox 2441 4466 4114 4541">
     <span class='ocr_line' id='line_1_86' title="bbox 2441 4466 4114 4541; baseline 0.004 -21"><span class='ocrx_word' id='word_1_627' title='bbox 2441 4470 2498 4520; x_wconf 90' lang='lat' dir='ltr'><strong>et</strong></span> <span class='ocrx_word' id='word_1_628' title='bbox 2521 4471 2730 4521; x_wconf 72' lang='lat' dir='ltr'><strong>caetera</strong></span> <span class='ocrx_word' id='word_1_629' title='bbox 2780 4467 2838 4521; x_wconf 94' lang='lat' dir='ltr'><strong>in</strong></span> <span class='ocrx_word' id='word_1_630' title='bbox 2900 4466 3026 4538; x_wconf 92' lang='lat' dir='ltr'><strong>ipso</strong></span> <span class='ocrx_word' id='word_1_631' title='bbox 3079 4467 3192 4523; x_wconf 87' lang='lat' dir='ltr'><strong>sita</strong></span> <span class='ocrx_word' id='word_1_632' title='bbox 3214 4468 3367 4523; x_wconf 91' lang='lat' dir='ltr'><strong>bona</strong></span> <span class='ocrx_word' id='word_1_633' title='bbox 3426 4469 3837 4540; x_wconf 60' lang='lat' dir='ltr'><strong>praesidiaque,</strong></span> <span class='ocrx_word' id='word_1_634' title='bbox 3873 4471 4114 4541; x_wconf 89' lang='lat' dir='ltr'><strong>quibus</strong></span> 
     </span>
    </p>
   </div>
   <div class='ocr_carea' id='block_1_86' title="bbox 674 4554 4112 4657">
    <p class='ocr_par' dir='ltr' id='par_1_86' title="bbox 674 4554 4112 4657">
     <span class='ocr_line' id='line_1_87' title="bbox 674 4554 4112 4657; baseline 0.001 -45"><span class='ocrx_word' id='word_1_635' title='bbox 674 4556 1049 4629; x_wconf 85' lang='lat' dir='ltr'><strong>explorarent</strong></span> <span class='ocrx_word' id='word_1_636' title='bbox 1080 4558 1232 4613; x_wconf 92' lang='lat' dir='ltr'><strong>vires</strong></span> <span class='ocrx_word' id='word_1_637' title='bbox 1264 4570 1518 4627; x_wconf 89' lang='lat' dir='ltr'><strong>cpesque</strong></span> <span class='ocrx_word' id='word_1_638' title='bbox 1550 4555 1701 4626; x_wconf 91' lang='lat' dir='ltr'><strong>ejus,</strong></span> <span class='ocrx_word' id='word_1_639' title='bbox 1760 4554 1964 4626; x_wconf 91' lang='lat' dir='ltr'><strong>ecquid</strong></span> <span class='ocrx_word' id='word_1_640' title='bbox 2026 4558 2225 4620; x_wconf 76' lang='lat' dir='ltr'><strong>tantae,</strong></span> <span class='ocrx_word' id='word_1_641' title='bbox 2268 4570 2334 4608; x_wconf 91' lang='lat' dir='ltr'><strong>ac</strong></span> <span class='ocrx_word' id='word_1_642' title='bbox 2366 4593 2411 4657; x_wconf 68' lang='grc' dir='ltr'>Β</span> <span class='ocrx_word' id='word_1_643' title='bbox 2442 4554 2597 4611; x_wconf 89' lang='lat' dir='ltr'><strong>haud</strong></span> <span class='ocrx_word' id='word_1_644' title='bbox 2635 4556 2812 4611; x_wconf 90' lang='lat' dir='ltr'><strong>dubie</strong></span> <span class='ocrx_word' id='word_1_645' title='bbox 2842 4556 3209 4612; x_wconf 89' lang='lat' dir='ltr'><strong>attolleretur</strong></span> <span class='ocrx_word' id='word_1_646' title='bbox 3230 4558 3299 4612; x_wconf 92' lang='lat' dir='ltr'><strong>ad</strong></span> <span class='ocrx_word' id='word_1_647' title='bbox 3323 4574 3488 4629; x_wconf 91' lang='lat' dir='ltr'><strong>spem</strong></span> <span class='ocrx_word' id='word_1_648' title='bbox 3514 4575 3628 4613; x_wconf 90' lang='lat' dir='ltr'><strong>non</strong></span> <span class='ocrx_word' id='word_1_649' title='bbox 3655 4558 4112 4628; x_wconf 82' lang='lat' dir='ltr'><strong>imprudentem</strong></span> 
     </span>
    </p>
   </div>
   <div class='ocr_carea' id='block_1_87' title="bbox 674 4646 2323 4722">
    <p class='ocr_par' dir='ltr' id='par_1_87' title="bbox 674 4646 2323 4722">
     <span class='ocr_line' id='line_1_88' title="bbox 674 4646 2323 4722; baseline -0.002 -17"><span class='ocrx_word' id='word_1_650' title='bbox 674 4656 883 4705; x_wconf 64' lang='lat' dir='ltr'><strong>caetera</strong></span> <span class='ocrx_word' id='word_1_651' title='bbox 910 4652 1038 4722; x_wconf 90' lang='lat' dir='ltr'><strong>ejus</strong></span> <span class='ocrx_word' id='word_1_652' title='bbox 1070 4650 1267 4705; x_wconf 88' lang='lat' dir='ltr'><strong>omnia</strong></span> <span class='ocrx_word' id='word_1_653' title='bbox 1288 4648 1392 4703; x_wconf 89' lang='lat' dir='ltr'><strong>tali</strong></span> <span class='ocrx_word' id='word_1_654' title='bbox 1424 4647 1548 4703; x_wconf 89' lang='lat' dir='ltr'><strong>loco</strong></span> <span class='ocrx_word' id='word_1_655' title='bbox 1606 4652 1827 4713; x_wconf 88' lang='lat' dir='ltr'><strong>essent,</strong></span> <span class='ocrx_word' id='word_1_656' title='bbox 1880 4651 1945 4701; x_wconf 89' lang='lat' dir='ltr'><strong>ut</strong></span> <span class='ocrx_word' id='word_1_657' title='bbox 2001 4646 2323 4719; x_wconf 88' lang='lat' dir='ltr'><strong>exspectari</strong></span> 
     </span>
    </p>
   </div>
   <div class='ocr_carea' id='block_1_88' title="bbox 667 4736 2332 4812">
    <p class='ocr_par' dir='ltr' id='par_1_88' title="bbox 667 4736 2332 4812">
     <span class='ocr_line' id='line_1_89' title="bbox 667 4736 2332 4812; baseline -0.002 -17"><span class='ocrx_word' id='word_1_658' title='bbox 667 4742 803 4811; x_wconf 91' lang='lat' dir='ltr'><strong>jure</strong></span> <span class='ocrx_word' id='word_1_659' title='bbox 837 4745 1032 4812; x_wconf 90' lang='lat' dir='ltr'><strong>posset</strong></span> <span class='ocrx_word' id='word_1_660' title='bbox 1063 4756 1199 4795; x_wconf 89' lang='lat' dir='ltr'><strong>eum</strong></span> <span class='ocrx_word' id='word_1_661' title='bbox 1232 4738 1333 4810; x_wconf 90' lang='lat' dir='ltr'><strong>qui</strong></span> <span class='ocrx_word' id='word_1_662' title='bbox 1365 4743 1484 4793; x_wconf 90' lang='lat' dir='ltr'><strong>tam</strong></span> <span class='ocrx_word' id='word_1_663' title='bbox 1516 4737 1716 4793; x_wconf 89' lang='lat' dir='ltr'><strong>tenuia</strong></span> <span class='ocrx_word' id='word_1_664' title='bbox 1756 4736 1925 4792; x_wconf 79' lang='lat' dir='ltr'><strong>initia</strong></span> <span class='ocrx_word' id='word_1_665' title='bbox 1986 4741 2332 4808; x_wconf 76' lang='lat' dir='ltr'><strong>protentosaa</strong></span> 
     </span>
    </p>
   </div>
   <div class='ocr_carea' id='block_1_89' title="bbox 679 4827 2334 4901">
    <p class='ocr_par' dir='ltr' id='par_1_89' title="bbox 679 4827 2334 4901">
     <span class='ocr_line' id='line_1_90' title="bbox 679 4827 2334 4901; baseline -0.002 -17"><span class='ocrx_word' id='word_1_666' title='bbox 679 4829 975 4885; x_wconf 79' lang='lat' dir='ltr'><strong>felicitatis</strong></span> <span class='ocrx_word' id='word_1_667' title='bbox 995 4828 1406 4901; x_wconf 89' lang='lat' dir='ltr'><strong>multiplicatis</strong></span> <span class='ocrx_word' id='word_1_668' title='bbox 1424 4828 1708 4882; x_wconf 89' lang='lat' dir='ltr'><strong>hactenus</strong></span> <span class='ocrx_word' id='word_1_669' title='bbox 1732 4827 2107 4881; x_wconf 85' lang='lat' dir='ltr'><strong>successibus</strong></span> <span class='ocrx_word' id='word_1_670' title='bbox 2124 4843 2303 4882; x_wconf 90' lang='lat' dir='ltr'><strong>cumu</strong></span> <span class='ocrx_word' id='word_1_671' title='bbox 2321 4855 2334 4866; x_wconf 89' lang='lat'><strong>-</strong></span> 
     </span>
    </p>
   </div>
   <div class='ocr_carea' id='block_1_90' title="bbox 676 4915 2333 4990">
    <p class='ocr_par' dir='ltr' id='par_1_90' title="bbox 676 4915 2333 4990">
     <span class='ocr_line' id='line_1_91' title="bbox 676 4915 2333 4990; baseline -0.001 -17"><span class='ocrx_word' id='word_1_672' title='bbox 676 4919 917 4984; x_wconf 89' lang='lat' dir='ltr'><strong>laverat,</strong></span> <span class='ocrx_word' id='word_1_673' title='bbox 951 4918 1074 4989; x_wconf 89' lang='lat' dir='ltr'><strong>pari</strong></span> <span class='ocrx_word' id='word_1_674' title='bbox 1106 4919 1383 4990; x_wconf 90' lang='lat' dir='ltr'><strong>deinceps</strong></span> <span class='ocrx_word' id='word_1_675' title='bbox 1415 4932 1646 4987; x_wconf 91' lang='lat' dir='ltr'><strong>quoque</strong></span> <span class='ocrx_word' id='word_1_676' title='bbox 1707 4915 2070 4986; x_wconf 80' lang='lat' dir='ltr'><strong>profectuum</strong></span> <span class='ocrx_word' id='word_1_677' title='bbox 2132 4920 2333 4971; x_wconf 87' lang='lat' dir='ltr'><strong>tenore</strong></span> 
     </span>
    </p>
   </div>
   <div class='ocr_carea' id='block_1_91' title="bbox 676 5006 2331 5076">
    <p class='ocr_par' dir='ltr' id='par_1_91' title="bbox 676 5006 2331 5076">
     <span class='ocr_line' id='line_1_92' title="bbox 676 5006 2331 5076; baseline -0.002 -13"><span class='ocrx_word' id='word_1_678' title='bbox 676 5009 747 5063; x_wconf 91' lang='lat' dir='ltr'><strong>ad</strong></span> <span class='ocrx_word' id='word_1_679' title='bbox 780 5007 1015 5063; x_wconf 83' lang='lat' dir='ltr'><strong>culmen</strong></span> <span class='ocrx_word' id='word_1_680' title='bbox 1049 5007 1295 5063; x_wconf 80' lang='lat' dir='ltr'><strong>fortunae</strong></span> <span class='ocrx_word' id='word_1_681' title='bbox 1328 5021 1628 5062; x_wconf 89' lang='lat' dir='ltr'><strong>summum</strong></span> <span class='ocrx_word' id='word_1_682' title='bbox 1654 5012 2087 5076; x_wconf 90' lang='lat' dir='ltr'><strong>perventurum.</strong></span> <span class='ocrx_word' id='word_1_683' title='bbox 2113 5006 2331 5070; x_wconf 89' lang='lat' dir='ltr'><strong>Quodsi</strong></span> 
     </span>
    </p>
   </div>
   <div class='ocr_carea' id='block_1_92' title="bbox 676 5092 2331 5169">
    <p class='ocr_par' dir='ltr' id='par_1_92' title="bbox 676 5092 2331 5169">
     <span class='ocr_line' id='line_1_93' title="bbox 676 5092 2331 5169; baseline -0.002 -17"><span class='ocrx_word' id='word_1_684' title='bbox 676 5098 883 5153; x_wconf 88' lang='lat' dir='ltr'><strong>borum</strong></span> <span class='ocrx_word' id='word_1_685' title='bbox 907 5096 1089 5152; x_wconf 90' lang='lat' dir='ltr'><strong>relatu</strong></span> <span class='ocrx_word' id='word_1_686' title='bbox 1124 5096 1493 5169; x_wconf 81' lang='lat' dir='ltr'><strong>cognovisset</strong></span> <span class='ocrx_word' id='word_1_687' title='bbox 1519 5112 1632 5149; x_wconf 92' lang='lat' dir='ltr'><strong>non</strong></span> <span class='ocrx_word' id='word_1_688' title='bbox 1664 5092 2331 5149; x_wconf 90' lang='lat' dir='ltr'><strong>esseilluminidoneum</strong></span> 
     </span>
    </p>
   </div>
   <div class='ocr_carea' id='block_1_93' title="bbox 675 5183 2329 5258">
    <p class='ocr_par' dir='ltr' id='par_1_93' title="bbox 675 5183 2329 5258">
     <span class='ocr_line' id='line_1_94' title="bbox 675 5183 2329 5258; baseline -0.002 -18"><span class='ocrx_word' id='word_1_689' title='bbox 675 5202 851 5258; x_wconf 88' lang='lat' dir='ltr'><strong>regno</strong></span> <span class='ocrx_word' id='word_1_690' title='bbox 877 5185 1177 5255; x_wconf 62' lang='lat' dir='ltr'><strong>Bulgaria,</strong></span> <span class='ocrx_word' id='word_1_691' title='bbox 1214 5202 1315 5241; x_wconf 91' lang='lat' dir='ltr'><strong>nec</strong></span> <span class='ocrx_word' id='word_1_692' title='bbox 1350 5184 1633 5257; x_wconf 89' lang='lat' dir='ltr'><strong>imparem</strong></span> <span class='ocrx_word' id='word_1_693' title='bbox 1659 5184 1789 5253; x_wconf 88' lang='lat' dir='ltr'><strong>ejus</strong></span> <span class='ocrx_word' id='word_1_694' title='bbox 1843 5183 2101 5239; x_wconf 91' lang='lat' dir='ltr'><strong>nominis</strong></span> <span class='ocrx_word' id='word_1_695' title='bbox 2138 5183 2329 5238; x_wconf 88' lang='lat' dir='ltr'><strong>susti-</strong></span> 
     </span>
    </p>
   </div>
   <div class='ocr_carea' id='block_1_94' title="bbox 676 5272 2330 5347">
    <p class='ocr_par' dir='ltr' id='par_1_94' title="bbox 676 5272 2330 5347">
     <span class='ocr_line' id='line_1_95' title="bbox 676 5272 2330 5347; baseline -0.002 -17"><span class='ocrx_word' id='word_1_696' title='bbox 676 5276 878 5331; x_wconf 66' lang='lat' dir='ltr'><strong>nendae</strong></span> <span class='ocrx_word' id='word_1_697' title='bbox 904 5281 1203 5347; x_wconf 90' lang='lat' dir='ltr'><strong>utcunque</strong></span> <span class='ocrx_word' id='word_1_698' title='bbox 1226 5274 1537 5345; x_wconf 88' lang='lat' dir='ltr'><strong>majestati,</strong></span> <span class='ocrx_word' id='word_1_699' title='bbox 1596 5272 2059 5344; x_wconf 88' lang='lat' dir='ltr'><strong>haudquaquam</strong></span> <span class='ocrx_word' id='word_1_700' title='bbox 2113 5273 2330 5328; x_wconf 85' lang='lat' dir='ltr'><strong>abhor-</strong></span> 
     </span>
    </p>
   </div>
   <div class='ocr_carea' id='block_1_95' title="bbox 674 5360 2329 5437">
    <p class='ocr_par' dir='ltr' id='par_1_95' title="bbox 674 5360 2329 5437">
     <span class='ocr_line' id='line_1_96' title="bbox 674 5360 2329 5437; baseline -0.002 -17"><span class='ocrx_word' id='word_1_701' title='bbox 674 5367 838 5421; x_wconf 89' lang='lat' dir='ltr'><strong>rebat</strong></span> <span class='ocrx_word' id='word_1_702' title='bbox 869 5382 902 5419; x_wconf 90' lang='lat' dir='ltr'><strong>a</strong></span> <span class='ocrx_word' id='word_1_703' title='bbox 934 5364 1286 5437; x_wconf 85' lang='lat' dir='ltr'><strong>cogitatione</strong></span> <span class='ocrx_word' id='word_1_704' title='bbox 1318 5379 1596 5435; x_wconf 85' lang='lat' dir='ltr'><strong>generum</strong></span> <span class='ocrx_word' id='word_1_705' title='bbox 1631 5362 1742 5417; x_wconf 91' lang='lat' dir='ltr'><strong>sibi</strong></span> <span class='ocrx_word' id='word_1_706' title='bbox 1774 5360 1941 5416; x_wconf 92' lang='lat' dir='ltr'><strong>illum</strong></span> <span class='ocrx_word' id='word_1_707' title='bbox 2003 5362 2329 5417; x_wconf 91' lang='lat' dir='ltr'><strong>asciscendi</strong></span> 
     </span>
    </p>
   </div>
   <div class='ocr_carea' id='block_1_96' title="bbox 675 5451 2330 5527">
    <p class='ocr_par' dir='ltr' id='par_1_96' title="bbox 675 5451 2330 5527">
     <span class='ocr_line' id='line_1_97' title="bbox 675 5451 2330 5527; baseline -0.001 -18"><span class='ocrx_word' id='word_1_708' title='bbox 675 5454 1041 5527; x_wconf 88' lang='lat' dir='ltr'><strong>propriaipsi</strong></span> <span class='ocrx_word' id='word_1_709' title='bbox 1061 5454 1401 5512; x_wconf 83' lang='lat' dir='ltr'><strong>collocanda</strong></span> <span class='ocrx_word' id='word_1_710' title='bbox 1423 5451 1797 5507; x_wconf 84' lang='lat' dir='ltr'><strong>filia.Tamen</strong></span> <span class='ocrx_word' id='word_1_711' title='bbox 1827 5455 2108 5521; x_wconf 89' lang='lat' dir='ltr'><strong>reputans</strong></span> <span class='ocrx_word' id='word_1_712' title='bbox 2141 5457 2330 5507; x_wconf 89' lang='lat' dir='ltr'><strong>atten-</strong></span> 
     </span>
    </p>
   </div>
   <div class='ocr_carea' id='block_1_97' title="bbox 672 5540 2331 5601">
    <p class='ocr_par' dir='ltr' id='par_1_97' title="bbox 672 5540 2331 5601">
     <span class='ocr_line' id='line_1_98' title="bbox 672 5540 2331 5601; baseline -0.001 -2"><span class='ocrx_word' id='word_1_713' title='bbox 672 5545 791 5599; x_wconf 91' lang='lat' dir='ltr'><strong>tius</strong></span> <span class='ocrx_word' id='word_1_714' title='bbox 843 5560 977 5599; x_wconf 93' lang='lat' dir='ltr'><strong>cum</strong></span> <span class='ocrx_word' id='word_1_715' title='bbox 1025 5544 1484 5601; x_wconf 86' lang='lat' dir='ltr'><strong>inconstantiam</strong></span> <span class='ocrx_word' id='word_1_716' title='bbox 1547 5542 1793 5596; x_wconf 70' lang='lat' dir='ltr'><strong>fortunae</strong></span> <span class='ocrx_word' id='word_1_717' title='bbox 1842 5540 2022 5595; x_wconf 91' lang='lat' dir='ltr'><strong>simul</strong></span> <span class='ocrx_word' id='word_1_718' title='bbox 2073 5542 2331 5597; x_wconf 84' lang='lat' dir='ltr'><strong>maxima</strong></span> 
     </span>
    </p>
   </div>
   <div class='ocr_carea' id='block_1_98' title="bbox 669 5628 2328 5707">
    <p class='ocr_par' dir='ltr' id='par_1_98' title="bbox 669 5628 2328 5707">
     <span class='ocr_line' id='line_1_99' title="bbox 669 5628 2328 5707; baseline -0.002 -17"><span class='ocrx_word' id='word_1_719' title='bbox 669 5632 1258 5707; x_wconf 88' lang='lat' dir='ltr'><strong>indulgentis,simul</strong></span> <span class='ocrx_word' id='word_1_720' title='bbox 1290 5634 1486 5691; x_wconf 92' lang='lat' dir='ltr'><strong>subita</strong></span> <span class='ocrx_word' id='word_1_721' title='bbox 1518 5628 1901 5686; x_wconf 90' lang='lat' dir='ltr'><strong>inclinatione</strong></span> <span class='ocrx_word' id='word_1_722' title='bbox 1931 5628 2118 5688; x_wconf 90' lang='lat' dir='ltr'><strong>lancis</strong></span> <span class='ocrx_word' id='word_1_723' title='bbox 2150 5630 2328 5688; x_wconf 89' lang='lat' dir='ltr'><strong>etiam</strong></span> 
     </span>
    </p>
   </div>
   <div class='ocr_carea' id='block_1_99' title="bbox 676 5720 2329 5798">
    <p class='ocr_par' dir='ltr' id='par_1_99' title="bbox 676 5720 2329 5798">
     <span class='ocr_line' id='line_1_100' title="bbox 676 5720 2329 5798; baseline -0.002 -17"><span class='ocrx_word' id='word_1_724' title='bbox 676 5724 921 5796; x_wconf 90' lang='lat' dir='ltr'><strong>antiqua</strong></span> <span class='ocrx_word' id='word_1_725' title='bbox 952 5722 1276 5798; x_wconf 87' lang='lat' dir='ltr'><strong>eripientis,</strong></span> <span class='ocrx_word' id='word_1_726' title='bbox 1308 5728 1435 5781; x_wconf 93' lang='lat' dir='ltr'><strong>tum</strong></span> <span class='ocrx_word' id='word_1_727' title='bbox 1466 5720 1700 5779; x_wconf 88' lang='lat' dir='ltr'><strong>virtutis</strong></span> <span class='ocrx_word' id='word_1_728' title='bbox 1732 5722 1893 5777; x_wconf 83' lang='lat' dir='ltr'><strong>tanto</strong></span> <span class='ocrx_word' id='word_1_729' title='bbox 1943 5720 2329 5793; x_wconf 74' lang='lat' dir='ltr'><strong>praestabilio-</strong></span> 
     </span>
    </p>
   </div>
   <div class='ocr_carea' id='block_1_100' title="bbox 2452 4644 4116 4717">
    <p class='ocr_par' dir='ltr' id='par_1_100' title="bbox 2452 4644 4116 4717">
     <span class='ocr_line' id='line_1_101' title="bbox 2452 4644 4116 4717; baseline 0.004 -18"><span class='ocrx_word' id='word_1_730' title='bbox 2452 4644 2511 4699; x_wconf 91' lang='lat' dir='ltr'><strong>in</strong></span> <span class='ocrx_word' id='word_1_731' title='bbox 2544 4660 2609 4701; x_wconf 92' lang='lat' dir='ltr'><strong>eo</strong></span> <span class='ocrx_word' id='word_1_732' title='bbox 2643 4645 3014 4717; x_wconf 66' lang='lat' dir='ltr'><strong>praevalendi,</strong></span> <span class='ocrx_word' id='word_1_733' title='bbox 3047 4646 3095 4701; x_wconf 90' lang='lat' dir='ltr'><strong>si</strong></span> <span class='ocrx_word' id='word_1_734' title='bbox 3129 4650 3398 4701; x_wconf 88' lang='lat' dir='ltr'><strong>tentaret.</strong></span> <span class='ocrx_word' id='word_1_735' title='bbox 3422 4647 3661 4702; x_wconf 90' lang='lat' dir='ltr'><strong>Addidit</strong></span> <span class='ocrx_word' id='word_1_736' title='bbox 3688 4647 3748 4701; x_wconf 91' lang='lat' dir='ltr'><strong>in</strong></span> <span class='ocrx_word' id='word_1_737' title='bbox 3782 4647 3945 4703; x_wconf 90' lang='lat' dir='ltr'><strong>hunc</strong></span> <span class='ocrx_word' id='word_1_738' title='bbox 3976 4666 4116 4705; x_wconf 88' lang='lat' dir='ltr'><strong>ma-</strong></span> 
     </span>
    </p>
   </div>
   <div class='ocr_carea' id='block_1_101' title="bbox 2446 4735 4115 4809">
    <p class='ocr_par' dir='ltr' id='par_1_101' title="bbox 2446 4735 4115 4809">
     <span class='ocr_line' id='line_1_102' title="bbox 2446 4735 4115 4809; baseline 0.006 -22"><span class='ocrx_word' id='word_1_739' title='bbox 2446 4735 2536 4807; x_wconf 87' lang='lat' dir='ltr'><strong>gis</strong></span> <span class='ocrx_word' id='word_1_740' title='bbox 2555 4751 2682 4791; x_wconf 89' lang='lat' dir='ltr'><strong>esse</strong></span> <span class='ocrx_word' id='word_1_741' title='bbox 2707 4736 3090 4807; x_wconf 88' lang='lat' dir='ltr'><strong>propendere,</strong></span> <span class='ocrx_word' id='word_1_742' title='bbox 3121 4736 3451 4809; x_wconf 90' lang='lat' dir='ltr'><strong>meliusque</strong></span> <span class='ocrx_word' id='word_1_743' title='bbox 3471 4737 3876 4793; x_wconf 79' lang='lat' dir='ltr'><strong>collocandam</strong></span> <span class='ocrx_word' id='word_1_744' title='bbox 3901 4738 3967 4795; x_wconf 92' lang='lat' dir='ltr'><strong>in</strong></span> <span class='ocrx_word' id='word_1_745' title='bbox 3997 4741 4115 4797; x_wconf 87' lang='lat' dir='ltr'><strong>hoc</strong></span> 
     </span>
    </p>
   </div>
   <div class='ocr_carea' id='block_1_102' title="bbox 2446 4824 4117 4901">
    <p class='ocr_par' dir='ltr' id='par_1_102' title="bbox 2446 4824 4117 4901">
     <span class='ocr_line' id='line_1_103' title="bbox 2446 4824 4117 4901; baseline 0.006 -25"><span class='ocrx_word' id='word_1_746' title='bbox 2446 4824 2839 4893; x_wconf 89' lang='lat' dir='ltr'><strong>promovendo</strong></span> <span class='ocrx_word' id='word_1_747' title='bbox 2862 4824 3132 4880; x_wconf 90' lang='lat' dir='ltr'><strong>arbitrari</strong></span> <span class='ocrx_word' id='word_1_748' title='bbox 3163 4842 3421 4896; x_wconf 86' lang='lat' dir='ltr'><strong>operam.</strong></span> <span class='ocrx_word' id='word_1_749' title='bbox 3452 4826 3610 4882; x_wconf 89' lang='lat' dir='ltr'><strong>Idem</strong></span> <span class='ocrx_word' id='word_1_750' title='bbox 3644 4826 3947 4900; x_wconf 88' lang='lat' dir='ltr'><strong>plerisque</strong></span> <span class='ocrx_word' id='word_1_751' title='bbox 3974 4831 4117 4901; x_wconf 85' lang='lat' dir='ltr'><strong>pla-</strong></span> 
     </span>
    </p>
   </div>
   <div class='ocr_carea' id='block_1_103' title="bbox 2444 4911 4117 4988">
    <p class='ocr_par' dir='ltr' id='par_1_103' title="bbox 2444 4911 4117 4988">
     <span class='ocr_line' id='line_1_104' title="bbox 2444 4911 4117 4988; baseline 0.006 -22"><span class='ocrx_word' id='word_1_752' title='bbox 2444 4911 2588 4981; x_wconf 90' lang='lat' dir='ltr'><strong>cuit,</strong></span> <span class='ocrx_word' id='word_1_753' title='bbox 2610 4929 2933 4985; x_wconf 92' lang='lat' dir='ltr'><strong>magnoque</strong></span> <span class='ocrx_word' id='word_1_754' title='bbox 2955 4930 3200 4969; x_wconf 89' lang='lat' dir='ltr'><strong>assensu</strong></span> <span class='ocrx_word' id='word_1_755' title='bbox 3222 4915 3535 4986; x_wconf 90' lang='lat' dir='ltr'><strong>probatum</strong></span> <span class='ocrx_word' id='word_1_756' title='bbox 3562 4916 3941 4988; x_wconf 86' lang='lat' dir='ltr'><strong>imperatoris</strong></span> <span class='ocrx_word' id='word_1_757' title='bbox 3963 4936 4117 4975; x_wconf 84' lang='lat' dir='ltr'><strong>con-</strong></span> 
     </span>
    </p>
   </div>
   <div class='ocr_carea' id='block_1_104' title="bbox 2444 5001 4121 5077">
    <p class='ocr_par' dir='ltr' id='par_1_104' title="bbox 2444 5001 4121 5077">
     <span class='ocr_line' id='line_1_105' title="bbox 2444 5001 4121 5077; baseline 0.004 -19"><span class='ocrx_word' id='word_1_758' title='bbox 2444 5001 2643 5058; x_wconf 88' lang='lat' dir='ltr'><strong>silium</strong></span> <span class='ocrx_word' id='word_1_759' title='bbox 2672 5008 2762 5057; x_wconf 89' lang='lat' dir='ltr'><strong>est</strong></span> <span class='ocrx_word' id='word_1_760' title='bbox 2793 5002 3116 5059; x_wconf 89' lang='lat' dir='ltr'><strong>asciscendi</strong></span> <span class='ocrx_word' id='word_1_761' title='bbox 3145 5005 3299 5060; x_wconf 71' lang='lat'><strong>436</strong></span> <span class='ocrx_word' id='word_1_762' title='bbox 3320 5004 3604 5061; x_wconf 86' lang='lat' dir='ltr'><strong>Joannem</strong></span> <span class='ocrx_word' id='word_1_763' title='bbox 3639 5006 3698 5062; x_wconf 91' lang='lat' dir='ltr'><strong>in</strong></span> <span class='ocrx_word' id='word_1_764' title='bbox 3722 5015 4121 5077; x_wconf 84' lang='lat' dir='ltr'><strong>generum,et</strong></span> 
     </span>
    </p>
   </div>
   <div class='ocr_carea' id='block_1_105' title="bbox 2434 5092 4116 5168">
    <p class='ocr_par' dir='ltr' id='par_1_105' title="bbox 2434 5092 4116 5168">
     <span class='ocr_line' id='line_1_106' title="bbox 2434 5092 4116 5168; baseline 0.006 -23"><span class='ocrx_word' id='word_1_765' title='bbox 2434 5092 2536 5161; x_wconf 88' lang='lat' dir='ltr'><strong>jus</strong></span> <span class='ocrx_word' id='word_1_766' title='bbox 2567 5092 2614 5146; x_wconf 92' lang='lat' dir='ltr'><strong>ei</strong></span> <span class='ocrx_word' id='word_1_767' title='bbox 2645 5108 2850 5160; x_wconf 84' lang='lat' dir='ltr'><strong>genere</strong></span> <span class='ocrx_word' id='word_1_768' title='bbox 2882 5110 2947 5148; x_wconf 91' lang='lat' dir='ltr'><strong>ac</strong></span> <span class='ocrx_word' id='word_1_769' title='bbox 2977 5094 3346 5149; x_wconf 76' lang='lat' dir='ltr'><strong>ha-reditaria</strong></span> <span class='ocrx_word' id='word_1_770' title='bbox 3394 5094 3616 5150; x_wconf 90' lang='lat' dir='ltr'><strong>ratione</strong></span> <span class='ocrx_word' id='word_1_771' title='bbox 3646 5102 4001 5168; x_wconf 88' lang='lat' dir='ltr'><strong>competens</strong></span> <span class='ocrx_word' id='word_1_772' title='bbox 4038 5103 4116 5156; x_wconf 91' lang='lat' dir='ltr'><strong>ad</strong></span> 
     </span>
    </p>
   </div>
   <div class='ocr_carea' id='block_1_106' title="bbox 2440 5180 4117 5257">
    <p class='ocr_par' dir='ltr' id='par_1_106' title="bbox 2440 5180 4117 5257">
     <span class='ocr_line' id='line_1_107' title="bbox 2440 5180 4117 5257; baseline 0.007 -22"><span class='ocrx_word' id='word_1_773' title='bbox 2440 5180 2621 5236; x_wconf 90' lang='lat' dir='ltr'><strong>istum</strong></span> <span class='ocrx_word' id='word_1_774' title='bbox 2658 5182 3053 5254; x_wconf 89' lang='lat' dir='ltr'><strong>principatum</strong></span> <span class='ocrx_word' id='word_1_775' title='bbox 3104 5184 3335 5257; x_wconf 91' lang='lat' dir='ltr'><strong>imperii</strong></span> <span class='ocrx_word' id='word_1_776' title='bbox 3365 5184 3595 5240; x_wconf 86' lang='lat' dir='ltr'><strong>viribus</strong></span> <span class='ocrx_word' id='word_1_777' title='bbox 3628 5185 3935 5243; x_wconf 85' lang='lat' dir='ltr'><strong>fulciendi.</strong></span> <span class='ocrx_word' id='word_1_778' title='bbox 3990 5189 4117 5247; x_wconf 82' lang='lat' dir='ltr'><strong>Nec</strong></span> 
     </span>
    </p>
   </div>
   <div class='ocr_carea' id='block_1_107' title="bbox 2438 5270 4115 5344">
    <p class='ocr_par' dir='ltr' id='par_1_107' title="bbox 2438 5270 4115 5344">
     <span class='ocr_line' id='line_1_108' title="bbox 2438 5270 4115 5344; baseline 0.007 -20"><span class='ocrx_word' id='word_1_779' title='bbox 2438 5270 2625 5325; x_wconf 91' lang='lat' dir='ltr'><strong>videri</strong></span> <span class='ocrx_word' id='word_1_780' title='bbox 2656 5271 3046 5328; x_wconf 90' lang='lat' dir='ltr'><strong>dubitandum</strong></span> <span class='ocrx_word' id='word_1_781' title='bbox 3072 5274 3215 5344; x_wconf 90' lang='lat' dir='ltr'><strong>quin</strong></span> <span class='ocrx_word' id='word_1_782' title='bbox 3240 5289 3307 5329; x_wconf 92' lang='lat' dir='ltr'><strong>eo</strong></span> <span class='ocrx_word' id='word_1_783' title='bbox 3339 5274 3525 5341; x_wconf 78' lang='lat' dir='ltr'><strong>magis</strong></span> <span class='ocrx_word' id='word_1_784' title='bbox 3556 5273 3914 5331; x_wconf 85' lang='lat' dir='ltr'><strong>inclinarent</strong></span> <span class='ocrx_word' id='word_1_785' title='bbox 3961 5278 4115 5335; x_wconf 85' lang='lat' dir='ltr'><strong>Bul-</strong></span> 
     </span>
    </p>
   </div>
   <div class='ocr_carea' id='block_1_108' title="bbox 2441 5360 4116 5435">
    <p class='ocr_par' dir='ltr' id='par_1_108' title="bbox 2441 5360 4116 5435">
     <span class='ocr_line' id='line_1_109' title="bbox 2441 5360 4116 5435; baseline 0.007 -20"><span class='ocrx_word' id='word_1_786' title='bbox 2441 5360 2587 5432; x_wconf 89' lang='lat' dir='ltr'><strong>gari,</strong></span> <span class='ocrx_word' id='word_1_787' title='bbox 2624 5377 2689 5415; x_wconf 91' lang='lat' dir='ltr'><strong>ac</strong></span> <span class='ocrx_word' id='word_1_788' title='bbox 2716 5361 2882 5417; x_wconf 82' lang='lat' dir='ltr'><strong>facile</strong></span> <span class='ocrx_word' id='word_1_789' title='bbox 2906 5362 3245 5433; x_wconf 69' lang='lat' dir='ltr'><strong>preferrent</strong></span> <span class='ocrx_word' id='word_1_790' title='bbox 3266 5364 3513 5419; x_wconf 90' lang='lat' dir='ltr'><strong>barbaro</strong></span> <span class='ocrx_word' id='word_1_791' title='bbox 3541 5363 3790 5419; x_wconf 89' lang='lat' dir='ltr'><strong>subulco</strong></span> <span class='ocrx_word' id='word_1_792' title='bbox 3817 5367 4116 5435; x_wconf 86' lang='lat' dir='ltr'><strong>juvenem</strong></span> 
     </span>
    </p>
   </div>
   <div class='ocr_carea' id='block_1_109' title="bbox 2445 5450 4121 5526">
    <p class='ocr_par' dir='ltr' id='par_1_109' title="bbox 2445 5450 4121 5526">
     <span class='ocr_line' id='line_1_110' title="bbox 2445 5450 4121 5526; baseline 0.005 -21"><span class='ocrx_word' id='word_1_793' title='bbox 2445 5450 2908 5521; x_wconf 89' lang='lat' dir='ltr'><strong>nobilissimum,</strong></span> <span class='ocrx_word' id='word_1_794' title='bbox 2941 5456 3067 5508; x_wconf 93' lang='lat' dir='ltr'><strong>tum</strong></span> <span class='ocrx_word' id='word_1_795' title='bbox 3097 5452 3279 5523; x_wconf 91' lang='lat' dir='ltr'><strong>patris</strong></span> <span class='ocrx_word' id='word_1_796' title='bbox 3309 5454 3437 5524; x_wconf 88' lang='lat' dir='ltr'><strong>ejus</strong></span> <span class='ocrx_word' id='word_1_797' title='bbox 3470 5453 3669 5525; x_wconf 74' lang='lat' dir='ltr'><strong>Mytzaa</strong></span> <span class='ocrx_word' id='word_1_798' title='bbox 3703 5462 3979 5526; x_wconf 86' lang='lat' dir='ltr'><strong>respectu</strong></span> <span class='ocrx_word' id='word_1_799' title='bbox 4020 5460 4121 5514; x_wconf 91' lang='lat' dir='ltr'><strong>cui</strong></span> 
     </span>
    </p>
   </div>
   <div class='ocr_carea' id='block_1_110' title="bbox 2441 5540 4118 5613">
    <p class='ocr_par' dir='ltr' id='par_1_110' title="bbox 2441 5540 4118 5613">
     <span class='ocr_line' id='line_1_111' title="bbox 2441 5540 4118 5613; baseline 0.005 -19"><span class='ocrx_word' id='word_1_800' title='bbox 2441 5555 2687 5611; x_wconf 87' lang='lat' dir='ltr'><strong>regnum</strong></span> <span class='ocrx_word' id='word_1_801' title='bbox 2714 5540 3001 5613; x_wconf 63' lang='lat' dir='ltr'><strong>Bulgaria:</strong></span> <span class='ocrx_word' id='word_1_802' title='bbox 3015 5543 3278 5598; x_wconf 91' lang='lat' dir='ltr'><strong>debitum</strong></span> <span class='ocrx_word' id='word_1_803' title='bbox 3306 5541 3485 5599; x_wconf 85' lang='lat' dir='ltr'><strong>fuisse</strong></span> <span class='ocrx_word' id='word_1_804' title='bbox 3507 5542 3947 5611; x_wconf 87' lang='lat' dir='ltr'><strong>meminissent,</strong></span> <span class='ocrx_word' id='word_1_805' title='bbox 3976 5553 4118 5603; x_wconf 89' lang='lat' dir='ltr'><strong>tum</strong></span> 
     </span>
    </p>
   </div>
   <div class='ocr_carea' id='block_1_111' title="bbox 2441 5629 4116 5707">
    <p class='ocr_par' dir='ltr' id='par_1_111' title="bbox 2441 5629 4116 5707">
     <span class='ocr_line' id='line_1_112' title="bbox 2441 5629 4116 5707; baseline 0.005 -22"><span class='ocrx_word' id='word_1_806' title='bbox 2441 5629 2724 5686; x_wconf 90' lang='lat' dir='ltr'><strong>memoria</strong></span> <span class='ocrx_word' id='word_1_807' title='bbox 2757 5630 2917 5687; x_wconf 89' lang='lat' dir='ltr'><strong>mitis</strong></span> <span class='ocrx_word' id='word_1_808' title='bbox 2939 5631 2998 5688; x_wconf 90' lang='lat' dir='ltr'><strong>in</strong></span> <span class='ocrx_word' id='word_1_809' title='bbox 3027 5632 3189 5705; x_wconf 89' lang='lat' dir='ltr'><strong>ipsos</strong></span> <span class='ocrx_word' id='word_1_810' title='bbox 3219 5631 3453 5705; x_wconf 74' lang='lat' dir='ltr'><strong>laetique</strong></span> <span class='ocrx_word' id='word_1_811' title='bbox 3499 5631 3734 5705; x_wconf 90' lang='lat' dir='ltr'><strong>imperii</strong></span> <span class='ocrx_word' id='word_1_812' title='bbox 3797 5636 4116 5707; x_wconf 86' lang='lat' dir='ltr'><strong>majorum</strong></span> 
     </span>
    </p>
   </div>
   <div class='ocr_carea' id='block_1_112' title="bbox 2440 5721 4121 5795">
    <p class='ocr_par' dir='ltr' id='par_1_112' title="bbox 2440 5721 4121 5795">
     <span class='ocr_line' id='line_1_113' title="bbox 2440 5721 4121 5795; baseline 0.004 -18"><span class='ocrx_word' id='word_1_813' title='bbox 2440 5721 2567 5793; x_wconf 86' lang='lat' dir='ltr'><strong>ejus</strong></span> <span class='ocrx_word' id='word_1_814' title='bbox 2598 5725 2962 5793; x_wconf 57' lang='lat' dir='ltr'><strong>ceterorum,</strong></span> <span class='ocrx_word' id='word_1_815' title='bbox 2997 5725 3123 5778; x_wconf 91' lang='lat' dir='ltr'><strong>tum</strong></span> <span class='ocrx_word' id='word_1_816' title='bbox 3156 5722 3409 5794; x_wconf 88' lang='lat' dir='ltr'><strong>denique</strong></span> <span class='ocrx_word' id='word_1_817' title='bbox 3439 5730 3595 5779; x_wconf 86' lang='lat' dir='ltr'><strong>metu</strong></span> <span class='ocrx_word' id='word_1_818' title='bbox 3621 5721 3817 5795; x_wconf 88' lang='lat' dir='ltr'><strong>palam</strong></span> <span class='ocrx_word' id='word_1_819' title='bbox 3840 5725 3897 5781; x_wconf 84' lang='lat' dir='ltr'><strong>ei</strong></span> <span class='ocrx_word' id='word_1_820' title='bbox 3925 5725 4121 5784; x_wconf 73' lang='lat' dir='ltr'><strong>{mde-</strong></span> 
     </span>
    </p>
   </div>
  </div>
