4242 6438
161 378 264 438 893

1210 390 1309 442 DE
1345 389 1719 447 HICHAELE
1754 387 2201 444 PALBOIDGO
2234 389 2369 442 LIB.
2410 389 2510 443 Ἦ.

3461 385 3568 442 894

163 504 321 560 αὐτὸν
375 501 733 580 κηδεμονίαν,
764 504 864 562 ὅσα
903 507 994 562 καὶ
1042 509 1302 583 πενθεροῦ
1350 508 1491 584 πρὸς
1518 503 1795 583 γαμϐρόν.
1832 512 1888 579 Α
1915 506 2088 578 τολῆς
2144 509 2453 563 ἐπισκόπων
2510 513 2782 582 παρῆσαν,
2813 508 2866 561 οἱ
2901 507 2996 580 μὶν
3051 505 3249 572 ἐκεῖθεν
3282 505 3478 576 ΐόντες,
3511 509 3565 561 οἳ

163 593 324 657 Βίκὸς
355 591 414 649 δὶ
441 595 532 650 καὶ
561 596 655 651 τὸν
703 601 959 671 Λαχανᾶν
1010 595 1070 652 ἐκ
1120 598 1297 673 τύχης
1338 597 1592 675 ἐξαίφνης
1643 618 1813 673 φυση-

162 680 335 752 θέντα,
390 682 814 759 ὑποχαλάσαντα
863 686 959 747 τὰς
1029 685 1202 760 ὁρμὰς
1258 690 1522 763 φανεισῶν
1571 687 1812 758 Ῥωμαϊ-

161 774 270 824 κῶν
301 771 474 828 ἐκεῖσε
521 771 799 846 δυνάμεων
849 775 884 842 ἢ
934 776 1070 848 πρὸς
1117 772 1368 830 δουλείαν
1431 776 1718 830 ὑποπεσεῖν
1775 774 1810 842 ἢ

165 860 274 931 μὴν
301 857 391 915 καί
420 882 528 916 που
582 859 848 936 κρυϐῆναι
878 863 1164 937 φεύγοντα,
1219 865 1294 936 μὴ
1326 861 1526 938 ἔχοντα
1570 865 1678 933 δπη
1711 864 1812 938 ἄρα

160 949 251 1003 καὶ
285 949 649 1025 ἲσχυρίσαιτο.
684 951 897 1027 Μαρίαν
945 950 1003 1007 δὲ
1057 953 1148 1010 καὶ
1197 950 1368 1007 παῖδα
1421 952 1622 1020 ταύτης
1682 953 1809 1027 ῥᾷον

160 1037 288 1100 τοὺς
346 1034 675 1114 Τερνοϐίτας
743 1038 1040 1115 προδοῦναι
1074 1060 1086 1072 '
1145 1043 1214 1094 τὰ
1268 1041 1368 1116 γὰρ
1426 1043 1562 1115 πρὸς
1617 1041 1810 1103 αὐτοὺς

159 1127 368 1198 ὶκιίνης
395 1130 536 1184 κακᾶ
566 1130 628 1184 οὗ
654 1135 913 1186 τοσοῦτον
976 1131 1145 1205 μικρὰ
1199 1129 1336 1186 ὥστε
1390 1130 1480 1185 καὶ
1525 1130 1670 1204 λήθῃ
1727 1128 1811 1184 δι-

160 1213 334 1271 δόναι.

157 1375 215 1430 ε’.
245 1374 433 1435 Ὅπως
463 1375 491 1430 ὁ
527 1375 784 1452 βασιλεὺς
815 1376 903 1452 επὶ
933 1376 1112 1449 τούτῳ
1142 1376 1360 1452 πέμψας
1393 1377 1570 1448 ἐζήτει
1608 1376 1812 1452 βουλὴν

584 1447 675 1502 καὶ
706 1448 854 1524 παρὰ
891 1453 986 1502 τοῦ
1017 1447 1382 1524 πατριάρχου.

229 1574 268 1622 Τ
306 1574 334 1585 ε’
375 1571 388 1592 9
450 1572 464 1590 ν
722 1572 734 1590 1
1085 1572 1095 1592 ρ
1403 1576 1414 1588 ι
1665 1575 1677 1590 ι
1783 1579 1807 1588 υ

273 1591 372 1625 αυτ
443 1593 471 1626 ο
525 1571 780 1647 βασιλευς
833 1571 1294 1648 βουλευσάμενος,
1329 1595 1418 1628 και
1449 1575 1546 1642 τὴν
1580 1573 1688 1628 ἀπο
1715 1595 1812 1628 του

159 1659 506 1733 πατριάρχου
564 1659 770 1733 βουλὴν
828 1661 1047 1734 πέμψας
1103 1659 1153 1714 ἐν
1216 1661 1554 1737 ἀποῤῥήτοις
1610 1661 1808 1730 ἐζήτει.

160 1745 263 1802 Καὶ
322 1747 383 1810 ’ὸς
437 1749 503 1801 τά
558 1746 746 1803 πολλὰ
770 1749 907 1822 πρὸς
936 1751 1030 1804 τὸν
1062 1753 1280 1818 Μυτζῆν
1314 1747 1524 1825 ἔρρεπε,
1557 1750 1644 1804 καὶ
1677 1751 1812 1824 γρά-

161 1857 276 1940 φων
440 1837 623 1940 ἐπὶπῇ
660 1837 841 1912 βουλῇ
859 1837 1050 1940 Ἀρὀπήν
1080 1836 1479 1940 ἐξίδουϊΐοῦτο
1509 1839 1598 1940 καὶ
1640 1838 1810 1940 Πρίγ-
1845 1871 1892 1935 Β

160 1928 260 1998 κιψ
291 1925 321 1979 ὁ
351 1926 720 2002 ἱερομὸναχος
749 1925 1057 1997 Θεοδόσιος,
1091 1927 1337 1998 ἀξιωθεὶς
1366 1926 1455 1981 καὶ
1488 1927 1646 1988 οὗτος
1677 1927 1812 2000 πρὸς

165 2010 486 2087 συμϐουλὴν
516 2019 617 2085 τὴν
649 2017 774 2089 περὶ
803 2016 1036 2084 τούτων,
1087 2015 1338 2094 ἔγραφεν,
1383 2014 1493 2085 ἤδη
1527 2018 1602 2077 εἱς
1631 2019 1811 2092 ψῆφον

161 2099 236 2156 ὢν
296 2105 695 2181 πατριαρχιίου
729 2125 742 2138 ·
804 2107 832 2160 ὁ
889 2107 989 2182 γὰρ
1050 2106 1326 2178 Εὐθύμιος
1383 2103 1657 2175 ἐτεθνήκει
1712 2113 1814 2174 τῆς

158 2191 543 2256 Θεουπόλεως.
582 2196 652 2250 Τὸ
685 2192 730 2250 δ’
760 2196 910 2258 ὅπως
944 2197 1006 2250 οὐ
1065 2201 1253 2270 χεῖρον
1287 2195 1478 2250 εἰπεῖν.
1514 2197 1814 2269 Κεχήρωτο

161 2283 258 2356 μὶν
316 2282 408 2338 οὗν
459 2285 524 2339 τὸ
571 2290 988 2361 πατριαρχεῖον,
1040 2285 1131 2339 καὶ
1163 2283 1370 2340 πολλοὶ
1415 2288 1526 2338 τῶν
1555 2290 1656 2352 τῆς
1684 2284 1815 2338 ἀνα-

163 2503 275 2558 rati
302 2506 550 2575 tamque
581 2508 709 2559 arto
740 2506 798 2559 et
837 2501 1142 2559 insolubili
1192 2502 1430 2574 pietatis
1480 2503 1813 2559 domesticis

158 2590 396 2648 vinculo
427 2592 884 2649 irrevocabiliter
912 2593 1815 2664 adstrictiimperatoris,quanta

160 2681 315 2737 inter
345 2697 616 2738 socerum
647 2685 706 2738 et
734 2697 1016 2754 generum
1048 2681 1358 2738 intercedit
1396 2682 1811 2750 necessitudo;

161 2785 230 2826 ex
261 2786 380 2843 quo
408 2772 551 2828 certi
581 2776 781 2827 essent
805 2771 946 2826 totis
970 2787 1105 2827 eum
1137 2771 1368 2842 imperii
1390 2771 1614 2826 viribus
1643 2771 1813 2841 adju-

162 2862 451 2929 vandum;
475 2860 630 2934 quod
659 2860 957 2917 videntem
989 2860 1320 2916 Lachanam
1353 2864 1475 2915 erat
1502 2859 1815 2916 verisimile

169 2949 566 3006 remissurum
596 2950 797 3006 statim
857 2949 1110 3006 multum
1161 2950 1233 3006 de
1264 2949 1532 3018 audacia,
1563 2953 1620 3005 et
1650 2965 1814 3005 com-

164 3054 370 3111 presso
395 3045 627 3095 tumore
657 3056 775 3111 quo
806 3038 1126 3111 aspirantis
1167 3039 1409 3095 fortuna:
1457 3055 1600 3094 aura
1629 3037 1813 3094 levem

164 3127 454 3186 hactenus
509 3129 812 3186 hominem
861 3129 1145 3194 inﬂasset,
1195 3129 1356 3185 fuere
1406 3132 1528 3184 tam
1575 3127 1819 3185 licenter

159 3219 516 3285 desiturum,
548 3223 727 3290 atque
758 3218 857 3274 ubi
887 3221 1182 3274 Romanas
1227 3220 1382 3275 acies
1439 3218 1497 3272 in
1548 3233 1654 3273 suo
1702 3216 1816 3273 sibi

157 3306 282 3363 solo
313 3307 537 3364 videret
563 3308 887 3379 oppositae,
920 3312 1024 3363 aut
1053 3307 1391 3364 servitutem
1441 3308 1812 3379 relapsurum

160 3396 499 3468 pristinam,
532 3401 637 3452 aut
667 3398 807 3469 fuga
847 3401 1103 3463 matura,
1134 3397 1430 3453 damnatis
1461 3395 1813 3468 praevalendi

158 3486 402 3558 spebus,
435 3484 692 3542 latebras
724 3485 940 3543 alicubi
966 3486 1609 3559 captaturum.Mariam
1641 3502 1812 3558 porro

158 3574 471 3648 ﬁliumque
495 3576 629 3646 ejus
666 3575 834 3632 facile
883 3576 1216 3648 prodendae
1263 3592 1299 3632 a
1347 3575 1702 3647 Ternobitis,
1752 3576 1812 3630 in

158 3680 416 3736 quorum
447 3668 646 3722 essent
678 3668 925 3739 uterque
957 3669 1266 3738 potestate,
1305 3664 1621 3721 verisimile
1648 3681 1717 3721 ex
1746 3681 1813 3720 eo

156 3769 309 3820 esse,
343 3754 499 3826 quod
532 3758 708 3810 tantes
740 3771 806 3811 ac
830 3759 954 3811 tam
985 3759 1252 3812 recentes
1289 3759 1584 3811 exstarent
1611 3753 1816 3812 mulie-

154 3843 242 3899 ris
261 3844 395 3914 ejus
427 3843 487 3899 in
520 3845 682 3917 ipsos
713 3844 1041 3916 injurias,ut
1067 3861 1272 3901 earum
1304 3844 1466 3916 ipsos
1479 3844 1609 3916 jam
1640 3845 1814 3917 plene

155 3931 377 3990 oblitos
405 3933 681 3990 credibile
711 3950 829 3991 non
857 3939 1034 3992 esset.

153 4094 211 4150 5.
264 4095 332 4151 ω
378 4094 697 4167 imperator
740 4094 808 4150 de
844 4095 1124 4167 afﬁnitate
1169 4095 1410 4166 cogitata
1456 4093 1748 4151 consilium
1778 4110 1814 4150 α

472 4167 800 4237 patriarcha
823 4182 924 4240 per
963 4166 1159 4224 missos
1190 4167 1490 4239 quaesierit.

235 4290 365 4346 Haec
397 4306 530 4346 cum
553 4307 588 4346 a
618 4291 865 4348 concilio
905 4291 1064 4348 dicta
1103 4296 1324 4362 essent,
1367 4290 1687 4363 imperator
1712 4307 1813 4363 pa-

153 4377 430 4436 triarcha:
470 4395 646 4452 super
680 4396 750 4437 ea
777 4396 840 4437 re
869 4381 1221 4438 sententiain
1253 4380 1673 4454 exquirendum
1704 4396 1813 4452 pu-

155 4469 326 4538 tavit,
383 4469 617 4526 arcanis
661 4484 767 4542 per
822 4470 979 4527 viros
1031 4472 1276 4528 idoneos
1318 4470 1519 4527 missis
1576 4470 1812 4526 litteris.

159 4557 345 4615 lllein
378 4557 630 4631 Mytzam
659 4564 869 4632 sponte
900 4559 1122 4617 dudum
1156 4577 1265 4617 sua
1314 4575 1664 4633 propensus,
1719 4575 1812 4616 oe-

1917 594 1974 650 δὲ
2015 597 2104 651 καὶ
2156 595 2378 659 ἐνταῦθα
2431 601 2549 656 ταῖς
2605 594 2813 650 ἐκείνου
2872 600 3210 666 προτροπαῖς
3258 593 3562 668 γενόμενον

1914 681 2110 757 ἤρεσκε
2138 685 2240 758 γὰρ
2273 684 2358 739 ἐπὶ
2389 685 2605 747 τούτοις
2660 684 2749 738 καὶ
2803 685 2830 752 ἡ
2881 688 2976 737 τοῦ
3035 678 3368 756 ’Λναζάρϐου
3425 690 3564 737 Θεο-

1918 769 2169 847 δωρήτου
2204 774 2402 848 βουλὴ,
2437 773 2511 834 εἰς
2540 773 2699 827 νόσον
2732 769 2840 840 ἤδη
2873 771 3151 833 κλιθέντος
3183 777 3279 826 τοῦ
3310 774 3569 846 πατριάρο

1917 881 2052 936 χου,
2110 862 2236 924 τοὺς
2288 862 2504 923 ἱκανοὺς
2558 862 2616 916 ἐκ
2672 863 2990 936 προτροπῆς
3045 860 3251 914 ἐκείνου
3303 861 3566 934 γίνεσθαι,

1917 949 1998 1027 ἐφ’
2053 952 2099 1022 ᾧ
2154 952 2245 1006 τὸν
2306 953 2419 1022 μετ’
2473 951 2672 1006 ἐκεῖνον
2714 949 3278 1026 προσκληθησόμενον
3310 949 3572 1018 ἀνεπιλή-

1917 1061 2066 1101 πτως
2126 1041 2199 1101 ὡς
2252 1042 2452 1101 ἱκανῶς
2507 1041 2852 1116 ψηφίζοιντο.
2913 1041 3001 1100 Ὠς
3057 1043 3186 1113 γοῦν
3237 1038 3482 1108 ἐζητεῖτο
3541 1040 3568 1092 ὁ

1917 1130 2334 1204 χρησιμεύσων,
2391 1133 2490 1202 [Ρ.
2550 1132 2676 1202 299]
2734 1130 2825 1184 καὶ
2887 1126 3063 1189 οὐδεὶς
3119 1132 3215 1182 τοῦ
3266 1127 3564 1203 Πρίγκιπος

1918 1217 2299 1292 ἀπεγίνωσκεν,
2375 1219 2440 1286 ἦν
2525 1220 2615 1272 οὖν
2693 1217 2846 1278 εὐθὺς
2924 1219 3013 1271 καὶ
3088 1219 3418 1294 ψηφίζεσθαι
3473 1217 3564 1270 καὶ

1915 1305 2340 1382 προσκαλεῖσθαι
2390 1308 2479 1362 τὸν
2528 1305 2714 1380 ἄνδρα.
2768 1306 2928 1362 Ἀλλ’
2975 1308 3003 1360 ὁ
3038 1305 3293 1380 βασιλεὺς
3322 1305 3484 1383 σοφόν
3516 1327 3567 1359 τι

1918 1401 2157 1471 συνορῶν
2188 1395 2275 1451 ἐπὶ
2331 1395 2544 1457 τούτοις
2578 1396 2860 1450 ὑπώπτευε
2888 1398 2986 1464 τὴν
3041 1394 3273 1469 χλεύην,
3330 1396 3420 1449 καὶ
3475 1397 3567 1449 τὸν

1915 1485 2255 1559 κρεμάμενον
2288 1484 2347 1539 ἐκ
2375 1493 2476 1553 τῆς
2508 1485 2739 1557 ὑποψίας
2769 1482 3084 1558 κατάγελων
3123 1486 3321 1554 μήπως
3355 1483 3572 1560 όφλήσῃ

1916 1574 2188 1650 προύνόει.
2223 1573 2297 1631 Τὸ
2329 1576 2429 1649 γὰρ
2461 1572 2737 1648 Ηρίγκιπα
2789 1574 2863 1645 μὴ
2919 1571 2991 1626 δι’
3033 1571 3167 1626 ὅλου
3216 1577 3282 1645 τῇ
3336 1572 3570 1641 Ἐκκλη-

1916 1665 2006 1734 σίᾳ
2036 1664 2324 1734 ἑνούμενον
2362 1661 2450 1716 διὰ
2477 1664 2543 1717 τά
2575 1658 2856 1733 συμϐάντα
2887 1659 3000 1715 οὐδ’
3055 1661 3202 1724 ὅλως
3248 1660 3458 1734 ἠγνόει,
3508 1661 3571 1715 τὸ

1917 1751 1974 1808 δὲ
2024 1751 2508 1814 συνυποκλίνεσθαι
2563 1752 2701 1805 κατά
2757 1753 2924 1822 τιμὴν
2986 1751 3287 1822 ὑπερτάτην
3346 1770 3568 1819 προτει-

1920 1842 2153 1912 νομὲνην
2204 1839 2340 1912 ᾤετο
2396 1842 2513 1913 μὲν,
2563 1840 2662 1894 οὑκ
2705 1841 2819 1913 εἶχε
2869 1837 2911 1892 δ’
2949 1839 3228 1911 ἀραρότως
3277 1838 3570 1896 πιστεύειν.

1924 1930 1988 1986 Ei
2015 1934 2145 2004 γοῦν
2181 1930 2470 2006 ψηφισθείς
2521 1931 2729 2003 ἀπερεῖ,
2782 1927 2913 1982 εἶναι
2953 1930 3044 1999 μὶν
3108 1925 3292 1999 ἐκείνῳ
3347 1927 3447 1994 τήν
3492 1928 3574 1980 δτι

1922 2019 2012 2072 καὶ
2066 2018 2384 2089 ἀξιούμενος
2445 2018 2550 2093 οὐχ
2597 2019 2897 2086 ὑπήκουσεν
2947 2015 3184 2089 αὐτάρκη
3223 2013 3572 2087 τιμὴν,τοῦς

1925 2106 1984 2162 δέ
2010 2129 2069 2183 γε
2100 2106 2428 2169 καλέσαντας
2472 2108 2519 2179 ἐξ
2572 2107 2806 2182 ἀνάγκης
2852 2107 3214 2179 ἀποφέρεσθαι
3271 2105 3334 2158 τὸ
3381 2103 3568 2172 ἦττον,

1925 2196 2007 2251 ὅτι
2062 2196 2150 2251 καὶ
2207 2197 2477 2266 ἀξιοῦντες
2535 2198 2598 2250 οὐ
2669 2192 3134 2269 προσεδέχθησαν.
3191 2192 3387 2270 Γράφει
3443 2197 3570 2265 γοῦν

1924 2287 2014 2340 καὶ
2067 2290 2236 2340 ταῦτα
2305 2285 2356 2341 ἐν
2418 2284 2751 2362 ἀποῤῥήτοις
2825 2289 2903 2356 τῷ
2955 2283 3270 2358 πατριάρχῃ
3309 2324 3323 2350 ,
3379 2286 3570 2357 πειρᾷν

1922 2507 2093 2561 antea
2122 2521 2155 2560 a
2185 2504 2429 2577 degente
2459 2503 2579 2558 illic
2617 2502 2927 2574 Euthymio
2967 2501 3175 2568 vocati,
3225 2500 3362 2556 huic
3410 2500 3568 2556 enim

1923 2611 1992 2650 ex
2022 2593 2225 2650 morbo
2257 2609 2372 2665 quo
2403 2591 2654 2649 decessit
2693 2591 3066 2648 decumbenti
3099 2594 3478 2662 persuaserat
3523 2589 3573 2644 ei

1925 2683 2619 2740 sesistensTheodoritus
2674 2681 2986 2752 episcopus
3043 2679 3414 2747 Anazarbi,e
3482 2679 3575 2734 sui

1924 2771 2360 2844 patriarchatus
2412 2770 2767 2843 praesulibus
2823 2769 3102 2825 idoneum
3162 2767 3233 2823 ad
3285 2783 3414 2824 sese
3444 2768 3572 2837 jam

1925 2877 2083 2917 nunc
2113 2877 2352 2917 evocare
2383 2875 2717 2930 numerum,
2750 2857 2853 2931 qui
2896 2849 3189 2929 videlicet,
3238 2856 3288 2913 si
3339 2855 3478 2928 quid
3519 2854 3573 2911 ei

1924 2950 2136 3006 deinde
2164 2949 2508 3022 contigisset
2554 2947 2924 3018 humanitus,
2981 2947 3112 3016 eius
3168 2960 3569 3000 successorem

1920 3039 2098 3111 justis
2124 3045 2359 3111 possent
2390 3037 2688 3111 suffragiis
2709 3037 2937 3108 eligere.
2995 3036 3152 3090 Inter
3198 3033 3305 3089 hos
3354 3032 3569 3105 Euthy-

1925 3129 2044 3184 mio
2067 3129 2193 3198 jam
2227 3133 2456 3184 mortuo
2487 3128 2558 3182 de
2588 3124 3002 3183 substituendo
3046 3123 3099 3180 ei
3147 3123 3270 3180 viro
3304 3123 3428 3178 loco
3459 3121 3573 3178 isto

1927 3218 2102 3286 digno
2133 3217 2528 3288 disceptantes
2567 3216 2713 3272 satis
2769 3214 3078 3270 constabat
3121 3212 3574 3281 ounctorumju-

1927 3307 2079 3364 dicio
2110 3306 2382 3363 concordi
2415 3305 2709 3362 neminem
2743 3303 2996 3374 Principi
3039 3302 3222 3358 videri
3256 3301 3571 3373 praeferen-

1919 3397 2207 3454 dum.Nec
2233 3395 2356 3451 ulla
2385 3411 2489 3467 per
2530 3410 2888 3467 quemquam
2937 3392 3202 3463 ipsorum
3243 3406 3409 3446 mora
3445 3393 3572 3445 erat

1919 3485 2064 3557 quin
2099 3485 2370 3558 protinus
2402 3484 2758 3557 perferretur
2784 3484 3081 3538 decretum
3105 3478 3421 3537 evectionis
3441 3479 3570 3550 ejus

1917 3575 1979 3630 in
2008 3575 2357 3646 dignitatem
2398 3575 2598 3642 istam,
2657 3573 2822 3643 isque
2879 3570 2940 3627 in
2988 3585 3119 3626 eam
3176 3568 3283 3625 rite
3327 3575 3570 3625 vocatus

1915 3663 2392 3736 inauguraretur,
2425 3661 2540 3719 nisi
2580 3661 2882 3734 paulisper
2929 3656 3300 3732 supersederi
3349 3655 3570 3713 delibe-

1917 3754 2322 3824 rationemque
2363 3751 2647 3824 suspendi
2671 3749 2954 3823 jussisset
2976 3750 3318 3821 imperator.
3384 3745 3563 3802 Vere-

1915 3845 2093 3900 batur
2132 3843 2206 3910 is,
2238 3859 2344 3914 pro
2367 3858 2435 3898 ea
2474 3858 2593 3913 qua
2629 3839 2856 3897 solebat
2885 3838 3164 3895 intimum
3211 3852 3408 3893 rerum
3467 3852 3566 3892 oc-

1916 3933 2282 3990 currentium
2352 3931 2637 4002 profunde
2702 3928 3032 4002 perspicere
3098 3925 3433 4000 prudentia,
3494 3939 3568 3980 ne
3635 3983 3644 3989 ,

1914 4021 2028 4078 sibi
2058 4019 2260 4092 obrepi
2293 4018 2581 4091 illudique
2612 4018 2670 4074 in
2703 4017 2813 4074 hoc
2861 4016 3094 4090 negotio
3143 4015 3384 4080 sineret,
3444 4028 3568 4069 me-

1914 4111 2145 4182 ritoque
2185 4108 2553 4182 sapientibus
2608 4108 2793 4164 risum
2843 4108 3097 4175 deberet,
3157 4104 3209 4161 si
3259 4102 3566 4160 hominem

1915 4201 2070 4256 circa
2098 4215 2228 4255 eam
2260 4214 2388 4270 que
2410 4202 2552 4254 tunc
2590 4195 2861 4268 ﬂagrarei
2909 4195 2969 4250 in
3015 4193 3276 4251 Ecclesia
3335 4196 3566 4249 contro~

1912 4291 2169 4347 versiam
2200 4307 2235 4346 a
2263 4306 2327 4345 se
2358 4291 2590 4346 diversa
2617 4287 3207 4357 sentientem,contra
3227 4298 3291 4340 se
3321 4298 3576 4356 aequam

1915 4384 2151 4453 putaret
2182 4378 2485 4435 meliorem
2516 4393 2781 4443 causam,
2831 4381 2995 4433 tanta
3048 4376 3290 4446 repente
3345 4369 3567 4429 armari

1915 4468 2263 4526 auctoritate
2293 4468 2680 4541 permitteret.
2703 4466 2988 4522 Ceterum
3023 4461 3163 4536 quia
3191 4459 3459 4518 eumdem
3495 4458 3566 4513 il-

1918 4557 2044 4615 lum
2073 4558 2400 4625 Principem
2429 4556 2514 4612 ita
2563 4556 2798 4612 videbat
2841 4571 2959 4610 non
3007 4549 3418 4608 dissimulasse
3476 4547 3569 4602 in-

156 4648 272 4704 leri
302 4620 586 4718 rescripto
612 4620 1044 4706 id.consilium
1094 4620 1332 4723 prolixe.
1358 4620 1812 4715 commendavit,
1844 4620 1892 4687 D
1925 4620 2306 4705 clinationem
2373 4645 2668 4719 prepriam
2735 4645 2796 4700 in
2872 4642 3184 4700 factionem
3250 4638 3573 4696 schismate

155 4741 218 4794 et
241 4735 516 4794 videlicet
533 4738 915 4811 prarogativa
941 4743 1116 4795 tantis
1146 4739 1510 4797 auctoritatis
1533 4737 1809 4794 ultimum

155 4827 218 4882 in
253 4841 385 4883 eam
417 4831 644 4899 partem
685 4827 968 4898 pendenti
996 4828 1402 4885 deliberationi
1444 4832 1809 4884 momentum

155 4915 411 4972 addidit.
459 4916 678 4971 Eodem
729 4932 975 4974 concors
1022 4917 1273 4974 accessit
1301 4917 1588 4988 iudicium
1619 4915 1810 4972 hiero-

153 5002 435 5061 monachi
462 5003 776 5061 Theodosii
810 5005 1200 5078 cognomento
1224 5005 1542 5078 Principis:
1572 5021 1710 5062 nam
1738 5005 1811 5061 ad

151 5093 318 5150 hunc
348 5103 586 5166 qdoque
617 5093 942 5166 imperator
969 5095 1288 5153 consilium
1328 5093 1638 5169 postulans
1668 5094 1811 5150 scri-

151 5185 378 5256 pserat,
412 5185 612 5254 utpote
653 5184 807 5240 48'!
860 5186 1026 5258 justo
1080 5185 1498 5259 suffragiorum
1564 5200 1811 5240 numero

151 5270 536 5344 designatum
595 5273 989 5345 patriarebam
1040 5276 1099 5331 in
1149 5275 1371 5334 locum.
1405 5273 1812 5345 Theopolitani

152 5359 464 5433 Euthymii
483 5361 612 5433 jam
642 5349 884 5420 mortui.
908 5368 1032 5430 Quo
1053 5367 1126 5422 de
1147 5371 1267 5422 toto
1298 5363 1525 5437 negotio
1557 5379 1673 5420 non
1705 5362 1812 5418 abs

152 5467 216 5509 re
249 5451 430 5508 fuerit
459 5451 799 5510 distinctius
832 5455 926 5512 hic
983 5456 1207 5528 aliquid
1270 5471 1506 5529 ponere.
1567 5453 1814 5511 Viduata

151 5545 395 5614 pastore
425 5541 801 5622 patriarchali
849 5543 1176 5601 Antiochiae
1205 5547 1344 5603 sede
1373 5546 1615 5601 aderant
1646 5541 1810 5599 multi

154 5627 554 5688 Orientalium
581 5631 939 5703 antistitum,
972 5635 1218 5708 quidam
1248 5651 1319 5693 ea
1364 5649 1545 5693 causa
1600 5647 1631 5688 e
1687 5631 1814 5688 suis

151 5717 427 5777 ecclesiis
453 5714 1027 5798 Constantinopolim
1074 5723 1340 5799 profecti,
1384 5716 1656 5782 nonnulli
1682 5719 1812 5794 jam

1921 4737 2213 4809 avulsam,
2244 4741 2308 4792 ut
2332 4741 2533 4793 tamen
2566 4751 2681 4792 non
2713 4738 2834 4790 tam
2867 4732 2928 4789 in
2979 4747 3049 4788 eo
3102 4731 3253 4786 ﬁxus
3282 4729 3570 4784 irrevoca-

1923 4827 2182 4900 bilisque
2230 4826 2530 4882 videretur
2582 4823 2728 4898 quin
2786 4820 3011 4896 sperari
3053 4821 3255 4893 posset
3302 4815 3572 4873 transitio

1918 4920 2048 4991 ejus
2079 4918 2139 4973 in
2172 4921 2371 4989 partes
2400 4930 2603 4972 eorum
2633 4913 2736 4986 qui
2766 4910 3027 4985 supremi
3059 4910 3186 4981 ejus
3209 4906 3446 4964 honoris
3475 4921 3573 4961 vo-

1915 5004 2184 5063 luntaria
2211 5004 2502 5062 delatione
2533 5001 2682 5059 nihil
2714 5018 2832 5059 non
2863 5001 2936 5058 ab
2967 5016 3034 5057 eo
3060 4997 3438 5066 meruissent,
3470 5010 3576 5051 ne-

1920 5097 2244 5153 cessarium
2277 5110 2407 5151 esse
2460 5093 2708 5150 credidit
2735 5093 2918 5164 hujus
2947 5089 3072 5163 spei
3106 5088 3319 5160 pignus
3348 5088 3574 5141 anteca-

1921 5202 2058 5260 pere
2087 5201 2191 5243 nec
2234 5200 2359 5241 rem
2387 5187 2616 5240 tantam
2643 5181 2821 5239 nimis
2879 5177 3206 5253 periculose
3235 5177 3374 5233 ales
3406 5190 3573 5230 com-

1923 5275 2175 5332 mittere.
2213 5274 2362 5341 Quid
2397 5273 2447 5330 si
2474 5271 2633 5329 enim
2664 5270 2836 5346 aliter
2865 5268 2963 5326 ille
2996 5271 3120 5342 jam
3180 5262 3575 5337 proclamatus

1922 5371 1980 5422 et
2035 5365 2427 5437 inauguratus
2472 5360 2810 5434 patriarcha
2861 5375 3039 5433 quam
3089 5358 3392 5429 speratum
3449 5355 3576 5408 erat

1922 5457 2155 5528 saperet
2180 5473 2195 5523 ;
2233 5457 2292 5510 et
2319 5450 2628 5526 dignitatis
2657 5466 2925 5516 summa,
2956 5463 3132 5521 quam
3162 5463 3195 5501 a
3225 5440 3405 5500 stulte
3433 5455 3572 5497 con-

1922 5543 2245 5600 ﬁdentibus
2274 5541 2617 5612 accepisset,
2668 5543 2792 5596 toto
2832 5539 3088 5613 pondere
3117 5530 3484 5591 incumberet
3511 5529 3570 5586 in

1922 5631 2366 5706 depressionem
2398 5630 2666 5704 ipsorum
2716 5630 3060 5687 earumdem
3088 5625 3192 5701 qui
3241 5622 3328 5681 sic
3381 5621 3574 5693 ipsum

1922 5719 2289 5797 inexplorato
2335 5718 2492 5780 ιιι
2552 5711 3048 5794 promovissent?
3098 5711 3202 5774 His
3255 5711 3328 5770 de
3375 5707 3572 5769 causis
