4242 6438
657 367 765 424 895

1961 369 2263 424 GEORGII
2303 371 2765 425 PACHYHERE

3979 358 4081 414 896

656 487 944 563 πρότερον,
1003 488 1099 551 εἶθ’
1156 485 1299 543 οὕτω
1354 486 1443 542 καὶ
1492 486 1697 566 ἐφιέναι
1743 490 2092 563 ψηφίζεσθαι.
2126 488 2190 547 Ἡ
2251 485 2308 543 δὲ
2338 494 2393 561 Α
2424 486 2639 555 πληθὺν
2694 482 3039 565 θριαμϐεύων
3092 480 3359 556 τοίίνομα,
3407 482 3500 538 καὶ
3558 479 3709 543 δίκας
3765 481 4082 555 προσ-τιθεὶς

655 597 817 648 πειρα
871 579 936 645 ἦν
993 574 1082 631 διὰ
1140 581 1236 630 τυῦ
1294 579 1695 655 συγγράφοντος
1752 576 1921 633 τάδε’
1991 578 2149 642 οὗτος
2204 577 2305 653 γὰρ

658 668 940 735 συνήθειαν
992 660 1137 739 ἔχων
1171 665 1245 727 εἰς
1277 664 1476 720 ἐκεῖνον
1534 668 1634 735 τὴν
1701 666 1960 739 μεγίστην
1993 668 2081 721 καὶ
2115 665 2203 721 ἐπὶ
2237 669 2306 739 τῇ

654 751 815 826 πείρᾳ
864 750 1037 826 ταύτῃ
1096 757 1205 807 τῶν
1263 752 1448 807 ἄλλων
1510 752 1873 828 προῦκρίνετο
1908 799 1920 809 .
1980 753 2118 811 Τότε
2171 758 2307 828 γοῦν

655 842 790 895 κατὰ
817 841 885 894 τὰ
914 840 964 894 ἐν
999 840 1333 916 ἀπορῥήτοις
1381 842 1752 914 ἐπεσταλμένα
1816 844 1909 914 μὲν
1970 844 2107 916 πρὸς
2156 843 2311 918 βασι-

658 928 755 984 λέα
810 933 889 1000 τῷ
921 932 1254 1004 πατριάρχῃ,
1316 929 1688 1004 ἐπεσταλμένα
1746 929 1803 986 δὲ
1858 933 2005 1007 παρά
2048 931 2312 1008 πατριάρ-

656 1038 763 1092 χου
792 1023 871 1090 τῷ
901 1025 1216 1094 συγγραφεῖ,
1278 1026 1481 1097 φοιτῶν
1539 1020 1727 1093 ἐκείνῳ
1786 1021 2044 1095 συχνάκις
2102 1021 2191 1076 καὶ
2248 1023 2313 1076 τὰ

656 1108 779 1181 περῖ
852 1111 950 1162 τοῦ
1026 1108 1428 1184 πατριαρχείου
1485 1109 1955 1185 προτεινόμενος,
2016 1107 2173 1172 εἷ’δὼς
2235 1113 2311 1183 μὴ

659 1192 828 1252 εἰδότι
879 1198 971 1251 τὸν
1029 1202 1154 1251 νοῦν
1197 1198 1492 1270 ἐθηρώμην
1543 1200 1630 1253 καὶ
1662 1199 1761 1267 τήν
1793 1200 2022 1273 γνώμην
2055 1197 2313 1273 ἐνεχύρα-

660 1290 775 1353 ζον,
827 1286 917 1339 καί
974 1287 1023 1360 γ’
1054 1285 1471 1365 ἐπληροφόρουν
1504 1287 2032 1364 πληροφοροόμενος
2066 1287 2140 1349 ὡς
2174 1286 2317 1355 κλη-

656 1372 766 1435 θεὶς
797 1373 1117 1429 ὑπακούσειε
1174 1375 1264 1429 καὶ
1296 1376 1394 1443 τήν
1450 1376 1524 1436 είς
1572 1376 1634 1429 τὸ
1683 1380 2075 1450 πατριαρχεῖον
2120 1374 2316 1444 κλῆσιν

658 1463 1013 1534 προσήσεται.
1075 1461 1266 1537 Γέγονε
1315 1468 1503 1531 ταῦτα,
1564 1464 1654 1517 καὶ
1690 1465 1764 1524 ὡς
1800 1464 2104 1541 ὑποψηφίῳ
2148 1464 2316 1517 ἐντεῦ-

660 1562 745 1613 θεν
780 1551 1224 1628 προσφερόμενος
1272 1553 1299 1606 ὁ
1331 1557 1541 1625 κρατῶν
1572 1553 1638 1607 τὰ
1671 1553 1863 1629 φιλικά
1908 1573 1967 1608 τε
2024 1550 2317 1607 ἐπέστελλε

658 1641 749 1695 καί
781 1660 841 1715 γε
869 1645 977 1695 τῶν
1012 1641 1312 1716 ἀναγκαίων
1358 1642 1495 1697 κατᾶ
1547 1640 1754 1717 βουλὴν
1808 1644 2071 1697 κοινωνὸν
2123 1641 2313 1709 ἐποίει,

664 1729 802 1785 Τότε
861 1729 1042 1784 τοίνυν
1093 1733 1187 1792 τὰς
1249 1731 1424 1785 αὐτῶν
1486 1729 1773 1803 δεξάμενος
1828 1727 2167 1804 συμϐουλὰς,
2225 1731 2314 1785 καὶ

663 1821 769 1893 πρό
800 1840 859 1894 γε
888 1818 1099 1874 τούτων
1158 1822 1258 1888 τήν
1286 1828 1385 1889 τῆς
1442 1819 1755 1891 δεσποίνης,
1785 1817 1927 1896 ἔργῳ
1955 1822 2024 1877 τὰ
2051 1829 2149 1890 τῆς
2185 1822 2317 1896 βου-

666 1914 767 1975 Λῆς
824 1906 1093 1982 ἐπλήρου,
1153 1910 1242 1963 καὶ
1302 1910 1521 1982 πεμψας
1581 1907 1696 1985 ἄγει
1752 1931 1810 1965 τε
1868 1910 1943 1972 εἰς
1989 1911 2177 1965 ἑαυτὸν
2226 1910 2319 1965 τὸν

664 1995 916 2066 Ἰωάννην
976 1997 1035 2051 ἐκ
1084 2002 1192 2052 τῶν
1250 2001 1389 2053 κατά
1444 1998 1799 2072 Σκάμανδρον
1858 2002 2124 2075 Τρωικῶν
2186 1999 2320 2071 (ἐκεῖ

662 2086 766 2161 γὰρ
824 2087 915 2141 καὶ
968 2088 1063 2149 τὰς
1121 2084 1402 2163 διατριϐὰς
1451 2089 1716 2159 ἐποιεῖτο,
1748 2088 2029 2165 αὐτάρκως
2080 2094 2187 2143 τῶν
2245 2089 2319 2151 είς

663 2176 923 2251 πρόνοιαν
972 2172 1140 2252 ἔχων)
1195 2176 1284 2232 καί
1356 2177 1840 2255 μετασχηματίσας
1889 2174 2139 2253 γαμϐρὸν
2198 2178 2325 2234 ἐκά-

668 2265 752 2321 λει
782 2266 870 2320 καὶ
910 2264 1138 2340 βασιλέα
1167 2265 1524 2341 Βουλγαρων.
1569 2267 1847 2324 Μετετίθει
1881 2265 1939 2322 δὲ
1984 2268 2074 2321 καὶ
2130 2273 2321 2323 τοῦτον

666 2355 742 2419 εἷς
796 2356 859 2410 τὸ
914 2353 1013 2411 τοῦ
1069 2358 1294 2411 πάππου
1357 2357 1516 2412 Ἀσὰν
1542 2357 1640 2412 ὰνὰ
1678 2363 1852 2413 πᾶσαν
1882 2358 1983 2427 τήν
2008 2356 2134 2433 περὶ
2163 2357 2322 2414 αὐτὸν

672 2572 1253 2645 scripsitimperator
1299 2590 1512 2631 arcano
1551 2572 1897 2645 patriarchas
1949 2573 2133 2629 videri
2181 2591 2212 2630 e
2266 2591 2328 2630 re

671 2662 814 2727 fore,
847 2661 895 2717 si
932 2664 1276 2735 priusquam
1326 2664 1631 2719 destinatis
1679 2662 1988 2719 electionis
2050 2664 2327 2720 monachi

670 2750 962 2822 Principis
1001 2751 1062 2807 in
1101 2752 1494 2823 patriarcham
1530 2751 1817 2807 indicium
1858 2755 2184 2820 emanaret,
2233 2766 2330 2807 ex-

669 2839 1066 2911 perimentum
1100 2846 1334 2913 caperet
1363 2843 1493 2911 eius
1534 2840 1801 2911 animi,et
1826 2842 1910 2896 sic
1931 2845 2167 2897 tantum
2200 2858 2326 2911 per-

674 2928 805 2984 ferri
840 2930 1094 2985 faventia
1121 2930 1231 3002 ipsi
1267 2931 1549 3003 suffragia
1599 2930 1986 3001 permitteret,
2040 2931 2090 2986 si
2132 2930 2331 3002 qualia

679 3018 897 3074 vellent
926 3024 983 3073 et
1007 3021 1078 3075 ad
1117 3021 1384 3076 Ecclesiae
1447 3035 1651 3092 pacem
1683 3019 2003 3091 expediret,
2039 3020 2328 3075 facturum

680 3123 813 3162 eum
847 3114 1003 3164 certo
1033 3108 1416 3165 constitisset.
1457 3110 1572 3165 Hoc
1630 3125 1803 3179 porro
1858 3109 2327 3179 experimentum

2418 576 2513 639 τὰς
2570 577 2719 647 ἀξίας
2774 581 2891 638 τοῖς
2945 596 3007 650 γε
3061 576 3138 647 μὴ
3197 572 3373 634 οὕτως
3402 570 3630 646 λέγουσι
3656 572 3795 625 κατά
3822 589 3953 624 τινα
3989 589 4080 641 με-

2422 667 2716 739 μνημένοις
2760 666 2951 740 χρείαν
2984 707 2996 718 .
3060 662 3159 717 Καὶ
3222 665 3329 717 τῶν
3392 659 3722 735 Βουλγάρων
3780 658 3917 719 τοὺς
3984 658 4076 730 μὶν

2417 759 2767 831 προσχωρεῖν
2799 753 3036 826 ἑτοίμως
3085 749 3268 806 ἐκάλει
3322 750 3396 812 ὡς
3440 747 3633 804 αὐτίκα
3678 747 4079 822 εὐεργετήσων,

2416 842 2542 905 τοὺς
2600 843 2657 899 δέ
2711 866 2763 899 τι
2821 844 2912 898 καὶ
2966 846 3334 919 προνοοῦντας
3392 844 3487 895 τοῦ
3528 835 3806 914 ἀσφαλοῦς
3839 836 4077 909 πέμπων

2421 930 2619 1006 δώροις
2655 933 2749 1005 μὲν
2782 929 3043 1007 ἤγαλλεν,
3076 929 3410 1007 ἀνερῥώννυε
3440 926 3499 983 δὲ
3548 933 3666 988 ταῖς
3724 926 3951 981 ἐλπίσιν
4011 924 4081 985 ὡς

2421 1022 2476 1076 εὖ
2506 1023 2805 1094 πράξοντας
2839 1020 2885 1075 εἰ
2915 1021 3007 1075 τὸν
3060 1016 3317 1087 Ἰωᾶννην
3369 1016 3606 1088 δέξοιντο
3659 1015 3890 1091 βασιλέα
3945 1015 4085 1067 ἀπο-

2422 1112 2638 1172 στάντες
2696 1110 2925 1185 Μαρίας.
2979 1113 3157 1164 Ταῢτα
3208 1109 3303 1181 μὲν
3363 1107 3455 1161 οὖν
3512 1106 3572 1160 ἐκ
3628 1107 3727 1173 τῆς
3788 1100 4083 1177 Ἀδριανοῦ

2423 1199 2717 1271 ᾠκονόμει,
2752 1200 2831 1272 [Ρ.
2866 1200 3015 1271 300],
3060 1197 3150 1252 καί
3179 1217 3331 1257 τινας
3360 1193 3550 1249 αὐτίκα
3580 1194 3716 1267 πρὸς
3752 1191 3931 1263 μόνην
3984 1192 4081 1258 τὴν

2423 1289 2617 1361 φήμην
2655 1290 3131 1363 προσχωροῦντας
3184 1285 3240 1339 εὗ
3290 1281 3438 1359 ἕδρα,
3488 1281 3577 1337 καὶ
3624 1278 4085 1353 κατεδημαγώγει

2424 1376 2767 1453 Βουλγάρους
2797 1380 2915 1436 ταῖς
2949 1373 3326 1450 ὑποσχέσεσιν.

2426 1537 2469 1600 ς’
2502 1579 2513 1590 .
2572 1537 2761 1598 "Cum:
2806 1534 2896 1589 καὶ
2952 1533 3044 1588 τόν
3114 1530 3343 1600 Μιχαὴλ
3404 1530 3463 1586 ἐκ
3524 1528 3723 1591 δόσεως
3780 1525 4087 1590 ἐπελθόντα

2956 1555 3044 1588 τον
3114 1552 3185 1589 Mt
3236 1552 3343 1600 αηΛ
3404 1552 3463 1586 εκ
3524 1552 3539 1585 c

2956 1552 3539 1681 γαμϐρὸνχὶποιήσατυ.

2501 1730 2875 1788 Ἐπανελθόντι
2909 1729 2958 1786 δ’
2989 1732 3041 1793 ἐς
3073 1731 3236 1786 πόλιν
3278 1728 3589 1805 ἠγγέλλετο
3636 1728 3725 1782 καὶ
3758 1729 3793 1795 ἡ
3852 1730 3954 1781 τοῦ
3985 1731 4087 1781 Μι-

2427 1820 2580 1897 χαὴλ
2613 1820 2671 1875 ἐκ
2699 1825 2806 1875 τῶν
2840 1819 3070 1875 δυτικῶιδ
3128 1819 3252 1875 ὅσον
3283 1819 3381 1874 οὐκ
3405 1815 3511 1888 ἤδη
3548 1815 3745 1892 ἄφιξις.
3794 1816 3859 1872 Ὀ
3920 1811 3967 1868 δ’
4022 1814 4087 1880 ἦν

2430 1912 2458 1965 ὁ
2489 1914 2585 1966 τοῦ
2617 1909 2853 1985 Μιχαὴλ
2892 1908 3169 1973 δεσπότου.
3194 1910 3311 1971 υἱὸς
3355 1908 3601 1977 ὕστατος,
3636 1906 3960 1979 Δημήτριος
3998 1902 4091 1974 μὶν

2428 2000 2489 2053 τὸ
2546 2001 2660 2054 κατ’
2722 2000 2899 2075 ἀρχὰς
2955 2000 3281 2074 λεγόμενος,
3340 1996 3597 2056 Θανόντος
3655 1992 3711 2049 δὲ
3740 1997 3838 2047 τοῦ
3888 1992 4095 2064 πατρὸς

2428 2086 2673 2162 τοῦνομα
2726 2090 2865 2143 κατά
2924 2091 3149 2162 μνήμην
3210 2087 3417 2142 ἐκείνου
3468 2082 3971 2156 ἀνταλλαξάμενος.
4031 2082 4095 2155 ᾪ

2433 2175 2501 2246 δὴ
2559 2181 2649 2232 καὶ
2712 2184 2877 2253 μοῖρα
2904 2183 3012 2233 τῶν
3052 2182 3149 2232 τοῦ
3179 2177 3383 2252 πατρὸς
3416 2178 3619 2250 χωρῶν
3648 2168 4095 2244 προσκεκληρω-

2437 2267 2572 2342 μένη
2607 2270 2709 2324 οὐκ
2738 2270 3043 2344 ἀποχρῶσα
3071 2271 3151 2340 τῷ
3186 2267 3395 2340 μεγέθει
3438 2272 3538 2335 τῆς
3569 2264 3687 2318 κατ’
3719 2260 3881 2317 αὐτὸν
3918 2258 4091 2329 ἀξίας,

2436 2359 2505 2428 ἧς
2559 2360 2706 2435 παρὰ
2758 2364 2856 2415 τοῦ
2930 2362 3260 2434 κρατοῦντος
3317 2356 3608 2434 ἐτύγχανεν
3667 2351 3777 2423 ἥδη
3840 2346 4099 2427 γαμϐρὸς

2435 2576 2670 2647 praediis
2684 2577 2753 2631 ad
2775 2575 2997 2632 victum
3011 2574 3237 2631 cultum
3253 2589 3365 2645 que
3378 2571 3756 2646 splendidum
3771 2571 4069 2641 proventu
4084 2607 4099 2633 ,

2439 2667 2663 2721 mutato
2705 2664 2911 2720 habitu
2944 2664 3102 2720 439
3130 2678 3412 2736 generum
3471 2659 3651 2717 simul
3680 2674 3883 2725 suum,
3915 2656 4102 2712 simul

2437 2770 2629 2827 regem
2658 2754 3045 2827 Bulgarorum
3078 2752 3395 2825 appellavit
3423 2769 3436 2819 ;
3461 2753 3927 2823 cognomentum
3961 2762 4106 2818 quo-

2438 2861 2552 2915 que
2584 2845 2699 2916 ipsi
2753 2843 2978 2899 addidit
3000 2844 3072 2899 ab
3124 2859 3231 2899 avo
3281 2847 3496 2907 Asane,
3557 2843 3613 2895 et
3661 2837 3940 2894 universo
3996 2852 4102 2890 suo

2439 2933 2767 2997 comitatui,
2805 2950 2953 2989 novo
2987 2932 3099 2988 isto
3131 2931 3298 2987 illum
3331 2931 3635 2987 celebrans
3675 2927 3947 2991 nomine,
3983 2942 4102 2980 ma-

2438 3024 2653 3096 gniﬁce
2683 3022 3019 3089 ostentavit,
3054 3022 3237 3093 pmnis
3259 3020 3435 3077 etiam
3468 3018 3718 3075 decretis
3750 3016 3810 3071 in
3842 3032 3949 3071 eos
3972 3015 4095 3086 qui,

2439 3129 2793 3185 quocunque
2825 3112 3121 3167 incidente
3154 3127 3264 3166 usu
3299 3110 3654 3165 mentionem
3677 3106 4104 3177 ejusdeinceps

673 3214 779 3286 per
805 3198 1153 3268 scriptorem
1190 3199 1370 3268 hujus
1402 3198 1664 3253 historiae
1690 3202 1931 3269 captum
1962 3198 2134 3252 est:is
2166 3199 2323 3253 enim
2357 3218 2401 3286 α
2444 3202 2714 3269 faciendi,
2735 3201 2904 3256 aliter
2925 3217 3105 3273 quam
3163 3203 3415 3255 Asanem
3449 3205 3506 3253 et
3551 3211 3748 3268 regem
3807 3194 4099 3266 Bulgaria:

670 3301 738 3339 ex
770 3284 942 3358 longo
971 3286 1475 3342 familiarissimus
1500 3284 1756 3357 Principi
1788 3286 1860 3340 ad
1904 3287 2018 3341 ista
2064 3285 2323 3357 explora-

666 3375 825 3429 tione
857 3374 1105 3430 ﬁdeliter
1132 3376 1499 3445 feliciterque
1542 3375 1906 3447 iungendum
1938 3375 2183 3430 idoneus
2208 3391 2322 3445 pra

669 3465 897 3518 cunctis
927 3468 1016 3519 est
1039 3465 1365 3535 judicatus.
1402 3464 1548 3518 Huic
1579 3480 1717 3535 ergo
1770 3463 2105 3535 patriarcha
2154 3465 2325 3535 juxta

669 3551 1026 3608 sententiam
1072 3569 1302 3609 arcanas
1354 3551 1730 3623 imperatoris
1789 3551 2051 3623 epistolas
2109 3568 2325 3607 arcana

669 3641 889 3712 scripto
922 3642 1047 3713 ipse
1077 3658 1311 3713 quoque
1334 3643 1613 3697 mandata
1644 3657 1779 3696 cum
1803 3640 2194 3705 misisset,ille
2219 3657 2323 3713 pro

669 3730 926 3786 amicitia
986 3731 1202 3803 sapius
1269 3731 1474 3787 adiens
1544 3729 1873 3802 Principem
1944 3729 2321 3796 monachum,

669 3821 720 3875 ei
753 3820 1028 3890 subinde,
1062 3821 1232 3892 quasi
1259 3821 1395 3876 ﬁcta
1424 3819 1723 3875 sermonis
1763 3835 1943 3875 causa
1969 3819 2322 3884 conditione,

671 3910 1033 3966 mentionem
1066 3910 1521 3981 patriarchatus,
1556 3911 1759 3982 ignaro
1791 3909 1932 3980 quid
1973 3909 2044 3964 de
2071 3924 2132 3965 se
2163 3908 2324 3979 cogi-

669 4002 916 4070 taretur,
949 4001 1142 4055 sciens
1173 4000 1297 4071 ipse
1326 3999 1409 4055 ita
1462 3998 1687 4069 intulit,
1728 4002 1795 4054 ut
1853 4002 2009 4053 certo
2057 3998 2325 4070 expisca-

670 4094 835 4145 retur
892 4089 1330 4162 penitissimum
1363 4089 1491 4160 ejus
1521 4105 1765 4144 sensum
1798 4087 2019 4155 animi;
2057 4087 2158 4158 qui
2190 4102 2325 4142 cum

669 4178 807 4234 talis
839 4185 995 4235 esset
1026 4178 1262 4251 qualem
1314 4179 1633 4250 imperator
1691 4185 1745 4232 et
1789 4176 2123 4248 patriarcha
2177 4175 2325 4231 Con-

672 4270 1235 4342 stantinopolitanae
1266 4269 1566 4341 optabant,
1609 4272 1667 4323 et
1724 4267 1959 4340 utrique
2008 4282 2327 4339 persuasus

671 4358 839 4431 prius
871 4376 977 4432 ego
1008 4360 1432 4439 persuasissem
1461 4358 1653 4425 illum,
1687 4357 1737 4413 si
1782 4356 2115 4429 patriarcha
2139 4354 2329 4412 decla-

671 4453 921 4516 raretur,
956 4454 1301 4505 secuturum
1362 4463 1478 4504 non
1507 4448 1759 4502 invitum
1809 4462 1925 4518 quo
1958 4447 2032 4502 ab
2062 4448 2327 4517 Augusto

668 4546 727 4593 et
750 4539 913 4595 urbis
954 4538 1285 4611 patriarcha
1315 4537 1820 4594 consentientibus
1843 4536 2327 4603 vocaretur,itum

2436 3296 2731 3348 vocarent.
2768 3290 3051 3361 Bulgaros
3109 3305 3341 3361 quoque
3373 3290 3661 3358 quotquot
3713 3285 3774 3339 in
3837 3298 4103 3354 praesens

2430 3381 2614 3452 parati
2650 3382 2719 3436 ad
2754 3380 3153 3435 accedendum
3185 3383 3328 3435 sunt
3359 3376 3594 3449 reperti,
3629 3392 3733 3446 spe
3782 3372 4106 3429 beneﬁcio-

2431 3487 2559 3526 rum
2596 3470 2796 3525 statim
2830 3487 2863 3525 a
2893 3486 2956 3525 se
2988 3467 3502 3541 percipiendorum
3533 3464 3820 3521 evocavit:
3844 3462 3920 3517 ad
3960 3461 4103 3516 alios

2433 3562 2533 3633 qui
2557 3561 2750 3617 adhuc
2769 3558 3431 3624 deliberarent,idoneos
3462 3556 3564 3627 qui
3594 3554 3901 3611 allicerent
3935 3550 4099 3606 misit

2432 3650 2603 3705 donis
2626 3665 2724 3705 eos
2750 3651 2875 3721 jam
2908 3664 3066 3704 nunc
3097 3647 3408 3712 deliniens,
3468 3646 3527 3700 in
3561 3650 3864 3715 posterum
3890 3646 4095 3695 autem

2433 3740 2652 3811 spebus
2700 3738 3091 3795 corroborans
3148 3737 3321 3808 quasi
3373 3739 3799 3790 consecuturos
3880 3732 4098 3785 cuncta

2434 3845 2560 3899 quas
2591 3831 2873 3900 cuperent
2903 3828 2974 3882 ad
2997 3827 3127 3881 vitae
3176 3828 3482 3880 ﬂorentem
3535 3827 3777 3887 statum,
3844 3820 3893 3875 si
3950 3819 4097 3874 defi-

2432 3918 2651 3974 cientes
2683 3934 2717 3973 a
2748 3916 2933 3972 Maria
2960 3915 3249 3971 Joannem
3283 3930 3478 3986 regem
3520 3912 3911 3984 accepissent.
3968 3909 4097 3964 Haec

2432 4024 2500 4062 ex
2533 4005 2903 4077 Adrianopoli
2935 4004 3224 4075 providit;
3258 4009 3315 4059 et
3367 4001 3656 4074 quosdam
3703 3999 3777 4054 ad
3838 3998 4099 4069 primam

2435 4094 2641 4152 talium
2675 4095 2891 4151 famam
2924 4093 3123 4149 statim
3157 4100 3571 4149 concurrentes
3620 4087 3929 4145 beneﬁcﬁs
3961 4087 4098 4143 ade-

2433 4185 2533 4251 cit,
2558 4190 2918 4256 ceterosque
2950 4168 3237 4255 Bulgaros
3270 4180 3503 4254 magnis
3561 4176 4101 4252 pollicitationibus

2431 4273 2667 4330 trahere
2696 4273 2755 4328 in
2787 4278 2983 4345 partes
3014 4270 3379 4345 populariter
3407 4269 3638 4341 sategit.

2432 4435 2487 4489 6.
2523 4436 2585 4492 Ut
2614 4434 2938 4491 Michaelem
2960 4437 3131 4491 etiam
3163 4449 3236 4489 ea:
3268 4432 3566 4490 Occidente
3594 4429 3665 4485 ad
3694 4445 3752 4485 se
3775 4431 4099 4501 profectum

2839 4508 3142 4578 imperator
3166 4522 3431 4577 generum
3456 4506 3671 4575 fecerit.

668 4643 703 4681 a
736 4587 1004 4685 Patribd-s
1040 4628 1200 4683 nullo
1214 4629 1341 4699 jam
1373 4627 1644 4683 obstante
1677 4626 1739 4680 in
1771 4624 2054 4697 suil‘ragia
2102 4587 2211 4694 est,
2272 4628 2329 4681 et
2360 4587 2408 4653 D
2510 4631 2762 4687 Reverso
2796 4637 2927 4702 post
2955 4630 3078 4686 haec
3110 4631 3170 4686 in
3200 4631 3404 4686 urbem
3457 4628 3801 4700 imperatori
3855 4628 4097 4683 nuntia-

670 4718 1153 4789 conspirantibus
1186 4717 1450 4790 legitimo
1492 4731 1742 4772 numero
1786 4714 2029 4771 calculis
2078 4716 2187 4770 rite
2239 4718 2329 4770 est

665 4804 869 4862 electio
895 4807 1133 4880 perlata.
1172 4807 1267 4861 ilia
1300 4807 1381 4861 ita
1411 4805 1594 4877 gestis
1629 4806 1951 4877 imperator
1998 4804 2325 4861 Theodosio

669 4899 750 4951 uti
776 4900 902 4968 jam
944 4898 1126 4955 electo
1176 4902 1233 4954 et
1277 4897 1585 4969 designato
1641 4896 1984 4965 patriarcha
2045 4894 2324 4950 honorem

669 4989 913 5054 habens,
964 4993 1020 5044 et
1066 4989 1253 5044 amice
1315 4987 1571 5043 scribere
1629 4990 1685 5042 et
1738 4983 2173 5041 communicare
2225 4985 2324 5039 de-

664 5078 1069 5134 liberationem
1096 5078 1167 5133 de
1197 5079 1374 5133 rebus
1398 5077 1614 5148 magni
1633 5075 1702 5129 ad
1733 5073 2163 5146 rempublicam
2196 5089 2321 5128 mo-

666 5169 941 5233 menti,in
973 5185 1090 5240 qua
1129 5170 1493 5233 versabatur,
1528 5167 1774 5236 ejusque
1805 5180 1986 5236 super
2023 5164 2096 5219 iis
2127 5163 2320 5219 consi-

660 5258 807 5315 lium
835 5260 1141 5330 exquirere
1174 5258 1393 5312 bonum
1426 5255 1583 5309 factu
1618 5254 1868 5309 censuit.
1928 5253 2149 5308 Horum
2182 5259 2323 5309 tunc

668 5366 837 5421 porro
870 5348 1171 5421 responsis
1230 5363 1333 5418 per
1381 5344 1581 5400 omnia
1624 5343 2095 5414 congruentibus
2154 5359 2324 5399 acce-

666 5440 804 5511 ptis,
834 5444 892 5495 et
920 5438 1110 5510 ipsius
1138 5437 1198 5493 in
1231 5434 1461 5509 primis,
1496 5449 1675 5505 quam
1717 5433 1861 5489 item
1920 5430 2319 5502 consuluerat,

666 5530 959 5601 Augustae,
988 5526 1302 5585 consilium
1360 5526 1420 5581 in
1476 5540 1603 5581 rem
1638 5522 1910 5579 contulit.
1951 5523 2321 5579 Accersitum

661 5619 819 5677 enim
852 5635 883 5675 e
913 5618 1276 5677 Scamandro
1299 5620 1359 5673 et
1379 5614 1604 5672 Troicis
1638 5612 1979 5686 regionibus
2006 5612 2321 5683 Joannem,

662 5706 761 5765 ubi
794 5706 893 5766 ille
924 5707 1091 5783 prius
1116 5705 1481 5774 morabatur,
1516 5702 1859 5773 abundante
1889 5701 2005 5776 ipsi
2035 5701 2208 5760 esui:
2238 5700 2322 5758 ibi

2437 4725 2534 4775 tus
2566 4724 2657 4777 est
2687 4720 2979 4793 appulsus
3002 4736 3135 4775 mox
3158 4719 3783 4774 futurusadventantis
3804 4720 4099 4773 Constan-

2438 4808 2747 4881 tinopolim
2781 4826 2850 4865 ex
2880 4809 3134 4865 Occiduo
3179 4813 3371 4864 tractu
3431 4805 3756 4863 Michaelis.
3807 4806 3955 4861 Erat
4016 4806 4100 4861 hic

2440 4896 2736 4954 Michaelis
2755 4898 3010 4969 despota
3051 4898 3211 4954 ﬁlius
3244 4902 3382 4952 natu
3417 4895 3729 4960 minimus,
3761 4895 4097 4949 Demetrius

2436 5006 2470 5044 a
2501 4987 2789 5059 principio
2819 4988 3193 5055 vocatus,sed
3228 4986 3413 5060 patris
3469 4988 3672 5058 postea
3730 4984 3957 5040 mortui
4003 5000 4097 5039 no-

2438 5093 2572 5132 men
2605 5077 2674 5132 ad
2708 5079 2837 5147 ejus
2871 5077 3217 5132 memoriam
3251 5078 3473 5131 omisso
3505 5074 3742 5146 proprio
3775 5090 4096 5146 usurpave-

2436 5166 2647 5235 rat;cui
2680 5183 2813 5222 cum
2843 5183 2970 5238 quas
3008 5167 3141 5238 jure
3184 5166 3511 5238 contigerat
3562 5163 3940 5219 haereditario
4005 5181 4096 5236 pa-

2432 5260 2612 5310 ternas
2646 5255 2887 5310 ditionis
2920 5273 3055 5328 pars
3087 5255 3357 5311 sufﬁcere
3391 5271 3504 5309 non
3538 5253 3837 5309 videretur
3868 5252 4097 5324 magni-

2432 5345 2627 5401 tudini
2661 5345 3021 5401 sustinendaa
3049 5362 3209 5401 novae
3240 5360 3416 5416 quam
3451 5348 3576 5399 tum
3614 5342 3873 5414 primum
3912 5342 4098 5397 inibat

2433 5435 2745 5508 dignitatis
2775 5436 2976 5508 generi
3000 5434 3374 5507 imperatoris
3397 5434 3508 5502 (sic
3539 5433 3697 5489 enim
3730 5447 3863 5487 esse
3894 5436 3960 5487 et
3993 5448 4094 5503 ap-

2432 5524 2779 5597 pellarijam
2811 5530 3081 5599 ceperat,
3114 5523 3365 5598 Augusti
3394 5522 3518 5579 ﬁlia
3546 5522 3660 5595 ipsi
3693 5538 3729 5579 a
3772 5524 3948 5593 patre
4000 5520 4095 5576 de-

2431 5616 2697 5688 sponsa),
2729 5630 2800 5674 ea
2838 5613 3041 5673 relicta
3088 5628 3152 5672 se
3184 5615 3258 5672 ad
3287 5613 3704 5686 imperatorem
3760 5608 4093 5675 transtulit,

2433 5701 2696 5762 conﬁsus
2718 5703 2934 5763 litteris
2976 5703 3104 5778 ejus
3143 5702 3535 5778 Jurejurando
3580 5698 3859 5759 ﬁrmatis.
3912 5698 4093 5758 Erant
