4210 6448
158 439 246 495 897

1180 430 1277 486 DE
1312 427 1686 485 MICEABLE
1721 424 2169 483 PALBOLOGO
2203 427 2337 482 LIB.
2377 424 2479 483 Vl.

3427 434 3532 490 898

163 560 524 637 ὑπεσχημένος
571 558 834 632 γενέσθαι,
884 552 1142 626 οὐδαμῶς
1186 549 1383 608 ἐδόκει.
1433 551 1521 622 Τῷ
1562 572 1646 606 τοι
1677 549 1859 620 κά-Α
1895 549 2106 637 τούτων
2157 547 2495 620 σκεψομένης
2565 547 2655 601 καὶ
2727 556 2824 617 τῆς
2895 555 3020 626 παρ’
3076 555 3246 623 αὐτῆς
3308 553 3533 620 λῦσεως.

159 654 322 721 κείνην
379 651 530 726 ἀφεὶς
591 647 804 723 βασιλεῖ
860 645 1228 720 προσεχώρει,
1288 643 1554 696 πιστεύων
1606 640 1784 716 γράμ-

166 763 304 814 μασιν
361 740 546 814 ὅρκοις
605 733 1164 811 κατησφαλισμένοις.
1225 734 1388 785 ’Πσαν
1450 732 1541 802 μὲν
1578 728 1666 784 οὖν
1707 733 1784 799 τῷ

165 827 363 904 βασιλεῖ
420 826 685 899 ἑκατέρων
742 827 848 876 τῶν
909 820 1209 894 Θυγατέριυν
1266 819 1508 889 Εἰρήνης
1554 820 1664 889 ἅμα
1694 817 1782 871 καὶ

163 903 342 982 Ἃννης
396 917 452 988 (ἡ
507 914 608 987 γάρ
669 908 898 967 Εύδοκία
963 909 1128 984 μικρά
1185 909 1250 976 ἦν
1308 909 1395 961 καὶ
1437 903 1535 976 ἔτι)
1569 907 1621 960 αἱ
1651 908 1787 978 πρὸς

161 1006 268 1066 τους
321 1002 589 1080 νυμφίους
645 1000 1003 1072 συναρμόσεις
1080 995 1489 1069 ἐμπρόθεσμοι·
1550 994 1675 1049 ἀλλ’
1733 995 1784 1047 ei.

161 1099 242 1159 τῆς
300 1095 538 1166 Εἱρήνης
595 1090 766 1164 γάμοι
817 1093 894 1159 τῷ
946 1084 1054 1155 ἤδη
1139 1085 1352 1159 βασιλεῖ
1425 1083 1785 1162 ψηφιζομένῳ

163 1183 478 1258 Βουλγάρων
539 1180 699 1235 ’Λσὰν
761 1174 1046 1232 ἐτελοῦντο
1106 1175 1576 1251 περιφανέστερον.
1637 1180 1785 1244 Συμ-

163 1270 333 1332 ϐόλοις
386 1271 488 1345 γάρ
545 1269 752 1342 ἐχρῆτο
816 1266 1144 1338 βασιλικοῖς,
1205 1264 1254 1332 ἐξ
1314 1262 1469 1334 ἐρίων
1537 1263 1629 1333 μὲν
1670 1262 1786 1314 κατ’

162 1359 477 1436 ἐφεστρίδας,
518 1364 635 1418 τοῖς
689 1355 735 1410 δ’
784 1353 977 1414 ἄλλοις
1025 1358 1142 1412 τοῖς
1192 1352 1375 1413 αὐτοῖς
1413 1351 1661 1424 βασιλεῖ·
1697 1352 1784 1404 καὶ

161 1425 415 1508 συνθεσίαι
470 1450 630 1518 ἦσαν,
674 1446 718 1500 εἷ
773 1446 866 1518 μὲν
923 1440 1194 1498 εύοδοῖντο
1253 1437 1544 1495 ἐπὶϐαίνειν
1593 1441 1791 1513 Τερνό-

165 1539 250 1597 ϐου
280 1541 490 1611 σύναμα
519 1537 608 1591 καὶ
638 1541 756 1597 ταῖς
782 1535 877 1589 τοῦ
913 1532 1179 1608 βασιλέως
1213 1529 1522 1602 δυνάμεσιν.
1561 1532 1640 1603 [Ρ.
1664 1533 1788 1602 301]

166 1632 204 1686 εἰ
233 1628 272 1684 δ’
305 1627 419 1698 οὖν,
452 1625 617 1696 ἀλλὰ,
649 1624 737 1678 καὶ
771 1623 921 1686 αὖθις
955 1622 1031 1682 εὶς
1068 1619 1330 1681 δεσπότας
1356 1626 1453 1688 τῆς
1481 1617 1790 1692 Ῥωμαΐδος

167 1718 516 1792 σεμνύνεσται.
575 1720 737 1775 Τοῖς’
802 1713 895 1785 μὲν
955 1709 1046 1765 οὖν
1119 1709 1496 1780 τετελεσμένοι
1550 1710 1684 1776 ἦσαν
1742 1709 1792 1762 ei.

163 1810 340 1886 γάμοι,
387 1807 475 1860 καὶ
538 1803 731 1879 βουλαὶ
793 1800 1150 1874 προύτίθεντο
1207 1804 1451 1872 συνεχεῖς
1505 1794 1651 1859 ὅπως
1709 1797 1794 1851 ἅν-

167 1897 246 1953 καὶ
295 1897 361 1951 τὰ
411 1896 599 1968 πρόσω
657 1893 771 1946 κατ’
832 1891 1118 1964 εὐμάρειαν
1176 1893 1544 1961 προχωροῖεν.
1580 1891 1707 1948 Τοῖς
1739 1885 1796 1941 δὲ

162 1991 249 2042 τοῦ
280 1983 508 2059 Μιχαὴλ
538 1983 737 2056 γάμοις
796 1979 888 2033 καὶ
942 1981 1042 2042 τῆς
1102 1974 1350 2049 δευτέρας
1387 1980 1493 2028 τῶν
1534 1975 1795 2048 βασιλέως

167 2076 459 2149 θυγατέρων
491 2075 690 2139 Ἅννης
730 2067 1057 2143 προσίστατό
1087 2088 1140 2121 τι
1169 2071 1276 2120 τῶν
1325 2072 1424 2133 τῆς
1470 2063 1795 2135 Ἐκκλησίας

165 2166 420 2230 κανόνων,
483 2161 574 2223 οὕς
633 2158 699 2227 δὴ
763 2157 996 2217 Σισίνιος
1069 2154 1236 2210 πάλαι
1295 2155 1404 2217 θεὶς
1467 2156 1794 2231 ἀφορισμοῖς

160 2254 425 2327 ἐκράτυνεν
469 2248 780 2327 ἀσφαλέσιν.
832 2252 891 2301 Ἥ
953 2246 1045 2318 μὲν
1108 2244 1197 2299 οὖν
1248 2249 1344 2298 τοῦ
1395 2242 1654 2298 δεσπότου
1696 2251 1792 2300 Νι-

158 2315 392 2419 κηφόρον)
449 2342 611 2396 Ἄννα
664 2344 762 2405 τῆς
817 2336 910 2389 τοῦ
977 2333 1244 2407 βασιλέως
1300 2333 1564 2407 θυγατρὸς
1596 2335 1793 2402 ”Αννης

157 2430 438 2504 αὐτανεψία
466 2431 556 2497 ἦν,
589 2426 908 2501 Νικηφόρος
959 2421 1015 2477 δὲ
1057 2424 1146 2476 καὶ
1197 2421 1428 2498 Μιχαὴλ
1465 2420 1792 2499 αὐτάδελφοι

159 2520 385 2575 πάντων.
425 2516 852 2591 ΙΙεριισταμένου
901 2517 1027 2587 γοῦν
1065 2517 1159 2565 τοῦ
1211 2513 1318 2565 κατ’
1373 2510 1566 2564 αύτούς
1619 2533 1795 2564 συνοι-

160 2609 334 2663 κεσίου
367 2609 444 2669 εἷς
480 2605 629 2660 ἕκτον
684 2603 890 2680 βαθμὸν
940 2602 1032 2656 τὸν
1075 2612 1212 2663 ενθεν
1275 2602 1368 2672 μὲν
1414 2599 1472 2653 ἐκ
1500 2602 1793 2674 τεσσάρων,

157 2699 347 2754 ἐκεῖθεν
409 2695 457 2751 δ’
508 2695 566 2751 ἐκ
625 2692 720 2749 δύο
781 2691 1153 2768 συγκείμενον,
1221 2688 1324 2744 ἔδει
1385 2688 1612 2744 συνόδου
1671 2693 1790 2765 περὶ

157 2920 331 2993 igitur
361 2919 632 2986 Augusto
654 2913 960 2969 ambarum
997 2910 1250 2966 ﬁliarum
1285 2913 1480 2966 Irenes
1528 2915 1584 2966 et
1632 2911 1803 2965 Annua

160 3012 314 3079 (nam
349 3004 606 3062 Eudocia
632 3002 872 3074 parvula
928 3002 1084 3056 440
1115 2999 1306 3055 adhuc
1365 3003 1510 3066 erat)
1565 3001 1804 3055 decretae

152 3100 270 3169 jam
305 3101 362 3152 et
396 3096 458 3150 in
493 3094 791 3165 procinctu
811 3091 1074 3160 expedito
1107 3088 1346 3160 nuptiae.
1380 3089 1660 3143 Caeterum
1687 3088 1804 3143 lre-

158 3204 256 3242 nes
296 3202 436 3240 cum
491 3182 786 3238 declarato
823 3181 944 3251 jam
997 3178 1184 3250 palam
1238 3193 1372 3248 rege
1422 3177 1805 3250 Bulgarorum

160 3279 342 3332 Asane
365 3271 678 3329 illustriori
709 3270 1046 3326 celebritate
1080 3268 1519 3322 matrimonium
1568 3284 1805 3338 perage-

156 3367 348 3435 batur,
382 3381 490 3420 rex
521 3361 809 3433 siquidem
844 3375 1020 3431 gener
1050 3357 1386 3429 insignibus
1419 3357 1807 3425 utebatur,re-

162 3455 484 3526 giis,quod
517 3453 768 3507 colorem
801 3450 1038 3520 quidem
1087 3447 1275 3502 solum
1325 3446 1382 3500 in
1445 3447 1702 3516 phaleris
1758 3452 1815 3501 et

162 3546 361 3599 stratis
414 3541 820 3613 equestribus,
862 3554 984 3608 qua:
1040 3553 1107 3591 ex
1166 3536 1300 3590 lana
1347 3539 1574 3590 tantum
1627 3540 1812 3603 erant,

168 3637 219 3687 in
251 3633 486 3688 caeteris
519 3637 712 3685 autem
745 3628 954 3682 iisdem
989 3625 1158 3697 plane
1189 3641 1320 3679 cum
1362 3625 1489 3695 ipso
1530 3627 1811 3696 Augusto.

161 3723 635 3779 Conventionum
672 3716 1024 3789 nuptialium
1080 3716 1198 3770 haec
1255 3719 1421 3769 erant
1461 3714 1671 3784 capita,
1720 3732 1816 3770 ex-

163 3812 470 3882 peditione
536 3811 596 3864 in
651 3806 978 3862 Ternobum
1041 3803 1596 3873 communijunctis
1639 3803 1816 3860 Asani

154 3903 337 3971 cepiis
370 3896 782 3969 imperatoris,
815 3894 1011 3950 conari
1045 3893 1338 3948 civitatem
1370 3892 1531 3947 illam
1574 3898 1632 3947 et
1681 3910 1815 3948 cum

154 4007 217 4046 ea
250 3989 551 4062 Bulgariaa
584 4001 830 4057 regnum
865 3999 1010 4038 novo
1065 3981 1314 4054 Augusti
1370 3998 1580 4053 genero
1611 3983 1815 4054 acqui-

153 4097 296 4136 rere:
352 4081 403 4135 si
465 4080 709 4134 fortuna
757 4078 942 4145 cmpto
1001 4089 1116 4127 non
1180 4073 1578 4143 reaponderet,
1629 4074 1815 4127 eidem

155 4170 208 4223 in
237 4169 378 4224 aula
430 4164 822 4238 imperatoria
867 4164 1120 4234 despotze
1175 4163 1451 4216 honorem
1501 4162 1820 4216 auctorita-

153 4262 394 4330 temque
427 4253 720 4312 conferri.
772 4252 834 4307 In
869 4252 990 4306 hinc
1047 4256 1217 4322 pacta
1274 4250 1525 4320 peractis
1577 4251 1821 4322 nuptiis,

152 4351 456 4403 continuae
505 4347 638 4416 jam
693 4341 1152 4396 consultationes
1211 4345 1377 4394 erant
1432 4356 1548 4411 qua
1604 4342 1827 4412 optima

151 4442 206 4492 et
237 4437 539 4492 facillima
577 4432 804 4488 ratione
836 4434 1078 4502 possent
1098 4431 1389 4484 destinata
1407 4430 1558 4485 circa
1580 4446 1824 4498 regnum

150 4525 443 4596 Bulgaria;
495 4524 577 4578 ad
613 4525 814 4575 votum
849 4517 1078 4573 conﬁci.
1126 4516 1426 4572 Michaelis
1467 4534 1599 4572 cum
1647 4518 1830 4573 altera

155 4615 414 4670 ﬁliarum
449 4609 846 4684 imperatoris
879 4613 1047 4662 Anna
1077 4606 1368 4662 connubio
1411 4607 1676 4662 nonnihil
1727 4609 1829 4663 0b-

1825 1935 1870 1999 B

2096 636 2137 655 κν

1892 639 2040 693 Ἐπεὶ
2093 637 2137 692 δ’
2196 637 2537 706 ἐσκέπτοντο,
2598 638 2685 690 καὶ
2739 640 2803 692 τά
2866 642 2970 694 τῶν
3039 642 3304 716 βασιλέων
3341 644 3536 698 συναλ-

1892 725 2146 801 λάγματα
2176 727 2248 788 ὡς
2277 726 2352 786 εἷς
2387 725 2602 800 εἰρήνην
2639 727 2897 800 γινόμενα
2955 728 3175 785 ἐδόκουν
3223 733 3398 786 πλείω
3438 735 3534 801 τὴν

1893 812 2064 868 ἄνεσιν
2099 812 2244 890 ἔχειν
2289 815 2322 882 ἢ
2501 815 2566 868 τά
2622 820 2729 869 τῶν
2787 816 2992 884 ἄλλων,
3029 819 3441 890 ἀκντισηκοῦσθαι
3472 823 3534 875 τὸ

1893 902 1967 964 ὡς
1997 901 2154 972 δῆθεν
2201 905 2344 978 παρὰ
2387 905 2610 967 κανόνας
2666 905 2948 979 γινόμενον
2990 912 3071 979 τῷ
3101 909 3235 981 πρὸς
3268 909 3394 971 τοὺς
3429 908 3542 964 δεο-

1897 993 2089 1062 μένους
2147 991 2282 1047 ἐλέει
2329 997 2523 1054 κοινῶς
2573 991 2769 1052 ἐδόκει.
2833 996 2932 1050 Καὶ
2989 993 3141 1050 τόνδε
3197 999 3288 1052 τὸν
3335 999 3536 1073 τρόπον

1890 1086 1984 1134 τοῦ
2012 1081 2438 1156 προσισταμένου
2469 1081 2723 1146 λυθέντος
2780 1082 3023 1139 ἐτάττετο
3076 1088 3170 1158 μὲν
3222 1088 3296 1151 εἷς
3336 1085 3531 1142 δεσπό-

1891 1189 1984 1230 τας
2017 1172 2044 1224 ὁ
2075 1171 2325 1245 Μιχαήλ.
2359 1176 2426 1243 τῇ
2459 1173 2625 1243 ’Ἀννῃ
2656 1170 2712 1225 δέ
2755 1172 2994 1246 βασιλίδι
3027 1174 3159 1249 οὔσῃ
3193 1197 3252 1249 γε
3283 1179 3530 1244 συνεζεύ-

1893 1281 2066 1332 γνυτο.
2127 1261 2236 1316 Καὶ
2294 1262 2358 1329 ἦν
2418 1259 2653 1315 ἐντεῦθεν
2713 1263 2739 1316 ὁ
2801 1264 2892 1334 μέν
2957 1263 3188 1338 Μιχαὴλ
3255 1264 3533 1339 βασιλεῦσι

1899 1348 2092 1409 δοῦλος
2125 1349 2174 1402 έν
2210 1350 2414 1423 ὅρκοις,
2465 1351 2491 1403 ὁ
2547 1350 2591 1403 δ’
2644 1351 2896 1420 Ἰωάννης
2945 1348 3234 1414 ἔνσπονδος
3277 1352 3347 1408 δι’
3377 1352 3532 1425 ὅλου,

1897 1439 1941 1493 εἰ
1977 1438 2291 1513 βασιλεύσοι
2335 1437 2680 1514 Βουλγάρων,
2713 1440 3004 1512 Ῥωμαίοις
3033 1441 3083 1494 ἐν
3115 1443 3318 1513 ὅρκοις,
3370 1443 3414 1497 εἰ
3467 1441 3534 1497 δι’

1898 1526 2007 1596 οὖν,
2043 1525 2189 1581 ἀλλά
2235 1527 2324 1581 καὶ
2372 1528 2530 1586 αὐτὸς
2585 1527 2766 1602 ὅρκοις
2825 1534 3028 1591 πιστῶς
3081 1529 3386 1586 δουλεύσων
3418 1537 3534 1592 τοῖς

1902 1615 2232 1692 psalmum,
2270 1617 2372 1672 ὑπὸ
2401 1616 2612 1678 τούτοις
2644 1617 2908 1688 δεσπότης
2937 1619 3286 1694 ταττόμενος.

1898 1801 1942 1840 ς.
1998 1781 2080 1836 Τά
2135 1781 2270 1833 κατά
2324 1780 2421 1846 τήν
2502 1780 2734 1866 Μαρίαν,
2816 1781 2905 1834 καὶ
2961 1782 3109 1845 ὅπως
3167 1790 3248 1857 τῷ
3314 1793 3537 1862 Λαχανᾷ

2577 1871 2791 1924 συνῳκη
2800 1874 2876 1909 σε.

1977 1972 2276 2034 Ἐϐούλετο
2330 1975 2384 2030 δὲ
2447 1977 2696 2052 βασιλεὺς
2754 1976 3161 2053 προλαμϐάνειν
3199 1984 3427 2058 Μαρὲαν,
3466 1987 3541 2059 μὴ

1905 2066 1992 2121 καὶ
2025 2068 2197 2141 φθάσῃ
2254 2068 2318 2120 τά
2375 2068 2492 2120 καθ’
2543 2066 2708 2135 αὐτὴν
2770 2066 2825 2122 εὖ
2884 2069 3076 2141 Οεμένη
3121 2071 3330 2145 ἀλιὼσῂ
3361 2096 3418 2128 τε
3449 2077 3546 2144 τήν

1910 2155 2173 2230 βασιλέως
2210 2153 2439 2230 βουλὴν,
2497 2155 2586 2209 καὶ
2644 2156 2968 2213 κατέσπευδε
3028 2164 3262 2234 συχνοὺς
3294 2162 3373 2216 ἐπ’
3407 2161 3546 2217 ἐκεῖ·

1903 2267 2000 2313 νην
2035 2244 2289 2318 πέμπων,
2347 2245 2407 2298 ού
2463 2247 2620 2299 τόσον
2679 2246 2831 2300 τάκεῖ
2887 2250 3351 2324 καταστρέφοντας
3413 2252 3536 2307 ὅσον

1904 2336 2126 2409 ἡμέρως
2177 2335 2725 2409 μεταχειριουμένους
2785 2335 2863 2413 ἐφ’
3014 2338 3303 2410 παραδοῖεν
3336 2342 3542 2415 Μαρίαν

1904 2425 1992 2478 καὶ
2049 2423 2174 2484 τοὺς
2224 2429 2318 2476 τοῦ
2373 2423 2642 2498 βασιλέως
2699 2423 2946 2499 δέχοιντο
2983 2426 3208 2490 παῖδας.
3245 2433 3303 2484 Ἠ
3361 2431 3543 2501 μέντοι

1906 2535 1967 2587 γε
1999 2519 2178 2585 Μαρια
2211 2512 2260 2566 ἐν
2298 2512 2551 2590 ἀφύκτοις
2602 2513 2736 2588 ἔγνω
2790 2515 3054 2588 γενομένη
3115 2519 3203 2571 καὶ
3265 2516 3412 2573 δυοῖν
3447 2520 3545 2592 μέ-

1908 2624 1999 2657 σον
2053 2601 2497 2674 ἐναπειλημμένη
2553 2610 2778 2657 κακοῖν·
2843 2608 2926 2677 [Ρ.
2961 2609 3087 2675 320]
3142 2606 3279 2662 ἔνθεν
3325 2610 3418 2680 μὲν
3445 2610 3544 2685 γάρ

1907 2690 1968 2744 τὸ
2028 2690 2185 2766 φανὲν
2245 2687 2304 2742 ἐκ
2360 2696 2481 2743 νέου
2539 2691 2699 2744 κακὸν
2761 2692 2788 2745 ὁ
2847 2699 3098 2768 Λαχανᾶς
3157 2697 3544 2770 προσκείμενος

1917 2910 2203 2964 ﬁrmanda
2231 2913 2581 2980 speraretur,
2605 2927 2843 2966 causam
2877 2929 3004 2968 esse
3035 2915 3252 2985 justam
3275 2916 3549 2972 faciendae

1916 2999 2091 3069 regiis
2122 3000 2354 3068 sponsis
2386 3000 2586 3069 gratia:
2624 3000 2912 3056 cbstaculi
2960 3003 3242 3069 canonici,
3295 3021 3408 3076 quo
3458 3023 3549 3060 eo-

1919 3106 2046 3142 rum.
2084 3088 2420 3157 conjunctio
2452 3089 2771 3155 vetabatur,
2811 3107 3022 3161 magno
3072 3109 3356 3148 consensu
3403 3095 3550 3150 itum

1921 3183 2008 3231 est
2056 3177 2113 3230 in
2147 3178 2490 3232 sententiam
2528 3178 3048 3248 permittendarum
3087 3183 3442 3254 nuptiarum,
3485 3200 3552 3239 ex

1918 3266 2134 3337 quibus
2165 3267 2319 3337 quod
2354 3267 2718 3322 nasciturum
2753 3272 3071 3340 apparebat
3103 3271 3346 3342 publicae
3388 3275 3552 3343 quie-

1923 3357 1999 3410 tis
2029 3357 2294 3410 commod
2308 3372 2402 3410 um
2416 3357 2670 3421 ,abunde
2705 3360 3176 3430 praeponderaret
3191 3362 3555 3434 indecentiae,

1919 3446 1965 3500 si
2000 3461 2117 3514 qua
2146 3444 2363 3498 inesset
2393 3461 2461 3500 ex
2491 3447 2786 3501 canonicis
2833 3450 3187 3520 praescriptis
3237 3452 3294 3506 in
3336 3468 3555 3508 connu-

1920 3534 2013 3590 bio
2045 3537 2190 3589 441
2231 3551 2609 3605 personarum
2644 3535 2748 3590 tali
2798 3539 2960 3608 prius
3008 3538 3252 3594 invicem
3305 3543 3559 3597 necessi-

1921 3625 2122 3678 tudine
2152 3625 2515 3678 innexarum.
2554 3625 2740 3688 Quare
2771 3627 3067 3697 suffragiis
3099 3634 3443 3686 cunctorum
3479 3631 3558 3685 in-

1923 3713 2154 3767 dultum
2216 3713 2602 3784 principibus”
2639 3715 2794 3784 quod
2857 3718 3128 3786 petebant
3160 3723 3268 3784 est,
3303 3725 3359 3773 et
3389 3719 3558 3774 titulo

1924 3803 2175 3873 despotze
2205 3802 2448 3856 Michael
2483 3803 2798 3857 honoratus
2836 3807 3002 3858 Annae
3049 3806 3283 3878 reginae,
3341 3809 3558 3881 quippe

1929 3891 2298 3962 imperatoris
2345 3891 2495 3959 ﬁliae,
2557 3893 2664 3947 rite
2725 3893 3096 3950 matrimonio
3148 3897 3395 3964 junctus
3454 3903 3560 3954 est.

1926 3982 2064 4036 Inde
2099 3981 2341 4036 Michael
2376 3981 2526 4035 idem
2582 3989 2944 4037 sacramento
2969 3985 3219 4054 Augusti
3274 3985 3334 4040 in
3393 3984 3570 4042 clien-

1925 4070 2100 4125 telam
2135 4071 2414 4141 obligavit
2443 4071 2898 4127 ﬁdem.Joannes
2922 4078 3115 4128 autem
3149 4077 3300 4130 Asan
3328 4076 3567 4146 juratus

1929 4160 2203 4231 promisit
2233 4176 2294 4214 se
2327 4161 2510 4215 fmdus
2544 4176 2677 4214 cum
2713 4161 2990 4216 Romanis
3039 4165 3334 4220 societatis
3378 4181 3568 4222 serva-

1931 4256 2151 4311 turum,
2211 4249 2257 4301 si
2321 4248 2612 4319 Bulgarici
2660 4248 2772 4304 sibi
2832 4250 2994 4320 regni
3038 4266 3245 4307 secura
3277 4254 3571 4323 possessio

1933 4340 2339 4410 contingeret.
2398 4339 2499 4394 Sin
2543 4339 2597 4393 id
2651 4355 2762 4394 non
2825 4339 3201 4405 succederet,
3260 4340 3582 4398 clientelari

1936 4443 2081 4481 nexu
2118 4429 2418 4481 subditum
2449 4442 2899 4497 permansurum
2930 4429 3229 4499 Augustis.
3261 4431 3444 4501 gradu
3467 4431 3578 4486 sub

1940 4517 2085 4587 ipsis
2117 4517 2373 4570 inferiori
2411 4516 2687 4587 despotm.
2719 4517 2890 4586 cujus
2919 4517 3094 4572 titulo
3145 4519 3470 4591 dignitatis,
3532 4521 3582 4575 si

1937 4606 2100 4675 regni
2136 4603 2420 4675 Bulgarici
2458 4620 2590 4674 spes
2622 4621 2737 4658 non
2762 4605 3584 4680 succederent,insigniendus

152 4706 346 4760 stabat
423 4680 830 4758 ecclesiastici
905 4696 1310 4766 impedimenti
1368 4712 1435 4749 ex
1509 4680 2112 4752 canonibusDesset.

155 4794 460 4863 quondam
499 4807 538 4845 a
600 4786 852 4844 Sisinios
874 4784 1116 4856 perlatis
1133 4790 1188 4838 et
1208 4786 1833 4841 excommunicationis

157 4884 224 4938 ad
284 4883 662 4939 ﬁrmitatem
723 4890 956 4930 omnem
1017 4873 1476 4929 comminatione
1548 4876 1831 4930 munitis.

150 4972 375 5027 Etenim
419 4965 762 5039 Nicephori
795 4965 1058 5036 despotoa
1089 4979 1234 5017 uxor
1253 4965 1420 5016 A-nna
1467 4962 1592 5016 ﬁlia:
1645 4965 1833 5035 impe-

153 5062 360 5118 ratoris
393 5063 598 5116 Annua
637 5053 989 5110 consobrina
1016 5056 1161 5118 erat,
1193 5052 1410 5123 quippe
1461 5058 1594 5108 nata
1625 5069 1689 5108 ex
1739 5071 1834 5110 so-

154 5166 270 5207 rore
302 5143 716 5222 imperatoris
749 5143 1015 5212 ejusdem
1053 5158 1065 5196 :
1123 5140 1488 5213 Nicephorus
1526 5149 1721 5197 autem
1779 5150 1838 5200 et

152 5239 394 5297 Michael
457 5231 752 5310 germani
814 5231 1054 5286 omnino
1114 5231 1341 5285 fratres.
1401 5233 1837 5294 Intercedebant

150 5346 276 5400 ergo
310 5332 470 5387 inter
524 5324 752 5382 ambos
812 5321 1147 5391 designatos
1177 5322 1458 5389 conjuges
1491 5337 1589 5376 sex
1620 5324 1837 5391 gradus

151 5420 483 5482 ailinitatis,
523 5433 605 5471 ex
646 5427 768 5466 una
798 5410 1036 5480 quidem
1071 5415 1237 5481 parte
1295 5413 1566 5480 quatuor,
1600 5413 1713 5467 duo
1773 5431 1839 5470 ex

149 5511 342 5576 altera;
376 5517 439 5566 et
473 5521 650 5578 Opus
694 5505 823 5556 erat
877 5500 1100 5571 synodo
1133 5500 1202 5554 ad
1265 5499 1376 5554 rite
1436 5501 1505 5553 de
1561 5500 1670 5556 isto
1727 5503 1838 5557 im-

152 5601 489 5672 pedimento
551 5589 1048 5660 cognoscendum
1109 5588 1378 5660 illudque
1436 5589 1837 5657 relaxandum,

154 5692 198 5746 si
226 5681 946 5764 expedirejudicaretur.
982 5679 1093 5734 Sed
1127 5678 1227 5734 ubi
1282 5678 1558 5734 Patribus
1606 5682 1839 5736 consul-

157 5781 412 5839 tantibus
445 5779 702 5841 visum,
737 5772 972 5841 propter
1019 5768 1240 5825 bonum
1302 5768 1463 5841 pacis
1521 5786 1646 5840 quae
1707 5773 1841 5828 inde

2225 4820 2280 4872 7.
2312 4819 2386 4872 De
2410 4819 2608 4887 Maria,
2640 4827 2697 4873 ut
2739 4819 3002 4874 Lachanae
3032 4821 3303 4892 nupserit.

2016 4962 2301 5016 Studebat
2333 4965 2531 5016 autem
2565 4961 2886 5033 imperator
2928 4967 3061 5017 ante
3127 4964 3327 5020 omnia
3383 4981 3590 5038 capere

1946 5053 2214 5117 Mariam,
2250 5069 2321 5107 ne
2354 5050 2453 5106 illa
2485 5052 2739 5122 spatium
2777 5050 3028 5107 liberum
3079 5053 3190 5108 sibi
3241 5055 3591 5110 consulendi

1948 5147 2118 5196 nacta
2149 5158 2240 5195 res
2273 5157 2414 5195 suas
2447 5141 2591 5194 bene
2623 5140 3005 5196 constitueret
3035 5141 3379 5214 obicemque
3411 5142 3593 5214 impe-

1950 5231 2291 5287 netrabilem
2329 5233 2646 5301 opponeret
2676 5230 2937 5285 consiliis
2956 5231 3240 5302 etspebus
3273 5231 3588 5304 imperato-

1948 5323 2049 5377 ris.
2086 5321 2230 5392 Ergo
2263 5321 2314 5375 is
2365 5319 2679 5374 festinabat
2711 5319 2856 5375 alios
2915 5322 3165 5377 subinde
3215 5327 3389 5392 atque
3445 5321 3592 5377 alios

1949 5419 2149 5468 contra
2174 5412 2361 5482 ipsam
2389 5409 2639 5473 mittere,
2678 5425 2792 5464 non
2823 5415 2941 5464 tam
2977 5410 3260 5466 hostiliter
3285 5410 3406 5466 illic
3428 5427 3590 5483 gras-

1951 5508 2181 5556 saturos
2215 5504 2318 5554 aut
2374 5501 2706 5554 vastaturos
2766 5500 3083 5570 regionem,
3145 5517 3319 5571 quam
3381 5500 3594 5555 blande

1950 5593 2300 5665 pellecturos
2327 5588 2604 5661 Bulgaros
2628 5593 2691 5643 ut
2722 5589 2964 5645 Mariam
2997 5591 3274 5646 dederent
3321 5596 3378 5645 et
3417 5605 3595 5662 gene-

1949 5698 2079 5738 rum
2109 5681 2405 5750 liliamque
2458 5679 2834 5749 imperatoris
2869 5681 2925 5734 in
2989 5695 3236 5751 regnum
3291 5679 3418 5735 loco
3466 5680 3596 5751 ejus

1951 5770 2303 5843 acciperent.
2341 5769 2467 5824 Haec
2497 5767 2680 5823 Maria
2721 5768 3054 5839 intelligens
3103 5770 3372 5825 redactas
3402 5768 3463 5824 in
3512 5785 3597 5825 ar-
