4210 6448
638 384 743 440 899

1939 374 2241 434 GEORGII
2276 373 2738 432 PACHYMERB

3938 381 4055 438 900

637 509 861 579 ἠρήμου
890 507 989 575 τὴν
1022 505 1207 581 χώραν
1266 505 1355 559 καὶ
1417 505 1750 578 προσεκτᾶτο
1807 499 1874 555 τὰ
1921 500 2072 575 πέριξ
2103 518 2279 573 προσ-
2313 502 2367 568 Α
2398 496 2487 553 οὖν
2519 503 2627 555 τῶν
2660 500 2765 554 ἀπὸ
2819 501 3089 577 βασιλέως
3137 500 3227 557 καὶ
3277 499 3491 575 μᾶλλον
3544 501 3740 565 ἴκανῶς
3770 503 4045 579 ἀπεγίνωο

1394 590 1437 611 89

638 591 862 650 ϐάλλων
897 594 1084 667 μόνον,
1133 592 1333 656 ἐκεῖθεν
1391 590 1437 647 δ’
1497 593 1551 645 αἱ
1604 589 1860 662 δυνάμεις
1886 593 1981 644 τοῦ
2017 587 2287 663 βασιλέως

637 683 881 739 έπιοῦσαι
932 682 1158 743 πλείους
1217 679 1381 749 δῆλαι
1438 680 1571 748 ἦσαν
1626 679 1688 733 τὸ
1750 679 1844 750 μὲν
1888 678 2133 732 ταπεινὸν
2185 682 2276 731 καὶ

634 773 756 828 ὅσον
818 772 970 833 ἐκτὸς
1034 774 1383 843 ζημιοῦντες,
1439 770 1501 823 τὸ
1558 766 1614 823 δὲ
1673 767 1820 829 ἐντὸς
1870 766 2283 842 καὶπεριφανὶς

638 862 696 915 ἐκ
752 860 948 919 παντὸς
1009 857 1215 931 τρόπου
1276 855 1729 928 ὐποποιούμενοι.
1790 857 1949 919 ’Όθεν
2014 855 2104 909 καὶ
2155 856 2286 929 περὶ

638 948 803 1018 ἑαυτῇ
825 968 881 1001 τε
922 948 1007 1000 καὶ
1058 950 1139 1016 τῷ
1192 943 1344 999 παιδὶ
1401 943 1825 1021 τετρεμαινούσῃ
1866 941 2033 997 δειναὶ
2065 942 2284 1020 φροντί-

638 1034 724 1097 δες
757 1036 1045 1111 ἐτάραττον
1083 1034 1180 1101 τήν
1232 1036 1441 1107 ψυχὴν,
1496 1035 1585 1087 καὶ
1638 1035 1774 1108 πρὸς
1807 1033 2087 1110 ἀμφότερα
2145 1033 2283 1106 μέρη

639 1126 715 1196 μὴ
750 1126 1006 1187 σθένουσα
1034 1125 1282 1178 ἳστασθαι
1333 1125 1554 1197 θάτερον
1605 1121 1900 1197 ἐξημεροῦν
1944 1120 2101 1197 ἔγνω,
2136 1122 2282 1189 πλὴν

633 1213 757 1267 ὅσον
845 1212 934 1266 καὶ
1019 1213 1221 1281 ταύτην
1296 1210 1594 1274 ἀπόνασθαι
1652 1216 1759 1265 τῶν
1826 1212 1943 1265 καθ’
2002 1209 2281 1284 ἡμέρωσιν

632 1302 985 1376 πραχθέντων
1044 1302 1111 1355 τά
1173 1302 1363 1372 μείζω.
1414 1301 1489 1356 Τὸ
1550 1301 1644 1372 μὲν
1703 1299 1798 1353 οὖν
1856 1300 1991 1375 πρὸς
2052 1297 2283 1373 βασιλέα

630 1391 833 1447 κλίνειν
864 1395 973 1445 τῶν
1006 1389 1229 1444 εἷκδτων
1275 1390 1371 1461 μὲν
1421 1384 1621 1463 ἔκρινε,
1669 1388 1757 1442 καὶ
1805 1388 1990 1449 ἄλλως
2024 1387 2285 1463 εὐπρεπὲς

632 1481 795 1553 ἑαυτῇ
829 1477 1079 1550 σωζούσῃ
1137 1478 1232 1549 μὲν
1279 1478 1346 1529 τὰ
1393 1483 1496 1544 τῆς
1547 1475 1902 1552 σωφροσύνης
1934 1475 2116 1528 καὶτᾶ
2146 1474 2284 1548 πρὸς

628 1568 719 1623 τὸν
754 1566 1127 1642 ἀποιχόμενον
1162 1564 1347 1619 δίκαια
1392 1562 1596 1637 (δίκαια
1646 1562 1703 1617 δὲ
1741 1568 1955 1624 παντως
1996 1564 2069 1635 μή
2102 1583 2283 1617 συνοι-

629 1663 740 1711 κεῖν
787 1660 867 1727 τῷ
910 1658 1147 1729 σφαγεῖ,)
1202 1653 1438 1724 ζητούσῃ
1484 1650 1541 1707 δὲ
1587 1654 1714 1728 παρ’
1765 1651 1971 1707 ἐκείνου
2021 1650 2282 1720 σώζεσθαι

628 1746 754 1820 παρ’
786 1743 847 1798 οὐ
880 1740 946 1811 δὴ
979 1744 1069 1797 καὶ
1099 1744 1198 1810 τὴν
1240 1744 1412 1814 τιμὴν
1469 1741 1757 1811 ἐκτήσατο.
1815 1742 1912 1794 Διά
1954 1744 2123 1794 ταῦτα
2151 1744 2280 1816 γοῦν

2394 609 2506 657 σκε,
2556 590 2617 644 τὸ
2665 587 2721 644 δὲ
2768 590 2904 664 πρὸς
2961 592 3052 645 τὸν
3113 586 3383 666 βάρϐαρον
3443 592 3675 664 πέμπειν
3718 594 3809 647 καὶ
3859 595 4046 665 ἀξιοῦν

2394 674 2758 750 σπενδομένην
2801 681 2920 733 καθ’
2968 680 3133 749 αὐτὴν
3187 677 3452 734 διατελεῖν
3501 684 3597 735 τοῦ
3624 675 3808 742 ἔθνους
3836 679 4050 758 ἃρχου-

2392 787 2508 834 σαν,
2561 763 2672 821 οὔτ’
2717 764 2861 841 ἔχειν
2914 767 3080 841 λόγον
3127 769 3225 837 τὴν
3275 768 3492 839 ἀξίωσιν
3544 766 3755 843 ἔκρινε·
3808 771 3900 825 τὸν
3939 771 4047 847 γὰρ

2392 855 2574 929 ἀρχῆς
2613 854 2815 927 ταύτης
2868 856 3320 929 ἀντιποιούμενον
3380 855 3696 921 σπένδεσθαι
3745 860 3883 933 πρὸς
3938 861 4043 927 τὴν

2389 943 2723 1017 κατέχουσαν
2771 947 2971 1015 ταύτην
3022 943 3302 1001 ἀδύνατον.
3356 947 3458 1003 Καὶ
3508 948 3573 1001 τὰ
3621 947 3727 1002 ἀπὸ
3769 948 4055 1023 βασιλέως

2392 1036 2718 1086 σδννοοῦσαν
2771 1034 3071 1107 φροντίζειν
3125 1033 3314 1088 έποίει⁹
3366 1033 3506 1107 μηδέ
3543 1037 3646 1111 γὰρ
3676 1037 3903 1110 ἠρεμεῖν
3945 1038 4054 1111 βα-

2391 1121 2545 1175 σιλέα
2577 1118 2711 1191 ἅπαξ
2748 1123 2880 1196 ὑπὲρ
2930 1120 3141 1177 παίδων
3193 1123 3314 1197 περὶ
3365 1131 3465 1193 τῆς
3515 1124 3693 1199 ἀρχῆς
3742 1125 4045 1199 ἀρξάμενον

2390 1205 2753 1285 διαφέρεσθαι.
2788 1214 2973 1284 Ἔγνω
3020 1211 3194 1266 τοίνυν
3246 1210 3491 1286 παριδεῖν
3548 1214 3641 1284 μὲν
3666 1214 3732 1267 τὰ
3759 1214 3856 1268 τοῦ
3884 1215 4054 1268 ἀποι-

2390 1299 2631 1373 χομένου
2682 1297 2895 1367 δίκατα,
2943 1299 3188 1375 παριδεῖν
3242 1299 3298 1355 δὶ
3345 1302 3437 1356 καὶ
3465 1302 3765 1365 ἀνθοώπων
3799 1304 4049 1375 νέμεσιν,

2391 1387 2437 1440 εἰ
2497 1388 2723 1457 τοιαύτη
2779 1410 2862 1449 τις
2922 1387 3052 1443 οὖσα
3095 1389 3331 1463 τοιούτῳ
3387 1391 3580 1459 έαυτὴν
3637 1389 3850 1462 ἐκδοιη,
3907 1393 4051 1465 πρὸς

2393 1474 2553 1547 μόνον
2585 1473 2641 1530 δὲ
2669 1477 2730 1530 τὸ
2780 1474 2971 1531 δοκοῦν
3020 1484 3266 1533 συνοῖσον
3323 1478 3459 1551 αὺτῇ
3509 1500 3568 1533 τε
3596 1480 3685 1533 καὶ
3717 1478 3875 1534 παιδὶ
3908 1501 4039 1534 cav-

2394 1561 2543 1621 ἰδεῖν.
2579 1565 2655 1621 Τὸ
2686 1563 2731 1619 δ’
2761 1566 2852 1635 ἦν,
2885 1567 2958 1628 ὡς
2990 1566 3185 1638 ἐδόκει,
3235 1566 3370 1637 ὅλην
3423 1568 3618 1637 ἑαυτὴν
3644 1567 3928 1644 ὲπιρῥίψαι
3960 1573 4042 1641 τῷ

2390 1649 2666 1731 συφορδῷ,
2712 1656 2801 1709 καὶ
2877 1656 3154 1725 ὑπανοῖξαι
3205 1656 3368 1730 θύρας
3421 1657 3566 1728 αὐτῷ
3618 1655 3902 1731 βασιλείας
3953 1656 4046 1711 καὶ

2387 1741 2627 1814 πόλεως,
2677 1743 2824 1816 αὖτῷ
2868 1765 2926 1799 τε
2975 1749 3207 1799 συνεῖναι
3258 1744 3347 1799 καὶ
3400 1751 3667 1800 συνοικεῖν
3708 1746 3785 1808 ὡς
3821 1746 4047 1819 βασιλεῖ

630 1836 694 1889 τὸ
737 1835 874 1908 πρὸς
928 1831 1152 1905 βασιλέα
1199 1832 1433 1904 πέμπειν
1487 1831 1577 1885 καὶ
1629 1828 1881 1884 ἱκετεύειν
1912 1833 2021 1884 τῶν
2055 1827 2278 1883 δικαίων
2315 1859 2361 1922 Β
2393 1828 2672 1886 δέσποινα.
2700 1835 2884 1889 Ταῦτα
2948 1831 3349 1907 διανοησαμένη
3398 1834 3591 1889 αὐτίκα
3639 1836 3844 1908 πέμπει
3896 1834 4051 1908 (οὖδὶ

637 1920 862 1998 ἔκρινεν.
895 1923 1056 1978 ’Ὀσον
1109 1919 1165 1975 δὲ
1215 1922 1276 1974 τὸ
1326 1921 1443 1974 καθ’
1496 1920 1663 1988 αὐτὴν
1714 1924 1955 1971 συνοῖσον
2004 1922 2121 1981 καθ’
2157 1917 2187 1971 ὅ
2216 1917 2282 1983 ἦν

642 2011 979 2087 βουλομένη,
1028 2011 1117 2065 καὶ
1169 2009 1286 2065 λίαν
1357 2007 1560 2079 ἀπᾷδον
1627 2009 1949 2083 ἐγίνωσκεν·
2004 2007 2139 2081 αὐτῇ
2193 2007 2286 2079 μὲν

633 2102 735 2177 γαρ
766 2103 865 2169 τήν
897 2101 1065 2172 τιμήν
1098 2103 1439 2174 κατοχυροῦν
1476 2098 1608 2171 αὐτῇ
1652 2119 1709 2151 τε
1740 2096 1829 2151 καὶ
1868 2094 2021 2151 παιδί
2055 2094 2283 2169 Μιχαὴλ

633 2190 721 2247 διὰ
771 2189 1014 2260 σπουδῆς
1066 2196 1224 2262 εῖναι,
1289 2189 1513 2264 βασιλέα
1575 2186 1632 2243 δὶ
1688 2186 1816 2261 μηδ’
1865 2189 1923 2242 ἂν
1990 2188 2041 2243 ἐν
2093 2187 2286 2250 ’ὑπνοις

634 2279 858 2350 θελῆσαι
918 2280 1116 2359 ἀφέντα
1189 2278 1317 2342 τοὺς
1373 2277 1591 2351 παῖδας,
1652 2278 1743 2340 οὓς
1801 2275 1867 2345 δὴ
1927 2277 2018 2332 καὶ
2085 2278 2285 2351 ἤρξατο

637 2375 916 2442 καθιστᾷν,
968 2370 1193 2431 ἐκείνοις
1242 2374 1543 2445 περιποιεῖν
1594 2368 1693 2435 τὴν
1742 2366 1944 2442 ἀρχήν.
1991 2364 2148 2423 Οὕτω
2192 2367 2283 2439 μὶν

648 2597 773 2647 tum
810 2608 901 2647 res
932 2608 1073 2646 suas
1106 2589 1414 2657 sentiebat,
1451 2588 1683 2644 duobus
1713 2587 1772 2642 in
1831 2603 1893 2643 se
1926 2603 2103 2642 unam
2158 2584 2293 2640 hinc

648 2690 825 2753 atque
856 2682 989 2735 inde
1039 2678 1451 2752 ingruentibus
1482 2677 1674 2733 malis.
1715 2676 1859 2732 Hinc
1897 2678 2053 2731 enim
2106 2691 2294 2744 nuper

644 2776 841 2827 exorta
873 2770 1052 2841 pestis
1088 2768 1388 2824 Lachanas
1436 2766 1774 2829 victricibus
1832 2766 2061 2821 instans
2107 2764 2291 2836 copiis

648 2860 945 2931 regionem
977 2858 1296 2926 desolabat,
1331 2871 1683 2927 quocunque
1713 2853 2047 2909 intenderat
2080 2858 2291 2909 cuncta

643 2949 840 3003 statim
877 2947 1129 3002 adventu
1164 2945 1353 3018 primo
1385 2944 1642 3017 capiens,
1678 2951 1728 2998 et
1757 2943 1838 2999 sic
1877 2944 2289 3015 plerorumque

639 3038 793 3091 circa
823 3037 1156 3092 Ternobum
1204 3034 1461 3089 locorum
1513 3035 1633 3103 jam
1686 3032 1965 3088 dominus
2022 3033 2283 3087 effectus.

639 3126 718 3180 Ex
749 3125 929 3179 altera
959 3141 1090 3179 vero
1125 3128 1287 3195 parte
1320 3124 1500 3194 copia?
1534 3123 1604 3177 ab
1673 3122 2026 3191 imperatore
2086 3121 2283 3192 plures

2396 1921 2500 1995 γὰρ
2548 1922 2773 1994 ἠρεμεῖν
2827 1923 2951 1977 εἰων
2998 1924 3050 1977 αἱ
3095 1927 3191 1977 τοῦ
3239 1922 3511 1999 βασιλέως
3557 1924 3885 1997 ἀποστολαι)
3915 1924 4047 1986 τοὺς

2397 2008 2829 2087 διασαφήσοντας
2875 2016 2951 2082 τῷ
3012 2007 3268 2088 βαρϐάρῳ
3315 2013 3380 2067 τὰ
3436 2020 3536 2083 τῆς
3588 2014 3796 2089 βουλῆς
3847 2034 3906 2068 τε
3952 2014 4046 2069 καὶ

2397 2100 2693 2170 ἀξιώσεως.
2737 2100 2840 2156 Καί
2867 2101 2928 2163 ὅς
2957 2102 3190 2165 ἀκούσας
3240 2107 3455 2174 πρῶτον
3514 2105 3606 2175 μὲν
3656 2105 4053 2177 καθυπερηφα-

2394 2189 2577 2244 νεῦετο
2632 2187 2787 2259 δῆθεν
2834 2190 2923 2245 καὶ
2973 2197 3091 2252 τοῖς
3135 2189 3566 2265 ἀπεσταλμένοις
3624 2192 4053 2266 ἀπεσεμνύνετο,

2397 2275 2859 2351 διαθρυπτόμενος
2891 2283 3027 2345 οἷον,
3059 2279 3104 2335 εἰ
3136 2281 3315 2354 ἀρχὴν
3359 2283 3485 2336 ὅσον
3516 2277 3670 2336 οὔπω
3699 2281 4050 2354 κτησαμένην

2395 2366 2542 2439 αὐτῷ
2570 2367 2745 2441 σπάθῃ
2772 2369 2861 2423 καί
2896 2366 3116 2442 δυνάμει
3144 2373 3223 2443 [Ρ.
3256 2372 3382 2444 303]
3403 2368 3672 2446 κρείττονι
3704 2370 3884 2441 ἐκείνη
3913 2372 4054 2448 ιρθά-

2405 2590 2757 2659 quaestuosis
2789 2590 3116 2646 rationibus
3156 2590 3409 2646 deﬁxam
3469 2594 3725 2648 mentem
3780 2589 4059 2650 mulieris

2404 2679 2700 2735 mordicus
2732 2697 2838 2735 sua
2870 2680 3150 2750 tenentis,
3182 2683 3240 2734 et
3269 2678 3420 2734 nihil
3456 2697 3568 2735 non
3602 2696 3773 2751 agere
3821 2697 3889 2735 ac
3950 2698 4058 2753 pa-

2400 2769 2538 2824 cisci
2573 2773 2744 2823 certae
2787 2784 2890 2839 pro
2923 2772 3079 2822 statu
3116 2783 3181 2822 ac
3212 2783 3391 2839 regno
3443 2767 3553 2822 sibi
3588 2767 3826 2839 ﬁlioque
3882 2785 4048 2824 asse-

2402 2859 2615 2915 rendis.
2641 2858 2725 2912 Ab
2756 2856 2866 2911 hoc
2898 2861 3095 2911 autem
3131 2856 3431 2928 proposito
3493 2872 3777 2928 perquam
3827 2856 4051 2911 abhor-

2399 2966 2533 3005 rens
2563 2947 2876 3003 consilium
2906 2950 3032 3001 erat
3063 2944 3438 3016 confugiendi
3474 2946 3543 2999 ad
3605 2945 4060 3015 imperatorem,

2397 3040 2568 3110 cujus
2600 3037 2779 3093 menti
2817 3034 3058 3103 nullam,
3094 3051 3164 3089 ne
3195 3051 3298 3105 per
3328 3033 3624 3089 somnium
3659 3034 3921 3105 quidem,
3956 3035 4063 3090 ob-

2395 3133 2757 3184 versaturam
2818 3141 3081 3195 unquam
3141 3124 3559 3194 cogitationem
3591 3124 3912 3194 apparebat
3973 3140 4060 3178 re-

637 3214 1114 3286 supcrvenientes
1148 3212 1575 3276 increscebant,
1608 3228 1858 3283 quarum
1920 3211 2169 3266 ducibus
2222 3211 2278 3265 id
2317 3253 2360 3320 C
2399 3219 2498 3291 εξηῆ
2533 3216 2825 3287 Bulgarici
2859 3214 3050 3269 Mariae
3082 3212 3468 3283 Michaelique
3518 3228 3699 3285 puero
3749 3213 4061 3280 servandi,

861 3305 870 3320 .
938 3308 997 3320 ,ξ
1086 3319 1095 3320 ,
1219 3318 1233 3320 _
1296 3300 1497 3320 “2.”-
1852 3300 2049 3320 ___L__
2118 3299 2247 3320 ---ει
2477 3309 2487 3319 .
2774 3305 2788 3320 .
2903 3319 2908 3320 ,
2978 3319 2981 3320 ν
3256 3318 3347 3320 ___
3592 3300 3839 3320 ﬂung-
3879 3318 4017 3320 _,_,

638 3305 957 3374 apparebat
978 3318 1105 3356 esse
1140 3300 1528 3373 prOpositum,
1565 3306 1628 3354 ut
1657 3306 1819 3355 extra
1851 3300 2056 3354 urbem
2111 3299 2283 3370 quid-

642 3391 781 3463 quid
817 3393 1119 3446 inﬁrmum
1154 3397 1211 3445 et
1260 3390 1583 3460 expositum
1640 3389 1870 3459 injuriae
1910 3389 2149 3458 jacebat
2198 3390 2290 3445 de-

637 3483 1041 3553 praedarentur
1064 3486 1301 3551 agentes
1327 3480 1885 3549 ferentcsque,intra
1909 3479 2096 3550 ipsam
2118 3496 2285 3550 porro

634 3572 930 3627 civitatem
964 3570 1288 3641 praecipuos
1316 3585 1585 3639 quosque
1617 3584 1920 3638 procerum
1974 3568 2286 3638 promissis

637 3661 705 3714 ad
736 3660 1121 3713 defectionem
1154 3658 1307 3712 442
1341 3656 1676 3711 delinirent.
1711 3656 1900 3719 Quare
1954 3654 2038 3710 illi
2071 3673 2173 3727 pro
2223 3674 2286 3712 se

637 3766 703 3805 ac
737 3748 855 3802 ﬁlio
895 3747 1142 3802 sollicite
1173 3745 1411 3815 trepidae
1440 3762 1593 3799 cura:
1626 3760 1787 3799 acres
1846 3745 2106 3799 animum
2159 3750 2282 3800 tur-

632 3839 952 3893 babant..‘tc
984 3852 1117 3891 cum
1161 3835 1456 3891 ambobus
1488 3834 1670 3888 simul
1707 3834 1976 3888 hostibus
2000 3834 2285 3890 obsistere

638 3927 926 3998 nequiret,
964 3925 1193 3996 placare
1225 3925 1273 3979 si
1328 3927 1525 3994 posset
1583 3923 1830 3977 alterum
1885 3924 2160 3979 decrevit.
2221 3925 2282 3980 In

632 4034 746 4087 quo
782 4016 1179 4070 festinandum
1210 4014 1537 4084 judicabat,
1574 4029 1644 4066 ne
1677 4012 1813 4074 sibi,
1845 4013 1986 4068 dum
2022 4013 2141 4068 haec
2190 4032 2285 4086 pa-

630 4106 821 4171 rat,ab
847 4106 1029 4159 altero
1062 4104 1293 4159 interim
1326 4105 1576 4158 duorum
1608 4102 1984 4157 vehementer
2008 4104 2285 4175 utrinque

633 4195 988 4249 instantium
1022 4191 1489 4264 irreparabiliter
1514 4208 1813 4263 oppressae
1844 4207 2039 4246 serum
2068 4192 2283 4249 deinde

635 4284 781 4339 talia
813 4282 1091 4338 moliendi
1115 4282 1432 4337 consilium
1473 4286 1530 4336 et
1561 4286 1805 4337 conatus
1838 4280 2040 4336 irritus
2073 4285 2283 4338 evade-

634 4378 737 4427 ret.
778 4375 837 4443 ιη
873 4373 979 4426 hac
1012 4372 1097 4426 illi
1128 4370 1548 4425 deliberatione
1576 4370 1820 4424 dubium
1847 4386 1959 4424 non
1993 4379 2117 4425 erat
2140 4372 2281 4442 quin

627 4462 819 4532 ipsam
856 4461 1129 4515 ofﬁcium
1186 4465 1243 4514 et
1274 4462 1461 4530 pudor
1491 4460 1558 4513 ad
1618 4459 2032 4531 imperatorem
2093 4460 2284 4531 potius

626 4552 926 4605 traheret.
983 4552 1106 4615 Quo
1170 4550 1325 4603 enim
1400 4548 1742 4617 decentius,
1801 4565 1917 4618 quo
1978 4549 2281 4605 honestius

2392 3309 2609 3382 quippe
2635 3305 2790 3378 quod
2826 3303 3216 3374 regnumjam
3252 3318 3354 3373 spe
3385 3318 3559 3356 avara
3591 3300 3843 3371 propriis
3878 3318 4061 3371 pren-

2394 3416 2527 3455 sare
2550 3397 2936 3464 addicereque
2976 3392 3116 3447 ﬁliis
3135 3390 3474 3462 cmperat,in
3506 3390 3562 3444 id
3589 3390 4065 3446 irrevocabiliter

2392 3487 2766 3547 incumbens;
2810 3488 2873 3536 ut
2929 3496 3141 3552 genero
3201 3478 3346 3534 illud
3402 3479 3652 3551 ﬁliaeque
3708 3479 4056 3548 subjiceret.

2391 3580 2580 3643 Quare
2611 3576 2667 3629 id
2701 3572 2941 3645 quidem
2970 3569 3192 3624 miserae
3229 3568 3565 3640 perfugium
3598 3568 3900 3640 praeclusit
3956 3568 4062 3624 de-

2390 3664 2645 3738 speratio
2675 3663 2812 3717 inde
2874 3657 3231 3730 impetrandi
3289 3659 3445 3729 quod
3504 3665 3773 3728 emptum
3832 3658 4054 3728 quovis

2390 3756 2573 3828 pretio
2606 3750 3002 3809 volebat.Inde
3037 3752 3234 3803 autem
3258 3746 3495 3819 repulsa
3525 3762 3643 3818 quo
3664 3763 3727 3802 se
3761 3750 4057 3802 verteret?

2392 3862 2525 3900 nam
2559 3862 2593 3900 a
2626 3842 2895 3898 Lachana
2923 3854 3025 3910 per
3053 3837 3276 3909 legatos
3308 3852 3547 3908 poscere
3578 3841 3643 3891 ut
3670 3851 3873 3891 secum
3909 3842 4054 3891 tan-

2389 3952 2563 4006 quam
2598 3931 2884 4004 Bulgariae
2934 3929 3136 3999 regina
3191 3926 3265 3981 iis
3323 3925 3761 3982 conditionibus
3819 3925 4048 3998 pacisci

2387 4026 2541 4080 443
2572 4022 2765 4091 vellet,
2798 4036 2925 4089 quas
2974 4017 3263 4089 integram
3296 4015 3379 4070 illi
3439 4019 3496 4071 et
3527 4013 3790 4071 Michaeli
3857 4032 4053 4087 puero

2388 4120 2723 4184 certamque
2756 4108 3152 4178 relinquerent
3176 4107 3611 4177 possessionem
3646 4104 4059 4177 principatus,

2388 4204 2591 4277 petitio
2622 4206 2748 4258 erat
2776 4205 2896 4255 tam
2931 4215 2965 4252 a
2994 4213 3097 4268 spe
3127 4195 3287 4251 omni
3348 4194 3781 4251 consecutionis
3838 4198 4063 4268 procul

2390 4298 2633 4359 remota,
2671 4298 2733 4347 ut
2763 4306 2868 4346 nec
2902 4286 3143 4360 praponi
3189 4286 3430 4358 dignam
3480 4286 3666 4341 Maria
3712 4284 3846 4358 ipsa
3886 4287 4062 4356 judi-

2388 4389 2585 4440 caret:
2648 4379 2883 4453 quando
2941 4376 3098 4432 enim
3154 4379 3257 4430 aut
3310 4375 3530 4446 quibus
3576 4374 3636 4430 in
3691 4375 3749 4429 id
3812 4373 4062 4431 illectus

2390 4473 2576 4546 pactis
2604 4471 2786 4524 fretus
2819 4482 3085 4531 numero,
3122 4465 3279 4519 ferox
3311 4465 3689 4519 successibus
3731 4463 4061 4531 barbarus,

2393 4577 2635 4634 regnum
2674 4558 2830 4630 quod
2867 4554 3058 4628 palam
3088 4554 3403 4619 affectaret,
3436 4553 3609 4623 cujus
3642 4558 3871 4625 partem
3915 4552 4059 4623 jam

623 4656 802 4711 quam
836 4641 904 4693 ad
941 4636 1295 4693 ανυηθυῙυῐῐι
1323 4638 1535 4709 neptis,
1570 4639 1638 4692 ad
1693 4637 1950 4692 amicum
2009 4639 2116 4692 νίΐί
2177 4640 2276 4694 de-
2311 4613 2358 4677 Β
2396 4613 2638 4719 tegeret,
2675 4646 2968 4719 proprium
3027 4644 3086 4699 in
3119 4642 3374 4699 solidum
3434 4643 3507 4699 iis
3536 4643 3768 4698 cederet
3821 4642 4061 4713 quibus

627 4729 810 4783 functi
843 4728 1021 4783 vidua
1070 4728 1409 4794 confugeret
1440 4726 1467 4781 ?
1498 4727 1695 4781 Potius
1754 4725 1955 4797 utiq‘ue
1986 4726 2141 4797 (cum
2195 4728 2276 4783 al-

624 4823 815 4874 terum
846 4817 1014 4871 vitari
1050 4833 1164 4871 non
1194 4815 1415 4887 posset)
1446 4831 1625 4885 quam
1677 4815 2033 4871 interfectori
2089 4817 2277 4873 mariti

625 4924 688 4962 se
720 4907 977 4970 dederet,
1009 4910 1067 4961 et
1096 4922 1230 4960 cum
1265 4920 1503 4959 summa
1534 4904 1746 4973 injuria
1776 4905 2037 4960 defuncti
2070 4908 2277 4979 conju-

624 4999 933 5068 gistorum
970 4996 1097 5065 ejus
1141 4994 1521 5065 prostitueret
1578 4994 1910 5049 subsessori
1968 5012 2000 5049 a
2058 4996 2277 5052 recenti

626 5086 818 5142 adhuc
849 5085 1010 5140 illius
1038 5085 1190 5140 caede
1234 5099 1439 5138 cruore
1498 5084 1784 5137 mananti.
1846 5084 2015 5138 Prius
2076 5084 2275 5157 igitur,

623 5183 689 5231 ut
719 5193 825 5247 par
857 5174 985 5241 fuit,
1014 5190 1081 5229 eo
1114 5174 1517 5244 propendit,ut
1549 5173 1620 5228 ab
1654 5172 1753 5228 illo
1775 5172 2027 5228 salutem
2049 5191 2274 5245 quaere-

626 5271 711 5321 ret
742 5283 773 5318 a
806 5281 918 5334 quo
952 5263 1299 5333 dignitatem
1331 5268 1717 5334 acceperat,et
1737 5263 1807 5316 ad
1834 5263 2271 5336 imperatorem,

622 5372 722 5426 per
752 5370 927 5425 quem
960 5370 1023 5408 se
1054 5352 1401 5407 meminerat
1434 5352 1490 5405 in
1523 5367 1770 5422 regnum
1832 5350 2115 5424 Bulgaria:
2151 5371 2275 5425 pro-

622 5442 1101 5514 vectam,legatos
1133 5442 1432 5512 supplices
1464 5442 1696 5496 mittere
1726 5445 1951 5496 rectum
1977 5447 2033 5496 et
2062 5458 2275 5499 conve-

622 5534 791 5589 niens
825 5534 1069 5604 putavit.
1103 5533 1214 5588 Sed
1247 5532 1503 5604 aaquitati
1538 5531 1952 5602 honestatique
1985 5533 2137 5588 acris
2170 5536 2277 5589 ad-

620 5624 877 5678 versaria
918 5623 973 5677 in
1035 5622 1397 5678 contrarium
1451 5622 1805 5677 incumbens
1864 5622 2278 5681 obluctabatur

622 5711 869 5779 utilitas,
924 5711 1037 5769 alio
1070 5715 1338 5769 avertens
1391 5710 1649 5768 deditam
1696 5711 1915 5785 spebus
1971 5713 2163 5769 avaris
2219 5720 2278 5771 et

2388 4741 2443 4795 id
2491 4754 2724 4795 summa
2767 4734 3141 4791 contentione
3183 4736 3308 4787 tum
3357 4746 3493 4786 cum
3546 4730 3800 4786 maxime
3852 4737 4063 4788 extor-

2388 4845 2568 4902 quere
2599 4824 2952 4883 conabatur?
2987 4823 3176 4879 Unum
3208 4837 3348 4894 ergo
3379 4820 3659 4888 restabat,
3690 4824 3864 4893 turpe
3915 4822 4067 4893 qui-

2388 4920 2519 4975 dem
2554 4921 2613 4972 et
2644 4916 3015 4988 probrosum,
3040 4912 3139 4968 sed
3166 4910 3311 4965 nihil
3346 4927 3462 4965 non
3494 4927 3601 4983 pro
3624 4926 3801 4982 regno
3831 4910 4067 4982 pacisci

2388 5012 2602 5081 parata:
2636 5004 3055 5067 necessarium,
3088 4999 3213 5056 vale
3273 5000 3478 5055 honori
3511 5015 3577 5055 ac
3629 4999 3798 5054 fama
3862 4999 4062 5069 dicto,

2388 5097 2601 5169 spretis
2627 5094 2864 5165 juribus
2895 5090 3064 5163 regiae
3111 5088 3434 5152 viduitatis,
3480 5087 3776 5144 maculata
3828 5088 4064 5145 nobili-

2386 5192 2505 5242 tate
2537 5182 2896 5255 imperatorii
2928 5179 3257 5253 sanguinis,
3289 5179 3640 5251 prostituere
3672 5195 3736 5235 se
3773 5179 4063 5248 subulco,

2386 5276 2605 5347 vilique
2637 5290 2703 5330 ac
2733 5276 2972 5328 cruento
3002 5270 3227 5325 latrone
3258 5268 3438 5324 simul
3488 5267 3546 5323 in
3610 5267 3912 5323 civitatem
3973 5269 4064 5324 si-

2389 5364 2509 5420 mul
2542 5365 2599 5419 in
2634 5368 2830 5419 torum
2863 5359 3223 5416 admittendo
3252 5357 3497 5429 pudoris
3553 5361 3611 5412 et
3654 5357 4062 5414 existimatio-

2388 5454 2479 5510 nis
2512 5452 2826 5524 quantovis
2857 5450 3073 5505 damno
3106 5446 3416 5503 ambitioni
3450 5445 3638 5501 litare.
3681 5446 3854 5501 Tanti
3912 5462 4065 5520 ergo

2388 5545 2691 5608 arbitrata,
2728 5546 2791 5597 ut
2822 5539 3018 5612 regina
3050 5538 3199 5610 ipsa,
3245 5541 3311 5593 ut
3340 5544 3531 5592 mater
3565 5536 3865 5608 designati
3919 5536 4068 5592 Bul-

2386 5649 2659 5708 garorum
2697 5631 2851 5704 regis
2881 5629 2992 5684 dici
3030 5632 3319 5701 pergeret,
3369 5626 3656 5682 Lachanna
3714 5642 3867 5681 uxor
3924 5642 4063 5682 esse

2384 5725 2722 5796 vocarique,
2756 5720 2967 5795 cupide
2998 5736 3065 5775 ac
3100 5717 3318 5791 raptim
3372 5718 3529 5789 (nam
3562 5716 3635 5773 ab
3684 5715 4062 5790 imperatore
