4242 6438
162 375 262 434 901

1228 383 1328 437 DE
1363 383 1740 438 MICHARLB
1777 383 2224 440 PALBOLOGO
2259 385 2393 440 LIB.
2434 384 2530 442 νι.

3461 385 3568 440 902

163 520 244 554 νοι
275 500 613 575 χαρίζεσθαι.
646 505 840 576 Ὅμως
857 505 949 558 καὶ
975 503 1044 558 τὰ
1060 507 1158 558 τοῦ
1179 503 1381 578 λέχους
1413 503 1688 578 προσίετο,
1719 525 1812 560 πο-
1840 509 1896 576 Α
1928 504 2071 567 ὅλως
2089 505 2176 561 καὶ
2206 507 2461 581 ὑποσχεῖν
2514 503 2714 560 ἐκεῖνον
2773 503 3124 582 ἐπιϐρίσασαν
3181 506 3240 562 ἐκ
3295 507 3564 583 Τοχάρων

165 594 344 658 νηρῶς
377 589 506 663 ἄγαν
535 591 623 646 καὶ
655 592 881 664 βαθέως,
907 593 1014 668 οὐχ
1036 595 1109 656 ὥς
1125 615 1206 656 τις
1235 591 1295 647 ἂν
1331 593 1472 647 εἷ’ποι
1506 593 1808 668 φιλογύνης

168 678 257 731 καὶ
287 685 388 747 τῆς
415 679 861 754 γυναικωνίτιδος
892 681 1142 756 ἐραστής
1183 682 1246 736 τὸ
1291 681 1390 758 γὰρ
1428 681 1717 754 μαλάττειν
1746 685 1811 736 τὰ

166 765 275 836 ἤθη
310 771 416 820 τῶν
480 765 779 840 δεξομένων
838 771 928 823 καὶ
989 770 1107 825 λίαν
1168 771 1242 833 ὡς
1291 770 1807 846 καταφρονησάντων

168 854 358 909 αὐτίκα
390 854 798 934 διεφυλάττετο,
827 855 1013 920 ἄλλως
1066 856 1122 913 δὲ
1177 859 1292 912 κατ’
1351 858 1573 933 εἰρήνην
1604 859 1692 913 καὶ
1719 864 1813 913 τοῦ

171 945 246 1014 μὴ
280 946 475 1019 χέσθαι
534 945 828 1024 ἐμφυλίοις
883 948 1154 1019 πολέμοις
1208 946 1410 1020 α’ίματα
1468 946 1812 1024 κατεδέχετο,

168 1034 244 1094 ὡς
275 1035 436 1110 χάριν
489 1031 705 1107 διδοὺς,
737 1036 798 1091 οὐ
833 1032 1152 1109 λαμϐάνων.
1203 1041 1415 1112 ’Ὀρκων
1448 1036 1539 1092 οὖν
1587 1041 1817 1113 γενομέ-

166 1145 267 1177 νων
311 1125 397 1178 καὶ
456 1126 738 1195 συνθηκῶν
789 1125 840 1197 ἐξ
874 1125 1140 1200 ἑκατέρων
1178 1126 1521 1201 ὑπανοίγνυσί
1572 1148 1628 1181 τε
1670 1127 1817 1198 αὐτῷ

164 1213 261 1273 τὰς
309 1212 487 1274 πύλας
523 1257 536 1282 ,
591 1214 681 1268 καὶ
753 1213 900 1275 ἐντὸς
961 1213 1222 1288 δεξαμένη
1281 1214 1429 1270 τελεῖ
1502 1217 1666 1289 ἑαυτῇ
1729 1217 1819 1270 σὺν

168 1301 359 1374 ἐκείνῳ
397 1301 523 1364 τοὺς
584 1304 820 1377 γάμους,
879 1304 968 1358 καὶ
1021 1305 1114 1366 τὰς
1168 1307 1473 1368 ταινιώσεις
1527 1312 1627 1373 τῆς
1663 1307 1819 1380 βασι-

168 1389 322 1453 λείας
351 1390 440 1444 καὶ
472 1391 627 1453 αὖθις
676 1391 891 1464 σύναμα
950 1390 1227 1467 δέχονται,
1271 1395 1359 1448 καί
1391 1415 1451 1469 γε
1479 1395 1818 1467 παρασκευά-

170 1486 244 1548 ζει
288 1483 371 1550 τῷ
434 1479 651 1554 βασιλεῖ
708 1479 1032 1550 ἀντίπαλον,
1069 1483 1142 1543 ὡς
1173 1479 1333 1554 ᾤετο,
1390 1483 1592 1540 ἱκανόν.
1653 1487 1821 1538 Τοῦτο

172 1563 385 1640 συμϐάν
417 1589 474 1622 τε
499 1568 586 1622 καὶ
647 1569 904 1633 ἀκουσθέν
963 1571 1053 1625 τὸν
1118 1571 1344 1646 βασιλέα
1401 1571 1680 1647 αὐτάρκως
1733 1574 1822 1627 καὶ

168 1661 244 1721 ὡς
275 1659 397 1729 ἐνῆν
443 1657 770 1735 διετάραξεν,
826 1662 1143 1736 ὑπεκρίνετό
1194 1683 1252 1717 τι
1302 1666 1548 1725 κάκεῖνος
1587 1665 1661 1736 μή
1698 1665 1822 1718 ἀθυο

173 1755 292 1820 μεῖν
353 1748 733 1825 σφαλλόμενος
790 1754 899 1804 τῶν
962 1747 1224 1817 ἐλπίδων,
1285 1749 1431 1806 ἀλλὰ
1487 1760 1694 1827 στυγεῖν
1749 1758 1826 1824 τῷ

166 1840 298 1912 παρ’
349 1839 495 1908 ἀξίαν
555 1837 763 1908 ἐκείνης
823 1839 1143 1911 πταίσματι,
1201 1840 1339 1894 ὥστε
1402 1848 1497 1895 καῖ
1551 1844 1614 1896 τὸ
1672 1843 1822 1917 γένος

1918 593 2159 666 δῦμαμιν
2189 597 2252 664 ἢν
2304 596 2446 656 εἰκὸς
2505 595 2898 666 ἐπεισπίπτειν,
2958 597 3070 667 ἅμα
3105 595 3197 668 μὲν
3258 596 3330 656 ὡς
3365 595 3560 671 ἐχθρὸν

1917 691 2192 759 προφανῆ,
2241 685 2352 755 ἅμα
2409 682 2464 738 δὲ
2517 684 2606 737 καὶ
2655 685 2802 758 παρὰ
2859 689 2968 738 τῶν
3028 683 3241 738 οἰκείων
3298 705 3568 762 καταφρο-

1918 771 2211 844 νούμενον.
2234 775 2418 828 Ταῦτα
2451 771 2623 848 λέγων
2655 774 2757 827 οὐκ
2787 773 2924 827 ἀνίει
2982 772 3070 827 καὶ
3131 772 3281 833 αὖθις
3336 775 3567 845 πέμπων

1918 883 1975 916 τε
2025 859 2278 933 δυνάμεις
2337 861 2742 936 ἀγωνιουμένας
2801 863 2890 917 καὶ
2942 864 3010 917 τὰ
3066 863 3201 935 πρὸς
3256 859 3571 931 καταϐολὴν

1922 951 2129 1026 Μαρίας
2180 951 2731 1024 κατασκευαζόμενος.
2788 953 2844 1005 Ὁ
2901 952 3077 1006 τοίνυν
3134 960 3386 1028 Λαχανᾶς
3435 955 3571 1029 πρὸς

1922 1041 2014 1102 τὰς
2046 1048 2146 1110 τῆς
2172 1043 2421 1115 γυναικὸς
2480 1041 2699 1116 θρύψεις
2756 1043 2844 1095 καὶ
2905 1043 3189 1116 ἀπηχθετο
3246 1043 3334 1097 καὶ
3371 1039 3575 1119 βαρϐα-

1927 1135 2092 1204 ρικῶς
2119 1129 2282 1198 ἤθελε
2315 1128 2526 1203 διαζῇ-ι,
2571 1135 2699 1193 τοῦς
2757 1131 2893 1206 ἀμφ’
2925 1130 3080 1185 αὐτὸν
3135 1132 3223 1185 καὶ
3279 1132 3401 1186 λίαν
3439 1134 3574 1186 ὑπο-

1921 1219 2274 1290 ποιούμενος-
2332 1215 2468 1295 ἔγνω
2531 1223 2632 1294 γάρ
2688 1220 3074 1295 ἀμφοτέρωθεν
3137 1220 3570 1294 ἐξαρτυομένους

1924 1306 2205 1380 πολέμους
2261 1309 2348 1362 καὶ
2404 1309 2499 1371 τὰς
2559 1308 2814 1381 βλακείας
2879 1306 3046 1381 μηδέν
3128 1307 3242 1370 οἵας
3300 1331 3356 1364 τε
3408 1308 3572 1373 οὔσας

1924 1397 2261 1465 κατευνάζειν
2293 1401 2416 1458 τοῦς
2479 1398 2539 1452 ἐκ
2593 1402 2700 1451 τῶν
2756 1397 3020 1470 πολέμων
3076 1396 3379 1467 κινδύνους,
3441 1399 3579 1454 ὣστε

1929 1489 2020 1540 καὶ
2052 1486 2325 1551 πολλάκις
2383 1488 2517 1562 πρὸς
2576 1487 2785 1558 ἐκείνην
2843 1485 3353 1565 διαφιλονεικοῦντα
3410 1489 3578 1545 ἐντεί-

1928 1597 2037 1630 νειν
2071 1575 2315 1650 πληγάς.
2349 1577 2524 1636 Αὐτὸς
2585 1574 2642 1630 δὲ
2698 1578 2928 1650 κρείττω
2984 1578 3161 1647 πάσης
3218 1576 3486 1652 ἀσχολίας
3515 1582 3581 1635 τά

1929 1664 2118 1736 κύκλῳ
2192 1671 2620 1736 συνανιστάμενα
2699 1665 2897 1739 κρίνων
2987 1667 3300 1721 ὑπεποιεῖτό
3359 1689 3415 1722 τε
3454 1669 3580 1730 τοὺς

1934 1755 2202 1827 ἄρχοντας
2234 1758 2339 1807 τῶν
2382 1753 2735 1828 Βουλγαρων,
2784 1755 2874 1808 καὶ
2922 1755 3058 1825 πρὸς
3110 1754 3391 1828 πολέμους
3425 1760 3584 1825 ἡτοιο

1939 1844 2134 1914 μάζετο
2166 1843 2292 1903 τοὺς
2321 1844 2436 1897 κατ’
2488 1841 2674 1914 ἄμφω,
2717 1840 2855 1899 Οὐδὲ
2886 1844 2989 1917 γὰρ
3045 1844 3112 1911 ἦν
3148 1841 3271 1898 οὔτε
3301 1845 3585 1920 Τοχάροις

165 1933 529 2002 καταισχῦναι
559 1929 646 1982 καὶ
699 1930 796 1996 τὴν
853 1929 1033 2003 ἀρχὴν
1088 1929 1541 2003 προσαπολλύναι
1598 1937 1678 2003 τῷ
1713 1954 1820 2004 μη-
1851 1902 1898 1966 Β
1933 1929 2020 1986 διὰ
2048 1933 2116 1986 τὰ
2152 1935 2462 2007 πραχθέντα
2494 1929 2807 1995 σπένδεσθαι
2863 1929 2984 1987 οὔτε
3013 1933 3137 1993 τοὸς
3176 1937 3274 1986 τοῦ
3310 1935 3580 2008 βασιλέως

171 2014 323 2078 Savo;
406 2017 538 2089 ἀξίῳ
612 2019 1121 2092 κανεγχειρίσασαν’

1217 2017 1358 2093 μηδὲ
1429 2021 1528 2096 γὰρ
1585 2020 1818 2091 ἀνθέξειν

173 2244 371 2295 metus
403 2236 667 2294 cunctari
709 2253 824 2291 non
856 2237 1116 2307 sinebat)
1151 2237 1330 2291 mittit
1378 2239 1448 2292 ad
1499 2239 1826 2293 Barbarum

171 2331 273 2400 qui
307 2345 450 2382 suas
480 2327 565 2381 illi
611 2327 851 2396 nuptias
899 2341 1034 2380 cum
1087 2325 1266 2381 dotali
1322 2326 1595 2382 offerrent
1627 2343 1825 2398 regno.

177 2420 261 2473 Ad
297 2435 366 2472 ea
398 2416 495 2471 ille
528 2417 785 2487 primum
826 2416 1280 2486 aspernabundo
1329 2416 1540 2470 similis
1573 2416 1707 2470 talis
1740 2417 1830 2469 in-

173 2514 464 2578 terpretes
497 2505 732 2560 fmderis
764 2504 1150 2575 superciliose
1179 2503 1515 2574 repellebat,
1551 2504 1832 2558 cavillans

180 2595 431 2651 ridicule
457 2595 655 2649 oﬂ'erri
685 2593 838 2665 quod
873 2593 1076 2662 majori
1124 2610 1192 2647 ex
1241 2599 1401 2663 parte
1425 2595 1552 2665 jam
1584 2599 1829 2663 teneret,

181 2686 504 2757 gratiaeque
568 2683 854 2754 imputari
916 2681 1127 2753 regines
1182 2682 1492 2751 quaesitum
1544 2684 1670 2752 jam
1719 2683 1831 2737 sibi

182 2774 367 2828 armis
415 2773 795 2842 victoriisque
828 2771 1245 2842 principatum.
1279 2772 1495 2827 Tamen
1549 2789 1620 2827 ne
1649 2773 1834 2828 durus

185 2863 367 2918 nimis
419 2863 692 2933 ferusque
739 2861 1056 2928 videratur,
1104 2861 1340 2932 nuptias
1403 2861 1537 2917 talis
1583 2863 1832 2916 fmmince

182 2953 646 3020 admisit,astute
674 2951 731 3006 id
764 2950 960 3022 ipsum
985 2950 1381 3021 tamen,quasi
1413 2950 1618 3006 aliena
1639 2951 1834 3006 indul-

179 3043 372 3114 gendo
403 3041 716 3110 voluntati,
750 3057 861 3094 non
898 3041 1144 3112 propria)
1177 3041 1557 3111 obsequendo
1581 3041 1832 3111 libidini,

177 3133 538 3196 annuens,in
561 3147 673 3201 quo
696 3135 822 3200 erat
844 3129 1188 3201 profundior
1207 3131 1335 3200 ejus
1359 3131 1624 3201 quaedam
1651 3147 1829 3200 quam

1932 2024 2179 2076 ὁπωσοῦν
2232 2023 2484 2096 ἀναρτᾷν.
2543 2021 2639 2075 Διὰ.
2687 2027 2847 2076 τοῦτο
2897 2022 3014 2076 καθ’
3067 2022 3191 2076 ὅσον
3228 2021 3412 2098 ἴσχυεν
3446 2025 3591 2080 ἀντι-

1940 2239 2286 2308 dignitatem
2316 2256 2380 2293 ac
2400 2256 2611 2293 nomen
2637 2239 2860 2310 regium
2887 2243 3180 2313 perditum
3208 2243 3404 2297 ivisset
3430 2263 3443 2310 ;
3469 2261 3584 2314 quo

1939 2328 2066 2397 ipso
2117 2343 2252 2382 mox
2303 2328 2606 2398 privanda,
2652 2345 2901 2384 sensura
2967 2336 3120 2386 esset
3187 2330 3476 2386 inutiliter
3526 2349 3589 2386 se

1942 2433 2234 2486 peccasse,
2267 2418 2406 2470 dum
2441 2419 2496 2470 id
2530 2417 2725 2472 scelus
2762 2434 2863 2488 spe
2896 2416 3022 2474 tuto
3055 2421 3337 2490 regnandi
3369 2421 3588 2476 consci-

1940 2505 2103 2560 verit.
2137 2507 2282 2560 Nam
2335 2522 2580 2576 regnum
2641 2509 2792 2577 quod
2855 2508 3080 2563 homini
3143 2509 3306 2564 nulla
3354 2526 3414 2564 re
3470 2511 3585 2565 nisi

1943 2595 2097 2649 mala
2127 2596 2304 2665 digno
2329 2596 3047 2666 turpissimetradijisset,
3081 2598 3193 2666 ipsi
3227 2615 3361 2654 mox
3391 2605 3587 2656 extor-

1943 2687 2240 2754 quendum
2261 2701 2296 2737 a-
2317 2684 2877 2754 Tocharis,quorum
2896 2687 3167 2756 potentias
3195 2688 3585 2759 irruptionem

1944 2772 2002 2826 in
2061 2770 2394 2842 Bulgariam
2453 2775 2790 2842 parantium
2853 2771 2998 2827 nihil
3033 2784 3246 2844 posset
3289 2774 3588 2832 Lachanas

1943 2876 2236 2932 opponere
2295 2860 2451 2930 quod
2538 2877 2641 2931 par
2699 2861 3024 2918 resistendo
3075 2864 3237 2917 foret.
3299 2863 3591 2921 Tocharos

1946 2955 2160 3019 autem,
2194 2955 2258 3004 ut
2282 2965 2514 3005 movere
2547 2949 2985 3020 quamprimum
3019 2951 3078 3006 in
3111 2951 3439 3009 Lachanam
3476 2971 3592 3010 non

1946 3041 2302 3106 omitterent,
2337 3040 2464 3094 dua:
2492 3056 2681 3094 causai
2727 3040 3055 3095 incitabant
3110 3057 3121 3094 :
3164 3041 3380 3098 etenim
3433 3045 3591 3115 quod

1943 3146 2042 3185 eos
2082 3129 2240 3201 prior
2283 3130 2380 3184 ille
2421 3129 2818 3184 lacessiviss:t
2848 3146 3050 3184 eorum
3085 3130 3285 3202 copias
3341 3133 3593 3203 candens,

179 3222 251 3276 ab
284 3221 526 3276 homine
560 3221 645 3276 sic
677 3227 814 3274 nato
864 3236 1130 3292 sperares
1162 3220 1489 3291 prudentia.
1526 3221 1833 3277 Vitandam
1866 3208 1908 3274 C
1941 3219 2260 3275 ulciscendi
2293 3218 2519 3274 hostem
2558 3222 2823 3290 apertum
2860 3218 3203 3275 necessitate
3242 3221 3312 3275 ad
3345 3237 3467 3277 eam
3493 3239 3588 3278 ex-

179 3311 336 3366 cnim
386 3315 537 3366 recte
589 3310 816 3381 putavit
865 3314 1275 3380 contemptum
1351 3310 1462 3380 ipsi
1511 3310 1836 3380 parituram

181 3399 340 3470 apud
389 3415 530 3453 suos
581 3398 918 3469 opinionem
970 3398 1158 3451 uxorii
1213 3403 1267 3452 et
1299 3398 1356 3451 in
1408 3397 1736 3469 VOIUptates
1768 3416 1836 3454 ex

181 3488 396 3543 bellica
426 3487 642 3543 ferocia
671 3486 923 3542 emolliri
972 3486 1162 3542 facilis
1193 3486 1323 3541 viri.
1358 3488 1506 3552 Quin
1539 3493 1594 3541 et
1624 3487 1836 3542 huma-

181 3577 390 3632 nitatis
425 3578 638 3632 famam
673 3592 978 3647 aucupans
1005 3576 1222 3630 moveri
1257 3592 1372 3647 pris
1404 3591 1466 3630 se
1504 3575 1640 3630 tulit
1670 3578 1838 3632 mise-

181 3667 407 3720 ratione
442 3665 722 3720 fundendi
755 3664 964 3734 civilis,
1007 3664 1055 3720 si
1100 3682 1212 3735 qua
1259 3670 1514 3736 cmperat
1546 3666 1832 3732 tenderet,

181 3755 517 3826 sanguinis.
571 3755 649 3810 Ad
699 3759 1023 3810 extremum
1058 3771 1124 3809 ea
1173 3755 1482 3809 verborum
1526 3753 1836 3824 voltusque

179 3846 477 3916 gravitate
502 3862 621 3915 qua
645 3861 758 3898 non
778 3845 1037 3914 accipere
1069 3845 1263 3915 ipsum
1289 3844 1612 3914 quidquam
1638 3845 1834 3914 gratiis

177 3937 281 3990 sed
338 3934 607 3989 beneficii
659 3933 784 3989 loco
843 3934 1102 3988 tribuere
1166 3950 1227 3988 se
1270 3933 1652 4004 signiﬁcaret,
1707 3949 1834 4004 quis

180 4024 583 4079 offerebantur
605 4024 1207 4093 accepit.Scribuntur
1230 4040 1364 4077 mox
1396 4023 1833 4090 conventiones,

179 4118 341 4169 444
392 4118 562 4184 pacta
599 4112 990 4184 jurejurando
1040 4112 1317 4182 utrinque
1365 4113 1499 4168 dato
1550 4112 1835 4166 muniun-

179 4209 295 4258 tur.
324 4202 440 4257 Nec
465 4203 647 4259 Maria
668 4218 890 4256 moram
927 4201 1063 4256 fecit
1084 4201 1529 4273 aperiendarum
1561 4201 1835 4256 Lachanas

179 4299 488 4364 portarum
521 4291 794 4360 Ternobi,
839 4307 1017 4362 seque
1077 4291 1189 4362 ipsi
1251 4291 1470 4362 nuptiis
1520 4291 1832 4362 jungendi.

177 4381 589 4438 Coronationis
621 4381 758 4435 inde
790 4397 1072 4436 novorum
1125 4381 1443 4450 conjugum
1491 4380 1836 4436 caeremonia

179 4471 493 4543 splendide
550 4470 902 4538 celebratur,
974 4469 1296 4524 acclamata
1367 4471 1559 4524 denuo
1630 4469 1834 4541 regina

179 4561 469 4632 Bulgaria
501 4560 683 4615 Maria
717 4577 862 4614 novo
899 4557 1068 4614 titulo
1101 4559 1299 4614 uxoris
1349 4559 1624 4613 Lachanzs
1655 4561 1832 4630 regis.
1864 4587 1909 4650 D

173 4651 267 4706 Sic
298 4650 406 4703 illa
437 4665 500 4704 se
531 4664 903 4718 comparasse
933 4664 1167 4718 gravem
1217 4647 1614 4701 adversarium
1649 4647 1832 4718 impe-

173 4740 358 4795 ratori
393 4737 681 4793 avunculo
714 4736 978 4808 putabat.
1005 4736 1127 4800 Quo
1153 4753 1266 4791 non
1290 4753 1526 4808 parvam
1560 4737 1610 4791 ei
1638 4754 1834 4792 revera

176 4847 282 4886 nec
323 4846 535 4901 parum
583 4827 890 4884 molestam
942 4826 1157 4897 adjecit
1204 4842 1435 4890 curam,
1479 4830 1831 4897 Quanquam

175 4919 275 4976 ille
322 4918 564 4992 quidem
615 4918 820 4972 audita
866 4920 1103 4987 repente
1164 4916 1246 4970 rei
1313 4916 1492 4982 fama,
1543 4917 1835 4971 dissimu-

177 5009 403 5064 latione
461 5023 522 5062 se
577 5006 751 5063 solita
801 5004 1123 5074 involvens,
1183 5003 1498 5074 diligenter
1546 5004 1696 5060 cavit
1762 5021 1835 5060 ne

177 5114 424 5155 causam
471 5095 712 5164 doloris,
779 5112 895 5167 quo
940 5095 1149 5150 intime
1196 5095 1498 5163 urebatur,
1547 5094 1833 5149 veriorem

178 5189 663 5261 praecipuamque
697 5186 989 5258 proderet,
1023 5185 1180 5256 quod
1232 5184 1514 5239 nimirum
1547 5184 1835 5239 excidisse

175 5297 236 5335 se
269 5280 428 5334 votis
450 5283 507 5332 et
542 5277 896 5332 interversas
945 5275 1058 5330 sibi
1110 5291 1245 5346 spes
1287 5275 1551 5345 proxime
1593 5275 1711 5344 iam
1763 5275 1835 5329 ad

175 5370 403 5425 exitum
439 5367 758 5438 perductas
789 5363 1405 5422 cerneret.0stentavit
1436 5370 1632 5419 autem
1666 5363 1836 5435 plau-

171 5459 478 5514 sibiliores
507 5455 654 5512 alias
679 5457 750 5511 de
779 5456 928 5510 facto
955 5455 1068 5510 isto
1100 5453 1336 5509 dolendi
1371 5454 1652 5521 rationes,
1684 5453 1834 5508 infa-

167 5548 352 5602 miam
387 5545 655 5601 videlicet
687 5561 868 5617 quam
891 5544 993 5599 illa
1026 5542 1231 5598 infelix
1249 5543 1380 5598 istis
1409 5547 1566 5598 esset
1594 5543 1835 5614 ﬂagitiis

169 5636 497 5710 promerita
527 5636 870 5701 maximam,
912 5634 1112 5707 generi
1166 5650 1232 5689 ac
1285 5632 1520 5688 familia:
1555 5634 1834 5703 probrum

168 5726 572 5784 fodissimum
635 5727 899 5782 inurens.
942 5722 1131 5780 Simul
1177 5727 1375 5781 autem
1433 5740 1569 5780 cum
1614 5722 1836 5781 honore

1943 3309 2297 3380 peditionem
2332 3306 2787 3379 impellebantur
2813 3333 2826 3373 ;
2857 3313 2917 3362 et
2947 3307 3027 3362 rei
3060 3308 3130 3363 ad
3168 3309 3222 3362 id
3248 3310 3589 3366 audendum

1941 3398 2221 3453 facilitate
2251 3397 2829 3468 incitabantur,quod
2859 3396 3183 3452 Lachanam
3216 3415 3347 3454 esse
3371 3400 3591 3455 scirent

1943 3487 2237 3542 hominem
2292 3486 2487 3552 nihili,
2540 3502 2781 3541 exosum
2832 3491 2890 3541 et
2937 3492 3205 3557 spretum
3253 3488 3428 3543 etiam
3467 3490 3595 3545 suis

1941 3576 2231 3648 Bulgaria.
2267 3576 2432 3632 Talia
2462 3577 2680 3647 passim
2715 3575 2871 3646 apud
2908 3575 3222 3632 familiares
3277 3577 3600 3650 imperator

1942 3667 2384 3730 disserens,non
2419 3665 2688 3720 cessabat
2719 3665 2955 3719 interim
2984 3666 3128 3720 alias
3155 3683 3334 3738 super
3367 3666 3510 3723 alias
3536 3669 3596 3723 in

1943 3754 2280 3826 Bulgariam
2302 3755 2500 3826 copias
2517 3755 3122 3824 mittere,omnemque
3141 3757 3451 3813 admovere
3469 3774 3593 3814 ma-

1942 3845 2175 3902 chinam
2193 3846 2262 3900 ad
2286 3844 2674 3914 dejiciendam
2692 3859 2758 3898 eo
2778 3860 2954 3915 regno
2969 3844 3315 3901 Mariam.At
3338 3847 3593 3904 Lacbaas

1942 3937 2056 3991 cito
2090 3942 2371 4007 pertaesus
2402 3934 2544 4004 regii
2576 3933 2749 3988 luxus
2788 3938 2844 3988 et
2893 3933 3237 3990 deliciarum
3289 3937 3594 4007 uxoris,iis

1942 4042 2083 4080 cum
2136 4023 2436 4079 stomacho
2487 4024 2738 4093 rejectis,
2792 4023 3162 4079 immundam
3209 4025 3595 4098 illautamque

1944 4114 2237 4169 barbarici
2274 4112 2442 4179 ritus,
2476 4111 2569 4166 cui
2601 4112 2826 4166 dudum
2881 4112 3364 4182 insueverat,vitze
3397 4115 3597 4172 ferinas

1941 4205 2091 4260 445
2130 4202 2411 4257 rationem
2446 4200 2789 4272 usurpabat,
2833 4200 2942 4256 hoc
2973 4201 3166 4272 ipsum
3200 4202 3468 4259 videlicet
3488 4221 3595 4261 ais-

1940 4293 2157 4348 timans
2190 4290 2332 4346 utile
2362 4290 2733 4346 demerendis
2783 4288 2894 4345 sibi
2930 4289 3310 4347 familiarium
3347 4297 3592 4351 suoru'm

1940 4382 2248 4437 affectibus
2282 4385 2339 4435 et
2371 4379 2604 4444 studiis,
2638 4395 2890 4450 quorum
2923 4379 3149 4435 alenda!
3191 4383 3594 4454 augendaeque

1939 4471 1996 4524 in
2050 4487 2178 4526 sese
2227 4469 2638 4523 benevolentiae
2687 4475 2902 4523 cuncta
2945 4484 3072 4538 qus:
3103 4470 3174 4523 ad
3223 4469 3281 4524 id
3332 4473 3596 4529 conferre

1942 4561 2281 4614 viderentur
2309 4558 2512 4613 sedulo
2545 4557 2882 4612 adhibebat.
2913 4556 3069 4612 Satis
3097 4558 3252 4613 enim
3305 4559 3594 4633 intellige-

1946 4651 2044 4704 bat
2075 4654 2358 4720 quantam
2394 4647 2684 4716 indigeret
2720 4662 2921 4701 eorum
2955 4663 3151 4718 opera,
3204 4648 3410 4720 utique
3462 4666 3596 4706 cum

1944 4740 2054 4795 sibi
2085 4737 2304 4810 duplici
2338 4753 2406 4791 ex
2438 4741 2601 4807 parte
2641 4735 2875 4791 diversa
2923 4742 2980 4791 et
3034 4754 3252 4809 magna
3283 4739 3590 4798 imminere

1946 4828 2095 4884 bella
2122 4831 2402 4883 cerneret.
2437 4826 2562 4890 Qua
2590 4825 2716 4897 ipsa
2744 4842 2811 4880 ex
2832 4842 3012 4882 causa
3042 4826 3389 4884 muliebrem
3407 4829 3597 4888 victus

1943 4918 2253 4988 cultusque
2275 4913 2582 4971 mollitiem
2602 4915 2916 4971 exercitam
2933 4915 3308 4989 oblatamque
3325 4918 3395 4975 ab
3419 4936 3598 4976 uxore

1943 5008 2365 5064 contumaciter
2397 5006 2540 5060 adeo
2591 5004 2962 5076 reprobabat,
2997 5005 3230 5061 noxiam
3273 5007 3602 5067 criminans

1943 5103 1999 5152 et
2030 5097 2373 5152 enervandaz
2405 5099 2545 5149 tunc
2577 5095 2830 5151 maxime
2857 5096 3202 5151 necessaria:
3235 5097 3454 5154 bsilice
3482 5101 3597 5155 vir-

1944 5189 2054 5243 tuti
2080 5187 2615 5252 accomodatam,ut
2640 5202 2707 5240 eo
2731 5186 2968 5242 nomine
2990 5185 3232 5242 Mariam
3258 5204 3372 5244 non
3401 5188 3594 5246 solum

1945 5278 2291 5349 plerumque
2324 5277 2650 5344 increparet
2679 5275 3011 5342 verbis,sed
3044 5278 3386 5335 verberibus
3415 5284 3592 5335 etiam

1946 5383 2011 5421 ac
2044 5365 2230 5437 plagis
2276 5365 2554 5420 miseram
2604 5365 3013 5433 contunderet,
3058 5365 3318 5440 intentus
3369 5368 3594 5425 interea

1945 5473 2108 5522 sane,
2144 5460 2315 5526 prout
2345 5470 2437 5510 res
2471 5454 2770 5525 poscebat,
2800 5454 3050 5510 sollicite
3084 5457 3314 5513 cunctis
3346 5474 3449 5530 per
3478 5459 3593 5514 cir-

1945 5545 2169 5601 cuitum
2204 5545 2476 5615 parandis
2501 5546 2569 5598 ad
2595 5544 3379 5617 excipiendosingruentium
3408 5549 3595 5604 utrin-

1947 5651 2061 5708 que
2094 5635 2350 5706 impetus
2370 5632 2849 5699 hostium.Quam
2877 5635 2947 5689 ad
2982 5651 3104 5691 rem
3138 5640 3260 5692 arte
3291 5653 3407 5710 qua
3438 5645 3598 5710 pots-

1949 5729 2040 5781 rat
2077 5724 2339 5781 maxima
2386 5722 2632 5780 delinire
2681 5739 2748 5780 ac
2792 5724 3104 5782 conciliare
3144 5725 3260 5782 sibi
3300 5729 3604 5801 satagebat
