4210 6448
662 382 771 439 903

1977 379 2281 437 GEORGII
2318 377 2781 436 ΡΔΟΗῩΜΕΒΕ

3977 377 4085 436 9οι

662 506 1023 580 παρετάττετο
1068 506 1132 560 τὸ
1196 506 1288 577 μὶν
1350 504 1509 573 ἑκὼν,
1568 506 1631 559 τὸ
1665 502 1712 559 δ’
1742 501 1909 563 ἄκων.
1968 503 2179 578 Ἀρχὴν
2210 502 2312 577 γὰρ
2345 503 2399 571 Α
2428 522 2534 573 τες,
2573 501 2792 576 βασιλεῖ
2845 500 2902 558 δὲ
2932 502 3382 579 προσγενόμενοι.
3414 507 3539 565 Τοῖς
3573 500 3619 557 δ’
3651 503 3892 558 ἐντεῦθεν
3942 501 4085 556 ἆπα-

666 592 847 650 Λαϐὼν
883 595 947 663 ἢν
982 594 1081 649 οὐκ
1109 592 1364 664 ἤλπιζεν,
1397 590 1620 648 ἔσπευδε
1654 594 1729 665 μή
1764 592 1928 663 μόνον
1965 590 2132 666 ἔχειν,
2169 588 2315 645 ἀλλᾶ

735 687 747 701 ι
971 688 996 699 -ι
1089 686 1100 705 ν
1388 684 1398 702 Ι
1581 684 1591 697 ο
1634 680 1659 699 ν
1914 681 1927 699 \
2000 685 2025 695 -ι
2125 678 2147 700 ν

660 707 750 741 και
784 706 1050 755 συνιστᾳν.
1106 686 1515 756 Επιτιθεμενων
1546 680 1573 736 δ
1625 680 1811 745 αλλως
1840 702 1929 735 και
1958 702 2066 735 των
2123 681 2313 750 εξωθεν

660 775 927 849 ὀσημὲραι
984 774 1075 827 καὶ
1130 774 1272 826 ἄκων
1340 772 1776 847 κατηναγκάζετο
1849 770 2137 845 μάχεσθαι’
2194 765 2314 840 ᾔδει

658 864 763 937 γὰρ
823 865 911 915 καὶ
973 855 1246 935 βάρϐαρος
1307 856 1379 913 ὢν
1429 862 1823 931 πολεμήσοντα
1855 857 1905 928 ἐξ
1940 858 2179 931 ἀνάγκης
2224 857 2314 911 τὸν

667 954 741 1023 μή
776 950 1005 1005 θέλοντα
1035 947 1324 1020 πολεμεῖν.
1375 950 1472 1002 Διά
1525 952 1691 1002 ταῦτα
1745 952 1872 1022 γοῦν
1907 946 1972 1000 τὰ
2029 948 2144 1001 κατ’
2177 944 2315 1000 ἐκεί-

664 1061 760 1093 νου
812 1036 998 1093 εὐώδει
1053 1033 1512 1112 παραϐολώτερον
1546 1035 1991 1108 συμπλεκόμενα.
2025 1030 2162 1091 Οὔτε
2215 1033 2316 1109 γάρ

671 1130 723 1182 οἱ
757 1128 1137 1199 ἀνθιστάμενοι
1174 1124 1365 1201 ἴσχυον
1403 1128 1483 1198 [Ρ.
1519 1128 1644 1197 304]
1701 1126 1897 1199 ὁρμαῖς
1960 1121 2314 1183 ἁτακτούσαις

665 1219 961 1291 ἀντισχεῖν,
1005 1216 1092 1270 καὶ
1134 1216 1196 1270 τὸ
1231 1213 1541 1269 διευτονοῦν
1599 1211 1947 1289 κατιυρῥώδει
2003 1215 2102 1281 τὴν
2156 1214 2316 1266 ἀπέν-

661 1306 834 1375 τευξιν
871 1307 948 1367 ὡς
994 1306 1068 1378 μὴ
1101 1309 1286 1367 καλῶς
1327 1300 1678 1378 χρησομένου
1732 1306 1828 1355 τοῦ
1886 1300 2313 1376 περιγεγονότος.

657 1397 727 1449 Τὸ
766 1394 870 1468 γὰρ
902 1393 979 1454 εἷς
1032 1398 1223 1466 χεῖρας
1278 1391 1631 1466 γενέσθαιτῷ
1667 1396 1892 1464 Λαχανᾷ
1947 1388 2033 1443 ἴσα
2090 1391 2176 1444 καὶ
2212 1391 2312 1443 θά-

660 1504 822 1547 νατος
849 1485 915 1551 ἦν
951 1482 1211 1549 ἀπηνεῖας
1240 1478 1393 1535 ἕνεκα
1450 1487 1548 1548 τῆς
1610 1479 1870 1553 ἐσχάτης·
1933 1473 2177 1553 βαρϐαρα
2206 1478 2311 1553 γὰρ

659 1572 765 1642 ἤθη
801 1574 866 1626 τά
895 1570 952 1626 ἐκ
984 1572 1159 1644 τύχης
1194 1569 1399 1624 ἐλεεινᾶ
1462 1565 1757 1640 μαλάσσειν
1789 1564 1888 1621 οὸκ
1945 1564 2115 1621 οἶδεν.
2148 1568 2308 1623 ’ΌΟεν

653 1662 744 1715 καὶ
775 1659 1049 1721 πολλάκις
1077 1665 1194 1721 ταῖς
1250 1657 1487 1729 τόλμαις
1535 1676 1948 1730 περιγενομενοι
2009 1656 2311 1729 παραυτίκα

656 1756 735 1823 τῷ
791 1754 897 1804 τῶν
961 1746 1148 1804 δεινῶν
1213 1746 1491 1819 ἐλπισμῷ,
1527 1745 1571 1799 εἰ
1620 1744 1818 1816 ἆλῷεν,
1881 1742 2307 1816 συστελλόμενοι

2422 591 2687 664 γομὲνοις
2718 592 2830 646 ἐκεῖ
2860 591 2959 645 οὐκ
3004 592 3070 660 ἦν
3116 593 3489 661 ὑπονοηθῆναι
3517 592 3580 646 τὸ
3614 595 3808 661 σῶζον,
3840 588 3979 646 ἀλλ’
4011 592 4084 651 ὡς

2422 678 2611 754 ἐχθροὶ
2656 678 3005 748 ἐκολάζοντο.

2530 824 2599 891 η’.
2631 824 2818 885 ’Ὅπως
2851 822 3032 898 Μαρία
3066 822 3159 895 μὲν
3195 819 3470 896 παρεδόθη
3510 821 3747 897 βασιλεῖ,
3782 822 3973 879 Ἀσάν.

2492 951 2571 1019 [Ρ.
2607 950 2731 1022 305]
2781 943 3092 1022 Ἐτρίϐοντο
3155 949 3249 1021 μὲν
3285 944 3374 1002 οὖν
3409 948 3645 1003 ἐντεῦθεν
3693 950 3761 1003 τά
3818 949 4088 1022 πράγμα-

2421 1057 2506 1101 τα,
2540 1036 2719 1105 ἄλλην
2751 1034 2796 1091 δ’
2837 1035 3160 1109 ἀπαλλαγὴν
3199 1039 3305 1091 τῶν
3351 1042 3530 1090 κακῶν
3591 1037 3691 1090 οὐκ
3744 1040 3809 1104 ἦν
3842 1035 4078 1104 ἐλπίζε-

2422 1125 2539 1177 σθαι
2595 1124 2643 1178 εἷ’
2699 1125 2773 1197 μὴ
2804 1129 2899 1179 τοῦ
2958 1121 3233 1200 βαρϐάρου
3293 1123 3640 1199 ἀπαλλαγήν.
3673 1130 3775 1186 Ἶίς
3830 1124 3925 1178 καὶ
3982 1146 4081 1179 τα-

2424 1218 2567 1287 χέως
2600 1212 2913 1282 ἐξελθόντος
2942 1212 3234 1283 ἐπιστάσης
3268 1214 3349 1286 (τὸ
3404 1215 3504 1287 γὰρ
3563 1208 3921 1286 παλίμϐολον
3973 1220 4079 1281 τῆς

2422 1301 2597 1376 τύχης
2629 1300 2750 1355 ὅσον
2786 1299 2938 1356 οὔπω
2969 1302 3068 1356 οὐκ
3125 1304 3192 1371 ἦν
3248 1301 3491 1379 ἐκφυγεῖν
3550 1302 3772 1371 ἐκεῖνον,
3802 1302 3893 1355 καὶ
3932 1301 4083 1374 μᾶλ-

2424 1402 2516 1444 Λον
2539 1391 2840 1467 φυσηθέντα
2869 1392 2930 1445 τὸ
2979 1396 3081 1445 πᾶν
3137 1391 3198 1446 ἐκ
3242 1391 3445 1465 τύχης,
3504 1390 3619 1445 ὅθεν
3669 1390 3759 1445 καὶ
3806 1390 4075 1465 Τοχάρων

2418 1478 2729 1551 ἡττημένος
2759 1478 3084 1554 ἠγγέλλετο)
3112 1485 3234 1542 ταῖς
3286 1477 3487 1540 ἐκεῖ¹θεν
3548 1481 3759 1554 φήμαις
3812 1477 4078 1549 ἐμπίπτει

2420 1562 2774 1641 Τερνοϐίταις
2798 1569 2989 1644 καιρὸς
3024 1569 3384 1642 ὡρμημένοις
3416 1566 3588 1622 πάλαι
3638 1568 3777 1622 κατὰ
3834 1568 4076 1640 Μαρίας,

2417 1658 2505 1711 καὶ
2538 1658 2651 1729 ἅμα
2698 1656 2851 1711 παιδὶ
2910 1655 3230 1731 προδιδόναι
3288 1656 3488 1726 ταύτην
3550 1654 3781 1729 ἔγνωσαν
3827 1663 3948 1718 τοῖς
3982 1660 4079 1710 τοῦ

2422 1744 2708 1821 βασιλέως,
2741 1747 2830 1800 τὸν
2891 1746 3049 1802 Ἀσὰν
3109 1744 3166 1800 δὲ
3219 1743 3487 1815 δεσπότην
3548 1743 3804 1819 ἐδέχοντο
3863 1744 3959 1799 καὶ
3993 1746 4078 1799 ὅτι

659 1840 1080 1909 ἀπηντεύκτουν.
1129 1836 1371 1898 Πολλαῖς
1403 1836 1495 1907 μὲν
1530 1833 1619 1888 οὖν
1651 1840 1769 1895 ταῖς
1830 1833 1967 1911 ἀμφὶ
2000 1834 2089 1887 τὸν
2148 1834 2306 1890 Ἀσὰν
2343 1861 2388 1925 Β
2417 1835 2505 1889 καὶ
2539 1834 2597 1889 ἐκ
2626 1833 2862 1889 παλαιοῦ
2886 1836 3132 1910 προσῆκέ
3158 1837 3209 1890 οἱ
3240 1836 3305 1890 τὰ
3361 1831 3693 1909 Βουλγάρων
3754 1838 4076 1909 πράγματα.

2423 1926 2437 1944 ρ

659 1928 913 2000 δυνάμεσι
992 1927 1480 2000 περιεστοιχίζετο·
1542 1923 1689 1993 πλὴν
1754 1924 1803 1977 οἱ
1858 1922 2059 1977 ἐκεῖθεν
2141 1922 2313 1978 ἐνίοτε

656 2020 745 2073 καὶ
777 2017 996 2079 ἄκοντες
1027 2015 1389 2089 ἁλισκόμενοι
1423 2014 1473 2068 ἐν
1510 2018 1700 2073 καλοῖς
1729 2014 1871 2081 ἦσαν
1905 2009 1994 2066 διὰ
2023 2012 2085 2066 τὸ
2136 2033 2309 2087 προσ.

657 2108 875 2163 πίπτειν
900 2106 1114 2174 αὐτίκα,
1150 2107 1224 2167 ὡς
1277 2103 1435 2173 δῆθεν
1496 2102 1760 2177 τυράννου
1822 2100 1916 2173 μὲν
1972 2098 2315 2177 ἀπαλλαγὲν-

655 2325 945 2398 primores
1008 2320 1307 2393 principes
1380 2317 1787 2390 Bulgarorum,
1854 2319 1919 2371 ut
1980 2330 2181 2370 eorum
2234 2315 2304 2369 ad

654 2415 896 2480 bellum,
933 2411 1088 2483 quod
1120 2412 1399 2481 utrinque
1431 2415 1592 2464 atrox
1624 2406 1989 2479 expectabat,
2020 2406 2135 2460 fida
2167 2411 2308 2460 stre-

654 2520 890 2575 nuaque
923 2502 1006 2557 uti
1038 2517 1214 2572 opera
1254 2503 1472 2571 posset.
1533 2498 1657 2553 Non
1709 2496 1866 2552 enim
1917 2496 1969 2551 ei
2004 2499 2308 2566 supererat

651 2610 787 2666 spes
819 2591 1028 2646 salutis
1062 2589 1301 2643 aliunde
1342 2587 1463 2642 ulla
1498 2603 1675 2657 quam
1722 2603 1791 2640 ex
1818 2585 1872 2638 vi
1916 2589 2136 2655 aperta,
2169 2600 2303 2639 cum

651 2687 808 2738 esset
833 2679 1206 2736 manifestum
1233 2692 1421 2748 neque
1445 2692 1577 2730 cum
1601 2674 1897 2739 Tocharis,
1923 2690 2069 2744 quos
2091 2672 2305 2744 impla-

650 2771 921 2827 cabiliter
952 2768 1210 2823 irritatos
1246 2765 1475 2837 magnis
1506 2782 1540 2821 a
1571 2781 1633 2819 se
1649 2763 1872 2834 accepit
1901 2762 2168 2818 cladibus
2190 2763 2303 2817 sci-

651 2867 959 2931 ret.neque
975 2874 1109 2913 cum
1125 2857 1678 2928 imperatore,quem
1697 2853 2029 2909 domesticas
2047 2852 2303 2908 rationes

649 2952 719 3005 ad
754 2946 1209 3004 irrevocabiliter
1227 2945 1549 3017 urgendam
1574 2944 1770 3014 generi
1807 2942 2057 3013 filiaeque
2080 2942 2139 2996 in
2166 2941 2299 2997 Bul-

644 3040 816 3113 garia:
850 3053 1095 3109 regnum
1127 3034 1487 3090 evectionem
1521 3031 1973 3102 compellebant,
2000 3032 2298 3086 tractatio-

647 3146 780 3184 nem
814 3127 950 3182 iniri
987 3125 1165 3180 ullam
1198 3129 1301 3179 aut
1327 3122 1410 3179 vel
1440 3122 1652 3177 tentari
1685 3122 2101 3177 conventiones
2128 3122 2296 3176 foede-

644 3220 725 3273 ris
754 3233 943 3288 posse.
976 3214 1257 3277 Quocirca
1296 3218 1585 3283 quantum
1636 3210 1869 3265 valebat
1919 3211 2170 3265 maxime
2221 3210 2289 3265 ad

644 3308 875 3362 fortiter
904 3304 1298 3361 resistendum
1335 3318 1396 3357 se
1428 3300 1690 3372 parabat,
1714 3299 1890 3354 vellet
1923 3299 2103 3353 nollet
2132 3315 2198 3353 eo
2221 3297 2294 3352 il-

647 3397 768 3451 lum
801 3396 1069 3463 adigente
1102 3391 1453 3448 necessitate
1497 3387 1697 3443 tuendi
1734 3387 1893 3457 regni
1925 3407 1944 3453 ,-
1975 3387 2126 3455 quod
2161 3403 2294 3441 cum

642 3500 949 3557 capessere
981 3499 1162 3537 ausus
1193 3485 1368 3547 esset,
1404 3495 1517 3533 non
1555 3478 1725 3532 modo
1761 3483 1977 3545 tenere,
2012 3476 2155 3529 illud
2191 3475 2291 3529 sed

642 3575 823 3630 etiam
875 3573 982 3627 sibi
1034 3572 1268 3625 firmare
1318 3573 1494 3639 atque
1564 3581 1828 3621 asserere
1880 3563 2288 3619 contendebat.

633 3669 781 3721 Cum
812 3668 1006 3717 autem
1040 3660 1281 3715 assidue
1306 3658 1479 3712 modo
1506 3656 1613 3710 hac
1638 3656 1809 3709 modo
1833 3654 1967 3709 illac
1997 3653 2194 3708 hostes
2221 3654 2293 3706 ir-

646 3757 1006 3823 rumperent,
1043 3749 1335 3805 Lachanas
1376 3746 1591 3818 raptim
1629 3746 1695 3799 ad
1731 3744 1930 3799 omnia
1980 3759 2289 3798 occurrens

635 3842 883 3914 praeliari
931 3842 1111 3895 ferme
1162 3837 1421 3909 quotidie
1470 3835 1806 3905 cogebatur.
1874 3834 1932 3887 Id
1980 3833 2291 3904 ipsumque

633 3932 903 3987 alacriter
934 3931 1163 4001 agebat,
1196 3928 1416 4000 quippe
1446 3923 1819 3996 quantumvis
1865 3922 2041 3977 homo
2073 3923 2288 3977 barba-

634 4039 757 4089 rus,
793 4020 937 4077 satis
962 4018 1172 4090 judicii
1206 4017 1458 4072 habebat
1501 4015 1570 4069 ad
1625 4013 2077 4085 intelligendum
2129 4012 2285 4083 quod

630 4115 719 4165 est
745 4110 1138 4175 verissimum,
1176 4116 1575 4179 pugnaturum
1615 4120 1749 4159 eum
1805 4118 1938 4156 cum
1993 4119 2105 4156 non
2140 4101 2287 4157 volet

630 4201 729 4272 qui
764 4217 878 4255 non
914 4206 1132 4269 pugnat
1155 4212 1288 4251 cum
1315 4196 1611 4266 potest.Ac
1645 4196 1882 4264 propter
1913 4192 2087 4247 istam
2112 4190 2287 4261 impi-

630 4306 795 4361 gram
828 4288 1134 4343 audaciam
1187 4286 1256 4340 ad
1317 4283 1534 4355 quaevis
1570 4283 1723 4336 ultro
1776 4279 2036 4352 pericula
2078 4297 2286 4335 occur-

632 4380 795 4434 rendi
830 4377 1060 4432 favebat
1089 4375 1140 4430 ei
1174 4374 1518 4446 plerumque
1543 4372 1775 4425 fortuna
1809 4369 2284 4438 belli,vehemen-

634 4468 820 4533 tibus,
872 4466 1006 4521 licet
1053 4462 1428 4524 inordinatis,
1481 4460 1672 4514 ruenti
1727 4458 2104 4524 incursibus;
2137 4476 2281 4526 quos

628 4572 800 4627 saepe,
837 4552 1242 4608 ineluctabiles
1288 4549 1507 4621 eXperti
1562 4548 1781 4603 milites
1831 4548 2038 4614 nostri,
2072 4564 2280 4619 parum

2442 1926 2487 1981 H
2551 1924 2643 1997 μὶν
2697 1924 2786 1979 οὖν
2848 1926 3026 1999 Μαρία
3063 1922 3337 1999 ἔμφορτος
3377 1923 3508 1979 οὖσα
3536 1928 3613 1994 τῷ
3646 1923 3752 1978 ἀπὸ
3805 1928 3905 1978 τοῦ
3946 1924 4080 1998 βαρ-

2425 2009 2597 2090 ϐάρου
2654 2018 2933 2088 κυήματι,
2985 2018 3099 2088 ἅμα
3150 2012 3304 2070 παιδὶ
3362 2013 3601 2089 Μιχαὴλ
3650 2014 3785 2090 πρὸς
3850 2012 4081 2088 βασιλέα

2426 2103 2715 2177 (ἇπεδημει
2773 2106 2874 2181 γὰρ
2935 2110 3003 2179 τῇ
3081 2103 3371 2180 ’Λδριανοῦ
3429 2106 3491 2159 τὸ
3549 2101 3821 2179 δεύτερον)
3886 2102 4085 2177 ἤγετο,

2420 2320 2561 2375 totis
2592 2320 2721 2375 suis
2751 2319 2974 2375 viribus
3005 2336 3119 2374 non
3154 2323 3478 2386 uterentur,
3510 2323 3567 2375 et
3596 2319 3838 2375 horrore
3882 2320 4083 2391 captio

2417 2409 2621 2463 vitatis
2652 2409 2835 2463 nimio
2863 2409 3161 2464 constricti
3183 2410 3623 2464 retardarentur
3652 2426 3685 2464 a
3716 2409 4080 2464 connitendo

2420 2504 2702 2569 quantum
2738 2504 2996 2571 possent.
3033 2499 3095 2553 In
3131 2499 3238 2552 hoc
3271 2503 3395 2553 tum
3451 2500 3604 2554 nodo
3654 2498 3917 2553 haerebat
3951 2498 4076 2553 bel-

2416 2586 2562 2652 lum,
2593 2589 2705 2643 cito
2755 2587 2969 2658 alioqui
3014 2588 3362 2643 ﬁniendum.
3414 2588 3558 2643 Nam
3613 2592 3671 2644 et
3715 2587 3989 2657 plurima
4021 2594 4081 2644 et

2416 2676 2844 2732 ﬂorentissimae
2894 2678 3288 2749 undecunque
3337 2676 3682 2733 conclusum
3733 2677 4077 2733 Lachanam

2413 2766 2628 2821 Asanis
2659 2767 2837 2838 copim
2867 2766 3185 2835 tenebant;
3238 2782 3341 2822 nec
3391 2771 3589 2821 tamen
3638 2766 4079 2832 debellabatur,

2414 2860 2564 2911 metu
2592 2855 2873 2925 perculsis
2899 2857 3181 2911 Romanis
3203 2855 3494 2911 militibus
3511 2856 3584 2910 ob
3599 2854 3851 2910 nimium
3875 2856 4073 2911 diver-

2412 2961 2539 2999 sam
2575 2945 2969 2999 conditionem
3004 2945 3282 3016 utrinque
3312 2944 3936 3016 captivorum.Nempe
3962 2945 4071 3015 qui

2411 3052 2445 3089 a
2475 3035 2691 3090 nostris
2725 3034 2875 3089 bello
2906 3033 3523 3106 eapiebantur,felices
3556 3032 3871 3104 dupliciter
3891 3040 4070 3089 erant

2410 3128 2534 3177 tum
2569 3124 2724 3194 quod
2758 3123 2992 3178 saevitiae
3022 3124 3130 3177 diri
3166 3123 3422 3194 tyranni,
3446 3123 3539 3177 cui
3571 3123 4072 3184 servierant.sub-

2407 3212 2574 3266 tracti
2607 3217 2825 3278 essent,
2859 3216 2982 3266 tum
3017 3212 3175 3283 quod
3207 3212 3265 3265 in
3310 3210 3501 3267 lenem
3533 3217 3711 3283 atque
3733 3212 4070 3268 humanam

2403 3303 2760 3359 transissent
2793 3306 3142 3372 potestatem
3168 3300 3476 3356 clementis
3508 3301 3795 3372 principis
3830 3318 3843 3355 :
3876 3318 4074 3358 econ-

2404 3391 2582 3446 trario
2613 3390 2714 3461 qui
2746 3408 2781 3445 a
2808 3391 3089 3446 Lachanaa
3124 3389 3416 3445 militibus
3449 3390 3918 3457 abducebantur,
3938 3406 4070 3446 cer-

2404 3485 2527 3535 tum
2547 3480 2840 3535 habebant
2854 3498 2883 3535 n
2896 3479 3073 3534 ullam
3091 3494 3399 3549 superesse
3413 3479 3624 3534 salutis
3638 3494 3828 3550 spem;
3843 3480 4073 3551 quippe

2402 3570 2699 3636 statim,ut
2727 3567 3299 3635 hostes,inexorahili
3326 3568 3555 3623 feritate
3587 3569 4067 3624 trucidabantur.

2398 3732 2450 3786 8.
2488 3732 2551 3787 Ut
2581 3730 2761 3785 Maria
2790 3728 3015 3799 quidem
3046 3727 3256 3782 tradita
3286 3726 3639 3797 imperatori,
3691 3728 3839 3782 Asan
3868 3732 4067 3783 autem

2721 3804 2868 3856 intra
2902 3801 3202 3855 Temobum
3230 3798 3507 3854 admissus
3534 3798 3725 3871 fuerit.

2470 3926 2720 3981 Extracti
2754 3942 2857 3997 per
2888 3926 2995 3981 has
3025 3942 3219 3981 moras
3252 3925 3309 3980 in
3343 3924 3580 3997 longius
3610 3941 3777 3997 aequo
3816 3928 4067 3997 tempus

2396 4016 2532 4072 belli
2567 4016 2863 4087 Bulgaridi
2898 4033 3011 4069 non
3044 4014 3281 4070 aliunde
3300 4031 3333 4069 a
3357 4014 3839 4085 prudentioribus
3860 4014 4068 4073 exitus

2392 4106 2837 4177 exspectabatur
2867 4121 3039 4175 quam
3075 4121 3108 4158 a
3131 4103 3295 4159 clade
3327 4103 3641 4171 Lachanna;
3677 4103 3913 4175 qualem
3946 4107 4065 4159 fuit

2392 4193 2549 4249 brevi
2570 4197 3045 4263 ssperventuram
3066 4191 3325 4262 aliquam
3344 4190 3687 4247 verisimilis
3711 4208 3848 4263 spes
3865 4200 4059 4259 esset,

2390 4284 2543 4355 quod
2578 4284 2627 4338 is
2659 4282 3132 4351 frequentissime
3156 4280 4059 4353 periculosissimequedimica-

2390 4378 2497 4437 ret,
2550 4389 2655 4428 nec
2704 4388 2936 4443 semper
2978 4376 3397 4442 superaturum
3451 4377 3758 4443 appareret
3807 4378 4061 4444 prepter

2388 4463 2621 4519 solitam
2654 4463 3118 4517 inconstantiam
3154 4462 3355 4528 sortis,
3403 4462 3729 4534 praesertim
3783 4479 3925 4521 cum
3962 4465 4062 4519 in-

2388 4553 2565 4608 ﬂatus
2596 4552 2970 4608 successibus
2994 4550 3181 4607 multa
3206 4559 3421 4606 temere
3443 4550 3894 4622 inconsulteque
3919 4569 4061 4608 sus-

622 4647 745 4715 jam
781 4644 1039 4699 lidebant
1068 4640 1395 4709 disciplina:
1417 4645 1592 4710 atque
1638 4637 1827 4693 ordini
1877 4653 2053 4708 quem
2076 4638 2277 4692 obser-
2315 4632 2350 4690 ἰ)
2386 4644 2624 4714 ciperet.
2656 4643 2715 4697 Id
2770 4658 2883 4695 non
2920 4640 3067 4696 falso
3120 4640 3423 4712 provisum
3470 4641 3627 4696 haud
3676 4640 3867 4697 multo
3916 4649 4064 4717 post

626 4751 761 4790 vare
790 4734 847 4787 in
883 4733 1006 4787 acie
1032 4730 1380 4796 didicerant,
1418 4744 1483 4782 ac
1526 4727 1746 4799 passim
1799 4727 2118 4781 horrebant
2147 4743 2280 4781 cum

626 4840 693 4879 eo
725 4820 1022 4893 congredi,
1056 4818 1377 4890 praesertim
1411 4817 1566 4888 quod
1612 4814 1882 4886 exempla
1911 4815 2278 4871 crudelitatis

636 4930 763 4986 quae
797 4912 973 4966 homo
1013 4910 1173 4965 ferus
1203 4913 1261 4963 et
1291 4906 1571 4962 immanis
1600 4905 1659 4959 in
1709 4904 1858 4960 bello
1890 4903 2079 4975 captis
2109 4906 2281 4960 edere

629 5002 873 5063 solebat,
909 5000 1023 5055 late
1050 4996 1286 5070 vulgata
1318 4996 1730 5069 refrigerarent
1779 4994 2035 5065 impetus
2066 4994 2276 5050 misso-

630 5108 761 5147 rum
794 5098 994 5144 contra
1043 5104 1177 5143 eum
1227 5087 1484 5141 militum
1540 5090 1899 5152 nostrorum,
1949 5084 2106 5139 448
2143 5083 2277 5140 inde

629 5185 811 5237 morte
856 5180 1025 5252 pejus
1070 5177 1433 5231 horrentium
1511 5191 1725 5229 manus
1775 5189 1906 5227 cum
1956 5172 2056 5227 tali
2111 5173 2277 5230 hoste

623 5286 949 5336 conserere,
982 5284 1156 5339 quem
1206 5265 1369 5321 nulla
1421 5264 1827 5321 calamitatum
1879 5262 2273 5319 humanarum

620 5358 1026 5415 misericordia
1051 5355 1308 5410 molliret
1341 5355 1409 5408 ad
1448 5352 1874 5409 sublevandam
1906 5351 2277 5424 indulgentia

614 5449 701 5505 vel
734 5448 980 5504 minima
1012 5461 1212 5501 eorum
1246 5449 1643 5515 sortem,quos
1677 5442 1736 5496 in
1760 5442 1892 5511 ejus
1923 5446 2273 5511 potestatem

613 5539 767 5595 Mars
820 5538 1019 5592 varius
1070 5534 1285 5590 infelici
1337 5550 1477 5589 casu
1540 5531 1885 5599 redegisset.
1936 5530 2081 5585 Huic
2120 5538 2273 5589 certe

613 5646 802 5687 causa:
834 5628 1255 5700 imputabatur,
1291 5624 1446 5697 quod
1492 5622 1704 5693 majori
1763 5637 1918 5691 sepe
1968 5622 2271 5680 commissi

616 5720 875 5794 potentia
917 5720 1244 5775 Lachanam
1292 5732 1407 5772 non
1456 5712 1782 5782 vincerent,
1814 5710 1955 5783 quia
1985 5713 2270 5771 nimirum

2391 4732 2677 4797 constitit,
2747 4731 2904 4786 fama
2959 4745 3097 4785 vera
3170 4730 3415 4801 vulgata
3472 4730 3605 4785 victi
3667 4748 3701 4785 a
3758 4730 4060 4788 Tocharis

2390 4821 2588 4894 praelio
2626 4821 2921 4877 Lachansa.
2956 4822 3078 4886 Quo
3121 4818 3331 4875 nuntio
3381 4819 3553 4875 exciti
3599 4820 3943 4876 Ternobitae
3974 4824 4056 4878 ad

2390 4914 2737 4983 captandam
2764 4911 2986 4966 dudum
3002 4915 3262 4981 optatam
3276 4909 3645 4965 occasionem
3659 4910 4057 4978 excutiendae,

2391 5000 2718 5056 cervicibus
2770 5000 2929 5053 fmdaa
2964 4998 3230 5071 tyrannis
3290 4998 3600 5069 Mariusque
3664 4997 4057 5066 ulciscenda,

2388 5091 2446 5146 in
2481 5106 2658 5160 quam
2693 5089 2954 5160 antiquis
2984 5087 3135 5143 odiis
3184 5086 3533 5157 ﬂagrabant,
3585 5088 3799 5145 dedere
3843 5089 4053 5160 ipsam

2387 5182 2773 5235 decreverunt
2803 5194 2921 5233 una
2949 5178 3097 5233 447
3135 5192 3270 5232 cum
3303 5175 3423 5232 filio
3465 5176 3717 5233 ducibus
3746 5180 4056 5237 exercitus

2386 5268 2781 5339 imperatoris,
2812 5270 3185 5337 Asanemque
3216 5266 3276 5321 in
3307 5266 3617 5321 dominum
3656 5266 4054 5337 recipere,cui

2376 5360 2479 5429 jus
2501 5363 2630 5413 vetu
2646 5375 2672 5412 s
2703 5356 3074 5428 competebat
3095 5371 3163 5410 ex
3183 5372 3396 5426 genere
3419 5356 3491 5411 ad
3518 5355 3960 5413 successionem
3988 5360 4054 5414 in

2384 5464 2632 5519 regnum
2667 5446 3073 5515 Bulgarorum.
3101 5445 3285 5501 Maria
3324 5444 3507 5517 igitur
3555 5451 3792 5501 uterum
3827 5464 4053 5519 gerens

2382 5555 2451 5594 ex
2483 5537 2730 5592 barbaro
2764 5534 3057 5602 Lachana,
3101 5534 3281 5590 simul
3322 5552 3457 5591 cum
3506 5534 3790 5591 Michaele
3833 5553 4049 5609 puero,

2381 5630 2634 5685 deducta
2664 5631 2736 5683 ad
2768 5627 3180 5699 imperatorem
3209 5626 3651 5699 AdrianOpolim
3688 5632 3779 5683 est
3807 5629 3892 5698 (in
3910 5645 4051 5687 eam

2383 5718 2539 5776 enim
2594 5718 2799 5773 urbem
2850 5718 3173 5791 imperator
3214 5716 3476 5776 secundo
3525 5716 3893 5792 advenerat),
3940 5720 4054 5776 ubi
