4210 6448
598 390 706 444 907
1905 375 2209 433 GEORGII
2247 369 2711 427 racemum
3907 374 4021 431 903

598 512 943 583 εὖκόμιστος,
973 506 1027 560 ἓν
1079 504 1272 581 ἀφανεῖ
1316 497 1673 575 περισχόντες
1728 497 1947 557 σάκκοις
2004 494 2093 549 καὶ
2146 500 2247 562 τῆς
2277 498 2330 561 Α
2358 491 2424 544 τὰ
2478 497 2600 583 τῇς-
2628 490 3000 583 πατριαρχίας
3033 488 3526 583 διαφέροντα-κατὰ
3559 499 3701 566 μῆνα
3716 499 4025 583 ῨΛηναιῖυνα

598 574 816 659 πόλεως
870 574 1193 653 ἐκϐαλόντες
1249 574 1480 657 νυκτὸς,
1540 586 1695 641 αὐτοὶ
1752 585 1879 646 τοὺς
1940 583 2015 646 εἷς
2073 585 2245 638 ἄνεσιν
2354 584 2455 646 τῆς
2512 574 2758 652 ἑϐδόμης
2835 576 3170 641 ἰνδικτιῶνος
3228 576 3398 634 δειναὶ
3454 582 3782 655 κατηγορίαι
3838 583 4023 657 τούτῳ

599 688 689 743 καὶ
744 686 951 763 τρυφὴν
1010 683 1118 737 τῶν
1174 678 1273 749 ἔξω
1325 698 1430 731 που
1460 682 1561 744 τῆς
1589 673 1806 737 πόλεως
1836 672 2072 743 ἐξιόντας
2104 691 2250 746 σχη-
2352 667 2499 763 παρά
2550 688 2711 763 τινων
2744 671 2840 763 τος)
2892 669 3106 763 κλήρου
3159 667 3583 763 ωρἑάπῖτονῖᾳι,
3643 668 3860 763 quise-5‘
3920 674 4019 744 μὲν

607 752 968 852 ματισάμενοι
1046 771 1145 825 ἀνᾶ
1223 768 1418 843 κράτος
1486 763 1607 819 εὐθὺ
1662 770 1763 832 τῆς
1821 760 2249 837 μεγαλοπόλεως
2350 754 2440 808 καὶ
2474 752 2725 825 διακενῆς
2879 758 3156 831 παράπαν,
3207 756 3270 811 οὐ
3320 758 3427 852 μὴν
3480 754 3537 811 δὲ
3590 759 3677 852 καὶ
3730 756 4022 835 δυσχερεῖς

603 841 825 943 ἔφευγον
864 908 877 921 .
930 859 1034 916 Καὶ
1094 841 1310 933 πρῶτον
1366 854 1442 917 εἷς
1496 848 1869 927 Μεσέμϐρειαν
1935 852 2037 906 ὑπὸ
2098 852 2251 926 βασι-
2350 848 2429 915 τῷ
2461 848 2743 943 κρατοῦντι
2777 841 3182 943 δέχεσθαιῖἮν
3213 845 3335 943 ,γὰρ
3388 844 3588 943 ἐκείνω.
3633 843 3723 900 διὰ
3771 847 4019 917 σπουδῆς

603 932 755 1026 lixa"
797 952 1001 1023 κόμπῳ
1045 932 1145 1001 καὶ
1191 948 1367 1022 τρυφῇ
1428 944 1743 1020 φθάσαντες,
1804 942 1877 1001 ὡς
1930 941 2006 1013 μὴ
2064 960 2247 1017 φωρα-
2350 932 2615 1026 πλείστης
2670 932 2954 1026 υποχαμλλᾷν
3013 935 3104 1026 τὸν
3162 934 3318 1026 τόνον
3350 938 3446 989 τοῦ
3491 934 3673 1026 ¹ζήλου
3700 941 3782 1008 τῷ
3810 958 4017 1011 πατρι-

602 1018 737 1108 θεῖεν
798 1018 1116 1120 φεόγοντες,
1176 1018 1318 1091 οὕτω
1377 1018 1619 1105 θαλάσσῃ
1677 1036 1918 1106 χρῶνται
1974 1031 2060 1083 καὶ
2102 1028 2249 1120 ’πλῷ
2350 1020 2517 1120 έρχῃ,
2596 1021 2685 1075 καὶ
2738 1020 2981 1120 ,μάλλον
3046 1022 3113 1120 τά.
3172 1018 3705 1120 afﬁrmata—g5
3764 1026 4017 1120 ὑῗτογύῳ

598 1104 735 1195 ima;
791 1104 1131 1200 τῆν’πόλιν.
1194 1124 1294 1181 Καὶ
1352 1122 1417 1191 δὴ
1478 1104 1841 1195 καταχθέντας
1883 1123 1951 1193 τῇ
1991 1116 2126 1172 κατὰ
2152 1117 2244 1171 τὸν
2350 1104 2571 1181 ἔχοντα,
2629 1110 2753 1185 περὶ
2813 1112 2885 1164 ὧν
2941 1110 3195 1187 ἀνωτέρω
3246 1111 3464 1188 ἐρῥέθη,
3527 1118 3705 1167 Ταῦτα
3759 1116 3860 1189 γὰρ
3921 1118 4016 1169 καὶ

596 1188 903 1279 ιᾸνέπλοξΝ
959 1221 1055 1271 τοῦ
1113 1188 1561 1288 ἀρχιστραέήγου
1618 1188 1766 1281 ’μονῇ
1812 1208 1892 1285 ἐφ’
1929 1188 2173 1281 ’ἡμέραις
2219 1207 2245 1259 ὁ
2351 1194 2495 1288 ἄλλ’-
2529 1195 2946 1288 άτταᾼπλεῖστα
3004 1196 3464 1288 ἐπισυμόαίνοντα
3522 1202 3725 1270 ἀνῆπτε
3757 1204 3852 1274 μὲν
3906 1206 4012 1273 τὴν

2355 1283 2622 1360 βασιλέως
2677 1286 2870 1361 ὀργὴν,
2932 1290 2995 1342 οὐ
3059 1290 3165 1361 μὴν
3228 1287 3274 1343 δ’
3332 1290 3476 1364 εἶχεν
3514 1289 3664 1351 ὅπως
3695 1298 3798 1359 τῆς
3827 1292 4015 1365 ὁρμῆς

2349 1373 2547 1448 ἐπίσχὸ
2575 1374 2667 1429 τὸν
2698 1373 2866 1449 ἄνδρα
2908 1376 2997 1431 καὶ
3047 1376 3237 1440 ἄλλως
3289 1378 3555 1453 ὁρμηνίαν
3590 1375 3720 1433 ὄντα
3765 1379 3855 1433 καὶ
3888 1382 4015 1455 Θερ-

2353 1463 2613 1537 μουργὸν,
2671 1462 2818 1533 πλὴν
2870 1466 2933 1519 οὐ
2984 1467 3051 1519 τὰ
3104 1468 3222 1520 καθ’
3282 1465 3440 1520 αὐτὸν
3501 1467 3729 1540 (τούτων
3780 1469 3886 1543 γὰρ
3918 1469 4013 1523 καὶ

2348 1552 2793 1627 ἀπεριμερίμνως
2826 1556 3022 1628 εἶχεν),
3072 1554 3222 1610 ἀλλᾶ
3266 1555 3332 1609 τὰ
3381 1558 3498 1610 καθ’
3548 1556 3765 1631 ἑτέρους
3816 1560 4012 1612 συνοί-

2348 1662 2527 1697 σοντα.
2587 1646 2850 1712 Ζητοῦντι
2910 1649 3039 1718 γοῦν
3093 1644 3297 1719 τρόπον
3356 1646 3479 1709 καθ’
3509 1646 3567 1700 ὃν
3616 1645 3881 1719 ὑποκλίνῃ
3909 1649 4003 1703 τὸν

589 1728 996 1829 ἑμφανίέξσβαι,
1056 1750 1142 1821 [Ρ.
1202 1747 1328 1816 307]
1388 1745 1414 1797 ὁ
1476 1739 1533 1795 δέ
1588 1762 1651 1829 γε
1702 1744 1967 1829 Τερτερῆς
2025 1739 2244 1829 ipsi?“
2346 1728 2828 1829 léovrixnxp-dfm’
3066 1735 3134 1829 τα
3187 1734 3635 1829 κατηγορημένα,
3686 1733 3875 1829 ἄλλως
3906 1737 4007 1829 οόκ

595 1816 897 1919 βασιλείας,
932 1816 1200 1892 Θελόντων
1252 1832 1339 1887 καὶ
1378 1835 1486 1885 τῶν
1534 1828 1883 1903 Βουλγάρων,
1931 1824 2241 1899 ἐπιλαμϐά-
2268 1874 2316 1919 ῃ
2347 1818 2535 1919 ἀληθῆ,
2581 1818 3008 1919 δοκῗῦντοικοῑςδι
3042 1821 3453 1919 -εὐπαράδεκτφ
3496 1826 3716 1919 ΜῬοπῆς
3769 1827 3897 1919 γιίιρ⁵
3927 1824 4003 1919 εἷς

586 1907 754 1989 vetat.
816 1930 919 1986 Καὶ
978 1927 1028 1981 ἐν
1086 1922 1263 1997 ὀλίγῳ
1295 1919 1387 1993 ἅμ’
1417 1917 1649 1989 ἤκούετο
1696 1917 1971 1991 βασιλείας
2022 1913 2239 1971 ἐπιϐαί-
2270 1907 2317 1938 D
2344 1907 2598 1997 πορνείαν
2647 1908 2744 1963 κᾶν
2779 1908 2995 1979 Πηλεὺς
3029 1909 3207 1986 ὦφλεν
3238 1910 3296 1964 ἃν
3329 1909 3365 1979 ἢ
3407 1909 3632 1981 ἐκεῖνος,
3692 1910 4004 1985 ἱεροσυλίας

585 2043 717 2089 νων,
774 2021 862 2073 καὶ
919 2019 1029 2089 ἅμα
1072 1992 1451 2083 ταιν-ιούμενος
1500 2009 1633 2063 κατὰ
1686 2007 1938 2083 βασιλέας
1978 2006 2239 2083 ἐγκρατὴς
2347 1993 2404 2089 δε
2479 1992 2715 2089 ἔγκλημ’
2789 1997 2847 2051 ἂν
2908 2000 3281 2089 ἀπηνέγκατο
3318 2000 3407 2053 καὶ
3469 2001 3498 2054 ὁ
3532 2000 3642 2089 ἐπ’
3695 2000 4006 2089 ἀνθρώποις

1234 2065 1407 2156 Ἀὶλλὰ
1440 2065 1619 2152 ’ταῦτα
1653 2065 1746 2169 μὲν
1779 2096 1832 2159 ἐς
1859 2065 2141 2167 τοσοέτόν,
2345 2065 2689 2181 ἀδωρότατος
2741 2065 3111 2181 ’ᾼριστείόνηςί
3157 2087 3393 2181 μάλ-λονᾲ
3430 2089 3465 2157 ἢ
3525 2088 3715 2161 ἐκείνῳ
3774 2087 4003 2181 δικαίως

579 2198 629 2265 δ’
662 2174 902 2261 ἐντεῦθεν
937 2174 1148 2257 ἐσαῦθις
1183 2191 1432 2268 ἐροῦμεν·
2343 2177 2712 2268 προσήπτετο.
2749 2177 2816 2231 Τὸ
2857 2174 2915 2231 δὲ
2964 2176 3041 2238 εἷς
3091 2176 3318 2268 βασιλέα
3356 2179 3440 2268 Ῠὼς
3480 2182 3783 2268 καταρῷτο,
3840 2178 4001 2233 αὐτό-

594 1315 804 1386 κρατῶν
837 1309 935 1363 οὐκ
966 1304 1209 1380 ἐδέχετο,
1261 1303 1312 1356 ἐν
1362 1301 1501 1374 ὀργῇ
1544 1298 1777 1367 παντοίᾳ
1826 1299 1926 1365 τὴν
1955 1297 2243 1372 ἀποφυγὴν

590 1383 945 1471 ποιούμενος,
993 1394 1080 1447 καὶ
1115 1393 1176 1446 τὸ
1207 1396 1308 1445 πᾶν
1344 1387 1524 1458 δειλίᾳ
1552 1387 1640 1441 καὶ
1684 1383 1983 1461 κακανδρίᾳ
2028 1384 2246 1439 ἐκείνων

590 1490 814 1564 κρίνων,
846 1481 1077 1539 πολλῶν
1111 1480 1289 1534 πόνων
1321 1478 1411 1531 καὶ
1444 1474 1639 1547 ἐξόδων
1673 1474 1949 1529 ἀπώλειαν
2006 1472 2057 1527 ἐν
2114 1474 2244 1548 βρα-

592 1560 705 1653 χεῖ.
761 1581 846 1636 Ὡς
906 1570 951 1626 δ’
1011 1570 1111 1625 οὐκ
1164 1570 1230 1637 ἧν
1288 1567 1351 1621 τὸ
1382 1566 1609 1641 γεγονὸς
1640 1562 1981 1629 ἀναλύεσθαι,
2015 1560 2241 1623 ἐκείνοις

594 1649 688 1742 μὲν
750 1665 1076 1739 ἐκχωρεῖται
1134 1659 1232 1725 τὴν
1279 1654 1441 1710 πόλιν
1502 1651 1839 1715 εἰσελθόντας
1896 1656 1975 1722 τῷ
2028 1649 2245 1725 βασιλεῖ

587 2345 656 2399 ι’.
726 2347 911 2403 Ὅπως
978 2336 1307 2411 κατηγορίαι
1373 2328 1869 2411 κατεσκευάσθησαν
1939 2330 2075 2383 κατὰ
2138 2331 2235 2385 τοῦ

1107 2404 1452 2481 πατριάρχου
1484 2404 1708 2459 Βὲκκου.

649 2538 792 2611 Ἤδη
849 2536 905 2592 δὲ
961 2534 1173 2620 χρόνων
1236 2529 1657 2607 παρῳχηκότων
1705 2528 1973 2603 τεττάρων
2004 2527 2231 2601 Ἰωάννῃ

580 2757 891 2832 tinopolim
936 2768 1140 2811 versus
1184 2753 1293 2807 iter
1350 2747 1620 2820 arripuit.
1674 2748 1751 2801 Ac
1808 2744 2231 2801 Mesembream

581 2851 817 2925 quidem
849 2860 1036 2915 usque
1067 2841 1223 2911 regia
1254 2854 1469 2911 pompa
1498 2836 1757 2925 luxuque
1778 2834 2035 2925 speciem
2067 2850 2229 2889 secu-

581 2924 773 2996 ritatis
795 2935 1198 2991 ostentarunt:
1235 2944 1361 3000 quas
1394 2924 1693 2981 simulatio
1743 2924 2074 2979 necessaria
2102 2929 2227 2980 erat

582 3048 653 3086 ne
676 3030 816 3098 fuga
845 3022 1213 3096 deprehensa
1243 3018 1613 3073 sisterentur.
1643 3019 1921 3069 Caeterum
1954 3012 2032 3067 ibi
2082 3030 2225 3069 nave

579 3131 901 3176 conscensa
926 3109 1075 3167 mari
1108 3107 1449 3177 Byzantium
1480 3105 1769 3159 feruntur.
1795 3103 2075 3173 Exceptos
2104 3101 2222 3158 illic

579 3212 768 3284 primo
800 3218 1080 3261 exscensu
1104 3199 1292 3255 sancti
1326 3192 1987 3266 ArchangeliMichaelis
2018 3209 2219 3247 mona-

581 3280 760 3355 sterio
792 3309 969 3367 prope
1002 3294 1237 3363 portum
1269 3286 1379 3342 sito
1413 3286 1731 3355 imperator
1762 3280 1985 3352 aliquot
2017 3282 2224 3337 diebus

585 3386 952 3445 admissione
990 3379 1257 3443 exclusit,
1295 3377 1479 3431 iratus
1521 3374 1666 3445 ipsis
1722 3372 2102 3427 vehementer
2162 3372 2235 3427 ob

585 3480 788 3549 fugam
820 3488 997 3545 quam
1024 3468 1327 3540 judicabat
1356 3462 1831 3533 intempestivam
1859 3480 1873 3529 ;
1928 3465 2236 3531 totumque

584 3569 641 3623 id
670 3563 983 3621 consilium
1007 3575 1165 3615 vana:
1198 3556 1536 3627 ignavaeque
1558 3551 1854 3607 formidini
1882 3550 2232 3613 ascribebat,

587 3675 701 3727 qua
734 3656 959 3710 fructus
985 3650 1252 3703 laborum
1296 3641 1849 3713 expeditionumque
1909 3638 2231 3694 multarum

584 3763 701 3803 uno
736 3744 1029 3798 momento
1063 3734 1406 3793 inconsultae
1448 3729 1699 3787 levitatis
1742 3731 2034 3799 jacturam
2093 3727 2232 3783 irre-

579 3832 903 3910 parabilem
963 3827 1319 3900 querebatur
1378 3822 1611 3876 factam.
1691 3818 1958 3910 Denique
2009 3822 2228 3910 tamen,

577 3906 713 3982 cum
746 3921 901 3994 quod
936 3919 1156 3973 factum
1177 3910 1706 3985 quomodocumque
1735 3908 1921 3962 fuerat
1945 3906 2228 3961 infectum

572 4014 700 4068 ﬁeri
733 4008 1021 4081 nequiret,
1056 4001 1327 4076 permisit
1357 4000 1428 4053 iis
1456 3996 1740 4069 ingressis
1792 3996 2086 4051 civitatem
2117 3996 2227 4051 sibi

570 4121 633 4160 se
667 4103 896 4158 sistere.
927 4095 1167 4153 Interim
1208 4095 1471 4147 Terteres
1530 4103 1782 4143 vacuum
1822 4087 2035 4142 Asanis
2089 4087 2227 4157 fuga

566 4192 733 4264 regni
766 4191 1070 4253 thronum,
1105 4198 1320 4253 magna
1351 4178 1736 4250 Bulgarorum
1768 4175 2089 4246 voluntate,
2122 4194 2222 4247 pa-

561 4282 680 4337 lam
713 4276 1037 4349 occupavit,
1072 4287 1310 4343 unoque
1348 4269 1553 4324 nuntio
1579 4266 1816 4321 auditus
1847 4270 1936 4321 est
1966 4269 2023 4320 et
2052 4282 2221 4321 occu-

564 4386 739 4443 passe
772 4381 1021 4439 regnum
1045 4367 1101 4418 et
1126 4357 1375 4416 solemni
1408 4357 1518 4411 ritu
1553 4358 1867 4410 coronatus
1899 4354 2105 4425 sicque
2161 4356 2219 4408 in

559 4462 735 4534 plena
772 4462 830 4514 et
863 4466 1018 4511 certa
1069 4449 1430 4507 constitutus
1490 4445 1867 4517 possessione
1925 4444 2217 4515 Bulgarici

559 4548 946 4622 principatus.
982 4544 1113 4597 Haec
1140 4545 1279 4595 tunc
1331 4538 1389 4591 in
1421 4535 1578 4590 hunc
1612 4535 1847 4589 modum
1902 4550 1965 4589 se
1997 4535 2215 4590 habue-

554 4643 713 4695 runt.
758 4637 891 4700 Quae
922 4636 1125 4687 secuta
1157 4633 1316 4696 sunt,
1338 4627 1395 4681 in
1436 4630 1699 4695 tempore
1725 4623 2059 4679 reddemus.

554 4739 641 4793 10.
706 4737 769 4793 Ut
825 4731 1198 4789 accusationes
1250 4725 1538 4781 adornatae
1586 4723 1698 4777 sint
1728 4725 1920 4777 contra
1956 4723 2209 4791 patriar.

1152 4801 1315 4857 cham
1334 4800 1572 4854 Veccum.

617 4911 745 4964 lam
770 4910 965 4961 autem
992 4898 1239 4957 evolutis
1262 4897 1434 4953 annis
1458 4899 1711 4967 quatuor
1732 4909 1800 4949 ex
1821 4909 1932 4963 quo
1948 4892 2206 4949 Joannes

547 4996 988 5072 patriarchatus
1015 4992 1236 5057 honor;
1275 4984 1869 5060 prmcellebat,mense
1891 4982 2201 5039 Februario

543 5089 810 5161 septimas
832 5081 1198 5149 indictionis,
1231 5092 1440 5151 graves
1471 5076 1527 5130 in
1562 5090 1696 5129 eum
1733 5072 2136 5128 accusationes
2167 5091 2200 5129 a

541 5178 901 5253 quibusdam
919 5192 949 5231 e
964 5173 1117 5229 clero
1133 5166 1801 5236 conﬂantur,mendaces
1821 5163 1931 5218 illas
1955 5164 2193 5236 quidem

538 5288 605 5327 ac
639 5268 1063 5341 planeinanes,
1092 5279 1209 5317 non
1237 5266 1434 5314 tamen
1483 5254 1776 5326 ejusmodi
1837 5270 1987 5324 quas
2044 5270 2194 5326 aegre

534 5361 855 5431 imperator
868 5349 1513 5411 admitteret.Studebat
1525 5346 1682 5401 enim
1701 5344 1798 5399 ille
1819 5343 1904 5399 vel
1941 5344 2192 5400 maxime

536 5448 798 5507 nancisci
832 5447 1074 5502 modum
1106 5440 1417 5498 hebetandi
1452 5438 1636 5493 aciem
1673 5436 1861 5506 nimii,
1896 5438 2187 5507 450que

530 5542 754 5597 dudum
770 5532 1304 5600 oti‘endebatur,zeli
1320 5527 2071 5603 patriarchaPupugerant
2088 5544 2185 5581 au-

526 5638 645 5689 tem
680 5646 814 5685 eum
847 5633 904 5683 et
935 5625 1421 5697 exasperaverant
1437 5635 1554 5674 non
1578 5634 1786 5689 parum
1806 5617 1907 5671 illa
1929 5633 2053 5689 quae
2080 5634 2183 5671 nu-

528 5738 632 5795 per
656 5736 840 5776 ausus
859 5718 919 5773 in
932 5717 1131 5789 ipsum
1149 5728 1318 5787 agere
1332 5726 1399 5769 ac
1416 5726 1611 5767 coram
1628 5708 1788 5780 loqui
1808 5708 1990 5765 libere
2003 5712 2177 5780 atque

2345 2275 2430 2327 θεν
2457 2266 2556 2332 τήν
2606 2268 2965 2343 συκοφαντίαν
2998 2265 3298 2343 προΐσχετο
3343 2267 3700 2341 ἀκουόμενον.
3759 2270 4003 2330 Ἐκεῖνος

2342 2352 2441 2427 γὰρ
2500 2352 2670 2408 πάλαι
2724 2351 3035 2430 πρεσϐεύων
3093 2356 3169 2418 εἷς
3226 2354 3456 2431 βασιλέα
3517 2358 3649 2432 ὑπὲρ
3682 2378 3829 2419 τινος
3886 2362 4000 2411 τῶν

2344 2442 2659 2517 χρῃζόντων
2718 2444 2905 2508 ἐλέους
2952 2444 3223 2508 πολλάκις
3260 2448 3356 2519 μὲν
3408 2449 3543 2501 κατὰ
3588 2452 3776 2523 πεῖραν
3826 2445 4003 2523 προδ-

2344 2551 2481 2587 τεινε
2511 2534 2577 2588 τά
2634 2535 2685 2589 οἱ
2718 2531 2981 2589 δοκοῦντα
3041 2535 3331 2607 συνοίσειν,
3388 2535 3708 2599 τοσαυτάκις
3742 2532 3798 2591 δὲ
3828 2557 4003 2613 προσ-

2340 2750 2615 2807 ardenter
2646 2751 2979 2823 patriarcha
3001 2752 3210 2821 fuerat,
3244 2758 3419 2825 prout
3467 2753 3743 2827 superius
3772 2770 3995 2812 memo-

2340 2840 2620 2896 ravimus.
2654 2842 2753 2908 Ea,
2787 2842 3053 2912 inquam,
3086 2847 3143 2897 et
3172 2842 3723 2915 alia,plurimaejus
3744 2845 3987 2916 generis

2336 2945 2465 3000 quae
2488 2930 2735 2987 subinde
2765 2936 3160 2997 occurrerant,
3188 2931 3365 2987 bilem
3397 2933 3552 2987 haud
3586 2933 3761 2989 dubie
3789 2950 3998 2989 move-

2333 3023 2471 3073 rant
2506 3036 2621 3074 non
2655 3019 3089 3091 patientissimo
3109 3020 3357 3092 principi
3383 3038 3397 3088 ;
3428 3022 3522 3077 cui
3545 3026 3742 3077 tamen
3768 3023 3839 3077 ad
3865 3039 3995 3078 ma-

2333 3124 2475 3162 num
2500 3125 2612 3163 non
2630 3114 2755 3164 erat
2777 3099 3190 3165 frenum-aliud
3207 3109 3396 3166 ullum
3413 3127 3527 3182 quo
3549 3110 3837 3182 impetum
3859 3113 3956 3182 eju
3972 3130 3999 3167 s

2335 3196 2652 3266 cohiberet,
2675 3198 2781 3253 viri
2808 3202 2944 3253 natu
2958 3214 3019 3252 ra
3040 3198 3425 3269 vehementis,
3451 3204 3665 3255 etcum
3690 3200 3760 3255 ad
3784 3216 3993 3272 aggre-

2345 3284 2623 3339 diendum
2657 3286 2841 3340 ardua
2871 3284 3079 3351 facilis,
3111 3290 3237 3341 tum
3263 3287 3322 3341 in
3356 3288 3616 3359 urgendo
3638 3293 3827 3359 coepta
3848 3288 4001 3345 irre-

2342 3373 2621 3429 vocabilis
2653 3376 2898 3431 ardoris.
2936 3378 3151 3430 Verum
3186 3375 3307 3431 haec
3338 3377 3397 3431 in
3444 3393 3694 3448 quorum
3755 3394 3993 3450 promo-

2342 3463 2560 3519 tionem
2585 3464 2668 3519 sic
2692 3464 2888 3519 studio
2912 3464 3201 3535 prodibat,
3220 3465 3377 3520 haud
3401 3470 3569 3521 erant
3593 3482 3725 3522 cum
3748 3469 3999 3538 privatis

2341 3553 2471 3621 ejus
2504 3553 2829 3608 rationibus
2860 3558 3200 3624 autquestu
3237 3556 3472 3626 proprio
3518 3554 3824 3628 implicita.
3887 3558 3998 3612 Ta-

2342 3641 2486 3696 lium
2548 3643 2705 3697 enim
2763 3659 2945 3715 supra
2998 3643 3301 3715 vulgarem
3362 3645 3603 3699 modum
3690 3645 4001 3718 negligens

2337 3737 2481 3786 erat.
2515 3732 2942 3788 Exardescebat
2975 3738 3171 3788 autem
3216 3733 3274 3787 in
3333 3733 3402 3789 iis
3453 3735 3799 3790 accurandis
3859 3752 3995 3807 quas

2337 3817 2405 3871 ad
2442 3816 2691 3871 aliorum
2741 3817 3031 3873 utilitates
3091 3823 3444 3890 spectarent.
3504 3821 3793 3885 Quaerenti
3852 3837 3998 3893 ergo

2334 3908 2595 3976 Augusto
2657 3908 2898 3962 modum
2969 3907 3151 3979 hujus
3204 3908 3375 3979 quasi
3432 3909 3741 3980 cujusdam
3800 3910 3999 3967 leonis

2334 3997 2699 4064 exarmandi,
2749 3996 2924 4052 utiles
2986 3998 3071 4051 hae
3132 4014 3260 4053 sese
3300 3999 3724 4055 crimitationes
3780 4001 3994 4056 oil‘ere-

2332 4086 2493 4154 bant,
2553 4086 2881 4157 quamlibet
2949 4086 3169 4158 alioqui
3218 4088 3511 4143 destitutaa
3566 4089 3684 4144 veri
3767 4090 3995 4161 specie,

2332 4192 2436 4230 nec
2468 4175 2656 4247 digna:
2712 4191 2964 4246 quarum
3012 4176 3324 4232 haberetur
3374 4176 3541 4232 ratio.
3592 4178 3735 4233 Nam
3782 4179 3987 4251 impu

2328 4266 2546 4322 dicitias
2598 4266 2987 4322 verisimilius
3037 4265 3485 4322 insimularetur
3535 4268 3744 4325 Peleus
3802 4286 3989 4341 quam

2326 4356 2423 4411 ille
2451 4375 2463 4411 :
2494 4357 2857 4428 direptarum
2891 4372 3024 4412 vero
3057 4373 3359 4412 sacrarum
3388 4374 3583 4413 rerum
3605 4358 3992 4431 plausibilius

2327 4447 2548 4503 crimen
2584 4446 3001 4518 appingeretur
3031 4446 3286 4515 Aristici,
3314 4448 3484 4518 cujus
3537 4453 3659 4504 erat
3708 4449 3768 4503 in
3824 4449 3985 4507 ultro

2325 4536 2498 4592 etiam
2523 4536 2737 4592 oblatis
2770 4536 3151 4607 repudiandis
3182 4537 3354 4592 donis
3392 4537 3747 4593 abstinentia
3799 4539 3987 4612 vulgo

2237 4616 2283 4680 Π
2317 4626 2646 4681 notissima.
2674 4624 2822 4680 Male
2854 4626 3109 4697 denique
3132 4627 3978 4699 precatumAugustoVeccum

2322 4716 2424 4787 qui
2454 4715 2703 4781 dicebat,
2737 4714 2932 4769 statim
2964 4715 3272 4770 calumnia
3334 4717 3795 4773 convincebatur
3838 4718 3977 4790 ipsa

2316 4804 2571 4877 simplici
2605 4804 2940 4859 narratione
2998 4804 3157 4874 facti,
3220 4806 3375 4860 unde
3430 4806 3798 4862 occasionem
3857 4808 3976 4863 cri-

2315 4894 2577 4950 minandi
2619 4893 2844 4949 delator
2873 4899 3227 4964 sumpserat.
3254 4894 3316 4950 Id
3341 4894 3614 4951 taleftuit.
3635 4895 3974 4967 Aliquando

2310 5002 2414 5057 pro
2430 4999 2590 5039 more
2614 4999 2720 5038 suo
2738 4983 2957 5040 Veccus
2979 4983 3204 5039 adierat
3223 4983 3641 5058 imperatorem
3663 5001 3798 5041 cum
3824 5003 3974 5059 sup-

2309 5076 2457 5147 plice
2488 5073 2581 5129 cui
2605 5078 2729 5128 erat
2749 5072 3174 5145 imploraturus
3197 5074 3666 5131 misericordiam
3688 5079 3970 5149 Augusti.

2307 5168 2471 5237 Saepe
2491 5166 2548 5219 in
2572 5168 2952 5234 conspectum
2978 5164 3264 5235 producto
3287 5162 3469 5231 illius,
3491 5164 3711 5221 frustra
3729 5182 3973 5239 semper

2302 5257 2353 5313 ei
2388 5254 2707 5327 propitiare
2738 5252 3062 5324 principem
3096 5254 3343 5323 studuit,
3376 5254 3550 5309 toties
3582 5254 3654 5310 ab
3704 5272 3771 5311 eo
3825 5273 3968 5314 cum

2304 5344 2608 5403 stomacho
2632 5344 2867 5414 rejectis
2894 5360 3023 5415 quae
3048 5360 3150 5415 pro
3183 5349 3455 5416 suscepto
3478 5344 3784 5417 allegabat.
3820 5348 3972 5407 Tres

2299 5437 2482 5509 igitur
2507 5434 2681 5506 longo
2704 5437 2966 5503 tempore
3007 5451 3144 5489 suas
3192 5434 3445 5506 quisque
3503 5441 3667 5506 parte
3715 5441 3965 5496 strenue

2296 5545 2466 5600 agere
2486 5529 3095 5599 perseverarunt,reus
3109 5525 3362 5581 demisse
3375 5543 3440 5581 su
3452 5524 3962 5599 pplicandi,patri-

2294 5619 2474 5675 arcba
2515 5614 2923 5689 patrocinandi
2956 5616 3230 5672 ardenter
3247 5617 3531 5689 urgendo,
3561 5616 3819 5690 denique
3842 5619 3962 5676 im-

2289 5712 2543 5783 perator,
2567 5705 3042 5779 procrastinandi
3075 5723 3140 5763 ac
3164 5706 3497 5763 differenda
3523 5707 3650 5765 sine
3671 5707 3793 5766 ﬁne
3815 5726 3962 5783 gra-
