4210 6448
161 378 249 432 909

1187 382 1284 435 DE
1323 380 1692 435 MICHAELE
1730 377 2175 433 PALBOLOGO
2209 378 2343 431 LIB.
2384 379 2481 431 VI.

3429 382 3534 436 910

162 497 360 555 ϐάλλων
418 501 517 557 οὐκ
568 500 730 570 ἥνυτε
782 501 844 555 τὸ
900 503 1175 575 παράπαν.
1237 506 1417 576 Τριῶν
1475 502 1564 556 οὗν
1616 502 1644 555 ὁ
1679 501 1771 573 μὲν
1805 498 2012 569 Ατοὺς
2056 498 2385 563 ἐπισκόπους
2428 497 2691 573 γίνεσθαι,
2746 501 2819 553 ὦν
2855 498 3031 571 δήπου
3088 504 3176 556 καὶ
3225 505 3279 557 αἱ
3331 504 3533 578 ἐνορίαι

160 594 229 663 [Ρ.
271 592 395 663 308]
442 586 619 645 ἐδέετο
670 591 1077 666 συνεχέστερον,
1122 592 1149 644 ὁ
1184 589 1240 645 δὲ
1272 589 1587 665 προσέκειτο
1646 610 1773 663 καρ-

160 679 454 753 τερώτερον,
492 679 742 753 βασιλεὺς
785 677 841 734 δὲ
868 681 1051 754 τρίτος
1087 680 1421 753 ὑπερετίθετό
1452 700 1509 734 τε
1537 679 1625 734 καὶ
1659 680 1777 733 ἀνε-

164 763 395 823 ϐάλλετο.
456 769 556 823 Καέ
596 770 622 821 ὁ
658 769 750 841 μὲν
814 768 987 823 ἐδέετο
1045 771 1465 846 προσαναφέρειν
1518 770 1606 823 καὶ
1664 770 1774 822 πά-

164 856 253 927 λιν,
300 859 328 911 ὁ
377 855 433 912 δὲ
489 859 649 931 πείρᾳ
712 858 875 931 γνοὺς
934 860 1033 913 οὐκ
1080 860 1287 913 ἀνύσων
1338 856 1480 929 (ἤδει
1538 858 1640 933 γὰρ
1690 857 1775 912 καὶ

162 946 504 1021 πσροργίσων,
564 946 613 1000 εἷ’
670 948 820 1007 αὖθις
877 946 1073 1021 λέγοι),
1134 948 1196 1002 τὸ
1250 949 1367 1001 καθ’
1418 948 1603 1001 ἑαυτὸν
1662 949 1773 1001 οἷον

161 1036 274 1107 πρὸς
331 1037 418 1089 τὸν
475 1037 660 1105 ἱκέτην
721 1035 1171 1111 ἀπολογούμενος
1231 1038 1306 1098 ὡς
1350 1036 1411 1091 οὐ
1442 1036 1776 1112 καταρρᾳθυ-

166 1126 319 1195 μήσας
364 1130 442 1195 τῷ
478 1123 694 1199 βασιλεῖ
742 1126 1041 1200 προτείνειν
1071 1126 1136 1179 τὰ
1166 1125 1362 1180 τούτου
1411 1124 1616 1194 δίκαια,
1649 1127 1774 1180 Θεὸν

164 1221 437 1288 παρεισῆγε
457 1221 556 1282 τῆς
611 1213 853 1283 σπουδῆς
913 1216 1161 1290 μάρτυρα
1189 1216 1302 1281 καὶ,
1337 1238 1364 1265 ‹‹
1400 1216 1529 1275 Θεὸς
1588 1216 1686 1289 ὁρᾷ
1715 1214 1778 1268 τὰ

162 1304 355 1376 περὶὧν
390 1302 707 1378 προϐάλλῃ,
748 1329 765 1353 ι
804 1301 1008 1377 ἔλεγεν.
1042 1306 1101 1361 Ὁ
1146 1302 1192 1358 δ’
1223 1303 1392 1359 ἐκεῖσε
1444 1305 1629 1378 παρὼν
1686 1325 1781 1357 συ-

162 1394 478 1465 κοφαντήσας
531 1393 623 1446 τὸν
679 1392 839 1468 λόγον
902 1392 1240 1464 συμπλάττει
1298 1395 1358 1446 τὸ
1417 1390 1643 1465 ψεῦδος,
1704 1394 1775 1454 ὡς

164 1482 271 1536 Θεὸν
301 1480 458 1549 δῆθεν
498 1482 634 1535 κατὰ
682 1480 949 1555 βασιλέως
1001 1481 1408 1554 ἐκλαλουμένου
1451 1486 1547 1536 τοῦ
1594 1482 1781 1555 ἱερέως

164 1570 227 1631 εἷς
250 1572 338 1638 τὴν
370 1575 476 1625 τῶν
523 1568 893 1643 ἀδικουμένων
945 1569 1242 1641 ἐκδίκησιν.
1293 1571 1514 1633 Τούτοις
1572 1571 1782 1645 ὠσπερ-

164 1658 203 1713 εί
226 1680 348 1713 τισιν
413 1660 664 1734 ἰσχυροὶς
724 1662 1095 1723 κατασείσταις
1158 1660 1441 1735 ὑποχαλᾷν
1496 1662 1584 1714 τὸν
1645 1662 1779 1733 7:69-

159 1770 243 1825 γον
271 1756 363 1817 τῆς
416 1747 624 1803 ἐκείνου
689 1753 875 1824 ψυχῆς
934 1749 1127 1822 ᾣοντο.
1187 1752 1289 1805 Ἢν
1341 1748 1387 1803 δ’
1428 1750 1573 1811 ὁτᾶις
1609 1750 1782 1825 ὁρμὰς

1888 588 2010 642 εἶσί.
2045 589 2200 642 Ταῦτ’
2232 584 2452 642 ἔσπευδε
2508 587 2597 641 καὶ
2656 592 2938 664 κατώρθου
2980 591 3079 643 οὐκ
3123 588 3280 663 ἄλλῳ
3311 597 3388 664 τῷ
3415 615 3532 665 μη-

1886 679 2167 751 χανήματι
2305 681 2383 746 τῷ
2444 673 2646 745 διίστᾷν
2713 676 2982 751 βασιλέως
3020 679 3108 732 τὸν
3165 680 3332 754 ἱερέα.
3392 682 3419 735 ὃ
3464 679 3531 751 δὴ

1886 766 1973 820 καὶ
2024 764 2192 820 ἐποίει
2250 764 2378 827 τοὺς
2446 771 2886 839 κατηγοροῦντας
2944 764 3245 840 δεχόμενος
3326 770 3416 825 καί
3474 791 3534 847 γε

1886 856 2018 909 κατὰ
2046 856 2108 908 τὸ
2140 852 2362 909 δυνατὸν
2395 854 2748 918 ὑποθάλπων.

1890 1017 1975 1073 ια’.
2059 1017 2246 1077 Ὅπως
2335 1014 2592 1089 βασιλική
2669 1014 2830 1091 νεαρᾷ
2917 1012 3194 1091 προϐαίνει
3249 1017 3336 1073 ἐπὶ
3421 1024 3537 1080 τοῖς

2488 1089 2936 1161 σταυροπηγίοις.

1957 1216 2041 1285 [Ρ.
2076 1214 2199 1283 309]
2237 1207 2517 1284 Προϐαίνει
2560 1212 2661 1288 γὰρ
2712 1213 2875 1283 νεαρὰ
2926 1213 3202 1288 βασίλειος
3252 1214 3377 1271 ἄλλ’
3407 1217 3539 1272 ἅττα

1886 1300 2116 1355 πλεῖστα
2147 1298 2499 1375 διοριζομένη
2558 1302 2646 1355 καὶ
2698 1303 2988 1370 τάττουσα,
3031 1304 3120 1357 καὶ
3180 1306 3242 1358 τὸ
3273 1307 3337 1359 τὰ
3368 1307 3535 1360 ὁπου-

1888 1387 2161 1458 δηποτοῦν
2222 1391 2617 1465 πατριαρχικὰ,
2680 1391 2777 1445 ὅσα
2826 1390 2877 1446 ἐν
2929 1393 3141 1467 χώραις
3195 1395 3283 1448 καὶ
3322 1402 3536 1467 μοναῖς,

1892 1480 1994 1533 ὑπὸ
2019 1478 2146 1540 τους
2178 1476 2509 1540 ἐπισκόπους
2543 1480 2614 1532 ὧν
2646 1481 2699 1532 αἱ
2748 1478 2953 1555 ἐνορίαι
2980 1478 3178 1537 τελεῖν.
3234 1481 3536 1556 Ἑγκλημα

1887 1568 1989 1642 γὰρ
2016 1566 2258 1644 ἐφαίνετο
2289 1568 2377 1621 καὶ
2427 1568 2571 1639 παρά
2628 1569 2854 1629 κανόνας
2912 1568 3062 1623 τὸέκ
3093 1568 3332 1625 παλαιοῦ
3388 1574 3537 1646 γινόο

1893 1678 2052 1729 μενον
2088 1699 2102 1724 ,
2165 1657 2447 1731 ὑπερόριον
2506 1659 2795 1726 κεκτῆσθαι
2869 1659 2960 1711 τὸν
3038 1664 3540 1715 Κπνσταντινουπό-

1890 1746 2029 1809 λεως
2080 1746 2305 1815 δίκαιον,
2343 1745 2483 1819 μηδὲ
2538 1750 2683 1802 τοῦτ’
2739 1746 2947 1810 εἰδότος
2996 1754 3092 1803 τοῦ
3153 1749 3428 1825 λέγοντος,
3463 1753 3539 1814 ὡς

164 1837 320 1915 σφίσιν
380 1840 703 1893 ὑπανάπτων
758 1840 785 1892 ὁ
842 1846 941 1908 τῆς
1000 1836 1214 1917 Τφέσον
1276 1840 1493 1909 Ἰσαάκ,
1556 1840 1631 1902 εἰς
1679 1860 1780 1892 πει-
1813 1877 1857 1939 Β
1888 1838 2108 1892 κολούει
2138 1839 2216 1910 τῷ
2265 1838 2585 1913 πατριάρχῃ
2626 1840 2688 1893 τὸ
2740 1839 3142 1911 οἷκουμενικὸν,
3186 1842 3336 1905 ἐντὸς
3380 1844 3538 1898 αὑτὸν

194 1927 202 1939 .
514 1926 523 1939 .
693 1926 1225 1939 -.η.-..ς,
1346 1923 1453 1939 κ..,
1643 1928 1714 1939 ..
2286 1930 2419 1939 ..η
2671 1929 2679 1939 .
2948 1927 3055 1939 λ..
3174 1930 3184 1939 .
3306 1933 3330 1939 -.
3523 1933 3534 1939 -

1346 1926 1385 1957 2)
1430 1923 1453 1957 ζ’

160 1927 273 2000 τέρα
298 1926 623 2001 τεταγμένος
655 1933 732 1998 τῷ
768 1926 1001 2002 βασιλεῖ,
1034 1926 1291 2000 οὐδεμίαν
1342 1926 1385 1982 δ’
1429 1926 1571 2003 ἔχων
1605 1928 1777 1983 αἰτίαν

162 2016 433 2090 ἀπεχθείας
492 2020 571 2086 τῷ
628 2017 943 2091 πατριπὶρχς,
996 2017 1234 2090 παρόσον
1287 2017 1349 2072 τὸ
1378 2018 1443 2071 τὰ
1493 2015 1783 2072 δοκοῦντα-

163 2104 504 2180 ξυμπράττειν
537 2106 801 2180 αἱρεῖτθαι
852 2111 931 2177 τῷ
984 2104 1220 2181 βασιλεῖ,
1254 2109 1286 2176 ἧ
1319 2110 1447 2182 γοῦν
1480 2111 1639 2161 τοῦτο
1675 2106 1784 2179 μό-

162 2216 240 2248 νον
271 2195 303 2263 ἢ
333 2194 423 2249 καὶ
466 2194 712 2271 δεύτερον
743 2196 806 2250 τὸ
836 2197 901 2249 τὰ
931 2197 1047 2250 κατ’
1096 2194 1368 2264 ἀνατολὴν
1414 2196 1787 2270 πατριαρχικᾶ

163 2284 239 2359 ὑφ’
268 2284 409 2356 αὖτῷ
448 2284 621 2340 θέλειν
672 2290 966 2355 ποιεῖσθαι,
1004 2283 1172 2358 μηδὲν
1229 2286 1388 2358 ἀξιῶν
1438 2283 1605 2339 πλέον
1638 2284 1785 2360 ἔχειν

158 2374 239 2427 τὸν
268 2374 613 2449 πατριάρχην
664 2373 739 2436 εἰς
770 2374 980 2449 ἐνορίαν
1012 2377 1045 2446 ἢ
1078 2378 1214 2431 κατὰ
1274 2375 1445 2447 μόνην
1502 2381 1783 2429 Κωνσταν-

157 2463 456 2520 τινούπολιν
515 2464 986 2538 περιοριζόμενα,
1044 2464 1111 2519 τὰ
1160 2462 1206 2519 δ’
1264 2463 1364 2537 ἔξω
1409 2464 1611 2535 ταύτης
1684 2465 1785 2519 ὑπὸ

153 2679 254 2735 tia.
303 2681 565 2745 Quadam
638 2680 761 2737 vice
824 2680 1084 2736 instabat
1165 2680 1574 2737 vehementius
1631 2683 1785 2753 apud

158 2762 383 2817 Veccum
435 2760 639 2830 cliens,
710 2768 774 2817 ut
833 2777 935 2833 pro
998 2777 1061 2817 se
1117 2762 1330 2817 iterum
1375 2762 1788 2833 imperatorem

153 2851 281 2906 451
338 2856 588 2922 rogaret.
636 2849 735 2905 ille
780 2854 979 2905 autem
1034 2849 1540 2922 experientiajam
1571 2867 1791 2923 gnarus

161 2939 443 3011 negationi
467 2938 809 2995 dilationem
860 2939 1122 3005 obtendi,
1157 2956 1382 2995 necnon
1435 2939 1789 3012 intelligens,

162 3028 202 3081 si
233 3029 417 3083 denuo
451 3029 523 3084 de
556 3028 1055 3100 hoccompellaret
1086 3029 1519 3100 imperatorem,
1553 3030 1611 3084 in
1642 3029 1792 3085 iram

158 3133 215 3171 se
240 3116 404 3172 illum
439 3118 897 3182 concitaturum,
923 3123 987 3172 ut
1012 3118 1222 3173 saltem
1253 3118 1447 3173 clienti
1481 3134 1542 3174 se
1578 3135 1791 3190 purga-

1889 1927 2216 2002 περιορίζων
2247 1930 2343 1999 τῇς
2378 1929 2807 2001 Κωνσταντίνου,
2862 1927 2990 2001 μηδ’
3039 1929 3249 2004 ἐνορίαν
3301 1933 3400 1986 ὅσα
3450 1933 3539 1986 καὶ

1893 2020 1990 2069 τοῦ
2048 2016 2314 2092 τυχόντος
2374 2016 2671 2071 ἐπισκόπου
2725 2020 3068 2092 προσνέμων.
3113 2019 3267 2076 ἈλΛ’
3301 2023 3328 2076 ὁ
3360 2022 3542 2078 Ἰσαὰκ

1891 2106 2015 2160 τότε
2045 2106 2135 2160 τὸν
2165 2108 2350 2181 καιρὸν
2411 2114 2507 2171 τῆς
2559 2108 2851 2181 ἀπεχθείας
2907 2108 3147 2172 ἀρπάσας
3181 2110 3256 2172 ὡς
3285 2108 3538 2184 ἕρμαιον,

1892 2196 2191 2269 κεριεποίει
2247 2201 2363 2260 τοῖς
2420 2196 2736 2257 ἐπισκόποις
2795 2198 2961 2251 αὐτοῦ
2996 2242 3015 2265 ,
3070 2201 3262 2254 ταυτὸν
3340 2198 3395 2255 ’ὁὶ
3452 2201 3541 2255 καὶ

1894 2286 2066 2357 ἑαυτῷ
2125 2286 2319 2363 λέγειν,
2369 2290 2434 2341 τά
2480 2291 2580 2352 τῆς
2645 2290 3267 2353 Κωνσταντινουπόλεως
3339 2288 3544 2362 δίκαια,

1891 2376 1990 2431 Τὸν
2027 2378 2207 2450 μέντοι
2237 2398 2296 2451 γε
2333 2378 2675 2453 πατριάρχην
2726 2379 2828 2433 οὐκ
2879 2378 3012 2433 ἀνίει
3071 2382 3197 2456 παρ’
3250 2379 3413 2443 ὅλους
3448 2378 3543 2435 δίο

1898 2468 2122 2538 μῆναςὸ
2158 2465 2414 2543 βασιλεὺς
2462 2488 2595 2522 ποτε
2653 2468 2747 2541 μὶν
2807 2468 2883 2532 είς
2940 2468 3139 2546 κρίσεις
3197 2471 3547 2546 ὶγκαθιστῶν,

1898 2683 2073 2739 naria
2124 2685 2396 2755 potestati
2449 2685 2793 2756 patriarcha
2842 2687 3101 2759 subjecta
3141 2697 3548 2751 remanerent:

1900 2789 2024 2843 qua
2052 2778 2213 2829 extra
2244 2775 2448 2830 urbem
2479 2780 2699 2839 essent,
2732 2792 2936 2831 eorum
2970 2780 3317 2835 auctoritate
3347 2783 3549 2851 subje-

1900 2867 2096 2918 cerent
2126 2863 2442 2935 prasulum
2476 2865 2576 2936 qui
2612 2865 2894 2922 diaceses
2923 2867 3024 2922 ubi
3042 2874 3211 2924 erant
3231 2869 3331 2925 illa
3361 2872 3553 2941 posita

1900 2952 2215 3024 episcopali
2242 2954 2587 3010 auctoritate
2611 2955 3027 3026 gubernarent.
3055 2958 3114 3012 1d
3138 2957 3235 3014 ille
3260 2958 3399 3015 olim
3426 2977 3548 3017 me-

1903 3041 2124 3097 ditatus
2152 3047 2293 3098 tunc
2324 3044 2586 3114 perfecit,
2620 3062 2733 3100 non
2767 3044 2882 3100 alia
2930 3046 3241 3103 eiﬁcaciori
3288 3050 3553 3107 adhibita

1904 3130 2175 3187 machina
2206 3148 2381 3202 quam
2414 3132 2786 3205 imperatoris
2808 3152 2841 3189 a
2872 3136 3204 3207 patriarcha
3232 3139 3317 3194 vel
3338 3156 3552 3211 procu-

158 3210 236 3261 ret
263 3206 405 3262 forte
435 3211 845 3298 siispectaturo
876 3224 943 3263 ex
987 3212 1201 3298 eventu
1244 3208 1553 3298 remissius
1598 3208 1789 3281 egisse
1818 3220 1862 3288 ρ
1898 3222 2082 3276 rando
2111 3220 2197 3275 vel
2230 3223 2524 3292 provendo
2564 3222 2828 3279 dissidio.
2871 3206 3034 3288 Quod
3084 3226 3221 3282 fecit
3248 3206 3427 3298 huius
3458 3246 3556 3285 ac-

158 3300 483 3366 patronum,
517 3296 699 3352 Deum
733 3301 940 3352 testem
970 3297 1237 3352 adhibuit
1266 3297 1476 3352 sinceri
1508 3297 1599 3353 sui
1630 3314 1697 3353 ea
1726 3299 1787 3354 in

162 3400 324 3440 causa
351 3386 562 3453 studii,
612 3387 734 3441 alta
781 3402 916 3441 voce
964 3391 1296 3442 contestans
1346 3392 1526 3443 Deum
1569 3388 1795 3456 utique,

158 3491 317 3545 quem
347 3476 430 3531 nil
464 3476 664 3547 lateat,
693 3476 889 3532 videre
932 3494 1050 3548 qua
1083 3477 1217 3546 fide,
1241 3494 1476 3550 quoque
1497 3479 1703 3534 eﬂ'ectu
1728 3495 1794 3534 eo

158 3565 467 3632 patrocinio
501 3565 863 3637 fungeretur.
899 3566 977 3621 Ex
1003 3566 1111 3621 hac
1133 3566 1233 3621 Dei
1263 3568 1558 3623 mentione
1580 3567 1797 3622 calum-

156 3652 251 3707 nia
276 3671 481 3710 ansam
518 3654 620 3726 qui
653 3672 911 3725 prasens
962 3656 1109 3710 forte
1146 3660 1289 3711 tunc
1338 3656 1526 3711 adfuit
1574 3658 1800 3713 delator

156 3756 406 3810 sumens,
429 3743 616 3798 multo
647 3744 859 3799 deinde
884 3745 1174 3815 posterius
1205 3744 1263 3799 in
1287 3746 1603 3817 malignam
1629 3747 1799 3801 istam

154 3833 582 3888 accusationem
618 3833 922 3904 processit,
955 3834 1282 3889 criminans
1304 3835 1527 3890 scilicet
1555 3836 1801 3907 patriar-

156 3920 333 3991 cham,
385 3924 535 3977 dum
570 3922 858 3993 supplicis
884 3937 1123 3977 causam
1149 3928 1364 3995 ageret,
1391 3925 1548 3979 diras
1569 3927 1801 3997 Augus-

154 4013 205 4065 to
228 4011 619 4083 imprecatum
660 4012 715 4066 in
742 4012 1024 4068 ultionem
1058 4018 1278 4085 negata
1302 4015 1551 4085 supplici
1584 4016 1799 4087 gratia.

156 4098 245 4155 His
291 4102 463 4173 quasi
516 4101 876 4173 quibusdam
924 4102 1214 4157 machinis
1273 4110 1375 4158 aut
1420 4104 1805 4160 validissimis

155 4190 423 4247 arietibus
457 4208 857 4247 concussuros
886 4197 943 4246 et
974 4193 1305 4263 dejecturos
1338 4209 1467 4248 sese
1498 4196 1710 4250 turrim
1735 4195 1804 4250 il-

154 4276 259 4333 lam
290 4279 491 4336 invicti
524 4280 711 4335 animi
742 4279 1196 4336 calumniatores
1248 4284 1593 4353 nequissimi
1636 4289 1805 4356 puta-

156 4365 615 4425 bant.lncitabat
646 4374 840 4425 autem
873 4386 970 4425 eos
1004 4372 1289 4426 accedens
1316 4373 1387 4426 ad
1422 4390 1541 4428 rem
1590 4391 1805 4445 urgen-

154 4457 275 4513 dam
310 4459 527 4531 Ephesi
552 4459 807 4515 antistes
839 4464 1022 4530 Isaac,
1052 4476 1167 4531 quo
1200 4461 1497 4532 spirituali
1528 4468 1694 4518 Patre
1719 4469 1807 4518 at-

1902 3315 2206 3367 cusatores
2219 3311 2688 3380 adjuvans,452
2706 3318 2762 3367 et
2785 3317 2903 3368 lota
2922 3330 3031 3369 sua
3051 3315 3251 3372 fovens
3276 3318 3552 3388 potentia,

1907 3418 1990 3471 11.
2026 3417 2091 3472 Ut
2120 3418 2342 3493 perlata
2414 3419 2878 3490 promulgataque
2948 3423 3121 3491 fuerit
3195 3424 3558 3493 imperatoria

1974 3490 2191 3569 novalia
2242 3489 2311 3569 de
2362 3494 2727 3569 stauropegz‘z’s
2777 3489 2889 3547 sive
2947 3489 3078 3549 locis
3130 3489 3303 3551 sacris
3332 3500 3558 3569 proprie

1976 3560 2319 3631 patriarcha
2348 3562 2630 3632 subjectis.

1981 3667 2203 3722 Prodiit
2232 3668 2388 3723 enim
2420 3668 2801 3739 imperatoria
2832 3670 3091 3738 Novella,
3124 3690 3240 3744 qua
3281 3691 3414 3730 cum
3449 3676 3563 3733 alia

1912 3757 2381 3813 decernebantur
2427 3759 2721 3828 quadam,
2752 3764 2879 3815 tum
2940 3760 3082 3816 illud
3136 3763 3194 3817 in
3229 3764 3457 3835 primis,
3501 3772 3565 3820 ut

1915 3863 2045 3918 qua
2074 3848 2413 3918 ubicunque
2444 3847 2529 3902 vel
2561 3851 3013 3920 cujusquemodi
3046 3850 3173 3907 loca
3201 3853 3310 3921 vel,
3358 3871 3566 3910 mona—

1915 3937 2093 3993 steria
2124 3938 2466 4008 patriarcha
2490 3938 2590 3994 uni
2613 3941 2879 4011 subjecta
2897 3948 3135 3999 eatenus
3148 3946 3564 4013 censebantur,

1915 4044 1983 4083 ea
2008 4028 2284 4099 deinceps
2316 4028 2632 4099 episcopis,
2673 4045 2923 4100 quorum
2977 4030 3087 4085 ilia
3131 4034 3375 4106 propria
3424 4036 3564 4090 dim-

1919 4133 2079 4172 ceses
2102 4122 2323 4184 essent,
2343 4120 2478 4187 jure
2496 4119 2791 4174 ordinario
2814 4121 3205 4191 subjacerent.
3232 4124 3573 4180 Addebatur

1920 4207 2135 4261 decreti
2169 4207 2335 4276 ratio,
2371 4224 2472 4278 per
2510 4209 2760 4264 abusum
2777 4210 2951 4264 videri
2985 4216 3254 4268 etcontra
3272 4231 3571 4270 sacrorum

1922 4312 2212 4352 canonum
2245 4297 2652 4353 auctoritatem
2685 4304 2970 4355 attentum
3007 4302 3062 4356 id
3096 4305 3251 4373 quod
3302 4321 3369 4359 ex
3402 4304 3574 4376 longo

1924 4384 2209 4441 hactenus
2274 4392 2534 4457 tempore
2587 4387 2919 4445 factitatum
2990 4391 3201 4456 fuerat,
3256 4398 3319 4448 ut
3367 4411 3578 4465 nempe

1926 4476 2269 4547 patriarcha
2291 4476 2937 4549 Constantinopolitano
2964 4480 3115 4535 ultra
3137 4482 3279 4537 ﬁnes
3311 4483 3578 4539 diacesis

156 4561 259 4617 que
288 4549 514 4604 arbitro
569 4548 947 4604 conscientia
998 4554 1137 4603 tunc
1166 4551 1471 4623 Augustus
1510 4553 1794 4619 utebatur,

1927 4564 2285 4637 propriajus
2316 4548 2696 4637 competeret;
2741 4569 2903 4632 Quod
2942 4571 3041 4640 qui
3075 4571 3326 4639 dicebat,
3352 4574 3574 4629 nonin-

153 4652 257 4691 non
278 4639 434 4709 quod
473 4637 665 4693 ullam
696 4637 822 4709 ipse
854 4637 1092 4709 quidem
1127 4640 1358 4710 proprie
1414 4640 1654 4696 haberet
1691 4642 1809 4696 odii

155 4740 379 4783 causam
409 4728 709 4783 adversus
741 4727 1267 4798 patriarcham,sed
1293 4733 1356 4783 ut
1385 4730 1814 4801 gratiﬁcaretur

153 4812 482 4887 imperatori
516 4817 582 4872 in
626 4833 756 4872 eam
788 4833 967 4888 quam
999 4816 1100 4872 ille
1129 4817 1238 4872 hac
1270 4828 1391 4874 arle
1432 4827 1810 4891 procuratum

156 4902 266 4961 ibat
310 4908 691 4964 retusionem
741 4907 1105 4962 conﬁdentia
1153 4907 1347 4978 Vecci,
1398 4925 1470 4964 ne
1535 4910 1812 4985 deinceps

157 4998 265 5051 tam
294 4997 478 5055 libere
502 5013 687 5070 agere
716 5012 916 5053 secum
948 4998 1515 5067 auderet,efﬁcacem
1542 5016 1641 5071 pro
1662 5003 1811 5059 virili

156 5086 429 5143 conferret
487 5103 765 5158 operam.
815 5086 1161 5158 Quanquam
1210 5104 1325 5142 non
1382 5087 1573 5144 aliena
1622 5092 1813 5148 solum

158 5190 339 5243 causa,
373 5178 478 5234 sed
511 5176 745 5250 proprii
778 5176 955 5232 etiam
989 5182 1255 5247 respectu
1294 5184 1551 5249 quastus
1600 5181 1659 5235 in
1714 5184 1816 5240 hoc

160 5271 369 5322 motum
401 5268 882 5339 suspicabantur
937 5266 1199 5337 quidam,
1245 5268 1468 5338 opinati
1517 5272 1819 5330 studuisse

163 5370 251 5426 per
280 5356 385 5414 hoc
411 5357 627 5431 ipsum
665 5360 832 5427 rapta
880 5361 1210 5427 opportune
1258 5357 1562 5414 occasione
1612 5378 1680 5416 ex
1720 5381 1815 5435 pe-

164 5445 330 5502 riculo
384 5448 583 5513 Vecci,
636 5462 750 5501 suo
786 5445 908 5515 juri
965 5446 1323 5517 subjungere
1380 5446 1506 5501 loca
1546 5451 1820 5518 jurisdic-

165 5533 295 5591 tioni
327 5536 698 5610 patriarcha
729 5539 1025 5589 reservata
1056 5535 1113 5589 in
1147 5536 1377 5591 cunctis
1401 5553 1501 5604 per
1529 5538 1820 5601 Orientem

170 5625 536 5693 diacesibus,
573 5627 666 5681 ita
702 5628 765 5679 ut
791 5640 857 5679 ea
879 5628 1110 5679 tantum
1141 5642 1307 5680 sacra
1346 5625 1472 5681 loca
1503 5644 1631 5699 qua
1672 5631 1822 5691 intra

170 5729 332 5774 unam
364 5720 583 5776 urbem
620 5714 1199 5786 Constantinopolim
1230 5716 1344 5772 sita
1393 5725 1610 5787 essent,
1663 5725 1822 5778 ordi-

1923 4653 2223 4725 telligebat
2243 4654 2463 4724 eripere
2494 4671 2556 4710 se
2578 4657 2928 4727 patriarcha
2949 4658 3187 4715 titulum
3209 4663 3552 4717 acumenici
3568 4708 3581 4727 ,

1922 4744 2138 4816 quippe
2160 4760 2333 4815 quem
2358 4745 2850 4803 circumcluderct
2883 4749 3026 4804 urbe
3047 4750 3581 4824 Constantinopoli,

1921 4851 2029 4890 nec
2049 4834 2259 4889 saltem
2292 4834 2341 4889 ei
2377 4836 3035 4893 concederetdiacesim
3050 4844 3272 4910 quanta
3302 4846 3359 4897 et
3388 4842 3582 4912 qualis

1922 4925 2106 4980 cuivis
2128 4925 2306 4980 etiam
2334 4924 2562 4997 vulgari
2594 4927 2875 4983 tribuitur
2913 4929 3214 5002 episcopo.
3257 4932 3473 4988 Verum
3514 4933 3583 4988 id

1924 5021 2049 5071 tum
2075 5013 2311 5085 quidem
2346 5014 2495 5071 nihil
2529 5017 2692 5087 pensi
2726 5017 2952 5075 habens
2984 5019 3166 5087 Isaac,
3208 5026 3265 5077 et
3315 5021 3374 5077 in
3435 5022 3584 5078 lucri

1926 5107 2089 5175 parte
2122 5119 2440 5160 numerans
2491 5104 2749 5161 oblatam
2795 5108 3160 5166 occasionem
3211 5111 3587 5182 gratificandi

1928 5193 2222 5264 quomodo
2237 5209 2468 5264 cunque
2496 5194 2844 5251 amicissuis
2866 5197 3341 5272 cpiscopis,quos
3367 5201 3591 5257 multos

1928 5284 2303 5340 oﬂ‘endebant
2322 5285 2445 5340 ista
2468 5286 2526 5340 in
2561 5288 2811 5358 propriis
2838 5288 3191 5346 diacesibus
3215 5292 3591 5363 exceptiones

1929 5373 2188 5431 locorum
2217 5376 2655 5432 subtractorum
2688 5378 2998 5434 ordinaria
3018 5379 3284 5451 ipsorum
3309 5382 3590 5454 potestati

1937 5482 2005 5520 ac
2036 5464 2384 5536 patriarcha
2417 5468 2751 5523 auctoritati
2802 5468 3239 5539 subiectorum;
3273 5477 3331 5528 et
3375 5473 3597 5544 passim

1933 5554 2369 5610 contendebant
2398 5571 2513 5611 non
2548 5556 2850 5629 plusjuris
2872 5557 3511 5632 Constantinopolitani
3535 5562 3595 5616 in

1935 5644 2156 5699 alienas
2188 5644 2452 5700 dioceses
2475 5662 2653 5717 quam
2679 5648 3169 5720 cuiqueipsorum
3189 5651 3598 5708 inConstanti-

1937 5734 2338 5806 nopolitanam
2374 5753 2523 5793 esse.
2553 5742 2834 5795 Caeterum
2859 5741 3257 5812 patriarcham
3286 5744 3599 5815 imperator
