4242 6438
637 391 737 446 911

1942 388 2243 447 GEORGII
2281 387 2744 445 PACHYMM

3944 390 4049 447 912

636 515 771 569 ποτὲ
803 513 859 567 δὶ
887 513 976 568 καὶ
1011 513 1142 588 ὑπὲρ
1192 511 1402 568 ἐκείνου
1461 512 1751 585 ἱστάμενος
1799 514 1889 567 καὶ
1931 513 2039 566 τῶν
2090 509 2292 587 έγκλη-
2325 516 2374 579 Α
2403 531 2510 565 των
2544 510 2621 583 τῷ
2656 509 2875 586 βασιλεῖ
2899 511 3206 585 προσήγετο
3255 509 3595 588 ἐπιδορπιος.
3652 512 3802 569 Ἐπεὶ
3834 510 3881 568 δ’
3911 514 4051 577 εἰκὸς

644 605 826 675 μάτων
862 602 1123 657 ἀπολύων
1157 604 1232 663 ὡς
1264 601 1745 678 συκοφαντούντων
1805 604 1912 655 τῶν
1971 601 2291 674 κατηγόρων

646 686 919 763 ἄντικρυς.
956 690 1054 742 Ἦν
1121 686 1175 742 δὲ
1209 686 1361 742 διττὰ
1417 686 1657 762 στρέφων
1695 731 1707 755 ,
1740 692 1856 747 τοῖς
1908 687 2000 758 μὲν
2060 685 2293 761 κατηγό-

642 799 757 853 ροις
787 777 923 832 κατὰ
954 778 1211 852 πρόωπον
1270 774 1521 851 ἐγκαλεῖν
1579 774 1744 852 ἐφιεὶς
1799 774 1887 829 καί
1920 772 2077 843 δῆθεν
2140 772 2292 847 έλέγ-

645 888 785 942 χειν,
818 865 1021 921 ἐκεῖνον
1060 863 1107 920 δ’
1156 864 1307 929 αὖθις
1336 865 1400 919 τὸ
1457 862 1621 940 μέρος
1676 867 1928 937 καταψῶν
1960 884 2018 917 τε
2073 863 2164 916 καὶ
2194 882 2292 916 πε-

639 956 1031 1031 ριποιούμενος
1059 959 1139 1027 τῷ
1177 956 1225 1029 γ’
1274 953 1574 1009 ἐπεκτείνειν
1626 957 1701 1016 ὡς
1755 956 1965 1028 πικρῶς
2026 973 2294 1028 συκοφαν-

634 1050 780 1099 τοῖεν
824 1046 875 1098 o't
909 1043 1185 1119 λέγοντες,
1244 1044 1331 1096 καὶ
1380 1043 1424 1097 εί
1482 1040 1676 1110 ἤθελεν
1740 1043 1895 1103 οὗτος
1944 1039 2139 1116 λέγειν,
2194 1041 2293 1095 οὐκ

640 1136 699 1189 ἄν
737 1134 1099 1209 συκοφαντίας
1129 1132 1421 1206 ήνοίγοντο
1484 1130 1745 1203 στύματα.
1780 1132 1878 1186 Ἦν
1941 1128 1987 1183 δ’
2045 1129 2292 1206 έμφανής

635 1224 876 1286 ἐντεῦθεν
919 1220 1337 1297 προσονειδίζων
1394 1225 1474 1293 τῷ
1504 1220 1816 1294 πατριάρχῃ
1844 1219 1906 1273 τὸ
1957 1220 2092 1294 πρὸς
2152 1218 2291 1272 έκεῖ-

633 1334 722 1365 νον
750 1311 953 1390 φίλερι·
1015 1306 1127 1385 ἔριν
1186 1312 1288 1385 γὰρ
1345 1309 1437 1364 τὸν
1504 1309 1693 1378 ζῆλον,
1723 1309 1813 1362 καὶ
1870 1309 1931 1362 τὸ
1992 1308 2125 1383 ὑπὲρ
2183 1313 2289 1362 τῶν

632 1398 1004 1473 ἀδικουμένων
1038 1396 1215 1474 λέγειν
1250 1397 1502 1472 ἐνοχλεῖν
1535 1396 1762 1471 ἔκρινεν.

632 1565 722 1639 ιβ’.
777 1564 860 1619 Τὰ
917 1556 1199 1639 συμϐάντα
1239 1565 1331 1639 ,τῷ
1379 1557 1695 1639 πατριᾶριχῃ
1751 1557 1840 1614 διὰ
1892 1560 1992 1627 τήν
2041 1562 2150 1613 τῶν
2181 1565 2284 1612 Κο-

1185 1629 1368 1687 λύϐιυν
1397 1629 1728 1700 ἀποστσλῆν.

704 1764 784 1835 [Ρ.
812 1762 937 1833 310]
972 1759 1049 1817 Οὐ
1082 1764 1273 1835 χεῖρον
1326 1756 1383 1813 δὲ
1438 1760 1527 1812 καὶ
1568 1759 1631 1812 τὸ
1688 1756 1739 1811 ἐν
1776 1758 1922 1831 ἀρχῇ
1954 1761 2062 1809 τῶν
2113 1777 2279 1826 κατη-

623 1849 955 1927 γορημάτων
992 1844 1226 1921 συμϐὰν,
1284 1848 1359 1909 ὡς
1391 1848 1605 1921 χάριεν,
1656 1844 1967 1920 ἱστορῆσαι,
2022 1845 2110 1898 καὶ
2166 1842 2277 1898 δεῖ-

625 1944 709 2013 ξαι
738 1939 913 1994 ὁπόσα
950 1939 1191 2012 πονηρία
1245 1932 1635 2010 προσλαϐοῦσα
1692 1936 1879 2009 καιρὸν
1934 1933 2103 1988 ἀνύει.
2139 1933 2277 1987 Σύν-

627 2040 757 2099 ηθες
792 2030 884 2101 μὲν
920 2029 1010 2083 οὗν
1072 2030 1135 2095 ἦν
1197 2030 1502 2103 περιφανῶς
1553 2023 1827 2087 τελεῖσθαι
1870 2028 1939 2097 τῇ
1982 2022 2279 2093 Ἐκκλησία

626 2120 727 2187 τὴν
786 2124 887 2186 τῆς
941 2118 1287 2184 Ὑπαπαντῆς
1345 2115 1562 2189 ἑορτήν,
1623 2114 1715 2167 ἅτε
1772 2115 1887 2166 κατ’
1936 2111 2141 2182 ἐκείνην
2186 2133 2278 2165 τυ-

628 2206 829 2281 χόντος
858 2206 984 2278 παρ’
1037 2206 1242 2279 Ἰωσὴφ
1301 2202 1397 2256 τοῦ
1450 2206 1778 2275 κρατοῦντος
1831 2207 1930 2268 τῆς
1988 2202 2277 2274 συγχωρή-

626 2316 784 2356 σεως.
832 2294 898 2362 ἧν
935 2291 991 2347 δὲ
1012 2293 1098 2347 καὶ
1134 2294 1282 2367 ἐφθῷ
1312 2312 1446 2362 σιτῳ
1487 2291 1697 2362 σύναμα
1754 2293 1985 2362 καρποῖς
2046 2288 2280 2363 ὀπωρῶν

626 2381 1067 2455 ποικιλλομένας
1150 2382 1246 2443 τάς
1313 2385 1421 2433 τῶν
1482 2378 1823 2451 ἐκπωμάτων
1884 2375 2144 2438 πλατείας
2202 2376 2275 2437 εἷς

620 2472 874 2550 εὐλογίαν
907 2472 1285 2548 προτίθεσθαι,
1336 2470 1409 2522 ὧν
1471 2470 1545 2530 ὡς
1604 2468 1829 2541 ἀπαρχή
1888 2469 2034 2535 τιςή
2096 2466 2278 2541 κρείτ-

613 2698 682 2750 ex
732 2708 836 2749 suo
885 2694 1017 2746 voto
1065 2689 1161 2743 his
1206 2685 1521 2743 calumniis
1561 2684 1790 2756 egregie
1822 2683 2139 2738 exercitum
2173 2699 2275 2753 per

607 2784 756 2838 duos
811 2784 965 2836 totos
1013 2793 1245 2834 menses
1305 2775 1719 2841 habuit,nunc
1782 2772 2091 2827 sententiis
2134 2787 2268 2826 eum

597 2871 871 2943 judicum
906 2868 1440 2940 permittens,nunc
1472 2863 1523 2919 ei
1549 2864 1709 2918 visus
1734 2861 2041 2932 suffragari
2065 2860 2269 2915 crimi-

609 2962 905 3030 nibusque
928 2958 1125 3028 ipsum
1150 2953 1639 3021 solvere,mentiri
1658 2956 2029 3007 accusatores
2050 2950 2265 3005 etnihil

608 3050 723 3105 nisi
758 3062 951 3102 meras
983 3045 1188 3099 afferre
1220 3042 1552 3099 calumnias
1589 3056 1877 3097 asserens.
1928 3038 2269 3094 Sustinebat

609 3143 804 3193 autem
837 3136 897 3191 in
930 3134 1040 3188 hac
1070 3133 1240 3205 quasi
1272 3147 1448 3187 scena
1471 3146 1781 3201 personam
1805 3128 2265 3199 duplicem,hinc

600 3227 839 3299 quidem
875 3222 1068 3295 palam
1100 3220 1545 3277 accusatoribus
1576 3218 1924 3290 permittens
1958 3218 2258 3271 criminari

606 3314 1001 3389 patriarcham
1024 3318 1080 3366 et
1094 3311 1351 3365 cidicam
1380 3309 1437 3363 in
1454 3325 1519 3364 os
1548 3324 1745 3362 coram
1766 3306 2257 3377 impingere,inde

604 3426 812 3465 rursus
826 3407 1100 3463 eumdem
1122 3419 1390 3459 seorsum
1411 3406 1762 3457 conventum
1793 3399 2102 3465 deliniens,
2128 3416 2264 3454 con-

606 3495 903 3554 dolereilli
934 3494 1227 3550 simulans
1260 3491 1430 3563 quasi
1465 3507 1568 3561 per
1598 3489 1956 3543 calumniam
1989 3488 2261 3556 injustisc

603 3590 752 3645 sime
781 3589 1006 3641 vexato.
1042 3586 1104 3637 In
1140 3598 1254 3653 quo
1286 3596 1465 3651 quam
1501 3577 1651 3634 male
1681 3577 2039 3633 cohaererent
2088 3577 2261 3632 dictis

599 3680 754 3735 facta
788 3675 982 3747 palam
1023 3677 1169 3726 erat.
1200 3670 1261 3725 Si
1294 3669 1451 3724 enim
1484 3674 1605 3723 tam
1658 3672 1783 3721 erat
1814 3666 1897 3720 illi
1941 3672 2260 3737 perspecta,

600 3780 778 3837 quam
803 3760 985 3817 videri
1018 3758 1271 3826 volebat,
1294 3754 1630 3811 innocentia
1652 3752 1961 3820 delati,cur
1974 3752 2262 3808 delatores

603 3860 725 3911 tam
759 3853 1003 3907 licenter
1024 3849 1361 3918 obstrepere
1382 3849 1545 3899 tanto
1570 3849 1832 3913 tempore
1855 3842 2262 3913 sinebat,quos

604 3944 828 3999 latebat
860 3939 1155 3995 neminem
1191 3952 1262 3990 ne
1294 3934 1521 3989 hiscere
1546 3932 1785 4002 quidem
1813 3948 2083 3997 ausuros,
2111 3934 2157 3985 si
2178 3933 2261 3986 eis

605 4033 695 4087 vel
720 4027 899 4086 semel
925 4027 1280 4082 declarasset
1302 4022 1622 4092 imperator
1642 4020 1753 4073 sibi
1777 4019 2086 4090 displicere
2104 4023 2259 4091 quod

606 4123 691 4178 illi
726 4117 1009 4191 agerent?
1040 4115 1146 4169 Sed
1180 4114 1289 4168 hoc
1321 4112 1475 4167 453
1501 4126 1707 4166 omnes
1746 4109 2023 4163 videbant
2050 4111 2122 4163 ab
2153 4127 2259 4164 au-

605 4214 763 4264 stuto
789 4204 1051 4278 principe
1082 4203 1160 4255 ita
1192 4199 1337 4268 fieri,
1373 4204 1435 4251 ut
1469 4214 1569 4268 per
1600 4213 1661 4250 se
1702 4196 2056 4267 patriarcha,
2090 4196 2259 4251 intel-

602 4301 807 4370 ligeret
840 4296 998 4349 luere
1031 4309 1091 4347 se
1123 4305 1355 4360 pmnam
1389 4285 1766 4341 contentiosa:
1788 4285 2119 4355 pertinacia:
2143 4302 2262 4357 qua

594 4384 825 4459 jurgari
857 4398 991 4436 cum
1023 4377 1289 4450 principe
1336 4390 1448 4429 non
1483 4378 1639 4428 esset
1694 4373 1933 4427 veritus.
1983 4373 2257 4444 Jurgium

601 4477 759 4533 enim
790 4472 885 4528 ille
912 4486 977 4525 ac
1009 4466 1433 4523 contentiosam
1471 4463 1899 4533 pugnacitatem
1926 4460 2260 4532 appellabat

596 4564 938 4636 religiosum
962 4557 1151 4613 zelum
1173 4550 1582 4626 patrocinandi
1600 4551 2017 4605 circumventis
2031 4549 2257 4606 calum-

594 4655 692 4711 nia
722 4651 811 4707 vel
842 4648 959 4704 alia
990 4643 1196 4717 quavis
1226 4640 1446 4712 injuria
1476 4638 1797 4711 oppressis.

660 4820 745 4873 12.
782 4813 926 4885 Quid
954 4809 1250 4881 contigerit
1273 4803 1620 4932 (patriarcha?
1648 4818 1718 4857 ex
1747 4801 2008 4857 missione
2048 4803 2211 4875 Coty-

1306 4893 1483 4932 orum.

1306 4893 1483 4932 orum.

650 5020 777 5076 Non
818 5017 921 5071 abs
968 5028 1029 5066 re
1058 5007 1232 5064 fuerit
1273 5008 1331 5059 et
1370 5002 1523 5075 quod
1577 5000 1747 5054 initia
1777 5000 1955 5070 hujus
2006 5018 2241 5058 accusa-

2289 3265 2331 3331 C

2402 598 2497 660 τὰς
2529 598 2745 673 χαλκᾶς
2792 598 2995 662 ὲκείνας
3046 599 3305 661 πλατείας
3340 598 3612 661 ὑποδοχάς
3672 599 3927 664 πλείστας
3960 601 4052 657 οὗ·

2414 709 2508 750 σας
2561 682 2751 757 ἔξωθεν
2804 687 3165 761 ἐρανίζεσθαι,
3227 687 3319 742 σὺν
3377 694 3496 750 ταῖς
3580 688 3777 751 ἄλλαις
3835 692 3900 759 ἦν
3963 693 4053 764 μία

2404 774 2639 830 δοκοῦσα
2671 776 2759 831 καὶ
2791 776 3088 851 πρωτεύειν
3118 781 3197 846 τῷ
3227 774 3419 831 κάλλει
3460 778 3548 831 καὶ
3573 777 3689 849 ἀξία
3734 779 3815 849 τῷ
3842 779 4054 853 βασιλεῖ

2401 866 2807 939 προσάγεσθαι,
2866 864 2901 933 ἢ
2962 862 3029 932 δὴ
3088 866 3175 918 καὶ
3227 866 3539 941 γράμμασιν
3598 866 3920 939 Αἰγυπτίοις
3979 870 4049 931 ὡς

2404 952 2734 1027 ποικίλμασί
2791 974 2930 1008 τισιν
3013 952 3380 1011 ἐνεσκεύαστο.
3466 952 3689 1009 demat
3776 956 3901 1029 γάρ,
3976 958 4049 1019 ὡς

2401 1042 2644 1118 ἐλέγετο,
2690 1041 3012 1118 Αἷ“γυπτίοις
3065 1043 3175 1097 ἀντ’
3216 1040 3401 1097 ἄλλων
3456 1048 3617 1098 τινῶν
3666 1042 4045 1119 ποικιλμάτων

2402 1130 2452 1186 ἕν
2485 1153 2542 1185 τε
2563 1128 2800 1191 πέπλοις
2833 1132 2921 1185 καὶ
2964 1137 3323 1208 φωταγωγοῖς
3367 1132 3458 1186 καὶ
3510 1134 3719 1188 σκεύεσι
3778 1135 4047 1197 παντοίοις

2400 1226 2516 1282 τοῖς
2570 1222 2855 1295 γράμμασι
2916 1227 3175 1295 χρῆσθαι.
3235 1222 3474 1296 Ἔτυχον
3533 1218 3589 1275 δὲ
3641 1222 3707 1276 τὰ
3756 1225 4049 1298 γράμματα

2396 1314 2494 1364 τοῦ
2524 1310 2829 1383 καταράτου
2862 1308 3198 1382 Μαχούμετ,
3223 1311 3417 1363 ταυτὸν
3465 1309 3511 1363 δ’
3541 1310 3711 1364 εἰπεῖν
3738 1313 3827 1365 καὶ
3882 1314 4044 1368 Μωάς

2403 1410 2524 1471 μεθ,
2588 1396 2764 1470 ὄνομα
2821 1400 3001 1474 φέρειν
3060 1397 3138 1459 εἲς
3199 1393 3444 1468 ἔπαινον,
3501 1402 3680 1455 Τοῦτο
3736 1400 3927 1473 κύκλῳ
3980 1404 4048 1473 τῇ

2393 1487 2625 1558 πλατείᾳ
2706 1485 3142 1561 ἐγγεγραμμένον
3226 1486 3356 1549 τοὺς
3426 1489 3867 1564 κατήγορΟὖντας
3952 1490 4047 1545 ούκ

2393 1574 2571 1642 ἔλαθε,
2606 1574 2809 1644 Καὶδή
2860 1572 2960 1648 ἔξω
3006 1576 3262 1648 κειμένης
3320 1574 3396 1631 ἔτι
3454 1579 3579 1651 πρὶν
3643 1577 3701 1631 ἂν
3762 1578 4042 1654 εἴσαχθείη

2390 1670 2470 1737 τῷ
2501 1663 2737 1739 βασιλεῖ,
2786 1666 2934 1719 οὗτοι
2984 1667 3293 1739 πέμψαντες
3350 1664 3779 1741 ἀναγγέλλουσιν
3842 1668 3916 1729 ὡς
3950 1669 4045 1723 οὐκ

2392 1754 2561 1808 εἶσιτά
2589 1774 2649 1829 γε
2695 1754 2761 1808 τὰ
2808 1761 2906 1823 τῆς
2961 1751 3225 1815 πλατείας
3271 1755 3350 1816 εἷς
3402 1754 3629 1828 βασιλέα
3678 1756 3950 1833 φερούσης
3981 1759 4041 1812 τὸ

2390 1842 2664 1917 ἐξάγιστον
2700 1839 2894 1914 ὄνομα,
2934 1844 3022 1897 καὶ
3072 1842 3144 1904 ὡς
3195 1844 3222 1897 ὁ
3254 1844 3600 1919 πατριάρχης
3658 1843 3924 1915 έώίτηδες
3955 1846 4041 1901 ἐν·

2391 1933 2703 1985 σκενάσαιτο
2737 1930 2944 1999 ἐκείνην
2996 1934 3307 2009 πεμφθῆναι
3361 1937 3441 2003 τῷ
3500 1932 3737 2007 βασιλεῖ,
3787 1937 3931 2009 ᾗπερ
3966 1938 4037 2008 μὴ

2392 2021 2557 2094 μόνον
2591 2020 2689 2074 οὐκ
2720 2019 2972 2095 εὐλογίας
3022 2022 3180 2093 μετὸν
3240 2019 3327 2075 διὰ
3376 2026 3438 2075 τὸ
3486 2029 3585 2091 τῆς
3618 2030 3835 2097 γραφῆς
3868 2047 4038 2096 μυσα-

2391 2113 2502 2185 ρὸν,
2564 2110 2709 2165 ἀλλὰ
2759 2112 2846 2164 καὶ
2912 2111 3115 2183 μύσους
3171 2113 3237 2166 τὰ
3300 2110 3526 2185 μέγιστα
3595 2109 4035 2188 προεστρίϐετο,

2386 2204 2560 2253 Ταῦτα
2589 2200 2897 2271 πυθόμενος
2931 2202 2958 2255 ὁ
2991 2198 3269 2274 βασιλεὺς,
3327 2203 3489 2275 πείρᾳ
3550 2198 3723 2256 θέλων
3775 2204 4039 2277 γνωρίσαι

2385 2290 2451 2343 τὰ
2494 2286 2841 2363 ἀγγελθέντα,
2882 2288 2931 2361 ἐξ
2980 2290 3152 2357 αὐτῆς
3209 2290 3413 2361 πέμπει
3478 2289 3568 2344 τὸν
3622 2295 3719 2345 τοῦ
3778 2297 4044 2354 κοιτῶνος

2390 2378 2889 2451 παρακοιμώμενον
2976 2376 3066 2431 τὸν
3146 2375 3429 2452 βασιλικὸν
3484 2378 3769 2434 Βασίλειον
3836 2380 4047 2451 ξυνετὸν

2390 2465 2519 2521 ὄντα
2565 2465 2903 2541 γραμμάτων
2958 2467 3302 2541 Ἀγαρηνῶν,
3360 2467 3449 2521 καὶ
3507 2467 3566 2530 ’ὀς
3619 2466 3952 2544 ἀνεγίνωσκέ
3988 2491 4045 2525 τε

2383 2684 2457 2751 is,
2491 2688 2551 2738 ut
2599 2683 2818 2737 dictum
2851 2687 2960 2751 est,
3014 2682 3114 2737 tali
3172 2682 3265 2737 die
3313 2684 3717 2739 communioni
3761 2686 4039 2743 Ecclesiae

2380 2773 2686 2826 restitutus
2702 2776 2754 2826 et
2768 2771 3140 2827 anathemate
3161 2772 3394 2828 solutus
3412 2772 3703 2844 aJosepho
3726 2773 4038 2831 fuissetJn

2379 2859 2471 2915 his
2495 2866 2690 2915 autem
2720 2878 2847 2932 quae
2874 2877 2940 2916 ex
2966 2862 3288 2916 abundanti
3323 2862 3693 2917 addebantur
3708 2864 3779 2918 ad
3807 2867 4037 2936 passim

2379 2949 2627 3005 usitatos
2658 2952 2786 3019 ejus
2819 2951 3120 3023 religionis
3152 2952 3321 3021 ritus,
3354 2951 3497 3006 illud
3531 2956 3656 3007 erat
3680 2957 3745 3007 ut
3775 2954 3834 3007 in
3858 2955 4042 3010 lanci-

2376 3040 2488 3095 bus
2519 3041 2857 3095 encaustico
2908 3056 3081 3111 opere
3121 3039 3456 3111 variegatis,
3511 3040 3743 3111 pictura
3803 3042 4041 3099 fructus

2375 3129 2496 3184 fere
2534 3130 2908 3185 autumnales
2952 3129 3333 3201 exprimente,
3387 3128 3749 3186 frumentum
3810 3135 4039 3188 tostum

2373 3218 2717 3289 patriarchae
2750 3220 2821 3275 ad
2845 3236 3006 3274 aram
3040 3219 3309 3274 facientis
3326 3220 3733 3276 benedictione
3767 3224 4041 3277 sanctiﬁ-

2372 3308 2625 3361 candum
2650 3308 3106 3373 oﬂ‘erretur,tum
3126 3308 3337 3363 harum
3358 3306 3621 3364 ‘lancium
3654 3310 3873 3365 eximia
3898 3329 4042 3379 una,

2369 3397 2765 3468 primitiarum
2790 3396 2904 3452 ritu
2923 3397 3481 3469 quodam,epulanti
3505 3403 3772 3471 Augusto
3810 3403 4043 3457 mensis

2370 3485 2647 3539 secundis
2678 3485 3009 3540 inferretur.
3037 3485 3323 3551 Quoniam
3359 3502 3491 3541 vero
3513 3504 3810 3543 mnearum
3829 3488 4040 3544 istius-

2370 3575 2526 3628 modi
2560 3575 2816 3629 lancium
2850 3575 2921 3629 ad
2954 3574 3063 3629 hos
3093 3591 3241 3630 usus
3302 3576 3598 3647 corrogari
3649 3576 3724 3631 ab
3772 3579 4037 3633 externis

2369 3662 2660 3735 plurimos
2713 3680 2951 3719 necesse
2989 3669 3132 3729 erat,
3168 3665 3317 3719 inter
3365 3664 3499 3720 illas
3531 3682 3658 3735 qua:
3709 3666 3821 3721 hoc
3873 3684 4032 3723 anno

2368 3754 2754 3809 commodata:
2784 3770 2817 3807 a
2846 3754 3023 3809 variis
3057 3753 3309 3822 fuerant,
3344 3771 3462 3809 una
3506 3756 3652 3810 forte
3702 3755 4032 3827 speciosior

2365 3844 2494 3898 visa
2515 3844 2761 3908 caeteris,
2794 3850 2846 3899 et
2874 3860 2939 3898 eo
2972 3844 3149 3914 digna
3181 3861 3294 3914 prae
3327 3847 3553 3900 cunctis
3583 3862 3711 3916 quae
3762 3846 4033 3918 impera-

2367 3933 2479 3987 tori
2513 3934 2839 4000 sisteretur,
2876 3932 3133 4004 seposita
3182 3934 3252 3987 ad
3301 3933 3408 3989 hoc
3459 3936 3655 4006 ipsum
3708 3940 3820 3990 est.
3876 3936 4028 3991 Huic

2369 4039 2561 4093 porro,
2608 4028 2817 4093 praeter
2852 4028 3122 4077 caeterum
3178 4023 3398 4078 inducti
3449 4024 3747 4096 eleganter
3797 4026 4036 4081 tectorii

2368 4112 2645 4182 speciem,
2677 4113 2928 4183 Egyptii
2966 4129 3199 4183 quoque
3223 4113 3490 4185 inscripti
3514 4114 3890 4169 characteres
3912 4114 4034 4171 ine-

2368 4206 2521 4256 rant.
2554 4205 2911 4257 Consuetum
2949 4203 3187 4273 quippe,
3222 4207 3285 4256 ut
3315 4203 3503 4269 aiunt,
3535 4202 3803 4274 Aﬁgyptis
3843 4212 3940 4259 est
3971 4206 4031 4259 in

2364 4290 2511 4345 velis
2569 4289 2936 4345 candelabris
2995 4291 3269 4361 vasisque
3336 4290 3577 4363 reliquis
3624 4292 4032 4363 insigniendis

2366 4380 2541 4434 istam
2574 4384 2629 4433 et
2656 4378 2870 4433 litteris
2902 4380 3166 4451 ipsorum
3192 4381 3456 4450 speciose
3479 4380 3646 4435 illitis
3678 4383 4023 4437 ornamenti

2364 4470 2650 4524 rationem
2682 4469 2966 4524 affectare.
2999 4473 3163 4524 Forte
3184 4474 3380 4524 autem
3402 4470 3613 4535 evenit,
3632 4475 3696 4524 ut
3718 4487 3848 4541 quae
3874 4472 4033 4527 hanc

2366 4557 2694 4629 imperatori
2752 4559 3107 4613 destinatam
3158 4557 3387 4613 lancem
3419 4560 3707 4614 elementa
3753 4560 4036 4632 Egyptia

2284 4638 2331 4701 Ι)
2363 4649 2703 4721 pingebant,
2726 4648 3103 4703 exsecrabilis
3117 4648 3271 4704 454
3294 4647 3841 4717 Machumetis,seu,
3866 4650 4029 4721 quod

2360 4738 2516 4791 idem
2558 4742 2665 4802 est,
2711 4736 3083 4802 Mahometis,
3124 4736 3444 4791 honorifice
3478 4753 3688 4791 nomen
3722 4737 4031 4807 exprime-

2360 4830 2508 4879 rent.
2564 4824 2688 4878 Non
2742 4825 2916 4879 latuit
2945 4830 3320 4879 accusatores
3352 4825 3574 4880 circum
3599 4824 3802 4880 orbem
3838 4825 4030 4896 hujus

2358 4916 2570 4985 patinae
2616 4914 3080 4969 abominandum
3125 4914 3179 4968 id
3240 4913 3591 4969 vocabulum
3644 4913 4028 4985 inscriptum.

2359 5004 2511 5058 Cum
2558 5020 2625 5057 ea
2672 5004 2847 5073 igitur
2877 5004 3068 5059 adhuc
3103 5004 3161 5058 in
3186 5002 3411 5075 templo
3437 5004 4026 5074 seposita,quemad-

2358 5095 2599 5149 modum
2632 5098 2719 5149 est
2751 5094 2994 5161 dictum,
3025 5098 3089 5148 ut
3118 5094 3186 5149 ad
3218 5096 3629 5165 imperatorem
3666 5093 4026 5160 deferretur,

577 5110 757 5167 tionis
792 5103 1006 5163 accidit
1032 5096 1300 5170 joculare
1331 5110 1398 5148 ac
1431 5092 1588 5147 dictu
1621 5090 1882 5161 lepidum
1911 5092 2146 5162 referre,
2180 5100 2244 5148 ut

575 5221 644 5259 ex
676 5202 785 5256 hoc
808 5191 1135 5267 specimine
1158 5189 1341 5243 lector
1360 5183 1907 5251 aastimetquantum
1932 5181 2044 5236 Sibi
2067 5182 2240 5240 licere

571 5290 911 5363 malignitas
942 5282 1077 5338 velit
1107 5285 1165 5334 et
1196 5275 1337 5347 quid
1373 5290 1488 5329 non
1517 5270 1821 5326 occasione
1854 5278 2086 5342 arrepta
2109 5291 2237 5344 per-

566 5361 744 5438 ﬁciat:
776 5378 859 5432 Ad
894 5374 1243 5430 consuetum
1298 5364 1519 5435 ubique
1551 5377 1617 5416 ac
1666 5376 1900 5429 semper
1948 5361 2233 5418 celebrem

568 5474 919 5544 apparatum
945 5464 1246 5529 ritumque
1278 5458 1600 5525 augustum
1637 5450 2036 5504 anniversario
2071 5453 2233 5507 cultu

566 5538 924 5617 honorandae
980 5544 1374 5607 solemnitatis
1426 5543 1802 5614 Hypapantes
1853 5538 2073 5609 aliquid
2127 5542 2235 5598 hoc

566 5660 831 5723 tempore
850 5638 1209 5700 caeremoniae
1233 5631 1638 5705 exquisitioris
1662 5628 1925 5685 adhiberi
1950 5637 2073 5685 erat
2089 5634 2231 5687 soli~

564 5720 787 5799 tum-in
819 5733 1070 5810 gratiam
1102 5733 1281 5799 atque
1329 5725 1611 5780 honorem
1640 5720 2030 5791 imperatoris,
2072 5726 2228 5797 quod

2354 5188 2561 5246 staret,
2598 5183 2783 5239 misso
2810 5183 2869 5237 hi
2902 5188 3055 5239 certo
3087 5183 3329 5239 homine
3363 5184 3416 5238 ei
3456 5183 3735 5239 nuntiant
3785 5183 4025 5239 lancem

2352 5274 2465 5345 ipsi
2520 5274 2875 5329 offerendam
2926 5274 3190 5329 studiose
3238 5272 3523 5329 delectam
3580 5291 3613 5327 a
3656 5274 4026 5345 patriarcha,

2351 5380 2481 5436 quae
2511 5362 2875 5419 detestabilis
2906 5369 3063 5419 esset
3105 5362 3364 5419 nominis
3413 5362 3791 5445 ascriptione‘
3823 5364 4026 5432 profa-

2349 5460 2508 5518 nata,
2562 5457 2625 5507 ut
2670 5452 2936 5508 videlicet
2987 5469 3093 5524 pro
3142 5458 3413 5524 separata
3458 5458 3728 5523 Augusta
3769 5468 3840 5507 ex
3881 5456 4019 5523 ejus

2347 5543 2498 5599 sacri
2535 5543 2877 5613 apophoreti
2915 5542 3364 5614 participatione
3400 5543 3592 5615 gratia
3623 5542 3862 5597 macula
3902 5542 4022 5614 ipsi

2343 5632 2569 5688 infandi
2604 5633 2821 5703 piaculi
2851 5633 3193 5703 contagione
3227 5632 3384 5688 velut
3414 5635 3671 5705 quadam
3693 5639 4023 5688 exsecratae

2342 5722 2790 5795 superstitionis
2821 5722 3186 5781 allineretur.
3221 5723 3351 5779 Hac
3382 5724 3632 5780 audiens
3662 5722 4023 5795 imperator,
