4210 6448
182 383 276 437 913

1225 386 1318 437 DE
1364 383 1729 438 MICHAELE
1767 378 2210 435 PALBOLOGO
2246 380 2381 432 LIB.
2424 380 2520 431 VI.

3459 374 3569 428 914

184 508 261 561 καὶ
328 507 390 561 τὸ
466 504 664 576 ἀληθὲς
720 508 1151 581 προσεμαρτύρει
1229 513 1344 567 τοῖς
1397 505 1806 580 ἀπαγγείλασιν.
1840 498 2123 573 Ακ).ησία
2190 502 2451 573 ποιμένος
2484 501 2879 575 κεχηρωμένη,
2934 500 3059 571 μήτ’
3105 497 3314 552 ἐκείνου
3364 498 3565 571 παρόν-

186 597 240 652 ’11
274 597 367 667 μὲν
402 594 492 649 οὗν
554 596 785 650 πλατεῖα
845 595 943 650 οὐκ
1002 596 1245 669 εἰσήγετο
1299 593 1387 649 διὰ
1433 597 1531 662 τὴν
1567 592 1813 662 συνείδηο

186 707 279 752 σιν,
311 686 409 752 τὴν
458 684 830 752 άποστολικὴν
892 684 1204 756 παραίνεσιν
1256 689 1352 739 τοῦ
1415 683 1681 758 βασιλέως
1712 704 1813 752 τη-

186 775 477 849 ρήσαντοςσ
537 774 598 828 τὸ
652 770 709 827 δὶ
760 779 825 848 τῇ
886 773 1006 843 ἑξῆς
1065 776 1138 837 ὡς
1196 772 1453 846 ἔγκλημα
1509 775 1594 828 καὶ
1654 776 1813 827 τοῦτο

186 861 494 935 προὺτίθετο
519 862 792 936 μέγιστον.

185 1024 258 1097 ιγ’.
324 1024 512 1085 Ὅπως
581 1025 930 1097 παρῃτήσατο
972 1096 978 1097 7
1025 1023 1114 1097 τον
1203 1022 1393 1092 Ορὸνον
1458 1022 1485 1076 ὁ
1547 1041 1811 1095 πατριαρ-

740 1095 916 1168 χεύων
970 1094 1243 1161 Ἱωᾶννης.

244 1221 323 1290 [Ρ.
356 1222 482 1289 3H)l
530 1220 618 1280 Ὠς
675 1218 849 1273 τοίνυν
902 1220 967 1272 τὰ
1025 1218 1159 1273 κατὰ
1204 1220 1294 1272 τὸν
1345 1218 1687 1293 πατριάρχην
1724 1216 1809 1272 ἐπὶ

183 1308 306 1377 μησὶ
336 1305 484 1361 δυοῖν
518 1304 757 1383 ἐτρίϐετο
787 1310 875 1362 καὶ
920 1305 1074 1362 οὐδὲν
1120 1309 1335 1377 ἠνύετο,
1374 1308 1536 1379 μὸνον
1571 1304 1617 1361 δ’
1647 1306 1811 1367 ὕθλος

179 1395 257 1449 καὶ
286 1395 536 1471 λοιδορία
587 1398 675 1451 καὶ
727 1404 827 1452 πᾶν
862 1400 890 1452 ὅ
919 1420 968 1452 τι
1002 1398 1251 1451 κάκιστον
1304 1398 1388 1464 ἦν,
1444 1397 1551 1466 (καὶ
1592 1398 1641 1449 τί
1683 1398 1807 1470 γὰρ,

181 1483 307 1538 ὅπου
364 1487 452 1539 καὶ
506 1484 750 1558 κλίμακα
796 1487 930 1541 κατὰ
987 1486 1187 1563 φιάλης
1246 1485 1675 1547 ἐνσκευασθεῖσαν
1734 1490 1812 1555 τῷ

180 1575 484 1649 πατριάρχῃ
544 1575 678 1629 κατᾶ
723 1597 842 1630 τινα
898 1573 1071 1629 ἄνεσιν
1133 1572 1365 1649 δένδρων
1428 1573 1599 1629 ἐκεῖσε
1644 1595 1809 1628 κατα-

184 1663 539 1738 φυτευθὲντων
599 1663 893 1735 παντοίων,
945 1663 1081 1734 ὕλην
1135 1666 1284 1739 εἶχον
1341 1663 1430 1717 καὶ
1479 1662 1679 1733 ταῦτην
1709 1670 1808 1731 τῆς

178 1754 281 1805 κατ’
315 1752 521 1807 ἐκείνου
553 1755 934 1830 συκοφαντίας,
993 1755 1120 1828 παρ’
1178 1751 1244 1821 ἤν
1304 1751 1480 1807 αἷτίαν
1522 1754 1609 1806 καὶ
1646 1751 1809 1824 μόνον

1922 612 2037 657 τος,
2071 590 2157 643 καὶ
2193 590 2362 644 ἄλλον
2396 591 2794 663 ἀντεισάγεσοαι
2850 588 2948 642 οὐκ
2994 589 3060 654 ἦν
3106 585 3250 648 ὅλως
3304 592 3383 657 τῷ
3418 590 3569 645 Βασι-

1925 679 2010 735 λεῖ
2040 680 2267 750 Οξλητόν
2302 700 2313 711 ⁸
2375 680 2425 735 ἐν
2478 686 2557 752 τῷ
2619 680 2811 751 μεταξῦ
2864 681 2963 754 γὰρ
3026 681 3255 750 πέμπων
3286 679 3373 731 καὶ
3407 677 3563 731 αὐτὸν

1922 767 1987 838 δὴ
2056 772 2145 824 τὸν
2208 770 2370 824 αὐτοῦ
2439 770 2529 824 τὸν
2618 768 2838 842 βασιλέα
2905 765 3246 841 Ἀνδρόνικον
3313 766 3564 840 ἐπειρᾶτο

1923 857 2235 931 μαλάττειν·

1924 1016 2003 1075 ιδ’.
2063 1020 2144 1075 Τὰ
2208 1020 2343 1073 κατὰ
2403 1019 2531 1080 τοὺς
2598 1014 2851 1089 πρέσϐεις
2907 1022 3003 1072 τοῦ
3062 1018 3256 1071 πάππα
3316 1016 3404 1071 καὶ
3470 1018 3561 1071 τὸν

2406 1092 2750 1165 πατριάρχην
2799 1091 3070 1159 Ἰωάννην.

1989 1217 2075 1271 Ἐν
2107 1215 2352 1287 τοσούτῳ
2385 1214 2441 1270 δὲ
2490 1217 2576 1270 καὶ
2630 1212 2880 1289 πρεσϐεις
2924 1216 2986 1269 εκ
3038 1216 3260 1286 Ῥώμης
3292 1215 3436 1284 παρά
3466 1217 3563 1266 τοῦ

1916 1306 2110 1359 πάππα
2164 1306 2467 1382 ἐφίστανται
2529 1306 2627 1375 ἔξω
2684 1327 2789 1359 που
2847 1305 3062 1367 πόλεως
3118 1307 3214 1371 τῆς
3275 1301 3564 1377 Ἀδριανοῦ

1917 1395 2237 1464 ἐπανήκοντι
2303 1394 2535 1470 βασιλεῖ.
2600 1398 2695 1450 Καὶ
2760 1396 2817 1457 ὅς
2872 1395 3041 1457 θέλων
3081 1395 3379 1461 συσκιάζειν
3416 1393 3563 1469 suis:

1914 1485 1981 1539 τά
2010 1488 2145 1539 κατὰ
2192 1487 2282 1539 τὸν
2334 1486 2702 1560 πατριάρχην,
2763 1485 2987 1547 ἐκείνοις
3035 1486 3127 1553 μὲν
3178 1484 3351 1544 αἰτίας
3385 1482 3564 1536 πλατ-

1912 1574 2142 1646 τόμενος
2197 1576 2269 1636 ὡς
2321 1575 2633 1648 ἀπειρηκὼς
2688 1571 2838 1649 ἔλεγε
2906 1575 3041 1648 πρὸς
3098 1574 3222 1636 τοὸς
3274 1573 3478 1632 πόνους
3534 1572 3561 1623 ὁ

1915 1663 2285 1739 πατριάρχης,
2316 1665 2402 1718 καὶ
2457 1665 2708 1732 ἀνεθῆναι
2770 1663 2938 1726 θέλων
2991 1663 3075 1717 ἐπὶ
3127 1660 3292 1732 πολὺ,
3326 1660 3563 1735 ἐκχωρεῖ

1914 1756 2050 1827 πρὸς
2078 1756 2262 1829 καιρὸν
2296 1759 2393 1809 τοῦ
2423 1754 2835 1829 πατριαρχείου.
2863 1755 2945 1825 [Ρ.
2970 1755 3095 1825 312]
3122 1753 3209 1806 καὶ
3240 1773 3300 1825 γε
3335 1748 3563 1822 μέλλειν

176 1840 399 1905 ἀκούσας
428 1843 563 1897 κατὰ
604 1848 705 1897 πᾶν
757 1842 971 1898 ἐκέλευε
1016 1844 1105 1897 καὶ
1153 1844 1201 1918 γ’
1252 1843 1524 1916 ἀφανίζειν
1552 1841 1740 1897 τέλεον
1769 1844 1806 1913 ;)
1840 1869 1884 1934 Β
1914 1842 2159 1916 ἐντυχεῖν
2192 1848 2324 1920 σφᾶς
2371 1843 2556 1915 ἐκείνῳ
2603 1842 2746 1916 παρά
2799 1864 2909 1897 τισι
2960 1847 3067 1896 τῶν
3100 1843 3235 1895 κατά
3264 1842 3361 1909 τὴν
3395 1838 3561 1893 πόλιν

175 1932 242 1992 ὡς
273 1936 403 2006 γοῦν
433 1930 583 1988 οὐδὶν
617 1930 757 1988 ἄλλο
796 1932 831 2002 ἢ
882 1932 1133 2006 λοιδορία
1179 1932 1394 2002 ἠνύετο,
1422 1932 1623 1993 σκοπὸς
1663 1930 1708 1986 δ’
1739 1932 1804 2000 ἦν

174 2017 367 2076 ἐκεῖνον
418 2022 752 2094 ἀπειρηκότα
808 2024 941 2098 πρὸς
997 2023 1090 2084 τὰς
1147 2021 1410 2099 ἐπιφορὰς
1460 2027 1567 2077 τῶν
1600 2017 1803 2096 ὕϐρεων

170 2110 535 2183 παραιτεῖσθαι
595 2114 684 2166 τὸν
744 2113 959 2188 θρόνον,
1020 2112 1188 2184 μηνὸς
1240 2113 1485 2184 Κρονίου,
1536 2112 1805 2185 μεσούσης

171 2201 433 2268 νηστείας,
466 2196 727 2257 λίϐελλον
774 2204 993 2279 γράφειν
1054 2207 1132 2274 τῷ
1192 2208 1493 2279 συγγραφεῖ
1534 2203 1805 2276 παραιτή-

172 2308 298 2349 σεως
330 2288 625 2359 ἐπιτάττει,
673 2290 763 2344 καὶ
820 2292 871 2365 γ’
930 2287 1149 2351 ἐπιδοὺς
1212 2290 1422 2365 βαςιλεῖ
1473 2311 1805 2365 προσποιου-

179 2376 315 2449 μένῳ
365 2380 445 2450 μή
500 2376 745 2454 δέχεσθαι
806 2378 1207 2450 ἀπηλλάττετο,
1267 2379 1354 2433 καί
1405 2381 1580 2456 φέρων
1608 2384 1675 2453 τῇ
1706 2387 1806 2448 τῆς

173 2465 559 2541 Ηαναχράντου
610 2472 749 2542 μονῇ
797 2466 982 2523 ἑαυτὸν
1036 2466 1279 2525 δίδωσιν.
1332 2470 1430 2523 Ἦν
1482 2470 1571 2523 οὖν
1613 2471 1648 2538 ἡ
1683 2471 1808 2527 Ἐκ-

172 2703 281 2759 quo
312 2687 386 2742 ab
416 2686 712 2759 liquidum
747 2687 1070 2759 exploraret
1100 2705 1173 2744 an
1220 2688 1301 2743 ita
1346 2687 1649 2754 haberent,
1683 2703 1815 2743 cur-

167 2775 347 2833 riculo
381 2777 566 2831 mittit
592 2778 840 2849 Augusti
872 2778 1120 2834 cubiculi
1155 2777 1811 2849 prefectumBasilium,

167 2866 414 2936 peritum
442 2866 947 2922 Sarracenicarum
981 2867 1331 2933 litterarum,
1361 2867 1461 2938 qui
1495 2868 1592 2921 ubi
1633 2865 1811 2937 legis-

168 2959 268 3019 set,
303 2971 428 3011 rem
457 2971 591 3011 vere
622 2955 803 3011 fuisse
851 2956 1180 3012 nuntiatam
1212 2956 1550 3028 imperatori
1583 2954 1804 3011 retulit.

166 3045 473 3100 Prandenti
507 3060 643 3117 ergo
685 3062 818 3100 mox
846 3047 1105 3112 Augusto
1146 3060 1277 3099 cum
1330 3049 1484 3100 esset
1532 3045 1601 3099 de
1648 3060 1806 3098 more

161 3131 285 3188 lanx
317 3132 521 3199 allata,
550 3150 665 3189 non
694 3135 956 3190 admissa
986 3135 1057 3189 ab
1087 3152 1152 3190 eo
1184 3138 1291 3203 est,
1326 3134 1494 3205 quasi
1526 3133 1799 3205 religioso

166 3227 316 3276 metu
376 3222 809 3278 consciscenda
877 3239 1058 3292 noxae,
1120 3228 1176 3279 et
1240 3239 1379 3278 cura
1435 3220 1797 3293 obsequendi

163 3310 491 3380 Apostolico
522 3312 800 3366 mandato
835 3312 1069 3382 jubenti
1118 3328 1251 3367 eum
1304 3312 1404 3383 qui
1464 3311 1802 3381 cognoverit

168 3399 358 3455 cibum
394 3400 511 3472 ipsi
546 3401 875 3471 appositum
910 3401 1169 3457 oblatum
1205 3401 1368 3471 prius
1418 3400 1576 3455 idolo
1611 3400 1808 3466 fuisse,

164 3490 455 3546 abstinere
487 3490 650 3547 illius
680 3508 783 3546 esu
827 3497 1063 3564 propter
1104 3490 1545 3547 conscientiam.
1597 3489 1808 3545 Postri-

165 3578 251 3633 die
296 3596 471 3651 porro
522 3581 593 3635 ad
653 3580 901 3636 crimina
959 3581 1299 3653 patriarcha:
1349 3581 1544 3636 aiﬁcta
1594 3595 1805 3635 novum

162 3667 309 3724 istud
340 3676 633 3741 tanquam
666 3670 932 3727 omnium
980 3672 1300 3727 maximum
1351 3669 1809 3727 invidiosissime

160 3758 363 3829 adjunc
375 3765 509 3815 tum
544 3764 652 3815 est.

255 3901 341 3956 13.
354 3904 423 3959 Ut
450 3903 783 3975 patriarcha
802 3907 1043 3963 Joanne:
1065 3907 1258 3964 throno
1274 3906 1691 3963 renuntiaverit.

218 4024 361 4083 Cum
392 4028 581 4101 igitur
610 4031 931 4103 duobus,ut
962 4033 1420 4102 dixi,mensibus
1443 4034 1661 4105 agitata
1682 4032 1801 4086 haec

153 4116 495 4183 patriarchae
529 4120 829 4176 accusatio
861 4122 1092 4188 fuisset,
1125 4140 1229 4179 nec
1262 4123 1584 4195 quidquam
1615 4122 1798 4192 proli-

150 4212 394 4279 ceretur,
427 4210 535 4266 sed
570 4209 914 4283 ludibrium,
958 4212 1335 4278 contumelia,
1396 4218 1453 4268 et
1510 4210 1796 4282 quidquid

145 4293 249 4351 dici
275 4299 610 4368 pessimum
644 4305 853 4370 potest,
887 4302 945 4357 in
979 4319 1039 4358 re
1090 4306 1209 4359 tota
1248 4311 1599 4367 versaretur,
1633 4300 1794 4370 (quid

145 4386 288 4443 enim
318 4407 426 4462 pro
456 4390 617 4446 bono
648 4396 704 4446 et
733 4409 897 4464 aequo
929 4393 1184 4449 facturos
1208 4410 1429 4465 speres,
1466 4392 1563 4463 qui
1616 4390 1793 4446 etiam

145 4477 305 4534 scala:
365 4480 627 4535 formam
680 4482 1005 4553 peregrinis
1074 4483 1308 4549 litteris,
1353 4482 1493 4537 ludo
1541 4480 1793 4551 quodam

140 4564 369 4637 pictoris
442 4569 603 4624 inter
652 4570 980 4643 anaglypha
1044 4571 1434 4643 implexarum
1519 4571 1791 4625 arborum

1920 1938 2136 2005 μονῶν·
2171 1930 2374 1987 ἐκεῖνον
2434 1931 2492 1988 δὲ
2538 1932 2757 2005 πέμψας
2813 1931 2968 2002 ἠξίου
3021 1931 3314 1995 ἀποθέσθαι
3366 1931 3461 2002 μὲν
3492 1928 3559 1983 τὰ

1914 2030 2012 2092 τῆς
2050 2022 2418 2098 μικροψυχίας
2466 2024 2541 2084 ὡς
2596 2020 2751 2085 ὄντος
2798 2026 2989 2097 καιροῦ
3025 2021 3234 2094 μᾶλλον
3269 2020 3303 2088 ἢ
3342 2018 3553 2093 βουλη-

1916 2133 2072 2180 σεως,
2118 2110 2370 2167 ἀπελθεῖν
2423 2109 2480 2166 δὲ
2518 2114 2653 2187 πρὸς
2700 2113 2798 2179 τὴν
2855 2112 3022 2182 μονήν
3072 2114 3179 2164 τῶν
3234 2110 3559 2184 Μαγγάνων,

1914 2201 2069 2256 κάκεῖ
2118 2207 2236 2263 τοῖς
2294 2196 2577 2277 πρέσϐεσιν
2639 2201 2884 2275 ἐντυχεῖν
2938 2198 3353 2275 παραγεγονόσι,
3391 2194 3559 2269 μηδὲν

1914 2296 2020 2346 τῶν
2090 2290 2368 2365 προτέρων
2429 2293 2769 2364 σημήναντα.
2848 2290 3036 2351 Οὕτως
3094 2288 3272 2364 ἔλεγε,
3329 2288 3417 2342 καὶ
3474 2284 3557 2359 ἅμ

1916 2380 2143 2443 ἐκείνοις
2168 2384 2265 2450 τὴν
2299 2380 2459 2437 πόλιν
2504 2380 2814 2455 εἰσήρχετο.
2871 2381 3002 2454 Πρὶν
3054 2377 3101 2433 δ’
3150 2378 3394 2453 ἐντυχεῖν
3426 2376 3566 2431 ἐκεί-

1916 2492 2041 2533 νους
2100 2468 2311 2543 συνόδῳ
2366 2470 2455 2525 καὶ
2509 2472 2849 2546 πατριάρχῃ,
2906 2471 2934 2525 ὁ
2999 2467 3253 2545 βκσιλεὺς
3305 2467 3469 2544 γνοὺς
3503 2466 3565 2521 τὸ

1924 2688 2492 2759 genariijejunii,me
2522 2689 2699 2760 hujus
2729 2688 2984 2745 historia:
3006 2689 3351 2760 scriptorem
3380 2686 3568 2755 jussit

1922 2776 2185 2833 libellum
2210 2779 2595 2835 abdicationis
2626 2796 2745 2834 suae
2778 2778 3179 2844 conscribere;
3216 2792 3391 2847 quem
3427 2792 3560 2831 cum

1921 2866 2261 2938 imperatori
2315 2868 2647 2931 obtulisset.
2672 2867 2772 2923 illo
2803 2867 3122 2923 simulante
3172 2883 3234 2921 se
3262 2882 3377 2920 non
3411 2866 3565 2920 acci-

1919 2973 2074 3027 pere,
2107 2958 2384 3013 continuo
2416 2959 2692 3013 recedens
2723 2957 2781 3012 in
2819 2957 3232 3013 Panachrantas
3264 2960 3560 3010 monaste-

1917 3046 2069 3101 rium
2103 3063 2164 3102 se
2182 3046 2429 3102 abdidit.
2460 3048 2600 3102 Erat
2622 3062 2758 3117 ergo
2791 3046 3011 3102 Eclesia
3043 3050 3276 3117 pastore
3307 3045 3562 3112 viduata,

1911 3134 2021 3189 hoc
2085 3134 2319 3205 quidem
2380 3152 2494 3191 non
2546 3144 2936 3207 comparente,
2978 3140 3035 3190 et
3083 3134 3266 3189 alium
3315 3135 3371 3188 in
3432 3135 3561 3201 ejus

1910 3223 2101 3278 locum
2136 3226 2454 3295 subrogare
2486 3224 2717 3280 nolente
2746 3225 2985 3279 omnino
3010 3224 3379 3295 imperatore.
3415 3222 3559 3275 Nam

1916 3312 2070 3368 inter
2096 3313 2241 3369 alios
2275 3330 2421 3385 quos
2471 3314 2541 3369 ad
2603 3314 2994 3384 patriarcham
3050 3328 3119 3367 ex
3166 3314 3276 3367 isto
3327 3327 3558 3365 recessu

1918 3404 2303 3458 revocandum
2348 3409 2405 3458 et
2434 3408 2498 3458 ut
2523 3404 2753 3475 publico
2786 3420 2849 3457 ac
2879 3420 2985 3458 suo
3018 3402 3244 3457 muneri
3266 3416 3327 3457 se
3357 3401 3559 3455 redde-

1917 3495 2003 3545 ret
2029 3493 2312 3546 orandum
2346 3509 2448 3563 per
2478 3493 2533 3547 id
2566 3497 2799 3563 tempus
2831 3491 3124 3563 allegavit,
3156 3492 3348 3562 ipsum
3382 3490 3555 3544 etiam

1916 3579 2102 3635 tilium
2137 3581 2439 3652 proprium
2462 3586 2517 3637 et
2547 3582 2778 3653 imperii
2824 3580 3107 3651 collegam
3164 3577 3552 3634 Andronicum

1914 3671 2177 3727 conferre
2206 3688 2267 3727 se
2300 3674 2371 3727 ad
2402 3672 2567 3727 illum
2601 3677 2659 3727 et
2688 3671 2885 3727 conari
2918 3669 3375 3740 exorarejussit.

2078 3816 2166 3873 14.
2200 3818 2275 3873 De
2305 3817 2501 3885 legatis
2523 3831 2688 3889 papae
2718 3820 2767 3873 et
2792 3815 3116 3888 patriarcha
3142 3816 3373 3870 Joanne.

1978 3949 2130 4004 Dum
2164 3950 2282 4005 haec
2317 3954 2622 4023 geruntur,
2681 3949 2855 4021 legati
2908 3950 3092 4005 Roma
3135 3966 3168 4003 a
3198 3953 3356 4020 Papa
3385 3945 3550 4003 missi

1908 4045 2221 4094 occurrunt
2252 4040 2589 4111 imperatori
2638 4039 2951 4095 revertenti
3003 4038 3448 4109 Adrianopolim
3497 4042 3555 4093 et

1904 4126 2065 4183 illam
2096 4127 2391 4184 civitatem
2426 4130 2686 4184 nondum
2718 4127 3113 4199 ingresso.His
3144 4127 3315 4182 illein
3345 4126 3552 4198 primis

1905 4217 2135 4273 studuit
2164 4234 2290 4289 quae
2319 4219 2474 4273 circa
2504 4218 2899 4289 patriarcham
2927 4233 3115 4287 nuper
3144 4220 3459 4271 evenerunt
3490 4215 3550 4269 in

1902 4306 2156 4378 speciem
2207 4324 2385 4377 quam
2438 4308 2751 4362 minimum
2804 4306 3150 4361 invidiosam
3206 4306 3422 4373 fucare,
3483 4322 3549 4359 ac

1902 4396 2055 4467 quod
2093 4395 2453 4451 dissimulari
2481 4397 2765 4467 nequibat
2795 4397 3033 4461 factum,
3060 4395 3368 4449 inumbare
3388 4410 3547 4449 com-

1902 4482 2284 4539 miniscendis
2315 4484 2529 4552 causis,
2568 4500 2701 4539 cum
2734 4483 2952 4538 diceret
2984 4486 3408 4554 praegravatum
3442 4498 3543 4552 pa-

1901 4573 2207 4629 triarcham
2239 4574 2539 4632 laboribus
2570 4574 2889 4630 functionis
2922 4574 3113 4640 istius,
3174 4589 3290 4644 quo
3350 4572 3420 4627 ab
3469 4571 3543 4626 iis

139 4672 370 4713 amcenaa
404 4658 715 4715 varietatis
737 4640 888 4718 43'5—
912 4679 1014 4733 per
1035 4640 1290 4733 phialam
1315 4659 1787 4723 conscribillataa,
1820 4640 1871 4703 D
1900 4662 2213 4733 respiraret
2242 4664 2490 4720 otiosius
2547 4681 2726 4735 seque
2776 4664 3058 4731 reticeret,
3104 4680 3134 4718 e
3164 4640 3541 4734 patriarcbali

137 4743 189 4801 in
218 4752 479 4805 atrocem
509 4749 875 4806 calumniam
907 4753 1187 4808 traxerint
1212 4753 1382 4824 quasi
1432 4749 1643 4823 piaculi
1670 4752 1786 4805 'nc-

140 4834 311 4909 fandi,
343 4840 525 4909 cujus
559 4840 633 4896 ad
666 4839 849 4897 solam
898 4843 1260 4899 mentionem
1293 4842 1785 4899 conclamandum

138 4928 557 4985 exterminium
584 4934 743 4986 esset
772 4930 1045 4987 ultimum
1078 4931 1131 4988 ei
1160 4932 1497 5004 quicunque
1536 4931 1783 4987 insimu-

137 5009 349 5071 laretur
385 5022 518 5072 tam
576 5017 852 5073 horrendi
898 5018 1168 5075 videlicet
1211 5018 1571 5090 sacrilegii?)
1631 5033 1784 5083 cum,

134 5099 391 5175 inquam,
417 5106 731 5177 judicium
756 5107 811 5162 id
839 5107 982 5163 nihil
1006 5109 1120 5164 nisi
1150 5108 1418 5181 petulans
1458 5108 1785 5163 convicium

133 5195 181 5245 et
214 5194 626 5266 ignominiosa
674 5198 964 5253 traductio
1017 5199 1368 5269 patriarcha:
1415 5199 1675 5253 nominis
1731 5202 1789 5252 et

133 5282 591 5342 existimationis
644 5292 826 5353 esset,
883 5288 1171 5361 facileque
1237 5298 1541 5361 appareret
1601 5306 1785 5344 unum

131 5367 261 5428 illud
327 5381 614 5447 spectare
676 5380 945 5432 auctores
1012 5378 1340 5434 fautoresve
1405 5377 1786 5433 tumultuosae

130 5457 293 5531 hujus
325 5463 994 5538 criminationis,utqui
1028 5483 1095 5523 ea
1124 5466 1511 5524 licentissime
1542 5468 1786 5523 incomi-

128 5548 404 5624 tiabatur,
432 5555 699 5613 ferendae
727 5556 917 5627 impar
944 5556 1278 5613 istiusmodi
1308 5558 1594 5615 vexationi
1616 5562 1790 5629 atque

127 5638 368 5702 infamia:
394 5647 611 5703 sedem
647 5644 1046 5719 honoremque
1072 5647 1507 5719 detrectaret,id
1530 5648 1784 5704 Joannes

119 5723 469 5811 intelligens,
495 5748 715 5794 mense
767 5732 977 5794 Martio
1024 5736 1181 5795 circa
1230 5736 1493 5796 medium
1524 5737 1783 5812 quadra-

1898 4752 1968 4806 ad
2000 4757 2236 4825 tempus
2274 4754 2591 4809 excessisse
2622 4753 3130 4825 palatio,futurum
3164 4757 3357 4807 tamen
3390 4748 3538 4820 ipsis

1897 4846 2107 4912 praesto
2137 4844 2368 4899 cum'eo
2400 4844 2803 4915 congressuris
2834 4842 2987 4914 apud
3045 4842 3314 4913 quaedam
3373 4839 3539 4895 urbis

1897 4931 2271 4987 monasteria.
2300 4934 2496 5004 Ipsum
2525 4937 2723 4988 autem
2754 4932 2976 4988 Vecum
3010 4947 3111 5002 per
3132 4934 3319 4986 certos
3388 4946 3421 4984 a
3477 4945 3541 4985 se

1897 5021 2111 5076 missos
2124 5020 3255 5094 rogavit,deponeretpusillanimitatem
3279 5034 3539 5079 omnem;

1897 5111 2050 5166 456
2073 5126 2199 5182 quze
2228 5116 2358 5167 aeta
2406 5116 2607 5167 essent
2662 5111 2974 5183 imputaret
3034 5109 3284 5181 tempori
3344 5109 3540 5180 potius

1897 5216 2073 5271 quam
2108 5201 2395 5256 voluntati
2429 5218 2569 5269 suae;
2594 5202 2859 5257 conferre
2890 5218 2951 5256 se
2984 5216 3054 5254 ne
3087 5206 3425 5269 gravaretur
3479 5197 3539 5253 in

1898 5292 2319 5347 monasterium
2356 5293 2772 5364 Manganorum
2804 5307 3115 5362 congressu
3126 5306 3225 5345 rus
3239 5305 3369 5345 cum
3392 5288 3543 5360 lega-

1896 5380 1973 5435 tis
2013 5380 2152 5437 illuc
2184 5382 2542 5449 occursuris,
2574 5383 2792 5453 quibus
2838 5380 3041 5436 orabat
3066 5396 3137 5435 ne
3185 5378 3541 5451 significaret

1897 5469 2220 5541 quidquam
2253 5488 2453 5527 eorum
2483 5489 2609 5543 qua;
2644 5487 2832 5543 nuper
2853 5468 3363 5541 contigissent.Sic
3394 5485 3539 5539 pras-

1897 5561 2125 5616 munito
2158 5561 2488 5633 patriarcha
2519 5560 2824 5634 ingressus
2846 5561 3047 5616 urbem
3067 5564 3299 5615 estcum
3331 5558 3536 5629 legatis

1896 5648 2295 5721 imperator;et
2328 5668 2605 5722 quorsum
2640 5668 2707 5707 ea
2756 5650 2968 5723 legatio
3027 5652 3316 5722 spectaret
3368 5646 3535 5703 intel-

1891 5735 2103 5811 ligans,
2127 5738 2286 5798 dedit
2312 5754 2550 5814 operam
2582 5756 2655 5798 ne
2685 5738 2771 5797 illi
2818 5755 2955 5799 cum
3005 5738 3227 5812 synodo
3281 5753 3535 5807 cumque
