4210 6448
620 377 728 433 915

1917 382 2221 438 GEORGII
2257 382 2491 436 PACHY
2500 382 2718 436 [RBE

3923 375 4037 430 916

613 505 715 569 τῆς
748 490 1033 572 πρεσϐείας
1062 494 1385 567 κεφάλαιον,
1437 495 1503 552 rd
1552 494 1600 553 δ’
1650 497 1717 567 ἦν
1779 500 1855 573 μὴ
1908 498 2102 575 λόγοις
2133 501 2267 555 εἶναι
2299 504 2350 570 Α
2381 502 2736 575 κατεπράχθη
2768 500 2855 554 καὶ
2924 498 3041 571 μεθ’
3093 494 3225 566 ὅσης
3277 502 3379 565 τῆς
3442 494 3761 572 δυσχερείας
3791 495 4035 566 ἠνύσθη,

612 587 849 656 τὴντῶν
883 584 1227 656 Ἐκκλησιῶν
1278 585 1500 659 εἰρήνην
1558 587 1648 642 καὶ
1707 586 1915 661 μόνοις,
1966 588 2094 644 ἀλλ’
2124 586 2268 665 ἔργῳ

617 672 939 729 δεικνύντων
988 679 1068 746 τῷ
1125 674 1215 729 καὶ
1274 680 1411 752 σφᾶς
1467 677 1581 729 κατ’
1640 675 1878 740 ἐκείνους
1932 679 2032 745 τήν
2090 678 2269 733 πίστιν

616 763 934 837 ὁμολογεῖν,
966 762 1055 817 καὶ
1088 761 1231 817 οὓτω
1261 761 1650 842 πληροφορεῖν
1692 767 1791 835 τὴν
1821 763 2032 822 ἕνωσιν.
2070 773 2268 843 Ηαρω-

614 852 873 926 τρύνοντο
923 852 1023 927 γὰρ
1083 853 1179 906 κᾶν
1239 857 1401 907 τοῦτο
1460 854 1549 907 καὶ
1608 854 1753 929 παρὰ
1808 860 1915 909 τῶν
1961 856 2269 930 ἡμετέρων,

611 943 685 1003 ὡς
718 940 932 1017 ἔλεγον,
994 940 1359 1015 σχιζομένων,
1413 940 1464 996 οἵ
1523 941 1589 1010 δὴ
1650 944 1739 997 καὶ
1800 942 2040 1000 πολλοῖς
2081 950 2189 1000 τῶν
2219 946 2270 999 ἐν

610 1030 840 1091 ἐκείνοις
890 1029 1122 1107 φρερίων
1187 1032 1443 1104 μιγνύτες
1502 1029 1713 1104 χλεύην
1776 1030 1961 1107 ἔλεγον
1992 1034 2090 1102 τήν
2127 1034 2271 1109 εἰρή-

609 1142 706 1191 νην
742 1120 893 1188 εἶναι,
927 1120 1011 1173 καὶ
1052 1116 1160 1173 δεῖν
1196 1116 1509 1190 δοκιμάζειν
1545 1121 1593 1175 εἷ’
1622 1121 1711 1175 καὶ
1760 1122 1912 1176 αὐτοὶ
1953 1124 2012 1177 τὸ
2045 1118 2271 1195 Τύμϐο-

611 1208 708 1264 λον
770 1206 913 1262 οὕτω
972 1206 1203 1281 λέγοιεν,
1266 1208 1531 1280 οἰομένων
1594 1208 1833 1265 ἐντεῦθεν
1886 1210 1964 1273 εἷς
2008 1212 2273 1285 μερίμνας

612 1298 756 1373 ἆγειν
815 1298 906 1351 τὸν
969 1296 1217 1371 βασιλέα,
1280 1297 1356 1359 ὡς
1413 1295 1558 1351 δυοῖν
1616 1297 1666 1371 ἐξ
1728 1300 1966 1374 ἀνάγκης
2025 1301 2270 1375 γενέσθαι

613 1385 858 1460 θὰίτερον,
890 1387 925 1456 ἢ
963 1388 1036 1458 μή
1069 1387 1575 1451 καθυποκλιθέντος
1622 1390 1720 1457 τήν
1778 1389 1997 1465 εἰρήνην
2051 1390 2270 1465 συγχέε-

616 1488 758 1546 σθαι,
793 1474 827 1543 ἢ
880 1476 969 1529 καὶ
1031 1497 1082 1529 τι
1140 1480 1247 1529 τῶν
1307 1478 1573 1548 κειμένων
1629 1473 1947 1546 παραϐάντα
2006 1480 2271 1552 μειζόνως

614 1564 899 1638 ἁμαρτεῖν,
961 1564 1050 1619 καὶ
1112 1570 1245 1642 σφᾶς
1326 1565 1696 1641 ἰσχυρίζεσθαι
1772 1568 1983 1644 φεύγειν
2043 1564 2119 1623 ἔτι
2187 1566 2271 1623 δι-

614 1652 783 1714 καίως
815 1655 913 1719 τήν
974 1652 1165 1708 ἕνωσιν
1224 1654 1300 1715 ὡς
1360 1654 1645 1729 ἃντικρους
1701 1652 2078 1731 παραϐάντων.
2112 1657 2274 1721 Γνοὺς

614 1746 782 1796 ταῦτα
809 1742 993 1797 τοίνυν
1028 1744 1055 1796 6
1087 1740 1366 1816 βασιλεὺς,
1416 1746 1506 1798 καὶ
1550 1742 1708 1806 εἰδὼς
1748 1744 2067 1815 ἐξαπιναίως
2109 1747 2273 1801 ἀκού»

2375 588 2557 645 οἴδατε
2608 591 2848 651 πάντως.
2908 586 3021 641 ἐπεὶ
3102 583 3215 639 οὐδ’
3296 583 3423 655 έμοὶ
3495 584 3656 640 τόσον
3708 582 4044 661 ἀναλγήτως

2375 675 2561 753 ἔχοντι
2603 675 2720 733 τάδ’
2772 678 3031 754 ἐφῆπται.
3081 672 3216 731 Οἶδα
3266 674 3370 747 γὰρ
3421 674 3507 727 καὶ
3560 672 3914 749 πατριάρχην
3951 674 4042 729 ἒν-

2371 772 2553 831 τεῦθεν
2585 764 2854 839 παριδὼν,
2907 765 3001 819 τὸν
3062 764 3285 837 Ἰωσὴφ,
3339 762 3505 836 λέγω,
3563 761 3622 817 ὅν
3683 760 3749 831 δὴ
3814 762 3903 817 ἴσα
3945 764 4043 817 καὶ

2372 858 2463 911 τὸν
2498 856 2894 931 γεννησάμενον
2928 849 3200 927 ἔστεργον,
3238 850 3449 923 μᾶλλον
3504 849 3561 906 δὲ
3607 852 3699 906 καὶ
3726 847 3805 906 ἔτι
3836 848 4041 922 πλέον,

2377 944 2491 998 ἐπεὶ
2518 945 2721 1006 ἐκεῖνος
2760 945 2854 1015 μὲν
2887 949 2987 1011 τῆς
3040 942 3117 1003 εἰς
3168 946 3303 1018 σφᾶς
3358 937 3623 1013 προόδου,
3656 940 3813 1002 οὗτος
3847 938 3906 995 δὲ
3936 948 4041 1009 τῆς

2377 1032 2452 1091 εἷς
2504 1034 2567 1087 τὸ
2623 1038 2868 1107 κρεῖττον
2930 1028 3333 1090 έπανελεύσεως
3387 1028 3561 1089 αἴτιος
3613 1027 3847 1105 γᾶγονεν.
3899 1027 4042 1086 Οἶδα

2375 1121 2466 1176 καὶ
2498 1121 2747 1183 πολλοὺς
2785 1119 3107 1194 βιασάμενος
3163 1118 3253 1174 καὶ
3310 1116 3436 1179 τοὺς
3496 1118 3690 1195 φίλους
3745 1116 4041 1173 σκανδαλί-

2378 1232 2492 1280 σας,
2551 1212 2711 1283 πρὸς,
2771 1208 2829 1265 δὲ
2884 1210 2974 1264 καὶ
3028 1207 3158 1272 τοὺς
3232 1208 3534 1282 ἡμετέρους
3600 1206 3873 1277 λυπησας.
3938 1209 4042 1262 Καὶ

2381 1301 2816 1374 μαρτυρήσουσιν
2874 1298 2929 1351 οἱ
2990 1296 3044 1351 ἐν
3108 1294 3396 1373 φυλακαῖς,
3428 1299 3872 1369 προσγενεῖς,οἴς
3902 1308 4043 1369 παρ⁴

2378 1385 2529 1443 οὐδὲν
2591 1386 2733 1443 ἄλλο
2790 1386 2824 1455 ἢ
2885 1388 2947 1440 τὸ
2999 1390 3135 1455 πρὸς
3195 1382 3435 1446 Ἰταλοὺς
3492 1385 3913 1459 πραγματευθὶν
3947 1384 4039 1439 καὶ

2383 1477 2543 1550 μόνον
2599 1476 2635 1545 ἢ
2692 1497 2750 1530 τε
2808 1477 2947 1549 πρὸς
3005 1477 3155 1547 ἡμᾶς
3209 1473 3483 1548 ὀλιγωρία
3530 1469 3721 1544 ξυνέϐη
3756 1474 3846 1528 καὶ
3880 1477 3917 1542 ἡ
3952 1474 4042 1548 ἀφ’

2378 1568 2539 1638 ἡμῶν
2590 1564 2742 1629 αὖθις
2795 1565 2930 1640 ὀργὴ
2986 1565 3184 1641 σφίσιν.
3236 1564 3405 1638 Εἶχον
3459 1565 3553 1635 μὲν
3587 1562 3676 1617 οὖν
3722 1562 3811 1617 ἐπὶ
3844 1561 4041 1637 λογισ-

2385 1659 2500 1728 μῶν
2526 1654 2709 1708 ἀνύσαι
2742 1656 2803 1708 τὸ
2850 1660 2952 1708 πᾶν
3002 1652 3263 1722 ἐντεῦθεν,
3326 1654 3399 1715 ὡς
3459 1650 3627 1726 μηδὲν
3668 1651 3836 1707 πλέον
3870 1658 4043 1721 ζητη-

2383 1743 2582 1798 σόντων
2636 1748 2743 1798 τῶν
2804 1742 3070 1798 ἰταλῶνο
3150 1742 3291 1797 οὕτω
3358 1742 3461 1817 γὰρ
3535 1742 3624 1795 καὶ
3701 1741 3840 1814 πρὸς
3902 1742 4045 1813 ὑμᾶς

619 1852 811 1893 σαντος
889 1827 1440 1903 θορυϐηθησομένους
1512 1836 1600 1888 καὶ
1674 1834 1805 1896 τοὺς
1863 1834 1996 1896 τέως
2051 1837 2271 1909 εἰρήνην
2306 1832 2684 1939 Βέποιούμην
2738 1834 2832 1895 τὰς
2908 1834 3211 1899 συνθεσίας,
3274 1832 3365 1885 καὶ
3414 1832 3443 1885 6
3501 1829 3553 1885 ἐν
3602 1834 3671 1904 τῇ
3733 1829 4042 1900 Ἐκκλησία

627 1918 651 1937 ν
980 1921 989 1939 Ι
1058 1925 1068 1939 I
1413 1922 1431 1939 κ
1477 1928 1500 1938 σ-
1748 1925 1761 1939 \
1859 1925 1872 1939 ς
2078 1931 2099 1939 -ι
2258 1926 2270 1939 ι
2566 1918 2595 1939 Ω
2646 1921 2728 1939 I“
2882 1921 2901 1939 Χ
2935 1922 2945 1939 Ι
3155 1928 3176 1937 ι-
3270 1919 3290 1939 Ἷ
3324 1921 3335 1939 1
3913 1922 3926 1939 1

622 1918 877 1995 ἄγοντας,
931 1921 1147 1995 πέμψας
1203 1922 1588 1978 πετακαλεῖται
1673 1925 1762 1978 καὶ
1848 1925 2127 2000 ἀρχιερεῖς
2184 1926 2273 1979 καὶ

621 2010 831 2084 κλῆρον
875 2006 1103 2083 ἅπαντα,
1154 2010 1244 2065 καὶ
1305 2018 1439 2088 σφᾶς
1495 2016 1614 2067 κατ’
1644 2011 1784 2068 ἰδίαν
1842 2010 2025 2069 λαϐὼν
2060 2017 2271 2088 (κοσμιι

621 2104 741 2160 κοῖς
774 2098 878 2174 γὰρ
910 2096 1177 2173 ἀπείρητο
1213 2101 1288 2172 μή
1322 2105 1613 2173 παρεῖναι),

624 2207 702 2261 ιε’.
764 2204 958 2280 ΙΙληρο
1005 2206 1126 2281 ορία
1188 2206 1459 2281 βασιλέως
1515 2209 1654 2283 πρὸς
1703 2210 1833 2270 τοὺς
1890 2217 1989 2277 τῆς
2039 2207 2273 2280 Ἐκκλη-

687 2276 803 2334 σίας
910 2226 999 2334 Si:
1096 2279 1191 2334 τὰς
1296 2280 1650 2334 παραλόγους
1743 2281 2065 2334 ἀπαιτήσεις
2163 2287 2271 2334 τῶν

687 2276 803 2356 σίας
834 2345 860 2356 Α
897 2276 998 2334 ’διὰ
1040 2276 1049 2281 ⁷
1096 2276 1197 2340 τὰς’
1296 2276 1650 2356 παραλόγους
1743 2276 2065 2353 ἀπαιτήσεις
2163 2276 2271 2338 τῶν

688 2345 968 2424 πρέσϐεων
980 2393 993 2407 .

683 2456 770 2529 [Ρ.
802 2459 927 2530 313]
962 2479 991 2509 ‹‹
1022 2459 1105 2513 Τὰ
1140 2457 1233 2529 μὲν
1261 2462 1367 2513 τῶν
1414 2458 1722 2534 παρόντων,
1783 2461 1951 2530 εἶπεν,
1985 2462 2137 2522 ὅπως
2180 2458 2271 2515 καὶ

617 2670 955 2744 patriarcha
986 2670 1150 2743 prius
1181 2678 1443 2743 agerent,
1487 2690 1666 2745 qnam
1700 2674 1825 2747 ipse
1857 2692 1984 2746 quas
2018 2677 2089 2731 ad
2149 2691 2271 2731 rem

619 2760 877 2833 putabat
907 2765 1237 2831 opportuna
1286 2764 1695 2833 pravertisset.
1722 2766 1881 2830 Quod
1913 2766 2272 2837 praecipuum

620 2852 679 2905 in
715 2849 1010 2905 mandatis
1042 2849 1215 2922 legati
1251 2852 1545 2907 habebant
1576 2853 1686 2909 hoc
1716 2855 2021 2924 erat,serio
2043 2855 2269 2909 denun-

616 2939 762 2994 tiare
784 2938 1000 2995 Graecis
1031 2955 1235 3011 pacem
1268 2942 1667 2998 Ecclesiarum
1702 2960 1818 2999 non
1870 2944 2048 2999 meris
2080 2944 2271 2999 verbis

617 3028 927 3094 contineri,
985 3030 1085 3085 sed
1146 3031 1337 3085 factis.
1388 3032 1640 3088 Probare
1687 3032 1849 3105 ipsos
1892 3038 1949 3088 et
1996 3039 2273 3105 praestare

618 3119 793 3173 rebus
826 3117 973 3188 ipsis
1020 3122 1289 3189 oportere
1348 3137 1477 3191 qua;
1528 3122 1703 3177 dictis
1744 3127 2160 3186 ostentassent.
2209 3139 2273 3179 se

613 3206 896 3262 nimirum
927 3206 988 3261 in
1032 3208 1209 3263 unius
1264 3209 1654 3282 ejusdemque
1713 3213 2082 3268 confessione
2132 3213 2264 3267 fidei
2298 3213 2342 3281 α

614 3296 924 3353 convenire
954 3313 1090 3353 cum
1126 3298 1464 3355 Latinis.Sic
1496 3317 1594 3356 eos
1618 3301 1857 3357 demum
1883 3318 2268 3374 persuasuros

614 3403 816 3460 pacem
850 3387 1003 3441 inter
1031 3386 1321 3453 Ecclesias
1355 3390 1846 3462 concordiamque
1905 3408 2037 3448 vere
2090 3392 2271 3448 coali-

618 3481 763 3531 tam.
800 3480 989 3547 Atque
1019 3476 1079 3531 in
1112 3476 1243 3547 hoc,
1278 3482 1345 3533 ut
1393 3480 1633 3535 contino
1682 3480 1849 3536 ﬁeret
1890 3481 2272 3537 vehementer

614 3565 1059 3635 insisterejussi
1103 3571 1269 3623 erant
1299 3574 1647 3640 argumento
1672 3571 2042 3627 necessitatis
2092 3572 2269 3628 ducto

612 3672 645 3709 a
676 3653 994 3710 schismate
1016 3657 1171 3726 quod
1205 3656 1439 3714 aiebant
1472 3658 1625 3714 inter
1655 3664 1889 3715 nostros
1938 3677 2088 3726 esse,
2138 3660 2271 3716 aliis

616 3742 761 3799 alios
810 3745 1244 3807 aversantibus.
1286 3751 1460 3818 prout
1491 3748 1712 3803 scilicet
1744 3750 2121 3805 admitterent
2170 3754 2272 3806 aut

616 3832 927 3903 rejicerent
970 3850 1174 3905 pacem
1207 3835 1279 3890 de
1312 3852 1427 3907 qua
1458 3844 1809 3894 conventum
1841 3839 2168 3895 videbatur.
2204 3843 2271 3894 Et

619 3938 819 3977 revera
851 3923 1093 3994 quidam
1126 3925 1304 3980 etiam
1339 3928 1920 3997 nostrorum,Freriis
1952 3944 2081 3984 sese
2113 3929 2270 3985 mul-

617 4011 694 4065 tis
725 4010 798 4066 iis
830 4012 1293 4068 admiscentibus
1326 4015 1747 4088 assensi,paria
1777 4034 1909 4073 cum
1945 4018 2039 4073 his
2070 4022 2126 4073 et
2156 4019 2269 4091 ipsi

618 4099 1029 4168 loquebantur,
1063 4102 1427 4159 afﬁrmantes
1460 4121 1660 4175 pacem
1691 4123 1817 4176 quae
1849 4108 2007 4163 velut
2039 4108 2273 4163 ﬁrmata

607 4189 959 4259 jactaretur,
996 4190 1145 4245 nihil
1197 4191 1486 4249 hactenus
1543 4194 1657 4249 nisi
1698 4195 2024 4252 ludibrium
2065 4198 2267 4253 videri.

614 4278 776 4333 Unde
805 4282 969 4335 tanto
994 4280 1119 4349 jam
1152 4281 1477 4352 speciosius
1516 4283 1693 4355 legati
1731 4287 2154 4343 contenderent
2176 4303 2272 4343 ve-

615 4366 897 4438 niendum
932 4369 1001 4422 ad
1036 4368 1519 4440 explorationem,
1551 4380 1607 4428 et
1638 4380 1861 4430 certum
1912 4377 2272 4448 experimen-

621 4462 749 4509 tum
820 4455 1171 4526 capiendum
1238 4459 1374 4515 ﬁdei
1424 4477 1490 4516 ac
1553 4463 1852 4520 sententiis
1910 4466 2266 4521 Graecorum.

620 4545 761 4656 IEjus
795 4561 985 4656 ροτῖοτ
1005 4547 1221 4656 pignus
1253 4548 1530 4650 idoneum
1562 4552 1761 4620 fore,si
1793 4554 1989 4656 εει-ἱρεὶ
2023 4556 2268 4656 Ξγωὺο-
2299 4592 2350 4656 D

616 4633 741 4689 lum
778 4633 932 4689 sicut
963 4634 1155 4691 Latini
1177 4639 1757 4708 pronuntiarent.His
1789 4642 1871 4697 illi
1899 4644 2269 4714 postulandis

616 4723 678 4777 in
710 4728 935 4779 arctum
969 4741 1030 4780 se
1052 4729 1783 4801 coacturosimperatorem
1804 4732 2263 4790 arbitrabantur.

618 4811 823 4883 utique
854 4814 1183 4869 necessario
1215 4831 1283 4870 ex
1315 4816 1404 4872 his
1436 4824 1710 4877 secuturo
1760 4822 2009 4878 duorum
2061 4822 2262 4891 altero,

614 4904 804 4955 autut
834 4917 900 4957 eo
956 4919 1070 4958 non
1126 4910 1421 4961 annuente
1473 4910 1625 4979 quod
1686 4912 1963 4982 petebant
2023 4930 2130 4983 pax
2178 4931 2265 4968 re-

615 4990 1003 5061 scinderetur,
1036 4996 1137 5048 aut
1167 4998 1232 5048 ut
1261 4996 1463 5052 eodem
1493 5001 1981 5071 transgressionis
2012 5017 2264 5057 conven-

617 5084 807 5135 torum
838 5080 1031 5152 palam
1068 5084 1357 5155 convicto,
1382 5103 1448 5142 ac
1474 5104 1578 5160 per
1601 5090 1706 5146 hoc
1728 5090 1993 5147 criminis
2025 5092 2264 5162 majoris

611 5170 921 5226 manifeste
942 5188 1059 5238 reo,
1092 5172 1467 5244 plausibilior
1487 5179 1614 5249 jam
1663 5180 1774 5251 ipsi
1816 5197 1995 5237 causa
2055 5198 2265 5254 suppe-

606 5263 753 5313 teret
785 5264 1120 5317 constanter
1149 5263 1444 5321 abnuendi
1490 5272 1969 5327 communionem
2014 5288 2144 5327 cum
2195 5290 2262 5328 eo

604 5347 766 5403 velut
796 5351 1132 5408 adhaerente
1164 5357 1671 5427 trangressoribus
1731 5365 2036 5432 pactorum
2073 5363 2261 5416 mani-

608 5436 962 5495 festis.Talia
985 5457 1214 5498 versare
1234 5444 1430 5502 animo
1448 5446 1669 5519 legatos
1701 5466 1834 5504 cum
1859 5450 2263 5521 praesensisset

609 5526 949 5598 imperator,
970 5536 1028 5586 et
1054 5532 1190 5588 inde
1226 5532 1579 5607 intelligeret
1601 5539 1848 5607 Gratcos,
1885 5540 1984 5613 qui
2019 5547 2261 5597 eatenus

613 5617 763 5673 457
794 5619 942 5676 actis
974 5624 1271 5694 utcunque
1305 5626 1431 5696 jam
1464 5630 1939 5701 acquiescebant,
1966 5630 2260 5701 ejusmodi

612 5706 814 5767 audita
844 5710 1105 5768 oratione
1140 5709 1467 5786 legatorum
1518 5719 1721 5777 statim
1772 5718 2259 5790 tumultuaturos,

2386 1918 2855 1997 χρυσοϐούλλειος
2882 1921 3045 1997 λόγος
3089 1928 3203 1985 τοῖς
3270 1919 3460 1995 λόγοις
3520 1940 3625 1974 που
3678 1922 4037 1996 μαρτυρήσει.

2386 2012 2533 2067 Ἐπεὶ
2592 2010 2648 2066 δὲ
2697 2017 2803 2067 τῶν
2871 2013 3152 2087 ἡμετέρων
3225 2012 3388 2079 τινὲς,
3450 2010 3525 2073 ὡς
3578 2010 3881 2081 πέπυσμαι,
3947 2009 4039 2063 καὶ

2390 2100 2603 2174 μᾶλλον
2642 2104 2723 2163 οἷς
2754 2099 2963 2156 ἁνδάνει
2994 2099 3056 2155 τὸ
3089 2099 3386 2175 σχίζεσθαι,
3420 2099 3523 2153 οὐκ
3552 2096 3658 2153 οἶδ’
3688 2098 3719 2152 6'
3746 2119 3797 2152 τι
3824 2098 4037 2152 παθόν-

2382 2212 2493 2258 τες,
2526 2190 2574 2245 si
2607 2193 2682 2263 μή
2732 2211 2815 2252 τις
2860 2191 3050 2265 πεῖράν
3098 2191 3143 2253 θ’
3190 2192 3352 2262 ἡμῶν
3403 2188 3551 2243 ταῦτ’
3584 2185 3727 2243 εἷ’ποι
3753 2187 3843 2242 καὶ
3879 2208 4043 2263 μερι-

2388 2284 2531 2354 μνῶν
2592 2278 2966 2352 ἐπανάστασιν,
3044 2278 3289 2357 φρερίοις
3356 2276 3674 2352 ἐντυχόντες
3730 2276 3865 2332 κατὰ
3932 2297 4042 2331 που

2382 2371 2480 2439 τὴν
2514 2370 2739 2445 περαίαν
2768 2367 2979 2444 χλεύην
3032 2369 3130 2437 τὴν
3188 2368 3410 2444 εἰρήνην
3465 2366 3616 2422 εἶπον
3672 2368 3763 2421 καὶ
3817 2366 4042 2436 ἀπάτην

2384 2459 2540 2531 εἶναι,
2588 2458 2677 2514 καὶ
2726 2452 3102 2533 προύϐίϐασαν
3153 2462 3333 2529 ζητεῖν
3382 2462 3516 2534 σφᾶς
3566 2456 3628 2511 τὸ
3675 2454 3846 2511 πλέον
3891 2454 4041 2510 κατὰ

2383 2674 2587 2729 missis
2658 2689 3135 2745 quoquoversum
3213 2672 3389 2728 ccrtis
3439 2669 3793 2727 hominibus
3834 2668 3908 2723 ad
3970 2682 4037 2723 se

2383 2762 2725 2818 convocavit
2753 2762 3061 2834 episcopos
3082 2764 3141 2816 et
3162 2758 3382 2815 clerum
3418 2754 4035 2827 universum,illisque

2381 2870 2645 2909 seorsum
2675 2853 2957 2909 adhibitis
3019 2852 3178 2922 (nam
3222 2850 3535 2907 saeculares
3588 2848 3795 2904 adesse
3831 2844 4048 2915 vetuit)

2380 2942 2439 2997 in
2474 2943 2593 2998 haec
2623 2943 2797 2999 verba
2820 2942 3049 3005 locutus
3079 2944 3169 2996 est
3194 2956 3208 2996 :

2383 3060 2469 3114 15.
2505 3059 2714 3117 Oratio
2764 3076 2872 3132 qua
2919 3058 3232 3138 imperator
3277 3061 3733 3138 ccrtoopersuasa
3762 3050 4041 3138 εςσζεεία-

2451 3134 2606 3186 stici:
2634 3149 2735 3186 sua
2772 3129 2833 3186 in
2855 3129 3131 3202 propOsito
3175 3129 3506 3190 constantia,
3537 3129 3900 3202 ρνεβηιιιηξυὲξ
3948 3140 4043 3179 eos

2449 3219 2521 3257 ne
2548 3196 2907 3259 turbarentur
2952 3196 3024 3258 ad
3073 3202 3520 3257 inconveniean
3545 3198 3844 3271 petitiones
3875 3196 4038 3265 lega-

2452 3286 2633 3331 torum
2642 3317 2654 3329 .

2449 3421 2478 3450 α
2510 3402 2646 3465 Quae
2699 3400 2758 3455 in
2818 3402 2977 3455 statu
3036 3395 3311 3471 praesenti
3370 3393 3645 3452 Ecclesia
3684 3394 4037 3457 cernuntur,

2378 3489 2878 3561 quemadmodum
2908 3494 3040 3545 acta
3072 3488 3191 3543 sint
3214 3490 3271 3543 et
3288 3490 3655 3558 quantacum
3687 3479 4042 3538 difﬁcultate

2377 3578 2827 3651 perfecta,scitis
2858 3578 3134 3646 omnino;
3167 3592 3359 3647 neque
3391 3572 3538 3629 mihi
3574 3573 3716 3629 adeo
3745 3570 3929 3626 hebes
3962 3568 4036 3623 ad

2378 3667 2626 3724 molesta
2683 3684 2894 3724 sensus
2941 3671 3051 3737 est,
3101 3670 3165 3721 ut
3207 3670 3329 3721 tam
3380 3663 3495 3719 cito
3529 3660 3814 3717 memoria
3840 3658 4040 3715 evola-

2375 3758 2567 3813 verint
2596 3775 2662 3814 ea
2692 3775 2943 3830 quorum
2968 3760 3213 3813 eventus
3233 3755 3351 3811 acri
3380 3770 3509 3809 meo
3534 3751 3732 3807 dolore
3763 3750 4039 3820 redemp-

2377 3849 2474 3902 tus
2504 3850 2608 3902 est.
2646 3846 2853 3903 Recolo
2912 3846 3069 3902 enim
3129 3860 3223 3899 me
3281 3859 3353 3898 ne
3406 3839 3741 3897 tenerrimis
3790 3837 4037 3909 quidem

2378 3935 2706 4001 affectibus,
2757 3940 2822 3991 ut
2878 3950 2946 3990 ea
2996 3934 3364 4002 conﬁcerem,
3414 3929 3763 4002 pepercisse.
3811 3925 4035 3993 Unum,

2378 4027 2445 4079 ut
2476 4023 2847 4089 scitis,habui
2876 4024 2969 4079 cui
3005 4021 3153 4078 nihil
3186 4021 3387 4077 minus
3415 4017 3655 4091 pietatis
3698 4020 3754 4071 et
3784 4015 4032 4081 amoris,

2380 4129 2559 4185 quam
2615 4112 2864 4185 genitori
2926 4113 3242 4167 tribuerem
3297 4126 3310 4164 :
3366 4109 3485 4163 imo
3533 4106 3837 4178 aliquanto
3897 4102 4040 4175 plus

2379 4201 2431 4256 ei
2464 4217 2555 4255 me
2582 4202 2792 4257 debere
2822 4201 3012 4269 rebar,
3047 4200 3326 4271 quoniam
3365 4213 3510 4265 cum
3552 4200 3718 4268 pater
3768 4193 3828 4248 in
3878 4192 4038 4248 hanc

2380 4306 2471 4345 me
2499 4289 2688 4345 lucem
2714 4290 2999 4357 eduxerit,
3024 4288 3117 4345 hic
3144 4287 3289 4344 mihi
3307 4289 3504 4342 exorto
3526 4285 4036 4340 sacramentorum

2378 4378 2679 4449 religionis
2754 4396 2998 4435 usuram
3074 4382 3131 4434 et
3204 4373 3678 4433 communionem
3759 4370 4038 4425 Ecclesiae

2378 4468 2820 4540 restituit,quod
2848 4467 3195 4524 deneﬁcium
3215 4466 3471 4521 arbitror
3485 4458 4039 4533 majus.Josephum

2380 4562 2577 4612 tamen
2610 4558 3030 4614 charissimum
3057 4555 3203 4612 mihi
3220 4554 3522 4627 caputhac
3535 4566 3712 4607 causa
3733 4549 4040 4619 despicere

2381 4647 2859 4704 sustinui.Multis
2890 4651 3171 4719 praeterea
3199 4645 3316 4700 vim
3348 4643 3731 4710 feci,securus
3754 4636 4037 4693 oﬂ‘ensio-

2377 4737 2469 4791 nis
2492 4737 2913 4793 amicorum.Et
2925 4740 3121 4792 vestro
3143 4750 3375 4806 quoque
3406 4746 3645 4803 corpore
3671 4744 3788 4783 non
3811 4741 4036 4798 paucos

2377 4826 2533 4882 haud
2599 4826 2803 4882 leviter
2856 4824 3079 4882 vexavi.
3138 4825 3339 4880 Testes
3398 4821 3519 4878 sint
3590 4817 3691 4889 qui
3733 4832 3764 4871 e
3817 4815 4041 4870 nostris

2377 4931 2611 4987 quoque
2641 4915 2991 4987 propinquis
3030 4914 3088 4969 in
3122 4911 3409 4969 custodiis
3452 4904 3785 4981 squallent;
3813 4903 4039 4975 quibus

2374 5002 2491 5059 ista
2521 5020 2656 5060 cum
2688 5003 2850 5060 Italis
2879 5003 3183 5060 conventio
3214 5017 3395 5057 causa
3451 4999 3563 5054 fuit
3617 4994 3793 5051 unica
3840 4996 3899 5047 et
3927 4993 4038 5048 ob-

2376 5093 2623 5149 sistendi
2656 5098 2867 5149 nostra;
2898 5092 3187 5148 voluntati
3239 5095 3296 5147 et
3352 5089 3449 5144 iras
3510 5083 3775 5141 vicissim
3820 5085 4037 5137 nostra

2375 5184 2711 5241 subeundas.
2746 5185 2837 5239 Sic
2863 5187 3059 5238 autem
3091 5198 3226 5236 cum
3260 5178 3362 5236 illa
3406 5191 3669 5251 gererem
3730 5171 4036 5245 putabam,

2375 5275 2769 5330 constiturum
2801 5274 2958 5329 intra
2988 5272 3097 5327 hos
3126 5270 3412 5327 terminos
3430 5264 3869 5340 negotium,nec
3901 5260 4038 5333 plus

2375 5365 2445 5419 ad
2470 5364 2600 5435 ejus
2633 5363 3040 5435 perfectionem
3075 5360 3249 5417 Italos
3304 5359 3678 5432 quaesituros.
3739 5355 3821 5409 Ita
3878 5350 4036 5406 enim

2374 5454 2621 5525 promisi
2646 5454 2871 5510 dudum
2902 5451 3165 5517 vobis,et
3195 5454 3385 5505 exstat
3405 5448 3463 5503 in
3498 5442 3757 5501 Ecclesia
3815 5444 4035 5495 nostrae

2374 5541 2556 5613 hujus
2588 5540 2987 5615 persuasionis
3023 5537 3250 5595 illustre
3292 5539 3744 5596 documentum,
3770 5528 4041 5601 diploma

2372 5632 2434 5688 in
2468 5633 2621 5689 hanc
2633 5631 2983 5690 sententiam
2999 5629 3289 5685 disertum
3308 5643 3442 5685 cum
3469 5621 3843 5698 appositione
3860 5616 4037 5673 bullas

2373 5723 2880 5791 aureas.Quoniam
2913 5735 3046 5777 vero
3085 5723 3420 5777 nostrorum
3482 5714 3749 5789 quidam,
3810 5707 4036 5780 quibus
4117 5737 4133 5747 -
