4242 6438
208 352 310 407 917

1266 356 1355 408 DE
1394 355 1763 409 MICHABLE
1803 350 2253 407 PALBOLOGO
2288 353 2424 405 LIB.
2465 353 2560 404 VI.

3517 348 3621 402 918

204 496 320 529 τινα
352 474 611 547 δοκιμὴν,
666 474 756 529 καὶ
814 474 974 531 τοῦτό
1032 475 1236 531 ἔστιτὸ
1264 484 1363 546 τῆς
1395 475 1691 545 ἐπιστάσης
1720 494 1849 548 πρε·
1883 485 1935 551 Α
1966 471 2109 527 οὕτω
2166 475 2233 527 τὰ
2281 474 2397 527 καθ’
2454 472 2613 527 αὐτὸν
2662 471 3062 541 διασκευάζεται
3124 472 3197 532 ὡς
3232 468 3373 542 μηδέ
3402 475 3507 525 τῶν
3544 469 3619 532 εἷς

202 559 379 625 σϐείας
428 562 753 638 κεφάλαιον,
805 563 1079 638 βούλομαι
1138 561 1432 637 προλαϐὼν
1501 564 1669 639 μικρὰ
1724 562 1858 637 πρὸς

207 653 344 724 ὑμᾶς
393 652 558 709 εἴπιῖν
611 652 701 706 καὶ
734 651 1185 730 πληροφορῆσαι,
1218 656 1291 716 ὡς
1323 652 1382 707 ἂν
1421 655 1495 726 μή
1531 653 1854 723 ἐξαπιναίως

206 740 528 803 ἀκούσαντες
586 742 972 817 ταραχθείητε,
1037 742 1178 816 μηδέ
1241 764 1292 798 τι
1350 744 1515 797 πάλιν
1578 746 1738 814 ἡμῶν
1794 741 1856 795 τὸ

203 830 336 903 πρὸς
397 836 530 907 σφᾶς
592 826 979 905 κυϐερνητικὸν
1043 827 1245 892 ἶδὸντες
1305 831 1559 904 ὑποψίαις
1598 834 1735 892 ⁴ταῖς
1791 829 1854 881 οὐ

199 916 396 980 καλαῖς
453 920 576 993 περὶ
634 921 793 991 ἡμῶν
861 920 1172 996 βληθείητε.
1238 920 1376 994 Ἐγὼ
1420 917 1673 994 γὰρ,κᾶν
1708 918 1855 971 συνί-

200 1030 342 1084 στωρ
401 1009 486 1079 εἷή
545 1010 696 1078 Θεὸς,
760 1010 891 1084 ὑπὲρ
948 1014 1044 1063 τοῦ
1107 1010 1180 1081 μή
1235 1029 1286 1062 τι
1319 1014 1699 1082 παραΑυθῆνω
1743 1011 1852 1060 τῶν

197 1100 481 1171 ἡμετέρων
537 1099 703 1171 μέχρι
734 1097 823 1151 καὶ
856 1097 1025 1166 αὐτῆς
1052 1098 1269 1170 κεραίας
1298 1099 1331 1167 ἢ
1371 1098 1479 1169 μήν
1540 1096 1693 1166 ἰῶτα,
1756 1094 1853 1148 αὖ-

196 1187 287 1249 τὸς
319 1186 429 1261 ἐγὼ
465 1192 945 1260 καθυπισχνοῦμαι
978 1186 1107 1241 αὐτὸ
1146 1186 1208 1241 τὸ
1243 1191 1384 1249 θεῖον
1418 1182 1714 1258 Σύμϐολον
1748 1190 1854 1238 τῶν

199 1274 454 1351 Ηατέρων
509 1275 735 1339 ἐνθεῖναι
767 1275 994 1347 σημαία,
1048 1274 1137 1329 καὶ
1169 1273 1488 1346 πολεμῆσαι
1544 1274 1619 1345 μὴ
1671 1272 1752 1327 ὅτι
1796 1294 1855 1346 γε

194 1364 451 1432 Ἰταλοῖς,
500 1363 647 1419 ἀλλὰ
691 1365 781 1419 καὶ
834 1366 991 1419 παντὶ
1043 1360 1182 1427 ἔθνει
1245 1365 1377 1437 ὑπὲρ
1427 1363 1631 1417 τούτων
1684 1362 1853 1434 ἀμφι-

192 1449 508 1524 σϐητοῦντι.
570 1454 672 1509 Καὶ
733 1452 867 1523 αὕτη
934 1454 1027 1525 μέν
1088 1452 1227 1507 ἐστιν
1290 1455 1325 1520 ἠ
1384 1449 1850 1527 πληρορορῖα,ἥδ

196 1541 398 1615 δίδωμι
453 1544 589 1613 πρὸς
651 1544 813 1614 ὑμᾶς·
878 1541 1063 1603 ἄλλως
1123 1540 1179 1596 δὲ
1238 1536 1564 1616 κυϐερνῆσαι
1614 1541 1703 1593 καὶ
1739 1541 1853 1611 μετ’

195 1632 421 1707 εἷρήνης
454 1632 779 1705 ἀποπέμψαι
811 1634 891 1704 [Ρ.
925 1634 1051 1704 314]
1105 1632 1234 1692 τοὺς
1283 1625 1535 1705 πρέσϐεις
1586 1626 1696 1682 οὔτ’
1730 1626 1852 1700 ἐμοὶ

192 1722 413 1794 νέμεσις
444 1721 660 1782 πάντως
694 1717 805 1784 οὔθ’
841 1720 969 1793 ὑμῖν
1025 1717 1212 1774 ἀδικία
1264 1720 1326 1773 τὸ
1382 1718 1632 1773 σύνολον.
1693 1718 1852 1787 Ἀξιῶ

190 1809 290 1864 οὖν
348 1810 438 1865 καὶ
488 1809 957 1885 προσπτύσσεσθαι
1016 1815 1151 1887 σφᾷς
1202 1808 1433 1884 φιλικῶς
1482 1808 1571 1862 καὶ
1620 1806 1854 1874 ἀσπάζε-

1962 561 2119 615 αὐτὸν
2176 563 2528 636 πραχθέντων
2583 561 2777 637 γνῶσίν
2843 583 2965 615 τινα
3040 564 3339 633 παρασχεῖν
3420 559 3564 636 σφίσι
3601 579 3613 591 ⁸

1960 656 2069 705 τῶν
2127 649 2173 705 δ’
2232 652 2533 726 ἀρχιερέων
2588 673 2645 705 τε
2688 650 2775 706 καὶ
2827 656 2934 705 τῶν
2982 650 3246 725 ἐκκρίτων
3277 653 3373 703 to?»
3404 647 3616 722 κλήρου

1962 740 2097 816 ἀμιρ⁹
2155 740 2311 795 αὑτὸν
2376 742 2751 815 συναχθέντων
2798 739 3180 815 ποραγίνονται
3247 739 3335 791 καὶ
3386 738 3436 791 οἳ
3482 739 3620 810 πρέ-

1964 824 2133 891 σϐεις.
2182 830 2282 885 Καὶ
2332 831 2397 883 τὰ
2442 834 2539 894 τῆς
2586 825 2875 902 πρεσϐείας
2923 833 3217 893 κινοῦντες,
3270 824 3438 895 δῆλον
3475 826 3614 894 ἦσαν

1962 918 2141 973 ἐκεῖνα
2183 921 2555 993 προτείνοντες
2605 917 2635 973 ἃ
2690 918 2755 986 δὴ
2807 917 3010 991 φθάσας
3070 921 3098 972 6
3154 916 3407 985 βασιλεὺς
3452 936 3620 990 προε-

1964 1004 2159 1077 δήλου·
2221 1010 2349 1082 παρ’
2408 1011 2470 1077 ἣν
2521 1008 2696 1062 αἰτίαν
2752 1008 2840 1062 καὶ
2872 1005 3342 1081 προενηχτ,οέντες
3376 1006 3618 1076 εὐμενῶς

1959 1094 2187 1167 ἤκουον,
2246 1096 2277 1150 ἃ
2336 1096 2400 1166 δὴ
2440 1099 2515 1170 μή
2566 1099 2938 1173 προμαθόντες
2962 1099 3049 1151 καὶ
3085 1095 3205 1150 λίαν
3248 1092 3527 1170 δυσχερῶς
3554 1094 3613 1147 ἃν

1962 1186 2317 1255 ἡνωτίζοντο.

2034 1349 2119 1411 ις’.
2175 1350 2364 1410 "Ome;
2412 1346 2790 1416 ἀπεστάλησαν
2843 1349 2894 1401 οἱ
2944 1341 3195 1418 πρέσϐεις
3250 1343 3383 1399 ἰδεῖν
3414 1342 3542 1406 τους

2414 1419 2807 1482 ἀποκλεῖστους
2833 1419 2884 1473 ἐν
2916 1422 3156 1496 φυλακῇ.

2030 1545 2194 1599 Ταῦτ’
2254 1541 2353 1618 ἄρα
2409 1544 2497 1598 καὶ
2562 1542 2817 1619 βασιλεὺς
2871 1544 2944 1605 ὡς
3004 1543 3064 1597 οὗ
3098 1540 3305 1617 χλεύην
3340 1541 3601 1609 εἶναιτὴν

1959 1632 2180 1705 εἰρήνην
2241 1633 2642 1709 πληροφορῶν,
2701 1636 2791 1689 τὸν
2852 1635 3077 1707 Ἐφέσου
3111 1633 3292 1688 Ἰσαὰκ
3342 1631 3432 1684 σὺν
3483 1632 3614 1703 πρέ-

1957 1716 2134 1776 σϐεσιν
2195 1723 2519 1785 ἀποστείλας
2585 1725 3015 1799 καθειργμένους
3096 1722 3300 1777 ἐδείκνυ
3381 1741 3615 1795 προσγε-

1956 1815 2064 1874 νεῖς
2122 1810 2173 1865 ἐν
2232 1818 2350 1876 ταῖς
2376 1812 2665 1886 φυλακαῖς.
2698 1815 2765 1870 Οἱ
2826 1812 2871 1867 δ’
2924 1815 3056 1881 ἦσαν
3091 1813 3117 1866 ὁ
3172 1810 3609 1884 πρωτοστράτωρ

190 1902 315 1955 σθαι
375 1899 641 1973 εὐμενῶς,
709 1901 908 1973 μήπως
954 1898 1045 1954 καὶ
1102 1901 1202 1967 τὴν
1259 1899 1453 1970 Θήραν,
1514 1897 1541 1950 ὃ
1575 1893 1639 1964 δή
1671 1917 1847 1973 φασιν.
1882 1873 1928 1937 Β
1960 1901 2341 1978 Παλαιολὸγος
2363 1902 2727 1977 Ἀνδρόνικος,
2757 1904 3100 1980 ὁπιγκέρνης
3122 1900 3319 1959 Ῥαουλ
3343 1902 3610 1970 Μανουὴλ

188 1985 646 2061 ἀνασοϐήσωμεν,
705 1988 794 2043 καὶ
857 1986 1071 2061 μᾶλλον
1130 1987 1324 2042 πάππα
1370 1986 1659 2061 γεγονότος
1704 1985 1848 2055 νέου,

183 2078 280 2133 καὶ
315 2079 379 2133 οὐ
409 2079 548 2133 κατὰ
591 2079 683 2133 τὸν
717 2079 1019 2153 Γρηγόριον
1061 2073 1216 2140 ὄντος
1273 2076 1530 2148 εὐμενοῦς
1562 2074 1703 2128 οὕτω
1732 2079 1850 2135 τοῖς

185 2166 487 2241 ἡμετέροις
519 2167 820 2243 πράγμασι.
882 2168 957 2224 Τὸ
1017 2165 1062 2221 δ’
1116 2166 1355 2221 ἐντεῦθεν
1417 2164 1539 2237 ἐμοὶ
1600 2160 1852 2235 μελήσει,

191 2257 340 2331 μηδὲ
367 2257 592 2334 διωρίαν
626 2254 849 2313 λαϐόντι
886 2255 1118 2332 βουλῆς,
1158 2264 1257 2327 τῆς
1307 2256 1443 2330 πρὸς
1476 2254 1670 2315 αὐτοὺς
1718 2254 1853 2307 ἀπο-

182 2350 446 2422 κρίσεως.
482 2374 510 2401 ››
571 2351 755 2405 Ταῦτα
784 2352 881 2402 τοῦ
932 2346 1199 2423 βασιλέως
1248 2346 1494 2408 εἷπόντος
1524 2344 1551 2398 6
1608 2344 1703 2415 μέν
1750 2364 1855 2397 πα-

184 2438 469 2515 τριάρχης
530 2437 807 2517 ἐφίσταται
864 2441 934 2512 τῇ
994 2441 1100 2492 τῶν
1155 2436 1469 2512 Μαγγάνων
1532 2436 1709 2507 μονῇ,
1762 2432 1852 2487 καὶ

185 2658 483 2714 nimirum
539 2654 858 2710 discidium
919 2654 1081 2709 cordi
1127 2658 1237 2723 est,
1282 2653 1480 2709 nescio
1538 2670 1656 2725 qua
1708 2651 1851 2707 moti

186 2762 377 2803 causa
402 2744 537 2816 (nisi
552 2744 688 2815 quis
715 2744 923 2799 dixerit
941 2744 1010 2799 ad
1032 2744 1434 2815 probationem
1451 2742 1571 2797 haec
1585 2745 1851 2798 nostram

182 2840 248 2892 et
311 2849 602 2906 angorum
680 2832 985 2888 cumulum
1060 2832 1213 2889 458
1294 2832 1655 2903 contingere)
1716 2847 1849 2885 cum

180 2923 409 2979 Freriis
442 2922 598 2994 apud
633 2925 889 2976 Peraeam
923 2921 1224 2993 congressi
1257 2920 1531 2974 dixerunt
1561 2918 1706 2973 nihil
1737 2918 1851 2973 nisi

181 3012 520 3068 ludibrium
573 3016 630 3067 et
677 3011 943 3066 fraudem
999 3009 1151 3065 hanc
1210 3025 1410 3081 pacem
1469 3024 1620 3075 esse,
1654 3012 1710 3063 et
1741 3007 1850 3063 hoc

178 3102 552 3174 imprudenti
603 3100 760 3156 dicto
814 3098 1035 3155 Latinis
1066 3101 1432 3156 occasionem
1467 3099 1840 3171 przebuerunt

176 3190 535 3263 exquirendi
569 3189 703 3261 plus
736 3188 980 3258 aliquid,
1006 3194 1072 3244 ut
1101 3188 1498 3261 experimento
1521 3189 1665 3244 satis
1687 3192 1846 3243 certo

1962 1992 1989 2044 6
2020 1988 2254 2066 ἀδελφὸς
2284 1992 2448 2047 αὐτοῦ
2482 1994 2769 2061 Ἰσαάκιος,
2798 1994 2889 2048 καὶ
2920 1992 3172 2066 τέταρτος
3204 1993 3231 2046 6
3266 1996 3363 2046 τοῦ
3394 2011 3609 2063 πρωτο-

1960 2080 2256 2156 στράτορος
2304 2083 2621 2156 αὐτανέψιος
2673 2082 3053 2157 ΙΙαλαιολόγος
3103 2082 3380 2150 Ἰωάννης·
3434 2078 3485 2133 o'i
3543 2077 3610 2147 δὴ

1958 2170 2046 2223 καὶ
2099 2169 2338 2245 τέτραχα
2366 2172 2757 2244 κοσμηθέντες,
2791 2171 2935 2227 εἴποι
2964 2193 3045 2233 τις
3075 2171 3337 2241 ποιητὴς,
3373 2168 3610 2243 βαρείαις

1960 2256 2182 2314 ἁλύσεσι
2243 2260 2491 2333 φυλακῆς
2548 2263 2889 2338 τετραγώνου
2949 2260 3145 2336 γωνίαν
3208 2259 3422 2333 ἐπεῖχεν
3480 2254 3612 2311 ἕκα-

1961 2368 2104 2411 στος.
2162 2350 2300 2405 Τότε
2357 2351 2445 2404 καὶ
2505 2349 3085 2426 ὁπιγκέρνῃςῬαουλ
3119 2346 3249 2403 ἰδὼν
3305 2348 3400 2401 τὸν
3460 2344 3610 2423 Ἐιρέ-

1964 2456 2080 2509 σου,
2127 2438 2216 2491 καὶ
2276 2440 2392 2494 οἷον
2452 2438 2834 2515 ὑπερπαθήσας
2893 2440 2936 2494 εἱ
2996 2437 3156 2500 αὐτὸς
3212 2436 3385 2511 μὲνέν
3442 2434 3614 2491 ἀνέσει

1962 2652 2157 2710 favore
2204 2656 2265 2710 in
2314 2672 2406 2712 res
2452 2660 2685 2713 nostras
2742 2656 3079 2713 instinctus.
3137 2656 3273 2711 Meae
3305 2658 3376 2710 de
3408 2658 3611 2710 caztero

1962 2758 2113 2798 curae
2146 2745 2321 2801 fuerit
2360 2748 2439 2801 ita
2485 2747 2601 2802 illis
2656 2748 3064 2820 respondendo
3096 2745 3455 2809 satisfacere,
3490 2750 3614 2800 uta

1961 2832 2074 2887 ﬁxa
2123 2834 2181 2889 in
2233 2840 2452 2891 statuto
2504 2837 2629 2905 jam
2684 2836 2932 2893 consilio
2973 2837 3126 2894 459
3160 2835 3491 2890 constantia
3538 2850 3612 2889 ne

1961 2924 2273 2981 minimum
2307 2926 2544 2997 quidem
2578 2926 2982 2983 deﬂectemus.
3010 2946 3036 2978 ι
3073 2926 3240 2981 'l'alia
3272 2927 3464 2981 locuto
3498 2925 3612 2979 im-

1961 3017 2248 3082 peratore,
2283 3015 2611 3085 patriarcha
2668 3016 2905 3087 quidem
2940 3016 2998 3070 in
3028 3016 3449 3088 Manganorum
3484 3030 3612 3069 mo-

1960 3103 2283 3158 nasterium
2343 3121 2404 3160 se
2462 3104 2731 3173 contulit,
2766 3110 2823 3161 et
2868 3106 2949 3160 ita
2996 3122 3057 3161 se
3106 3105 3289 3177 gessit
3337 3110 3402 3159 ut
3451 3103 3611 3158 nulla

1958 3206 2159 3245 eorum
2193 3209 2323 3263 quae
2356 3194 2411 3248 in
2446 3210 2580 3249 eum
2630 3199 2762 3249 acta
2812 3195 3044 3250 fuerant
3091 3194 3297 3249 notitia
3340 3210 3439 3264 per
3476 3209 3608 3247 eum

178 3285 423 3336 constet
479 3279 632 3335 serio
682 3296 749 3334 ac
796 3296 928 3334 vere
980 3295 1101 3335 rem
1164 3283 1481 3350 peractam,
1516 3279 1671 3333 unde
1703 3278 1843 3344 haec,
1878 3292 1920 3359 ρ
1960 3281 2030 3334 ad
2067 3280 2291 3350 legatos
2322 3287 2642 3338 emanaret.
2669 3284 3049 3355 Congregatis
3079 3300 3250 3355 porro
3277 3283 3356 3337 ibi
3380 3283 3450 3337 ad
3474 3298 3610 3337 eum

167 3386 361 3442 quam
410 3369 671 3425 audituri
708 3386 840 3425 mox
871 3385 1104 3434 sumus,
1129 3367 1341 3440 legatio
1376 3372 1509 3423 nata
1535 3372 1645 3436 est,
1678 3368 1849 3438 cujus

174 3475 436 3531 scopum
470 3459 833 3530 praecipuum
861 3473 991 3513 esse
1024 3458 1280 3529 comperi
1316 3458 1425 3512 hoc
1477 3458 1630 3528 quod
1683 3457 1854 3511 modo

172 3548 309 3604 dixi
343 3566 377 3603 a
408 3547 579 3603 nobis
630 3548 879 3619 exigere,
912 3548 1042 3603 volo
1092 3547 1295 3619 paucis
1345 3561 1751 3619 praeoccupare
1790 3562 1854 3599 ac

181 3637 553 3711 praemunire
582 3654 705 3705 vos,
730 3652 805 3691 ne
835 3636 936 3690 ubi
969 3653 1097 3707 quae
1127 3636 1207 3691 illi
1235 3636 1549 3707 loquentur
1579 3634 1850 3701 audietis,

178 3728 392 3784 subito
423 3726 883 3793 conturbemini,
917 3741 1057 3782 neve
1105 3726 1165 3779 in
1211 3735 1434 3781 vestros
1476 3725 1706 3780 animos
1749 3740 1853 3778 su-

177 3817 450 3889 spicioni
482 3819 553 3873 de
577 3816 748 3872 nobis
770 3817 1025 3872 sinistrae
1054 3816 1159 3871 ulli
1192 3821 1385 3888 pateat
1407 3817 1627 3882 aditus,
1651 3816 1854 3886 utique

174 3915 509 3981 postquam
545 3906 700 3962 clare
732 3906 1146 3978 perspexeritis
1174 3923 1352 3977 quam
1385 3906 1613 3962 sincera
1643 3921 1851 3976 quam-

175 4014 309 4070 que
356 3996 650 4052 constanti
694 3996 919 4051 ratione
948 3995 1006 4051 in
1039 4000 1160 4051 tota
1208 3996 1388 4066 hujus
1437 4012 1571 4051 cum
1628 3994 1851 4050 Latinis

170 4086 620 4159 gubernatione
671 4084 887 4157 negotii
926 4100 1251 4141 versemur.
1285 4086 1400 4154 Ego
1444 4085 1599 4141 enim
1652 4089 1854 4140 sancte

167 4175 494 4249 polliceor,
525 4179 583 4231 et
615 4178 678 4230 ut
710 4174 1011 4230 conscium
1059 4175 1247 4230 habeo
1299 4180 1503 4239 Deum,
1531 4174 1613 4229 ita
1641 4178 1851 4230 testem

165 4267 398 4322 invoco
432 4266 705 4320 eumdem
737 4264 1136 4320 irrevocabilis
1189 4264 1473 4336 propositi
1507 4280 1520 4319 :
1557 4264 1850 4336 profiteor,

162 4359 460 4427 inquam,
480 4359 536 4409 et
555 4353 860 4409 verissime
891 4354 1170 4425 promitto
1188 4354 1437 4426 rigorem
1474 4353 1849 4408 inﬂexibilem

160 4461 383 4516 usque
408 4444 481 4499 ad
513 4442 910 4499 exclusionem
962 4443 1053 4497 vel
1105 4444 1233 4498 iotae
1277 4443 1364 4499 vel
1414 4444 1600 4515 apicis
1651 4442 1850 4498 unius.

160 4535 609 4605 Confirmoque
639 4548 733 4588 me
765 4532 1112 4604 neutiquam
1175 4549 1488 4604 passurum
1521 4533 1657 4588 addi
1688 4534 1851 4603 Sym-

1959 3369 2248 3441 episc0pis
2279 3388 2344 3426 ac
2377 3372 2737 3443 primoribus
2768 3373 2905 3428 cleri
2939 3373 3254 3427 adfuerunt
3305 3377 3362 3426 et
3411 3371 3611 3443 legati,

1959 3465 2016 3514 et
2044 3460 2309 3515 videlicet
2354 3461 2547 3532 palam
2580 3466 2636 3517 et
2670 3463 2845 3517 libere
2906 3462 2999 3516 illa
3051 3462 3181 3533 ipsa
3241 3460 3615 3532 protulerunt

1960 3564 2087 3617 quae
2103 3547 2394 3618 postulatu
2406 3565 2499 3603 ros
2516 3549 2810 3620 ipsosjam
2832 3549 2909 3603 im
2922 3558 3149 3619 perator
3164 3565 3273 3618 pra)
3284 3554 3607 3603 monuerat.

1961 3637 2026 3691 In
2051 3654 2165 3707 quo
2189 3637 2316 3707 ejus
2339 3638 2714 3707 providentiae
2739 3640 2962 3693 fructus
2987 3639 3036 3693 is
3060 3638 3343 3701 constitit,
3361 3642 3608 3691 uttanlze

1958 3725 2299 3781 offensionis
2321 3727 2491 3781 verba
2521 3726 2746 3797 placide
2770 3743 2835 3781 ac
2856 3728 2984 3782 sine
3005 3725 3259 3781 tumultu
3292 3726 3606 3795 audierint,

1957 3813 2273 3869 irritabiles
2331 3814 2548 3887 alioqui
2610 3814 2900 3885 homines,
2942 3832 3113 3886 quos,
3157 3815 3271 3871 nisi
3330 3817 3607 3887 prudenti

1960 3903 2213 3960 fuissent
2260 3904 2663 3960 admonitione
2712 3906 3041 3977 praeparati,
3074 3914 3227 3961 certo
3270 3906 3490 3961 certius
3520 3912 3609 3961 est

1961 3993 2019 4049 in
2053 4010 2184 4050 acre
2207 3994 2469 4066 jurgium
2500 3994 2689 4065 prima
2716 3994 2818 4051 illa
2847 3996 3147 4051 mentione
3194 3999 3606 4067 prorupturos.

1961 4156 2046 4210 16.
2084 4156 2146 4211 Ut
2198 4154 2411 4227 deducti
2467 4157 2579 4209 sint
2619 4153 2813 4227 legati
2866 4154 2938 4209 ad
2991 4154 3274 4211 custodias
3330 4156 3604 4227 publicas,

2206 4224 2387 4281 visuri
2411 4242 2497 4283 eos
2530 4225 2628 4298 qui
2656 4224 2776 4281 illic
2803 4227 2983 4286 clausi
3008 4224 3355 4285 tenebantur.

2029 4352 2390 4424 Excogitavit
2414 4356 2471 4407 et
2492 4352 2649 4407 aliud
2670 4351 2991 4424 imperator
3008 4354 3315 4424 perefﬁcax
3339 4354 3604 4410 futurum

1958 4442 2029 4496 ad
2088 4442 2563 4513 persuadendum
2640 4441 2846 4513 legatis
2927 4460 3040 4499 non
3093 4460 3222 4499 esse
3279 4442 3604 4500 ludibrium

1958 4532 2289 4602 pacemjam
2318 4531 3005 4588 factam.Misitvidelicet
3030 4532 3603 4605 Ephesiepiscopum

161 4624 325 4682 bolo
360 4627 601 4679 Patrum
645 4622 731 4677 vel
782 4622 1089 4680 minimam
1140 4622 1401 4678 notulam
1423 4639 1444 4684 ,·
1493 4627 1549 4677 et
1598 4622 1646 4677 si
1699 4638 1847 4693 opus
1883 4654 1930 4718 Β
1959 4623 2225 4675 Isaacum
2258 4636 2390 4675 cum
2423 4619 2633 4692 legatis
2666 4620 2724 4675 in
2758 4622 3058 4678 custodias
3086 4622 3604 4693 publicas,jubens

154 4715 281 4781 sit,
314 4728 383 4768 ea
414 4728 594 4768 causa
626 4711 844 4767 bellum
876 4715 1314 4782 suscepturum,
1339 4729 1452 4767 non
1485 4710 1677 4767 solum
1712 4728 1844 4765 cum

154 4802 381 4869 Italis,
399 4802 501 4857 sed
516 4816 649 4855 cum
667 4800 875 4872 quavis
888 4798 1129 4854 omnino
1143 4805 1314 4871 gente
1335 4800 1403 4854 ad
1424 4800 1478 4854 id
1497 4816 1601 4854 nos
1616 4799 1848 4869 adigere

148 4893 439 4949 volente.
491 4897 574 4946 De
618 4889 729 4947 hoc
787 4889 930 4945 certi
983 4894 1192 4955 estote,
1244 4890 1302 4944 in
1350 4891 1506 4960 quod
1560 4891 1632 4944 do
1682 4888 1847 4944 vobis

146 4984 368 5040 ﬁdem
418 4980 852 5052 plenissimam.
899 4980 1043 5036 Cum
1096 4996 1162 5035 eo
1206 4982 1405 5035 tamen
1450 4979 1731 5050 deprecor
1776 4993 1848 5032 ne

147 5071 416 5147 placide
448 5086 571 5125 rem
605 5069 1022 5125 administrare
1052 5085 1115 5123 ac
1146 5070 1387 5140 pacifice
1435 5069 1732 5123 dimittere
1764 5067 1848 5121 le-

142 5166 359 5236 gatos
390 5158 478 5214 vel
512 5159 659 5214 mihi
693 5162 764 5215 ad
799 5159 1316 5231 reprehensionem
1368 5158 1713 5229 imputetur,
1748 5167 1850 5212 aut

140 5253 230 5309 ad
274 5251 581 5305 damnum
629 5248 817 5305 ullum
849 5252 1112 5303 vestrum
1157 5247 1510 5317 injuriamve
1560 5248 1847 5317 pertinere

138 5340 430 5401 omnino
484 5342 815 5394 censeatur.
866 5337 1015 5393 Volo
1073 5336 1256 5410 igitur
1304 5342 1361 5392 et
1418 5336 1692 5409 amplecti
1750 5353 1849 5391 eos

141 5430 378 5489 amice
407 5432 466 5485 et
495 5427 753 5484 salutare
781 5428 1085 5492 benevole,
1119 5442 1191 5481 ne
1223 5427 1389 5495 forte,
1424 5428 1580 5499 quod
1612 5425 1848 5495 dicitur,

136 5521 319 5581 feris
385 5519 797 5588 intempestive
855 5516 1142 5575 terrendis
1197 5517 1525 5573 venationis
1592 5518 1848 5574 fructum

139 5610 537 5690 perdamus.
571 5610 707 5676 Qum
740 5608 931 5681 magis
963 5623 1120 5664 nunc
1151 5607 1485 5664 necessaria
1516 5610 1605 5664 est
1633 5607 1851 5675 cautio,

135 5719 319 5765 cum
362 5716 519 5774 papa
548 5716 736 5757 novus
766 5697 865 5769 sit,
898 5696 1065 5772 isque
1097 5698 1256 5757 haud
1284 5696 1412 5771 pari
1444 5714 1510 5756 ac
1538 5698 1855 5773 Gregorius

1958 4709 2105 4780 ipsis
2152 4708 2273 4765 illic
2324 4710 2553 4765 ostendi
2612 4715 2893 4781 cognatos
2951 4711 3112 4781 ipsos
3146 4729 3210 4767 ac
3244 4713 3605 4769 necessarios

1958 4816 2098 4854 suos
2147 4798 2227 4853 ibi
2275 4799 2564 4869 detentos,
2599 4800 2749 4870 quod
2800 4800 2928 4872 paci
2978 4817 3091 4857 non
3141 4802 3603 4859 consensissent.

1959 4887 2024 4942 Ili
2055 4892 2223 4943 erant
2253 4892 2640 4959 protostrator
2665 4888 3020 4962 Palaaologus
3054 4891 3437 4962 Andronicus,
3472 4894 3605 4964 pin~

1961 4994 2135 5033 cerna
2154 4977 2298 5033 Raul
2322 4978 2575 5047 Manuel,
2599 4979 2777 5033 frater
2799 4978 2977 5049 hujus
2996 4980 3339 5051 Isaacius,et
3359 4988 3609 5053 quartus

1962 5069 2404 5140 protostratoris
2425 5086 2493 5124 ex
2511 5070 2685 5124 fratre
2718 5086 2897 5140 nepos
2932 5070 3290 5142 Palreologus
3319 5072 3610 5141 Joannes;

1965 5158 2063 5230 qui
2092 5175 2231 5213 sane
2254 5159 2311 5213 in
2335 5175 2543 5230 aspero
2574 5163 2807 5227 ornatu,
2832 5163 2896 5214 ut
2927 5165 3095 5231 poeta
3126 5161 3420 5233 quispiam
3455 5163 3612 5218 dice-

1962 5248 2813 5319 ret,quadratiuniuscarceris
2838 5249 3107 5320 singulos
3133 5250 3348 5319 singuli
3366 5252 3614 5322 angulos

1964 5339 2261 5406 tenebant,
2296 5338 2573 5410 gravibus
2622 5338 2801 5393 vincti
2850 5338 3091 5395 catenis.
3124 5340 3288 5396 Tunc
3337 5343 3616 5413 pincerna

1967 5426 2114 5482 Raul
2147 5427 2505 5499 Ephesinum
2538 5427 2764 5494 videns,
2798 5433 2855 5483 et
2879 5427 3103 5484 scilicet
3131 5429 3446 5503 indignans
3477 5449 3612 5489 eum

1964 5516 2199 5588 quidem
2253 5515 2432 5572 libere
2480 5517 2538 5572 in
2585 5517 2933 5573 remissione
2962 5533 3028 5574 ac
3061 5518 3282 5575 deliciis
3312 5521 3522 5589 vivere,
3556 5540 3615 5579 se

1962 5611 2158 5664 autem
2190 5623 2325 5663 cum
2356 5606 2533 5665 sociis
2561 5606 2889 5665 conflictari
2908 5607 3041 5664 tetri
3060 5608 3312 5666 carceris
3332 5612 3614 5669 aerumnis

1963 5695 2423 5756 ecclesiasticam
2444 5697 2516 5755 ob
2533 5712 2792 5769 causam,
2816 5715 2918 5771 pro
2943 5713 3060 5771 qua
3080 5696 3278 5772 ipsum
3304 5700 3583 5758 nimirum
3604 5744 3619 5772 ,
