4210 6448
635 367 742 422 919

1933 375 2237 432 GEORGII
2275 373 2739 436 PACHYMERE

3942 387 4056 443 920

638 490 956 578 ζῇῄκεῖνοι
989 489 1044 544 δὲ
1075 492 1694 569 προπαλαιπωροῦνται
1740 498 1809 569 τῇ
1859 494 2099 574 φυλακῇ,
2152 496 2282 570 ὑπὲρ
2315 506 2366 570 Α
2397 499 2486 553 καὶ
2521 499 2734 572 μᾶλλον
2761 501 2994 578 ἐλέγχου
3049 510 3166 566 τοῖς
3219 506 3318 573 τὴν
3380 507 3571 560 κακίαν
3629 505 3768 569 οἵοις
3816 510 3865 562 τ’
3924 511 4052 564 οὗσι

636 575 708 631 ὧν
743 577 946 633 ἐκεῖνον
981 578 1194 651 μᾶλλον
1224 581 1257 649 ἢ
1305 581 1500 644 αὐτοὺς
1561 578 1666 636 ἔδει
1726 585 2016 658 μάχεσθαι,
2075 584 2284 658 συνάγει

634 687 691 720 τε
747 665 1062 736 Λεληθὸτως
1109 671 1210 737 τήν
1260 666 1450 724 ἅλυσιν
1504 673 1561 738 ἣν
1615 670 1818 746 ἐφόρει,
1873 673 2129 746 προάγων
2162 675 2286 726 ὅσον

636 755 702 823 ἦν
761 756 1052 830 ἐγγυτέρω,
1131 759 1219 811 καὶ
1278 758 1585 831 σφακελλον
1659 763 1892 829 ποιήσας
1959 763 2019 815 τὸ
2070 762 2291 834 πτύγμα

633 847 750 898 κατ’
784 845 990 898 ἐκείνου
1025 846 1200 919 ῥίπτει
1234 849 1306 907 ὡς
1349 848 1594 918 πλήξων,
1647 851 1742 902 κάν
1791 849 2160 924 ἀπετύγχανεν
2211 849 2289 910 εἷς

635 933 823 987 ἑαυτὸν
855 938 948 988 τοῦ
977 935 1266 1009 τραχήλου
1297 938 1396 1004 τήν
1431 936 1619 991 ἅλυσιν
1651 935 1932 1000 ἕλκοντος.

637 1094 721 1161 ιζ’.
753 1095 940 1156 ’Ὁπως
967 1094 1182 1169 ἀνήχθη
1221 1096 1248 1148 ὁ
1311 1097 1561 1185 ’ἔωρὶννης
1616 1097 1667 1157 ἐς
1697 1099 1758 1152 τὸ
1802 1103 2193 1173 πατριαρχεῖον
2227 1100 2288 1152 τὸ

1323 1183 1594 1241 οευτερον.

705 1293 790 1362 [Ρ.
824 1293 948 1364 315]
981 1289 1134 1346 Ἀλλ’
1196 1293 1222 1344 ὁ
1285 1290 1537 1366 βασιλεὺς
1589 1293 1641 1354 ἐς
1692 1293 1868 1347 πίστιν
1898 1294 2133 1358 ἐντεῦθεν
2191 1300 2288 1350 τοῦ

636 1377 819 1448 ἀληθῆ

636 1467 912 1543 προύργου
968 1471 1168 1531 παντὸς
1225 1470 1426 1533 τίθεται
1486 1474 1547 1524 τὸ
1607 1473 1692 1526 κοιῖ
1728 1473 1998 1534 αὖθιςτὸν
2032 1476 2288 1549 πατριάρ-

902 1381 1152 1454 πράττειν
1243 1387 1359 1442 τοῖς
1446 1379 1730 1458 πρέσϐεσιν
1817 1385 2286 1460 ἀφοσιωσάμενος,

639 1579 744 1634 χην
796 1561 1104 1635 ἀναγαγεῖν.
1164 1559 1301 1617 Ούτε
1355 1564 1452 1636 γὰρ
1487 1562 1536 1616 ἐν
1575 1563 1869 1639 παραδοχῇ
1896 1567 1963 1618 τα
2005 1573 2102 1633 τῆς
2151 1586 2286 1638 παρ·

636 1653 901 1720 αιτγςσεως
937 1657 1052 1712 τοῖς
1111 1652 1447 1726 ἀρχιερεῦσι,
1503 1653 1594 1707 κᾶν
1660 1657 1686 1708 ὁ
1751 1656 2004 1728 βασιλεὺς
2067 1653 2286 1730 ἐδέχετο

632 1741 856 1811 ταύτην
891 1740 1018 1795 ἀλλ’
1049 1740 1138 1795 οὖν
1195 1744 1256 1796 ού
1289 1745 1589 1818 προίσχετο
1624 1745 1770 1808 ὅλως
1800 1746 1932 1816 αὕτη
1965 1752 2072 1800 τῶν
2127 1749 2283 1821 ἱερῶν

633 1832 972 1905 πραγμάτων
1025 1833 1237 1901 ἀνάξιον
1273 1877 1286 1902 ,
1350 1834 1513 1905 μόνον
1577 1832 1634 1888 δὲ
1691 1831 1922 1907 θόρυϐον
1980 1836 2123 1909 παρά
2178 1841 2282 1890 τῶν
2318 1860 2364 1925 Β

634 1921 723 1976 καὶ
780 1924 1027 1996 ταραχὴν
1072 1920 1298 1998 ἄλογον,
1357 1926 1445 1978 καὶ
1506 1927 1585 1979 ὅτι
1636 1926 1998 2000 πληχθὲντων
2045 1927 2131 1980 ἐπὶ
2161 1929 2288 1981 τού-

627 2029 746 2069 τοις
795 2010 890 2070 τὰς
942 2007 1272 2079 συνειδήσεις
1315 2017 1477 2065 τινῶν
1529 2013 1626 2066 οὐκ
1676 2011 1849 2088 ἐκρινε
1881 2011 1988 2067 δεῖν
2043 2014 2282 2088 προσμέ-

626 2119 760 2166 νειν,
820 2100 893 2170 μή
926 2119 1062 2164 πως,
1093 2099 1245 2174 φησὶ,
1278 2101 1382 2153 τισῖ
1418 2103 1566 2176 παρά
1618 2100 1924 2172 συνείδησιν
2022 2103 2083 2156 τὸ
2114 2124 2284 2177 προσ-

628 2185 902 2262 έρχεσθαι.
962 2192 1129 2243 Τοῦτο
1193 2186 1247 2242 δὲ
1304 2191 1352 2242 τί
1389 2191 1443 2243 ἂν
1504 2194 1883 2266 παραιτήσεως
1925 2191 2086 2267 ἔχοι;
2122 2193 2169 2246 εἷ’
2203 2194 2279 2266 μὴ

629 2409 829 2475 utpote
869 2406 1216 2472 antistitem,
1249 2414 1471 2463 certare
1523 2426 1587 2463 ac
1639 2411 1785 2465 dura
1833 2412 2036 2466 subire
2088 2411 2281 2467 fuerat

630 2496 879 2565 aequius,
911 2495 1143 2568 collegit
1202 2497 1349 2552 clam
1403 2499 1458 2551 in
1521 2514 1763 2554 manum
1800 2517 1829 2555 e
1875 2501 2277 2571 pendentium,

631 2583 849 2654 quibus
878 2585 1190 2655 ligabatur,
1227 2590 1416 2641 tractu
1450 2589 1604 2642 460
1635 2593 1973 2644 catenarum
2005 2590 2277 2644 volumen

629 2689 823 2743 grave,
851 2679 906 2729 et
960 2674 1267 2730 observato
1317 2680 1581 2748 tempore
1638 2695 1752 2750 quo
1805 2679 2116 2750 episcopus
2161 2685 2278 2734 tam

628 2779 809 2834 prope
842 2764 910 2818 ad
947 2765 1140 2836 ipsum
1174 2772 1496 2822 accesserat
1546 2772 1610 2822 ut
1659 2768 1972 2839 contiguus
2016 2769 2167 2823 intra
2189 2770 2280 2838 ja-

628 2856 789 2907 ctum
824 2854 1138 2922 videretur,
1174 2856 1421 2911 ferream
1477 2857 1534 2911 in
1589 2875 1724 2912 eum
1776 2859 2010 2914 intorsit
2042 2859 2278 2925 fascem,

629 2942 802 2998 ferire
849 2945 1130 3011 studens;
1159 2946 1267 3000 etsi
1300 2947 1590 3002 aberravit
1620 2948 1715 3002 ille
1747 2949 2007 3018 quidem,
2036 2948 2280 3012 catenis,

622 3032 750 3102 ipso
776 3032 993 3088 collum
1026 3036 1359 3091 retrahente
1393 3038 1549 3092 unde
1580 3038 1940 3108 pendebant,
1977 3040 2048 3094 ad
2083 3041 2279 3111 ipsum

626 3121 846 3178 intacto
880 3123 1141 3180 antistite
1172 3126 1580 3182 redeuntibus.

625 3284 709 3336 17.
743 3283 803 3339 Ut
829 3289 1073 3342 Joannes
1103 3285 1164 3341 in
1191 3288 1597 3358 patriarchales
1625 3288 1771 3345 aedes
1803 3288 2066 3344 inductus
2099 3289 2280 3344 denuo
2309 3257 2352 3324 ϐ

1406 3362 1492 3414 sit.

699 3481 984 3538 Caeterum
1039 3485 1364 3555 imperator
1396 3484 1506 3540 hoc
1538 3485 1706 3556 quasi
1739 3485 1926 3556 primo
1959 3487 2150 3541 ofﬁcio
2183 3487 2285 3542 de-

627 3571 867 3627 functus
907 3574 1348 3628 demonstrandi
1376 3575 1577 3644 legatis
1602 3574 1752 3629 serio
1777 3591 1896 3630 rem
1922 3591 1954 3630 a
1973 3591 2034 3630 se
2066 3582 2280 3643 actam,

633 3662 735 3732 qui
773 3679 886 3717 non
939 3663 1268 3718 dubitasset
1318 3669 1489 3719 tanta:
1539 3664 1844 3736 dignitatis
1894 3665 2047 3720 viros
2099 3682 2166 3721 ea
2214 3667 2284 3720 de

631 3767 809 3806 causa
830 3757 980 3807 tetro
998 3752 1215 3807 carceri
1240 3753 1527 3822 addicere,
1549 3769 1735 3824 opera:
1758 3753 2011 3824 pretium
2046 3772 2108 3810 se
2140 3771 2282 3825 prae-

629 3845 788 3896 terea
838 3841 1130 3896 facturum
1177 3841 1552 3909 existimavit,
1587 3843 1635 3897 si
1669 3843 2057 3914 patriarcham
2089 3844 2282 3899 liberas

628 3947 746 3985 sua:
799 3934 1105 4001 potestatis
1140 3932 1425 3988 functioni
1463 3934 1817 3988 restitueret.
1855 3934 1996 3988 Rem
2029 3951 2158 3989 eam
2191 3933 2282 3989 sui

628 4019 856 4074 arbitrii
885 4022 1128 4090 putabat
1159 4039 1307 4088 esse,
1335 4023 1550 4093 quippe
1584 4039 1696 4077 non
1731 4023 1844 4077 alia
1878 4024 2284 4095 corrogatione

626 4109 1044 4180 suffragiorum
1097 4115 1199 4164 aut
1244 4112 1589 4182 repetitione
1639 4110 1941 4167 electionis
1992 4117 2278 4184 egentem.

626 4198 791 4253 Haud
827 4199 981 4253 enim
1017 4217 1147 4254 vere
1179 4217 1418 4255 vacasse
1454 4217 1715 4271 unquam
1749 4202 2285 4273 Constantinopoli-

623 4291 823 4342 tanam
873 4290 1070 4343 sedem
1118 4290 1280 4344 Vecci
1330 4291 1720 4360 abdicatione,
1755 4308 1930 4362 quam
1983 4296 2281 4361 utcunque

623 4375 962 4446 imperatori
1023 4377 1414 4449 signiﬁcatam
1464 4384 1520 4434 et
1562 4379 1821 4434 oblatam
1868 4381 2126 4452 episcopi
2177 4398 2281 4436 nec

623 4466 1006 4520 admisissent
1065 4484 1168 4520 nec
1231 4469 1596 4538 probassent.
1651 4470 1759 4524 Sed
1823 4487 2005 4540 neque
2056 4471 2105 4524 is
2153 4470 2280 4540 ipse

623 4553 1252 4610 libellusrecusationis
1269 4558 1444 4622 sedis,
1463 4575 1636 4628 quem
1656 4559 1995 4630 imperatori
2013 4559 2280 4614 aJoanne

2397 587 2651 647 κωλύειν.
2712 594 2864 654 Ὅθεν
2923 592 3012 646 καὶ
3069 597 3228 665 κοινῇ
3285 595 3468 667 σκέψει
3521 595 3757 664 ἀξιοῦσιν
3807 597 4059 672 ἀρχῆθεν

2397 677 2485 730 τὸν
2548 677 2713 750 ἄνδρα
2766 681 2865 748 τήν
2927 681 3253 756 προστασίαν
3284 680 3558 757 δέχεσθαι.
3592 686 3651 741 Ὀ
3693 683 3739 739 δ’
3771 686 3877 762 οὐχ
3907 687 4054 758 ὀπή-

2398 786 2542 834 κουε,
2599 773 2774 837 ζητῶν
2805 771 2905 837 τήν
2939 769 3022 823 ἐπὶ
3057 775 3173 834 τοῖς
3226 773 3582 846 συκοφάνταις
3621 771 3922 843 ἐκδίκησιν.
3985 778 4056 829 Τὸ

2401 852 2447 907 δ’
2501 857 2565 922 ἦν
2618 859 2704 910 καὶ
2736 857 2788 911 ἓν
2821 863 2927 912 τῶν
2962 857 3233 913 ἀδυνάτων
3268 865 3344 931 τῷ
3380 858 3614 934 βασιλεῖ,
3655 865 4054 939 προϊσχομένῳ

2401 946 2680 1014 συνήθειαν
2733 949 2929 1022 ἄλογον
2980 950 3086 1002 τῶν
3136 951 3507 1023 κρατούντων,
3559 954 3674 1006 καθ’
3706 953 3765 1019 ἦν
3795 953 3900 1020 τὴν
3957 954 4051 1023 μὲν

2399 1034 2752 1109 συκοφαντίαν
2790 1034 2966 1089 ἰᾶσθαι
2999 1035 3086 1090 καὶ
3116 1037 3206 1090 τὸν
3265 1037 3766 1114 συκοφαντούμενον
3831 1037 4055 1112 ῥύεσθαι

2396 1126 2492 1174 τοῦ
2548 1121 2821 1192 κινδύνου,
2853 1123 3190 1200 συκοφάντην
3235 1124 3291 1180 δὲ
3328 1125 3456 1198 μηδ’
3502 1128 3752 1181 ὁπωσοῦν
3781 1134 4055 1201 τιμωρεῖ-

2399 1221 2542 1280 σθαι,
2592 1210 2685 1265 κᾶν
2739 1214 3097 1290 συκοφαντοίη
3159 1216 3227 1268 τὰ
3281 1214 3502 1290 ἔσχατα,
3563 1217 3840 1270 τὲτακται·
3912 1214 4057 1287 μηδὲ

2398 1301 2500 1371 γὰρ
2534 1301 2664 1354 εἶναι
2695 1302 2755 1355 τὸ
2789 1302 2989 1372 ἀληθὲς
3035 1307 3112 1374 τῷ
3143 1302 3363 1377 βασιλεῖ
3410 1306 3718 1376 μανθάνειν,
3778 1304 3919 1358 ὅπου
3975 1309 4052 1375 τῷ

2402 1389 2475 1458 μή
2538 1388 2870 1460 ἀποδείξοντι
2919 1390 3165 1446 κίνδυνον
3212 1392 3445 1469 ἐερῆφθαι
3499 1390 3806 1466 ξυμϐαίνοι.
3880 1395 4051 1450 Ταῦτ’

2398 1475 2500 1549 ἄρα
2546 1479 2635 1532 καὶ
2691 1482 2765 1551 μή
2814 1480 3009 1550 ἀνύων,
3062 1481 3150 1535 καὶ
3199 1482 3412 1554 μᾶλλον
3473 1483 3679 1558 ἀφιέναι
3711 1484 3774 1536 τὸ
3806 1489 4054 1555 πταῖσμα

2397 1567 2906 1641 παρακαλούμενος,
2960 1571 3190 1642 μίμησιν
3228 1572 3459 1647 φέροντα
3483 1576 3580 1626 τοῦ
3631 1575 3892 1645 Χριστοῦ,
3954 1575 4053 1639 τὴν

2397 1655 2700 1727 πρόκλησιν
2792 1655 3038 1732 δέχεται,
3129 1661 3217 1713 καὶ
3290 1657 3418 1732 ἕκτῃ
3498 1658 3867 1723 Ποσειδεῶνος
3955 1660 4058 1714 ὑπὸ

2399 1744 2627 1819 λαμπρᾷ
2681 1752 2749 1820 τῇ
2811 1746 3109 1825 δορυφορίᾳ
3161 1749 3544 1824 συγκλητικῶν
3592 1771 3650 1804 τε
3707 1751 3818 1822 ἅμα
3848 1750 3939 1804 καὶ
3973 1750 4056 1803 ἐκ·

2908 1841 3006 1906 τῆς
3088 1839 3257 1907 αὐτῆς
3346 1837 3704 1908 ἱνδικτιῶνος,
3778 1839 4055 1912 ἀνάγεται.

2397 1924 2532 1978 Τότε
2565 1924 3015 1998 συμπλασάμενοι
3077 1931 3307 2001 γράμμα
3361 1935 3458 1996 τῆς
3516 1929 3652 1999 πρὸς
3686 1929 3774 1981 τὸν
3826 1929 4052 1981 πάππαν

2395 2011 2698 2088 ἀπολογίας
2731 2010 3027 2089 (Οὐρϐανὸς
3058 2013 3114 2069 δὲ
3138 2017 3260 2070 τότε
3311 2018 3402 2088 ἧν)
3459 2015 3698 2078 πολλαῖς
3764 2017 3859 2089 μὲν
3918 2017 4053 2071 ὐπο-

2400 1833 2826 1908 κλησιαστικῶν,

2395 2109 2625 2180 γραφαῖς
2663 2105 2790 2175 μήτ’
2823 2102 2990 2158 ὄντων
3042 2105 3351 2160 ἐπισκόπων
3409 2108 3535 2178 μήτ’
3589 2106 3898 2160 ἐπισκοπῶν
3959 2109 4050 2160 οὐ·

2397 2197 2526 2260 σῶν,
2592 2197 2689 2264 μιᾷ
2744 2193 2834 2246 καὶ
2863 2197 2932 2266 τῇ
2967 2193 3101 2266 αὐτῇ
3129 2194 3276 2268 χειρὶ
3303 2192 3398 2248 τοῦ
3445 2195 3718 2270 γραφέως,
3763 2197 3839 2256 ὡς
3893 2192 4052 2264 δῆθεν

2379 2412 2598 2478 animo,
2622 2419 2678 2466 et
2707 2412 2852 2467 forte
2874 2416 3076 2468 contra
3098 2413 3270 2468 ofﬁcii
3301 2413 3705 2485 praescriptum
3731 2430 3798 2468 ex
3858 2430 4060 2470 errore

2390 2505 2593 2554 natum
2625 2506 3026 2572 operarentur.
3049 2506 3127 2556 Ea
3153 2502 3223 2557 de
3257 2518 3438 2558 causa
3467 2504 3676 2557 ducere
3724 2503 3909 2557 satius
3962 2519 4056 2557 rc-

2395 2589 2668 2644 nuntiare
2701 2590 2996 2661 dignitati,
3021 2596 3078 2644 et
3098 2606 3163 2645 eo
3197 2590 3322 2645 loco
3358 2591 3560 2646 cedere
3593 2591 3690 2646 ubi
3725 2607 3786 2646 se
3817 2591 4059 2646 nonnisi

2393 2693 2528 2732 cum
2580 2677 2778 2749 aliquo
2811 2678 3090 2734 seandalo
3119 2683 3218 2734 aut
3249 2680 3457 2735 saltem
3512 2678 3766 2750 periculo
3789 2731 3793 2733 .
3816 2684 4056 2736 teneras

2391 2766 2744 2838 pusillorum
2777 2769 3167 2824 conscientias
3200 2769 3448 2825 laedendi
3481 2768 3697 2824 haerere
3725 2785 3840 2824 non
3873 2787 4055 2840 posse

2381 2857 2700 2927 judicaret.
2731 2857 2792 2911 In
2844 2857 2937 2912 his
2993 2861 3188 2913 autem
3241 2875 3366 2929 quae
3399 2857 3528 2914 vola
3559 2858 3836 2930 quodque
3867 2861 4050 2914 vesti-

2390 2946 2551 3017 gium
2609 2946 2998 3002 abdicationis
3056 2948 3409 3019 appareret?
3441 2947 3548 3002 Ubi
3607 2947 3802 3018 potius
3864 2948 4052 3003 tacita

2391 3035 2630 3106 querela
2683 3035 3103 3106 sugillarentur
3171 3036 3256 3090 illi
3332 3038 3431 3108 qui
3505 3053 3638 3092 cum
3713 3037 4056 3108 potuissent

2391 3124 2794 3194 improborum
2849 3124 3083 3180 malitiae
3136 3126 3445 3194 obsistere,
3473 3125 3738 3180 auxiliari
3791 3127 4054 3181 circum-

2388 3219 2569 3269 venta
2601 3215 2947 3271 innocentia
2979 3215 3340 3270 omisissent.
3370 3216 3474 3271 His
3505 3232 3640 3270 cum
3681 3216 3753 3270 ab
3786 3214 4052 3286 impera-

2392 3308 2518 3360 tore
2547 3310 2674 3359 tum
2695 3321 2726 3358 a
2747 3305 2970 3376 synodo
2995 3305 3404 3369 consideratis,
3439 3305 3739 3360 communi
3771 3307 4056 3361 omnibus

2389 3409 2680 3448 consensu
2715 3392 2905 3448 visum
2937 3398 3028 3449 est
3060 3394 3491 3449 restituendum
3534 3394 3822 3449 Joannem
3857 3395 3918 3449 in
3953 3395 4051 3449 in-

2387 3482 3095 3555 termissumﬂexercitium
3115 3500 3418 3554 nunquam
3450 3484 3736 3554 abrogatas
3768 3483 4053 3539 ablateve

2390 3571 2714 3642 potestatis.
2746 3573 2893 3627 461
2930 3574 3010 3626 Ad
3045 3574 3196 3644 quod
3231 3589 3364 3628 cum
3414 3572 3571 3628 idem
3618 3578 4057 3644 consequenter

2388 3668 2710 3731 vocaretur,
2734 3663 3019 3716 renuebat
3050 3661 3320 3732 obsequi,
3353 3661 3660 3732 postulans
3693 3663 3856 3734 prius
3888 3662 4050 3717 attici

2389 3751 2577 3822 posnis
2608 3751 2858 3820 meritis,
2893 3750 2994 3822 qui
3026 3767 3088 3806 se
3129 3749 3493 3806 calumniose
3527 3751 3895 3806 criminando
3930 3756 4051 3806 tra-

2387 3840 2711 3896 duxissent.
2732 3840 2946 3895 Verum
2980 3840 3035 3895 id
3071 3858 3243 3912 posse
3271 3841 3573 3913 impetrari
3597 3842 3668 3896 ab
3692 3841 4051 3912 imperatore

2389 3931 2748 4002 sperandum
2800 3947 2915 3985 non
2959 3935 3084 3985 erat
3117 3947 3129 3985 :
3167 3932 3523 3986 causabatur
3571 3931 3727 3987 enim
3760 3930 3860 3986 ille
3892 3949 3956 3987 se
3990 3931 4048 3986 id

2390 4022 2578 4075 facere
2620 4020 2876 4089 nequire.
2913 4021 3172 4075 Tenebat
3202 4019 3472 4076 videlicet
3499 4022 3797 4076 mordicus
3830 4021 4051 4076 invete-

2393 4115 2588 4164 ratum
2637 4110 2694 4163 in
2746 4109 2898 4164 aulis
2954 4125 3172 4164 morem
3226 4109 3548 4164 delationes
3595 4110 4053 4181 cujusquemodi

2387 4199 2539 4253 inter
2572 4198 2934 4269 principatus
2965 4199 3362 4254 instrumenta
3393 4199 3692 4267 censendi,
3743 4205 3800 4254 et
3831 4201 3914 4255 sic
3947 4216 4050 4255 ca-

2387 4288 2622 4342 lumniae
2681 4287 2972 4355 medendi,
3025 4304 3156 4342 cum
3215 4287 3598 4359 regnantibus
3654 4288 3886 4360 expedit
3948 4295 4054 4344 aut

2387 4377 2548 4442 libet,
2584 4381 2648 4430 ut
2699 4377 2992 4431 eximatur
3023 4375 3260 4447 quidem
3295 4376 3557 4448 periculo
3591 4376 3741 4432 male
3773 4376 4053 4449 culpatus

2388 4467 2613 4532 insons,
2640 4466 2878 4536 impune
2905 4469 3100 4520 autem
3137 4465 3373 4520 omnino
3406 4466 3552 4520 ferat
3594 4464 3839 4536 iniquus
3872 4483 4052 4521 accu-

2385 4560 2546 4609 sator
2575 4555 2954 4625 quantumvis
2987 4553 3144 4608 t'alsee
3176 4557 3347 4624 atque
3378 4554 4053 4626 impudentisﬁrimina-

619 4644 822 4698 datum
857 4644 1140 4714 diximus,
1168 4645 1238 4700 iis
1262 4651 1384 4700 erat
1410 4649 1692 4703 formatus
1713 4648 1925 4716 verbis,
1951 4666 2076 4720 qua:
2109 4665 2274 4704 veras
2311 4632 2351 4694 Ο
2383 4644 2559 4698 tionis
2619 4642 2831 4698 scelus.
2874 4642 2976 4697 Cui
3027 4642 3317 4714 ﬂagitiosa
3380 4643 3593 4699 abusui
3646 4644 3795 4699 banc
3855 4644 4052 4700 solent

619 4733 1049 4803 canonicasque
1097 4734 1371 4805 legitimae
1401 4737 1791 4807 dopositionis
1839 4754 2048 4793 causas
2082 4739 2273 4810 expri-

618 4827 862 4876 merent.
896 4823 1123 4876 Etenim
1159 4824 1311 4878 baud
1345 4825 1402 4878 in
1433 4843 1498 4881 eo
1532 4828 1853 4897 quidquam
1911 4826 2275 4899 allegabatur

619 4929 734 4983 quo
757 4917 1061 4983 appareret
1090 4912 1375 4968 Joannem
1411 4921 1472 4970 ut
1506 4917 1818 4988 indignum
1839 4933 1904 4972 eo
1929 4916 2054 4972 loco
2086 4921 2142 4972 et
2167 4917 2274 4971 ad-

620 5003 1040 5060 ministrationi
1093 5003 1364 5060 Ecclesia:
1393 5005 1657 5079 ineptum
1693 5013 1794 5063 aut
1825 5009 2104 5079 imparem
2139 5007 2274 5062 inde

617 5093 973 5150 submoveri.
1036 5092 1398 5151 Causabatur
1455 5097 1535 5151 ibi
1592 5104 1821 5153 tantum
1882 5097 2008 5168 ipse
2056 5098 2271 5154 Veccus

615 5182 965 5239 tumultuari
1001 5187 1204 5237 contra
1237 5200 1297 5238 se
1330 5187 1642 5257 quosdam,
1669 5206 1701 5243 a
1724 5188 1940 5258 quibus
1968 5187 2074 5241 etsi
2110 5191 2268 5257 pate-

615 5279 776 5329 retur
821 5273 1104 5342 injustam
1140 5275 1505 5331 vexationem
1564 5277 1688 5348 ipse
1740 5278 2035 5342 innoxius,
2070 5281 2267 5331 tamen

611 5363 792 5420 vereri
853 5379 981 5417 sese
1037 5363 1422 5420 offensionem
1505 5368 1898 5436 inﬁrmorum,
1960 5367 2059 5437 qui
2121 5367 2268 5422 forte

610 5454 862 5526 vulgatis
896 5453 953 5507 iu
988 5471 1048 5508 se
1081 5454 1399 5511 calumniis
1433 5459 1576 5512 moti
1624 5461 1693 5513 ad
1747 5458 2139 5513 dubitandum
2174 5475 2263 5512 ec-

609 5545 750 5616 quid
806 5543 948 5597 citra
997 5554 1206 5598 noxam
1241 5550 1299 5598 et
1334 5546 1547 5615 piaculi
1583 5549 1991 5620 contagionem
2027 5552 2266 5618 possent

607 5637 730 5688 tam
781 5633 1056 5688 diti‘amati
1117 5632 1375 5690 hominis
1427 5637 1513 5692 uti
1568 5638 2016 5706 consuetudine,
2051 5636 2263 5693 oblatis

607 5724 817 5780 deinde
891 5723 1300 5782 occasionibus
1359 5741 1493 5783 cum
1551 5745 1617 5785 eo
1677 5728 1888 5802 agendi
1947 5733 2262 5784 zestuarent

2383 4751 2622 4788 causam
2678 4733 3011 4798 obtendere,
3047 4733 3200 4802 quod
3251 4733 3444 4788 omnis
3495 4750 3630 4804 spes
3676 4750 3743 4790 ac
3794 4734 4048 4790 facultas

2385 4822 2637 4894 principi
2668 4820 2990 4892 eriperetur
3019 4823 3410 4893 cognoscendi
3443 4824 3773 4894 quidquam
3810 4823 3880 4878 de
3917 4841 4053 4880 ma-

2384 4911 2821 4966 chinationibus
2843 4909 3110 4980 occultis,
3136 4927 3262 4982 qua:
3290 4916 3494 4966 contra
3528 4912 3728 4984 ipsum
3761 4917 3865 4968 aut
3897 4930 4051 4968 rem-

2387 4999 2683 5070 publicam
2712 4998 2845 5052 iniri
2879 4999 3270 5070 contingeret,
3291 5002 3338 5054 si
3374 5000 3538 5071 gravi
3571 5001 3830 5072 periculo
3853 5001 4053 5058 deter-

2384 5097 2654 5147 rerentur
2683 5091 2752 5146 ab
2786 5091 3057 5146 audenda
3101 5091 3546 5148 denuntiatione
3603 5092 4052 5166 qualescunque

2383 5183 2694 5237 delatores.
2749 5182 2894 5253 Ergo
2943 5181 3266 5252 imperator
3314 5186 3513 5238 certus
3568 5183 3865 5239 convictos
3913 5183 4052 5240 licet

2381 5272 2836 5327 calumniatores
2896 5288 3009 5325 non
3069 5270 3294 5341 ulcisci,
3328 5272 3448 5344 egit
3497 5273 3623 5344 ipse
3675 5289 3810 5328 cum
3844 5273 4050 5345 Vecco,

2380 5379 2593 5432 rogans
2640 5362 2812 5417 etiam
2866 5365 3042 5432 atque
3095 5361 3293 5431 etiam,
3329 5363 3698 5418 condonaret
3729 5363 3798 5417 iis
3831 5381 4044 5419 noxam

2379 5453 2644 5524 exemplo
2676 5451 2911 5507 Christi.
2938 5451 3051 5505 Nec
3084 5451 3182 5505 ille
3214 5453 3284 5506 ad
3311 5456 3645 5507 extremum
3691 5453 3940 5521 abnuit;
3989 5459 4047 5508 et

2377 5560 2658 5601 assensus
2694 5543 2816 5613 jam
2868 5540 3083 5596 studiis
3115 5546 3463 5597 cunctorum
3497 5543 3591 5597 die
3618 5549 3781 5598 sexta
3815 5546 4041 5599 n'ensis

2376 5631 2626 5705 Augusti
2675 5632 2942 5702 ejusdem
2993 5630 3352 5701 indictionis,
3389 5631 3698 5704 splendido
3743 5633 4038 5689 deductus

2375 5725 2655 5783 comitatu
2675 5727 3014 5780 senatorum
3044 5733 3097 5780 et
3121 5722 3388 5780 Ecclesia:
3425 5740 3754 5795 procerum,
3776 5723 3837 5779 in
3876 5724 4035 5797 pala-
