4242 6438
200 350 299 407 921

1254 349 1348 401 DE
1387 348 1759 402 MICEARLR
1798 346 2239 401 PALBOLOGO
2276 347 2407 400 LIB.
2447 346 2541 399 VI.

3494 337 3604 392 922

201 472 429 529 πολλῶν
458 472 625 545 ἱερῶν
652 467 864 542 ἀνδρῶν
923 470 1011 523 καὶ
1064 468 1319 545 μεγάλων
1358 470 1849 546 κατησφαλίζοντο,
1879 477 1932 540 Α
1962 468 2399 544 ἐξεκηρύχθησαν
2460 470 2512 522 ol
2565 465 2864 538 ὀρθὸδοξοι,
2924 464 3014 520 καὶ
3060 465 3112 518 αἱ
3144 465 3279 536 πρὸς
3304 463 3397 517 τὸν
3455 462 3603 515 πάπ-

201 562 245 617 si
282 563 375 634 μὶν
424 562 513 615 καὶ
568 558 886 633 πατριάρχῃ
941 555 1154 626 δοκοῦν,
1188 558 1287 611 οὐκ
1334 556 1479 627 οἶδα,
1526 561 1663 619 τέως
1705 555 1761 611 δέ
1788 578 1851 631 γε

203 652 292 705 καὶ
351 648 474 704 λίαν
532 653 612 720 τῷ
676 646 937 721 βασιλεῖ,
996 646 1176 721 φέρειν
1236 648 1441 708 πίστεις
1496 648 1852 719 προνουμένῳ

202 739 289 794 ἐπὶ
322 744 394 811 τῇ
453 742 560 793 τῶν
624 736 965 805 Ἐκκλησιῶν
1022 730 1285 808 συμϐάτει
1344 736 1489 810 παρά
1546 734 1849 790 δοκούντων

198 827 428 884 πολλῶν
490 828 580 882 καὶ
638 828 755 881 κατ’
815 825 1051 887 ἐκείνους
1105 825 1435 882 ἐπισκόπων.
1472 826 1566 880 Καὶ
1596 828 1698 899 γάρ
1731 827 1851 902 σφί-

199 940 280 973 σιν
314 917 461 973 οὕτω
494 916 559 970 τά
588 920 695 969 τῶν
747 914 1058 969 ἐπισκόπων
1110 914 1460 969 ἐπεπύκνωτο
1510 917 1595 987 [Ρ.
1620 917 1745 986 316]
1777 915 1851 974 ὡς

198 1007 291 1062 καὶ
350 1006 427 1067 εἰς
487 1003 811 1065 ἑκατοστύας
868 1003 1211 1077 ἀριθμεῖσθαι
1262 1002 1521 1065 πλείστας
1569 1005 1667 1071 τὴν
1728 1004 1854 1075 παρ’

201 1096 429 1156 ἐκείνοις
490 1090 734 1148 σύνοδον.
788 1097 927 1146 Ταῦτ
978 1089 1079 1165 ἄρα
1129 1092 1217 1146 καὶ
1271 1094 1338 1146 τά
1394 1094 1635 1165 ἡμέτερα
1684 1092 1855 1161 ἐεισά-

199 1191 312 1255 ζειν
350 1181 526 1248 θέλων
584 1181 809 1243 ἐκείνοις
840 1184 988 1254 ταῦτι
1021 1178 1267 1254 ἔπραττε.
1306 1179 1619 1244 Πολλαῐς’δ’
1652 1181 1857 1254 ἑτέραις

198 1277 438 1350 γραφαῖς
478 1275 583 1325 τῶν
636 1270 920 1344 ἡμετέρων
982 1271 1260 1345 Πατέρων,
1293 1276 1415 1331 ταῖς
1470 1269 1529 1323 ἐκ
1583 1274 1678 1323 τοῦ
1732 1270 1857 1323 Γίοῦ

202 1359 421 1432 δηλαδὴ
482 1362 832 1435 προχεῖσθαι,
882 1365 1263 1433 χορηγεῖσθαι,
1313 1356 1596 1421 δίδοσθαι,
1649 1357 1857 1429 ἐκλάμ-

200 1471 348 1516 πειν,
407 1447 893 1525 ἐκφαίνεσθαι,καὶ
949 1452 1070 1507 ταῖς
1130 1448 1496 1518 ὀμοίαις,τὴν
1549 1451 1645 1500 τοῦ
1704 1452 1861 1500 ἐκπο-

206 1539 452 1614 ρεύεσθαι
510 1536 655 1609 λέξιν
718 1534 991 1605 ἐπείλυον,
1051 1533 1347 1605 δηΛοῦντες
1404 1536 1491 1589 καὶ
1549 1541 1731 1602 τοῦτο,
1786 1536 1861 1595 ὡς

205 1653 236 1680 ι(
288 1628 394 1684 Καὶ
442 1626 570 1689 τοὺς
634 1629 709 1699 μὴ
769 1627 1126 1698 πειθομένους
1188 1625 1484 1699 εἰρηνεύειν
1515 1631 1633 1687 ταῖς
1691 1626 1859 1695 ἀξίαις

209 1715 391 1779 δίκαις
450 1710 975 1788 καθυποϐάλλομεν.
1010 1739 1038 1766 ››
1098 1714 1174 1771 Τὸ
1203 1712 1248 1768 δ’
1281 1716 1345 1789 ἄρ
1402 1716 1467 1783 ἦν
1503 1712 1732 1788 ὄνειρος,
1773 1714 1862 1768 καὶ

1954 578 2055 610 παν
2088 559 2311 634 γραφαὶ,
2372 557 2521 625 φασὶ,
2590 558 2852 631 μάρτυροι
2916 556 3241 631 σοφώτατοι.
3304 552 3380 608 Τὸ
3431 548 3604 613 δ’,ὠς

1954 645 2051 717 ἐμὲ
2083 651 2211 718 γοῦν
2241 643 2460 715 εἰδέναι,
2492 644 2679 705 ἄλλως
2730 646 2896 717 εἶχεν,
2932 642 2981 696 εἷ’
3026 642 3115 696 καὶ
3165 642 3300 714 πρὸς
3344 640 3435 693 τὸν
3461 642 3607 692 πάπ-

1954 755 2055 788 παν
2088 736 2222 789 κατά
2249 756 2370 789 τινα
2399 735 2631 788 θωπείαν
2648 734 2843 804 ’,οὕτως
2877 732 3157 808 ἐγράφετο.

2018 897 2029 915 θ
2086 896 2163 920 rn},
2206 896 2338 920 ..μ-δ.
2391 896 2478 920 -ὶ.
2537 895 2800 920 n____'__._..
2856 894 2942 920 ---Α
3004 892 3270 920 ιε-ιι-.-..
3330 890 3358 920 3!

2018 897 2029 915 θ
2086 900 2101 920 ν
2146 896 2157 910 κ
2318 896 2330 912 κ
2428 896 2441 913 ς
2537 896 2549 916 ,
2670 895 2677 904 -
2929 894 2942 910 ε
3137 892 3145 909 ,
3351 890 3358 905 .

1959 917 2050 966 ιη.
2097 900 2169 953 Γα
2206 917 2339 950 κατα
2388 916 2479 949 τον
2555 904 2801 968 Ιγνατιον
2856 894 3295 968 καιΛΜελετιον,
3329 891 3476 949 ὁπως
3535 888 3611 950 εἷς

2386 968 2475 1022 τὸν
2528 964 2744 1021 κάνππαν
2778 964 3179 1034 ἀπεστάλησαν.

2030 1095 2149 1149 Ὀτι
2184 1090 2241 1147 δὲ
2293 1091 2567 1154 κάκεῗνοις
2632 1091 2832 1163 μάταια
2886 1093 3021 1158 ἦσαν
3072 1089 3139 1142 τά
3189 1094 3289 1155 τῆς
3347 1084 3610 1153 θωπείας,

1962 1180 2222 1242 Άῐελέτιὸς
2250 1203 2306 1236 τε
2336 1184 2423 1235 καὶ
2460 1181 2720 1255 Ἰγνάτιος
2765 1178 2986 1251 ἔδειξαν,
3040 1185 3119 1253 [Ρ-
3181 1180 3308 1247 317]
3340 1170 3609 1249 σχιζόμε-

1961 1291 2043 1324 νοι
2102 1271 2196 1340 μὲν
2255 1273 2352 1337 τῆς
2408 1269 2737 1339 Ἐκκλησίας
2792 1272 3120 1345 περιφανῶς.
3160 1264 3311 1333 δίκην
3366 1263 3422 1317 δὲ
3474 1262 3610 1337 πρὸς

1968 1359 2234 1433 βασιλέως
2297 1361 2632 1433 ὑποσχόντες
2692 1359 3005 1432 ἀπαχθῆναι
3060 1357 3194 1429 πρὸς
3255 1355 3477 1408 πάππαν
3538 1352 3612 1412 ὡς

1961 1449 2027 1501 τά
2056 1449 2141 1501 καῖ
2174 1451 2239 1501 τά
2280 1448 2615 1520 πεισόμενοι.
2672 1449 2770 1503 Καὶ
2821 1444 3178 1517 παρεδίδοντο
3232 1439 3487 1517 πρέσϐεσι
3519 1439 3608 1493 καὶ

1965 1538 2260 1610 ἀπήγοντο.
2296 1541 2388 1607 Τῷ
2447 1536 2503 1591 δέ
2558 1542 2814 1591 τοσούτον
2844 1535 3096 1603 κολάζειν
3151 1532 3440 1605 ἐμέλησεν,
3475 1530 3612 1583 ὥστε

1963 1628 2051 1680 καὶ
2112 1626 2507 1694 ἐποικτίζεσθαι
2567 1627 2610 1680 εἰ
2670 1625 3008 1693 Ἐκκλησιῶν
3089 1621 3343 1696 μεγάλων
3422 1619 3611 1693 εἰρήνῃ

1966 1713 2220 1786 ἐμποδὼν
2274 1713 2542 1771 ἵστανται.
2608 1715 2704 1769 Καὶ
2764 1715 2879 1785 μεθ’
2934 1712 3266 1786 ἱλαρότητος
3322 1710 3500 1777 πάσης
3535 1711 3612 1775 τῷ

203 1805 297 1861 ἐπὶ
328 1803 575 1878 ψεύδεσιν
608 1803 958 1879 ἐγκληθέντες
1016 1802 1455 1877 ἀπολογούμενοι
1504 1802 1564 1856 ού
1598 1801 1861 1875 διαλύειν,
1894 1828 1941 1892 Β
1974 1803 2189 1879 βασιλεῖ
2236 1804 2663 1877 ἀντεπέμποντο,
2698 1804 2971 1873 ἀξιοῦντος
3030 1806 3126 1856 τοῦ
3169 1801 3362 1853 πάππα
3392 1799 3478 1852 καὶ
3518 1796 3615 1870 βει-

205 1893 356 1950 ἀλλά
386 1899 632 1964 συνιστᾷν
664 1894 726 1947 τὸ
758 1890 1012 1968 ἔγκλημα
1054 1898 1172 1953 τοῖς
1228 1889 1396 1945 εἰδόσι
1430 1888 1860 1966 διεγινώσκοντο.

207 1982 459 2058 ’Έμελλε
491 1981 549 2038 δὲ
576 1984 667 2038 καὶ
697 1988 859 2038 τοῦτο
889 1988 1006 2045 τοῖς
1050 1982 1425 2055 ταλαιπώροις
1457 1984 1575 2049 τῆς.
1622 1980 1863 2051 Ἐκκλη-

205 2073 327 2136 σίας
372 2072 652 2147 ἐσύστερον
713 2072 1031 2148 πρόσκομμ)
1089 2072 1246 2138 εἶναι,
1309 2069 1740 2145 ἐγκαλουμένοις
1786 2070 1859 2132 ὡς

200 2295 359 2350 tium
392 2294 738 2367 patriarcha
767 2292 981 2349 iterum
1011 2291 1258 2347 solemni
1310 2291 1422 2345 ritu
1457 2291 1721 2346 invectus
1753 2294 1863 2359 est,

200 2384 355 2439 Hinc
379 2386 503 2453 jam
536 2385 675 2439 data
703 2390 791 2439 est
821 2398 995 2453 Opera
1030 2380 1441 2436 concinnando
1491 2380 1707 2450 scripto
1747 2395 1863 2451 quo

203 2489 374 2545 paper
403 2474 479 2545 (is
511 2478 651 2528 tunc
684 2478 809 2528 erat
851 2471 1145 2539 Urbanus)
1196 2486 1375 2540 super
1425 2470 1716 2524 mandatis
1768 2485 1869 2539 per

200 2562 433 2633 legatos
485 2560 838 2617 renuntiatis
884 2560 1219 2615 satisfieret.
1255 2558 1418 2614 Hunc
1448 2557 1713 2613 libellum
1744 2565 1870 2613 stu-

202 2652 239 2706 d
252 2654 469 2706 uerunt
483 2650 799 2705 ambitiosa
813 2666 879 2705 su
890 2648 1040 2703 hscri
1051 2648 1207 2717 ption
1218 2664 1315 2702 um
1336 2664 1467 2719 pom
1480 2664 1551 2718 pa
1576 2663 1869 2703 commen-

210 2742 391 2809 dare;
442 2740 497 2793 in
536 2756 653 2811 quo
682 2737 902 2793 multos
934 2754 1036 2809 pro
1069 2737 1361 2808 episcopis
1415 2736 1719 2791 obtrusere
1769 2736 1870 2808 qui

210 2843 327 2883 nec
376 2826 630 2884 ordinati
681 2843 941 2898 unquam
1001 2826 1235 2881 fuerant
1265 2825 1325 2880 in
1359 2825 1540 2880 istum
1595 2826 1869 2897 gradum,

214 2934 324 2973 nec
376 2936 410 2972 a
463 2918 682 2989 quibus
735 2915 1268 2971 denominahantur
1326 2916 1470 2981 loca,
1500 2915 1871 2985 episcopatus

214 3004 460 3062 titulum
518 3004 756 3061 aliunde
814 3004 1143 3060 habuerant
1195 3019 1374 3074 quam
1415 3020 1449 3057 a
1490 3002 1736 3071 librarii,
1770 3002 1872 3074 qui

210 3096 507 3166 scriptum
552 3094 662 3151 hoc
712 3093 1008 3159 formavit,
1038 3109 1251 3160 manu;
1310 3108 1439 3163 qua
1488 3092 1661 3147 etiam
1714 3090 1874 3147 varia

210 3183 891 3281 peritia‘chirographos‘
932 3182 1246 3245 etﬁngendi
1276 3182 1347 3235 de
1378 3198 1484 3236 suo
1518 3180 1741 3235 addidit
1770 3197 1871 3281 no-
1899 3215 1943 3281 α

204 3273 373 3328 mina
393 3271 812 3344 plerorumque
834 3270 953 3325 illic
982 3271 1458 3341 subscriptorum
1482 3274 1762 3340 tanquam
1794 3268 1868 3323 ab

204 3362 359 3435 ipsis
402 3361 675 3417 videlicet
731 3361 944 3432 pcsita,
977 3376 1111 3415 eum
1169 3375 1403 3431 quoque
1447 3359 1505 3414 in
1554 3374 1866 3414 numerum

204 3468 535 3523 congerens
558 3449 818 3505 multose
835 3450 1020 3505 sacris
1044 3447 1386 3503 hominibus
1408 3447 1563 3503 fama
1584 3447 1867 3515 illustres,

208 3546 281 3596 ut
302 3544 468 3596 tanto
494 3540 711 3595 certius
745 3538 1198 3609 persuaderetur
1229 3537 1383 3607 quod
1418 3536 1718 3607 optabant.
1739 3539 1870 3591 Hac

210 3647 289 3686 an
320 3629 556 3685 conscio
584 3628 912 3700 patriarcha
941 3629 1026 3683 sic
1060 3632 1188 3682 acta
1232 3628 1368 3696 sint,
1394 3627 1551 3681 haud
1596 3625 1868 3698 equidem

212 3720 405 3775 habeo
428 3716 1210 3790 compertum.lmperatoris
1230 3715 1665 3771 aemulationem
1691 3716 1747 3771 in
1767 3716 1872 3770 hoc

212 3809 544 3882 quamdam
577 3807 764 3878 video,
799 3806 1115 3863 ambitiose
1146 3805 1337 3861 conati
1386 3821 1687 3877 exaequare
1737 3821 1871 3860 cum

216 3898 443 3953 Latinis
486 3914 578 3955 res
626 3896 892 3953 Ecclesia
924 3896 1276 3952 Gracorum.
1326 3894 1472 3949 Cum
1504 3894 1659 3950 enim
1692 3894 1748 3948 in
1782 3895 1873 3949 in-

212 3987 570 4043 strumentis
600 3987 755 4042 462
803 3984 1000 4040 allatis
1048 3988 1233 4040 Roma
1282 3984 1517 4039 sancita
1569 3982 1687 4038 illic
1737 3999 1871 4038 cum

212 4076 432 4132 Gracis
489 4077 815 4132 concordia
875 4073 1235 4131 densissima
1264 4072 1769 4128 subscribentium
1800 4072 1873 4128 iis

212 4166 635 4237 episcoporum
665 4166 907 4222 nomina
936 4164 1180 4219 vidisset
1212 4162 1421 4233 (crebri
1453 4162 1605 4219 enim
1640 4163 1783 4218 adeo
1814 4163 1874 4217 in

213 4255 340 4310 illis
384 4254 650 4327 partibus
706 4254 1083 4326 episcopatus
1133 4256 1294 4319 sunt,
1329 4258 1386 4306 ut
1418 4267 1620 4307 eorum
1646 4250 1876 4324 [synodi

212 4344 497 4416 plurimis
549 4359 701 4415 sape
761 4342 1047 4399 centuriis
1101 4342 1511 4413 episcoporum
1562 4342 1873 4412 constent),

212 4437 547 4507 imperator
568 4432 657 4489 vel
678 4434 751 4489 ad
775 4434 949 4488 ﬁdem
974 4436 1137 4487 tanto
1162 4430 1485 4503 pleniorem
1521 4431 1873 4500 faciendam,

211 4524 331 4591 vel,
368 4529 431 4579 ut
463 4523 601 4591 dixi,
629 4524 700 4578 ad
742 4521 1192 4578 ostentationem
1238 4520 1405 4591 quasi
1454 4520 1764 4589 cujusdam
1817 4521 1876 4574 in

1974 1892 2128 1947 σιλέα
2175 1894 2483 1965 ἀνθρώποις
2539 1891 2761 1947 δοκοῦσι
2816 1896 2912 1945 τοῦ
2961 1890 3237 1949 ἀσφαλοῦς
3299 1888 3617 1960 ἀντέχεσθαι

1970 1983 2088 2036 κατ’
2121 1978 2402 2037 εύλαϐειαν
2432 1982 2638 2055 ἱλαρῶς
2687 1981 2776 2035 καὶ
2830 1980 2989 2034 αὐτὸν
3049 1978 3468 2055 προσφέρεσθαι.
3515 1974 3618 2028 Ἢν

1974 2071 2063 2125 οὖν
2094 2070 2303 2142 ὁμοίως
2340 2071 2429 2126 καὶ
2477 2072 2544 2125 τά
2598 2075 2705 2124 τῶν
2765 2070 3105 2145 γραμμάτων
3161 2065 3372 2122 ἐκείνων
3408 2076 3624 2127 θωπευ-

1978 2291 2198 2347 aversis
2220 2309 2252 2348 a
2273 2292 2619 2363 requirendo
2643 2296 2968 2367 quidquam
2993 2294 3237 2350 ulterius
3259 2311 3290 2348 a
3312 2291 3622 2347 nobis.Ad-

1977 2380 2226 2435 debatur
2248 2382 2302 2435 in
2329 2384 2546 2452 scripto
2570 2385 2639 2438 ad
2657 2390 2978 2439 extremum
2999 2401 3011 2439 :
3035 2373 3130 2439 σ’Ξί
3151 2384 3283 2454 quis
3306 2382 3437 2436 huic
3460 2380 3621 2451 pacis

1977 2470 2341 2525 conventioni
2376 2488 2491 2525 non
2526 2472 3035 2545 obtemperabunt,
3066 2489 3164 2528 eos
3193 2471 3385 2543 dignis
3437 2468 3623 2541 pcnnis

1979 2559 2319 2615 afﬁciendos
2350 2560 2739 2617 decernimus.
2779 2586 2807 2613 ››
2841 2566 2977 2628 Qua
3007 2579 3153 2617 vana
3183 2564 3348 2615 erant
3391 2564 3623 2626 cuncta,

1980 2663 2085 2701 nec
2113 2646 2268 2702 ultra
2299 2647 2533 2703 inanem
2566 2650 2731 2718 quasi
2765 2651 2977 2706 somnii
3010 2649 3261 2722 speciem
3318 2647 3527 2713 solida,
3561 2662 3627 2700 eo

1979 2735 2214 2805 quidem
2247 2737 2540 2807 affectata,
2571 2743 2636 2793 ut
2665 2739 2962 2809 abjectum
3010 2737 3297 2794 mendacii
3332 2753 3397 2791 ac
3432 2741 3626 2791 trans-

1982 2825 2094 2879 acti
2126 2841 2239 2880 non
2277 2826 2431 2881 bona
2461 2826 2575 2881 fide
2606 2827 2786 2897 hujus
2817 2827 3035 2900 negotii
3065 2827 3281 2883 crimen
3315 2825 3626 2885 diluerent.

1982 2914 2082 2969 sed
2117 2930 2335 2979 revera,
2362 2916 2410 2970 si
2443 2915 2576 2987 quis
2608 2915 3019 2988 introspiceret
3048 2917 3283 2988 penitus
3314 2920 3373 2970 et
3402 2930 3522 2969 rem
3556 2914 3627 2967 ad

1982 3002 2274 3073 liquidum
2334 3011 2724 3074 pernosceret,
2767 3005 2908 3061 talia
2956 3023 3080 3077 qua
3132 3006 3306 3061 istius
3362 3003 3629 3075 ejusdem

1982 3092 2249 3148 criminis
2297 3109 2427 3150 reos
2473 3099 2818 3167 peragerent
2844 3111 2944 3151 eos
2966 3097 3125 3165 ipsos
3158 3095 3260 3167 qui
3289 3093 3437 3148 illud
3465 3098 3633 3149 tanta

1982 3196 2121 3236 cura
2152 3181 2536 3253 depellebant.
2569 3188 2857 3239 Caterum
2890 3185 3007 3240 hac
3040 3185 3098 3239 in
3130 3184 3392 3239 futurum
3444 3198 3631 3254 quon-

1985 3271 2120 3325 dam
2143 3271 2620 3328 criminationum
2636 3278 2983 3345 argumento
2995 3289 3047 3328 m
3063 3273 3451 3329 etvexationis
3463 3287 3632 3327 occa-

1984 3358 2210 3414 sionem
2251 3361 2480 3416 miseris
2526 3362 2939 3418 ecclesiasticis
2988 3379 3226 3418 cessura
3272 3366 3459 3424 erant,
3487 3359 3627 3415 olim

1985 3450 2335 3505 accusandis
2375 3450 2544 3521 quasi
2590 3452 2928 3507 orthodoxis
2959 3450 3273 3507 anathema
3305 3450 3625 3516 dixissent;

1985 3539 2155 3608 cujus
2178 3538 2258 3593 rei
2282 3539 2439 3594 velut
2468 3544 2649 3596 testes
2679 3541 2992 3597 certissimi
3024 3542 3111 3595 ha
3140 3545 3281 3596 tunc
3313 3540 3384 3594 ad
3418 3554 3629 3611 papam

1985 3627 2211 3697 scripta
2270 3628 2470 3684 littera
2523 3629 2839 3701 alleganda
2888 3635 3073 3686 erant.
3123 3632 3468 3701 Quanquam
3522 3627 3634 3682 illa

1986 3730 2117 3770 meo
2146 3716 2378 3787 quidem
2405 3718 2631 3789 judicio
2659 3736 2772 3775 non
2814 3736 2879 3775 eo
2926 3736 3122 3775 revera
3166 3719 3401 3789 scripta
3450 3732 3631 3772 sensu

1985 3810 2147 3872 sunt,
2172 3821 2346 3876 quem
2372 3806 2459 3861 vel
2492 3807 2550 3862 in
2586 3807 2839 3879 speciem
2873 3808 3256 3879 praferebant
3273 3805 3361 3862 vel
3391 3822 3636 3877 persua—

1986 3910 2119 3949 sum
2156 3899 2298 3949 tunc
2343 3895 2535 3950 Latini
2586 3895 2941 3963 habuerunt,
2976 3897 3179 3952 fucata
3211 3895 3505 3967 siquidem
3538 3911 3637 3963 per

1986 3985 2442 4040 assentationem
2488 3986 2559 4040 ad
2611 4002 2818 4058 papam
2853 3985 3172 4042 fuerantin
3205 3986 3457 4058 speciem
3517 3982 3637 4039 illic

1986 4072 2361 4143 placituram.

1989 4236 2074 4290 18.
2128 4237 2201 4291 De
2242 4238 2461 4306 [gnatio
2507 4243 2557 4293 et
2609 4238 2848 4307 Meletio,
2896 4242 2956 4293 ut
3002 4239 3053 4294 ii
3099 4238 3177 4294 ad

2693 4312 2931 4380 fuerint.

3224 4254 3429 4311 papam
3479 4235 3638 4292 missi

2059 4432 2175 4487 Nec
2202 4433 2461 4489 vicissim
2495 4450 2609 4489 non
2660 4434 2773 4505 ipsi
2825 4434 3014 4490 Latini
3060 4434 3343 4491 assentati
3376 4434 3545 4489 nobis
3574 4433 3633 4486 in

1990 4520 2099 4576 hoc
2155 4522 2387 4593 negotio
2444 4523 2712 4593 quadam
2772 4529 2932 4589 sunt,
2982 4530 3156 4595 prout
3208 4525 3265 4578 in
3311 4523 3521 4579 Meletii
3581 4526 3639 4577 et

216 4582 334 4671 hoc
366 4582 602 4684 quoque
650 4611 1007 4683 aqualitatis
1058 4582 1368 4665 Orientalis
1424 4582 1697 4664 Ecclesia
1745 4625 1879 4663 cum
1912 4582 1959 4643 Β
1992 4611 2199 4681 Ignatii
2230 4582 2409 4667 causa
2440 4582 2730 4684 apparuit.
2755 4613 2821 4668 Hi
2860 4582 3013 4684 quod
3048 4614 3201 4669 468
3236 4613 3405 4686 plane
3435 4629 3501 4667 ac
3532 4627 3638 4684 pa-

220 4704 507 4773 Occidua,
530 4702 704 4757 istam
724 4706 853 4756 turn
877 4700 1146 4755 adhibuit
1175 4697 1729 4769 multiplicationem
1751 4716 1883 4768 spe-

220 4796 448 4851 ciosam
473 4791 825 4847 nostratium
844 4789 1188 4862 prasulum.
1216 4788 1361 4843 Illud
1395 4788 1572 4843 etiam
1595 4787 1654 4842 in
1681 4788 1882 4843 eodem

218 4885 446 4954 scripto
476 4886 746 4937 curatum
778 4886 888 4948 est,
915 4884 981 4934 ut
1001 4879 1059 4933 in
1084 4877 1459 4950 expressione
1487 4877 1779 4948 dogmatis
1812 4877 1883 4931 de

219 4972 484 5044 Spiritus
514 4969 702 5027 sancti
732 4967 1105 5041 processione
1140 4983 1384 5022 numero
1417 4964 1638 5036 ingenti
1670 4981 1879 5037 conge-

216 5066 493 5118 rerentur
531 5058 699 5115 varia
757 5058 1146 5127 undecunque
1189 5072 1434 5111 corrasa
1484 5054 1722 5109 Patrum
1775 5070 1882 5109 no-

216 5158 483 5210 strorum
516 5150 862 5215 locutiones,
888 5147 1175 5203 aientium
1207 5150 1477 5201 sanctum
1504 5144 1787 5216 Spiritum
1814 5161 1881 5199 ex

216 5242 365 5299 Filio
393 5238 689 5314 profundi,
714 5236 980 5309 praeberi,
1005 5236 1153 5302 dari,
1177 5234 1646 5307 explendescere,
1664 5234 1880 5289 micare

212 5326 1179 5399 autostendi,similesque,quibus
1194 5323 1639 5381 accumulandis
1653 5323 1708 5376 id
1725 5322 1876 5379 clam

216 5417 751 5495 agebant,utquasi
767 5418 1083 5471 obruerent
1102 5412 1455 5485 procedendi
1474 5413 1757 5468 usitatum
1776 5412 1876 5468 La-

218 5511 359 5567 tinis
372 5509 644 5576 verbum,
669 5510 805 5561 etcu
818 5521 872 5559 m
890 5505 947 5559 id
962 5503 1213 5560 aliorum
1241 5503 1491 5559 istorum
1514 5502 1757 5557 obtentu
1791 5507 1874 5557 te-

220 5597 661 5673 geretur,tacite
679 5596 1049 5666 abrogarent,
1064 5595 1194 5666 ejus
1207 5590 1597 5649 assertoribus
1613 5591 1727 5647 ista
1740 5607 1872 5663 pro-

222 5693 479 5748 latorum
502 5706 536 5744 υ.
556 5686 773 5743 nostris
788 5685 848 5740 in
869 5684 1120 5757 speciem
1153 5680 1656 5756 aquipollentium
1677 5682 1872 5755 specie

1988 4700 2106 4754 lam
2132 4716 2193 4754 se
2224 4700 2517 4756 abscissos
2557 4702 2629 4755 ab
2670 4700 2926 4758 Ecclesia
2958 4704 3238 4771 ferebant,
3269 4700 3531 4757 damnati
3563 4701 3637 4756 ab

1988 4788 2342 4860 imperatore
2386 4806 2451 4844 ac
2499 4790 2681 4844 dediti
2736 4796 2902 4861 Papa
2961 4796 3122 4857 sunt,
3162 4790 3439 4863 gravibus
3471 4791 3543 4845 ab
3571 4805 3637 4845 eo

1988 4878 2258 4933 videlicet
2288 4879 2575 4934 multandi
2608 4880 2830 4950 pmnis;
2882 4882 2955 4937 ad
2998 4884 3173 4954 idque
3206 4881 3635 4937 revertentibus

1991 4967 2235 5023 Romam
2269 4968 2468 5023 traditi
2502 4968 2700 5040 legati,
2732 4986 2797 5025 eo
2830 4971 3068 5027 demum
3101 4972 3383 5043 perducti.
3419 4974 3634 5026 Verum

1989 5060 2224 5111 tantum
2252 5057 2439 5120 abfuit
2462 5064 2526 5113 ut
2546 5058 2629 5113 eis
2653 5059 2904 5130 pontifex
2931 5059 3121 5115 ullum
3153 5059 3511 5132 supplicium
3529 5059 3635 5113 de-

1989 5153 2269 5215 cerneret,
2300 5153 2365 5203 ut
2398 5148 2551 5205 ultro
2594 5149 2909 5207 miseratus
2958 5152 3119 5223 ipsos
3169 5152 3264 5221 sit,
3296 5150 3450 5223 quod
3482 5150 3635 5204 invi-

1989 5238 2155 5294 diosa
2184 5238 2518 5309 suspicione
2542 5246 2943 5311 gravarentur,
2967 5240 3135 5311 quasi
3166 5241 3401 5297 obstare
3422 5238 3639 5296 vellent

1988 5344 2059 5382 ne
2087 5328 2239 5383 inter
2269 5344 2515 5399 magnas
2563 5328 2849 5385 Ecclesiae
2882 5347 2992 5401 pax
3024 5330 3396 5386 stabiliretur.
3434 5332 3637 5400 Itaque

1986 5434 2121 5473 cum
2153 5418 2311 5473 omni
2345 5418 2776 5490 signiﬁcatione
2824 5420 3244 5476 benevolentia
3273 5419 3506 5476 remissi
3540 5419 3634 5474 adi

1984 5506 2420 5578 imperatorem,
2488 5510 2664 5563 etiam
2741 5510 3256 5566 commendatitias
3315 5526 3348 5565 a
3401 5525 3554 5582 papa
3607 5524 3638 5563 e

1982 5594 2386 5666 reddiderunt,
2411 5596 2631 5668 quibus
2661 5593 2759 5652 ille
2792 5599 3109 5670 rogabatur
3134 5604 3197 5655 ut
3217 5599 3486 5655 homines
3509 5598 3636 5655 sine

1980 5700 2161 5743 causa
2185 5690 2515 5760 suspectos,
2542 5689 2597 5743 et
2631 5685 2734 5759 qui
2764 5687 3109 5747 viderentur
3138 5702 3355 5751 rectam
3382 5697 3441 5749 et
3470 5702 3645 5753 secu'
