4210 6448
591 341 698 397 923

1894 350 2196 407 GEORGII
2235 351 2474 406 PACHY
2481 352 2697 406 MRRE

3894 340 4007 396 924

590 466 735 533 τικά,
768 462 954 527 ἄλλως
982 460 1271 539 προϐάσης
1306 467 1382 531 ὡς
1409 467 1656 531 πολλοὺς
1687 467 1883 526 εἰδέναι
1914 477 2014 540 τῆς
2060 471 2232 542 ὶκκη-
2264 480 2313 543 Α
2348 472 2610 545 ζομένων,
2652 471 2799 539 πλὴν
2856 469 2939 525 ἐπ’
2994 468 3261 546 ἀσφαλείᾳ
3316 470 3651 545 περιφανεῖς,
3690 466 3765 519 ὦν
3816 465 3899 526 εἷς
3930 464 4001 531 ἦν

594 552 811 623 ρύξεως.
875 553 1099 622 Ἐπειδή
1150 554 1254 629 γὰρ
1302 577 1443 619 τινες
1491 562 1599 611 τῶν
1649 564 1914 634 περιττῶν
1965 560 2054 615 καὶ
2088 559 2244 614 εὐκό-

592 638 725 709 λων,
759 643 842 704 οἷς
871 639 988 697 οὐδ’
1018 643 1082 710 ἦν
1113 644 1176 697 τὸ
1227 646 1477 718 παράπαν
1537 644 1727 701 εἶδὲναι
1776 649 1840 702 τὰ
1870 655 1969 717 τῆς
2008 647 2243 718 Ἐκκλη-

592 730 711 793 σίας
766 735 870 784 τῶν
931 731 1180 799 Ἰταλῶν,
1223 729 1347 787 οὔτε
1409 735 1514 805 μὴν
1574 736 1665 789 καὶ
1726 736 1933 809 ἀξιοῦσι
1993 738 2240 807 ξυνιέναι,

592 818 667 879 ὡς
696 817 866 873 πάλαι
897 820 1028 874 ποτὲ
1056 821 1191 889 ἦσαν
1226 821 1276 875 ἐν
1314 823 1555 895 πρώτοις
1588 824 1863 897 ἡνωμένοι
1909 831 2016 880 τῶν
2051 824 2236 880 ἄλλων

590 905 780 975 πλέον,
813 907 907 962 κάν
939 930 991 963 τι
1024 912 1296 982 συμπεσὸν
1347 912 1617 985 παρέλυσε
1662 915 1754 969 τὸν
1810 912 2033 988 δεσμὸν,
2087 914 2241 986 ὅμως

594 993 651 1050 δὲ
700 996 866 1050 πάλιν
918 998 1331 1071 ἀπαράθραυστα
1378 1003 1630 1073 μὲνουσιν
1676 1006 1812 1074 ἡμῖν
1862 1025 1920 1058 τε
1967 1003 2240 1064 κάκείνοις

592 1083 658 1137 τὰ
685 1089 781 1138 τοῦ
813 1091 1246 1160 Χριστιανισμοῦ
1280 1092 1551 1165 μυστήρια
1572 1135 1585 1159 ,
1617 1092 1690 1153 ὡς
1743 1090 1912 1164 μηδὲν
1942 1113 2242 1168 παρεγχει-

597 1178 708 1245 ρεῖν
740 1171 957 1246 τολμᾷν
988 1197 1138 1237 τινας
1192 1177 1275 1231 ἑοὶ
1332 1200 1390 1232 τε
1440 1179 1692 1252 τελεσμῷ
1751 1181 2123 1256 βαπτίσματος
2154 1181 2242 1237 καὶ

596 1262 863 1338 ἱερωσύνῃ
922 1266 1008 1319 καὶ
1069 1266 1231 1340 γάμῳ
1282 1269 1373 1322 καὶ
1432 1274 1707 1344 μοναχικῆ
1776 1271 2093 1327 καταστάσει
2153 1273 2239 1326 καὶ

590 1357 707 1414 τοῖς
733 1351 951 1415 λοιποῖς
983 1357 1064 1416 οἷς
1098 1353 1198 1429 ἄρα
1235 1358 1325 1411 καὶ
1357 1360 1390 1426 ἡ
1425 1358 1689 1428 καθολική
1733 1360 1822 1415 καὶ
1880 1360 1977 1432 μία
2009 1359 2246 1430 Ἐκκλη-

593 1440 682 1495 σία
710 1440 838 1503 τοὺς
888 1442 1055 1512 αὐτῆς
1107 1445 1347 1501 ἐπιτελεῖ
1401 1448 1732 1525 τροφίμους,
1788 1449 1914 1505 ἀλλ’
1947 1448 2125 1520 ὥσπερ
2184 1449 2215 1503 ἃ

592 1529 650 1584 ἐκ
704 1528 863 1601 δρυὸς
896 1531 930 1600 ἢ
964 1532 1069 1587 ἀπὸ
1128 1533 1333 1611 πέτρης
1392 1538 1631 1611 ἀρχῆθεν
1685 1540 1843 1607 ἦσαν,
1908 1536 2076 1611 μηδὲν
2136 1543 2244 1595 τῶν

591 1623 709 1679 τοῖς
760 1621 1107 1695 Χριστιανοῖς
1162 1623 1473 1693 ἀνηκόντων
1537 1625 1739 1689 εἰδότες
1788 1627 1877 1682 καὶ
1938 1625 2025 1682 διὰ
2080 1632 2248 1682 ταῦτα

594 1706 832 1769 ἐκείνους
912 1709 1158 1772 ἐκτόπως
1236 1713 1749 1788 ἀποστρεφόμενοι,
1818 1718 1906 1771 καὶ
1968 1718 2034 1771 τὰ
2103 1719 2247 1791 παρά

2348 561 2439 616 καὶ
2484 563 2511 616 6
2561 560 2612 615 ἐν
2660 565 2963 636 Φρυγανοῖς
3024 557 3274 619 Ἀκάκιος
3331 555 3421 610 καὶ
3461 557 3489 610 6
3525 555 3776 628 μαθητὴς
3834 553 4005 607 αὐτοῦ

2350 651 2622 725 Γερμανὸς
2680 650 2770 704 καὶ
2829 647 3016 704 λοιποὶ
3072 646 3366 716 πλεῖστοι,
3439 645 3529 699 καὶ
3605 644 3769 715 μέσον
3817 642 4003 696 αὐτῶν

2345 736 2583 809 ἵσταται,
2616 736 2707 791 καὶ
2756 735 3106 801 ’καθικετεύει
3160 734 3218 790 ἐκ
3266 738 3374 788 τῶν
3427 731 3753 807 ’ἰχνηλάτου
3812 735 4005 803 Παρα-

2351 821 2739 900 ϐολικῶν,τοῦ
2792 828 2865 899 μή
2928 819 3229 897 προλαϐεῖν
3285 821 3411 884 τοὺς
3468 820 3874 893 ἐπιτιθεμένους
3906 820 4007 890 ἀρ-

2350 916 2616 991 γούντων,
2684 916 2757 977 ὡς
2812 914 2903 969 καὶ
2962 912 3213 976 πολλοὺς
3275 910 3635 985 μνημονεύειν
3674 951 3690 976 ,
3748 908 3888 963 κατᾶ
3937 907 4002 961 τὸ

2350 1004 2663 1079 πρόσωορον
2708 1000 3261 1077 προοιμιασάμενος,
3325 1006 3399 1074 μὴ
3476 996 3725 1071 παριδεῖν
3809 994 4007 1051 κινδυ-

2349 1104 2605 1149 νεύουσαν
2660 1095 2758 1161 τὴν
2814 1094 3106 1169 Θρησκείαν
3142 1138 3157 1161 ,
3228 1089 3369 1163 μηδὲ
3427 1092 3677 1164 σχήματι
3726 1080 4009 1145 εὐσεϐείας

2350 1180 2722 1255 προδιδόμενοι
2751 1182 2818 1236 τά
2845 1181 3002 1254 τίμια
3032 1181 3161 1255 παρ’
3208 1176 3360 1233 οὐδὲν
3403 1176 3665 1247 τίθεσθαι,
3700 1172 3829 1228 ἀλλ’
3859 1172 4009 1244 ἀμύ-

2349 1292 2457 1325 νειν
2518 1271 2677 1325 παντὶ
2728 1271 2920 1345 τρόπῳ
2974 1275 3097 1330 τοῖς
3152 1275 3252 1335 τῆς
3307 1262 3641 1334 Ἐκκλησίας
3704 1264 3767 1335 [Ρ
3800 1304 3811 1313 .
3876 1262 4007 1334 318]

2352 1363 2599 1433 θεσμοῖς.
2633 1361 2785 1414 Εἶναι
2835 1359 2935 1435 γάρ
2987 1357 3237 1433 μεγάλην
3287 1357 3464 1426 ἀνίαν,
3515 1356 3582 1423 ἢν
3637 1350 3726 1406 διά
3779 1372 3831 1405 τι
3861 1371 4007 1426 παρ-

2352 1457 2646 1527 εισφρῆσαν
2680 1450 2797 1503 κατ’
2830 1449 3153 1521 οἰκονομίαν
3205 1450 3313 1502 τῶν
3369 1446 3444 1518 μὴ
3506 1445 3776 1512 συνήθων,
3831 1440 4009 1514 ἀνάγ-

2350 1560 2453 1609 κης
2513 1538 2956 1615 παραπεσούσης,
3015 1536 3168 1591 αὐτοὶ
3225 1542 3325 1604 τῆς
3376 1531 3711 1602 Ἐκκλησίας
3768 1531 4016 1585 ἀποστα-

2350 1633 2565 1690 τοῦντες
2601 1627 2710 1703 οὐχ
2739 1626 2888 1691 ὅπως
2918 1630 2977 1682 τὸ
3044 1627 3119 1698 μὴ
3182 1622 3377 1679 δοκοῦν
3439 1620 3801 1700 φυλάττοιντο
3862 1618 4017 1694 σφίσι

2351 1720 2466 1773 καθ’
2523 1718 2763 1788 αὑτοὺς,
2824 1716 2969 1772 ἀλλά
3037 1716 3124 1770 καὶ
3183 1713 3387 1786 νόμους
3442 1710 3772 1780 Ἐκκλησίας
3829 1728 4017 1782 παρα-

590 1819 710 1860 τοις
754 1800 1065 1907 ἡμετέροις,
1094 1797 1492 1908 ἐϐδελύσσρντο
1548 1805 1676 1881 ἅγια
1717 1804 1807 1860 καί
1855 1811 2127 1878 κρημνοῖς
2156 1805 2245 1859 καὶ
2281 1844 2327 1908 Β
2359 1808 2504 1863 Αύειν
2535 1804 2814 1879 τολμῷεν,
2866 1807 2939 1859 ὧν
2966 1810 3085 1867 τοῖς
3142 1803 3499 1876 τολμήμασιν
3530 1800 3584 1855 ἓν
3623 1800 3787 1873 μόνον
3845 1799 4017 1851 κακὸν

602 1906 654 1908 *Α
677 1907 685 1908 κ
819 1892 840 1903 ν
1276 1892 1288 1908 'I
1340 1892 1350 1908 1
1537 1894 1550 1908 ο
1745 1892 1787 1908 δι
1889 1889 1915 1908 Ἰ
2111 1894 2121 1908 1
2360 1898 2378 1908 ι
2435 1897 2444 1908 ι
2632 1897 2644 1908 ι
2741 1898 2754 1908 ι
3065 1893 3111 1908 ’μ
3255 1895 3268 1908 ο
3378 1901 3385 1908 .
3500 1895 3522 1907 ν
3604 1891 3666 1908 σΙΛ
3942 1886 3957 1908 1

594 1892 867 1959 ποταμοῖς
896 1888 987 1942 καὶ
1037 1886 1214 1964 ὄρεσιν
1272 1889 1487 1946 ἐδίδουν
1522 1894 1596 1956 ὡς
1658 1892 1826 1967 μηδὲν
1887 1889 2015 1949 ὄντα
2069 1894 2248 1966 τίμια,

594 1976 874 2032 κάντεῦθεν
934 1976 1177 2034 ἐκώλυον
1238 1982 1303 2035 τά
1358 1989 1459 2051 τῆς
1513 1982 1747 2047 πίστεως
1780 2027 1794 2052 ,
1878 1979 2248 2057 ἀναλαμϐάνει

601 2062 769 2133 ζῆλον
817 2067 844 2120 6
889 2065 1166 2141 βασιλεὺς,
1225 2069 1315 2125 καὶ
1372 2072 1576 2134 πάντας
1628 2071 1955 2136 ἐπισκόπους
2011 2093 2249 2147 προσκα-

599 2150 775 2209 λεῖται
821 2156 911 2210 καὶ
971 2158 1251 2233 μοναχοὺς
1274 2203 1287 2229 ,
1338 2156 1448 2215 ἔστι
1482 2159 1529 2216 δ’
1561 2163 1622 2216 οὗ
1653 2163 1742 2219 καὶ
1771 2184 1923 2225 τινας
1953 2168 2059 2218 τῶν
2121 2182 2249 2237 σχι-

603 2394 729 2434 ram
780 2377 1081 2450 religionis
1128 2379 1281 2437 viam
1330 2381 1626 2450 insistere,
1672 2382 1884 2439 blande
1932 2383 2058 2455 ipse
2106 2399 2253 2454 quo-

603 2484 716 2539 que
746 2484 812 2523 ac
841 2468 1181 2525 humaniter
1234 2470 1525 2543 exciperet
1555 2473 1711 2544 apud
1766 2489 1945 2543 seque
1992 2473 2251 2529 haberet.

606 2556 679 2613 Ut
700 2557 821 2614 hac
852 2575 1024 2630 porro
1056 2561 1439 2617 assentatorie
1471 2561 1801 2633 agebantur
1829 2566 1887 2617 et
1915 2562 2253 2618 scribeban-

605 2650 703 2702 tur
731 2663 800 2702 ex
830 2652 993 2718 parte
1014 2649 1376 2719 Latinorum,
1402 2651 1487 2708 sic
1509 2656 1679 2709 erant
1698 2657 1756 2709 et
1778 2651 1913 2721 illa,
1934 2669 2084 2725 quas
2113 2651 2253 2721 dixi,

607 2752 640 2791 a
662 2735 875 2792 nostris
897 2738 967 2792 ad
992 2754 1203 2811 papam
1237 2740 1386 2795 data
1419 2741 1626 2797 littera
1658 2759 1775 2798 non
1807 2746 2074 2814 expertes
2104 2743 2255 2799 adu-

604 2823 793 2880 latorii
855 2826 991 2896 fuci,
1024 2831 1368 2900 proﬁtentes
1418 2831 1688 2887 videlicet
1736 2848 1840 2887 nec
1890 2832 2077 2887 ullum
2129 2833 2255 2901 jam

606 2915 844 2986 agnosci
874 2917 975 2987 qui
1009 2917 1242 2975 Latinos
1270 2925 1372 2975 aut
1402 2921 1475 2977 iis
1507 2921 1873 2977 adharentes
1897 2939 1999 2994 pro
2021 2938 2258 2978 excom-

606 3004 926 3062 municatis
1004 3007 1265 3079 haberet,
1327 3016 1385 3065 et
1431 3011 1481 3066 si
1536 3014 1671 3084 quis
1727 3012 1785 3066 in
1840 3017 2141 3082 posterum
2197 3011 2257 3066 id

604 3094 820 3150 audere
870 3096 1259 3169 detegeretur,
1294 3098 1452 3155 haud
1510 3100 1751 3172 impune
1807 3100 2091 3171 laturum,
2123 3117 2258 3156 cum

602 3190 803 3241 tamen
854 3185 1059 3243 multis
1089 3192 1290 3244 notum
1324 3195 1479 3246 esset
1510 3208 1625 3246 non
1657 3192 1859 3247 deesse
1889 3191 1987 3262 qui
2017 3191 2097 3247 ita
2127 3208 2258 3247 sen-

2360 1897 2560 1966 λείπει,
2592 1897 2654 1952 τὸ
2690 1898 2763 1968 μή
2800 1893 3189 1971 χριστιανίζειν
3249 1895 3569 1966 ὁμολογεῖν.
3604 1891 3762 1944 Ὥστε
3811 1886 4020 1962 παρόν-

2359 2006 2451 2048 τος
2477 1984 2677 2040 τούτου
2710 1986 2867 2061 ἰσχὺν
2923 1985 3053 2046 τοὺς
3109 1983 3561 2059 ἀναχαιτίσοντας
3616 1974 3766 2055 ἔχειν
3793 1977 3875 2050 τῷ
3909 1977 4019 2031 ἀπὸ

2357 2081 2458 2144 τῆς
2492 2073 2820 2146 Ἑκκλησίας
2852 2073 3055 2146 δεσμῷ,
3090 2074 3169 2149 ἐφ’
3199 2074 3245 2145 ᾧ
3275 2073 3310 2142 ἢ
3337 2071 3426 2127 καὶ
3456 2067 3610 2125 αὖτοί
3642 2066 3747 2123 δέει
3776 2065 4020 2144 ληφθέν-

2358 2184 2446 2227 τες
2477 2164 2819 2240 ἀπόσχοιντο
2856 2169 2958 2219 τοῦ
3014 2164 3153 2219 κατά
3204 2167 3313 2217 τῶν
3374 2158 3527 2215 ΐδίων
3583 2157 3913 2232 σπλάγχνων
3955 2155 4022 2209 τὸ

2363 2400 2512 2441 cere.
2560 2389 2693 2441 Hac
2750 2400 2884 2441 cum
2933 2383 2991 2438 in
3039 2396 3275 2453 gravem
3308 2396 3373 2435 ac
3404 2377 3793 2451 perniciosam
3846 2374 4025 2430 Chri-

2364 2474 2568 2530 stiana
2626 2474 2761 2529 fidei
2820 2472 3072 2545 grassari
3130 2468 3631 2543 perturbationem
3694 2468 4025 2537 imperator

2364 2568 2645 2629 cerneret,
2668 2563 2788 2620 zelo
2820 2580 2922 2636 pro
2951 2561 3301 2634 indignitate
3332 2559 3415 2615 rei
3445 2562 3771 2630 assumpto,
3804 2572 4018 2612 omnes

2365 2656 2437 2710 ad
2470 2670 2532 2709 se
2561 2670 2695 2709 cum
2722 2653 3026 2726 episcopos
3074 2656 3202 2707 tum
3248 2648 3568 2706 monachos
3625 2649 3927 2712 convocat,
3962 2648 4024 2699 et

2364 2743 2424 2798 in
2457 2744 2550 2798 his
2583 2743 2869 2816 quosdam
2903 2742 2962 2797 in
2993 2744 3158 2813 parte
3187 2738 3699 2796 schismaticorum
3730 2734 4027 2800 illustres,

2367 2833 2505 2887 data
2551 2832 2696 2903 ipsis
2744 2832 2814 2886 ad
2864 2831 2974 2886 hoc
3033 2828 3364 2885 securitate.
3399 2826 3619 2883 Horum
3677 2841 3832 2879 unus
3896 2827 4031 2878 erat

2366 2922 2613 2977 Acacius
2644 2920 3106 2992 Phryganorum,
3139 2917 3287 2973 alter
3329 2916 3458 2987 ejus
3505 2912 3835 2985 discipulus
3880 2911 4033 2967 Ger-

2369 3028 2604 3077 manus,
2638 3026 2891 3081 cumque
2922 3008 3014 3064 his
3046 3006 3146 3063 alii
3177 3021 3413 3079 quoque
3469 3002 3731 3076 plurimi.
3766 3001 4034 3057 Istorum

2370 3101 2429 3156 in
2453 3116 2730 3157 consessu
2763 3103 3109 3155 cunctorum
3142 3097 3375 3153 medius
3400 3094 3719 3165 imperator
3739 3090 3930 3146 oravit
3961 3107 4037 3145 ex

2374 3188 2681 3245 Ichnelata
2740 3187 3116 3253 Parabolicis,
3156 3186 3329 3255 cujus
3381 3182 3513 3239 libri
3544 3186 3602 3237 et
3630 3180 3743 3237 loci
3792 3181 3866 3235 ad
3919 3178 4038 3234 hoc

599 3273 779 3330 tirent
808 3278 866 3331 et
897 3275 1091 3347 palam
1121 3278 1436 3335 anathema
1466 3280 1724 3336 dicerent
1769 3240 2260 3353 amplectentibus
2293 3240 2337 3308 Ο
2373 3240 3271 3351 temwp'usopportuniplerosque
3292 3275 3556 3345 ipsorum
3581 3269 3869 3326 recordari
3896 3285 4041 3324 con-

604 3379 832 3435 pacem.
867 3364 1045 3421 Erant
1095 3366 1153 3431 hi
1205 3385 1639 3440 supervacanee
1670 3370 1889 3426 morosi
1919 3370 2163 3441 quidam
2208 3373 2265 3424 et

607 3452 875 3509 delicatis
905 3456 1305 3526 superstitiosi
1337 3457 1607 3521 fastidiis,
1630 3460 1731 3530 qui
1754 3476 1890 3515 cum
1914 3464 1971 3515 et
1993 3458 2263 3514 funditus

607 3542 948 3614 ignorarent
984 3548 1041 3600 et
1089 3544 1312 3601 discere
1361 3564 1479 3603 non
1529 3553 1803 3604 curarent
1852 3565 1945 3604 res
1995 3546 2263 3603 Ecclesia

613 3631 976 3701 Latinorum,
1003 3637 1067 3688 ut
1086 3634 1359 3690 videlicet
1387 3652 1521 3691 cum
1546 3637 1620 3693 iis
1642 3636 1783 3692 olim
1807 3637 1864 3691 in
1888 3636 2267 3708 dogmatibus

609 3721 1026 3793 mysteriisque
1044 3724 1356 3796 praecipuis
1380 3725 1467 3781 vel
1489 3726 1755 3782 omnium
1789 3727 1996 3781 intime
2022 3727 2266 3797 conjun-

609 3811 685 3866 cti
716 3814 930 3869 Gracis
960 3813 1233 3886 fuissent,
1267 3816 1378 3873 etsi
1424 3818 1621 3873 nescio
1670 3817 1813 3889 quid
1859 3818 2071 3873 deinde
2121 3816 2267 3873 inci-

611 3902 757 3957 dens
787 3901 933 3958 illud
966 3905 1223 3977 antiqua
1269 3907 1591 3963 concordia
1622 3907 1926 3964 vinculum
1972 3906 2271 3979 paulisper

608 3990 903 4048 relaxasse
924 3993 1116 4050 visum
1140 4000 1316 4063 esset,
1338 4000 1538 4053 tamen
1562 3997 1739 4053 etiam
1768 4003 1975 4069 postea
1992 3997 2271 4053 inviolata

612 4082 1007 4154 permanserit
1064 4086 1344 4158 utrinque
1404 4086 1712 4143 consensio
1764 4087 1824 4141 in
1880 4087 1994 4142 ﬁde
2043 4103 2108 4142 ac
2158 4103 2268 4142 usu

613 4170 953 4243 capitalium
1013 4174 1453 4231 Christianismi
1513 4181 2045 4245 sacramentorum,
2078 4178 2160 4232 ita
2206 4180 2271 4232 ut

614 4261 886 4317 neutrubi
908 4263 1232 4335 quidquam
1259 4269 1477 4321 temere
1498 4270 1852 4322 attentatum
1877 4266 2111 4338 publico
2130 4283 2269 4322 con-

614 4350 755 4416 silio
797 4351 973 4407 fuerit
1020 4354 1177 4410 circa
1210 4355 1391 4410 ritum
1425 4355 1822 4427 baptismatis,
1852 4357 2270 4422 sacerdotium,

618 4440 1085 4511 matrimonium,
1116 4444 1512 4500 monasticum
1536 4450 1782 4513 statum,
1808 4450 1862 4501 et
1884 4446 2112 4516 reliqua
2143 4462 2271 4517 my-

615 4530 796 4585 steria
826 4530 1043 4601 quibus
1075 4549 1193 4588 una
1223 4538 1280 4588 et
1308 4533 1598 4590 catholica
1629 4534 1889 4591 Ecclesia
1945 4551 2087 4590 suos
2142 4534 2271 4589 alu-

2367 3368 2604 3432 ﬁdebat,
2636 3384 2710 3423 ne
2751 3367 2947 3439 potius
2980 3364 3225 3420 mallent
3251 3379 3419 3419 ruere
3451 3361 3775 3417 imitatione
3809 3359 4031 3431 prafe-

2368 3456 2716 3513 stinantium
2750 3454 3130 3527 impatienter
3149 3454 3208 3508 in
3232 3451 3506 3523 negotiis,
3532 3465 3707 3522 quam
3742 3447 4035 3503 adbibere

2368 3546 2781 3603 cunctatricem
2815 3544 3203 3601 cessationem
3235 3542 3502 3598 dantium
3535 3538 3794 3611 spatium
3829 3553 4036 3609 perco-

2370 3636 2613 3707 quenda
2636 3634 2961 3691 maturitati
2985 3638 3307 3705 captorum
3330 3631 3486 3687 lente
3504 3627 3946 3701 proficientium
3968 3627 4030 3680 in

2370 3742 2683 3783 successus
2706 3741 2887 3781 seros.
2910 3723 3001 3778 Sic
3031 3738 3362 3779 sermonem
3392 3719 3721 3791 ingressus,
3748 3716 4031 3771 obsecra-

2370 3816 2451 3872 vit
2475 3820 2719 3871 cunctos
2749 3813 2848 3885 qui
2878 3813 3139 3878 aderant,
3166 3826 3238 3865 ne
3269 3808 3611 3880 religionem
3658 3804 4038 3876 despicerent

2372 3905 2820 3978 periclitantem,
2854 3920 2995 3960 neve
3025 3900 3196 3958 otiosi
3245 3901 3468 3969 absque
3521 3895 3843 3953 auxiliandi
3879 3910 4033 3949 cura

2371 3998 2564 4053 videre
2584 3995 2961 4061 sustinerent,
2985 3995 3125 4049 dum
3151 3990 3345 4063 specie
3378 3988 3617 4061 pietatis
3646 3985 4041 4042 sanctissima

2372 4103 2619 4160 quaque
2649 4086 3053 4158 proderentur.
3085 4083 3188 4138 Cui
3234 4081 3393 4138 enim
3446 4082 3603 4134 recte
3650 4093 3790 4148 erga
3831 4074 4041 4130 Eccle-

2373 4177 2521 4234 siam
2556 4176 2758 4232 affecto
2790 4191 2901 4230 non
2936 4189 3167 4246 gravem
3212 4184 3522 4225 marorem
3591 4166 3796 4222 afferat
3844 4168 4037 4219 certo-

2373 4284 2503 4323 rum
2535 4265 2842 4322 hominum
2874 4260 3183 4319 temeraria
3212 4258 3525 4333 protervis,
3558 4256 3658 4329 qui
3696 4272 3811 4311 non
3849 4254 4043 4309 feren-

2373 4362 2461 4412 tes
2519 4355 2718 4411 induci
2778 4352 3082 4425 quidpiam
3140 4350 3201 4406 in
3258 4364 3430 4405 usum
3492 4350 3700 4420 prater
3757 4342 4034 4412 solitum,

2374 4461 2711 4517 quanquam
2743 4460 2811 4499 ea
2840 4447 2896 4499 et
2925 4456 3169 4497 summa
3200 4438 3283 4494 rei
3316 4437 3463 4493 nihil
3494 4452 3733 4503 nocens,
3762 4448 4040 4488 necessa-

2378 4535 2482 4591 riis
2511 4533 2911 4589 incidentibus
2940 4530 3135 4586 causis
3159 4546 3262 4601 per
3288 4529 3635 4599 prudentem
3687 4538 4036 4580 accommo-

616 4636 787 4675 mnos
847 4620 1080 4677 initiare
1128 4623 1448 4679 consuevit.
1503 4623 1671 4690 Cum,
1725 4625 1990 4696 inquam,
2041 4625 2101 4679 hi
2154 4641 2270 4680 non
2303 4604 2347 4669 Ῐ)
2380 4624 2677 4681 dationem
2711 4623 2860 4678 facta
2890 4619 3186 4676 innovatio
3218 4616 3414 4683 fuerit,
3449 4612 3848 4686 erumpuntin
3880 4610 4042 4665 feros

617 4708 804 4781 magis
830 4709 1036 4766 horum
1070 4712 1393 4783 quidquam
1418 4729 1545 4784 qua
1566 4713 1625 4767 in
1649 4713 2119 4769 Christianorum
2146 4714 2268 4782 jam

616 4799 756 4854 olim
790 4802 947 4857 464
977 4803 1278 4874 republica
1308 4806 1691 4861 versabantur
1738 4809 1939 4860 notum
1996 4805 2275 4860 haberent

619 4906 799 4961 quam
834 4890 881 4946 si
918 4892 1119 4963 querei
1172 4893 1405 4963 stipites
1437 4898 1538 4949 aut
1567 4892 1809 4965 lapidea
1841 4893 2024 4950 moles
2054 4898 2275 4960 essent,

618 4994 685 5035 ea
715 4978 845 5051 ipsa
873 4980 1207 5053 ignorantia
1236 4983 1296 5038 in
1328 4983 1783 5055 superciliosum
1832 4982 1969 5039 elati
2015 4988 2273 5040 contem-

618 5073 786 5141 ptum
818 5086 952 5125 cum
1001 5073 1241 5128 Latinos
1289 5073 1446 5144 ipsos
1492 5073 1986 5146 impotentissime
2045 5089 2274 5129 aversa-

621 5158 862 5227 bantur,
893 5164 1022 5217 tum
1054 5167 1255 5219 nostra
1280 5163 1548 5236 ipsorum
1603 5179 1770 5219 sacra
1813 5167 1946 5235 post
1985 5163 2275 5219 sancitam

621 5264 847 5319 pacem,
882 5250 1048 5322 quasi
1080 5252 1444 5309 admissione
1476 5253 1890 5324 consortioque
1937 5252 2276 5308 Latinorum

624 5338 930 5409 profanata
985 5340 1346 5414 pollutaque,
1397 5359 1513 5399 non
1566 5344 1920 5399 verebantur
1969 5341 2277 5407 exsecrari,

623 5430 904 5487 devovere
934 5432 1101 5502 diris,
1129 5439 1186 5491 et
1216 5435 1367 5507 (qua
1397 5438 1567 5491 erant
1594 5433 1954 5506 blasphema
2010 5434 2277 5507 ipsorum

622 5522 815 5594 voces)
835 5523 1171 5597 pracipitiis
1191 5542 1258 5582 ac
1277 5526 1475 5583 ﬂuviis
1488 5530 2040 5599 praruptorumque
2051 5524 2281 5597 tesquis

624 5609 798 5667 inviis
834 5614 1127 5671 montium
1158 5615 1492 5687 abjicienda
1530 5615 1965 5689 abolendaque,
1998 5618 2278 5685 tanquam

584 5740 587 5741 ν
626 5698 857 5757 nullum
883 5701 1008 5775 jam
1042 5704 1246 5775 prisca
1278 5702 1574 5778 religionis
1614 5704 1794 5762 decus
1838 5703 2157 5770 servantia,
2190 5700 2281 5759 di-

2384 4718 2601 4783 motus,
2634 4711 2986 4768 rebellantes
3016 4710 3074 4764 in
3107 4706 3463 4772 Ecclesiam;
3511 4707 3569 4758 et
3615 4718 3804 4773 neque
3852 4700 4039 4756 istum

2384 4805 2639 4859 furorem
2673 4802 2822 4858 ferre
2854 4801 3063 4856 saltem
3093 4796 3338 4853 tacitum
3374 4810 3439 4850 ac
3462 4796 3809 4863 conceptum
3838 4789 4043 4845 animo

2385 4894 2531 4949 citra
2568 4891 2875 4947 hominum
2926 4886 3347 4945 conscientiam
3395 4888 3589 4954 tegere
3619 4880 3900 4949 volentes,
3936 4895 4045 4950 pa-

2384 4982 2500 5038 lam
2524 4980 2793 5037 Ecclesiae
2815 4980 2974 5050 leges
2995 4977 3302 5049 effringere
3320 4990 3434 5030 non
3459 4972 3755 5037 dubitant,
3784 4984 4044 5040 quorum

2387 5071 2644 5128 audacia
2680 5086 2863 5126 unum
2896 5069 3049 5126 405
3086 5066 3259 5122 modo
3292 5062 3439 5119 illud
3474 5062 3659 5125 deest,
3686 5064 3750 5115 ut
3779 5074 3842 5114 se
3871 5056 4052 5113 Chri-

2389 5162 2611 5218 stianos
2644 5178 2758 5217 non
2790 5175 2920 5215 esse
2951 5160 3262 5214 fateantur.
3312 5152 3475 5219 Quod
3521 5167 3658 5207 cum
3694 5164 3907 5221 negare
3940 5162 4051 5202 nec

2389 5250 2646 5307 audeant
2668 5266 2771 5304 nec
2807 5247 3055 5321 possint,
3077 5245 3192 5301 isto
3222 5243 3351 5316 ipso
3368 5239 3605 5296 vinculo
3637 5236 4052 5294 ecclesiastica

2390 5338 2846 5411 conjunctionis,
2878 5354 2995 5409 quo
3024 5352 3085 5392 se
3115 5332 3301 5391 teneri
3350 5331 3543 5387 adhuc
3573 5329 3923 5399 agnoscunt,
3958 5326 4053 5381 in-

2390 5428 2653 5501 telligere
2701 5428 2986 5484 debemus
3014 5425 3134 5481 vim
3183 5421 3355 5479 nobis
3407 5423 3584 5491 atque
3634 5416 4049 5474 auctoritatem

2391 5520 2642 5577 conferri
2689 5519 2925 5593 plenam
2975 5534 3074 5575 eos
3122 5532 3227 5590 pro
3274 5514 3567 5588 potestate
3626 5507 3955 5576 coercendi,
3983 5509 4051 5562 ut

2390 5609 2482 5666 vel
2511 5609 2625 5681 ipsi
2657 5614 2812 5667 metu
2843 5605 3095 5682 repressi
3125 5603 3400 5663 desinant
3445 5600 3509 5657 in
3556 5598 3805 5674 propria
3837 5595 4049 5655 matris

2394 5698 2659 5756 Ecclesia
2709 5700 2934 5757 viscera
2978 5712 3178 5755 ensem
3211 5691 3373 5751 velut
3418 5688 3735 5764 quemdam
3786 5683 4047 5745 ruﬁo-3
