4242 6438
196 393 302 448 925

1247 398 1345 451 DE
1382 394 1755 451 MICHABLB
1794 393 2237 451 PALBOLOGO
2272 395 2405 448 LIB.
2447 396 2543 446 VI.

3504 392 3613 448 926

198 518 352 595 ξίφος
375 518 553 588 ὠθεῖν,
588 518 623 588 ἢ
658 520 765 591 μὴν
798 518 1104 593 ἂποναρκᾷν
1155 518 1239 588 εἷή
1292 518 1384 578 οὕς
1436 518 1703 591 μέλλουσι
1732 516 1845 571 πεί·
1876 522 1927 587 Α
1964 521 2135 590 χανᾶν
2165 517 2391 588 ’δριμεῖς
2446 516 2798 591 ἀφαιρεθέντα
2852 515 2939 569 καὶ
2995 510 3264 590 Τερνόϐου
3310 514 3401 569 καὶ
3428 536 3611 571 συνοι-

203 616 311 669 θειν
342 606 595 679 πράττειν
625 606 838 661 ἀνόσια.
897 606 1059 663 Ταῦτ’
1112 606 1179 674 ἧν
1232 607 1356 660 τότε
1410 606 1477 659 τά
1524 609 1605 677 τῷ
1640 604 1854 679 βασιλεῖ

200 689 651 767 προϐαλλόμενα,
708 697 782 768 μή
844 696 1163 769 ἀνθρώπους
1214 694 1559 764 ἐκκηρύττειν
1616 691 1851 770 ἀσφαλι-

205 782 487 854 ζομένους,
528 780 825 854 οὕμενουν,
886 782 1029 837 ἀλλά
1084 783 1274 837 κακίαν
1330 780 1676 837 ἀναστέλλειν
1710 779 1854 853 παρᾶ

199 870 262 925 τὸ
295 870 437 932 εἰκὸς
498 866 919 945 προϐαίνουσαν,
971 870 1084 925 ἐπεὶ
1145 870 1355 925 πολλοί
1402 892 1461 946 γε
1510 875 1614 924 τῶν
1645 871 1743 938 τὴν
1778 869 1852 923 εἷ-

154 962 375 1033 ’ρήνην
451 960 656 1031 ἐκείνην
735 959 1198 1035 δυσχεραινόντων
1275 968 1522 1034 παρῆσαν
1602 960 1712 1014 ἐκεῖ
1762 959 1848 1012 καὶ

200 1050 741 1129 συγκατεψηφίζοντο
778 1053 875 1120 τὴν
924 1052 1156 1125 κατάραν
1206 1057 1323 1112 τοῖς
1370 1052 1436 1104 τά
1482 1049 1638 1115 τίμια
1690 1061 1853 1111 καθυ-

198 1136 467 1214 ϐρίζουσι.
512 1142 827 1215 Μαρτόριον
877 1146 984 1196 τῶν
1033 1140 1341 1214 λεγομένων
1392 1140 1453 1195 τὸ
1502 1138 1732 1195 πολλῶν
1764 1140 1851 1193 καὶ

198 1229 452 1302 μεγάλων
503 1226 672 1285 ὄντων
728 1230 817 1285 καὶ
878 1230 1351 1305 συμπληρούντων
1413 1228 1524 1283 ἐκεῖ
1581 1227 1849 1301 σύλλογον

198 1316 409 1391 μηδένα
465 1316 734 1385 διστάσαι,
802 1322 876 1393 μὴ
936 1320 1230 1391 ἀντειπεῖν,
1294 1321 1369 1391 μὴ
1430 1320 1851 1392 ἀποσκιρτῆσαι,

202 1410 344 1479 μήτε
415 1409 522 1482 μήν
595 1407 924 1479 ἐνδείξασθαι
998 1431 1120 1464 τινα
1197 1410 1369 1483 ῥοπήν
1446 1404 1849 1482 ὑπολογισμοῦ.

213 1500 401 1571 Εχρῆν
452 1495 509 1552 δὲ
554 1500 796 1569 πάντως,
852 1498 897 1552 εἰ
956 1498 1130 1561 οὕτως
1180 1496 1371 1567 ἀνέδην
1435 1498 1741 1571 Αριστιανοὶ
1772 1495 1854 1550 ἐκ-

193 1588 577 1659 κηρύττοιντο.
624 1586 780 1643 Ἀλλ’
824 1589 888 1656 ἦν
940 1592 1061 1649 ταῖς
1113 1586 1395 1652 ἀληθείαις
1436 1582 1742 1661 πρόϐλημα
1772 1585 1852 1639 εὖ·

197 1669 423 1737 λαϐείας
452 1676 515 1730 τὸ
544 1676 790 1752 πραχθὲν
844 1675 1017 1730 ἐκεῖνο
1062 1680 1158 1729 τοῦ
1212 1676 1287 1747 μή
1336 1676 1505 1729 πάντα
1535 1671 1848 1746 τολμᾶσθαι

196 1763 257 1818 ἐκ
308 1768 410 1818 τοῦ
465 1766 701 1839 πρώτως
758 1765 1131 1840 παραστάντος
1186 1765 1347 1832 τισὶν,
1402 1763 1547 1819 ἀλλὰ
1606 1761 1695 1816 καί
1749 1764 1847 1829 τήν

194 1854 433 1927 κατάραν
468 1854 544 1909 εἷς
578 1854 953 1930 ὑπολογισμὸν
1001 1855 1133 1908 εἶναι
1180 1855 1394 1914 πάντως
1450 1858 1566 1913 τοῖς
1605 1846 1849 1911 εὐλαϐῶς

194 1947 443 2015 μετιοῦσι
465 1943 531 1998 τά
560 1943 737 2016 τίμια.
774 1942 951 1999 Ἀλλὰ
978 1948 1146 1997 ταῦτα
1183 1943 1276 2015 μὲν
1310 1942 1362 2003 ἐς
1392 1945 1674 1996 τοσοῦτον.

194 2110 280 2169 ιθ’.
341 2105 513 2163 Ηάλιν
570 2107 637 2161 τά
692 2106 827 2161 κατᾶ
882 2106 975 2161 τὸν
1030 2109 1302 2234 Λαχανᾶν,
1358 2105 1448 2159 καὶ
1510 2102 1659 2164 ὅπως
1705 2102 1851 2178 παρὰ

680 2183 778 2233 τοῦ
829 2184 975 2234 Νονᾶ
1005 2199 1109 2234 mo
1150 2198 1354 2232 νευται.

680 2183 778 2233 τοῦ
829 2184 975 2252 Νογᾶ
1005 2183 1354 2254 πεφόνευται.

262 2304 346 2377 [Ρ.
373 2304 501 2375 319]
532 2305 646 2360 Τοῦ
695 2301 743 2358 δ’
789 2302 955 2359 αὐτοῦ
1004 2300 1177 2372 ἔτους,
1224 2302 1337 2357 ἐπεὶ
1392 2300 1493 2355 οὐκ
1521 2300 1587 2369 ἧν
1617 2300 1707 2354 τὸν
1744 2305 1848 2352 Λα-

190 2521 500 2579 scissionis
530 2522 801 2595 adigere;
852 2526 957 2578 aut
986 2521 1035 2578 si
1071 2521 1247 2577 fuerit
1275 2521 1540 2592 ipsorum
1573 2516 1845 2575 immedi-

190 2611 401 2667 cabilis
436 2611 616 2682 furor,
650 2611 857 2667 saltem
888 2611 987 2667 alli
1048 2612 1419 2667 retardentur
1452 2627 1485 2666 a
1517 2609 1709 2681 pravis
1741 2607 1845 2662 ho-

192 2718 329 2757 rum
362 2702 743 2758 suasionibus
775 2702 1091 2773 sequendis
1119 2706 1177 2757 et
1208 2700 1495 2756 imitanda
1520 2697 1847 2754 temeritate

190 2807 479 2846 ausorum
513 2791 855 2863 impiorum.
876 2791 1038 2847 Talis
1068 2792 1332 2860 quaedam
1359 2793 1498 2844 tunc
1532 2787 1639 2843 fuit
1670 2788 1851 2857 impe-

188 2880 408 2937 ratoris
459 2880 665 2948 oratio,
721 2881 926 2937 fucans
1007 2880 1474 2951 inumbransque
1532 2876 1848 2934 artiﬁcioso

189 2970 438 3025 obtentu
472 2986 675 3025 verum
710 2973 929 3025 statum
962 2969 1390 3034 controversias,
1448 2983 1553 3023 nec
1602 2967 1671 3022 de
1720 2966 1847 3037 ipso

188 3058 468 3131 dogmate
502 3060 888 3128 prmscribens
919 3060 1269 3131 quidquam,
1294 3058 1392 3113 sed
1426 3057 1484 3112 in
1517 3072 1727 3129 genere
1749 3056 1849 3111 da-

190 3149 387 3203 mnari
419 3148 689 3204 homines
712 3152 815 3205 aut
868 3165 971 3221 pro
1024 3146 1552 3204 excommunicatis
1602 3162 1634 3201 a
1694 3160 1848 3217 quo-

186 3253 371 3309 quam
405 3237 678 3308 privatim
711 3237 913 3293 haberi
946 3243 1181 3307 vetans;
1204 3254 1320 3308 quo
1352 3253 1467 3292 non
1505 3234 1850 3291 excludeba-

188 3331 293 3382 tur
343 3327 520 3381 tacita
562 3327 823 3399 exceptio
883 3326 1309 3382 subintellectaa
1359 3324 1738 3389 conditionis,
1799 3324 1849 3378 si

190 3430 406 3487 nempe
438 3414 520 3470 illi
552 3416 873 3471 orthodoxe
894 3416 1205 3483 sentirent;
1234 3416 1389 3471 unde
1419 3416 1536 3470 ista
1564 3412 1852 3486 generalis

192 3502 561 3573 praescriptio
585 3503 974 3575 reprimendas
1008 3503 1066 3557 in
1099 3520 1246 3559 ausa
1304 3503 1525 3559 nefaria
1582 3519 1851 3574 prorum-

193 3593 395 3665 pentis
425 3591 674 3649 licentia:
692 3599 867 3665 caput
888 3594 1086 3666 ipsum
1111 3594 1249 3649 mali
1272 3609 1583 3665 veramque
1612 3609 1850 3649 causam

193 3680 569 3738 tumultuum
602 3699 718 3738 non
746 3684 1043 3754 tangebat.
1094 3688 1526 3756 Argumentum
1559 3682 1738 3754 hujus
1771 3682 1853 3738 rel

194 3770 583 3827 manifestum
607 3775 717 3840 est,
738 3772 893 3843 quod
918 3788 1051 3827 cum
1087 3771 1146 3827 in
1178 3788 1243 3826 eo
1274 3776 1424 3827 ccetu
1454 3770 1624 3826 multi
1656 3775 1855 3827 essent

191 3862 295 3931 qui
332 3875 483 3930 aegre
506 3861 723 3916 ferrent
770 3862 1053 3917 sancitum
1100 3878 1300 3932 pacem
1352 3877 1598 3933 eamque
1630 3861 1852 3932 impro-

191 3950 429 4018 barent,
490 3966 662 4007 nemo
713 3954 909 4007 tamen
960 3967 1164 4006 eorum
1228 3954 1517 4007 recusavit
1573 3950 1852 4023 suffragio

190 4037 584 4109 comprobare
611 4038 845 4111 proprio
888 4039 1062 4094 istam
1123 4039 1515 4094 universalem
1560 4040 1851 4095 deﬁnitio-

191 4143 357 4196 nem,
390 4143 508 4198 qua
532 4128 678 4184 diris
708 4128 768 4183 in
800 4144 1013 4201 genere
1044 4130 1465 4185 devoverentur
1494 4129 1592 4200 qui
1652 4133 1853 4185 sancta

188 4215 417 4271 violare
447 4216 871 4274 contumeliose
913 4221 1247 4288 attentaret,
1303 4234 1419 4273 non
1472 4218 1851 4289 exprimendo

190 4304 539 4361 distinctius
570 4305 812 4378 quinam
845 4307 928 4362 illi
962 4308 1200 4362 tandem
1250 4308 1456 4363 forent.
1502 4306 1732 4377 Nullus,
1762 4307 1851 4362 in-

190 4410 405 4467 quam,
432 4394 625 4465 palam
661 4395 1023 4451 infensorum
1059 4396 1211 4467 paci,
1258 4396 1462 4467 quales
1511 4400 1569 4451 et
1614 4396 1850 4467 plurimi

188 4485 253 4537 et
275 4498 504 4554 magna;
535 4482 896 4539 auctoritatis
928 4500 993 4538 ac
1036 4484 1308 4555 potentia:
1364 4485 1476 4538 viri
1539 4488 1851 4555 praesentes

186 4570 309 4626 isto
342 4570 403 4625 in
434 4576 720 4627 conventu
753 4572 1164 4640 cernebantur,
1186 4573 1255 4627 ad
1290 4572 1420 4641 ejus
1452 4573 1851 4629 damnationis

1960 604 2189 675 κούσης,
2225 603 2355 659 λαὸν
2398 605 2752 679 συναθροίσας
2800 605 2890 658 τὸν
2946 605 3130 659 ἱκανόν
3181 609 3299 665 τοῖς
3348 600 3609 676 Τερνοϐί-

1960 715 2076 755 ταις
2107 695 2489 768 περιεκάθητο.
2526 694 2628 748 Καὶ
2687 692 2764 747 ἔτι
2822 693 2916 764 μὶν
2972 696 3068 745 τοῦ
3129 694 3287 748 Ἀσάν
3338 691 3487 753 ἐντὸς
3518 690 3607 746 ὅν-

1959 803 2073 845 τος,
2107 781 2248 855 ἔχων
2302 784 2415 853 μεθ’
2469 781 2658 835 ἑαυτοῦ
2704 780 3073 852 Τζασίμπαξιν
3124 780 3604 855 πρωτοστράτορα,

1962 870 2018 923 ὃν
2065 871 2149 924 καὶ
2213 868 2469 945 βασιλεὺς
2528 869 2687 941 ἐτίμα
2740 874 2818 939 τῷ
2876 868 3021 939 αὐτῷ
3068 868 3294 945 όφιρικίιρ
3327 869 3489 923 Ἀσάν
3524 869 3608 923 εὐ-

1961 964 2189 1013 νοοῦντα
2246 960 2307 1012 τὸ
2358 960 2644 1033 πρότερον,
2688 960 2783 1019 τας
2838 963 2946 1011 τῶν
3009 957 3291 1031 Ῥωμαίων
3352 956 3605 1028 δυνάμεις

1960 1045 2088 1122 ἕδρα
2142 1050 2207 1101 τά
2259 1048 2528 1121 χείριστα.
2586 1047 2689 1102 Καὶ
2748 1048 2849 1120 γάρ
2910 1051 3124 1121 πρῶτον
3189 1048 3282 1117 μὲν
3325 1048 3445 1120 περὶ
3483 1044 3609 1100 δέκα

1960 1134 2218 1210 χιλιάδας
2254 1134 2414 1199 οὔσας
2459 1136 2545 1190 καὶ
2600 1135 2999 1209 συμμαχούσας
3052 1134 3241 1204 ἔξωθεν
3288 1140 3405 1195 τοῖς
3437 1133 3608 1206 ἐντὸς,

1961 1227 2021 1287 ἅς
2080 1227 2106 1279 ὁ
2158 1221 2696 1299 πρωτοϐεστιαρίτης
2756 1226 3029 1299 Μουρῖνος
3078 1226 3205 1299 ἦγεν
3254 1223 3449 1295 ὲπὶτῷ
3482 1232 3605 1277 Δια-

1960 1310 2119 1383 ϐαινᾷ
2192 1312 2807 1387 στρατοπεδευσάμενος,
2883 1318 3135 1388 Λαχανᾶς
3207 1310 3444 1373 πολλοῖς
3509 1313 3602 1384 μὲν

1962 1405 2076 1475 μετ’
2131 1401 2329 1475 ὀλίγων
2394 1399 2755 1477 προσϐάλλει,
2817 1403 2907 1456 καὶ
2961 1398 3386 1475 ἑπτακαιδεκάτῃ
3433 1402 3603 1473 μηνὸς

1958 1495 2423 1565 ’Λνθεστηριῶνος
2482 1492 2742 1568 συρράξας
2799 1489 3047 1563 πόλεμον
3099 1490 3247 1568 σφίσι
3308 1490 3445 1544 κατὰ
3473 1493 3611 1563 κρά-

1956 1602 2053 1641 τος
2082 1586 2224 1650 νικᾷ,
2258 1581 2345 1635 καὶ
2402 1580 2572 1635 πολὺν
2634 1582 2795 1657 φόνον
2858 1580 3159 1654 ἐργάζεται,
3211 1579 3303 1641 οὕς
3351 1580 3442 1650 μὲν
3476 1578 3613 1633 κατὰ

1958 1669 2230 1742 πόλεμον,
2263 1670 2355 1732 οὕς
2387 1667 2442 1723 δὲ
2489 1670 2578 1723 καὶ
2636 1671 2794 1730 αὐτὸς
2851 1669 3166 1742 κατασχὼν,
3198 1668 3423 1737 ἀπηνῶς
3456 1666 3609 1721 ὕστε-

1962 1780 2051 1833 ρον
2096 1761 2453 1835 κατασφάξας.
2496 1756 2661 1822 Αὖθις
2714 1757 2770 1812 δὲ
2828 1760 2941 1829 μετ’
3003 1758 3191 1832 ὀλίγον
3235 1754 3605 1818 Ηοσειδεῶνος

1880 1844 2407 1946 Βπεντεκαιόεκατῃ
2462 1852 2581 1906 τοῖς
2639 1846 2778 1919 ἀμφί
2838 1847 2930 1899 τὸν
2991 1846 3267 1917 ’Λπρηνὸν
3325 1839 3605 1917 πρωτοϐε-

1958 1935 2237 2009 στιαρίτην
2299 1934 2630 1988 ἐπεισπεσὼν
2705 1936 2839 1988 κατᾶ
2907 1935 2996 1988 τὸν
3076 1933 3175 2005 ἔξω
3246 1934 3426 2007 ζυγὸν,
3477 1934 3602 1986 ὡσεὶ

1958 2026 2115 2079 πέντε
2146 2023 2403 2099 χιλιάδας
2458 2024 2717 2097 μαχίμων
2773 2022 2991 2098 ἂγοντα,
3044 2024 3170 2087 τοὺς
3222 2024 3313 2095 μὲν
3346 2022 3421 2085 εἷς
3450 2021 3607 2083 τέλος

1959 2114 2396 2188 κατηγωνίσατο,
2446 2116 2536 2167 τὸν
2590 2111 2635 2167 δ’
2682 2109 2841 2189 ἔργον
2892 2111 3121 2167 δεικνύει
3176 2111 3472 2187 μαχαίρας.
3510 2110 3606 2166 Καὶ

1954 2204 2147 2259 πολλὰ
2200 2204 2321 2259 τὸτε
2379 2202 2748 2278 λυσσομαχῶν
2805 2203 3206 2279 κατειργάζετο.
3264 2204 3514 2275 Ὕστερον
3552 2197 3609 2253 δὲ

1960 2291 2429 2370 ἀποχωρήσαντος
2474 2296 2571 2346 τοῦ
2623 2292 2804 2365 Ἀσὰν,
2853 2298 2949 2348 τοῦ
2997 2295 3234 2368 Τερτερῆ
3284 2288 3341 2345 δὲ
3369 2291 3468 2357 τήν
3509 2290 3608 2363 βα-

1957 2519 2014 2571 et
2036 2516 2237 2587 jurgia
2268 2515 2736 2571 miscerent.Hos
2768 2519 2963 2571 autem
2998 2515 3056 2569 in
3116 2514 3347 2570 silentio
3397 2531 3463 2569 ac
3508 2532 3606 2587 pa-

1962 2604 2167 2660 tientia
2197 2604 2489 2660 continuit
2520 2604 2616 2659 illa
2642 2604 2911 2660 videlicet
2941 2608 3163 2661 secreta
3220 2604 3455 2672 ﬁducia,
3489 2621 3607 2675 qua

1958 2700 2047 2749 est
2075 2710 2274 2750 eorum
2309 2694 2421 2751 sibi
2454 2694 2704 2766 quisque
2736 2697 2907 2751 tacite
2960 2695 3283 2765 blanditus,
3318 2694 3462 2750 diris
3492 2696 3606 2750 ista

1960 2784 2255 2840 sanctione
2286 2784 2608 2857 generatim
2638 2785 2872 2841 intortis
2906 2784 3133 2840 nullum
3161 2784 3425 2840 devoveri
3450 2784 3604 2840 466

1959 2874 2059 2944 qui
2101 2880 2253 2929 recte
2316 2873 2559 2930 sentiret
2614 2880 2669 2931 et
2728 2879 2932 2931 sancta
2990 2874 3261 2946 religiose
3308 2878 3604 2942 tractaret,

1961 2964 2162 3035 quales
2194 2980 2325 3019 cum
2378 2979 2441 3020 se
2498 2968 2773 3035 putarent
2813 2980 2962 3031 esse,
3016 2963 3163 3019 nihil
3220 2963 3314 3019 hic
3372 2963 3607 3020 decerni

1960 3054 2115 3126 quod
2146 3053 2291 3125 ipsis
2319 3054 2593 3125 privatim
2628 3054 2860 3111 obesset
2890 3070 2993 3127 pro
3042 3058 3199 3110 certo
3257 3056 3607 3118 statuentes,

1961 3159 2162 3199 secure
2194 3143 2666 3215 acquiescebant.
2701 3143 2812 3200 Sed
2844 3146 2911 3199 de
2944 3143 3036 3199 his
3069 3143 3377 3200 hactenus.

1881 3267 1924 3335 α
1962 3304 2047 3358 49.
2083 3309 2290 3361 Rursus
2316 3306 2382 3361 de
2404 3305 2681 3371 Lachana,
2718 3308 2861 3360 etut
2912 3306 2960 3361 is
3010 3322 3043 3361 ιι
3092 3306 3241 3376 Nogu
3292 3304 3610 3376 inter/actus

2686 3376 2884 3447 fuerit.

2034 3501 2248 3557 Eodem
2282 3518 2454 3573 porro
2486 3518 2641 3557 anno
2673 3502 2991 3573 Lachanas,
3022 3518 3195 3573 quem
3245 3502 3606 3573 sperandum

1961 3610 2077 3649 non
2110 3598 2234 3649 erat
2262 3598 2457 3664 erepta
2476 3592 2588 3666 ipsi
2624 3594 2764 3649 urbe
2810 3593 2969 3663 regia
3016 3594 3279 3650 Ternobo
3319 3596 3378 3649 et
3431 3609 3609 3648 uxore

1962 3683 2165 3753 regina
2194 3681 2551 3752 quieturum,
2583 3686 2879 3738 contracto
2907 3682 3054 3739 satis
3086 3698 3299 3755 magno
3350 3683 3604 3738 exercitu

1959 3771 2302 3827 Ternobitas
2333 3772 2731 3842 circumsedit,
2778 3788 2911 3827 cum
2945 3773 3017 3828 iis
3050 3773 3241 3828 adhuc
3274 3772 3427 3827 intra
3474 3785 3603 3826 eam

1965 3862 2168 3916 urbem
2211 3860 2461 3917 haerente
2491 3863 2701 3927 Asane,
2752 3860 2879 3932 ipse
2932 3863 3156 3919 habens
3204 3877 3405 3918 secum
3462 3860 3608 3916 Tza-

1963 3949 2272 4021 simpaxim
2307 3950 2750 4021 protostratoris
2787 3950 2981 4008 ofﬁcio
3048 3951 3161 4007 sibi
3230 3951 3601 4019 servientem,

1962 4056 2137 4110 quem
2189 4040 2353 4111 prius
2414 4041 2752 4111 imperator,
2795 4046 2937 4097 tunc
2993 4041 3170 4097 Asani
3232 4039 3602 4106 benevolum,

1962 4128 2135 4184 titulo
2192 4128 2372 4185 simili
2430 4129 2835 4186 honoraverat.
2897 4135 3003 4186 Per
3050 4147 3177 4187 eam
3236 4130 3603 4186 obsidionem

1963 4218 2152 4289 magis
2183 4235 2217 4273 a
2248 4218 2515 4274 Lachana
2564 4219 2832 4275 cladibus
2891 4219 3075 4275 attriti
3135 4220 3379 4276 Romani
3442 4224 3603 4277 sunt.

1964 4308 2225 4363 Primum
2258 4308 2415 4363 enim
2446 4307 2676 4365 circiter
2699 4309 2900 4366 decem
2936 4308 3098 4365 milia
3122 4314 3459 4366 nostrorum
3503 4308 3609 4364 mi-

1964 4395 2132 4451 litum
2166 4396 2222 4451 in
2248 4396 2625 4453 obsessorum
2651 4397 2933 4454 auxilium
2967 4397 3257 4455 venientia
3294 4398 3442 4453 duce
3474 4414 3609 4468 pro-

1962 4486 2319 4541 tovestiarite
2358 4486 2609 4554 Murino,
2644 4504 2777 4543 cum
2828 4487 2953 4544 loco
3012 4487 3283 4543 Diabaana
3334 4486 3487 4543 dicto
3546 4501 3607 4542 se

1963 4573 2380 4643 admovissent,
2423 4574 2521 4629 ubi
2580 4580 2775 4631 castra
2832 4576 3129 4632 Lachanas
3189 4575 3442 4631 habebat
3498 4575 3607 4630 hoc

188 4659 654 4732 propositionem
687 4660 919 4717 resiluit
947 4662 1271 4729 restititve;
1309 4678 1380 4717 ne
1410 4662 1698 4718 dubitavit
1720 4663 1849 4733 qui-
1881 4640 1927 4704 D
1959 4680 2091 4719 cum
2124 4664 2327 4735 paucis
2357 4670 2700 4736 erumpente
2731 4666 2824 4721 die
2857 4667 3107 4738 septima
3127 4665 3355 4721 decima
3385 4665 3609 4721 mensis

186 4750 330 4805 dem
395 4749 485 4805 vel
540 4750 873 4817 minimum,
955 4757 1056 4806 aut
1110 4750 1296 4806 ullum
1347 4751 1703 4807 reclamandi
1761 4752 1849 4807 vel

188 4839 503 4911 quidpiam
530 4841 586 4894 in
638 4841 1001 4897 contrarium
1052 4840 1381 4913 excipiendi
1438 4842 1527 4897 vel
1587 4843 1847 4913 primum

188 4930 483 5001 impetum
503 4930 1267 5001 signiﬁcavit.0bstitissent
1297 4936 1493 4987 autem
1514 4932 1641 4987 sine
1671 4932 1849 4987 dubio

188 5018 408 5076 acriter
432 5019 929 5092 vehementerque
960 5021 1401 5088 reclamassent,
1435 5020 1485 5077 si
1516 5022 1689 5077 istam
1724 5022 1851 5077 uni-

184 5107 409 5163 versim
442 5107 660 5163 editam
697 5108 1063 5165 Christianos
1099 5126 1481 5182 quoscunque
1525 5112 1848 5167 damnandi

186 5203 248 5253 et
278 5202 563 5266 tanquam
591 5198 753 5269 pravi
782 5216 913 5255 reos
946 5199 1239 5271 dogmatis
1289 5201 1592 5256 aversandi
1654 5200 1848 5273 prohi-

185 5285 477 5340 bitionem
510 5286 569 5341 in
602 5303 665 5342 se
688 5286 949 5359 quisque
981 5288 1143 5359 ipsos
1193 5288 1592 5360 intelligerent
1639 5289 1842 5345 latam.

186 5374 343 5446 Ergo
375 5390 573 5430 revera
612 5377 885 5433 obtentus
913 5376 1009 5432 hic
1044 5393 1238 5433 merus
1280 5378 1389 5433 fuit
1415 5385 1473 5435 et
1505 5380 1849 5451 superﬁcia-

189 5464 279 5520 ria
310 5463 588 5536 provisio,
622 5482 725 5536 pro
754 5470 1039 5539 tempore,
1081 5472 1369 5537 quantum
1429 5485 1577 5541 opus
1620 5474 1744 5525 erat
1774 5470 1845 5525 ad

185 5554 471 5625 speciem,
504 5556 871 5613 retardatura
901 5556 1241 5613 tervidiores
1272 5573 1636 5631 quosque,ne
1669 5558 1844 5630 quid-

184 5644 275 5699 vis
306 5642 585 5700 licentius
629 5646 915 5702 auderent
938 5650 997 5703 et
1026 5646 1097 5701 ad
1130 5646 1390 5718 primum
1422 5648 1704 5721 prolatam
1734 5648 1844 5704 im-

176 5733 449 5805 probata
481 5732 626 5805 ipsis
657 5736 739 5793 rei
764 5736 1119 5793 mentionem
1132 5734 1352 5795 efferati
1381 5735 1848 5797 vociferarentur

1960 4752 2097 4807 Julii
2129 4753 2241 4809 fusi
2274 4752 2525 4825 victique
2555 4760 2858 4820 sunt,cum
2892 4760 3086 4827 strage
3134 4754 3355 4827 ingenti
3390 4754 3605 4826 partim

1962 4842 2158 4914 praelio
2190 4858 2494 4911 caesorum,
2530 4845 2743 4917 partim
2773 4849 3076 4918 captorum
3135 4862 3168 4899 a
3230 4844 3494 4901 Lachana
3552 4850 3608 4901 et

1961 4932 2032 4987 ab
2062 4934 2268 4988 eodem
2300 4932 2613 4989 crudeliter
2656 4938 2856 5006 postea
2888 4934 3346 4990 interfectorum.
3384 4934 3609 4990 Rursus

1960 5021 2134 5092 paulo
2155 5026 2305 5093 post,
2340 5024 2433 5077 die
2464 5022 2899 5094 quintadecima
2930 5024 3152 5080 mensis
3174 5024 3607 5096 Augusti,idem

1960 5110 2265 5167 Lachanas
2295 5110 2449 5167 circa
2471 5112 2687 5185 jugum
2720 5113 2975 5170 exterius
3008 5114 3065 5168 in
3126 5115 3421 5185 Aprenum
3476 5130 3608 5185 pro-

1958 5200 2354 5257 tovestiariten
2387 5201 2636 5273 irruens,
2671 5205 2931 5276 quinque
2980 5202 3210 5259 circiter
3258 5202 3607 5258 bellatorum

1960 5291 2198 5346 fortium
2232 5290 2421 5347 millia
2451 5294 2814 5361 ductantem,
2850 5293 2957 5349 hos
2998 5292 3237 5364 quidem
3297 5293 3469 5365 plane
3508 5293 3611 5349 de-

1957 5380 2389 5447 bellavit,illum
2420 5382 2615 5453 gladio
2640 5383 2911 5439 confecit.
2932 5383 3165 5439 Similia
3198 5382 3352 5438 idem
3410 5397 3607 5438 exem-

1958 5470 2055 5543 pla
2087 5472 2275 5526 multa
2304 5474 2443 5526 tunc
2474 5472 2658 5528 edidit
2688 5472 2903 5529 rabiosi
2928 5472 3155 5528 ardoris
3179 5472 3236 5527 in
3269 5473 3607 5544 pugnando.

1954 5559 2269 5631 Aliquanto
2300 5563 2432 5631 post
2462 5559 2604 5631 haec,
2639 5578 2873 5634 egresso
2897 5562 3023 5633 jam
3048 5566 3241 5618 Asane
3261 5562 3527 5617 Ternobo
3553 5566 3613 5618 et

1956 5650 2191 5706 Tertere
2220 5647 2341 5705 illic
2389 5655 2686 5723 regnante,
2746 5652 3001 5708 decrevit
3056 5651 3357 5709 Lachanas
3396 5652 3602 5707 confu-

1940 5750 2090 5812 tgere
2111 5738 2184 5795 ad
2214 5736 2439 5812 Nogam
2470 5746 2529 5797 et
2578 5741 2707 5813 ejus
2752 5756 2921 5813 opem
2968 5740 3304 5814 implorare.
3354 5740 3607 5798 Aliunde
