4210 6448
606 369 711 424 927

1910 368 2212 426 GEORGII
2251 372 2713 427 PACHYMERB

3913 369 4024 423 928

606 490 812 546 σιλείαν
870 487 1159 557 Ααϐόντος,
1214 485 1352 564 ἔγνω
1407 496 1562 565 Νογᾷ
1617 497 1985 567 προσχωρεῖν,
2042 494 2131 547 καὶ
2194 494 2245 547 οἱ
2276 498 2329 563 Α
2362 491 2531 564 μηδὲν
2559 496 2810 568 πράττειν
2856 492 3099 566 μέλλων,
3150 497 3442 566 κατασχεῖν
3496 493 3590 547 τὸν
3646 498 3907 567 Λαχανᾶν
3942 495 4021 555 ὡς

607 578 831 651 ἀμύνειν
880 578 1230 635 καθικετεύει.
1290 578 1367 635 Οὐ
1429 581 1537 649 μὴν
1592 577 1649 633 δέ
1703 581 1792 633 καὶ
1851 578 2104 653 βασιλεύς
2143 580 2254 636 ἐτέ-

609 680 779 741 ρωοεν
818 666 1142 740 κατημέλει,
1204 665 1349 721 ἀλλά
1404 669 1491 722 καὶ
1550 667 1707 730 αὐτὸς
1759 670 1892 742 πρὸς
1951 672 2128 745 Νογᾶν
2159 672 2250 725 τὸν

607 757 764 812 Ἀσάν
822 756 1025 828 πέμπει
1088 757 1299 828 σύναμα
1350 757 1439 810 καὶ
1501 755 1699 831 δώροις
1754 756 2055 826 πλείστοις,
2090 761 2249 831 ἀξιῶν

610 847 685 917 μή
719 842 963 917 παριδεῖν
996 846 1087 899 τὸν
1122 845 1181 900 ἐκ
1206 844 1390 919 γένους
1420 844 1747 921 Βουλγάρων
1795 847 2055 921 ἄρχοντα,
2106 846 2253 902 ἀλλά

605 932 1044 1005 προσεπαμύνειν
1096 930 1317 1009 ἀδελφῷ
1377 928 1487 987 ὄντι
1549 934 1638 987 καὶ
1692 936 1947 995 τῶνκαθ’
1978 935 2136 989 αὑτὸν
2171 932 2251 988 δι-

604 1020 771 1074 καίων
831 1022 1118 1094 χρῄζοντι.
1177 1023 1238 1079 Ὀ
1296 1023 1480 1093 μέντοι
1540 1044 1601 1096 γε
1648 1025 1825 1097 Νογᾶς
1886 1021 2103 1098 δέχεται
2157 1024 2249 1095 μὲν

602 1108 690 1162 καὶ
728 1114 976 1183 Λαχανᾶν
1026 1110 1253 1172 ἐλθόντα
1292 1110 1579 1185 πρότερον,
1632 1109 1848 1187 δέχεται
1883 1110 1938 1166 δὲ
1969 1113 2057 1165 καὶ
2093 1113 2248 1169 Ἀσάν

603 1198 865 1269 εὐμενῶς.
901 1198 1052 1267 Πλὴν
1087 1197 1236 1274 δῶρα
1278 1202 1370 1272 μὶν
1424 1198 1577 1255 δέκτο
1629 1203 1717 1255 καὶ
1773 1202 2120 1280 ἀμφοτέρων,
2152 1203 2251 1255 πό-

602 1307 688 1338 νον
734 1285 778 1339 δ’
820 1286 1126 1361 ἀμέγαρτον
1181 1285 1402 1362 ὄφελλε,
1453 1290 1711 1364 Κατέχων
1755 1292 1857 1366 γὰρ
1899 1291 2131 1352 ἐκείνους
2164 1290 2251 1344 ἐπὶ

601 1373 767 1441 πολὺ,
800 1376 888 1428 καὶ
921 1396 982 1449 γε
1011 1378 1318 1451 περιφέρων
1369 1379 1483 1449 μεθ’
1533 1377 1723 1433 ἑαυτοῦ
1771 1383 1824 1448 (ἡ
1864 1380 1962 1454 γὰρ
1994 1376 2252 1454 πρεσϐεία

606 1462 700 1533 μία
756 1464 821 1531 ἦν
884 1464 1213 1540 ἀμφοτέροις
1271 1468 1405 1519 κατά
1461 1472 1558 1520 τοῦ
1616 1470 1879 1541 Τερτερῆ,
1916 1468 1960 1523 εἷ
2012 1470 2098 1522 καὶ
2133 1470 2252 1531 καθ’

600 1550 824 1613 ἐαυτοὺς
882 1548 1269 1630 ἠμφισϐήτουν
1317 1556 1458 1626 πρὸσ
1524 1554 1808 1625 ἀλλήλους
1859 1558 1943 1627 [Ρ.
1978 1560 2101 1625 32οΞ
2150 1564 2249 1624 τῆς

602 1639 884 1715 βασιλείας
942 1643 1031 1696 καὶ
1096 1641 1353 1697 πλεῖστον
1428 1642 1552 1698 ὅσον
1631 1642 2031 1719 διενηνεγμένοι
2091 1646 2251 1715 ἦσαν)

597 1728 751 1783 οὐδὲν
812 1730 1012 1792 ἐκεῖνος
1073 1732 1264 1800 ἐποίει,
1325 1731 1450 1786 ἀλλ’
1509 1728 1688 1798 ἔτριϐε
1732 1736 1956 1809 χρόνον,
1990 1736 2120 1789 ποτὲ
2154 1734 2249 1806 μὶν

594 1819 796 1891 τούτῳ,
850 1821 985 1875 ποτὶ
1044 1817 1100 1875 δὲ
1154 1821 1363 1896 θατέρῳ
1420 1822 2025 1899 προσυπισχνούμενος,
2059 1821 2247 1878 Ἐδού-
2280 1809 2421 1929 Βκ’.

597 1907 618 1929 Ἴ
795 1907 838 1929 δ’
888 1908 901 1925 ν
972 1914 996 1925 ν
1204 1910 1217 1929 \
1278 1907 1303 1928 )’
1605 1918 1627 1928 qu
1716 1912 1729 1929 ι
1847 1919 1869 1928 -ι
1953 1912 2045 1929 ηιικ

597 1907 755 1963 λευον
791 1907 838 1962 δ’
883 1908 1079 1964 ἐκεῖνοι
1129 1910 1219 1965 καὶ
1269 1907 1489 1973 ἄκοντες
1536 1918 1655 1975 ταῖς
1703 1912 1919 1988 ῥοπαῖς.
1953 1912 2121 1974 Τέλος
2155 1935 2249 1967 κα-

596 1996 728 2066 Θίζει
760 1998 1088 2070 συμπόσιον,
1134 2000 1225 2053 καὶ
1276 2001 1303 2053 6
1352 2002 1520 2062 πότος
1567 2000 1620 2063 ἐς
1667 2000 1809 2056 πολὺ
1840 1998 2129 2077 προέϐαινε
2159 2003 2251 2056 πί-

595 2107 800 2143 νουσιν.
857 2088 945 2150 Ὦς
996 2085 1055 2142 δὲ
1106 2088 1302 2161 μέθυος
1361 2089 1497 2158 ἦσαν
1542 2089 1774 2164 πλήρεις
1804 2092 1893 2145 καὶ
1922 2092 1948 2145 6
1982 2090 2248 2167 λογισμὸς

598 2174 817 2237 ἐκείνοις
857 2180 1157 2251 παρήγετο,
1209 2177 1363 2241 εὐτὺς
1421 2181 1448 2234 ὁ
1505 2182 1689 2253 Νογᾶς
1737 2182 1848 2234 οἷον
1885 2180 1935 2251 ἐξ
1963 2181 2131 2235 ὕπνου
2165 2193 2252 2245 θο-

598 2264 704 2338 ρὼν
764 2264 851 2320 καὶ
907 2272 1015 2321 τῶν
1070 2262 1530 2345 ἀμφισϐητήσεων
1600 2269 1814 2324 ἐκείνων
1875 2270 1948 2331 ὡς
2002 2270 2067 2338 ἧν
2128 2270 2252 2325 τότε

602 2355 952 2427 μνησάμενος
987 2356 1096 2429 (καὶ
1128 2358 1231 2432 γὰρ
1261 2359 1352 2412 τὸν
1410 2360 1504 2432 μὲν
1531 2359 1697 2414 Ἀσάν
1758 2362 1886 2433 παρ’
1940 2359 2110 2432 ἐαυτῷ
2137 2361 2253 2435 εἶχε

600 2444 933 2517 καθήμενον,
984 2452 1238 2522 Λαχανᾶν
1301 2445 1359 2502 δὲ
1414 2447 1504 2502 καὶ
1560 2449 1651 2503 τὸν
1693 2449 1855 2503 αὐτοῦ
1905 2449 2252 2525 πρωτοστρά·

594 2552 732 2605 τορα
756 2533 1128 2608 Τζασίμπαξιν
1156 2537 1464 2612 κατωτέρω,
1489 2540 1635 2607 πλὴν
1682 2537 1763 2615 ἐφ’
1807 2537 2051 2613 ἐκάτερα)
2082 2558 2251 2611 προσ-

592 2621 779 2677 τάσσει
855 2630 974 2687 τοῖς
1051 2623 1216 2681 αὐτοῦ
1296 2626 1742 2706 ἀπεριμερίμνως
1820 2628 2016 2699 οὕτως,
2071 2628 2251 2705 ὥσπερ

609 2844 932 2919 imperator
959 2847 1116 2903 haud
1141 2848 1444 2921 negligens
1470 2866 1562 2905 res
1611 2849 1971 2922 Bulgaricas.
2002 2852 2252 2905 Asanem

609 2936 682 2990 ad
765 2936 986 3007 Nogam
1064 2939 1337 2993 eumdem
1407 2939 1589 2994 mittit
1648 2956 1781 2995 cum
1859 2940 2005 2995 467
2084 2938 2255 2994 donis

606 3024 882 3096 plurimis
913 3028 1196 3095 majorem
1247 3028 1306 3083 in
1355 3030 1597 3084 modum
1649 3045 1860 3099 rogans
1908 3046 1980 3084 ne
2036 3026 2252 3083 auxilio

602 3114 949 3169 destitutum
973 3116 1194 3170 sineret
1224 3116 1545 3187 legitimum
1580 3118 1785 3188 etjure
1805 3118 2037 3189 generis
2068 3118 2253 3171 haere-

601 3202 813 3258 ditario
862 3203 1142 3260 nitentem
1196 3205 1577 3277 Bulgarorum
1634 3222 1852 3277 regem,
1905 3206 2018 3278 ipsi
2079 3206 2249 3276 Nogaz

602 3292 772 3362 quasi
807 3292 1063 3349 fraterna
1091 3295 1525 3351 necessitudine
1555 3296 1910 3363 devinctum,
1933 3296 2090 3367 quod
2114 3311 2249 3350 uxo-

600 3397 693 3436 res
725 3381 941 3437 Asanis
972 3388 1029 3437 et
1062 3384 1232 3455 Nogas
1263 3401 1493 3440 sorores
1513 3391 1916 3455 essent;quare
1949 3384 2248 3440 hominem

600 3474 720 3524 tam
752 3470 963 3527 intima
985 3471 1097 3527 sibi
1130 3473 1708 3544 afﬁnitatejunctum
1731 3491 1839 3547 ope
1866 3474 2055 3545 ipsius
2072 3490 2248 3545 egen-

600 3564 716 3613 tem
742 3561 950 3628 juvare
981 3578 1053 3616 ne
1084 3568 1420 3633 graveretur
1468 3564 1527 3618 in
1577 3565 1974 3635 recuperando
2031 3564 2250 3634 injuste

603 3647 797 3702 ablato
830 3649 1185 3722 principatu.
1218 3654 1555 3727 Nogasjam
1602 3658 1775 3708 antea
1806 3652 2248 3707 venientemLa-

600 3736 851 3793 chanam
885 3738 1222 3797 humaniter
1250 3744 1837 3814 exceperat;Asanem
1870 3759 2105 3814 quoque
2140 3759 2248 3814 po-

606 3826 821 3881 sterius
869 3828 1187 3900 appulsum
1238 3830 1489 3903 benigne
1546 3832 1806 3887 admisit.
1838 3832 2117 3887 Caeterum
2151 3831 2248 3887 ille

598 3916 824 3987 accepit
855 3919 1093 3989 quidem
1126 3922 1437 3992 utriusque
1481 3937 1747 3992 munera,
1798 3938 2062 3977 (erumna
2115 3937 2247 3976 vero

601 4021 766 4076 aeque
796 4007 1002 4063 ambos
1033 4008 1326 4065 immensa
1356 4010 1699 4081 cumulavit,
1743 4012 2011 4067 detinens
2070 4010 2243 4066 simul

599 4098 918 4165 utrumque
950 4098 1152 4167 perdiu
1187 4103 1242 4153 et
1274 4115 1475 4155 secum
1508 4116 1863 4172 quocunque
1913 4101 2246 4155 circumdu-

540 4234 545 4239 .
597 4182 930 4239 cens.Unus
961 4184 1269 4258 utriusque
1317 4186 1628 4259 legationis
1658 4206 1874 4261 scopus
1905 4194 2030 4245 erat
2062 4188 2245 4259 impe-

595 4275 753 4327 trare
786 4273 1003 4329 auxilia
1033 4280 1236 4331 contra
1261 4277 1555 4333 Terterem
1608 4295 1982 4335 communem
2016 4278 2245 4334 hostem

597 4362 929 4430 amborum,
964 4380 996 4418 a
1025 4381 1088 4420 se
1111 4366 1357 4421 invicem
1392 4385 1506 4423 non
1541 4368 1724 4424 levius
1774 4386 1949 4440 quam
1980 4369 2068 4439 jab
2118 4369 2246 4439 ipso

595 4451 830 4506 Tertere
863 4452 1300 4511 dissidentium.
1335 4458 1480 4513 Cum
1513 4458 1748 4529 ergoilli
1777 4475 1880 4529 pro
1910 4474 1972 4513 se
1995 4457 2248 4528 quisque

592 4540 829 4596 assidue
859 4546 1447 4615 contendentesjuris
1480 4548 1551 4601 ad
1587 4563 1833 4618 regnum
1867 4546 2241 4618 Bulgaricum

590 4630 679 4683 sui
701 4630 1070 4689 ﬁrmamenta
1094 4616 1839 4706 proferrent,discsptantes
1862 4641 1919 4691 et
1939 4616 2108 4707 quasi
2131 4636 2241 4692 sub
2272 4616 2319 4680 D

580 4718 782 4788 judice
813 4738 1052 4777 causam
1072 4729 1408 4792 perorantes
1428 4725 1852 4797 propriam,ille
1869 4725 1953 4781 sic
1966 4726 2241 4781 audiebat

589 4812 654 4862 ut
685 4810 1039 4866 sententiam
1063 4812 1936 4887 expediretnunquam,inﬁnita
1957 4832 2056 4871 eos
2074 4832 2240 4871 mora

589 4900 1245 4974 suspenderet,utrique
1276 4920 1340 4959 se
1369 4910 1567 4960 tamen
1604 4922 1704 4976 per
1722 4906 1877 4962 vices
1906 4905 2235 4975 venditans,

586 4993 644 5041 ot
675 4990 846 5044 modo
880 4990 1015 5046 huic
1040 4993 1211 5047 modo
1234 4993 1400 5049 alteri
1421 4995 2235 5068 promittens,miserisquan-

584 5076 859 5132 tumlibet
888 5078 1088 5136 invitis
1119 5082 1715 5156 adulantibus,eoque
1748 5085 1938 5155 magis
1969 5102 2031 5141 se
2061 5085 2237 5141 obno-

584 5164 710 5220 xios
745 5166 1140 5235 praebentibus
1200 5170 1269 5226 ad
1328 5176 1511 5229 nutus
1540 5174 1669 5243 ejus
1727 5189 1959 5242 omnes,
1990 5190 2104 5245 quo
2136 5172 2235 5230 ille

586 5252 813 5309 alterna
842 5258 1228 5315 ostentatione
1259 5260 1474 5317 favoris
1503 5265 1605 5317 aut
1632 5262 1791 5316 taadii
1836 5263 2113 5334 sperandi
2162 5263 2234 5319 ti-

586 5343 900 5414 mendique
931 5345 1218 5405 miscebat
1247 5366 1455 5406 causas
1511 5350 1828 5408 artiﬁcioso
1878 5352 2126 5421 intextu,
2177 5357 2235 5408 et

583 5432 991 5490 communium
1024 5442 1291 5495 votorum
1324 5440 1681 5497 accendebat
1702 5442 1933 5514 cupidis
1956 5441 2229 5513 pretium.

585 5518 751 5574 Hunc
780 5524 1017 5581 tandem
1041 5527 1260 5584 exitum
1284 5545 1374 5585 res
1395 5529 1604 5586 habuit
1626 5535 1759 5604 post
1780 5530 2230 5604 suspensionem

584 5607 944 5669 diuturnam.
979 5616 1230 5674 Sedebat
1270 5621 1339 5675 ad
1400 5636 1667 5676 mensam
1717 5621 2037 5693 aliquando
2094 5638 2228 5675 cum

586 5696 817 5771 hospite
849 5708 1096 5781 utroque
1130 5708 1340 5782 Nogas.
1373 5709 1715 5767 Celebratur
1733 5708 2035 5767 hilaritate
2057 5725 2231 5783 maga

2359 584 2501 657 εἶχεν
2535 583 2739 645 ἐκεῖνος
2778 586 3105 655 καθήμενος.
3167 581 3267 636 Καὶ
3325 582 3417 636 τὸν
3478 582 3569 653 μὲν
3608 580 3801 652 εἰπεῖν,
3838 608 3865 634 ι(
3900 583 4021 638 Οὗ-

2354 692 2447 733 τος
2476 671 2675 746 ἐχθρός
2707 671 2818 727 ἐστι
2868 675 2965 726 τοῦ
3022 670 3226 746 πατρός
3292 692 3397 743 μου
3460 668 3755 745 βασιλέως,
3784 670 3875 725 καὶ
3910 675 4015 743 ζῇν

2356 758 2503 822 ’ὀλως
2535 760 2633 815 οὐκ
2685 763 2854 833 ἄξιος,
2917 761 3062 816 ἀλλά
3118 761 3428 833 τέμνεσθαι,
3460 784 3487 810 ››
3549 760 3785 822 ἐκείνους
3821 758 3868 814 δ’
3900 760 4018 830 ἐξα-

2356 849 2586 911 πιναίως
2634 850 3006 925 κατασχόντας
3053 849 3149 912 τάς
3199 856 3391 925 χεῖρας
3439 848 3764 924 ἐκατέρωθεν
3802 849 4018 921 μάχαι-

2358 957 2451 1011 ραν
2513 933 2772 1011 ἐμϐαλεῖν
2830 944 2911 1011 τῷ
2968 938 3204 1016 φάρυγγι
3262 937 3350 992 καὶ
3412 937 3654 1014 φονεύειν
3712 938 3886 991 ἐκεῖσε
3916 958 4019 992 πε-

2357 1026 2536 1083 σόντα.
2587 1028 2699 1082 Εἶτ’
2756 1027 2908 1092 αὖθις
2964 1027 3053 1082 καὶ
3111 1028 3205 1082 τὸν
3262 1027 3629 1098 Τζασίμπαξιν
3680 1026 4017 1099 (θεασάμενον

2354 1117 2647 1186 προστάξαι
2700 1117 2793 1189 μὲν
2842 1118 2956 1171 κατ’
3007 1115 3217 1171 ἐκείνου
3257 1121 3323 1170 τὰ
3374 1115 3643 1189 χείριστα,
3691 1115 3779 1169 καὶ
3812 1112 3880 1183 δὴ
3912 1116 4020 1169 κά-

2354 1208 2529 1258 κεῖνον
2576 1204 2732 1266 εὐθὺς
2789 1204 3015 1260 κτείνειν
3074 1204 3167 1259 τὸν
3233 1205 3533 1277 ὑπηρέτην,
3591 1199 4023 1276 ἐμϐαλόντατῷ

2354 1293 2547 1367 αὐχένι
2596 1291 2817 1349 κοπίδα.
2867 1293 2997 1347 Τότε
3044 1292 3134 1347 καὶ
3186 1293 3213 1346 6
3265 1293 3420 1348 ’Λσάν
3476 1292 3694 1367 βλέπων
3740 1291 3878 1365 πρὸς
3916 1293 4019 1359 τήν

2356 1380 2477 1443 θέαν
2530 1380 2675 1443 ὅλως
2725 1383 3105 1448 ἀποπέπηκτο,
3154 1383 3241 1435 καὶ
3295 1381 3419 1454 περὶ
3461 1380 3634 1451 ἐαυτῷ
3685 1376 3860 1455 φόϐον
3899 1382 4021 1454 εἶχε

2353 1470 2444 1524 τὸν
2483 1472 2760 1544 μέγιστον,
2805 1470 2899 1525 κᾶν
2948 1472 3016 1525 τά
3064 1472 3236 1543 ὃμοια
3282 1470 3533 1532 κάκεῖνος
3572 1472 3694 1524 τότε
3723 1465 4014 1539 πεπόνθει,

2356 1558 2400 1613 εἷ
2463 1562 2536 1630 μή
2598 1581 2660 1633 γε
2733 1562 2767 1627 ἡ
2838 1560 3123 1636 Εόφροσνη
3183 1560 3658 1633 περιποιησαμένη
3716 1558 4016 1630 ἀπέπεμπε

2359 1649 2475 1719 μετ’
2516 1646 2729 1722 ὀλίγον.
2763 1645 2941 1704 Ἀλλά
2969 1652 3139 1703 ταῦτα
3174 1648 3268 1721 μὲν
3298 1648 3352 1711 ἐς
3380 1646 3658 1704 τοσοῦτον.

2497 1809 2685 1870 Ὅπως
2770 1806 3107 1884 ἐκστρατεόει
3194 1810 3222 1862 ὁ
3270 1807 3566 1884 ’βασιλεὺς
3653 1805 4015 1880 Ἀνδρόνικος

2966 1880 3048 1935 sic
3069 1877 3396 1951 Ἀνατολῆν.

2429 2006 2490 2062 Ὁ
2521 2002 2578 2060 δὲ
2620 2005 2879 2080 βασιλεὺς
2930 2008 3018 2061 καὶ
3074 2008 3240 2062 πάλιν
3285 2008 3352 2061 τά
3408 2007 3545 2061 κατὰ
3589 2009 3689 2075 τήν
3738 2006 4017 2075 ἀνατολὴν

2358 2098 2619 2149 νοσοῦντα
2653 2096 2861 2167 μαθὼν,
2908 2095 2957 2167 ἐξ
3017 2094 3145 2150 ὅτου
3201 2116 3303 2167 περ
3357 2097 3385 2149 ὁ
3447 2093 3717 2165 δεσπότης
3761 2098 4021 2165 Ἰωάννης

2360 2180 2411 2252 ἐξ
2462 2183 2762 2253 ἀνθρώπων
2806 2184 3046 2260 γεγονὼς
3097 2183 3396 2260 ἐκεχειρίαν
3444 2190 3708 2259 παρεῖχεν
3741 2184 3795 2246 ἐς
3830 2190 4026 2239 τοσοῦ-

2357 2292 2451 2325 τον
2512 2272 2743 2347 Πέρσαις
2805 2272 2945 2328 ὥστε
3013 2272 3102 2328 καὶ
3163 2272 3371 2347 ΐσχύειν
3432 2273 3733 2345 Ῥωμαίοις
3790 2272 4027 2337 ἐπιτίθε-

2362 2362 2481 2415 σθαι
2508 2363 2594 2415 καὶ
2655 2367 2851 2416 κακοῦν
2915 2363 2996 2434 (τά
3052 2363 3157 2436 γὰρ
3213 2362 3349 2417 κατά
3405 2360 3715 2438 Μαίανδρον
3779 2363 3869 2417 καὶ
3913 2366 4023 2419 Κα-

2363 2449 2476 2522 ρίαν
2531 2449 2619 2504 καὶ
2680 2451 3014 2526 Ἀντιόχειαν
3071 2449 3179 2521 ἤδη
3240 2449 3333 2505 καί
3389 2451 3787 2522 τετελευτήκει,
3846 2453 3912 2506 τὰ
3967 2449 4025 2506 δὶ

2359 2539 2564 2593 τούτων
2598 2541 2685 2593 καὶ
2749 2543 2829 2611 [Ρ.
2882 2543 3008 2614 321]
3070 2538 3148 2594 ἔτι
3199 2538 3466 2615 ἐνδοτέρω
3523 2538 3712 2603 δεινῶς
3748 2540 4025 2612 ἐξησθένει

2361 2628 2577 2683 καὶτοῦ
2609 2628 2984 2707 ἶατρεύσοντος
3030 2626 3290 2707 ἔχρῃζον,
3336 2630 3427 2686 καὶ
3475 2629 3771 2701 ἡλίσκοντο
3828 2633 3926 2705 μὶν
3958 2631 4028 2687 τὰ

2366 2847 2949 2905 convivium.Pocula
2978 2864 3239 2919 eousque
3287 2848 3695 2920 frequentatur
3752 2852 3818 2903 ut
3875 2847 4029 2903 ebrii

2356 2938 2485 3008 jam
2516 2936 2711 2992 cuncti
2741 2938 2836 2991 vix
2868 2941 3061 2993 mente
3084 2938 3615 2992 constarent.Tunc
3636 2936 3836 2991 subito
3855 2937 4029 3007 quasi

2363 3042 2393 3081 e
2424 3043 2632 3082 somno
2666 3026 3078 3098 expergiscens
3106 3024 3319 3098 Nogas,
3346 3030 3405 3081 et
3435 3024 3871 3096 ancipitesillas
3897 3025 4026 3081 fru-

2363 3118 2701 3183 strationes,
2742 3117 2959 3187 quibus
2991 3132 3053 3172 se
3088 3133 3257 3172 usum
3299 3116 3586 3171 hactenus
3647 3116 4026 3181 meminerat,

2364 3206 2631 3263 decidere
2662 3204 2975 3277 aliquando
3005 3205 3206 3261 volens
3228 3205 3285 3260 in
3320 3206 3576 3261 favorem
3604 3203 3819 3259 Asanis
3872 3204 4028 3259 forte

2363 3302 2504 3351 tunc
2536 3295 2649 3351 sibi
2681 3295 2753 3351 ad
2786 3296 2943 3350 latus
2974 3293 3293 3350 assidentis
3323 3293 3593 3363 (inferius
3648 3297 3875 3360 autem,
3914 3293 4028 3348 sed

2352 3384 2605 3440 invicem
2642 3384 2868 3439 adversi
2900 3383 3037 3438 hinc
3069 3383 3396 3451 Lachanas,
3431 3383 3568 3438 inde
3620 3386 4022 3453 protostrator

2353 3473 2533 3543 hujus
2563 3474 2963 3545 Tzasimpaxis
2994 3473 3405 3542 consederant)
3432 3471 3679 3542 imperat
3703 3470 3859 3527 468
3885 3471 4019 3525 suis

2351 3562 2667 3633 tranquille
2699 3578 2765 3618 ac
2797 3563 2966 3634 quasi
2999 3562 3148 3617 nihil
3178 3567 3438 3627 acturus,
3464 3560 3780 3631 corripiant
3802 3576 4019 3615 secure

2352 3652 2813 3717 recumbentem,
2849 3656 2913 3706 ut
2938 3656 3084 3717 erat,
3126 3651 3455 3705 Lachanam
3484 3667 3499 3718 ;
3532 3648 3707 3719 idque
3746 3648 3888 3703 dum
3924 3648 4015 3703 illi

2352 3739 2873 3813 agunt,dicit:«Hic
2906 3739 3093 3795 hostis
3123 3744 3213 3795 est
3241 3736 3616 3809 imperatoris
3654 3736 3837 3808 patris
3868 3737 4012 3803 mei,

2351 3834 2409 3886 et
2436 3829 2609 3901 plane
2638 3828 2919 3902 indignus
2950 3828 3050 3900 qni
3076 3828 3268 3883 vivere
3300 3826 3589 3895 sinatur;»
3623 3843 3749 3897 quae
3781 3825 3870 3881 illi
3903 3842 4014 3880 au-

2352 3918 2580 3974 dientes
2600 3916 3147 3990 correptisinfelicis
3164 3916 3443 3987 utrinque
3459 3915 3731 3970 manibus
3744 3912 4013 3969 cultrum

2351 4006 2711 4079 injugulum
2743 4008 3085 4075 demittunt,
3130 4011 3186 4061 et
3244 4022 3379 4061 mox
3427 4004 3645 4061 ibidem
3696 4004 4015 4059 cadentem

2351 4100 2615 4152 enecant.
2640 4096 2890 4153 Iteratur
2922 4112 3056 4152 mox
3083 4095 3271 4150 ferum
3303 4094 3617 4166 imperium
3651 4093 3709 4147 in
3742 4092 4015 4149 Tzasim-

2354 4188 2545 4257 paxim
2568 4192 2626 4243 et
2652 4188 2894 4243 adverso
2927 4185 3422 4257 spectantem,qui
3470 4186 3725 4256 impacta
3756 4184 3815 4237 in
3878 4185 4014 4254 ejus

2352 4277 2635 4332 cervicem
2667 4293 2843 4332 manu
2877 4276 3149 4332 satellitis
3176 4275 3365 4332 securi
3402 4273 4014 4345 trucidatur.Tragico

2350 4365 2684 4435 spectaculo
2720 4367 3026 4436 perculsus
3060 4369 3211 4421 Asan
3236 4364 3347 4421 sibi
3378 4360 3904 4419 vehementissime
3936 4362 4013 4415 ti-

2352 4455 2520 4521 muit,
2556 4471 2669 4509 non
2704 4455 2832 4510 sine
2862 4471 3043 4510 causa
3076 4471 3088 4509 :
3122 4470 3256 4509 nam
3290 4452 3457 4524 paria
3500 4457 3557 4507 et
3608 4452 3734 4523 ipse
3791 4467 4016 4522 passus

2352 4547 2528 4609 esset,
2566 4544 2623 4597 ni
2655 4549 2797 4599 tunc
2845 4544 3257 4615 Euphrosynes
3306 4541 3636 4596 interventu
3695 4555 3762 4595 ac
3807 4539 4015 4594 studio

2352 4638 2641 4703 servatus,
2674 4633 2849 4705 paulo
2877 4638 3009 4704 post
3037 4630 3350 4687 incolumis
3381 4630 3668 4686 dimissus
3696 4632 3875 4684 esset.
3900 4632 4015 4684 At-

2350 4740 2464 4794 que
2492 4724 2610 4781 haac
2644 4724 2882 4796 quidem
2914 4739 2976 4779 se
3006 4723 3066 4778 in
3100 4722 3257 4777 hunc
3288 4721 3532 4777 modum
3564 4720 3849 4775 habuere.

2418 4866 2489 4919 20
2520 4867 2817 4939 Expeditio
2848 4864 3199 4939 imperatoris
3222 4863 3523 4920 Andronici
3543 4863 3603 4918 in
3627 4862 3929 4919 Orientem.

2420 4996 2494 5045 At
2523 4993 2859 5064 imperator,
2892 4995 3189 5064 comperto
3223 4988 3491 5045 laborare
3521 5002 3614 5043 res
3648 4984 4008 5051 Orientales,

2346 5097 2417 5136 ex
2448 5098 2563 5153 quo
2594 5083 2826 5138 sublato
2858 5099 2927 5138 ex
2959 5080 3239 5137 humanis
3267 5082 3497 5135 Joanne
3543 5078 3790 5150 despota
3846 5077 4009 5133 fidu-

2346 5170 2493 5226 ciam
2528 5178 2744 5228 lantam
2797 5174 2983 5229 Persae
3014 5173 3417 5241 sumpserant,
3442 5174 3510 5223 ut
3529 5184 3644 5224 non
3679 5167 3853 5222 modo
3886 5183 4009 5223 non

2346 5261 2687 5318 dubitarent
2735 5262 2887 5317 ultro
2937 5264 3238 5316 Romanos
3279 5256 3577 5323 invadere,
3622 5256 3725 5311 sed
3775 5255 4009 5326 passim

2343 5351 2493 5407 fines
2522 5367 2724 5407 eorum
2752 5348 3115 5407 incursando
3146 5350 3466 5403 vastarent.
3502 5345 3798 5417 Regiones
3846 5344 4013 5401 circa

2340 5442 2697 5497 Maeandrum
2711 5445 2767 5496 et
2786 5440 3019 5497 Cariam
3031 5442 3089 5495 et
3113 5434 3479 5493 Antiochiam
3495 5434 3623 5506 jam
3663 5435 3834 5505 plane
3876 5450 4008 5506 per-

2341 5531 2531 5586 ierant
2562 5546 2575 5586 :
2609 5531 2711 5587 sed
2742 5537 2800 5588 et
2830 5529 2922 5587 his
2948 5528 3143 5586 adhuc
3174 5525 3453 5582 interiora
3484 5523 3741 5598 graviter
3788 5523 4007 5580 debili-

2340 5624 2461 5674 tata
2485 5620 2761 5691 jacehant
2792 5618 3005 5676 medici
3049 5614 3424 5689 sospitatoris
3454 5630 3563 5686 ope
3613 5614 4008 5670 vehementer

2338 5709 2591 5781 egentia.
2622 5708 2746 5766 Diri
2750 5708 3065 5783 piebantur
3082 5706 3277 5763 vicina
3296 5704 3529 5778 Caystro
3550 5709 3610 5760 et
3623 5702 3843 5761 Priona
3866 5702 4002 5760 loca
