4242 6438
188 382 290 440 929

1237 383 1336 437 DE
1371 380 1742 437 MICHAELE
1779 378 2226 438 PLLEOLOGO
2260 383 2395 439 LIB.
2436 384 2533 438 VI.

3485 386 3594 441 930

181 508 313 564 κατὰ
360 508 643 581 Κάϋστρον
674 504 765 560 καὶ
798 506 1067 579 Πριήνην,
1099 502 1399 574 ἡλίσκοντο
1433 502 1480 558 δ’
1504 502 1610 574 ἤδη
1647 502 1736 557 καὶ
1765 502 1827 557 τὸ
1857 507 1911 573 Α
1942 502 2180 573 ἥπτοντο
2211 508 2299 561 καὶ
2331 504 2675 583 προῦκοπτον
2736 507 3250 581 ἀνοικοδομοῦντες,
3296 512 3395 577 τήν
3430 509 3503 571 εἰς
3535 511 3595 563 τὸ

184 598 317 652 κατὰ
376 596 654 665 Μίλητον,
713 596 801 648 καὶ
840 592 1112 669 Μαγεδὼν
1146 594 1333 648 καὶτὰ
1373 592 1678 667 πρόσχωροι
1704 592 1841 646 κατὰ

182 686 396 755 πολλὴν
422 691 521 741 τοῦ
569 683 920 746 κωλύσοντος
973 684 1202 759 ἐρημίαν
1256 684 1685 758 ἐξηφανίζοντο),
1732 679 1840 736 δεῖν

182 771 316 851 ἔγνω
347 777 439 830 τὸν
478 776 592 828 υἱὸν
627 772 792 828 αὐτοῦ
835 773 926 827 καὶ
961 772 1187 849 βασιλέα
1236 770 1581 846 Ἀνδρόνικον
1629 771 1839 842 σύναμα

184 865 268 919 καὶ
298 870 418 926 ταῖς
457 865 573 919 κατ’
636 861 906 931 ἀνατολὴν
972 860 1227 933 δυνάμεσι
1289 863 1545 933 πέμπειν.
1610 862 1711 916 Καὶ
1770 857 1835 929 δὴ

185 954 567 1028 παραγεγονὼς
644 952 756 1023 ἅμα
836 948 1088 1024 δεσποίνῃ
1162 951 1320 1005 τάκεῖ
1378 950 1623 1019 καθίστα,
1694 946 1835 1023 ἔχων

185 1043 317 1120 ἄμφ’
372 1043 535 1096 αὐτὸν
588 1040 678 1093 σὺν
713 1038 955 1103 πολλοῖς
1000 1038 1195 1103 ἄλλοις
1228 1044 1508 1113 μεγιστᾶσι
1536 1038 1625 1091 τόν
1653 1058 1711 1092 τε
1744 1038 1841 1108 μὲ-

185 1152 280 1205 γαν
311 1128 634 1202 δομέστικον
668 1131 903 1203 ΜιχαήΛ
934 1127 1028 1183 τὸν
1073 1127 1525 1202 Ταρχανειώτην,
1558 1128 1615 1180 ’ὀν
1650 1124 1716 1195 δὴ
1749 1127 1835 1180 καὶ

187 1218 563 1293 Παλαιολόγον
596 1216 831 1295 ἔγραφον
888 1223 1333 1291 μητρωνυμικῶς
1382 1218 1470 1271 καὶ
1522 1217 1574 1279 ἐς
1624 1236 1838 1289 πρωτο-

189 1304 494 1383 ϐεστιαρίου
526 1308 731 1382 ἀνῆγον
789 1308 958 1378 τιμὴν
1020 1306 1326 1379 ἐσύστερον,
1384 1306 1472 1360 καὶ
1529 1306 1618 1359 τὸν
1661 1325 1840 1379 παρα-

185 1398 538 1470 κοιμώμενον
563 1403 665 1465 τῆς
720 1394 966 1471 μεγάλης
1015 1393 1308 1472 σφενδόνης
1356 1394 1689 1467 Νοστόγγον,
1748 1396 1835 1447 καὶ

187 1487 276 1540 σὺν
334 1485 519 1547 αὐτοῖς
550 1484 632 1539 ὅτι
678 1484 971 1547 πλείστους
998 1485 1065 1538 τὰ
1092 1488 1199 1537 τῶν
1236 1481 1497 1538 δουλειῶν
1532 1481 1839 1546 διευθύνον-

188 1597 301 1637 τας.
354 1577 417 1631 Ὁ
477 1573 535 1629 δὲ
570 1572 826 1649 βασιλεὺς
856 1571 1208 1647 Ἀνδρόνικος
1239 1574 1300 1627 τὸ
1348 1573 1493 1646 παρὰ
1532 1570 1837 1647 Μαίανδρον

186 1662 545 1739 διερχόμενος
575 1660 681 1718 εἶδε
711 1662 800 1715 καὶ
857 1661 1021 1716 πόλιν
1078 1664 1338 1736 μεγίστην
1395 1661 1489 1723 τὰς
1543 1660 1836 1735 Τράλλεις,

185 1754 274 1808 καὶ
334 1751 401 1820 δὴ
461 1752 607 1808 ἑάλω
658 1773 716 1806 τε
746 1756 866 1812 ταῖς
897 1756 995 1805 τοῦ
1024 1750 1198 1805 τόπου
1232 1753 1443 1825 χάρισι,
1476 1750 1565 1803 καὶ
1599 1751 1649 1803 οἳ
1681 1748 1837 1825 λογι-

1944 600 2126 647 πονεῖν
2161 596 2468 668 προθυμίαν
2517 598 2605 650 καὶ
2637 596 2849 667 μᾶλλον
2892 597 3106 669 ἐπηύξει
3143 598 3399 671 χρησμὸς
3448 598 3592 671 εὑρε-

1945 683 2056 745 θεὶς
2103 681 2269 738 ἐκεῖσε
2313 686 2750 761 ἐγγεγραμμένος
2805 688 3079 760 μαρμάρῳ
3126 687 3199 747 ὡς
3262 684 3421 754 δῆθεν
3470 687 3591 740 ἀνα-

1945 772 2240 841 πήσοντὸς
2325 793 2471 835 τινος
2556 775 2757 844 ταύτην
2829 780 3093 829 πεσοῦσαν
3168 774 3255 828 καὶ
3329 776 3466 848 πρὸς
3532 777 3593 828 τὸ

1943 866 2187 934 κρεῖττον
2234 860 2267 929 ἢ
2313 862 2573 938 πρότερον
2625 862 3002 933 ἐπανάξοντος.
3053 865 3150 925 Ὃς
3203 861 3267 931 δὴ
3322 865 3406 917 καὶ
3456 884 3593 937 παρ-

1945 952 2186 1025 εμῳερής
2237 950 2390 1022 ἐῴκει
2448 953 2582 1023 πρός
2652 972 2708 1005 τε
2782 952 2848 1005 τὰ
2921 953 3263 1026 πραττόμενα
3339 954 3428 1005 καὶ
3502 952 3591 1007 τὸν

1943 1036 2314 1107 ἀναστήσοντα
2388 1040 2523 1093 κατὰ
2574 1042 2793 1107 πάντα,
2854 1038 2981 1095 ὥστ’
3051 1041 3211 1094 αὐτὸν
3281 1039 3591 1114 λογίζεσθαι

1949 1125 2173 1199 βασιλέα
2223 1130 2339 1181 καθ’
2387 1129 2444 1182 ὃν
2479 1126 2533 1181 εὖ
2567 1130 2783 1202 πράξειν
2836 1128 3319 1204 ἐχοησμολογεῖτο
3360 1132 3457 1197 τήν
3493 1131 3597 1182 πό-

1946 1214 2054 1271 λιν.
2106 1215 2209 1270 Καὶ
2263 1215 2351 1270 διά
2395 1222 2561 1271 ταῦτα
2601 1216 2777 1281 πολὺς
2823 1219 2889 1287 ἦν
2942 1216 3289 1289 Ἀνδρόνικος
3341 1217 3595 1292 βασιλεὺς

1946 1302 2283 1358 ἐπισπεύδων
2319 1307 2419 1374 τὴν
2472 1311 2571 1371 τῆς
2631 1307 2847 1368 πόλεως
2907 1306 3268 1379 ἐξανάστασιν·
3333 1308 3597 1380 εἱμαρμέ-

1943 1413 2067 1447 νους
2117 1394 2203 1447 καὶ
2230 1395 2329 1469 γάρ
2360 1396 2595 1470 χρόνους
2646 1393 2827 1450 ἐδίδου
2880 1400 2958 1467 τῷ
3010 1396 3361 1465 ἀναστήσοντι
3396 1397 3423 1450 ὁ
3453 1417 3599 1471 ’χρη-

1945 1482 2101 1554 σμός.
2133 1483 2233 1537 Καὶ
2266 1482 2654 1557 ἀνῳκοδόμουν
2720 1482 2888 1556 μηδὲν
2941 1482 3266 1556 μέλλοντες.
3320 1483 3502 1553 Χλεύη
3552 1484 3597 1539 δ’

1946 1572 2026 1643 ἄρ’
2086 1571 2220 1639 ἦσαν
2279 1573 2369 1626 καὶ
2428 1570 2634 1648 ὄνειρος
2684 1576 2751 1628 τά
2806 1574 3153 1651 γραφόμεναι
3218 1572 3443 1649 ε’ίμαρτο
3498 1574 3599 1649 γὰρ

1940 1660 2219 1714 κάντεῦθεν
2251 1663 2341 1716 καὶ
2380 1663 2712 1735 μυριοστύας
2763 1664 2896 1723 ὅλας
2939 1663 3157 1718 ὀλέσθαι
3187 1667 3293 1717 τῶν
3326 1664 3439 1717 ἐκεῖ
3467 1685 3600 1717 κατ-

1948 1750 2304 1820 οικησόντων,
2336 1752 2409 1813 ὡς
2457 1752 2483 1804 ὁ
2535 1752 2701 1825 λόγος
2749 1750 2857 1820 ἤδη
2895 1749 3156 1821 δηλώσει.
3210 1753 3299 1812 Ὦς
3347 1752 3445 1827 γάρ
3480 1753 3599 1805 ἀνί-

190 1844 326 1915 σμὸς
358 1841 513 1915 ἐπῄει
547 1841 834 1916 ἀνεγείρειν
869 1844 1132 1894 πεσοῦσαν
1184 1841 1275 1893 καὶ
1325 1839 1453 1901 τοὺς
1504 1839 1841 1911 ἐξῳκηκότας
1880 1879 1927 1943 Β
1960 1858 2149 1890 σταντο
2211 1839 2303 1909 μὲν
2354 1841 2419 1892 τα
2467 1841 2625 1913 τείχη
2678 1842 2767 1893 καὶ
2824 1840 2986 1900 πόλις
3041 1844 3147 1893 τῶν
3212 1844 3481 1915 μεγίστων
3539 1843 3599 1894 τὸ

192 1931 206 1943 ι
279 1938 301 1943 _
455 1931 468 1943 ε
550 1930 638 1943 εικκ
830 1928 848 1943 \
904 1930 913 1943 Ι
1134 1928 1148 1943 θ
1198 1930 1246 1943 ’.Α
1473 1929 1485 1943 ι
1759 1930 1768 1943 φ
1963 1924 1976 1943 θ
2056 1925 2065 1943 1
2226 1927 2254 1943 ν
2455 1929 2465 1943 \
2596 1940 2599 1943 .
2701 1929 2713 1943 \
2787 1928 2823 1943 01
3013 1932 3061 1943 ι.
3114 1930 3125 1943 1
3202 1927 3224 1943 λ
3408 1928 3459 1943 νκ
3548 1927 3588 1943 Ha

188 1931 388 1995 ἐκεῖθεν
422 1931 513 1984 σὺν
546 1930 738 1991 ἄλλοις
786 1928 1067 1991 πλείστοις
1100 1928 1348 1997 οἶκίζειν,
1398 1929 1487 1982 καὶ
1540 1930 1842 2001 καταστάση

189 2023 448 2095 παρέχειν
502 2020 565 2075 τὸ
615 2019 664 2091 ἐξ
718 2020 886 2073 αὑτοῦ
920 2014 1117 2090 ὄνομα,
1150 2020 1224 2081 ὡς
1257 2020 1328 2089 μὴ
1364 2016 1633 2089 Τράλλεις
1668 2018 1846 2071 ἐντεῦ-

189 2122 295 2177 θεν,
327 2108 454 2164 ἀλλ’
516 2106 1000 2180 Ἀνδρονικόπολιν
1036 2105 1130 2161 εἶ’τ’
1189 2106 1279 2160 οὖν
1328 2104 1842 2179 Παλαιολογόπολιν

186 2194 572 2267 ὀνομάζεσθαι.
618 2192 875 2261 Σπουδὴν
921 2197 1051 2268 γοῦν
1093 2194 1191 2261 τὴν
1227 2194 1486 2267 μεγίστην
1537 2194 1660 2268 περί
1710 2193 1845 2247 ἐκεί-

179 2305 280 2353 νην
345 2284 576 2357 εἰσῆγε,
630 2283 722 2337 καὶ
781 2284 871 2337 τὸν
939 2283 1101 2358 μέγαν
1164 2280 1488 2353 δομέστικον
1550 2281 1843 2351 ἐπιστήσας

184 2371 569 2446 ἀνοικοδομεῖν
617 2372 833 2427 ἐκέλευε
877 2374 979 2441 τήν
1024 2371 1315 2447 ταχίστην.
1364 2378 1447 2433 Ὠς
1504 2376 1634 2447 γοῦν
1686 2371 1845 2446 ἔργου

191 2593 537 2649 ferebantur
565 2590 741 2646 etiam
772 2596 829 2646 et
859 2592 1185 2663 agebantur
1240 2590 1598 2662 quotidiauis
1656 2590 1850 2645 incur-

196 2682 461 2736 santium
495 2680 706 2753 praedis
730 2681 996 2737 Milesius
1027 2698 1165 2752 ager
1195 2686 1251 2735 et
1283 2681 1586 2752 Magodon,
1608 2697 1853 2752 queque

196 2771 294 2827 his
326 2771 547 2841 afﬁnis,
580 2770 640 2825 in
672 2787 908 2826 summa
936 2770 1316 2827 destitutione
1366 2770 1621 2841 praesidii
1660 2771 1853 2825 omnis

196 2859 441 2931 injuriis
465 2860 724 2916 hostium
752 2860 1187 2930 exposita.Gum
1218 2861 1359 2928 haec,
1418 2860 1682 2931 inquam,
1733 2865 1854 2917 Au-

198 2956 412 3021 gustus
444 2954 763 3021 reputaret,
796 2950 1126 3005 faciendum
1160 2949 1273 3004 sibi
1314 2950 1520 3005 statuit
1550 2955 1614 3004 ut
1667 2950 1853 3004 ﬁlium

198 3055 380 3094 suum
412 3042 469 3093 et
500 3038 557 3092 in
580 3038 824 3110 imperio
847 3039 1126 3109 collegam
1151 3039 1549 3094 Andronicum
1569 3055 1635 3093 eo
1662 3039 1854 3093 mitte—

196 3133 288 3183 ret
319 3144 455 3182 cum
499 3128 683 3198 copiis
733 3132 964 3198 quantae
1014 3144 1118 3200 per
1171 3126 1493 3182 Orientales
1548 3128 1700 3182 469
1734 3143 1857 3197 pro-

195 3217 428 3272 vincias
458 3222 642 3271 erant.
676 3217 729 3271 Is
762 3217 945 3287 igitur
974 3234 1040 3272 eo
1073 3233 1206 3271 cum
1241 3219 1504 3287 Augusta
1563 3216 1853 3287 profectus

196 3307 397 3376 lapsas
420 3305 497 3359 ibi
523 3322 615 3361 res
638 3306 961 3369 constituit,
987 3306 1211 3360 habens
1234 3305 1387 3360 circa
1408 3322 1470 3360 se
1490 3322 1622 3360 cum
1650 3304 1856 3359 multis

196 3394 335 3449 aliis
372 3409 674 3465 procerem
725 3410 1009 3465 magnum
1069 3394 1452 3449 domesticum
1517 3393 1858 3450 Michaelem

196 3483 681 3553 Tarcbaniotam,
715 3500 887 3553 quem
919 3484 980 3538 in
1008 3483 1392 3554 Palaeologam
1438 3485 1859 3555 transcriptum

202 3578 443 3644 gentem
476 3589 510 3627 a
542 3576 727 3628 matre
750 3573 1208 3628 denominabant
1236 3577 1293 3628 et
1324 3573 1383 3627 in
1434 3573 1862 3644 protovestiarii

204 3662 564 3732 dignitatem
598 3668 803 3733 postea
832 3668 1170 3716 avexerunt.
1230 3663 1442 3717 Aderat
1476 3668 1745 3734 praeterea
1768 3679 1861 3717 cu-

205 3756 337 3807 stos
371 3751 565 3822 magni
589 3750 765 3821 sigilli
792 3751 1147 3822 Nostongus,
1182 3756 1239 3807 et
1270 3767 1401 3824 cum
1454 3751 1599 3822 ipsis
1655 3767 1864 3821 quam-

198 3841 301 3913 plu
314 3840 608 3895 rimiaulaa
632 3841 979 3897 ministeriis
999 3842 1325 3913 fungentes.
1353 3841 1527 3895 Porro
1552 3843 1867 3911 imperator

198 3930 581 3985 Andronicus
613 3931 883 4001 regiones
916 3932 987 3986 ad
1021 3930 1377 3985 Maeandrum
1411 3930 1672 3985 lustrans
1723 3931 1867 3985 vidit

202 4020 506 4074 civitatem
540 4019 679 4073 olim
714 4020 1056 4085 maximam,
1088 4025 1230 4074 tunc
1261 4036 1524 4074 eversam
1558 4019 1868 4085 Tralles,et

198 4108 317 4162 loci
342 4108 778 4178 opportunitate
808 4114 1092 4179 grataque
1124 4109 1459 4163 ammnitato
1491 4113 1695 4179 captus
1716 4110 1870 4180 cogi-

202 4196 492 4251 tationem
527 4197 786 4268 suscepit
816 4198 946 4267 ejus
980 4198 1375 4252 restaurandze
1400 4198 1866 4268 frequentanda:-

202 4302 323 4356 que
349 4286 700 4340 reducendis
716 4285 1077 4356 postliminio
1101 4288 1201 4357 qui
1220 4286 1461 4357 reperiri
1479 4286 1707 4357 uspiam
1733 4304 1866 4357 pos-

203 4378 345 4428 sent
366 4374 592 4429 dudum
618 4374 1020 4431 exterminatis
1055 4376 1230 4445 hujus
1247 4376 1492 4441 civibus,
1526 4382 1582 4429 et
1602 4374 1732 4430 aliis
1758 4393 1867 4429 un-

202 4464 520 4534 decunque
551 4464 621 4519 ad
659 4465 888 4535 justum
945 4464 1110 4519 urbis
1170 4480 1396 4535 magnae
1457 4465 1868 4536 complendum

205 4567 531 4606 numerum
563 4553 869 4609 addendis.
922 4552 1184 4608 Decrevit
1216 4558 1409 4607 autem
1474 4552 1555 4607 sic
1589 4556 1871 4608 restituta:

205 4641 437 4695 civitati
468 4657 679 4696 nomen
709 4659 742 4696 a
773 4659 835 4697 se
866 4659 1079 4698 novum
1114 4644 1335 4711 indere,
1388 4647 1451 4695 ut
1483 4658 1594 4697 non
1648 4643 1870 4698 Tralles

205 4730 516 4801 dienceps,
547 4731 648 4785 sed
699 4730 1187 4802 Andronicopolis
1238 4736 1340 4786 aut
1397 4731 1870 4801 Palaeol0gopolis

203 4824 540 4874 vocaretur.
577 4820 784 4874 Studio
814 4821 996 4891 igitur
1025 4837 1201 4891 quam
1238 4820 1493 4875 maximo
1528 4822 1584 4874 in
1623 4822 1675 4874 id
1714 4822 1871 4876 incu-

204 4907 365 4974 buit,
401 4909 714 4979 praeposito
745 4908 844 4964 isti
884 4910 1045 4979 operi
1105 4925 1318 4979 magno
1374 4910 1719 4974 domestico,
1770 4911 1870 4981 qui

206 4996 467 5067 impigre
495 4997 775 5053 fabricam
808 4999 1061 5054 adorsus
1092 4999 1282 5053 moliri
1338 5003 1491 5054 tecta
1548 5015 1614 5053 ac
1670 5016 1872 5055 muros

207 5086 412 5157 coepit.
446 5089 829 5143 Commodum
856 5092 1077 5155 autem,
1109 5087 1261 5143 mole
1303 5089 1430 5158 jam
1461 5088 1689 5143 aedificii
1749 5105 1870 5144 cre-

209 5174 807 5243 scente,alacritatem
832 5178 1187 5249 perducendi
1205 5178 1276 5232 ad
1292 5176 1676 5248 colophonem
1699 5179 1873 5248 ccepti

208 5265 431 5320 miram
465 5265 680 5336 injecit,
702 5267 849 5322 forte
903 5267 1202 5321 inventum
1245 5267 1397 5321 inter
1426 5268 1639 5322 rudera
1668 5284 1873 5322 oracu-

210 5354 367 5423 lum,
396 5354 760 5427 insculptum
784 5356 1086 5425 marmori,
1112 5356 1320 5412 litteris
1341 5358 1557 5426 quibus
1580 5357 1875 5427 signiﬁca-

212 5445 395 5499 batur
424 5445 773 5501 exstiturum
807 5446 1119 5517 quemdam
1157 5447 1258 5517 qui
1319 5446 1521 5501 urbem
1581 5461 1709 5500 eam
1744 5463 1874 5517 pro-

1898 3237 1929 3261 Π

1900 4595 1949 4658 D

208 5537 463 5589 stratam
498 5535 708 5591 iterum
729 5536 1168 5591 attolleretetin
1185 5535 1483 5591 meliorem
1511 5552 1687 5607 quam
1714 5538 1875 5607 prius
1926 5554 1929 5557 π

208 5622 465 5678 fortuna:
496 5639 562 5679 ae
591 5624 886 5681 felicitatis
944 5630 1161 5680 statum
1217 5627 1511 5681 excitaret.
1572 5626 1650 5681 Iis
1679 5630 1874 5681 autem

210 5712 407 5785 signis
436 5713 903 5772 adumbrabatur
931 5715 1047 5771 iste
1076 5730 1261 5772 novus
1291 5714 1657 5771 instaurator
1706 5715 1872 5771 Tral-

1959 1924 2192 1998 ἐρείπιον
2221 1927 2286 1994 ἦν
2334 1929 2477 2001 παρὰ
2507 1929 2723 2002 γαληνὰ
2775 1928 2959 2002 ῥέοντα
3012 1927 3347 2001 Μαίανδρον,
3406 1928 3509 1983 ἔδει
3545 1927 3602 1983 δὲ

1954 2014 2043 2068 καὶ
2114 2015 2240 2076 τοὺς
2315 2021 2743 2086 κατοικήσημντας
2822 2019 3166 2092 πανταχόθεν
3226 2018 3598 2092 συλλέγεσθαι,

1955 2104 2029 2163 ὡς
2062 2101 2118 2156 ἂν
2157 2106 2229 2176 μή
2270 2106 2429 2176 μόνον
2457 2107 2714 2181 τείχεσιν,
2749 2105 2895 2160 ἀλλὰ
2923 2107 3010 2160 καὶ
3043 2105 3295 2178 ἀνδράσιν
3347 2106 3397 2160 ἐν
3448 2129 3604 2179 περι-

1956 2192 2142 2268 φανέσι
2187 2198 2294 2246 τῶν
2343 2192 2558 2248 πόλεων
2628 2196 2933 2269 ἀριθμῴτο,
2993 2196 3067 2257 ὡς
3130 2196 3261 2270 ὑπὲρ
3319 2196 3608 2271 τριάκοντα

1960 2282 2052 2354 μὲν
2109 2281 2196 2335 καὶ
2253 2279 2305 2352 ἓξ
2363 2282 2620 2358 χιλιάδας
2671 2284 2762 2337 τὸν
2812 2288 2918 2337 τῶν
2974 2283 3207 2339 ἐποίκων
3264 2287 3609 2360 ἀριθμεῖσθαι

1955 2372 2108 2437 Ααὸν,
2166 2370 2375 2445 μεγάλα
2407 2372 2451 2427 δ’
2484 2373 2727 2442 ἐλπίζειν
2762 2380 2892 2451 σφᾶς
2944 2376 3168 2449 σχήσειν
3214 2380 3292 2447 τῷ
3343 2376 3583 2448 οἷ’κισμῷ

1962 2590 2105 2645 lium
2138 2606 2490 2657 eversarum,
2553 2608 2676 2662 quae
2737 2594 3042 2647 commode
3102 2593 3160 2647 in
3218 2594 3611 2648 Andronicum

1964 2681 2167 2735 cadere
2196 2681 2559 2740 viderentur.
2595 2687 2655 2733 ut
2684 2698 2794 2735 non
2833 2687 3137 2752 putaretur
3168 2682 3413 2736 dubium
3472 2685 3613 2752 quin

1963 2768 2084 2823 haec
2109 2768 2235 2839 ipsa
2267 2786 2393 2839 quae
2416 2776 2549 2823 tunc
2577 2770 3114 2838 p'arebunturverus
3145 2776 3393 2825 eventus
3442 2771 3613 2825 istius

1965 2864 2159 2913 essent
2189 2858 2472 2925 vaticinii,
2500 2859 2761 2929 adeoque
2794 2860 2893 2927 qui
2944 2860 3140 2913 aderat
3199 2859 3487 2930 princeps,
3519 2860 3616 2914 ille

1964 2946 2137 3019 plane
2165 2946 2290 3017 ipse
2336 2946 2483 3002 foret
2539 2948 2706 3016 cujus
2737 2948 2891 3001 470
2941 2947 3281 3002 melioribus
3336 2949 3615 3019 auspiciis

1967 3037 2359 3106 reponendam
2396 3036 2456 3090 in
2490 3036 2886 3092 ﬂorontiorem
2924 3054 3101 3107 quam
3136 3054 3397 3108 unquam
3448 3044 3619 3092 antea

1969 3126 2263 3179 fortunam
2300 3125 2650 3196 prophetica
2680 3125 2806 3180 ista:
2827 3125 3031 3181 litterae
3064 3127 3454 3197 spondebant.
3478 3126 3621 3181 Hinc

1970 3214 2196 3269 scilicet
2226 3215 2522 3268 animatus
2547 3216 2917 3269 Andronicus
2948 3219 3171 3269 multus
3202 3223 3327 3270 erat
3359 3216 3415 3269 in
3451 3233 3622 3286 opere

1970 3304 2252 3373 urgendo,
2286 3302 2516 3357 illectus
2548 3304 2795 3359 maxime
2841 3320 2944 3375 spe
3006 3303 3339 3375 longissimi
3397 3305 3527 3359 vitae
3558 3321 3623 3359 ac

1969 3392 2133 3461 regni
2163 3392 2364 3462 spatii,
2399 3392 2553 3462 quod
2584 3392 2868 3447 Trallium
2901 3393 3276 3448 instauratori
3337 3398 3471 3464 post
3528 3410 3624 3449 eas

1970 3482 2271 3536 restitutas
2294 3481 2575 3536 divinitus
2609 3482 2686 3535 ibi
2721 3482 2980 3552 promitti
3012 3482 3336 3537 videbatur.
3382 3484 3624 3537 Summa

1969 3586 2106 3641 ergo
2128 3570 2501 3625 festinatione
2533 3577 2871 3625 accuratum
2898 3588 3044 3642 opus
3061 3578 3171 3641 est,
3189 3577 3438 3626 ettanta:
3462 3572 3624 3627 urbis

1971 3659 2275 3713 aadilicatio
2302 3659 2457 3714 brevi
2493 3663 2770 3730 perfecta.
2803 3665 2879 3715 At
2906 3660 3230 3716 ludibrium
3250 3668 3307 3715 et
3325 3662 3621 3716 somnium

1971 3765 2037 3804 ea
2057 3748 2164 3803 fuit
2184 3748 2512 3819 inscriptio:
2542 3748 2595 3802 id
2632 3749 2789 3803 enim
2814 3765 2946 3804 vere
2974 3750 3210 3805 demum
3241 3750 3295 3805 in
3323 3750 3456 3805 fatis
3480 3755 3622 3819 erat,

1973 3843 2146 3909 prout
2200 3843 2407 3893 eventa
2463 3842 2983 3904 demonstrarunt,
3046 3840 3229 3893 multa
3289 3839 3623 3894 mortalium

1974 3926 2182 3991 millia,
2217 3927 2315 3997 qui
2348 3944 2550 3982 recens
2586 3927 2758 3982 isthic
2790 3928 3088 3983 domicilia
3130 3927 3417 3994 fixissent,
3477 3928 3629 3984 male

1974 4016 2255 4087 peritura,
2290 4022 2464 4086 prout
2487 4017 2804 4087 contigisse
2825 4033 2957 4071 mox
2980 4018 3341 4071 docebimus.
3368 4017 3441 4072 Ut
3471 4020 3625 4071 enim

1974 4109 2168 4159 erecta
2190 4122 2291 4175 per
2325 4104 2636 4159 circuitum
2670 4106 2887 4160 mcsnia
2946 4106 3206 4172 fuerunt,
3239 4123 3270 4160 e
3329 4107 3631 4177 parietinis

1977 4194 2231 4247 rediviva
2262 4193 2403 4247 urbs
2434 4193 2659 4247 exstitit
2690 4194 2967 4261 maxima,
3002 4195 3142 4265 ripae
3173 4195 3455 4250 insistens
3488 4213 3629 4265 prae-

1976 4282 2304 4338 terfluentis
2329 4282 2553 4351 placide
2571 4284 3007 4339 tiaeandriJ-Jam
3024 4300 3195 4347 porro
3220 4300 3290 4339 ne
3314 4285 3632 4340 structuris

1978 4371 2297 4443 conspicua
2336 4370 2476 4425 solis
2519 4371 2577 4426 in
2605 4371 2931 4427 claritatem
2959 4389 3107 4427 novo
3131 4373 3419 4427 conditori
3452 4374 3631 4428 desti-

1979 4465 2176 4514 natam
2203 4476 2318 4514 non
2342 4458 3121 4531 eﬂloresceret,frequentari
3154 4461 3433 4517 nimirum
3459 4479 3627 4533 Opor-

1980 4550 2093 4604 tuit
2115 4549 2444 4604 convocatis
2467 4566 2679 4620 magno
2712 4566 2956 4606 numero
3001 4551 3243 4606 colonis.
3297 4555 3540 4606 Summo
3570 4551 3627 4606 id

1981 4639 2178 4693 studio
2209 4643 2501 4705 curatum,
2535 4656 2600 4693 eo
2632 4655 2909 4694 successu
2946 4646 3008 4694 ut
3036 4641 3198 4694 brevi
3230 4657 3435 4695 recens
3456 4643 3629 4694 indu-

1979 4732 2206 4782 ctorum
2232 4726 2370 4782 illuc
2390 4728 2607 4782 civium
2627 4744 2728 4783 sex
2748 4734 2804 4783 et
2824 4729 3068 4799 triginta
3087 4729 3354 4784 millibus
3369 4730 3625 4800 capitum

1979 4818 2304 4873 multitudo
2336 4825 2694 4873 censeretur.
2766 4819 2831 4873 Hi
2872 4836 3077 4874 omnes
3111 4821 3353 4891 optimis
3400 4820 3626 4876 alacres

1982 4908 2221 4977 spebus,
2246 4906 2463 4979 quippe
2486 4908 2767 4979 auspiciis
2790 4908 3157 4964 faustissima
3178 4910 3630 4982 spondentibus,

1982 4997 2536 5052 novaebabitationis
2568 4998 2826 5052 encaenia
2854 4996 3445 5070 celebrabanl,ignari
3479 5017 3541 5054 se
3572 5018 3631 5056 re

1984 5087 2234 5141 maxime
2256 5086 2587 5142 necessaria
2618 5103 2831 5142 carere.
2863 5087 2988 5144 Non
3022 5088 3180 5142 enim
3212 5089 3495 5145 cisternas
3533 5108 3631 5161 pa—

1984 5180 2270 5242 raverant,
2303 5182 2401 5230 aut
2434 5192 2611 5231 manu
2662 5177 2872 5233 effossa
2923 5178 3266 5249 circumque
3323 5184 3546 5235 structo
3578 5186 3635 5235 et

1984 5265 2168 5321 solide
2196 5266 2439 5321 inductu
2472 5267 2713 5321 tectorio
2745 5267 2973 5322 munita
3002 5270 3418 5339 conceptacula
3450 5287 3632 5340 aqua-

1984 5373 2115 5411 rum
2147 5357 2234 5411 vel
2264 5354 2743 5427 excipiendarum
2777 5374 2807 5410 e
2837 5357 3002 5423 ccelo,
3035 5374 3166 5412 cum
3202 5358 3449 5429 plueret,
3481 5360 3571 5415 vel
3604 5377 3635 5415 e

1985 5446 2161 5500 ﬂuvio
2188 5446 2744 5515 comportandarum
2769 5447 2828 5501 in
2849 5464 2993 5503 usus
3022 5448 3377 5503 domesticos
3400 5453 3455 5504 et
3482 5454 3636 5507 tem-

1986 5551 2194 5607 porum
2228 5550 2517 5589 annonam
2544 5536 2885 5593 dubiorum.
2904 5538 3092 5607 llujus
3119 5539 3199 5592 rei
3227 5541 3633 5608 praevertenda;

1986 5640 2161 5680 causa
2190 5629 2335 5693 erat,
2368 5623 2413 5678 si
2440 5625 2851 5693 advertissent,
2888 5627 3240 5693 necessaria,
3284 5631 3495 5683 natura
3526 5628 3635 5683 soli

1986 5713 2145 5770 illius
2175 5728 2454 5770 venarum
2476 5730 2683 5786 expers
2703 5717 2914 5773 subtus
2946 5717 3242 5773 manantis
3273 5718 3549 5790 aqua,ita
3570 5723 3637 5774 ut
