4242 6438
187 335 280 393 933
1213 332 1311 385 on
1346 324 1719 384 massam
1755 321 2202 378 rmonoeo
2234 325 2369 377 LIB.
2410 324 2508 378 vx.
3471 335 3578 392 934

189 455 317 533 δρίᾳ,
348 454 653 524 digium“
691 455 786 527 μὲν
824 454 914 508 καὶ
969 455 1078 507 τῶν
1133 448 1599 524 ἀπηγορευμένων
1655 444 1817 499 ἅπτε-
1849 451 1901 517 Α
1930 441 2178 516 θεμέλια,
2209 444 2277 533 το
2303 441 2359 498 δέ
2392 445 2463 533 γ’γ’
2519 443 2862 517 ἐπικείμενον
2907 452 3015 503 τῶν
3049 452 3358 525 κτισμάτων
3394 455 3581 525 ξύλοις

189 558 320 613 σθαι,
354 545 589 600 ἐντεῦθεν
637 540 696 598 Si
741 539 895 596 ὕδατι
952 544 1251 601 πονοῦντας
1307 538 1471 611 ὑγροῦ
1517 555 1665 595 τινος
1722 554 1827 605 μη·
1935 533 2179 603 έτοιμοις
2236 531 2315 593 εἷς
2386 530 2572 605 ἄναψιν
2662 534 2983 607 ὑπηρείδετο
3018 586 3032 610 ,
3117 542 3205 593 καὶ
3268 543 3427 613 μόνον
3513 547 3579 613 ἦν

189 636 357 711 χανήν
418 631 707 702 έκζητεῖν,
766 630 855 684 καὶ
926 633 1165 702 σννεχῶς
1221 620 1427 701 φλέϐας
1483 630 1590 678 τῶν
1639 620 1827 711 ἵππων
1935 624 2040 711 πῦρ
2096 616 2358 711 έμϐαλεῖν
2431 622 2505 682 ὡς
2588 620 2727 711 μηδὲ
2806 626 2941 699 πρὸς
3021 626 3205 704 ὀλίγον
3286 631 3582 703 ἀνθέξουσι.

186 707 475 795 τέμνοντας
505 720 602 774 τοῦ
663 717 895 791 α’ίματος
956 716 1212 793 ἐκροφᾷν.
1272 712 1433 770 Ἀλλ’
1495 711 1592 767 οὐκ
1647 711 1715 779 ἦν
1748 708 1828 763 ἐν·
1936 709 2041 766 Καὶ
2092 707 2157 777 δὴ
2216 707 2491 772 πολλάκις
2548 709 2869 785 ὁμολογίαις
2917 716 3015 784 τὴν
3086 717 3246 772 πόλιν
3306 724 3583 793 παραστή-

187 813 359 868 τεῦθεν
387 810 448 864 τὸ
492 814 597 862 πᾶν
630 814 732 877 τῆς
780 805 943 880 δίψης
995 806 1192 859 ἰᾶσθαι.
1239 803 1330 857 καὶ
1380 799 1637 872 ἔθνησκον
1670 796 1831 852 έπασ-

191 901 414 973 σύτεροι.
449 898 589 971 Πρὸς
619 897 723 971 γάρ
754 897 845 951 τὸν
904 894 1069 965 λιμὸν
1126 893 1216 947 καὶ
1282 890 1492 965 μᾶλλον
1542 890 1822 962 ἀντεῖχον·

193 991 456 1063 ἐπήρκουν
490 984 588 1061 δάρ
648 986 799 1060 σφίσι
832 986 922 1039 καὶ
951 984 1016 1037 τά
1045 988 1154 1037 τῶν
1216 981 1562 1050 θνησκόντων
1617 977 1829 1051 ἀλόγων

192 1081 432 1151 σώματα.
489 1077 579 1130 καὶ
612 1097 675 1149 γε
725 1074 900 1129 αὐτῶν
936 1073 1279 1142 θνησκόντων
1340 1068 1632 1137 πολλάκις,
1667 1066 1837 1127 οὕτως

192 1166 380 1227 ἐνδεῶς
414 1166 565 1240 εἶχον
593 1168 702 1219 τῶν
736 1162 1041 1237 ἀναγκαίων
1073 1163 1148 1223 ὡς
1193 1160 1281 1215 καὶ
1334 1159 1509 1213 αὐτῶν
1559 1157 1835 1212 ἅπτεσθαι.

198 1260 277 1329 Τῇ
311 1254 369 1310 δέ
400 1276 463 1328 γε
493 1252 627 1326 δίψη
684 1254 775 1307 καὶ
833 1250 1046 1324 μᾶλλον
1107 1248 1241 1322 οὔσῃ
1306 1246 1585 1323 βιαιοτέρᾳ
1643 1245 1741 1298 οὐκ
1769 1242 1837 1311 ἦν

190 1346 469 1414 ἐπινοῆσαι
525 1342 835 1417 θεραπείαν,
864 1340 955 1394 καὶ
1001 1342 1174 1393 ταῦτα
1224 1338 1286 1391 τὸ
1324 1330 1699 1409 μεσημϐρινὸν
1738 1336 1837 1387 τοῦ

189 1437 350 1504 ἡλιου
409 1433 726 1511 φλέγοντος.
782 1432 941 1487 ’Ὀθεν
1013 1428 1103 1483 καὶ
1160 1425 1550 1502 προσεχώρουν
1626 1424 1839 1511 ἑκόντες

186 1529 301 1586 τοῖς
328 1510 641 1594 πολεμίοις.
676 1518 1057 1593 άνκεκτότερον
1106 1516 1410 1591 ἡγούμενοι
1453 1512 1681 1577 θανάτου
1711 1510 1840 1585 τρό-

190 1633 288 1666 πον
323 1615 530 1667 ἅπαντα
566 1613 665 1664 τοῦ
711 1606 798 1663 διά
857 1606 1028 1680 λιμοῦ
1084 1627 1143 1660 τε
1187 1606 1277 1660 καὶ
1336 1602 1524 1677 δίψης,
1556 1603 1646 1656 καὶ
1704 1620 1838 1674 καγ-

198 1704 380 1762 κάνοις
434 1695 940 1774 προσλιπαροῦντες
998 1700 1115 1758 τοῖς
1176 1693 1441 1769 χείλεσιν,
1475 1694 1548 1754 ὡς
1601 1691 1839 1753 ἐντεῦθεν

195 1790 381 1853 ἐλέους
453 1789 673 1864 τύχοιεν
710 1831 724 1855 ,
787 1784 1100 1840 ἐκεντοῦντο
1158 1784 1247 1837 καὶ
1294 1779 1517 1836 ἔπιπτον
1597 1777 1838 1849 ἀκηδεῖς,
1874 1820 1920 1883 Β

284 1877 320 1883 -,
592 1877 637 1883 ,μ
718 1875 728 1883 .
970 1874 1034 1883 _.
1204 1870 1245 1883 κ.
1360 1872 1371 1883 .
1420 1866 1443 1883 ,ι
1594 1875 1616 1883 _
1700 1868 1713 1883 ς
1791 1869 1803 1882 ς

199 1877 338 1953 μηδέ
368 1885 542 1955 ταφῆς
581 1875 916 1948 ἀξιούμενοι.
970 1874 1169 1949 Πέρσαι
1202 1870 1259 1926 δὲ
1287 1872 1375 1925 καὶ
1419 1866 1495 1924 ἔτι
1530 1875 1644 1930 τοῖς
1696 1868 1845 1931 ἐντὸς

197 1967 543 2042 ἀντίσχουσιν
602 1964 862 2039 (ἤλπιζον
917 1965 1018 2038 γάρ
1078 1961 1354 2037 ἀφίξεσθαί
1412 1962 1573 2015 ποθεν
1623 1978 1843 2031 συμμα-

196 2056 387 2134 χίανῆ
425 2058 539 2129 μήη
602 2053 913 2127 ἐπικουρίαν
966 2059 1066 2121 τῆς
1127 2054 1434 2126 συμφορᾶς)
1493 2047 1747 2103 ἕπενόουν
1780 2046 1845 2101 τά

196 2146 583 2224 χαλεπώτατα,
643 2144 732 2198 καὶ
791 2141 1020 2203 πέλσαις
1080 2140 1274 2215 συχνοὶ
1330 2143 1437 2193 τῶν
1498 2137 1841 2213 θυρεαφόρων

194 2235 531 2313 ἐφιζάνοντες
609 2230 922 2287 ἐκολλῶντο
980 2236 1098 2291 τοῖς
1144 2229 1379 2303 τείχεσιν
1417 2271 1429 2283 .
1501 2226 1569 2283 Οἵ
1628 2225 1694 2294 δὴ
1754 2225 1844 2281 καὶ

197 2328 393 2400 ὑψόθεν
452 2325 674 2398 πέτραις
737 2320 1077 2397 βαλλόμενοι
1146 2324 1254 2373 τῶν
1339 2317 1519 2392 βολῶν
1577 2316 1841 2390 ἠλόγουν·

192 2414 418 2490 πατάγῳ
472 2414 572 2489 γάρ
629 2410 719 2467 καὶ
782 2410 934 2483 μόνῳ
983 2415 1180 2484 περιῆν
1240 2407 1466 2470 ἐκείνοις
1500 2407 1563 2461 τὸ
1595 2401 1845 2480 φοϐερὸν,

194 2504 433 2567 κάτωθεν
472 2499 835 2575 ὑπορύσσουσι
895 2496 1135 2574 μοχλοῖς
1190 2518 1247 2551 τε
1303 2496 1393 2551 καὶ
1449 2494 1843 2556 κατασείσταις.

194 2597 375 2652 Τοῦτο
406 2590 703 2666 πολλαχοῦ
749 2589 969 2666 γεγονὸς
1000 2591 1097 2643 τοῦ
1145 2585 1366 2660 τείχους
1399 2585 1718 2639 ὑπεσπῶντο
1752 2583 1846 2656 μὶν

196 2817 302 2873 bat
335 2812 677 2870 succinctus
707 2810 893 2884 copiis
955 2809 1085 2865 urbi
1116 2806 1402 2865 Trallium
1447 2823 1507 2862 se
1556 2805 1849 2871 admovet,

199 2919 455 2975 eamque
487 2901 750 2974 undique
782 2900 1089 2956 obsidione
1129 2896 1521 2968 amplectitur.
1554 2893 1855 2962 Statim,ut

203 2995 265 3050 in
302 2991 620 3065 improvisa
649 3007 735 3058 re,
766 2988 999 3061 magnis
1031 2987 1401 3043 conﬂictatus
1449 2982 1739 3056 angustiis
1769 2986 1859 3037 est

207 3098 487 3139 summus
518 3097 677 3136 novas
710 3078 962 3134 civitatis
997 3076 1660 3148 magistratus,magnus
1684 3070 1857 3126 char-

1937 911 2024 951 τες
2102 890 2287 959 ἠξίουν
2327 936 2339 959 ,
2392 891 2481 944 καὶ

1940 802 2126 854 σασθαι
2190 801 2588 875 βουληθέντες,
2652 804 2758 874 [Ρ.
2810 807 2957 879 324]
3041 808 3115 870 ὡς
3188 810 3273 863 καὶ
3337 813 3583 881 πέμπον-

2555 893 2746 959 σώζειν
2830 894 2957 955 τους
3033 897 3365 972 περιόντας,
3426 904 3477 955 οἱ
3541 900 3586 955 δ’

1942 980 2391 1053 ἀποκρουσθέντες
2449 984 2556 1032 τῶν
2613 982 2769 1057 σφίσε
2844 979 3289 1058 βεϐουλευμένων
3386 993 3587 1065 μάχαις

1942 1069 2153 1141 αἱροῦσι
2211 1069 2296 1121 καὶ
2355 1071 2816 1140 κατασκάπτούσι,
2878 1074 2968 1127 καί
3023 1076 3121 1142 τὴν
3174 1078 3299 1148 πρὶν
3363 1076 3413 1132 έν
3447 1099 3589 1153 χρη-

1944 1163 2103 1229 σμοῖς
2154 1156 2407 1229 κειμένην
2459 1161 2773 1233 περιφανέσι
2831 1161 2922 1215 καί
2972 1161 3018 1217 δ’
3049 1164 3263 1219 ἐλπίσιν
3320 1168 3591 1244 ἀπῃωρη-

1950 1246 2110 1318 μένην
2146 1253 2414 1320 χρησταῖς
2442 1246 2517 1309 εἷς
2562 1253 2696 1323 χοῦν
2750 1248 3179 1321 καταϐάλλουσι,
3237 1256 3324 1309 καὶ
3375 1256 3589 1326 πλῆθος

1946 1333 2121 1389 ἐκεῖνο
2179 1336 2282 1389 πάν
2340 1335 2401 1390 οὐ
2457 1335 2660 1411 ῥᾳδίως
2718 1339 3021 1414 ἀριθμητὸν
3083 1339 3242 1417 ἔργον
3314 1346 3589 1421 μαχαίρας

1946 1428 2249 1479 ποιοῦνται.
2300 1426 2477 1481 Τοῦτο
2536 1421 2739 1497 ξυμϐάν
2790 1430 3121 1503 κατόρθωμα
3173 1430 3420 1503 δεύτερον
3456 1434 3589 1510 Πέρ-

1949 1534 2065 1575 σαις
2102 1516 2235 1586 μετά
2268 1515 2329 1567 τὸ
2359 1519 2572 1588 πρῶτον
2628 1518 2686 1570 τὸ
2746 1519 2882 1572 κατά
2938 1519 3167 1591 Νύσσαν,
3226 1522 3270 1595 ᾧ
3304 1521 3368 1593 δή
3430 1526 3457 1579 ὁ
3488 1546 3589 1578 πα-

1952 1604 2370 1678 ρακοιμώμενος
2451 1604 2764 1680 Νοστόγγος
2827 1606 3257 1681 έλλελειμμένος
3319 1612 3590 1686 μεγίστοις

1950 1692 2193 1766 ἀνιαροῖς
2237 1692 2364 1754 τοὺς
2425 1694 2556 1770 ἀμφ’
2618 1695 2775 1749 αὐτὸν
2835 1693 3199 1771 περιέϐαλεν,
3255 1700 3392 1756 ὥστε
3460 1705 3593 1775 μετά

1950 1782 2047 1849 τὴν
2077 1785 2221 1858 σφῶν
2254 1782 2326 1835 ὧν
2364 1783 2458 1853 μὲν
2517 1785 2750 1859 σψαγήν,
2811 1784 2883 1838 ὧν
2946 1784 2991 1839 δ’
3026 1787 3230 1842 ἅλωσιν
3286 1793 3372 1843 καὶ
3418 1792 3589 1849 ¹αὐτὸν

1951 1870 2181 1938 ἀλῶναι,
2245 1872 2496 1943 μεγάλως
2545 1874 2679 1943 πρὸς
2739 1873 2935 1949 θάῤῥος
2991 1874 3178 1950 ἐπῇρε,
3228 1879 3317 1931 καὶ
3373 1884 3437 1933 τᾶ
3494 1887 3592 1949 τῆς

1951 1958 2219 2028 ἀνατολῆς
2266 1961 2511 2014 κατέθεον
2557 1962 2966 2036 κραταιότερον.
3016 1962 3280 2028 Βασιλεὺς
3333 1965 3388 2021 δὲ
3421 1970 3447 2021 ὁ
3476 1968 3595 2032 νέος

1953 2047 2209 2116 πύλίζετο
2248 2047 2381 2109 τέως
2427 2049 2561 2103 κατά
2605 2052 2665 2103 τὸ
2716 2050 3026 2128 Νύμφαιον,
3082 2053 3461 2130 έμπρόθεσμος
3521 2055 3593 2110 ὢν

1955 2139 2189 2208 ἀπαντᾳν
2223 2139 2358 2211 πρὸς
2389 2139 2479 2192 τὸν
2512 2138 2715 2214 πατέρα
2752 2143 2887 2195 κατά
2919 2142 3131 2213 μικρὸν.

2061 2299 2167 2371 κβ’.
2226 2301 2425 2378 ’Ὀπως-
2450 2300 2477 2353 ὁ
2518 2303 3494 2378 πορφυρογέννητος-Ιᾷωνσταντῖνος

2275 2370 2349 2432 εἷς
2372 2372 2439 2426 τά
2463 2370 2605 2426 πατίι
2642 2370 2812 2428 ’Λύσιν
2856 2370 3276 2433 ἀποστέλλεται.

2032 2494 2294 2556 Βασιλεὺς
2328 2494 2385 2550 δὲ
2422 2498 2510 2550 καὶ
2568 2500 2659 2551 τὸν
2716 2499 2847 2571 μετά
2874 2500 2965 2553 τὸν
3030 2499 3259 2575 βασιλέα
3315 2522 3603 2580 πορφυρο-

1956 2587 2212 2659 γέννητον
2272 2592 2670 2643 Κωνσταντῖνον
2727 2590 3017 2664 γυμνάζειν
3096 2593 3175 2644 οἷν
3248 2590 3420 2655 θέλων
3475 2594 3608 2668 πρὸς

1964 2805 2110 2861 Tum
2146 2808 2337 2862 securi
2353 2813 2588 2880 experta
2614 2809 2908 2865 soliditate
2932 2812 3228 2883 tegminis,
3249 2829 3421 2868 omne
3450 2812 3606 2870 aliud

1967 2903 2353 2967 praeterquam
2404 2898 2685 2970 strepitus
2723 2903 2779 2953 et
2826 2899 3019 2955 inanis
3071 2901 3197 2956 soni
3250 2903 3607 2972 dejectorum

1968 3002 2217 3055 superne
2250 3004 2314 3041 ac
2341 2988 2486 3042 citra
2516 2987 2797 3043 damnum
2823 2990 3209 3045 resilientium
3243 2992 3487 3047 telorum
3520 2993 3609 3047 in-

1971 3077 2343 3131 commodum
2377 3077 2651 3144 arcentis,
2692 3079 3031 3135 suifossioni
3065 3080 3216 3135 muri
3276 3098 3373 3151 per
3423 3081 3608 3137 otium

206 3170 466 3228 tularius
498 3166 1021 3225 Libadarius.Nam
1054 3165 1209 3219 cives
1233 3161 1403 3218 famis
1425 3161 1621 3216 subito
1643 3177 1707 3215 ac
1731 3159 1859 3215 sitis
1892 3195 1934 3262 ρ
1971 3165 2531 3233 vacabant,terebris
2550 3168 3102 3240 ferramentisqueid
3129 3185 3314 3241 genus
3333 3170 3609 3226 emolien-

204 3259 589 3317 incommoda
630 3265 745 3312 lam
777 3255 977 3327 gravia
1016 3257 1350 3319 senserunt,
1391 3256 1455 3305 ut
1483 3255 1540 3305 et
1569 3251 1717 3305 cibis
1749 3249 1858 3303 im-

208 3349 457 3406 mundis
487 3346 865 3416 infandisque
896 3360 999 3399 ora
1049 3342 1332 3415 polluere,
1382 3345 1439 3395 et
1469 3356 1601 3394 cum
1634 3344 1863 3393 arentes

206 3444 413 3498 fauces
444 3442 656 3497 humor
680 3440 871 3494 omnis
890 3434 1371 3497 deﬁceret,sectis
1392 3448 1673 3503 equorum
1700 3431 1864 3486 venis

206 3532 493 3587 eductum
528 3528 879 3600 sanguinem
913 3524 1082 3581 avide
1112 3522 1349 3578 haurire
1389 3526 1756 3593 cogerentur.
1788 3523 1866 3575 Ac

208 3621 329 3677 cibi
363 3620 600 3691 quidem
626 3615 987 3673 desiderium
1010 3613 1375 3669 tolerabilius
1396 3611 1566 3666 initio
1591 3610 1868 3665 fallebant

110 3750 121 3757 ο
206 3706 840 3767 substitutisinlocum
866 3704 1174 3760 meliorum
1202 3702 1479 3757 carnibus
1495 3699 1865 3755 morientium

206 3803 423 3870 sponte
450 3799 861 3869 jumentorum
894 3798 953 3849 et
984 3792 1178 3848 omnis
1210 3790 1441 3863 generis
1474 3790 1865 3845 animantium

204 3891 526 3946 brutorum
558 3906 571 3955 ;
598 3901 848 3958 quarum
874 3900 989 3939 non
1018 3881 1410 3938 sufficientem
1443 3880 1670 3951 copiam
1696 3878 1869 3933 multi

207 3995 333 4034 non
361 3993 494 4032 raro
525 3974 882 4047 supplebant
908 3971 1182 4028 vorandis
1200 3971 1353 4025 413
1390 3969 1693 4024 hominum
1726 3984 1868 4038 quo-

198 4084 319 4139 que
352 4066 472 4121 fato
515 4066 969 4134 absumptorum
1002 4059 1411 4115 cadaveribus.
1445 4057 1584 4112 Sitis
1614 4056 1868 4111 levandae

205 4154 516 4212 difﬁcilior
544 4158 669 4210 erat
700 4152 871 4219 ratio,
915 4150 1071 4222 quod
1116 4148 1217 4203 illa
1249 4163 1429 4220 quam
1461 4146 1603 4213 dixi,
1638 4147 1864 4201 cruoris

206 4245 419 4317 equini
453 4243 612 4315 potio
643 4258 748 4297 nec
781 4241 924 4296 satis
957 4240 1225 4295 ardorem
1261 4237 1670 4308 restingueret,
1703 4240 1762 4291 et
1790 4241 1871 4290 ta-

204 4336 351 4391 bem
386 4335 735 4403 ingenerans
750 4335 966 4386 mortes
978 4328 1609 4399 frequentaret.ltaque
1626 4326 1871 4380 destitu-

210 4426 258 4480 ti
293 4425 523 4496 liquore
551 4420 734 4489 omni,
769 4419 1013 4475 meridie
1045 4417 1369 4489 praesertim
1416 4415 1535 4471 sole
1566 4415 1870 4486 ﬂagrante,

1974 3258 2062 3309 tes
2096 3253 2238 3309 locis
2270 3256 2519 3311 subinde
2550 3256 2712 3323 varii,
2746 3262 2802 3311 et
2848 3262 3147 3328 egerentes
3200 3276 3359 3328 saxa,
3417 3262 3606 3332 quoad

1972 3345 2345 3400 fondamenta
2358 3345 2485 3416 ipsa
2499 3362 2564 3401 su
2577 3346 3236 3420 hvellerentmolemque
3252 3349 3607 3420 superiorem

1970 3433 2309 3489 tibicinibus
2339 3450 2367 3489 e
2388 3435 2545 3506 ligno
2574 3436 3455 3509 subditissuspenderent.certa
3480 3455 3611 3494 mox

1972 3528 2245 3579 secutura
2277 3541 2578 3579 murorum
2616 3526 2935 3597 strage,uhi
2967 3528 3351 3599 subjicendus
3381 3528 3439 3582 in
3474 3536 3613 3584 lem-

1974 3629 2110 3685 pore
2137 3614 2291 3686 ignis
2321 3616 2485 3686 tigna
2514 3616 2963 3687 consumpserit.
3016 3617 3172 3672 Inter
3222 3617 3348 3672 haec
3396 3618 3619 3673 crebris

1970 3703 2339 3759 lacessebant
2369 3704 2813 3761 invitationibus
2835 3707 3110 3762 obsessos
3142 3708 3211 3762 ad
3249 3706 3500 3763 salutem
3522 3708 3617 3763 de-

1974 3794 2193 3848 ditione
2217 3794 2660 3865 paciscendam;
2685 3812 2833 3867 quas
2847 3812 2978 3851 cum
2996 3795 3076 3850 illi
3103 3795 3622 3868 repellerent,suh-

1976 3885 2094 3940 ruti
2128 3885 2389 3956 undique
2423 3886 2574 3941 muri
2629 3886 2861 3943 ruinam
2910 3886 3195 3958 fecerunt,
3245 3888 3443 3944 aditus
3488 3905 3622 3961 ape-

1976 3975 2194 4031 rientes
2224 3979 2418 4030 vastos
2450 3975 2812 4031 irruentibus
2837 3976 3143 4032 Persis.Sic
3169 3977 3469 4031 destructa
3492 3994 3626 4033 mox

1977 4066 2047 4120 ab
2072 4070 2203 4119 ortu
2232 4081 2337 4120 suo
2356 4069 2445 4119 est
2465 4064 2667 4120 infelix
2691 4066 3307 4133 civitas,mendacibus
3324 4066 3626 4122 ominibus

1976 4154 2387 4209 vaticiniorum
2420 4156 2575 4209 474
2606 4153 2925 4210 illustrium
2980 4155 3041 4209 in
3090 4172 3222 4226 spes
3267 4155 3625 4211 vanissimas

1977 4243 2216 4310 inﬂata;
2249 4251 2301 4297 et
2332 4242 2428 4297 ille
2462 4260 2576 4297 non
2614 4244 2778 4298 facile
2806 4242 3190 4298 numerabilis
3226 4244 3476 4315 populus
3504 4243 3622 4315 glau

1980 4332 2058 4387 dii
2092 4332 2378 4387 barbarici
2412 4332 2767 4387 miserabilis
2798 4332 3033 4387 victima
3067 4332 3518 4388 concidit.Alter
3539 4334 3634 4388 hic

1981 4439 2287 4478 successus
2330 4422 2438 4477 fuit
2485 4439 2782 4478 armorum
2832 4423 3203 4477 Persicorum
3246 4441 3278 4477 a
3331 4422 3508 4495 priori
3564 4424 3635 4477 ad

208 4515 377 4570 ultro
408 4513 480 4568 ad
512 4511 711 4566 hostes
741 4509 1116 4573 accedebant,
1164 4504 1434 4577 quamvis
1466 4505 1652 4560 diram
1670 4520 1871 4560 necem
1910 4578 1942 4585 _
1980 4512 2227 4585 Nyssam
2263 4512 2445 4567 relata
2473 4512 2733 4578 victoria,
2784 4529 2902 4584 qua
2950 4512 3257 4583 ρι-ωῑροιυε
3308 4512 3485 4584 sigilli
3518 4512 3629 4567 Νο-

210 4603 422 4659 minus
455 4600 798 4656 horribilem
832 4598 942 4653 rati
971 4597 1127 4652 lento
1162 4596 1291 4652 sitis
1350 4612 1417 4651 ac
1450 4596 1622 4649 famis
1654 4598 1876 4649 viscera
1910 4578 1952 4642 D
1987 4608 2234 4674 stongus
2266 4619 2399 4656 cum
2433 4602 2558 4657 suis
2590 4602 3023 4657 circumventus
3045 4602 3177 4657 etin
3212 4604 3486 4657 maximis
3510 4602 3635 4656 sine

213 4690 671 4765 depascentium
691 4686 1141 4745 vivicomburio.
1174 4688 1245 4741 At
1276 4684 1477 4740 miseri
1501 4684 1676 4739 siccis
1701 4684 1882 4739 labris

209 4799 439 4855 aquam
472 4779 823 4853 suppliciter
848 4782 1112 4849 petentes
1146 4775 1289 4830 adeo
1322 4790 1437 4829 non
1470 4774 1782 4829 ﬂectebant
1813 4774 1882 4829 ad

211 4871 699 4929 misericordiam
733 4867 1041 4933 barbaros,
1067 4869 1133 4920 ut
1163 4863 1465 4919 hastilium
1500 4863 1886 4918 mucronibus

210 4960 476 5019 confossi
517 4958 986 5032 repellerentur;
1019 4959 1078 5011 et
1100 4953 1203 5025 qui
1228 4953 1489 5025 plerique
1520 4951 1652 5008 istis
1685 4954 1884 5008 vulne-

210 5053 389 5108 ribus
422 5047 872 5117 occumbebant,
907 5045 1054 5100 finde
1103 5043 1397 5099 inhumati
1446 5044 1735 5113 jacerent,
1783 5058 1887 5098 nec

218 5140 491 5215 pulveris
519 5138 835 5209 injectione
865 5133 1113 5207 dignati.
1148 5136 1212 5189 In
1244 5131 1338 5188 his
1369 5136 1568 5186 tamen
1604 5149 1709 5203 spe
1732 5133 1887 5187 auxi-

210 5232 282 5287 lii
315 5249 351 5287 a
373 5230 604 5286 Caesare
634 5224 864 5285 venturi
886 5222 1279 5280 constantiam
1313 5222 1889 5277 circumsessiobsti-

213 5322 475 5388 nabant,
518 5334 637 5390 qua
664 5318 856 5371 Persae
891 5312 1183 5386 indignati
1229 5327 1573 5384 oppugnare
1602 5311 1891 5368 hactenus

215 5415 460 5467 tantum
495 5409 772 5463 obsessos
808 5404 971 5461 omni
1006 5419 1115 5475 ope
1166 5403 1565 5457 decreverunt.
1598 5401 1891 5459 Moenibus

230 5502 426 5574 igitur
456 5514 520 5554 se
551 5497 717 5552 densi
751 5496 1085 5564 admovent,
1117 5492 1358 5564 illicque
1391 5496 1654 5563 perstant
1706 5493 1893 5548 scutis

220 5590 428 5663 capita
458 5586 726 5661 protecti,
757 5590 816 5640 et
845 5583 955 5641 sub
997 5586 1124 5638 tuta
1146 5582 1442 5638 testudine
1471 5597 1645 5637 casus
1687 5597 1893 5639 omnes

228 5678 651 5739 devolutarum
687 5692 756 5733 ex
787 5674 903 5732 alto
945 5672 1192 5730 molium
1246 5672 1606 5744 excipientes
1637 5670 1888 5729 innoxie.

1990 4691 2204 4748 auxilio
2235 4689 2549 4746 derelictus
2582 4690 2897 4762 angustiis,
2938 4692 3166 4746 cunctis
3197 4708 3345 4762 quos
3386 4691 3638 4746 habebat

1993 4798 2188 4837 secum
2219 4790 2317 4836 aut
2348 4785 2533 4836 morte
2559 4780 2783 4836 affectis
2805 4785 2907 4836 aut
2938 4781 3205 4836 servituti
3234 4781 3638 4851 addictis,ipse

1995 4887 2226 4943 quoque
2259 4876 2467 4943 captus
2500 4869 2755 4925 multum
2787 4875 2843 4926 et
2874 4870 3093 4926 fiduciae
3126 4876 3183 4926 et
3232 4870 3526 4926 facultatis
3552 4870 3638 4923 vi-

1994 4962 2257 5017 ctoribus
2296 4960 2525 5015 addidit
2573 4960 2911 5015 universum
2957 4960 3233 5031 deinceps
3281 4959 3638 5017 Orientalem

1996 5052 2246 5107 limitem
2279 5050 2522 5122 impune
2552 5049 2992 5106 incursionibus
3020 5051 3308 5106 vastandi.
3344 5054 3489 5104 Dum
3524 5049 3644 5104 haec

1997 5142 2339 5214 agebantur,
2360 5139 2565 5211 junior
2595 5142 2898 5212 Augustus
2930 5139 3001 5194 ad
3033 5138 3418 5212 Nymphaeum
3451 5137 3640 5191 diver-

1999 5232 2261 5298 sabatur,
2296 5229 2680 5286 constitutam
2716 5229 3043 5302 prdpinquo
3084 5231 3152 5285 ad
3184 5235 3404 5301 patrem
3439 5244 3644 5284 occur-

1999 5322 2091 5378 sui
2123 5320 2457 5393 opperiens.

1997 5414 2088 5468 22.
2152 5415 2216 5470 Ut
2272 5410 2784 5484 Porphyrogenilus
2862 5411 3253 5484 Constantinus
3328 5413 3388 5466 in
3444 5411 3649 5464 tractus

2513 5485 2780 5540 Occiduos
2807 5485 3009 5538 missus
3046 5483 3129 5537 git.

2076 5577 2405 5648 Imperator
2435 5580 2629 5629 autem
2654 5573 2913 5645 junioris
2947 5574 3197 5645 Augusti
3238 5574 3477 5629 fratrem
3510 5574 3651 5625 natu

2004 5666 2292 5722 minorem
2324 5664 2893 5737 Porphyrogenitum
2916 5664 3365 5721 Constantinum
3389 5662 3656 5719 imbuere
