4210 6448
654 371 762 427 935
1955 373 2256 431 GEORGII

2384 377 2752 435 CHYHERE
3943 382 4060 438 936

653 496 851 570 Μάχας
908 494 1146 569 ἀρεϊκὰς,
1205 491 1390 554 ἄλλως
1426 513 1485 547 τι
1543 491 1601 547 δὲ
1656 494 1743 548 καὶ
1800 498 1910 549 τῶν
1968 491 2292 567 Τριϐαλλῶθ
2327 500 2529 570 Ακίαν
2557 503 2657 571 τὴν
2688 507 2785 557 τοῦ
2818 501 3122 576 Κοσμιδίου
3178 507 3374 576 μονήν.
3425 507 3527 561 Καὶ
3572 504 3660 561 διὰ
3704 510 3869 561 ταῦτα
3896 507 3994 559 καὶ
4030 508 4059 560 ὁ

644 584 1039 654 κεκινημένων,
1072 584 1145 641 ὡς
1193 582 1282 635 καὶ
1339 603 1445 636 τινι
1506 584 1803 656 Κοτανίτζῃ
1860 584 2292 655 ἀποστατήσαντι
2396 590 2567 662 γέρων
2624 591 2804 659 ἠπίως
2859 593 2947 646 καὶ
3001 598 3293 664 προσηνῶς
3350 595 3712 669 προσεφέρετό
3766 597 3839 662 οἱ,
3901 594 4054 649 ὥστε

648 671 917 746 βασιλέως
1002 671 1066 723 τὰ
1148 668 1366 723 ἐκείνων
1443 671 1815 742 στρατεύματα
1893 670 2291 745 ἐγχειρίζεσθαι
2397 676 2605 731 καὶτὸν
2635 681 2729 751 μὲν
2793 680 3022 754 βασιλέα
3076 682 3553 757 χαριεντιζόμενον
3594 668 3813 738 ἐκεῖνον
3871 684 3953 745 εἰς
3987 685 4054 738 τὸ

2394 773 2785 841 πατριαρχεῖον
2833 769 3043 837 καλεῖν,
3089 771 3330 825 κάκεῖνον
3374 769 3554 845 λέγειν
3608 769 3829 844 ἕτοιμον
3884 775 4053 841 εἶναι,

2397 853 2441 907 εἰ
2505 856 2669 927 μόνον
2730 857 3021 928 άναλυθείη
3079 860 3146 912 τά
3200 861 3483 933 γεγονότα.
3544 861 3659 916 Οὐκ
3715 862 3781 929 ἦν
3840 858 3899 915 δὲ
3928 860 4039 937 ἄρα

644 758 933 834 καὶμέχρι
988 758 1203 833 Σερῥῶν
1265 757 1334 812 δι’
1387 759 1560 813 αὐτῶν
1622 762 1913 815 κακοῦσθαι
1945 762 2044 829 τήν
2080 764 2291 837 χώραν,

644 847 892 909 πολλοὺς
924 849 1013 902 καὶ
1060 847 1330 921 μεγάλους
1381 847 1650 922 ἄρχοντας
1698 847 1972 922 παραδοὺς
2035 853 2171 924 πρὸς
2199 849 2291 904 δύ-

646 959 726 993 σιν
776 939 1058 1010 ἐκπέμτει·
1107 937 1267 998 αὐτὸς
1324 934 1380 991 δὲ
1435 942 1545 991 τῶν
1605 941 1718 1001 καθ’
1776 936 1850 993 ἕω
1910 944 2087 1001 κακῶς
2142 938 2288 1014 ἔχειν

644 1027 1092 1102 ἀγγελλομένων,
1128 1028 1250 1079 ὅσον
1307 1025 1429 1099 περὶ
1495 1027 1762 1101 Σάγγαριν
1813 1029 1879 1094 ἦν
1943 1025 2002 1081 ἐκ
2058 1049 2120 1101 γε
2167 1049 2287 1081 στο-

644 1118 772 1189 μίου
804 1116 890 1170 καὶ
928 1116 1098 1189 μέχρῖ
1131 1114 1402 1189 Προῦσης,
1438 1114 1487 1182 ἐξ
1520 1115 1709 1183 αὐτῆς,
1745 1116 1820 1178 ὡς
1868 1118 2013 1190 εἶχεν
2045 1116 2289 1171 ἐνσκευα-

642 1207 783 1269 σθεῖς
815 1204 1042 1277 διαπερᾷ
1070 1203 1160 1257 τὸν
1218 1205 1519 1277 Βόσπορον,
1552 1204 1639 1257 καὶ
1689 1205 1825 1274 πρὸς
1878 1211 1995 1267 τοῖς
2052 1207 2287 1279 πρόποσι

633 1302 731 1352 τοῦ
764 1296 918 1369 ἁγίου
950 1294 1240 1366 Λὺξεντίου
1292 1294 1491 1368 βουνοῦ
1546 1293 1714 1348 ἐκεῖσέ
1772 1316 1874 1348 που
1932 1302 2286 1364 κατασκηνοῖ,

636 1387 917 1457 ἀναμένων
974 1386 1280 1458 στράτευμα
1352 1381 1563 1437 δυτικὸν
1634 1383 1719 1436 ἐπὶ
1775 1385 1961 1459 ῥητοῖς
2019 1384 2285 1458 συλλεγό-

641 1496 800 1547 μενον
865 1472 1003 1527 ὥστε
1059 1474 1186 1545 παρ’
1241 1472 1442 1526 ἐκεῖνον
1520 1472 1649 1526 ἰέναι
1714 1476 2281 1544 συνεκστρατεύσοντα.

641 1564 745 1618 Καὶ
780 1560 845 1631 δὴ
880 1562 992 1615 ἐπεὶ
1025 1562 1113 1615 καὶ
1166 1561 1309 1631 παρᾶ
1352 1566 1447 1615 τοῦ
1508 1563 1727 1637 ⁷1ωσηιρ,
1757 1563 1813 1620 ὃς
1847 1560 1910 1629 δὴ
1967 1562 2041 1623 εἷς
2094 1563 2285 1633 Χηλῆν

638 1652 915 1725 ἐξώριστο,
951 1652 1170 1721 ἠξιοῦτο
1200 1649 1276 1725 ἐρ’
1304 1650 1376 1720 ᾠν
1415 1651 1810 1720 μετοικίζεσθαι
1850 1652 2004 1723 (εἶναι
2049 1651 2147 1724 γὰρ
2193 1654 2280 1705 τὸν

633 1742 803 1795 τόπον
846 1738 1082 1813 δυσχερῆ
1140 1743 1539 1813 χειμεριοῦσιν,
1576 1742 1652 1809 [Ρ.
1703 1742 1828 1811 325]
1878 1740 1951 1800 ὡς
2005 1741 2093 1793 καὶ
2127 1740 2285 1814 πείρᾳ

2391 943 2513 997 τότε
2544 944 2765 999 λύεσθαι
2820 951 3007 1014 ταῦτα,
3050 946 3195 1002 ἀλλὰ
3250 949 3339 1002 καὶ
3398 950 3548 1011 αὖθις
3580 949 3701 1004 νέου
3756 950 4051 1025 γεγονότος

2392 1033 2585 1086 πάππα
2624 1038 2719 1087 τοῦ
2780 1036 3055 1090 Νικολάου
3088 1037 3115 1089 ὁ
3152 1038 3245 1108 μὶν
3304 1043 3514 1109 κρατῶν
3567 1041 3657 1092 καὶ
3709 1038 3875 1092 πάλιν
3907 1039 4044 1100 τοὺς

2390 1122 2516 1191 παρ’
2578 1122 2779 1177 ἐκεῖνον
2840 1122 3231 1195 ἐλευσομένους
3291 1121 3550 1197 ἔπεμπεν.
3604 1124 3929 1182 ’Λπέστελλε
3977 1124 4039 1180 δὲ

2394 1210 2527 1281 μετὰ
2580 1215 2744 1265 ταῦτα
2800 1213 2888 1265 καὶ
2962 1214 3054 1267 τὸν
3137 1221 3237 1282 τῆς
3309 1212 3636 1283 Ἐκκλησίας
3709 1213 4041 1287 δομέστικον

2392 1296 2608 1354 Μανὸἆν
2665 1302 2699 1369 ἢ
2744 1302 2833 1355 καὶ
2890 1301 3230 1377 Μερκοὺριον
3290 1304 3366 1365 εἰς
3413 1305 3481 1359 τά
3527 1306 3647 1379 περὶ
3710 1303 4042 1377 Ἀπουλίαν,

2389 1384 2589 1441 ἔννοιαν
2643 1386 2830 1443 δώσων
2881 1389 3100 1453 ἐκείνοις
3149 1393 3244 1446 τὸν
3286 1393 3533 1465 πάππαν,
3584 1393 3629 1446 εἰ
3686 1394 3761 1465 μή
3820 1400 4040 1447 ποιοῖεν

2386 1476 2453 1529 τὰ
2485 1474 2874 1549 ἐπεσταλμένα·
2928 1479 3002 1539 εἷς
3062 1484 3223 1534 τοῦτο
3280 1482 3369 1535 καὶ
3422 1482 3521 1555 γὰρ
3577 1487 3695 1542 τοῖς
3752 1480 4046 1550 ἐκκλησια-

2389 1571 2595 1627 στι.κοῖς
2627 1570 2865 1639 χρῆσθαι
2896 1564 3202 1640 πρέσϐεσιν.
3260 1572 3360 1631 "Oc
3418 1570 3507 1624 καὶ
3564 1572 3869 1643 περιπεσὼν
3920 1576 4043 1631 τοῖς

2384 1658 2485 1707 τοῦ
2519 1653 2688 1728 ῥηγὸς
2734 1655 3022 1727 Καρούλου
3072 1657 3371 1712 ἁλίσκεται·
3423 1658 3513 1712 καὶ
3566 1656 3717 1721 αὖθις
3773 1657 4040 1733 ἀγγελθὲν

2387 1744 2460 1803 ὡς
2518 1745 2874 1818 πρωτοκῆρυξ
2927 1752 3026 1813 τῆς
3095 1746 3419 1815 Ἐκκλησίας
3462 1749 3489 1800 ὁ
3551 1748 3831 1821 συσχεθεὶς
3873 1790 3887 1813 ,
3944 1750 4037 1799 καί

631 1830 792 1903 γνοὺς
868 1828 1154 1899 ἐμάνθανεν
1222 1826 1391 1880 ἐκεῖσε
1465 1827 1557 1880 τὸν
1616 1827 1864 1901 χειμῶνα
1951 1826 2275 1901 διενεγκὼν,
2315 1860 2357 1923 Β
2388 1834 2724 1906 προσταχθὲν
2784 1833 2971 1887 αὐτίκα
3021 1838 3167 1909 παρὰ
3212 1841 3308 1889 τοῦ
3357 1836 3568 1905 πάππα,
3601 1836 3850 1913 φυλακῆς
3902 1837 4039 1889 ἀπο-

631 1917 727 1972 κᾶν
784 1917 825 1971 εἶ
885 1916 974 1969 τὸν
1036 1914 1261 1969 ἐπιόντα
1320 1912 1601 1989 διαγαγεῖν
1657 1916 2033 1988 ἀναγκάζοιτο,
2097 1917 2171 1989 μή
2218 1914 2275 1969 ἂν

631 2006 960 2081 ἀντισχόντα
1013 2008 1351 2078 περιεῖναι),
1420 2004 1640 2077 πέμψας
1699 2002 2128 2075 μετακαλεῖται,
2188 2008 2275 2060 καὶ

630 2119 692 2173 γε
722 2097 849 2169 παρ’
880 2096 1053 2165 ἐαυτῷ
1095 2099 1345 2169 κατεῖχεν
1403 2093 1453 2147 ἐν
1505 2100 1624 2157 ταῖς
1672 2100 1910 2160 σκηναῖς.
1956 2094 2059 2150 Καὶ
2114 2100 2281 2149 ταῦτα

641 2189 733 2259 μὲν
794 2184 1082 2260 ἐπράττετο
1163 2184 1331 2255 μηνὸς
1402 2185 1902 2257 Μαιμακτηριῶνος
1936 2227 1948 2249 ,
2031 2187 2277 2240 κάκεῖνον

634 2274 779 2350 ἔχων
808 2274 933 2349 παρ’
979 2275 1151 2343 ἑαυτῷ
1202 2272 1291 2326 καὶ
1323 2271 1593 2333 πολλάκις
1650 2280 1747 2340 τῆς
1792 2273 2001 2345 ἡμέρας
2064 2272 2281 2349 βλέπων

636 2362 1075 2435 ὑποποιούμενος
1160 2360 1550 2434 περιέθαλπεν,
1637 2358 1813 2429 ἡδέως
1900 2361 2113 2416 ἀκούων
2190 2362 2278 2418 καὶ

628 2450 867 2513 πολλοῖς
926 2449 1105 2504 ἀνύωο
1161 2447 1230 2504 δι’
1288 2449 1496 2504 ἐκείνου
1571 2450 1948 2522 μεσιτενόοντος
2001 2451 2068 2505 τά
2123 2451 2278 2522 αἰτη-

631 2563 793 2615 ματα.
853 2540 1107 2612 Ἀπένεμε
1163 2536 1222 2623 δέ
1281 2540 1331 2593 οἱ
1374 2539 1629 2615 καὶπρὸς
1681 2540 1780 2609 τὴν
1838 2538 2049 2602 ἐσαῦθις
2092 2562 2282 2596 κατοι-

622 2668 977 2727 rudimentis
1010 2666 1281 2721 militaris
1312 2667 1459 2721 artis
1490 2671 1549 2721 et
1579 2668 1938 2738 experientia
1988 2669 2109 2737 jam
2142 2673 2270 2724 tum

628 2764 882 2815 formare
914 2759 982 2811 ad
1021 2757 1422 2811 fortitulinem
1460 2755 1725 2811 bellicam
1759 2756 2024 2825 cupiens,
2058 2760 2190 2827 ejuo
2213 2759 2269 2813 in

633 2847 1062 2920 expeditionem
1138 2846 1404 2900 mittendi
1470 2846 1836 2899 occasionem
1898 2846 2152 2917 sumpsit
2208 2864 2275 2901 ex

629 2938 885 3009 quodam
921 2940 1081 2989 motu
1116 2934 1531 3001 Triballorum,
1559 2951 1820 3005 eousque
1869 2952 2177 3006 progresso
2211 2941 2275 2990 ut

630 3029 667 3082 ii
702 3027 924 3081 adscito
954 3028 1008 3079 in
1063 3024 1275 3079 ducem
1325 3024 1686 3078 exercituum
1739 3040 1981 3079 suorum
2017 3026 2271 3096 quodam

627 3116 947 3181 Cotanitza,
994 3113 1092 3180 qui
1144 3114 1217 3166 ab
1263 3113 1605 3183 imperatore
1651 3113 1959 3177 defecerat,
2009 3115 2274 3184 regiones

628 3206 873 3278 imperio
951 3205 1248 3273 subjectae
1314 3204 1614 3257 incursare
1691 3220 1877 3274 usque
1951 3206 2019 3258 ad
2076 3206 2275 3259 Serras

2391 1920 2596 1977 λύεται.
2662 1923 2756 1975 Καί
2805 1927 2973 1978 ταῦτα
3035 1925 3126 1995 μέν
3170 1927 3196 1979 ὁ
3227 1930 3438 1997 κρατῶν
3500 1926 3691 1989 ἐποίει,
3749 1923 3928 1985 πολὺς
3959 1923 4034 1978 ὢν

2386 2017 2487 2079 τῆς
2546 2013 2880 2087 φαινομένης
2936 2013 3141 2083 ἐκείνης
3200 2014 3423 2089 εἰρήνης
3486 2013 3799 2085 διανιστᾷν.
3873 2016 4036 2077 Ὀθεν

2388 2099 2477 2153 καὶ
2522 2102 2710 2175 χώραν
2773 2103 2873 2155 οὐκ
2930 2104 3078 2177 εἶχον
3140 2105 3192 2158 οἱ
3247 2109 3343 2158 τοῦ
3400 2106 3600 2182 Ἰωσήφ
3648 2104 3784 2179 πρὸς
3831 2102 4041 2157 ἐκεῖνον

2388 2188 2565 2262 λόγοι,
2600 2188 2747 2257 πλὴν
2774 2194 2871 2244 τοῦ
2903 2190 3133 2267 φιλικῶς
3168 2188 3313 2267 ἔχειν
3360 2193 3450 2247 καὶ
3496 2196 3564 2247 τὰ
3609 2193 3685 2254 εἷς
3731 2190 4037 2246 ἀνάπαυσιν

2389 2276 2577 2349 ἆκείνῳ
2607 2280 2955 2351 προσνέμειν.

2387 2389 2486 2459 κγ’.
2554 2386 2743 2447 Ὀπως
2803 2387 2831 2440 ὁ
2888 2386 3091 2475 βέκκος
3118 2389 3375 2481 ἵ,γρτιὶςρων
3445 2386 3533 2481 ξδ’
3581 2390 3641 2451 ἣν
3702 2386 3879 2443 αἷτίαν
3948 2388 4043 2443 καὶ

2779 2460 2902 2533 περὶ
2949 2464 3057 2514 τῶν
3114 2457 3403 2535 δογμάτων
3453 2460 3636 2516 ἐκίνει.

2459 2551 2547 2618 Τῷ
2579 2544 2635 2601 δὲ
2665 2549 3123 2623 πατριαρχεύοντι
3183 2550 3401 2624 Ἰωάννῃ
3449 2551 3553 2605 οὐκ
3599 2550 3661 2617 ἧν
3692 2550 3787 2611 τὰς
3819 2546 4042 2623 ὁμολο-

2456 2674 2790 2743 Assignavit
2822 2684 3016 2731 autem
3050 2677 3099 2731 ei
3122 2676 3179 2731 in
3211 2677 3631 2732 habitationem
3666 2677 4033 2732 commodio-

2384 2777 2650 2832 rem,qua
2682 2765 2955 2835 deinceps
2980 2767 3688 2831 uteretur,monaslerium
3723 2767 4036 2821 Cosmidii.

2384 2852 2488 2906 His
2518 2853 2799 2908 delinitus
2831 2855 3027 2909 senior
3054 2854 3286 2925 placide
3317 2857 3642 2926 amiceque,
3674 2855 4039 2910 oblitteratis

2384 2940 2966 3009 otfensionibus,cum
2993 2947 3249 3014 Augusto
3272 2946 3478 3015 agebat
3491 2946 3611 3015 pari
3631 2943 4039 2999 familiaritate

2385 3032 2943 3100 respondente,adeo
2977 3037 3037 3086 ut
3061 3034 3312 3103 quodam
3343 3034 3495 3089 inier
3524 3050 3622 3088 eos
3644 3034 3772 3102 ejus
3794 3034 4040 3103 generis

2385 3120 2673 3191 colloquio
2705 3121 2874 3191 quasi
2897 3122 3104 3191 jocans
3134 3122 3453 3191 imperator
3489 3123 3613 3176 aeni
3639 3123 3860 3177 diceret
3885 3122 4041 3177 velle

2385 3226 2447 3264 se
2479 3208 2643 3263 illam
2679 3210 3053 3279 patriarchali
3083 3212 3203 3264 sedi
3261 3212 3607 3279 restituere;
3657 3209 3751 3266 cui
3804 3212 4041 3282 pariter

622 3297 884 3353 vexando
941 3296 1344 3365 vastandoque
1418 3295 1851 3349 nuntiarentur.
1900 3295 2078 3350 Movit
2133 3312 2269 3367 ergo
2302 3311 2345 3377 ρ
2386 3299 2660 3353 renidens
2693 3300 2954 3370 reposuit
2982 3300 3271 3370 .losepbus
3297 3306 3565 3368 paratum
3598 3301 3665 3355 ad
3696 3299 3753 3353 id
3788 3316 3849 3353 se
3880 3316 4040 3367 esse,

622 3387 1042 3446 Constantinus
1073 3385 1131 3440 in
1164 3385 1537 3440 Occidentem
1566 3387 1735 3455 jussu
1771 3386 2081 3457 patris,qui
2114 3388 2272 3443 viros

627 3479 676 3533 ei
711 3476 999 3549 primariae
1043 3475 1348 3544 dignitatis
1382 3474 1596 3529 multos
1648 3481 1704 3529 et
1751 3492 1994 3546 magnos
2045 3476 2270 3531 militia;

623 3568 864 3623 comites
904 3567 1079 3620 istius
1108 3571 1165 3619 et
1196 3565 1497 3620 ministros
1548 3566 1848 3635 potestatis
1898 3567 2220 3637 assignavit
2253 3584 2265 3623 :

623 3659 751 3729 Ipse
784 3662 978 3711 autem
1015 3662 1317 3727 Augustus
1350 3657 1541 3710 denuo
1573 3662 1863 3726 comperto
1899 3659 2080 3712 certis
2117 3676 2269 3713 nun-

618 3748 719 3801 tiis
777 3746 1085 3815 periclitari
1149 3746 1459 3816 vexarique
1524 3744 1878 3800 Orientalem
1927 3762 2103 3816 quam
2153 3747 2266 3803 late

616 3842 776 3907 patet
821 3835 976 3889 circa
1027 3833 1329 3902 Sangarim
1402 3838 1677 3901 tractum,
1755 3835 1825 3887 ab
1880 3834 2060 3901 huius
2117 3836 2265 3889 ostio

611 3930 762 3979 retro
795 3940 983 3993 usque
1014 3924 1084 3976 ad
1117 3923 1697 3989 Prusam,confestim
1733 3923 2059 3977 instructus
2085 3941 2261 3996 quam

610 4014 831 4084 optime
865 4012 1028 4067 licuit
1060 4029 1128 4066 ex
1159 4012 1329 4080 copia
1365 4012 2011 4079 praesentiJransfretat
2043 4015 2259 4084 Bospo-

607 4121 763 4169 rum,
798 4108 855 4157 et
883 4104 952 4156 ad
990 4102 1212 4156 radices
1246 4099 1413 4154 collis
1455 4102 1651 4155 Sancti
1704 4103 1974 4157 Auxentii
2011 4104 2138 4157 ﬁxis
2172 4108 2264 4157 ta-

615 4191 945 4245 bernaculis
1001 4194 1266 4244 moratur
1326 4195 1672 4259 exspectans
1751 4191 1989 4245 Occidui
2054 4192 2258 4245 limitis

612 4280 954 4346 exercitum,
988 4281 1083 4349 qui
1139 4278 1281 4333 locis
1324 4279 1557 4333 interim
1608 4280 1896 4333 condictis
1944 4297 2260 4351 congrega-

618 4371 810 4433 batur,
850 4385 965 4439 quo
1022 4368 1231 4422 deinde
1297 4368 1474 4422 simul
1516 4368 1762 4435 junctus
1807 4369 2146 4439 imperatori
2200 4387 2261 4425 se

612 4460 762 4515 475
791 4459 1136 4527 adjungeret
1183 4474 1435 4527 eumque
1469 4458 1525 4511 in
1574 4459 1940 4529 expeditione
1986 4476 2257 4529 sequere-

610 4556 728 4604 tur.
756 4548 879 4602 lllic
909 4546 1227 4601 diversanti
1257 4546 1486 4615 perlatae
1519 4564 1718 4617 preces
1749 4565 1781 4601 a
1808 4548 2064 4618 Josepho
2097 4554 2256 4615 sunt,

607 4637 933 4705 exsulante,
970 4642 1030 4689 ut
1062 4638 1280 4690 dictum
1323 4642 1431 4695 est.
1465 4640 1616 4707 apud
1671 4639 1926 4691 insulam
1979 4638 2254 4704 Chclem;

612 4729 769 4782 unde
820 4725 1124 4779 transferri
1178 4726 1429 4796 petebat,
1490 4731 1770 4782 causatus
1821 4726 2258 4782 inclementiam

615 4816 778 4871 illius
828 4813 952 4869 σα)Ιί
1004 4831 1103 4884 per
1151 4815 1426 4883 hiemem,
1471 4818 1639 4886 cujus
1694 4816 1944 4887 rigorem
2000 4816 2265 4871 hibernis

609 4906 734 4973 jam
771 4905 905 4958 unis
938 4908 1211 4974 expertus
1260 4904 1593 4960 affirmabat
1643 4910 1915 4960 constare
1967 4905 2075 4959 sibi
2110 4911 2264 4961 certe

619 4995 775 5049 haud
808 5008 869 5048 se
905 5008 1075 5062 posse
1115 4993 1289 5048 aliam
1337 4994 1456 5049 illic
1506 4995 1737 5050 hiemen
1792 4996 1913 5050 vita
1960 4995 2121 5049 salva
2152 5002 2266 5049 tra-

622 5085 872 5149 ducere;
908 5099 1090 5153 quare
1119 5084 1243 5154 cogi
1276 5101 1509 5140 manere
1539 5085 1658 5139 illic
1708 5084 1855 5139 nihil
1908 5084 2111 5139 mitius
2141 5101 2269 5139 esse

622 5189 796 5245 quam
830 5172 1035 5227 occidi.
1075 5173 1170 5226 His
1202 5189 1470 5229 annuens
1500 5177 1805 5245 Augustus
1844 5174 2041 5229 statim
2077 5190 2266 5228 accer-

622 5264 803 5317 situm
833 5279 1029 5317 senem
1066 5264 1216 5332 apud
1253 5278 1314 5317 se
1347 5264 1405 5317 in
1430 5263 1825 5318 tabernaculis
1859 5262 2267 5327 habuit,.lunio

624 5353 724 5423 qui
771 5358 911 5407 tunc
962 5352 1233 5407 currebat
1281 5370 1501 5419 mense,
1557 5360 1911 5425 gratumque
1975 5352 2265 5423 hospitem

622 5458 827 5497 rursus
860 5442 1034 5497 veteri
1072 5442 1471 5499 benevolentia
1516 5445 1797 5515 dignatus
1837 5442 2269 5497 humanissime

622 5532 872 5597 fovebat,
906 5532 1120 5600 saepius
1154 5532 1209 5587 in
1239 5533 1332 5588 die
1364 5534 1579 5599 visens,
1608 5534 1977 5603 libenterque
2010 5549 2139 5602 quae
2171 5549 2265 5585 ro-

614 5623 794 5693 gabat
846 5623 1135 5692 audiens;
1186 5624 1341 5679 unde
1390 5623 1596 5679 multis
1645 5628 1787 5678 tunc
1842 5620 2089 5691 contigit
2137 5623 2267 5691 ejus

609 5709 948 5768 interventu
981 5714 1299 5785 impetrare
1318 5714 1389 5769 ab
1405 5713 1763 5785 imperatore
1785 5711 1941 5784 quod
1961 5709 2263 5781 optabant.

2386 3390 2557 3442 modo
2582 3404 2707 3457 jam
2739 3394 2869 3443 acta
2900 3395 3329 3444 revocarentur.
3386 3395 3461 3443 At
3495 3389 3593 3443 illa
3639 3390 3695 3443 in
3726 3404 3855 3443 eam
3899 3390 4034 3458 jam

2381 3477 2717 3531 ﬁrmitatem
2765 3478 3125 3543 coaluerant,
3174 3484 3239 3532 ut
3289 3479 3541 3533 rescindi
3592 3484 3732 3533 tunc
3779 3478 4032 3547 quidem

2379 3566 2859 3635 nequirent.Quin
2889 3566 3077 3636 potius
3105 3572 3405 3620 novatunc
3434 3567 3702 3622 nuntiata
3732 3566 4041 3621 creatione

2378 3671 2535 3724 papae
2567 3655 2809 3719 Nicolai,
2845 3654 3242 3723 astringendis
3285 3656 3489 3709 fortius
3523 3656 3708 3726 pactis
3765 3655 4034 3725 impera-

2376 3750 2464 3797 tor
2493 3743 2751 3797 intentus
2784 3744 3004 3813 legatos
3038 3745 3107 3797 ad
3143 3760 3273 3797 eum
3310 3743 3454 3798 alios
3486 3744 3821 3798 destinavit.
3860 3744 4034 3798 Misit

2372 3839 2428 3887 et
2457 3832 2667 3887 deinde
2697 3833 3085 3887 domesticum
3119 3832 3382 3887 Ecclesiae
3407 3833 3679 3887 Mandam
3713 3833 3833 3886 sive
3864 3837 4033 3886 Mer-

2372 3922 2600 3977 curium
2632 3921 2689 3975 in
2727 3930 2918 3992 partes
2949 3920 3189 3991 Apuliae,
3218 3922 3477 3977 conﬁsus
3510 3920 3856 3976 inviolatum
3896 3924 4027 3978 fore

2371 4011 2442 4066 ob
2472 4016 2834 4081 perspectam
2866 4010 3237 4081 imperatoris
3297 4012 3452 4082 apud
3510 4011 3845 4082 pontiﬁcem
3882 4027 4031 4081 gra-

2370 4101 2528 4154 tiam.
2562 4101 2625 4153 Et
2660 4101 2797 4171 quia
2830 4098 3192 4169 intelligebat
3226 4099 3523 4171 pontiﬁcio
3579 4100 3766 4154 favore
3817 4106 4032 4170 prote-

2368 4191 2625 4259 gendum
2661 4189 2964 4243 efﬁcacius
2994 4189 3593 4257 ecclesiasticum,tali
3618 4190 3812 4260 potius
3837 4191 3907 4245 ad
3935 4207 4039 4243 res

2367 4280 2537 4333 etiam
2569 4278 2899 4349 reipublicae
2948 4281 3287 4334 tractandas
3337 4297 3514 4351 quam
3568 4280 3833 4334 saeculari
3889 4287 4031 4335 ute-

2367 4369 2557 4423 batur.
2592 4368 2705 4421 Nec
2736 4384 2870 4437 spes
2915 4369 2971 4420 in
3008 4368 3116 4421 hoc
3171 4385 3305 4422 eum
3367 4367 3541 4438 plane
3598 4386 3704 4422 sua
3760 4368 3978 4423 fefellit.
4016 4388 4029 4423 :

2366 4474 2500 4512 nam
2537 4473 2668 4511 cum
2704 4457 2977 4511 Mandam
3014 4472 3110 4511 rex
3142 4459 3295 4512 476
3342 4457 3585 4512 Carolus
3637 4458 4038 4526 comprehen-

2367 4564 2498 4601 sum
2530 4544 2815 4601 custodia:
2845 4546 3126 4611 dedisset,
3178 4563 3329 4617 papa
3360 4546 3576 4601 certior
3634 4547 3825 4601 factus
3883 4564 4031 4603 eum

2369 4636 2469 4706 qui
2503 4636 2873 4705 mancipatus
2904 4636 3120 4689 carceri
3156 4636 3344 4690 fuerat
3374 4634 3646 4690 Ecclesia:
3700 4642 4037 4705 praecento-

2375 4742 2494 4779 rem
2528 4740 2678 4788 esse,
2712 4723 2857 4778 solvi
2889 4739 3020 4777 eum
3061 4724 3369 4779 confestim
3404 4729 3462 4779 et
3502 4725 3718 4778 dimitti
3769 4724 4039 4781 liberum

2373 4815 2618 4868 curavit.
2651 4813 2711 4867 ln
2746 4812 2903 4866 hunc
2929 4814 3167 4867 modum
3201 4812 3426 4867 multus
3459 4820 3586 4868 erat
3615 4813 3944 4883 imperator
3975 4818 4039 4869 in

2380 4907 2512 4967 ista,
2550 4904 2743 4956 fucata
2776 4902 2910 4956 licet
2940 4918 3041 4956 nec
3088 4918 3157 4956 ex
3202 4918 3339 4957 vero
3381 4902 3615 4969 coalita,
3668 4919 3808 4973 pace
3851 4920 4042 4975 coag-

2380 4992 2911 5054 mentanda.0uare
2943 4992 3133 5046 locum
3167 4994 3322 5061 apud
3354 5008 3489 5046 eum
3524 5010 3637 5047 non
3671 4992 4043 5049 invenerunt

2381 5085 2522 5140 illati
2556 5089 2759 5137 contra
2790 5098 2917 5136 eam
2951 5097 3255 5137 sermones
3285 5099 3318 5137 a
3346 5082 3739 5153 Josepho,qui
3770 5086 4035 5153 gratiam

2378 5174 2531 5245 apud
2590 5171 2915 5242 principem
2975 5169 3278 5240 antiquam
3337 5188 3487 5225 nova
3547 5172 4039 5229 reconciliatione

2380 5261 2721 5317 resarcitam
2753 5264 2998 5313 eatenus
3040 5259 3248 5327 tenuit,
3285 5263 3349 5313 ut
3397 5259 3511 5329 ipsi
3560 5265 3701 5315 tunc
3752 5262 4043 5318 restituto

2378 5352 2436 5405 in
2470 5347 2927 5404 familiaritatem
2963 5346 3271 5415 pristinam
3304 5346 3481 5401 etiam
3538 5348 3609 5402 de
3638 5350 4043 5405 commodiori

2380 5439 2702 5496 diversorio
2727 5440 2793 5491 ad
2827 5442 3021 5491 votum
3061 5437 3484 5507 provideretur.
3744 5510 3749 5514 ἡ

2376 5549 2468 5603 23.
2505 5547 2567 5603 Ut
2619 5545 2807 5598 Veccus
2863 5542 3099 5597 scribere
3152 5559 3455 5613 aggressus,
3514 5559 3577 5597 ea
3625 5548 3911 5602 occan'one
3970 5554 4047 5603 de

2706 5616 2966 5684 dogmate
2993 5617 3427 5671 controversiam
3450 5620 3695 5671 moverit.

2451 5707 2738 5762 Caeterum
2771 5702 3107 5775 patriarcha
3138 5704 3355 5759 Veccus
3400 5708 3598 5761 tenere
3655 5722 3718 5762 se
3766 5724 3891 5763 non
3925 5727 4047 5783 po-
