4242 6438
220 346 309 399 937

1274 338 1368 389 DE
1409 337 1777 389 MICHABLE
1816 334 2239 390 PALEOLOGO
2278 338 2406 389 LIB.
2457 339 2546 389 VI.

3497 337 3605 390 938

220 468 323 544 γίας
373 464 682 543 φυλάττειν,
730 464 787 522 ἃς
838 460 975 532 πρὸς
1019 457 1112 512 τὸν
1155 456 1382 532 γεραρὸν
1432 455 1638 544 ἐκεῖνον.
1683 452 1849 525 ἄνδρα
1879 459 1931 524 Α
1963 454 2185 544 Μεγάλη
2219 455 2503 544 ἐκκλησία,
2549 456 2838 544 ἐνγτιμίοις
2886 458 2973 511 καὶ
3026 458 3142 532 εἶχε
3192 458 3608 532 γαρτσφύὶακα.

218 542 299 611 τὸν
332 542 495 629 μέγαν
548 550 837 623 οἷκονὸμον
892 552 977 621 [Ρ.
1036 549 1164 617 326]
1221 547 1322 613 της
1382 542 1705 614 Ἐκκλησίας
1765 544 1853 597 τὸν

222 645 496 721 Ξιφιλῖνον
528 639 699 697 ἰποίει
756 635 1062 712 Θεόδωρον,
1112 634 1186 697 ὡς
1240 634 1304 689 οὐ
1350 632 1574 709 γράψοι,
1760 632 1861 686 οὐκ

222 718 449 790 ἀντείποι
502 731 627 804 περὶ
685 726 979 803 δογμάτων
1032 723 1129 779 κᾶν
1189 721 1219 779 8
1272 744 1326 777 τι
1386 720 1594 797 λὶγοιεν
1642 718 1806 776 ἄλλοι
1843 739 1855 751 ·

224 823 338 879 ἀλλ’
367 822 635 896 ὁσημέραι
668 816 967 894 δεχόμενον
1007 814 1077 870 τὰ
1100 817 1209 868 τῶν
1260 809 1470 879 ἄλλων,
1500 808 1554 865 οἳ
1585 808 1652 880 δὴ
1682 811 1773 864 καὶ
1806 808 1858 871 ἐς

227 912 352 988 μέγα
400 907 630 981 ηὔξανον
685 907 783 975 τὴν
842 898 1179 980 παραϐασίαν
1234 899 1285 973 ἐξ
1342 901 1416 988 ᾦν
1472 899 1576 988 ἀπὸ
1632 902 1857 973 Γραφῶν

226 986 471 1056 δεικνύειν
518 996 693 1071 ᾤοντο
744 997 826 1057 οἷς
868 994 1006 1070 πρὸς
1054 990 1182 1053 τοὺς
1229 986 1473 1050 Ἰταλοὺς
1524 987 1859 1063 εἶρήνευσαν,

224 1090 306 1146 καὶ
354 1095 432 1161 τῷ
488 1087 625 1143 κατᾶ
676 1091 809 1161 σφᾶς
858 1079 1095 1159 ἀσφαλεῖ
1138 1080 1237 1148 τὴν
1294 1082 1402 1133 τῶν
1453 1074 1641 1132 ἄλλων
1693 1076 1859 1149 ὀργὴν

224 1181 484 1251 ἐξέκαιον,
543 1176 589 1231 εί
643 1173 918 1235 τοιούτοις
967 1169 1363 1244 συνισχημὲνοι
1420 1171 1535 1228 τοῖς
1591 1164 1860 1240 χαλεποῖς

223 1270 485 1345 ἀγνοοῦσι.
532 1264 629 1321 Διὰ
678 1267 845 1318 ταῦτα
875 1266 1123 1335 παρῆγον
1180 1257 1422 1313 κάκεῖνον
1467 1255 1712 1333 γράφειν,
1771 1254 1858 1308 καὶ

222 1341 321 1414 ἀπὸ
386 1358 611 1433 Γραφῶν
688 1353 937 1420 συνιστᾷν
996 1346 1255 1408 ὡσαύτως
1313 1345 1387 1407 ὡς
1446 1343 1545 1398 οὐκ
1601 1341 1863 1418 ἔσφαλται

223 1445 389 1524 σφίσιν
440 1431 528 1499 ἐπὶ
577 1444 836 1497 τοσοῦτον
884 1439 985 1507 τήν
1029 1440 1138 1491 τῶν
1188 1431 1534 1504 Ἐκκλησιῶν
1588 1452 1867 1505 καταπρα-

220 1521 460 1608 ξαμὲνοις
492 1532 738 1607 εἰρήνην,
770 1527 918 1583 ἀλλὰ
946 1526 1035 1581 καὶ
1077 1525 1259 1601 χωρὶς
1306 1526 1404 1577 τοῦ
1459 1522 1534 1583 εἷς
1588 1521 1862 1597 συμφερον

219 1621 506 1699 προϐῆναι,
559 1621 728 1687 αὐτὴν
777 1619 893 1673 καθ’
932 1615 1099 1685 αὐτὴν
1150 1612 1409 1689 ἀσφαλῶς
1442 1609 1586 1687 ἔχειν
1640 1610 1864 1673 ἐκείνοις

223 1716 466 1787 πράξασι,
499 1707 974 1786 συγκροτουμένην
1025 1704 1118 1759 καὶ
1173 1704 1279 1757 ἀπὸ
1330 1705 1555 1777 Γραφῶν
1610 1698 1864 1757 ἂλλοθεν.

1961 542 2179 617 ὕστερον
2237 541 2294 598 δὲ
2363 545 2398 613 ἡ
2478 543 2851 619 μεγαλόπολις
2910 544 3275 612 Θεσσαλονίκη
3354 547 3611 621 ἀρχιερέα

1961 630 2293 703 ἐπλούτησεν
2353 635 2406 688 ὲν
2463 631 2618 695 ὅλοις
2695 632 2851 688 πὲντε
2910 631 3105 708 λόγοις
3162 634 3228 689 τὰ
3290 640 3397 690 τῶν
3457 634 3613 699 θείων

1961 726 2185 797 Γραφῶν
2240 721 2375 797 ὑπὲρ
2421 728 2521 792 τῆς
2565 721 2789 796 εἰρήνης
2833 727 2942 777 τῶν
2994 723 3340 795 Ἐκκλησιῶν
3399 724 3609 779 ἀνελίτ-

1961 830 2177 867 τουσα.
2237 810 2339 868 Καὶ
2398 810 2621 873 ταύταις
2674 812 2841 867 οἱονεὶ
2913 810 3191 884 θεμελίοις
3266 822 3615 886 χρησάμενος

1965 905 2170 975 συνεῖρε
2224 901 2290 957 τὰ
2348 900 2601 969 πλεῖστα,
2650 901 2787 956 κατὰ
2833 902 3033 956 σκοπὸν
3084 902 3176 974 μὶν
3226 906 3336 956 τῶν
3392 900 3616 964 ἐκείνοις

1963 986 2354 1062 γεγραμμένων
2408 986 2632 1063 βάλλειν
2684 986 2913 1057 ἐθέλων,
2974 987 3127 1060 ὅμως
3173 986 3231 1043 δὲ
3276 989 3364 1043 καὶ
3398 988 3617 1064 λίχναις

1964 1082 2083 1137 ταῖς
2149 1082 2382 1151 γραφαῖς
2443 1077 2631 1151 ὁρμῶν
2705 1076 3125 1149 ἐπιμελέστερον
3177 1078 3469 1151 ἀνηρεύνα,
3528 1078 3619 1132 καὶ

1966 1165 2119 1219 πάντ’
2152 1163 2295 1220 ἴθυνε
2324 1166 2458 1241 πρὸς
2489 1166 2581 1221 τὸν
2622 1169 2838 1239 πρῶτον
2890 1166 3091 1220 σκοπὸν
3137 1164 3359 1233 ἐκεῖνον,
3420 1166 3496 1228 ὡς
3536 1166 3619 1220 ἔπ’

1968 1253 2200 1330 ἀσφαλεῖ
2244 1256 2745 1330 πεπραγμάτευται.
2792 1253 2948 1324 Πλὴν
2992 1254 3093 1310 οὐκ
3120 1253 3205 1309 ἐπ’
3237 1253 3447 1329 ὀλίγοις
3504 1252 3623 1310 ἵστα

1965 1347 2081 1404 τοῖς
2112 1341 2400 1417 ἆριδήλοις
2458 1342 2587 1405 τοὺς
2642 1342 2877 1419 λόγουςῒ
2925 1342 3073 1399 ἀλλὰ
3120 1344 3210 1398 καὶ
3268 1344 3358 1399 ἐπὶ
3388 1349 3505 1405 τοῖς
3542 1345 3619 1416 μή

1969 1430 2300 1506 ἁρμόττουσι
2335 1427 2754 1507 λιχνευόμενος,
2804 1434 2886 1493 οἷς
2931 1433 3020 1487 καὶ
3069 1431 3349 1508 ἀντιλογία
3400 1430 3625 1507 εὔλογος

1972 1520 2206 1589 ὶφῆπτο,
2254 1519 2447 1575 ταυτόν
2499 1522 2546 1574 τ’
2578 1519 2782 1595 ἔπασχε
2825 1526 2941 1582 τοῖς
2972 1520 3302 1589 κακοσίτοις,
3338 1518 3389 1575 ο’ί
3421 1521 3624 1596 χρησί-

1974 1630 2081 1680 μην
2112 1611 2320 1684 τροφὴν
2346 1609 2435 1662 καὶ
2477 1612 2557 1680 τῷ
2588 1608 2798 1681 στομάκ
2842 1606 3084 1683 ῳρᾳδίαν
3118 1616 3411 1684 κατασχεῖν
3441 1630 3616 1682 προσ-

1972 1697 2288 1775 φερόμενοε,
2351 1697 2571 1773 ὕστερον
2628 1697 2718 1751 καὶ
2772 1702 2892 1758 τοῖς
2958 1698 3032 1769 μὴ
3088 1698 3390 1771 χρησίμοις
3424 1700 3623 1773 ἐπεχή-

225 1786 408 1858 ΙΙίίπτει
466 1802 592 1876 γοῦν
654 1797 729 1859 εἷς
809 1801 999 1870 χεῖρας
1058 1792 1241 1864 ἐκείνῳ
1293 1791 1362 1845 τὰ
1416 1795 1493 1861 τῷ
1568 1791 2176 1871 σοφωτάτῳΒναντες,
2224 1787 2473 1859 ἑξέμεσαν
2523 1786 2716 1856 σύναμ¹
2761 1788 2984 1847 ἐκείνοις
3036 1788 3126 1842 καὶ
3186 1790 3283 1855 τὴν
3347 1788 3627 1841 συνοίσου-

224 1874 511 1962 Βλεμμίδγλ
556 1885 820 1962 γραφέντα
880 1882 1013 1956 πρός
1044 1900 1100 1934 τε
1156 1879 1246 1933 τὸν
1307 1876 1533 1949 βασιλέα
1560 1874 1861 1949 Θεόδωρον,

225 1982 397 2052 ἀργήν
444 1974 643 2051 ἔχοντα
671 1975 753 2039 τὸ,
789 1998 815 2024 ι(
850 1973 905 2025 '0
961 1974 1137 2040 ζητῶν
1169 1969 1221 2023 ἐν
1254 1969 1322 2021 οὐ
1372 1971 1545 2039 καιρῷ
1586 1966 1674 2020 καὶ
1726 1964 1867 2038 λαμ-

223 2065 397 2124 ϐάνων
452 2070 505 2122 ἐν
534 2071 731 2141 καιρῷ,
767 2087 791 2116 ιν
823 2064 911 2118 καὶ
944 2062 1011 2116 τὰ
1039 2061 1175 2135 πρὸς
1226 2060 1316 2113 τὸν
1369 2055 1707 2130 Βουλγαρίας
1762 2057 1864 2111 Ἰα-

220 2155 420 2231 κωϐον,
452 2160 535 2225 τὸ,
572 2182 598 2207 ι(
632 2158 782 2211 Ἔστι
837 2174 931 2225 μοι
979 2152 1145 2211 παθος
1195 2148 1328 2222 ὅπερ
1377 2144 1671 2222 ἐξαγγελῶ·
1733 2147 1867 2218 πρὸς

218 2248 479 2321 ἆκέστορα
523 2246 625 2323 γὰρ
676 2244 878 2319 ἱερὸν»
929 2240 1225 2316 προοίμιον
1273 2236 1523 2314 φέροντα.
1573 2235 1865 2307 Ἐμπίπτει

217 2338 304 2393 καὶ
352 2331 546 2412 βίϐλος
596 2331 745 2403 ἄλλη
790 2335 886 2385 τοῦ
931 2326 1247 2402 Μαρωνείας
1292 2324 1526 2396 Νικήτα,
1578 2325 1636 2379 ὃν
1686 2326 1721 2393 ἠ
1771 2324 1865 2397 μὲν

219 2558 336 2614 tuit
363 2555 519 2611 intra
548 2552 696 2607 ﬁnes
729 2552 1035 2623 pactorum
1067 2545 1286 2618 quibus
1315 2543 1469 2599 ultro
1517 2558 1578 2598 se
1607 2542 1871 2598 obstrin-

214 2644 518 2701 xeratviro
551 2640 633 2696 illi
686 2636 996 2711 prastanti
1046 2650 1262 2706 magno
1311 2646 1613 2688 aconomo
1669 2628 1870 2686 Eccle-

216 2735 317 2792 sia
367 2730 674 2789 Theodoro
724 2724 1049 2798 Xiphilino,
1101 2722 1385 2795 pollicens
1442 2736 1505 2776 se
1566 2735 1680 2775 non
1726 2719 1866 2773 scri-

214 2830 457 2896 pturum
542 2822 645 2875 aut
728 2813 1234 2872 contradicturum
1338 2810 1493 2866 circa
1570 2808 1867 2880 dogmata,

215 2910 503 2984 quidquid
535 2907 634 2963 alii
667 2905 949 2961 dicerent.
1002 2905 1143 2958 Cum
1196 2900 1354 2957 enim
1399 2898 1663 2971 quotidie
1711 2897 1866 2953 acci-

216 3006 380 3075 peret
417 3015 565 3055 nova
596 2992 1034 3053 adversantium
1067 2990 1309 3057 scripta,
1341 2986 1558 3060 quibus
1584 2985 1870 3042 invidiose

215 3087 653 3162 exaggerabant
664 3084 885 3141 crimen
906 3082 977 3137 ad
986 3080 1302 3137 missorum
1316 3077 1376 3134 in
1390 3075 1867 3133 communionem

1976 1898 2087 1931 σαν.
2136 1878 2193 1929 Τί
2241 1877 2301 1930 τὸ
2335 1876 2611 1943 ὲντεῐιοενς
2646 1875 2813 1950 Μάχη
2856 1898 2937 1937 τις
2990 1877 3073 1930 ἔπ’
3133 1876 3197 1931 οὐ
3258 1877 3489 1948 καιρίως
3536 1877 3627 1931 καὶ

1979 1965 2284 2044 φιλονεικία
2313 1965 2640 2020 συνίσταται.
2697 1966 2773 2021 Τὸ
2816 1963 2871 2019 δὲ
2929 1972 3028 2033 τῆς
3089 1968 3272 2039 μάχ’λ.;
3331 1967 3624 2042 nissime.

1981 2056 2063 2108 ὅτι
2110 2056 2381 2110 κινούνται
2428 2054 2696 2129 δόγματα.
2732 2055 2951 2125 Μέλεοι,
3006 2058 3115 2110 εἶτα
3148 2058 3273 2127 ὑμῖν
3307 2056 3398 2128 μὲν
3452 2056 3627 2133 ἐφεῖτο

1978 2146 2029 2206 ἐς
2060 2146 2143 2199 ὅτι
2171 2147 2445 2220 χρήσασθε
2474 2143 2732 2219 δόγμασι,
2764 2146 2853 2197 καὶ
2896 2146 3065 2199 εἰσιτὰ
3098 2148 3151 2209 ες
3201 2147 3347 2198 οἷκον
3402 2150 3622 2213 Κυρίου,

1975 2235 2167 2290 ταυτὸν
2220 2232 2264 2289 δ’
2323 2235 2489 2289 εἰπεῖν
2552 2234 2640 2287 καὶ
2701 2230 3011 2308 δογμάτων,
3070 2231 3164 2288 κᾶν
3217 2235 3245 2287 ὃ
3291 2254 3341 2288 τι
3396 2234 3625 2309 λέγοιτε·

1978 2321 2171 2386 ἄλλοις
2222 2321 2268 2378 δ’
2317 2324 2414 2379 οὐκ
2460 2324 2526 2393 ἦν
2579 2325 2879 2396 μεμνῆσθαι
2930 2322 3221 2401 δογμάτων
3251 2322 3623 2398 ἀπολογουμέ-

1977 2542 2088 2597 viri
2143 2543 2453 2614 scriptum,
2512 2547 2679 2615 cujus
2727 2549 2817 2601 est
2867 2544 2975 2600 hoc
3023 2545 3330 2601 exordium
3386 2560 3400 2599 :
3454 2567 3483 2595 α
3518 2548 3624 2600 La-

1979 2632 2119 2688 boro
2168 2633 2369 2688 morbo
2410 2650 2587 2705 quem
2647 2634 2906 2706 aperiam
2976 2651 2989 2689 :
3051 2650 3186 2690 curn
3252 2650 3419 2689 sacro
3468 2633 3627 2688 enim

1977 2722 2206 2776 medico
2237 2738 2431 2778 sermo
2488 2722 2633 2778 mihi
2694 2728 2804 2779 est.
2838 2745 2867 2773 »
2916 2727 3201 2779 Praeterea
3259 2740 3409 2794 opus
3467 2721 3626 2777 aliud

1978 2810 2344 2866 Maronensis
2375 2811 2586 2867 Niceta
2634 2812 2739 2866 viri
2799 2812 3167 2881 venerabilis,
3225 2812 3325 2883 qui
3386 2828 3451 2866 ex
3504 2828 3631 2866 ma-

1977 2915 2106 2972 gna
2170 2900 2428 2957 ecclesia
2486 2900 2941 2975 chartophylace
3020 2919 3242 2973 magna
3313 2900 3625 2958 Thessalo-

1978 2989 2235 3045 nicensis
2309 2990 2577 3047 Ecclesia
2662 2990 3143 3063 archiepiscopus
3223 2992 3434 3060 fuerat,
3514 3007 3630 3062 quo

1977 3094 2150 3150 opere
2224 3079 2392 3135 libris
2461 3079 2721 3151 quinque
2792 3080 3239 3151 explicabantur
3315 3096 3344 3135 e
3412 3079 3629 3135 divinis

213 3179 582 3248 Latinorum,
597 3174 752 3247 quod
788 3170 931 3228 nihil
965 3170 1165 3226 minus
1194 3184 1375 3259 quam
1407 3165 1689 3222 nefariam
1723 3181 1868 3237 apo-
1898 3191 1942 3259 ο
1976 3168 2296 3259 scripturis
2326 3184 2455 3240 qua
2478 3170 2549 3225 ad
2580 3185 2781 3259 pacem
2831 3169 3211 3259 ecclesiarum
3262 3168 3627 3225 constituen-

219 3268 468 3325 stasiam
525 3280 657 3322 esse
709 3259 1161 3327 contendebant,
1234 3257 1292 3312 id
1345 3257 1753 3313 demonstrare
1804 3269 1867 3309 se

214 3360 497 3432 putantes
565 3352 741 3411 certis
812 3366 944 3423 qua
1024 3346 1359 3420 allegabant
1434 3346 1871 3417 Scripturarum

211 3444 604 3514 testimoniis,
663 3440 1191 3512 adjungebantque
1236 3436 1397 3507 ipsos
1447 3433 1596 3491 falsa
1647 3435 1761 3489 ista
1818 3436 1875 3487 et

210 3551 489 3610 perversa
512 3530 848 3599 securitate,
881 3544 1000 3601 qua
1030 3525 1214 3598 impio
1264 3525 1413 3579 facto
1444 3522 1603 3579 velut
1634 3526 1786 3577 recto
1818 3525 1876 3577 et

213 3621 507 3681 laudabili
540 3636 642 3692 per
673 3631 932 3673 errorem
965 3612 1185 3669 delusa
1231 3610 1601 3667 conscientia
1639 3610 1873 3680 acquie-

211 3714 486 3779 scebant,
536 3706 854 3766 accendere
909 3705 969 3759 in
1028 3720 1091 3760 se
1148 3703 1266 3758 iras
1316 3700 1567 3772 odiaque
1624 3699 1874 3755 aliorum

213 3808 461 3877 propter
489 3800 807 3855 cacitatem
839 3793 1046 3861 animi,
1079 3809 1197 3865 qua
1226 3808 1341 3847 non
1372 3790 1625 3862 cognitis
1656 3789 1876 3860 quibus

209 3892 494 3966 impliciti
551 3890 842 3945 harerent
893 3884 1067 3941 malis
1113 3882 1174 3938 in
1217 3883 1290 3938 iis
1311 3882 1424 3937 sibi
1458 3880 1774 3952 placerent,
1808 3909 1878 3920 --

216 3996 361 4039 cum
419 3980 626 4049 hujus,
677 3975 945 4046 inquam,
1005 3971 1309 4028 sententia
1360 3968 1588 4025 libeilos
1649 3967 1879 4040 prodire

213 4070 545 4143 spargique
576 4067 637 4123 in
667 4065 882 4138 vulgus
906 4063 1195 4135 plurimos
1230 4066 1514 4125 cerneret,
1549 4064 1879 4132 pertractus

143 4185 147 4187 λ
214 4160 464 4216 tandem
523 4156 595 4212 ad
653 4154 1032 4212 scribendum
1091 4154 1202 4222 est,
1261 4155 1585 4221 contraque
1634 4148 1881 4204 demon-

218 4248 545 4305 strandum
580 4241 939 4301 testimoniis
993 4240 1211 4314 pariter
1239 4239 1597 4311 scriptorum
1628 4238 1883 4294 authen-

216 4338 504 4404 ticorum,
532 4334 678 4389 nihil
710 4350 743 4388 a
774 4349 838 4388 se
870 4336 973 4387 aut
1001 4348 1035 4386 a
1064 4346 1203 4385 suas
1253 4333 1447 4400 partes
1496 4327 1881 4398 sequentibus

217 4432 494 4483 erratum
528 4423 588 4478 in
620 4422 897 4478 omnibus
948 4436 1077 4490 qua
1128 4418 1414 4474 hactenus
1465 4417 1722 4487 egissent
1779 4432 1882 4488 pro

215 4532 373 4590 pace
432 4511 801 4569 concilianda
854 4508 1268 4574 Ecclesiarum,
1334 4506 1433 4561 sed
1482 4504 1569 4560 vel
1619 4505 1669 4560 si
1722 4502 1884 4559 nulla

1978 3257 2112 3313 dam
2145 3258 2521 3330 pertinerent.
2558 3262 2690 3313 Hac
2740 3258 2923 3331 igitur
2959 3258 3184 3314 Veccus
3215 3264 3484 3314 accurate
3515 3259 3628 3314 sibi

1978 3346 2129 3402 lecta
2184 3346 2525 3417 scriptionis
2555 3364 2730 3416 quam
2792 3347 3187 3403 meditabatur
3216 3347 3387 3419 quasi
3419 3349 3628 3404 funda-

1981 3440 2179 3492 menta
2217 3435 2461 3505 habuit;
2496 3435 2714 3508 quibus
2755 3436 2994 3493 aliunde
3041 3436 3322 3509 colligens
3380 3438 3632 3493 astruxit

1981 3524 2258 3598 plurima,
2321 3542 2423 3596 pro
2478 3542 2653 3597 scopo
2717 3525 2955 3582 intuens
3011 3526 3158 3581 illud
3217 3526 3413 3598 ipsum
3476 3528 3633 3599 quod

1980 3614 2229 3669 istorum
2261 3615 2824 3670 commentariorum
2857 3620 3124 3671 auctores
3156 3615 3267 3671 sibi
3314 3632 3634 3687 proposue-

1982 3708 2135 3759 rant.
2188 3703 2558 3759 Contendens
2605 3710 2800 3760 autem
2862 3705 2931 3760 ad
2980 3707 3158 3760 istum
3211 3704 3386 3759 finem
3422 3706 3638 3776 cupido

1983 3794 2239 3865 quodam
2294 3792 2516 3863 impetu
2578 3793 2895 3859 scribendi,
2953 3794 3206 3864 indeque
3240 3799 3641 3864 perscrutatus

1986 3881 2222 3953 singula
2294 3882 2659 3953 diligentius,
2709 3889 2921 3938 cuncta
2979 3883 3197 3938 direxit
3246 3883 3317 3938 ad
3380 3883 3637 3954 primum

1985 3970 2155 4025 illum
2190 3986 2436 4042 scopum
2496 3971 2937 4027 demonstrandi
2998 3976 3151 4027 recte
3205 3988 3271 4027 ac
3313 3989 3520 4027 secure
3579 3972 3638 4026 in

1986 4058 2095 4115 hac
2143 4059 2464 4115 concordia
2514 4060 2862 4115 tractatione
2910 4065 3040 4115 acta
3086 4076 3215 4117 esse
3265 4062 3485 4116 omnia.
3530 4062 3636 4118 Ve-

1986 4164 2119 4204 rum
2151 4152 2320 4220 capto
2346 4148 2527 4204 semel
2556 4149 2780 4220 impetu
2814 4149 3109 4205 scribendi
3149 4166 3261 4205 non
3322 4149 3378 4205 in
3431 4151 3635 4221 paucis

1986 4237 2106 4293 illis
2163 4236 2427 4293 constitit
2481 4255 2610 4309 qua
2674 4240 3156 4294 demonstrantur
3204 4239 3543 4296 evidenter:
3578 4245 3638 4295 at

1990 4327 2301 4399 prolapsus
2322 4326 2598 4382 aviditate
2629 4328 2884 4394 quadam
2918 4328 3033 4383 alia
3085 4328 3176 4383 his
3226 4331 3472 4385 attexuit
3520 4347 3635 4384 non

1988 4417 2416 4485 convenientia,
2446 4417 2783 4489 quibusque
2833 4435 2949 4473 non
2980 4417 3107 4473 sine
3140 4419 3364 4473 ratione
3408 4428 3640 4475 contra-

1992 4505 2211 4561 dictum
2243 4510 2353 4574 est,
2387 4505 2581 4561 simile
2611 4505 2755 4577 quid
2810 4523 3020 4578 passus
3070 4506 3144 4562 iis
3199 4507 3301 4578 qui
3349 4508 3537 4572 crudi,
3589 4515 3645 4563 ct

217 4565 383 4661 ista;
416 4565 730 4659 hab—eretur
756 4565 1086 4655 utilitatum
1119 4565 1449 4667 ingentium
1482 4611 1607 4665 qua
1657 4610 1728 4649 ex
1776 4593 1881 4647 hac
1913 4565 1959 4630 υ
1991 4595 2297 4653 stomacho
2331 4565 2696 4662 infirmo,u.bi
2727 4565 2924 4651 cibum
2958 4594 3162 4651 utilem
3195 4565 3254 4652 et
3284 4596 3476 4653 facilis
3505 4565 3643 4653 cono

218 4692 711 4751 reconciiiatione
743 4689 803 4744 in
836 4685 1263 4760 rempublicam
1290 4684 1628 4740 universam
1662 4683 1881 4738 redun-

216 4787 468 4850 darent,
499 4783 691 4852 ipsam
735 4796 837 4852 per
879 4793 942 4834 se
977 4775 1352 4833 concordiam
1407 4772 1886 4830 honestissimam

218 4874 421 4930 fuisse
451 4876 858 4942 remotamque
888 4866 963 4923 ab
993 4864 1153 4922 omni
1197 4862 1457 4937 periculo
1514 4862 1885 4919 conscientia

216 4962 537 5028 ladenda,
611 4958 834 5032 quippe
909 4956 1082 5027 cujus
1160 4953 1408 5025 aquitas
1482 4956 1541 5009 et
1602 4951 1888 5007 sanctitas

215 5049 687 5110 auctoritatibus
753 5051 1017 5103 veterum
1089 5044 1328 5100 Patrum
1400 5040 1889 5115 gravissimisque

213 5144 384 5200 απ
449 5138 646 5197 omnis
683 5134 916 5211 generis
945 5150 1126 5191 sacra
1166 5131 1538 5205 antiquitatis
1587 5130 1888 5203 suﬂ'ragiis

212 5230 466 5305 egregie
496 5227 912 5285 commendata
942 5224 1311 5296 probaretur.
1356 5221 1658 5277 Procinclo
1692 5228 1888 5277 autem

213 5318 422 5375 Vecco
455 5316 527 5371 ad
560 5316 672 5371 hoc
702 5313 1081 5369 tractandum
1108 5314 1527 5383 argumentum
1558 5307 1891 5365 inciderunt

215 5410 384 5464 forte
418 5407 475 5460 in
506 5420 717 5460 manus
751 5419 877 5475 qua
910 5399 1388 5471 sapientissimus
1431 5398 1786 5454 Blemmidas
1816 5398 1890 5454 ad

213 5499 653 5570 imperatorem
698 5492 1067 5548 Theodorum
1126 5490 1441 5562 scripserat
1497 5487 1607 5544 hoc
1664 5487 1889 5544 initio:

214 5612 248 5638 (ι
291 5587 410 5653 Qui
443 5585 653 5657 quarit
686 5598 799 5637 non
852 5580 913 5635 in
962 5586 1226 5652 tempore
1272 5582 1332 5635 et
1379 5578 1592 5651 accipit
1634 5578 1692 5634 in
1741 5582 1895 5635 tem-

220 5695 381 5750 pore
410 5694 422 5744 ;
451 5696 480 5726 »ι
523 5677 582 5731 et
628 5671 788 5729 aliud
840 5670 911 5726 ad
960 5669 1249 5725 Jacobum
1291 5667 1573 5740 Bulgaria
1629 5669 1892 5740 ejusdem

525 5794 798 5853 ΡΑτιιοι.
847 5790 956 5851 GR.
997 5788 1259 5851 CXLIII.

1998 4683 2282 4740 coctionis
2306 4688 2713 4755 perceperunt,
2746 4684 2861 4739 alia
2882 4701 3060 4756 super
3084 4685 3359 4755 ingerunt
3410 4703 3526 4742 non
3559 4704 3650 4742 sa-

1997 4773 2208 4841 lubria,
2242 4772 2392 4846 gula
2442 4772 2726 4829 inbiantis
2772 4773 3051 4830 aviditate
3096 4776 3286 4839 tracti,
3319 4777 3475 4831 unde
3517 4793 3651 4831 con-

1996 4866 2181 4919 tracta
2212 4878 2432 4919 nausea
2464 4863 2863 4935 profuturum,
2914 4862 2964 4919 si
3016 4863 3211 4920 solum
3262 4864 3492 4931 fuisset,
3536 4865 3648 4920 ali-

1998 4958 2286 5023 mentum,
2316 4972 2436 5012 una
2480 4972 2615 5011 cum
2668 4956 2840 5012 noxio
2889 4957 3108 5029 pariter
3144 4963 3444 5015 evomunt.
3499 4957 3647 5021 Quid

1998 5050 2196 5101 autem
2251 5044 2405 5101 478
2464 5045 2603 5101 inde
2658 5051 3042 5102 consecutum
3101 5045 3251 5101 est?
3316 5047 3646 5102 Conflatum

2000 5150 2212 5205 nempe
2257 5140 2553 5189 certamen
2611 5133 3091 5205 intempestivum
3146 5136 3651 5209 commissumque

1994 5222 2280 5296 jurgium,
2322 5222 2537 5279 acriter
2586 5223 3052 5294 repugnantibus
3102 5223 3288 5280 Vecco
3339 5224 3652 5297 plurimis;

1998 5328 2253 5384 quorum
2278 5312 2336 5368 in
2363 5312 2557 5382 ipsum
2590 5312 2961 5383 querelarum
3002 5314 3111 5368 hoc
3144 5321 3321 5384 caput
3349 5320 3473 5370 erat
3499 5315 3653 5386 quod

2002 5419 2106 5475 per
2168 5418 2303 5458 eum
2368 5407 2740 5457 moverentur
2790 5402 3085 5473 dogmata,
3140 5404 3297 5474 quod
3364 5409 3485 5459 tam
3535 5404 3663 5475 ipse

2004 5508 2181 5565 quam
2216 5492 2264 5547 ei
2299 5491 2667 5547 adhaerentes
2700 5492 2852 5547 rixas
2888 5493 3093 5547 inanes
3125 5498 3404 5548 sererent.
3474 5493 3658 5547 Addo-

2004 5583 2147 5639 bant
2180 5598 2245 5637 ια
2276 5582 2474 5638 Liceat
2511 5598 2654 5638 sane
2700 5583 2971 5653 privatim
3032 5584 3178 5639 istas
3230 5584 3383 5639 inter
3430 5601 3531 5639 vos
3592 5585 3664 5638 de

2004 5671 2279 5744 dogmate
2327 5672 2551 5744 agitare
2607 5672 3057 5741 controversias,
3094 5674 3196 5729 sed
3246 5673 3540 5729 abstinete
3591 5674 3665 5728 ab

3306 5793 3387 5855 30
