4242 6438
621 417 732 471 939

620 624 860 687 ἀδικοῖεν
896 623 957 678 ἅν
995 644 1008 694 ;
1043 627 1187 698 Ἐγὼ
1245 625 1339 694 μὶν
1375 623 1474 680 οὐκ
1524 624 1696 695 οἶμαι.
1757 624 1911 690 Πλήν
1963 623 2129 695 μέχρι
2189 623 2276 677 καὶ

625 715 798 770 αὐτῶν
856 713 1155 780 βαθιλικῶν
1213 712 1390 766 ἀκοῶν
1449 732 1590 775 τιτις
1645 712 1844 785 ἀνῆγον
1888 711 1949 765 τὸ
2001 707 2277 784 ἔγκλημα,

621 802 712 856 καὶ
760 803 805 875 γ’
867 801 1158 876 εἶρηνεύιιν
1207 803 1286 873 [Ρ.
1319 803 1445 873 327]
1502 801 1886 876 ὑπισχνοῦντο,
1922 799 1970 857 ιιῖ
2026 797 2280 874 βασιλεὺς

629 892 810 966 ῥητῶς
837 892 1169 967 προστάσσοι
1219 891 1295 961 μὴ
1346 887 1537 947 λαλεῖν
1584 889 1707 948 τινὰ
1737 887 2006 964 δόγματα,
2041 890 2137 946 κᾶν
2192 889 2280 944 οἷα

626 980 716 1036 καὶ
776 982 926 1041 ὅπως
976 979 1155 1052 λέγοι.
1210 980 1266 1032 Ὀ
1322 976 1504 1050 μὲντοι
1557 1000 1619 1053 γε
1672 978 1930 1053 βασιλεὺς
1979 975 2155 1034 θέλων
2184 977 2278 1050 μὶν

630 1069 719 1130 καὶ
769 1072 867 1138 τήν
925 1068 1148 1142 εἰρήνην
1209 1067 1450 1140 ἐκείνων,
1514 1065 1881 1142 δυσχεραίνων
1943 1065 2000 1122 δὲ
2046 1068 2137 1125 καὶ
2179 1068 2278 1134 τήν

628 1157 866 1227 αἴτησιν,
929 1157 1191 1220 intidem
1251 1155 1500 1230 δόγματα
1555 1156 1878 1229 γράμμασι,
1928 1153 2121 1212 δοκοῦν
2185 1155 2278 1227 μὶν

626 1245 863 1323 ἀσφαλὶς
895 1246 1074 1322 σφίσιν
1127 1245 1379 1322 ἐφ’ᾦπιρ
1432 1250 1667 1315 (vitain,
1718 1244 1906 1308 ἄλλως
1953 1241 1998 1301 δ’
2048 1238 2278 1318 ἔλεγχον

625 1334 1056 1409 προϊσχόμινον.
1108 1337 1242 1395 Θεοῦ
1289 1334 1415 1406 γὰρ.
1465 1328 1640 1408 ἔλεγε,
1690 1335 2089 1411 μνημονευτέον
2147 1331 2284 1405 μᾶλ.

628 1422 723 1483 λον
767 1423 803 1492 ἢ
858 1421 1271 1485 ἀναπνιυπέον.
1327 1421 1518 1495 Δόγμα
1574 1419 1678 1497 ἄρα
1738 1423 1931 1495 μνήμη
1991 1426 2145 1480 Θεοῦ.
2204 1422 2280 1479 Τὸ

633 1512 817 1585 μέντοι
871 1533 930 1586 γι
958 1516 1063 1571 τῶν
1099 1515 1323 1587 Γραφῶν
1373 1510 1755 1584 παρεκκλίνειν
1811 1509 2088 1568 κωλυτίον
2146 1510 2280 1570 ιῖναι

627 1602 872 1670 καθάπαξ
929 1599 1313 1673 προσέτασσεν·
1365 1599 1444 1657 Οὐ
1488 1600 1595 1672 μὴν
1648 1596 1705 1659 δὲ
1752 1600 1839 1654 καὶ
1886 1597 2062 1666 αἰτίας
2106 1600 2134 1655 ὁ
2179 1620 2282 1656 παι.

622 1694 904 1765 τριορχῶν
936 1688 1270 1758 ἀπολέλυτο,
1307 1694 1536 1763 πρᾶγμα
1564 1687 1862 1764 σκιῤῥωθὶν
1913 1685 2020 1758 ἤδη
2056 1688 2281 1765 χρόνοις

625 1778 906 1840 πλείστοις
975 1776 1294 1847 ἐξαπιναίως
1349 1777 1640 1849 μαλάττειν
1701 1775 1929 1844 ἐθέλων,
1978 1776 2068 1833 καὶ
2116 1781 2283 1836 ταῦτα

1930 415 2232 470 GEORGII
2271 415 2735 470 ΡΑΟΗῩΠΙΕΒ
2754 449 2756 452 ν

617 558 728 599 νοις
757 536 880 610 περὶ
923 533 1238 610 ὃογμὲίτων,
1298 533 1395 592 κᾶν
1460 539 1774 606 μιμνῶνται
1826 531 2582 609 ἐναγκαζόμινοι,Αδιινόν.
2657 532 2849 595 Διδοὺς
2922 531 2970 588 8’
3044 532 3157 588 αἰὲν

3931 406 4038 459 940

3240 529 3628 602 ὑπεκκαύματα
3701 532 3888 604 μάχης
3941 527 4046 583 οὐκ

2386 621 2648 700 ἄσφαλᾶσι
2700 624 2925 695 πάμπαν
2986 619 3331 694 ἀντιλογίαις
3387 618 3615 680 ἐκείνοις
3668 619 3763 691 μὶν
3811 622 4046 690 παρεῖχε

2388 705 2584 777 λαϐὰς,
2638 712 2812 783 ἑαυτῷ
2866 709 2921 774 δὲ
2979 711 3067 764 καὶ
3123 714 3240 770 τοῖς
3297 711 3620 764 κοινωνοῦσι
3669 708 3768 773 τήν
3830 705 4043 768 ἑσαῦθις

2391 795 2604 874 βλάϐην
2664 800 2966 876 ινψούξᾶνει.
3029 800 3166 858 Ton
3224 797 3282 853 δὲ
3336 800 3434 867 τὴν
3497 799 3701 871 Ἰωσὴφ
3732 799 4041 868 πυθόμενος

2387 887 2586 965 ἄφιξιν,
2619 886 2696 944 ἔτι
2729 886 2789 944 δὲ
2835 889 2925 945 ul
2967 891 3066 958 τήν
3114 887 3465 965 τοΕἝφισου
3495 888 3575 958 τῷ
3626 885 3844 962 βασιλεῖ
3872 905 4042 959 προσρ

2388 975 2568 1048 ιδριαν
2628 975 2682 1031 ἐν
2729 977 2792 1032 οὐ
2841 977 3036 1039 καλαῖς
3079 977 3340 1049 ὑποψίαις
3382 974 3736 1045 ποιούμενος,
3788 971 4046 1036 ιπιστὲλσ-

2387 1065 2470 1122 λιι
2527 1070 2607 1136 τῷ
2663 1065 2911 1143 Ἑφέσου,
2964 1064 3276 1141 προστιθεὶς
3331 1065 3394 1123 τὸ
3462 1069 3564 1123 πᾶν
3622 1069 3701 1134 τῷ
3760 1063 4044 1137 ἱερωτὰτῳ

2386 1154 2524 1213 κατὰ
2581 1153 2843 1221 θωπείαν,
2903 1158 2981 1224 τῷ
3034 1155 3261 1230 γράφειν
3317 1154 3750 1226 πανιιρώτατον.
3817 1153 4044 1206 Βασιλεῖ

2386 1241 2733 1316 ἧντυγχάνειν
2784 1242 2964 1314 ἠξίου,
3019 1243 3119 1310 τήν
3174 1241 3249 1304 εἷς
3307 1241 3505 1298 ἐκεῖνον
3562 1245 3658 1296 τοῦ
3698 1240 4046 1313 πατριάρχου

2387 1328 2562 1407 ἄφιξιν
2596 1328 2834 1412 εὐμενῶς
2870 1329 3200 1401 κατανεύειν,
3234 1329 3280 1392 ei
3313 1327 3368 1391 Si
3417 1331 3506 1389 καὶ
3536 1330 3716 1405 ῥητῶς
3770 1329 4045 1402 upon-rae.

2387 1439 2494 1486 σοι.
2527 1418 2664 1497 πρὸς
2690 1420 2850 1476 τοῦτο
2900 1418 3133 1479 οἴσεσθαι
3185 1418 3345 1494 χάριν
3396 1418 3458 1474 οὗ
3512 1438 3732 1491 μετριαν
3787 1421 3866 1488 τῷ
3920 1437 4047 1470 συν-

2389 1509 2701 1582 ιργήοαντι.
2758 1510 3000 1571 Ἐκεῖνοι
3075 1510 3169 1582 μὶν
3241 1507 3334 1565 οὖν
3409 1508 3478 1567 τὰ
3540 1512 3638 1567 τοῦ
3695 1505 4046 1580 πατριάρχου

2389 1593 2672 1669 δεξάμενος
2721 1599 3037 1673 γράμματα,
3111 1597 3286 1659 Θὲλων
3347 1597 3730 1672 ὑποκρίνεσθαι
3795 1596 3886 1650 τὸν
3951 1617 4040 1669 φι-

2388 1685 2589 1745 λοῦντα
2623 1686 2707 1756 (ἦν
2739 1688 2842 1766 γὰρ
2877 1687 2928 1744 οἱ
2968 1687 3058 1746 καὶ
3089 1681 3165 1747 ἔτι
3196 1692 3304 1745 τῶν
3360 1686 3526 1762 χθιζὰ
3574 1687 3906 1755 κινηθέντων
3941 1685 4049 1758 χά-

2389 1794 2473 1848 ριν
2532 1775 2981 1849 παρασπείρουσα
3037 1777 3072 1844 ἡ
3134 1775 3443 1850 ἀπέχθεια),
3516 1772 3736 1849 βασιλεῖ
3802 1793 4052 1848 προσαγ-

625 1868 918 1942 τιμωρίαις
974 1867 1250 1940 μεγίσταις
1279 1869 1373 1924 τοῦ
1409 1867 1678 1939 Bantia):
1729 1866 1858 1928 τοὺς
1912 1867 2281 1927 ἀποστατοῦνο
2312 1861 2570 1971 Βγέλλοι
2601 1862 2690 1923 καί
2722 1864 2777 1920 oi
2825 1863 2971 1923 ἀνύει
3028 1864 3130 1931 τήν
3187 1864 3323 1938 πρὸς
3357 1863 3556 1920 ἐκεῖνον
3609 1861 3806 1939 ἄφιξιν.
3860 1861 3946 1917 Τὰ
3999 1857 4053 1914 δὲ

626 1977 719 2019 τας
750 1956 1087 2019 εὐθύνοντος.
1142 1961 1369 2030 Σῶθρον
1430 1955 1520 2009 οὖν
1579 1956 1665 2027 ἧν,
1727 1955 1777 2013 εἴ
1831 1960 1999 2029 σιγῶν
2051 1953 2276 2013 διετέλει
2314 1951 2488 2023 "ﬁt;
2518 1954 2809 2029 ἀπεχθείας
2838 1955 2985 2013 αἴτια
3017 1955 3330 2030 (ἀναγκαῖον
3389 1954 3488 2030 γὰρ
3519 1955 3610 2012 καὶ
3664 1951 3787 2027 περὶ
3838 1952 4049 2011 τούτων

627 2045 716 2102 καὶ
767 2047 867 2113 τὴν
898 2046 1225 2126 κατηγορίαν
1259 2042 1470 2120 διέφερε
1497 2046 1706 2120 πράων
1765 2044 1930 2112 ἦττον
1983 2046 2087 2120 γὰρ
2117 2045 2183 2112 ἦν
2215 2043 2278 2106 τὸ

628 2261 721 2316 his
755 2261 897 2316 rixis
924 2258 1371 2314 introducendis
1401 2258 1459 2312 in
1493 2260 1730 2324 domum
1765 2258 2019 2332 Domini,
2055 2280 2082 2308 ιο
2110 2258 2276 2335 quasi

631 2349 1186 2406 dicerentz<<Sentlre
1219 2366 1319 2404 vos
1351 2353 1408 2403 et
1439 2348 1601 2425 loqui
1627 2349 1897 2419 privatim
1929 2349 2001 2403 de
2031 2349 2277 2420 dogma-

629 2441 788 2494 tibus
823 2443 884 2493 ut
915 2438 1298 2507 vultis,fuerit
1319 2437 1643 2493 tolerabile.
1681 2436 1829 2491 Illud
1864 2438 2276 2508 deprecamur:

627 2534 948 2598 temperate
983 2529 1054 2581 ab
1115 2527 1204 2581 bis
1265 2526 1791 2597 disceptationibus
1853 2525 2166 2597 vulgandis
2226 2530 2281 2580 et

627 2617 920 2671 turbanda
950 2615 1325 2685 simplicitate
1359 2616 1522 2678 rudis
1555 2615 1755 2686 populi
1790 2616 1939 2677 bona
1999 2615 2110 2674 fide
2161 2619 2279 2675 tre.

629 2706 767 2765 ditis
797 2706 1248 2776 asquiescentis.
1287 2726 1313 2752 »
1345 2705 1438 2766 Has
1493 2703 1812 2765 multorum
1863 2720 2032 2762 voces
2081 2704 2280 2763 audie~

634 2795 848 2849 bantur
878 2793 1183 2850 occasione
1216 2792 1570 2864 scriptorum
1607 2793 1793 2857 Vacci,
1828 2793 1886 2853 in
1946 2792 2166 2864 quibus
2225 2797 2282 2855 et

631 2881 774 2936 illud
809 2882 1051 2953 quidam
1086 2881 1614 2952 reprehendebant,
1667 2882 1821 2952 quod
1884 2882 1941 2943 in
1973 2881 2046 2936 iis
2078 2880 2282 2951 iniqua

631 2970 964 3029 conditione
997 2976 1292 3027 certamen
1325 2987 1459 3033 cum
1517 2970 1870 3035 adversariis
1927 2976 2278 3041 capesseret,

631 3059 968 3129 disceptans
1001 3057 1126 3131 ipse
1185 3058 1256 3112 de
1307 3059 1603 3132 dogmate,
1636 3074 1754 3128 qua
1811 3057 1882 3120 de
1942 3073 2002 3120 re
2061 3056 2282 3120 sciebat

2390 2042 2583 2117 εἲπιῖν)
2612 2046 2747 2111 ἦσαν
2785 2045 2880 2118 μιν
2929 2065 3052 2100 τινα
3101 2044 3192 2102 ui
3239 2041 3405 2115 ἄλλα,
3451 2045 3526 2104 ὧν
3556 2043 3619 2101 οὐ
3653 2039 3831 2103 πολὺς
3860 2039 4050 2116 λόγος,

2389 2259 2629 2329 quidem
2661 2258 2902 2313 omnino
2946 2257 3276 2329 prohibere.
3330 2257 3424 2312 Sic
3471 2256 3587 2312 ille.
3639 2257 3754 2312 Nec
3787 2274 3892 2327 per
3945 2257 4055 2312 hoc

2386 2352 2585 2402 tamen
2617 2347 2787 2418 plane
2817 2347 2990 2428 culpa
3020 2344 3358 2402 solvebatur
3387 2345 3745 2423 patriarcha,
3778 2346 3880 2418 qui
3919 2363 4045 2402 rem

2390 2436 2728 2491 induratam
2767 2436 3089 2491 inveterata
3121 2435 3494 2507 possessione
3524 2434 3859 2506 longissimi
3895 2440 4048 2489 tem-

2389 2527 2550 2597 poris
2596 2532 2831 2596 repente
2863 2525 3094 2580 mollire
3124 2525 3580 2596 aggrederetur;
3614 2525 4051 2595 aggravabanto

2389 2630 2502 2685 qua
2532 2615 2810 2677 invidiam
2846 2631 3026 2685 paena
3061 2620 3288 2677 atroces
3335 2615 3407 2674 ab
3463 2613 3817 2683 imperatore
3869 2628 4056 2684 repu-

2389 2705 2711 2774 gnantibus
2735 2704 2987 2760 inﬂictu.
3020 2703 3357 2783 Sapientiae
3401 2703 3580 2773 igitur
3610 2703 3875 2759 facturus
3903 2707 4052 2769 erat,

2391 2792 2441 2852 sl
2472 2797 2690 2854 taceret
2740 2793 3126 2864 awuaarique
3157 2809 3286 2853 sese
3319 2792 3617 2852 moderate
3649 2807 3716 2848 ac
3739 2795 4056 2846 mansuete

2389 2884 2744 2944 sustineret:
2780 2883 2978 2942 minus
3031 2881 3188 2942 enim
3249 2881 3307 2944 id
3344 2869 3568 2943 malum
3602 2884 3745 2936 erat.
3777 2872 3952 2936 Nunc
3986 2881 4057 2935 ad

2390 2987 2594 3032 omnes
2667 2972 3163 3034 contradictiones
3216 2971 3625 3033 cxardescens,
3675 2973 3732 3024 et
3791 2970 4063 3025 fomenta

2390 3074 2620 3131 smper
2674 3076 2824 3119 nove
2869 3059 3140 3132 ﬂagranti
3171 3059 3301 3130 plus
3332 3059 3478 3123 satis
3517 3075 3618 3129 per
3646 3074 3709 3114 se
3740 3057 3876 3112 rixae
3913 3058 4060 3114 sub-

629 3145 762 3204 aliis
793 3146 1096 3207 silentium
1156 3145 1468 3209 indictum.
1519 3146 1579 3203 In
1613 3162 1728 3216 que
1757 3145 1808 3208 si
1852 3161 1957 3206 eos
1995 3144 2282 3209 lacessere
2383 3149 2621 3219 jiciens,
2679 3149 3085 3211 contentiones
3116 3149 3388 3211 accendit
3417 3149 3475 3208 in
3529 3147 3753 3218 aliquid
3808 3146 3932 3218 ipsi
3989 3147 4061 3202 ad

631 3240 921 3308 pergeret,
948 3239 1004 3290 et
1035 3234 1074 3290 ii
1125 3251 1228 3306 pro
1281 3234 1608 3297 necessaria
1667 3235 2135 3307 propugnatione
2192 3251 2280 3294 res
2313 3277 2360 3344 ο
2395 3243 2723 3300 extremum
2757 3239 3154 3310 perniciosum
3195 3242 3509 3308 erupturas
3541 3254 3554 3292 :
3592 3253 3706 3301 non
3739 3236 3902 3295 enim
3937 3240 4065 3292 tam

628 3331 810 3400 cepta
843 3323 1120 3386 doctrinae
1156 3324 1514 3384 mentionem
1549 3322 1607 3383 in
1650 3323 2062 3395 respondendo
2093 3323 2282 3386 facere

632 3419 984 3486 cogerentur
1040 3413 1410 3492 dogmatum,
1469 3429 1543 3467 an
1634 3415 1842 3473 contra
1911 3411 2288 3476 interdictum

633 3507 880 3572 agerent
905 3507 962 3561 et
994 3503 1123 3575 jure
1145 3500 1621 3566 mulctarentur?
1659 3501 1933 3572 equidem
1979 3500 2136 3563 haud
2166 3517 2290 3559 ore.

631 3593 903 3655 diderim.
939 3591 1088 3654 Illud
1122 3592 1263 3659 scio,
1325 3589 1578 3663 perlatas
1611 3607 1797 3663 usque
1821 3591 1888 3648 ad
1917 3607 2092 3655 aures
2125 3591 2291 3662 prin.

632 3682 780 3754 cipis
811 3681 1218 3743 accusationes
1247 3696 1315 3745 eo
1347 3680 1589 3742 nomine
1622 3680 1904 3745 adversm!
1942 3680 2200 3746 Veccum
2259 3697 2292 3741 a

633 3769 956 3838 nonnullis,
1017 3769 1433 3847 pollicentibus
1507 3769 1882 3842 acquieturos
1941 3784 2070 3831 sese
2120 3785 2291 3839 porro

625 3861 748 3930 jam
797 3860 1038 3922 statutis
1089 3864 1149 3922 et
1207 3859 1265 3914 in
1327 3875 1467 3929 pace
1517 3857 1841 3930 tranquille
1919 3857 2290 3931 perstituros,

639 3950 813 4008 modo
844 3949 1062 4010 diserte
1109 3953 1331 4010 vetaret
1379 3948 1700 4021 imperator
1741 3963 1812 4006 ne
1861 3947 2181 4019 quisquam
2230 3947 2291 4006 in

642 4037 715 4092 iis
747 4055 875 4112 quae
908 4038 1184 4112 deinceps
1233 4037 1549 4099 ederentur
1580 4035 1818 4107 scriptis
1847 4037 2063 4108 dogma
2091 4037 2289 4108 ipsum

641 4127 976 4198 attingeret,
1012 4142 1213 4198 pacem
1258 4126 1409 4188 tueri
1443 4142 1509 4187 ao
1569 4130 1721 4181 recte
1755 4126 2034 4196 justeque
2084 4125 2290 4189 initam

636 4217 1092 4288 quibuscunque
1155 4216 1288 4270 aliis
1338 4215 1512 4270 vellet
1562 4231 1628 4269 ac
1677 4220 1876 4286 posset
1925 4216 2294 4286 argumentis

635 4306 946 4364 defendere
976 4309 1314 4367 contentus.
1349 4305 1447 4363 His
1504 4303 1719 4360 auditis
1778 4304 2117 4374 imperator,
2188 4304 2290 4375 qui

2398 3331 2570 3387 caute
2599 3326 2788 3390 multa
2819 3327 3124 3398 disputare
3181 3330 3430 3398 poterat,
3461 3325 3605 3396 quin
3659 3325 3829 3382 daret
3877 3341 4067 3382 ausas

2398 3416 2774 3481 βάναυσοι-ῦς,
2807 3432 2957 3487 quas
2996 3415 3083 3480 illi
3134 3416 3490 3487 quandoque
3541 3412 3901 3485 arripientes
3950 3413 4070 3484 ipsi

2396 3506 2600 3574 eteius
2628 3505 2982 3575 sequacibus
3029 3504 3188 3568 haud
3249 3503 3400 3567 levia
3456 3503 3667 3567 deinde
3724 3502 4072 3563 intulerunt

2397 3595 2633 3656 damna.
2670 3594 2834 3656 Tune
2866 3611 3038 3665 porro
3099 3594 3299 3658 audito
3343 3592 3584 3664 Iosephi
3629 3593 3703 3648 ad
3735 3591 4074 3663 imperato-

2399 3701 2524 3744 rem
2559 3702 2824 3752 accessu,
2883 3692 3013 3744 tum
3075 3690 3359 3755 proteret;
3402 3684 3638 3756 cognito
3684 3683 4070 3755 Ephesinum

2397 3789 2533 3835 cum
2592 3775 2796 3839 eodem
2846 3774 3202 3845 imperatore
3258 3773 3495 3831 assidue
3552 3771 3800 3838 versari,
3861 3772 4078 3845 suspi-

2397 3865 2626 3927 eionem
2659 3865 2965 3936 ingressus
2996 3881 3113 3925 non
3144 3865 3400 3932 incum,
3434 3861 3603 3920 facile
3629 3862 3757 3928 ﬁeri
3795 3863 3985 3933 posse
4011 3867 4076 3923 ut

2398 3954 2456 4008 bi
2491 3952 2794 4025 quidpiam
2826 3955 3139 4015 adversum
3172 3969 3235 4008 se
3265 3957 3586 4019 moverent;
3637 3952 3768 4022 ejus
3815 3951 4077 4023 periculi

2397 4043 2782 4114 praesidendi
2815 4041 2967 4101 hanc
2999 4043 3287 4102 rationem
3330 4042 3482 4106 iniit.
3514 4039 3731 4102 Scribit
3763 4041 3838 4097 ad
3873 4041 4075 4112 Ephe-

2393 4134 2593 4193 siuum
2620 4148 2908 4201 teumque
2953 4135 3019 4190 ut
3049 4133 3180 4201 ipsa
3207 4129 3593 4201 inscriptione
3627 4131 4068 4197 demereretur,

2397 4237 2514 4275 non
2545 4220 2896 4290 simpliciter
2925 4219 3219 4292 ἱερώτατον
3263 4219 3734 4287 sanctissimum,
3770 4219 3876 4288 qui
3910 4220 4070 4274 solet

2359 4309 2610 4368 titulus
2658 4309 2952 4380 episcopis
3009 4309 3214 4377 tribui,
3273 4309 3376 4364 sed
3428 4305 3834 4381 πανιερώτατον
3893 4309 4078 4380 plane

632 4405 684 4451 et
715 4397 863 4454 istos
921 4411 983 4450 se
1037 4395 1569 4465 quomodocumque
1620 4393 1917 4457 continere
1969 4393 2024 4456 in
2074 4410 2186 4457 usu
2237 4397 2295 4449 et
2399 4398 2846 4460 sanctissimum
2883 4398 2940 4452 in
2980 4397 3172 4454 fronte
3216 4397 3549 4453 litterarum
3612 4402 3952 4467 nuncupat.
4015 4399 4079 4452 In

633 4471 906 4556 amplexu
981 4485 1138 4555 pacis
1189 4499 1541 4554 magnopere
1593 4487 1842 4554 Optaret,
1931 4499 2037 4538 nec
2096 4488 2290 4540 tamen

2399 4488 2526 4559 ipsa
2565 4489 2778 4548 deinde
2835 4487 3084 4558 epistola
3114 4487 3289 4542 etiam
3323 4491 3498 4558 atque
3566 4487 3742 4541 etiam
3801 4491 3944 4540 orat
4009 4503 4082 4541 ne

631 4578 907 4646 probaret
937 4575 1090 4644 quod
1128 4572 1724 4645 petebant,ingratam
1753 4572 2093 4643 petitionem
2119 4572 2296 4627 elusit
2324 4646 2353 4650 _
2400 4583 2676 4650 gravetur
2696 4577 3006 4647 impetrare
3037 4575 3151 4636 sibi
3183 4576 3255 4634 ab
3285 4577 3550 4646 Augusto
3576 4575 3923 4630 facultatem
3947 4577 4081 4646 ejus

632 4663 929 4734 vulgando
989 4662 1267 4734 ambiguo
1325 4663 1536 4728 edicto,
1615 4677 1730 4732 quo
1800 4679 1930 4717 cum
1996 4646 2803 4736 videreturDconveniendi,
2855 4665 3269 4726 cumulaturus
3338 4665 3714 4733 beneﬁcium,
3777 4664 3828 4720 si
3905 4665 4084 4720 daret

633 4769 872 4808 securos
903 4768 1002 4807 eos
1041 4756 1328 4822 quantum
1365 4767 1513 4822 opus
1543 4755 1671 4805 erat
1701 4751 1947 4806 reddere
1994 4768 2175 4822 super
2224 4768 2290 4806 eo

635 4843 789 4912 quod
824 4846 1276 4913 proposuerant,
1309 4839 1520 4896 callide
1563 4857 1626 4895 se
1671 4844 1870 4896 tamen
1927 4840 2294 4903 subducebat

630 4933 863 4987 invidiaa
937 4932 1316 5005 querelisque
1388 4932 1572 5003 partis
1640 4932 1999 5000 contrarias;
2069 4932 2171 5003 qui
2237 4931 2287 4986 ei

628 5023 804 5078 etiam
840 5037 900 5077 se
946 5021 1400 5077 commendabat
1431 5037 1645 5078 arcana
1675 5020 1969 5077 submista
2016 5020 2292 5094 suggilla-

629 5113 787 5172 tione
848 5113 1059 5171 borum
1119 5111 1385 5181 ipsorum
1445 5127 1593 5181 quos
1654 5109 1886 5182 placare
1944 5115 2086 5177 tunc
2146 5111 2291 5168 velle

627 5201 956 5260 videbatur.
993 5201 1124 5257 Haec
1182 5200 1341 5256 enim
1402 5204 1530 5256 erat
1585 5199 1762 5255 edicti
1819 5201 2151 5256 sententia:
2185 5201 2287 5257 Dei

629 5291 835 5363 utique
870 5291 1232 5346 mentionem
1267 5291 1390 5360 pari
1422 5306 1556 5344 cum
1591 5289 1979 5360 respiratione
2012 5289 2289 5360 frequen-

569 5381 576 5388 ’
625 5379 707 5435 tia
749 5379 945 5436 iterari
971 5381 1075 5452 jus
1108 5382 1315 5452 iasque
1348 5394 1498 5434 esse.
1531 5379 1719 5443 Quare
1769 5377 2086 5450 dogmatis,
2133 5367 2288 5449 quod

625 5469 727 5525 Dei
764 5470 1049 5525 memoria
1075 5467 1931 5538 contineretur,professionem
1954 5468 2100 5523 adeo
2120 5485 2234 5526 non
2259 5487 2292 5525 a

623 5576 684 5614 se
739 5561 892 5614 419
945 5559 1150 5627 vetari,
1208 5557 1360 5613 ultro
1414 5557 1593 5612 etiam
1628 5557 2166 5613 commendaretur.
2220 5560 2294 5614 At

625 5654 954 5720 pervertere
982 5648 1315 5718 Scripturas
1347 5651 1449 5700 aut
1486 5646 1783 5702 declinare
1834 5662 1868 5700 ει
1919 5661 2054 5702 vero
2087 5663 2290 5712 eorum

624 5756 804 5796 sensu
866 5737 1128 5811 permitti
1161 5735 1324 5792 nulla
1356 5736 1581 5792 ratione
1622 5751 1816 5808 posse.
1871 5735 2077 5807 Itaque
2121 5754 2184 5801 se
2232 5738 2290 5802 id

2402 4772 2640 4827 operam
2675 4761 2741 4810 ut
2766 4756 2838 4810 ad
2889 4754 2998 4814 hoc
3052 4755 3207 4810 ultro
3250 4755 3320 4809 ab
3373 4755 3505 4825 ipso
3547 4753 3816 4825 principe
3856 4751 4084 4810 invita-

2403 4850 2580 4900 retur.
2649 4846 2814 4900 Certe
2871 4849 3069 4915 ageret
3135 4843 3454 4899 efficaciter
3507 4849 3572 4904 ut
3628 4859 3692 4898 se
3740 4842 3813 4896 ad
3869 4843 4080 4913 ipsum

2401 4933 2691 5006 proﬁcisci
2752 4933 2961 4990 saltem
3021 4932 3255 5004 placide
3312 4935 3619 4992 annuerat.
3680 4931 3959 5002 Ingentis
4023 4946 4084 4986 se

2401 5024 2603 5096 gratia
2635 5023 2695 5080 in
2741 5022 2916 5083 omne
2964 5028 3204 5089 tempus
3233 5023 3286 5078 ei
3330 5022 3657 5091 debitorem
3690 5021 3830 5086 fore,
3878 5021 3935 5076 si
3974 5023 4083 5076 hoc

2402 5113 2514 5168 sibi
2535 5117 2738 5168 votum
2768 5128 2839 5171 ex
2888 5111 3181 5170 sententia
3243 5111 3540 5170 conﬁciat.
3586 5108 3686 5168 His
3731 5108 4085 5180 preeinus

2400 5201 2612 5257 litteris
2645 5202 2901 5273 acceptis
2946 5201 3213 5282 gnaviter
3263 5201 3700 5273 persistendum
3756 5200 3982 5255 statuit
4024 5201 4081 5255 in

2403 5290 2779 5348 simulatione
2800 5289 3239 5352 amicitiaﬂtsi
3270 5306 3408 5361 ergo
3433 5289 3712 5356 multum,
3747 5304 3858 5344 nec
3908 5306 4080 5360 pror-

2401 5397 2504 5441 sus
2537 5380 2925 5441 familiaribus
2956 5381 3301 5446 obscurum,
3329 5380 3387 5436 in
3419 5380 3548 5450 ejus
3580 5377 3822 5450 penitus
3871 5380 4081 5434 animo

2403 5469 2692 5540 ﬂagrabat
2719 5485 2944 5531 arcane
2969 5470 3027 5529 in
3058 5468 3316 5529 Veccum
3358 5467 3704 5527 offensionis
3754 5467 3831 5520 ob
3887 5483 4081 5538 nuper

2402 5564 2588 5631 gesta,
2654 5560 3066 5630 imperatorem
3099 5565 3298 5618 tamen
3328 5558 3497 5628 adiit,
3544 5561 3600 5614 ct
3649 5557 3924 5628 exposito
3977 5574 4076 5628 pa-

2402 5649 2668 5711 triarchas
2698 5649 3012 5720 desiderio,
3050 5653 3111 5710 ut
3137 5648 3189 5705 ei
3219 5648 3372 5720 quod
3421 5647 3699 5718 cupiebat
3728 5646 4080 5718 indulgeret

2402 5739 2717 5811 persuasit.
2749 5740 3091 5798 Aversisnis
3123 5755 3298 5811 porro
3318 5738 3604 5810 Ephesini
3637 5754 3672 5794 a
3697 5737 3858 5797 480
3886 5737 4077 5792 V'ecco
