4242 6438
222 384 317 438 flii
1279 393 1367 445 DE
1405 393 1775 448 MICUABLB
1811 395 1897 447 PA

1945 394 2253 449 u4:01.000
2290 398 2423 450 LIB.
2468 398 2561 450 v1.
3515 410 3620 464 9,2

217 505 277 556 τὸ
310 502 367 558 δὲ
399 506 670 580 χείριστον
712 508 795 561 ὅτι
846 509 897 561 οἱ
944 510 1067 584 περὶ
1116 509 1207 563 τὸν
1256 508 1479 586 Ἐφέσου
1526 509 1615 566 καί
1654 509 1859 567 πολλοί
1890 515 1946 582 Α
1977 508 2023 565 δ’
2080 513 2177 572 οὐκ
2228 514 2293 581 ἦν
2350 516 2569 588 ἀρεστὸν
2626 514 2790 585 νῦτω,
2850 517 2977 573 ἀλλ’
3039 519 3084 573 εἷ
3139 523 3207 590 tn‘,
3268 522 3619 583 δεικνύοικαὶ

218 613 359 652 τινες
384 598 487 645 τῶν
522 594 847 668 ἀρχιερέων,
898 596 1085 652 πολλὰ
1130 595 1391 660 παθόντες
1437 600 1574 673 πρὸς
1616 600 1677 654 τὸ
1708 620 1863 654 κατα-
1971 598 2313 676 σφάλλοντας
2368 602 2495 663 τοὺς
2544 604 2843 678 προτέρους
2894 606 3053 675 δῆθεν
3113 611 3171 663 ἐκ
3226 616 3334 666 τῶν
3369 621 3619 688 γραφῶν,

221 680 463 751 δέξασθαι
495 686 592 752 τήν
653 684 899 759 εἰρήνην,
960 686 1103 742 οὕτω
1164 686 1328 759 μόλις
1387 686 1861 758 καθυπεκλίθησαν
1972 689 2027 743 οῗ
2056 687 2121 760 δὴ
2155 689 2246 744 καὶ
2276 692 2374 759 τήν
2406 693 2540 766 πρὸς
2586 690 2820 755 ἐκείνους
2852 694 3077 769 εἰρήνην
3120 700 3184 752 οὐ
3233 680 3614 777 κατεδέχοντο,

217 771 306 824 καὶ
358 775 438 842 τῷ
484 769 662 827 δοκεῖν
709 772 1012 848 εἰρήνευον,
1064 774 1450 851 θεραπεύοντες
1477 780 1576 845 τήν
1613 774 1863 846 συνείδη-
1972 773 2096 831 οὐδὲ
2132 777 2328 850 βιωτὸν
2364 778 2477 853 εἶχε
2507 780 2595 835 τὸν
2633 780 2765 853 βίον.
2797 784 2953 844 Ὃθεν
3000 787 3087 837 καὶ
3121 788 3323 861 συχνὰς
3354 769 3613 853 συνόδους

218 880 301 914 σιν
335 859 433 915 οὐκ
458 860 563 915 ἀπὸ
589 866 813 936 γραφῶν
854 862 1067 935 μᾶλλον
1128 864 1214 937 (οὐ
1273 864 1377 940 γὰρ
1435 865 1501 933 ἧν
1556 864 1615 920 ἐκ
1655 866 1862 920 τούτων
1970 865 2215 929 καθίστα,
2246 868 2335 920 καὶ
2364 868 2755 941 προσεκαλεῖτο
2803 869 3050 935 πολλοὺς
3091 874 3181 929 καὶ
3220 859 3335 931 τῶν
3371 877 3492 948 ἔξω,
3523 881 3614 935 καὶ

216 950 451 1024 καιρὸς),
483 947 611 1004 ἀλλ’
641 948 702 1005 ἐκ
725 955 824 1006 τοῖ’)
863 952 1049 1008 πολλὰ
1092 957 1319 1009 τοιαῦτα
1347 952 1617 1017 πολλάκις
1651 953 1863 1008 οἶκονο-
1976 948 2204 1027 βίϐλους
2263 954 2580 1026 ἀνείλιττεν,
2639 960 2729 1015 καὶ
2782 957 2954 1022 ἂλλας
3012 960 3273 1031 ἐξετίθετο
3331 947 3619 1037 πλείστας,

221 1046 465 1111 μηθῆναι
508 1045 578 1114 τῇ
613 1042 912 1113 Ἐκκλησία
967 1041 1128 1119 χάριν
1183 1045 1446 1115 μειζόνων
1480 1043 1683 1112 καλῶν,
1716 1044 1861 1098 ἀντι-
1973 1038 2254 1114 δεικνύων,
2299 1044 2371 1112 ὡς
2423 1046 2559 1119 εἶχε,
2608 1048 2706 1115 τήν
2757 1047 2977 1122 εἰρήνην
3007 1052 3070 1103 τὸ
3100 1052 3333 1128 ἀσφαλὲς
3365 1053 3616 1130 ἔχουσαν,

215 1134 483 1191 πατικῶς
535 1128 678 1184 εἷ’ποι
736 1132 796 1185 ἄν
854 1152 938 1193 τις
993 1136 1100 1188 τῶν
1161 1131 1761 1208 ῥητορευόντων,δταν,
1810 1153 1865 1187 τι
1971 1131 2155 1189 καὶτὰ
2197 1131 2425 1190 πλεῖστα
2468 1131 2943 1209 προσελιχνεῦετο.
2994 1136 3121 1192 Δέον
3167 1142 3267 1216 γὰρ
3321 1128 3619 1214 ngam-

215 1221 325 1270 τῶν
374 1217 438 1271 οὐ
486 1217 668 1273 καλῶν
718 1219 934 1294 γίνηται
982 1220 1072 1276 καὶ
1122 1218 1191 1274 δι’
1232 1219 1520 1277 αὐτοῦτοῦ
1549 1218 1865 1295 πεπραγμέ-
1971 1217 2060 1271 νόν
2087 1239 2146 1273 τε
2193 1219 2280 1274 καὶ
2333 1221 2424 1275 τὸν
2483 1224 2624 1275 θεῖον
2686 1223 2939 1297 Μάξιμον
2996 1228 3085 1280 καὶ
3140 1228 3227 1281 ἐπὶ
3285 1232 3498 1293 τούτοις
3530 1234 3619 1286 τὸν

214 1328 312 1360 νου
366 1313 549 1378 μεῖζον
600 1307 884 1382 ἀπαντήσῃ
934 1310 1127 1365 καλόν.
1175 1308 1337 1369 Οὕτω
1392 1309 1495 1384 γὰρ
1526 1310 1615 1363 καὶ
1650 1308 1862 1364 Παῦλον
1972 1307 2114 1360 θεῖον
2173 1306 2462 1381 Ταράσιον,
2509 1310 2701 1364 ταυτὸν
2762 1308 2807 1364 δ’
2864 1313 3032 1366 εἰπεῖν
3088 1316 3177 1368 καὶ
3224 1318 3322 1383 τήν
3374 1314 3619 1391 ἑϐδόμην

216 1394 544 1469 ξυρήσασθαι
592 1397 681 1450 καὶ
734 1398 982 1470 ἁγνεῦσαι
1039 1398 1129 1453 καὶ
1186 1403 1499 1473 περιτεμεῖν
1551 1400 1860 1471 Τιμόθεονι
1971 1392 2194 1450 σύνοδον
2244 1400 2437 1466 πᾶσαν,
2491 1398 2573 1451 ὃτι
2627 1399 2717 1452 καὶ
2765 1400 2959 1461 πάντες
3016 1404 3112 1471 τήν
3170 1405 3375 1460 ἐκείνου
3407 1408 3621 1480 ὁμολο-

216 1481 364 1537 οὕτω
405 1484 499 1538 τὸν
558 1485 940 1559 Μοψουεστίας
1000 1486 1076 1559 μὴ
1135 1485 1544 1561 ἐκκηρυχθῆναι
1590 1486 1737 1562 παρὰ
1763 1492 1862 1556 τῆς
1968 1482 2087 1559 γίαν
2115 1486 2213 1552 τὴν
2246 1486 2380 1560 πρὸς
2434 1486 2561 1549 τοὺς
2614 1487 2974 1551 ἀνατολικοὺς
3030 1495 3365 1569 πεμφθεῖσαν
3416 1498 3618 1566 ὑπεση-

213 1570 409 1645 τρίτης
437 1570 664 1627 συνόδου
696 1572 974 1647 Θεόδωρον
1002 1593 1015 1606 ·
1065 1573 1209 1635 οὕτω
1260 1575 1366 1649 πρὸ
1407 1574 1603 1636 τούτου
1631 1575 1722 1636 τὸν
1758 1572 1860 1648 μέ-
1974 1574 2212 1649 μήναντο
2242 1573 2330 1626 καὶ
2364 1571 2452 1627 διὰ
2493 1580 2590 1642 τῆς
2642 1573 2812 1631 ἐκεῖσε
2856 1582 3176 1651 προσθήκης
3216 1580 3300 1635 ἐπὶ
3331 1588 3400 1656 τῇ
3430 1583 3617 1638 τοιαύ-

213 1681 325 1747 γαν,
369 1659 658 1717 Βασίλειον
714 1664 799 1735 [Ρ.
1017 1662 1080 1718 τὰ
1132 1666 1231 1722 τοῦ
1280 1662 1586 1729 Οὐάλεντος
1612 1660 1765 1739 δῶρα
1791 1666 1860 1737 τῇ
1968 1680 2032 1733 τῃ
2058 1659 2353 1747 ὁμολογίᾳ,
2390 1661 2450 1716 ἐκ
2506 1663 2715 1736 Πατρὸς
2766 1668 2867 1739 γὰρ
2927 1663 3016 1721 διά
3044 1672 3140 1722 τοῦ
3171 1671 3297 1724 Υἱοῦ
3328 1670 3616 1747 ἐκπορεύε-

212 1746 486 1821 ἰκκλησίᾳ
540 1750 931 1826 προσαγόμενα
987 1748 1282 1824 δέχεσθαι*
1342 1750 1487 1806 οὕτω
1541 1750 1726 1810 τὰκαὶ
1772 1751 1861 1824 τὰ,
1968 1750 2087 1808 σθαι
2120 1746 2481 1822 διδασκόμεθα
2525 1755 2652 1827 παρ’
2702 1750 2919 1808 ἐκείνων
2970 1754 3167 1831 λέγειν,
3204 1756 3321 1813 δέον
3356 1746 3616 1816 οὖνταύ-

206 1834 305 1893 ἵνα
348 1837 426 1911 μή
477 1839 598 1903 καθ’
652 1834 876 1898 ῑααστον
936 1837 1090 1915 λέγοι
1145 1860 1252 1912 τις,
1312 1836 1719 1912 δοκιμασάντων
1750 1843 1859 1901 τῶν
1893 1858 2059 1952 Βτοις
2091 1840 2498 1915 προϊσχόμενον
2559 1841 2646 1894 καὶ
2700 1841 2857 1897 αὐτὸν
2919 1843 3041 1899 ὅσον
3098 1846 3186 1901 ἐπὶ
3229 1852 3299 1920 τῇ
3330 1853 3616 1925 προσθήκῃ

211 1924 301 1952 1-!
333 1930 438 1952 -8...
503 1926 833 1952 ---ηυξ-η.
897 1929 1013 1952 _1__
1077 1929 1379 1952 _-_--_-._-n“.
1467 1927 1594 1952 ΛΝ--
1684 1927 1856 1952 __!,
1971 1926 2057 1952 --.Α
2094 1927 2469 1952 λ,-----.ν-,Δ--Α
2530 1930 2617 1952 -.ηδ
2675 1932 2701 1952 n
2748 1951 2754 1952 ,
2889 1931 2901 1949 ι
3144 1936 3158 1952 ε
3302 1934 3343 1952 m

210 1924 301 1979 ἰπὶ
331 1930 439 1981 τῶν
499 1926 835 2003 πραγμάτων
893 1929 1018 1984 τότε
1072 1929 1407 2005 πεπρᾶχθαι.
1464 1927 1625 1985 Οὕτω
1681 1927 1857 1991 τοίνυν
1893 1924 1939 1952 ’³
1971 1926 2061 1984 καὶ
2092 1927 2475 1999 θεραπεύεσθαι
2528 1930 2617 1983 καὶ
2675 1931 3009 2005 θεραπεύειν,
3068 1936 3158 1989 καὶ
3220 1934 3383 2009 μηδὲν
3413 1924 3615 2014 παρεγέ

208 2014 300 2069 καὶ
332 2015 483 2071 οὗτοι
529 2017 629 2085 τὴν
680 2016 905 2092 εἰρήνην
955 2014 1235 2093 ἆδὲχοντο,
1284 2016 1423 2074 ὥστε
1458 2016 1547 2079 καὶ
1578 2037 1863 2093 προσομο-
1973 2020 2175 2090 χειρεῖν
2211 2015 2552 2092 ἐξηγήσεσιν,
2613 2020 2640 2073 ὁ
2699 2016 2756 2073 δὲ
2808 2019 3021 2086 πολλὰς
3081 2029 3184 2079 τῶν
3239 2032 3466 2105 Γραφῶν
3498 2049 3618 2082 συν-

211 2101 398 2177 λογεῖν
448 2107 802 2179 ἡμαρτῆσθαι
873 2107 1078 2184 σφίσιν,
1149 2104 1215 2176 ἤν
1276 2127 1361 2171 τις
1434 2108 1669 2176 σκοποίη
1728 2107 1863 2181 πρὸς
1974 2106 2176 2185 εφόρει.
2239 2106 2337 2161 Καὶ
2392 2108 2484 2161 τὸν
2547 2107 2716 2182 μέγαν
2790 2109 3081 2177 Βασίλειον
3145 2114 3316 2190 εὑρὼν
3365 2101 3469 2187 ’τήν
3532 2118 3619 2173 ἐπὶ

205 2192 504 2271 τάσφαλὲς,
561 2196 649 2250 καὶ
708 2200 825 2258 τοῖς
891 2196 1288 2260 ἂποπαςοῦσιν
1338 2195 1503 2258 ὁσίως
1559 2190 1861 2272 προσφέρε-
1971 2197 2068 2248 τοῦ
2127 2195 2255 2256 Υἱθῦ
2311 2193 2370 2259 ἐκ
2423 2196 2522 2264 τήν
2583 2193 2674 2250 διὰ
2731 2200 3152 2273 μεθαρμόζοντα
3205 2204 3280 2267 ὡς
3334 2205 3615 2262 ὑπαλλατ-

206 2293 334 2347 σθαι
393 2284 467 2345 ὡς
524 2278 1008 2358 ἀπηκριϐωμένως
1070 2281 1220 2357 μάλα
1275 2284 1414 2358 πρὸς
1440 2284 1504 2338 τὸ
1535 2282 1718 2360 ὀρθόνρ
1771 2287 1863 2358 Τῷ
1972 2281 2216 2356 τομένων
2256 2287 2361 2338 τῶν
2422 2284 2750 2361 προθέσεων,
2812 2288 2885 2349 ὡς
2939 2290 3020 2360 τὸ,
3084 2294 3493 2367 «Ἐχτησάμην
3525 2295 3618 2349 ἀν-

201 2608 416 2648 causas
446 2607 732 2663 exponere
764 2591 857 2647 hic
888 2590 1225 2647 distinctius
1253 2607 1441 2663 operai
1486 2590 1736 2662 pretium
1759 2590 1856 2662 ju-
1966 2592 2438 2649 communionem
2490 2594 2751 2666 rejicere,
2781 2612 2975 2653 severe
3020 2603 3077 2653 et
3128 2615 3247 2653 rem
3297 2600 3366 2655 ad
3417 2601 3609 2656 vivum

202 2680 576 2739 dico.yErant
633 2681 872 2751 quidem
903 2684 962 2737 et
1003 2680 1119 2747 alia
1170 2680 1466 2745 incentiva
1518 2680 1700 2751 hujus
1737 2679 1856 2744 odii
1968 2685 2282 2739 resecando
2332 2689 2641 2752 statueret.
2704 2690 2885 2741 Vecco
2927 2693 3124 2743 autem
3179 2689 3291 2745 ista
3346 2692 3610 2761 exceptio

200 2788 321 2826 non
354 2771 561 2826 multis
592 2774 727 2827 nota
760 2788 772 2828 :
806 2775 1078 2826 ceterum
1109 2770 1359 2843 capitale
1387 2770 1447 2829 in
1479 2770 1554 2829 iis
1574 2774 1631 2835 et
1656 2770 1859 2833 imma—
1965 2787 2081 2831 non
2114 2772 2262 2835 481
2317 2772 2599 2848 placebat,
2642 2775 2740 2830 sed
2791 2776 2903 2835 nisi
2952 2777 3353 2833 demonstrare
3383 2780 3614 2834 evince-

199 2861 457 2917 dicabilc
489 2862 743 2917 maxime
774 2879 959 2918 unum
991 2862 1307 2931 eminebat,
1342 2861 1501 2933 quod
1532 2865 1652 2925 tam
1676 2861 1857 2933 Epheo
1968 2863 2168 2941 retque
2199 2878 2266 2922 ex
2293 2861 2487 2931 certis,
2524 2867 2586 2917 ut
2618 2864 2877 2933 putabat,
2926 2863 3277 2938 scriptorum
3327 2867 3618 2923 authenti-

197 2950 372 3006 sinus
405 2950 532 3022 ipse
561 2966 741 3021 quam
774 2950 872 3006 alii
908 2950 1139 3019 plurimi
1167 2948 1328 3022 paria
1369 2949 1691 3011 sentientes
1733 2949 1859 3025 cpio
1967 2965 2168 3011 corum
2229 2950 2584 3006 testimoniis
2634 2968 2862 3018 errasse
2911 2953 3130 3023 priores
3163 2954 3222 3007 in
3256 2956 3618 3025 repudianda

199 3040 388 3112 scopi,
424 3040 655 3111 magnis
708 3040 896 3095 adacti
928 3039 1101 3095 malis
1149 3040 1223 3094 ad
1268 3038 1717 3112 amplenndam
1752 3056 1851 3110 pa.
1968 3037 2382 3099 communione
2415 3038 2779 3096 Latinorum.
2813 3039 3006 3095 Vitam
3068 3042 3179 3097 sibi
3232 3042 3465 3098 vitalem
3499 3061 3615 3099 non

198 3145 355 3193 cem,
386 3144 457 3183 ea
486 3132 719 3185 tantum
750 3134 922 3189 tenus
953 3130 1012 3184 in
1044 3145 1173 3191 eam
1206 3132 1645 3197 consenserant,
1680 3133 1854 3193 utse-
1966 3127 2229 3206 putabat.
2268 3127 2425 3183 Unde
2451 3132 2508 3181 et
2538 3128 2770 3183 crebras
2802 3129 2986 3202 coegit
3020 3131 3295 3201 synodos,
3331 3139 3385 3187 et
3418 3150 3624 3189 convo-

196 3219 396 3289 posita
421 3217 649 3272 ratione
687 3217 983 3288 dogmatis
1031 3223 1088 3272 et
1133 3216 1295 3272 nulla
1324 3234 1385 3274 re
1416 3217 1474 3272 in
1526 3217 1760 3289 scriptis
1791 3233 1856 3273 ac
1886 3234 1932 3302 α
1969 3216 2118 3277 cavit
2149 3214 2366 3279 multos
2398 3220 2767 3272 externorum
2821 3234 3076 3288 quoque,
3109 3224 3167 3274 et
3198 3218 3379 3276 libros
3410 3222 3621 3276 evolvit

200 3306 454 3362 decretis
476 3307 1070 3378 immutata,quorum
1101 3306 1159 3361 in
1181 3306 1430 3369 dubium
1462 3306 1853 3371 vocandorum
1968 3308 2209 3372 veteres,
2262 3304 2482 3376 ediditq
2497 3322 2563 3359 ue
2619 3306 2835 3363 multos
2868 3323 3067 3371 novos,
3096 3325 3327 3363 omnem
3360 3308 3618 3380 lapidem

198 3400 307 3452 aut
362 3396 435 3451 de
493 3412 640 3451 novo
696 3396 1208 3452 discutiendorum
1266 3400 1502 3467 tempus
1563 3398 1858 3468 negabant
1964 3408 2201 3451 movens
2232 3392 2302 3446 ad
2336 3394 2725 3448 astruendum
2762 3411 2931 3465 posse
2985 3412 3050 3450 ac
3102 3397 3312 3451 debere
3344 3405 3613 3469 cunctos,

198 3501 333 3541 esse
361 3485 625 3540 exterius
655 3484 943 3539 duntaxat
961 3483 1337 3544 concordiam
1369 3501 1503 3541 cum
1534 3484 1757 3543 Latinis
1778 3488 1858 3541 te-
1962 3497 2095 3536 cum
2155 3482 2310 3541 omni
2373 3482 2686 3543 securitate
2745 3484 3136 3554 conscientiae,
3193 3484 3329 3540 huic
3386 3488 3511 3558 paci
3548 3493 3611 3543 ut

196 3576 433 3641 nerant,
464 3572 627 3630 salvo
659 3588 721 3628 se
751 3572 885 3633 ﬁdei
918 3588 983 3631 ac
1015 3572 1317 3644 religionis
1365 3572 1559 3636 ofﬁcio
1607 3588 1853 3637 consen-
1962 3587 2063 3641 per
2094 3586 2155 3627 se
2188 3571 2378 3642 probae
2402 3572 2697 3646 justaaque
2729 3572 3063 3641 adhaerere;
3124 3590 3228 3629 nec
3280 3575 3604 3647 quidquam

199 3662 317 3718 tiro
353 3661 414 3719 in
473 3660 532 3719 id
592 3678 769 3732 posse
824 3662 935 3718 rati
994 3661 1493 3721 accomodationis
1523 3661 1857 3726 necessaria
1961 3660 2018 3714 in
2052 3658 2161 3719 hoc
2201 3660 2313 3719 sibi
2371 3662 2441 3715 ad
2501 3678 2797 3722 summam
2858 3663 3294 3718 contentionem
3358 3664 3607 3721 faciebat

196 3749 571 3823 temporibus
602 3749 848 3819 ratione,
880 3750 1541 3821 cujusommplamulta
1569 3749 1628 3806 in
1661 3749 1855 3806 Eccle-
1960 3747 2194 3823 reliqui,
2272 3750 2465 3804 studio
2529 3750 2987 3821 intemperanter
3063 3752 3400 3824 indulgens.
3460 3754 3607 3810 Cum

196 3839 303 3895 sie
333 3840 545 3896 veteris
575 3839 839 3897 historiis
869 3837 1187 3912 habebant,
1207 3839 1563 3910 (leniebant,
1586 3838 1855 3910 inquam,
1960 3839 2117 3894 enim
2166 3836 2333 3893 illum
2387 3839 2745 3911 oportuisset
2794 3858 2860 3896 eo
2904 3858 3032 3896 esse
3083 3846 3424 3898 contentum
3454 3845 3609 3914 quod

197 3928 590 3985 sicduntaxat
609 3931 737 3984 tuta
757 3926 1473 3993 conscientiaLatinorum
1493 3927 1857 3985 communio-
1962 3926 2282 3982 tradiderat
2330 3933 2727 3983 Damascenus
2770 3935 2825 3984 et
2873 3929 3043 3984 divus
3091 3930 3381 3986 Maximus
3414 3949 3478 3987 ac
3510 3950 3611 3988 su-

203 4032 345 4072 nem
394 4017 651 4085 admitti,
702 4022 769 4073 ut
813 4034 935 4073 rem
986 4033 1101 4077 non
1134 4033 1238 4089 per
1267 4033 1330 4073 se
1364 4015 1721 4087 probabilern
1756 4020 1858 4073 aut
1962 4034 2064 4089 per
2098 4017 2200 4073 hos
2230 4018 2398 4073 divus
2431 4035 2663 4089 quoque
2690 4019 2961 4075 Tarasius
2993 4025 3115 4088 aut,
3150 4020 3305 4091 quod
3338 4021 3491 4076 idem
3526 4027 3614 4077 est

201 4122 631 4177 usquequaque
660 4105 732 4161 ad
774 4105 909 4161 fidei
944 4106 1178 4177 regulas
1207 4109 1497 4171 exactam,
1541 4122 1741 4165 verum
1791 4109 1856 4164 ut
1961 4105 2176 4176 dicere,
2209 4106 2463 4178 septima
2518 4109 2779 4180 synodus
2836 4109 3130 4177 universa,
3190 4110 3358 4180 cujus
3420 4116 3614 4168 Patres

200 4213 335 4267 quae
366 4193 600 4250 tolerari
630 4196 949 4266 prudenter
1002 4199 1200 4267 posset
1252 4198 1407 4251 metu
1454 4194 1853 4253 incommodo-
1961 4212 2165 4251 omnes
2198 4196 2641 4267 praerogativam
2672 4198 2935 4269 ejusdem
2984 4198 3210 4253 Tarasii
3244 4200 3431 4255 secuti
3469 4218 3612 4256 con-

204 4300 342 4339 rum
375 4285 749 4356 graviorum;
783 4284 1058 4355 quodque
1089 4299 1205 4339 non
1238 4282 1526 4348 absolute,
1560 4284 1657 4339 sed
1694 4300 1856 4339 com-
1961 4284 2203 4340 fessioni
2258 4284 2328 4339 de
2386 4284 2495 4340 hoc
2548 4284 2817 4357 articulo,
2852 4303 2978 4358 quas
3036 4287 3363 4343 Orientales
3429 4290 3615 4346 missa

197 4372 483 4445 parative,
518 4379 581 4427 ut
614 4371 878 4443 magistri
925 4372 1069 4427 artis
1127 4365 1442 4428 rhetorices
1503 4372 1852 4444 loquuntur,
1964 4374 2172 4437 fuerat,
2254 4374 2753 4444 subscripserunt,
2814 4375 3105 4447 siquidem
3171 4377 3241 4431 ab
3301 4378 3413 4442 his,
3470 4380 3611 4435 dum

197 4462 719 4518 commendaretur
748 4466 806 4516 et
840 4461 1056 4516 bonum
1091 4465 1417 4532 putaretur,
1450 4478 1565 4515 non
1600 4466 1773 4532 prout
1796 4461 1852 4515 in
1964 4464 2270 4517 occasione
2302 4462 2620 4517 additionis
2653 4462 2771 4531 _tali
2834 4465 3180 4535 professioni
3228 4466 3465 4521 inserta:
3510 4470 3613 4523 do-

196 4569 265 4608 se
296 4550 697 4622 spectabatur,
757 4550 858 4605 sed
920 4556 1213 4621 quatenus
1272 4550 1680 4605 conferebatur
1719 4567 1852 4605 cum
1892 4602 1935 4625 η
1966 4566 2103 4621 gma
2136 4550 2328 4620 ipsum
2388 4551 2703 4621 explicant,
2761 4554 2953 4607 dicere
3009 4554 3290 4607 docemur
3329 4557 3614 4625 Spiritum

202 4602 697 4622 "erﬁmnm,
764 4602 857 4605 --_
928 4602 1207 4621 τρι-ηε-
1730 4602 1851 4605 mm
1966 4602 2327 4621 ,τηκικηηκ
2766 4602 2949 4607 πη---
3016 4602 3279 4607 ---η---ν
3330 4602 3614 4625 ητα-η...

202 4640 559 4711 majoribus,
610 4655 736 4711 qua)
794 4655 863 4693 ex
921 4638 1030 4693 hoc
1088 4640 1482 4694 nascebantur
1542 4640 1728 4694 bonis.
1768 4640 1861 4695 Sic
1892 4602 1938 4667 Β
1975 4643 2243 4694 sanctum
2295 4649 2365 4693 ex“
2420 4644 2588 4695 Patre
2623 4658 2724 4712 per
2753 4642 2963 4696 Filium
3000 4643 3427 4713 procedere,—-
3458 4662 3616 4714 cum,

198 4745 414 4800 nempe
443 4728 695 4784 Paulum
718 4734 896 4799 caput
920 4726 1032 4782 sibi
1055 4726 1381 4783 totondisse
1404 4727 1667 4800 aliosque
1692 4746 1861 4784 usur-
1975 4729 2239 4799 inquam,
2291 4730 2645 4800 Oportuisset
2706 4731 2951 4786 Veccum
3007 4748 3104 4787 eas
3164 4732 3221 4787 in
3280 4732 3389 4788 hoc
3440 4736 3618 4808 expli-

204 4835 383 4891 passe
412 4817 893 4889 purificationum
924 4815 1305 4872 Judaicarum
1340 4817 1522 4885 ritus;
1556 4818 1640 4873 sic
1662 4818 1735 4873 ab
1767 4834 1861 4873 eo-
1974 4818 2160 4872 cando
2220 4817 2498 4889 mysterio
2558 4820 2933 4875 adhibentem
2992 4838 3161 4876 voces
3232 4839 3378 4891 quas
3433 4830 3619 4882 nostri

202 4909 341 4961 dem
370 4906 750 4963 Timotheum
776 4903 1321 4971 circumcisum;sic
1354 4905 1710 4961 abstinuisse
1744 4913 1860 4961 ter-
1976 4906 2176 4962 Patres
2236 4914 2615 4980 usurparunt,
2679 4910 3080 4965 additamento
3145 4911 3485 4969 Latinorum
3548 4919 3617 4971 ad

201 4996 353 5051 tiam
387 4995 679 5067 synodum
711 4994 784 5049 ab
815 4994 1376 5051 excommunicando
1407 4994 1710 5051 Theodoro
1743 4997 1859 5052 Μῦς
1974 5013 2074 5052 cas
2129 4998 2317 5068 quoad
2379 5003 2596 5068 posset,
2647 5000 3164 5069 accommodanda,
3201 5002 3329 5070 ejus
3361 5010 3417 5058 et
3450 5022 3619 5061 suam

208 5085 609 5158 psuestias;sic
627 5090 801 5140 antea
825 5100 1102 5156 magnum
1126 5084 1411 5141 Basilium
1428 5084 1687 5141 Valentis
1712 5087 1866 5143 dona
1975 5084 2160 5152 ipsius
2190 5084 2467 5141 invidiam
2504 5104 2751 5158 purgare
2802 5092 2904 5142 aut
2949 5088 3214 5144 minuere
3265 5096 3619 5164 excusando,

209 5176 485 5231 Ecclesiae
520 5174 682 5230 illata
713 5175 1083 5246 suscepisse;
1116 5175 1202 5230 sic
1250 5173 1363 5231 alia
1395 5180 1451 5230 et
1498 5175 1612 5231 alia
1645 5177 1703 5231 in
1756 5178 1864 5248 pri-
1974 5178 2178 5230 contra
2210 5173 2305 5228 ille
2352 5180 2515 5231 extra
2566 5178 2847 5232 terminos
2913 5184 3201 5250 susceptae
3256 5184 3623 5241 tractationis

201 5266 327 5323 scis
358 5280 555 5320 rerum
588 5267 884 5336 gestarum
919 5264 1318 5321 monumentis
1339 5265 1468 5335 ejus
1498 5266 1730 5336 generis
1764 5283 1861 5322 no-
1973 5262 2436 5319 declarationum
2487 5266 2735 5337 argutiis
2793 5283 3045 5338 evagans
3099 5268 3285 5324 multa
3327 5276 3626 5343 congessit

202 5359 333 5410 tata
363 5353 714 5424 reperimus,
739 5368 811 5407 ne
830 5351 1132 5424 sigillatim
1160 5369 1587 5424 persequamur
1608 5354 1861 5425 singula.
1975 5352 2326 5424 scriptorum
2385 5358 2645 5409 veterum
2701 5354 2855 5423 loca;
2920 5357 3072 5411 inter
3130 5375 3254 5428 quae
3295 5377 3425 5415 cum
3460 5380 3625 5434 repeo

205 5449 329 5500 Hoc
360 5441 542 5513 igitur
590 5442 651 5498 hi
705 5442 882 5497 modo
914 5456 1119 5514 pacem
1173 5456 1362 5515 nuper
1392 5444 1679 5500 sancitum
1713 5443 1863 5499 acci-
1977 5442 2150 5497 risset
2211 5459 2491 5514 magnum
2525 5444 2809 5500 Basilium
2864 5444 3010 5501 illud
3069 5462 3158 5517 ex,
3191 5450 3345 5519 quod
3381 5451 3451 5506 de
3485 5453 3626 5509 Filio

208 5532 475 5605 piebant,
510 5537 574 5587 ut
605 5531 930 5587 faterentur
956 5531 1016 5585 in
1048 5547 1114 5587 eo
1147 5536 1448 5603 peccatum
1490 5550 1522 5591 ει
1571 5550 1634 5589 se
1681 5533 1865 5589 videri
1975 5530 2213 5597 dicitur,
2242 5531 2298 5585 in
2330 5549 2427 5604 per
2456 5538 2944 5599 commutantem,
2979 5539 3255 5607 tanquam
3305 5546 3507 5596 essent
3540 5542 3626 5598 hae

207 5638 388 5696 posse
419 5622 471 5676 ei
502 5620 604 5693 qui
638 5622 710 5676 de
741 5636 801 5675 re
859 5620 989 5691 ipsa
1047 5636 1149 5691 per
1179 5636 1241 5674 se
1268 5630 1553 5688 censeret,
1587 5626 1645 5677 et
1675 5622 1743 5677 de
1775 5622 1864 5677 of—
1978 5621 2416 5693 praepositiones
2490 5623 2733 5679 invicem
2808 5625 3222 5696 mquivalcnler
3289 5632 3626 5705 mutabiles,

209 5711 349 5769 ﬁcio
380 5709 707 5783 religionis,
750 5726 867 5781 quo
919 5708 1199 5781 iubemur
1247 5709 1656 5767 abberantium
1688 5729 1721 5765 a
1754 5711 1867 5767 ﬁde
1977 5721 2147 5783 prout
2207 5711 2489 5783 probatur
2570 5712 2664 5768 his
2750 5714 3066 5785 Scriptura:
3151 5719 3626 5791 auctoritatibus,
