4242 6438
669 411 776 466 943

1966 415 2264 470 GEORGII
2302 415 2766 470 PACHYMBRE

3972 415 4069 470 944

663 536 880 606 θρωπον
938 530 1027 587 διὰ
1088 536 1185 587 τοῦ
1268 536 1424 600 Θεοῦ,
1455 553 1481 584 ι
1540 532 1838 602 τουτέστιν,
1894 534 1952 588 ἐκ
2005 539 2102 589 τοῦ
2157 538 2314 601 Θεοῦ,
2345 539 2396 603 Α
2431 532 2486 588 δὲ
2518 535 2566 607 ἐξ
2595 535 2768 598 αἰτίας
2800 531 2954 596 ὄντος
3002 533 3166 590 πάλιν
3218 532 3398 603 ἄλλην
3448 533 3708 610 διαφορὰν
3756 536 4066 608 ἐννοοῦμεν·

668 623 782 693 καὶ,
843 647 870 673 ‹‹
905 622 1249 694 Γεννώμενον
1310 621 1369 676 ἐκ
1425 622 1703 696 γυναικὸς,
1736 644 1763 676 ι
1823 622 2064 678 τουτέστι
2107 621 2195 676 διὰ
2222 645 2321 697 γυ-

659 712 864 778 ναικὸς,
910 709 1003 764 ’ἶνα
1056 713 1132 783 μή
1182 711 1284 779 τὴν
1334 710 1407 772 ὡς
1460 708 1549 765 διὰ
1600 710 1851 780 σωλῆνας
1897 713 2127 785 αἳρεσιν,
2161 712 2315 789 φησὶ,

660 802 991 877 παρεμφήνῃ
1023 800 1051 853 6
1083 803 1229 864 θεῖος
1268 798 1633 870 Ἀπόστολος,
1683 805 1851 855 ταῦτα
1881 802 1970 855 καὶ
2001 801 2067 855 τὰ
2094 805 2317 855 τοιαῦτα

663 889 931 961 ὁσημέραι
992 887 1473 963 συνερανιζόμενος
1527 886 1714 943 πολλᾶ
1771 889 1859 943 καὶ
1889 891 1988 958 τήν
2021 889 2079 943 ἐκ
2110 889 2185 951 εἷς
2212 890 2311 957 τὴν

663 975 754 1032 διὰ
806 980 1094 1052 παρεξῆγε,
1160 978 1442 1042 κάντεῦθεν
1518 976 1676 1047 δῆθεν
1727 980 1825 1047 τήν
1889 981 1949 1033 ἐκ
2004 977 2309 1054 ἐθεράπευε.

659 1069 767 1135 Τήν
810 1065 865 1121 δὲ
922 1071 1018 1120 τοῦ
1077 1067 1225 1129 θείου
1281 1071 1642 1139 Δαμασκηνοῦ
1688 1067 1842 1142 ῥῆσιν
1877 1067 2046 1142 εύρὼν
2090 1070 2189 1137 τήν
2224 1065 2313 1122 διὰ

663 1156 836 1230 λόγου
887 1150 1196 1230 προϐολεὺς
1251 1157 1641 1233 ἐκφαντορικοῦ
1688 1156 1999 1228 Πνεύματος
2027 1155 2310 1230 λέγουσαν,

660 1246 837 1300 καὶτὸ
880 1241 1196 1306 πποϐολεὺς
1255 1245 1328 1307 εἷς
1388 1247 1449 1300 τὸ
1508 1245 1680 1308 αἴτιος
1729 1242 2186 1318 μεταλαμϐάνων,
2228 1244 2309 1298 αἶ’-

655 1356 769 1388 τιον
807 1336 900 1406 μὲν
935 1334 1034 1389 ούκ
1064 1332 1220 1409 ἔλεγε
1249 1335 1338 1388 τὸν
1389 1336 1509 1388 Υἱὸν
1561 1334 1895 1407 Ηνεύματος,
1930 1333 2104 1388 αἶ’τιον
2133 1332 2190 1388 δὲ
2223 1332 2311 1388 διὰ

653 1428 748 1478 τοῦ
781 1425 908 1477 Υἱοῦ
954 1425 1045 1477 τὸν
1103 1424 1311 1498 ΙΙατέρα
1360 1428 1454 1477 τοῦ
1508 1425 1823 1495 Ηνεύματοσ
1855 1421 2161 1497 ὡμολόγει,
2194 1423 2307 1477 ἐπεὶ

655 1512 744 1567 καὶ
778 1509 866 1566 διὰ
898 1512 1078 1586 Λόγου
1112 1509 1422 1584 προϐολεὺς
1473 1511 1568 1566 εἴτ’
1619 1511 1708 1566 οὖν
1764 1510 1938 1573 αἶ’τιος
1972 1511 2182 1588 λέγεται
2213 1516 2308 1565 τοῦ

655 1601 969 1674 Ηνεύματος
1004 1603 1030 1656 ὁ
1067 1604 1274 1676 Πατήρ.
1325 1601 1533 1672 Ταύτην
1578 1603 1678 1669 τήν
1729 1601 1885 1676 ῥῆσιν
1924 1603 2067 1663 τινὲς
2104 1603 2200 1674 μὲν
2233 1602 2307 1662 ὡς

653 1691 808 1754 νόθον
840 1690 1081 1765 γέννημα
1111 1696 1208 1744 τοῦ
1245 1692 1451 1764 Ηατρὸς
1505 1695 1864 1762 Δαμασκηνοῦ
1897 1690 1996 1744 οὐκ
2026 1688 2304 1765 ἐδέχοντο’

653 1781 794 1841 τινὲς
844 1777 900 1834 δὲ
958 1779 1047 1834 καὶ
1109 1778 1406 1854 δεχόμενοι
1469 1775 1803 1852 μετήμειϐον
1880 1781 1941 1833 τὸ
1999 1774 2305 1851 προϐολεύς

656 1871 730 1931 εἰς
787 1872 849 1923 τὸ
909 1869 1209 1944 παροχεὺς,
1273 1868 1363 1923 καὶ
1419 1870 1517 1938 τὴν
1579 1868 1931 1947 ἐκφαντορίαν
1986 1868 2084 1922 οὐκ
2115 1869 2189 1932 εἰς
2221 1871 2302 1941 [Ρ.
2340 1906 2384 1970 Β

653 1962 779 2032 329]
838 1961 936 2027 τήν
993 1958 1216 2033 ὕπαρξιν
1269 1955 1727 2030 ὲξελαμϐάνοντο,
1787 1956 1914 2012 ἀλλ’
1972 1957 2046 2018 είς
2102 1959 2200 2026 τήν
2253 1958 2305 2020 ἐς

653 2046 827 2102 ἀΐδιον
865 2048 1138 2125 ἔκφανσιν.
1193 2047 1390 2102 Μέντοι
1441 2069 1504 2121 γε
1559 2049 1645 2101 καὶ
1701 2045 2016 2102 σκανδάλων
2052 2045 2301 2121 μεγάλων

654 2140 908 2216 ἀφορμὰς
938 2138 1004 2192 τὰ
1036 2143 1261 2192 τοιαῦτα
1319 2138 1591 2212 παρέςχον
1642 2143 1758 2198 τοῖς
1814 2137 2056 2213 ὕστερον,
2101 2139 2302 2212 Ὥσπερ

651 2226 788 2297 δῆτα
817 2229 904 2282 καὶ
936 2228 998 2282 τὸ
1030 2233 1127 2282 τοῦ
1180 2227 1394 2298 Νύσσης
1451 2227 1754 2301 Γρηγορίου
1805 2229 2015 2299 Ηατρὸς
2046 2227 2209 2301 ῥητὸν
2240 2227 2302 2281 τὸ

646 2319 780 2372 κατᾶ
841 2314 1100 2392 διαίρεσιν
1161 2317 1534 2391 προαγόμενον
1591 2317 1678 2369 καὶ
1738 2315 1879 2370 οὕτω
1945 2337 2061 2377 πως
2122 2314 2302 2392 λέγον,

649 2407 725 2468 ῶς
761 2408 824 2461 τὸ
862 2407 954 2479 μὲν
1007 2404 1180 2460 αἶ’τιον
1230 2405 1496 2461 πιστεύειν
1548 2407 1610 2459 τὸ
1660 2403 1716 2459 δὲ
1755 2404 1815 2459 ἐκ
1842 2412 1941 2474 τῆς
1974 2405 2169 2474 αἰτίας,
2202 2409 2300 2458 τοῦ

643 2735 671 2764 ‹‹
709 2711 948 2769 Possedi
1003 2712 1303 2768 hominem
1337 2727 1440 2782 per
1468 2717 1652 2766 Deum
1674 2713 1715 2776 ί,
1753 2732 1781 2760 »
1814 2710 1869 2765 id
1904 2714 2013 2778 est,
2058 2727 2125 2766 ex
2161 2715 2297 2776 Deo,

642 2808 718 2870 et,
754 2827 780 2854 ‹‹
819 2803 1060 2858 Factum
1089 2820 1158 2858 ex
1189 2801 1489 2868 muliere’,
1526 2823 1551 2850 κ
1586 2801 1695 2855 hoc
1723 2806 1812 2855 est
1845 2818 1946 2873 per
1964 2799 2295 2869 mulierem,

638 2911 712 2949 ne
744 2894 896 2950 482
931 2893 1094 2948 illam
1144 2892 1411 2947 haeresim
1471 2892 1809 2946 insinuasse
1867 2891 2097 2945 divinus
2146 2894 2298 2960 Apo-

643 2983 834 3038 stolus
886 2987 1126 3055 putetur
1177 2999 1294 3052 qua
1350 2980 1619 3036 Christus
1677 2981 1846 3052 quasi
1901 2997 2002 3052 per
2034 2979 2296 3035 canalem

638 3076 925 3131 transisse
959 3092 1060 3146 per
1084 3074 1372 3145 virginem
1408 3073 1651 3144 fingitur
1685 3089 1697 3128 :
1731 3071 1873 3138 haec,
1921 3071 2182 3142 inquam,
2217 3071 2294 3125 si-

638 3165 922 3235 miliaque
955 3164 1216 3236 undique
1247 3163 1553 3218 conferens
1610 3161 1872 3233 quotidie
1920 3153 2194 3232 plurima,
2228 3175 2300 3215 ea:

2422 624 2485 677 τὸ
2523 625 2616 696 μὲν
2646 625 2750 700 γὰρ
2782 628 3073 699 προσεχῶς
3125 623 3185 678 ἐκ
3228 628 3327 678 τοῦ
3377 625 3622 699 πρώτου,
3653 625 3718 679 τὸ
3768 623 3827 679 δὲ
3870 623 3957 680 διὰ
3982 632 4070 682 τοῦ

2425 718 2716 787 προσεχῶς
2773 715 2832 768 ἐκ
2895 717 2993 768 τοῦ
3043 715 3290 787 πρώτου,
3346 720 3447 782 τῆς
3504 718 3599 768 τοῦ
3648 713 3776 768 Υίοῦ
3812 717 4070 785 μεσιτείας

2423 802 2513 854 καὶ
2546 802 2720 873 ἑαυτῷ
2770 801 2833 856 τὸ
2896 802 3182 876 μονογενὲς
3239 800 3620 875 φυλαττούσης
3648 803 3735 856 καὶ
3767 803 3831 857 τὸ
3861 807 4068 876 Πνεῦμα

2419 893 2517 957 τῆς
2575 895 2671 944 τοῦ
2729 891 2939 965 Πατρὸς
2993 893 3233 966 σχέσεως
3295 892 3370 963 μῆ
3439 891 3832 965 ἀπειργοὺσης.
3894 895 4068 949 Ταῦτα

2423 979 2517 1050 μὲν
2573 979 2600 1032 6
2657 979 3074 1054 πατριαρχεύων
3135 981 3343 1053 εἷῖσῆγε,
3404 977 3613 1042 δεικνὺς
3644 982 3745 1048 τήν
3803 982 4063 1054 μεσιτείαν

2415 1065 2511 1121 τοῖ’)
2571 1070 2698 1122 Υἱοῦ
2756 1067 2805 1141 ἐξ
2859 1069 3097 1143 άτάγκης
3156 1069 3475 1143 εἰσάγουσαν
3533 1071 3632 1138 τὴν
3693 1068 3803 1138 διὰ,
3858 1070 3948 1124 καὶ
3981 1069 4066 1126 διὰ

2415 1155 2615 1226 ταύτης
2662 1158 2760 1224 τήν
2808 1157 2868 1212 ἐκ
2914 1162 3023 1212 τῶν
3070 1156 3292 1215 Ἰταλῶν
3344 1159 3702 1232 προσιέμενος
3738 1161 3813 1220 ὠς
3844 1161 4066 1214 ἀντιπα-

2417 1251 2787 1320 ραχο›ρουσῶν
2819 1252 2926 1301 τῶν
2976 1248 3306 1321 προθέσεων.
3365 1249 3426 1300 Οἱ
3474 1245 3530 1300 δὲ
3561 1248 3685 1322 περὶ
3715 1249 3808 1301 τὸν
3843 1249 4062 1324 Ἐφέσου

2415 1335 2504 1387 καὶ
2534 1336 2626 1388 τὸν
2659 1336 2898 1404 Ἀθηνῶν
2935 1333 3204 1390 Μελέτιον
3250 1337 3338 1389 καὶ
3390 1335 3555 1391 ἄλλοι
3603 1336 3851 1392 πλεῖστοι
3885 1338 4065 1393 ἐσκαν-

2418 1422 2724 1492 δαλίζοντο,
2798 1425 3046 1498 μείζονος
3125 1430 3294 1480 κακοῦ
3364 1430 3461 1480 τοῦ
3521 1423 3698 1481 δοκεῖν
3752 1435 4064 1501 παρακινεῖν

2418 1510 2663 1588 δόγματα
2715 1509 2940 1568 ἔλαττον
2998 1514 3164 1570 κακὸν
3207 1516 3269 1569 τὸ
3320 1516 3672 1590 ἡμαρτῆσθαι
3733 1517 3881 1590 σφίσι
3911 1539 4068 1588 ποιη-

2417 1603 2669 1675 σαμένοις
2698 1602 2742 1656 εἰ
2776 1605 2945 1675 ρήνην
3001 1604 3134 1675 μετᾶ
3183 1603 3538 1681 σφαλλόντων
3574 1604 3628 1658 ἐν
3656 1604 3823 1667 θείοις
3870 1604 4067 1680 δόγμα-

2416 1712 2496 1744 σιν
2531 1691 2967 1765 άνθαιρούμενοι.
3014 1690 3174 1747 Ἀλλ’
3249 1695 3277 1748 6
3326 1694 3422 1764 μὲν
3483 1693 3753 1757 Μελέτιος
3822 1695 3912 1749 καὶ
3951 1694 4064 1749 λίαν

2415 1780 2871 1856 ἐπαρρησιάζετο,
2896 1783 2984 1836 καὶ
3011 1783 3086 1843 ὡς
3114 1788 3240 1854 μιᾶς
3259 1781 3448 1836 πολλᾶ
3477 1782 3528 1836 έν
3559 1780 3768 1854 συνόδῳ
3803 1782 4064 1854 λαλῆσαι,

2415 1872 2501 1924 καὶ
2533 1871 2693 1945 τέγος
2724 1871 2813 1924 τὸν
2843 1869 3136 1940 ἐπενδύτην
3170 1869 3417 1926 κελεῦσαι
3449 1876 3526 1942 τῷ
3576 1870 3764 1943 ὀπαδῴ
3798 1873 4063 1948 ἀράμενον

2415 1957 2634 2023 ἕπεσθαι
2667 1961 2740 2021 ὡς
2790 1960 2878 2014 καὶ
2939 1960 3017 2022 εἷς
3077 1960 3282 2035 ἐξορίαν
3341 1958 3586 2033 ἕτοιμον,
3619 1963 3692 2022 ὡς
3728 1962 3859 2035 ὑπὲρ
3890 1965 4066 2017 τοιού-

2413 2071 2520 2103 των
2548 2049 2976 2124 ἀγωνιζόμενος.
3028 2052 3094 2107 Οἱ
3145 2048 3203 2104 δὲ
3257 2050 3382 2125 περί
3431 2052 3519 2104 τὸν
3571 2050 3797 2128 Ἑφέσου
3828 2072 4067 2126 προνοη-

2411 2142 2578 2200 τικῶς
2613 2139 2707 2209 μέν
2733 2139 2878 2213 εἶχον
2911 2136 3000 2192 ’διᾶ
3051 2138 3301 2213 βασιλέα,
3346 2141 3421 2210 μή
3476 2137 3724 2200 θέλοντες
3755 2138 3938 2194 δοκεῖν
3967 2141 4067 2196 εἷσ-

2415 2227 2563 2300 ἀγειν
2612 2226 2664 2280 ἐν
2718 2229 3011 2281 καθεστῶσι
3063 2225 3376 2283 σκάνδαλα’
3428 2230 3580 2301 ’ὀμως
3632 2227 3689 2283 δὲ
3733 2231 3820 2284 καὶ
3859 2231 4066 2306 βαρέως

3681 2320 3740 2372 τὸ
3821 2317 4060 2391 λεληθὸς

2413 2313 2601 2391 ἔφερον
2687 2318 2776 2370 καὶ
2856 2314 3098 2371 ἐκποδὼν
3194 2324 3370 2372 ποιεῖν
3456 2318 3590 2373 κατᾶ

2412 2404 2638 2477 ἐκεῖνον,
2672 2406 2745 2467 ὡς
2778 2401 3093 2462 ἐϐούλοντο.

2408 2710 2655 2765 rentiam
2711 2709 3103 2782 intelligimus
3163 2728 3177 2767 :
3237 2711 3361 2768 haec
3421 2712 3587 2768 ’enim
3659 2715 3940 2770 continue
4001 2733 4065 2771 ex

2411 2802 2622 2871 prima,
2673 2801 2789 2856 ista
2843 2817 2945 2872 per
3006 2801 3422 2857 mediationem
3484 2801 3611 2856 Filii
3653 2805 3751 2874 qui
3788 2806 4063 2861 continue

2407 2906 2476 2945 ex
2531 2890 2726 2962 prima
2781 2899 2888 2958 est,
2959 2907 3074 2962 qua
3138 2892 3488 2946 mediatione
3552 2891 3728 2947 Filius
3787 2893 3950 2949 idem
4010 2900 4063 2950 et

2409 2978 2520 3034 sibi
2599 2978 2894 3052 Unigeniti
2957 2981 3371 3051 proprietatem
3422 2985 3616 3036 servat
3668 2987 3723 3036 et
3771 2983 4059 3054 Spiritum

2410 3085 2442 3122 a
2528 3069 2804 3125 relatione
2887 3070 3075 3125 Patris
3135 3087 3249 3124 non
3325 3074 3502 3125 arcet.
3568 3093 3589 3119 ι
3661 3071 3781 3126 Hac
3841 3071 4058 3145 allega-

2411 3159 2510 3213 bat
2598 3158 2952 3230 patriarcha,
3021 3159 3337 3214 ostendens
3415 3160 3565 3215 488
3639 3161 4059 3219 mediatiouem

640 3252 699 3307 in
749 3269 856 3322 per
915 3251 1294 3318 immittebat,
1356 3267 1456 3304 eas
1514 3249 1830 3321 particulas
1888 3249 2195 3303 conﬂando
2230 3247 2362 3322 inc
2405 3246 2530 3301 Filii
2565 3249 2895 3304 necessario
2975 3248 3190 3304 inferre
3263 3249 3737 3321 prapositionem
3796 3267 3948 3322 per,
4015 3257 4069 3307 et

633 3340 932 3396 notionem
959 3358 1172 3409 unam;
1204 3339 1406 3410 sicque
1465 3338 1733 3393 videlicet
1775 3338 2036 3393 diluebat
2067 3338 2286 3392 crimen

635 3429 1022 3485 additamenti
1080 3429 1140 3483 in
1191 3427 1542 3497 Symbolum
1605 3427 1837 3493 intrusi,
1874 3444 1988 3499 quo
2048 3431 2288 3482 sanctus

633 3519 898 3590 spiritus,
934 3524 998 3572 ut
1053 3535 1120 3572 ex
1179 3519 1364 3585 Patre,
1420 3518 1498 3571 ita
1529 3533 1598 3570 ex
1632 3516 1751 3570 ﬁlio
1785 3517 2097 3587 procedere
2130 3516 2285 3569 affir-

635 3613 852 3663 matur.
923 3609 1200 3663 Praaterea
1259 3606 1410 3661 idem
1475 3607 1708 3660 inventa
1770 3606 1882 3658 divi
1949 3604 2287 3660 Damasceni

635 3696 930 3752 sententia
964 3713 1079 3768 qua
1110 3697 1281 3751 Pater
1316 3712 1414 3767 per
1442 3694 1700 3750 Verbum
1758 3688 2068 3766 προϐολεὺς
2109 3695 2286 3749 emis-

635 3803 734 3842 sor
772 3786 1156 3841 enuntiatorii
1205 3785 1456 3856 Spiritus
1490 3784 1728 3850 dicitur,
1764 3789 1821 3838 et
1851 3800 2046 3838 vocem
2082 3776 2285 3856 προϐο-

631 3872 761 3935 λεὺς
795 3876 1048 3930 emissor
1081 3876 1201 3930 sive
1247 3875 1504 3944 prolator
1543 3879 1822 3943 tanquam
1876 3874 2029 3927 idem
2063 3871 2285 3944 signiti-

633 3970 862 4020 cantem
919 3965 1074 4036 quod
1125 3960 1298 4023 αἶ’τιος
1349 3980 1527 4018 causa
1575 3964 1692 4017 sive
1737 3963 2088 4033 principium
2124 3979 2289 4017 usur-

635 4072 804 4125 pans,
841 4055 939 4108 ubi
973 4054 1343 4109 observasset
1395 4070 1504 4107 non
1553 4051 1743 4106 dicere
1775 4052 2012 4119 quidem
2045 4051 2289 4106 Damas-

635 4161 844 4200 cenum
897 4142 1242 4214 simpliciter
1295 4142 1504 4196 Filium
1553 4157 1679 4195 esse
1711 4157 1948 4195 causam
1984 4141 2103 4195 sive
2135 4140 2290 4212 prin-

634 4236 857 4306 cipium
891 4233 1146 4305 Spiritus
1196 4232 1403 4299 sancti,
1459 4231 1625 4285 fateri
1670 4236 1864 4285 tamen
1899 4231 2122 4285 Patrem
2159 4247 2287 4284 esse

628 4341 870 4381 causam
904 4324 1160 4395 Spiritus
1193 4322 1379 4377 sancti
1410 4337 1510 4392 per
1541 4320 1774 4389 Filium,
1810 4319 2284 4390 quandoquidem

629 4415 700 4467 ab
732 4431 798 4467 eo
831 4418 1002 4467 Pater
1034 4429 1136 4483 pcr
1165 4411 1420 4465 Verbum
1453 4409 1704 4481 Spiritus
1737 4409 1924 4463 sancti
1951 4402 2283 4479 προϐολεῦς,

627 4502 781 4572 quod
817 4501 968 4556 idem
1004 4505 1175 4555 sonat
1206 4515 1270 4553 ac
1301 4493 1498 4565 αἴτιος,
1552 4513 1680 4552 esse
1732 4497 2077 4551 afﬁrmatur.
2135 4498 2287 4552 Hanc

625 4591 981 4646 sententiam
1006 4590 1188 4661 aliqui
1215 4593 1278 4643 ut
1299 4587 1671 4644 subdititiam
1696 4592 1750 4640 et
1775 4585 1916 4641 falso
1937 4587 2281 4641 attributam
2317 4625 2363 4688 D

625 4684 789 4738 Patri
847 4686 1205 4738 Damasceno
1253 4681 1550 4752 rejiciunt.
1605 4679 1850 4742 Quidam
1900 4684 2094 4734 autem
2154 4696 2281 4734 eam

626 4774 1035 4842 admittentes,
1069 4772 1196 4826 loco
1254 4769 1521 4826 vocabuli
1569 4761 1877 4842 προϐολεῦς
1919 4768 2287 4823 substituunt

625 4868 682 4921 in
718 4866 814 4921 illa
863 4863 1143 4938 παροχεὺς
1194 4863 1488 4934 prebitor,
1524 4870 1576 4915 et
1610 4879 1735 4932 qua
1782 4861 1899 4915 illis
1933 4860 2147 4914 mentio
2180 4861 2281 4914 ad-

612 4957 892 5027 juugitur
917 4952 1275 5028 ἐκφαντορίας
1315 4950 1722 5023 εηυιηίειῐοῐῄίιθ
1765 4949 2129 5021 prolationis,
2167 4966 2279 5002 non

616 5047 688 5102 ad
752 5042 974 5119 ὕπαρξιν
1047 5042 1394 5099 exstantiam
1458 5042 1737 5109 referunt,
1815 5039 1914 5095 sed
1977 5039 2042 5093 ad
2105 5033 2278 5090 ἀΐδιον

617 5131 871 5212 ἔκφανσιν
907 5139 1185 5190 aternam
1221 5131 1666 5188 exhibitionem.
1693 5128 1999 5184 Enimvero
2031 5127 2278 5183 scanda-

614 5224 808 5281 lorum
861 5240 1212 5296 magnorum
1274 5220 1614 5276 occasiones
1701 5217 1843 5273 talia
1903 5218 2280 5289 praebuerunt

615 5314 892 5386 posteris,
927 5319 989 5368 ut
1022 5312 1296 5366 videlicet
1326 5314 1384 5365 et
1416 5309 1524 5364 hoc
1556 5307 1801 5380 Nysseni
1856 5307 2117 5379 Gregorii
2170 5307 2273 5361 Pa-

616 5405 726 5459 tris
779 5405 1027 5468 dictum,
1076 5403 1132 5456 in
1166 5417 1279 5471 quo
1313 5399 1546 5454 divisim
1603 5399 1673 5452 de
1733 5397 1998 5469 personis
2059 5398 2274 5453 divinis

614 5494 812 5566 agitur
842 5494 936 5549 his
965 5492 1158 5547 verbis
1189 5509 1200 5546 :
1232 5514 1257 5540 ‹‹
1295 5489 1366 5545 Ut
1396 5489 1560 5544 illam
1612 5487 1849 5559 quidem
1878 5504 2116 5543 causam
2145 5504 2273 5542 cre-

612 5585 847 5653 damus,
899 5584 1050 5638 banc
1102 5586 1297 5636 autem
1348 5595 1418 5634 ex
1449 5595 1629 5634 causa
1656 5595 1865 5633 rursus
1898 5576 2072 5632 aliam
2107 5577 2272 5631 diti’e-

683 5763 698 5799 ¹
733 5764 874 5820 Gen.
911 5781 987 5828 iv,
1024 5764 1071 5817 1.
1153 5762 1173 5796 ²
1203 5760 1390 5815 Galat.
1427 5778 1499 5828 ιν,
1535 5760 1585 5814 4.

2401 3342 2641 3409 propter
2700 3337 2849 3393 hanc
2909 3339 3380 3410 prmpositionem
3441 3354 3545 3406 ex,
3610 3356 3790 3411 quam
3872 3341 4066 3397 Latini

2400 3431 2776 3497 usurparent,
2837 3427 3262 3483 admittendam
3310 3428 3693 3494 contendens,
3774 3431 4062 3499 quoniam

2401 3517 2735 3586 promiscue
2784 3515 3207 3588 permutabiles
3240 3517 3396 3572 inter
3426 3534 3552 3572 sese
3582 3517 3690 3572 bas
3724 3519 4058 3589 particulas

2398 3621 2529 3660 esse
2578 3611 2901 3678 appareret.
2953 3606 3169 3661 Verum
3220 3607 3551 3677 Ephesinus
3589 3624 3825 3678 unaque
3881 3611 4064 3666 Athe-

2399 3695 2623 3751 niensis
2657 3695 2932 3751 Melesius
2965 3706 3019 3751 et
3049 3695 3148 3750 alii
3191 3697 3432 3767 plurimi
3479 3697 4064 3769 scandalizabautur,

2399 3784 2803 3840 existimantes
2836 3801 3064 3840 movere
3096 3802 3161 3841 ac
3193 3786 3262 3840 de
3297 3802 3440 3841 novo
3473 3786 3531 3841 in
3564 3787 4062 3858 disceptationem

2399 3891 2606 3929 vocare
2636 3874 2773 3928 olim
2809 3876 3126 3954 constituta
3175 3876 3454 3947 dogmata
3501 3877 3691 3946 majus
3740 3893 3876 3933 esse
3933 3897 4060 3935 ma-

2397 3963 2520 4019 lum
2553 3981 2728 4036 quam
2763 3969 2826 4019 ut
2856 3966 3218 4020 consciscere
3255 3965 3310 4020 id
3346 3965 3457 4036 ipsi
3491 3971 3751 4036 possent,
3780 3970 4061 4038 quamvis

2400 4053 2665 4126 gravium
2717 4054 3007 4109 malorum
3060 4056 3594 4127 praevertendorum
3647 4072 3829 4110 causa
3882 4075 4056 4114 cons~

2398 4146 2620 4199 centias
2666 4162 2805 4201 suas
2836 4147 3321 4202 accomodassent
3353 4146 3424 4201 ad
3454 4145 3638 4201 levius
3670 4146 3817 4202 illud
3856 4166 4061 4220 pecca-

2399 4239 2522 4289 tum
2556 4235 3012 4305 admittendum,
3048 4252 3162 4307 quo
3197 4251 3257 4290 se
3307 4235 3668 4307 obligassent
3725 4253 3872 4306 pace
3927 4256 4058 4294 cum

2399 4323 2516 4377 illis
2552 4324 2814 4378 facienda
2841 4325 3020 4395 quiin
3044 4323 3256 4379 divinis
3279 4325 3655 4396 dogmatibus
3679 4332 4060 4383 errarentAc

2399 4412 2668 4468 Meletius
2702 4414 3025 4484 prasertim
3063 4429 3276 4484 magna
3307 4414 3377 4470 de
3409 4413 3503 4468 bis
3553 4413 3826 4470 libertate
3859 4417 4060 4473 disse-

2397 4504 2580 4568 rebat,
2614 4504 2755 4557 adeo
2787 4509 2853 4558 ut
2882 4504 2975 4558 die
3006 4503 3286 4574 quadam,
3311 4507 3624 4575 postquam
3657 4505 3849 4559 multa
3879 4523 4063 4580 super

2396 4591 2506 4647 hoc
2540 4597 2888 4664 argumento
2948 4594 3002 4647 in
3061 4593 3282 4665 synodo
3340 4592 3746 4660 declamasset,
3779 4596 4061 4665 pedisse-

2395 4699 2577 4753 quum
2603 4682 2853 4752 jusserit
2883 4681 3116 4737 sublato
3159 4682 3334 4753 pallio
3383 4683 3753 4753 procinctum
3814 4685 3889 4740 ad
3951 4686 4061 4741 iter

2396 4771 2507 4824 sibi
2568 4772 2774 4826 adesse
2824 4777 3105 4842 tanquam
3166 4772 3225 4826 in
3284 4771 3558 4826 exsilium
3611 4771 3712 4826 tali
3765 4774 3840 4828 de
3875 4791 4060 4831 causa

2394 4877 2526 4915 mox
2614 4867 2815 4932 parato
2893 4861 3203 4932 proficisci.
3268 4861 3623 4916 Moderatius
3683 4879 3747 4917 se
3807 4866 4061 4935 gerebat

2391 4949 2720 5019 Ephesinus
2777 4949 3153 5021 imperatoris
3211 4955 3503 5021 respectu,
3564 4950 3717 5022 apud
3773 4969 3962 5022 quem
3997 4970 4055 5009 se

2391 5038 2732 5110 providebat
2763 5038 3151 5109 offensurum,
3193 5040 3240 5094 si
3273 5037 3573 5094 videretur
3602 5039 3976 5098 offendicula
4005 5046 4058 5098 et

2390 5128 2696 5183 turbarum
2753 5142 2965 5183 causas
3014 5128 3087 5184 iis
3119 5128 3372 5199 objicere
3421 5128 3521 5199 qui
3571 5129 3724 5184 bona
3759 5129 3880 5187 ﬁde
3915 5149 4053 5189 con-

2387 5219 2576 5274 ventis
2635 5218 3109 5289 acquiescebant.
3168 5217 3533 5290 Ringebatur
3580 5223 3779 5275 tamen
3833 5226 3900 5276 et
3933 5222 4055 5295 ipse

2388 5308 2642 5379 penitus,
2685 5307 2985 5379 aegerrime
3033 5324 3166 5363 cum
3217 5308 3344 5364 suis
3398 5308 3590 5363 ferens
3640 5324 3770 5379 quae
3803 5326 3837 5364 a
3873 5312 4054 5368 Vecco

2387 5398 2752 5470 agebantur;
2807 5398 3247 5469 apparebatque
3291 5414 3408 5454 non
3455 5397 3835 5455 dubitaturos
3892 5400 4053 5472 ipsos

2386 5488 2608 5555 conari,
2642 5487 2690 5542 si
2725 5490 2985 5559 possent,
3018 5485 3402 5542 clandestinis
3435 5486 3661 5542 artibus
3692 5487 3868 5544 illum
3897 5507 3932 5545 a
3959 5506 4050 5546 se-

2386 5576 2456 5633 de
2488 5576 2860 5647 patriarchali
2895 5592 3182 5631 amovere.
