4242 6438
170 407 274 460 945

1233 413 1328 463 DE
1367 412 1738 464 MICHAELE
1778 412 2220 468 PALEOLOGO
2260 416 2389 469 LIB.
2437 419 2526 468 Vl.

3475 417 3586 468 946

169 528 264 584 κδ’.
299 534 484 590 Ὅπως
548 529 621 590 εἷς
679 531 740 583 τὸ
797 526 932 604 ὅρος
987 535 1085 584 τοῦ
1143 531 1296 604 ἁγίου
1355 532 1642 601 Αὺξεντίου
1713 533 1812 585 ἀπ·
1848 538 1897 601 Α
1931 540 2169 607 πρῶτον,
2223 536 2306 591 ἐπ’
2354 537 2542 608 ἐκείνῳ
2594 536 2648 591 δὲ
2694 539 2780 591 καὶ
2827 539 2915 591 τὸν
2969 537 3232 590 Ἱσαάκιον
3267 544 3439 611 στερεῖ
3467 544 3578 592 τῶν

237 600 425 725 ἔλθεν,
463 603 492 654 ὁ
551 600 922 674 πατριάρχης.
1006 603 1099 658 Καὶ
1172 600 1295 676 περὶ
1344 600 1457 657 τῶν
1509 608 1606 658 τοῦ
1662 605 1813 676 βασι-

276 693 377 725 εως
405 691 536 725 εκει.

276 693 377 735 εως
405 691 536 728 εκει.

237 799 320 868 [P'
355 799 480 868 330]
537 797 674 854 Τότε
743 797 926 852 τοίνυν
1003 796 1282 872 δωδεκάτῃ
1357 801 1816 875 Ἀνθεστηριῶνος

165 887 337 957 μηνὸς
394 887 487 939 τὸν
550 887 832 958 Βόσπορον
893 885 1424 961 διαπεραιωσάμενοι
1483 888 1608 952 εὐθὺ
1671 889 1820 964 βασι-

161 973 301 1036 λέως
350 973 687 1046 ἠλαύνομεν,
738 975 828 1030 καὶ
874 979 944 1048 τῇ
997 983 1098 1045 τῆς
1147 975 1347 1052 λυχίας
1405 981 1544 1050 μονῇ
1598 978 1816 1052 ξεναγη-

162 1061 343 1124 θέντες
384 1063 582 1117 ἰκεῖθεν
638 1065 758 1116 καθ’
815 1063 1024 1136 ἡμέραν
1079 1069 1158 1136 τῷ
1218 1064 1434 1139 βασιλεῖ
1491 1067 1815 1139 συνεμίσγο-

164 1171 282 1223 μεν.
315 1152 395 1207 Τὰ
426 1149 472 1204 δ’
503 1150 693 1222 ἐκείνῳ
749 1153 873 1206 τότε
929 1153 1274 1225 πραττόμενα
1306 1151 1558 1226 δακρύοις
1593 1155 1810 1226 μᾶλλον

155 1237 190 1305 ἢ
228 1237 422 1310 μέλανι
479 1239 700 1313 γράφειν
756 1241 822 1307 ἦν
881 1238 1046 1310 ἄξιον.
1109 1247 1408 1314 Λογισμοῖς
1466 1243 1566 1318 γὰρ
1598 1243 1810 1316 ἀγρίοις

156 1323 601 1402 διεκῦακχευθεὶς
661 1329 688 1382 6
737 1333 946 1402 κρατῶν
997 1329 1086 1384 καὶ
1137 1336 1297 1384 πᾶσιν
1346 1332 1606 1392 ὑπόπτως
1633 1329 1800 1405 ἔχων,

153 1417 256 1470 οὐκ
316 1414 434 1470 οἶδα
491 1417 609 1470 καθ’
665 1417 694 1470 ’ὀ
745 1438 822 1488 τι,
877 1419 1015 1481 τὲως
1073 1415 1130 1472 δέ
1183 1441 1244 1494 γε
1300 1426 1416 1474 τοῖς
1458 1422 1806 1495 φαινομένοις

153 1506 249 1558 καὶ
305 1509 387 1576 τῷ
444 1503 626 1560 δοκεῖν
689 1506 818 1579 ὑπὶρ
905 1507 1096 1561 ὲαοτοῦ
1153 1507 1245 1561 καὶ
1323 1515 1424 1577 τῆς
1482 1509 1646 1562 αὐτοῦ
1708 1507 1804 1578 δῆο

151 1596 239 1648 θεν
315 1596 606 1670 θρησκείας
685 1600 892 1665 πονῶν,
971 1596 1017 1651 εἰ
1099 1595 1405 1673 ὀρθοδοξῶν
1460 1597 1514 1662 ἃς
1574 1601 1641 1654 τὰ
1700 1601 1805 1672 μά-

153 1682 315 1737 λιστα
370 1685 439 1738 τά
502 1685 640 1757 πρὸς
717 1686 1074 1759 παρατροπὴν
1127 1686 1359 1748 πίστεως
1418 1683 1798 1757 διαϐάλλοιτο,

149 1769 301 1826 δεινά
347 1771 541 1830 ἐποίει.
590 1774 748 1836 Ὅθεν
795 1773 885 1828 καὶ
930 1775 1149 1847 πέμψας
1201 1775 1373 1851 ἐξάγει
1423 1780 1519 1845 τῆς
1551 1775 1801 1850 φυλακῆς

1928 623 2190 694 ὀμμάτων
2251 625 2506 688 κελεύσας
2564 625 2726 701 ἄμφω
2783 627 2873 679 καὶ
2937 627 3177 697 μόνους·
3229 629 3255 680 ὁ
3306 628 3405 700 γὰρ
3444 635 3578 680 Καν-

1923 715 2263 782 τακουζηνὸς
2322 715 2663 790 ἂπαγόμενος
2738 713 3012 776 δειλιάσας
3089 713 3398 770 ὑπὲκλινεν.
3465 718 3582 770 Ἐπ’

1925 798 2146 862 ἐκείνοις
2195 804 2296 877 γὰρ
2350 804 2540 875 μόνοις
2585 805 2647 858 τὸ
2695 809 2884 866 παθεῖν
2935 805 3024 857 καὶ
3079 806 3153 876 μὴ
3202 805 3294 872 ἦν,
3348 804 3437 858 καὶ
3489 804 3578 858 διὰ

1921 897 2081 946 τοῦτο
2140 893 2329 965 ἐκείνῳ
2387 895 2480 966 μὶν
2541 896 2606 962 ἦν
2673 893 3019 956 ὑποκλιθὲντι
3083 897 3374 963 σώζεσθαι,
3426 897 3477 949 o't
3520 895 3576 951 δὲ

1921 983 2022 1049 τήν
2071 986 2166 1035 τοῦ
2216 980 2601 1056 διαπράξασθαι
2650 983 2683 1036 ἅ
2725 979 2916 1054 μηδεὶς
2966 979 3136 1042 ἄλλος
3170 982 3380 1054 ἐτόλμα
3415 981 3571 1052 δόξαν

1925 1070 2056 1144 ὑπὲρ
2113 1075 2359 1144 πατρίων
2416 1072 2550 1124 ὲθὼν
2606 1070 2997 1145 ἀπηνέγκαντο,
3052 1071 3236 1124 πολλᾶ
3309 1073 3573 1144 πρότερον

1919 1159 2008 1212 καὶ
2041 1159 2196 1212 αὐτὸν
2247 1161 2594 1234 πατριάρχην
2651 1159 2737 1213 ἐπὶ
2802 1159 3070 1233 βασιλέως
3129 1160 3469 1233 ἐλέγξαντες,
3505 1162 3578 1222 ὡς

1920 1246 2094 1301 ἐκεῖνα
2143 1250 2420 1302 πείθονται
2472 1249 2652 1319 τούτῳ
2685 1251 2716 1301 ἅ
2744 1246 2808 1316 δὴ
2844 1248 2923 1325 ἐφ’
2957 1247 3147 1302 ἑαυτοῦ
3180 1247 3252 1301 ὥν
3290 1248 3576 1324 ὡμολόγει

1917 1337 2004 1389 καὶ
2065 1335 2367 1408 ἐπιτιμίοις
2436 1335 2796 1408 πεδούμενος,
2854 1338 2943 1390 καὶ
3006 1337 3114 1410 οὐχ
3175 1336 3205 1390 ἃ
3262 1340 3396 1399 τέως
3462 1341 3578 1410 μετ’

1915 1424 2242 1496 ἀξιώματος.
2279 1425 2377 1480 Καὶ
2432 1423 2537 1479 εἶδε
2591 1425 2685 1496 μία
2735 1425 2915 1498 ἡμέρα
2963 1426 3361 1499 ἐστερημένους
3391 1427 3580 1498 ὀμμά-

1913 1534 2022 1567 των
2055 1513 2146 1574 οὕς
2181 1513 2280 1584 μία
2306 1515 2512 1587 γαστὴρ
2546 1511 2725 1580 ὣδινε,
2759 1515 2849 1566 καὶ
2881 1513 2972 1574 οὕς
3007 1517 3039 1581 ἢ
3070 1536 3127 1568 τε
3156 1513 3342 1588 σχέσις
3373 1523 3575 1589 συνῆγε

1914 1602 2003 1655 καὶ
2033 1601 2097 1655 τὸ
2132 1601 2264 1676 ὑπὲρ
2297 1603 2415 1664 ἑνὸς
2447 1607 2657 1669 παθεῖν,
2687 1603 2911 1662 τούτους
2945 1603 3037 1655 ἀπ’
3068 1601 3337 1672 ἀλλήλων
3367 1601 3563 1678 διῃρηο

1916 1691 2131 1762 μένους,
2163 1692 2238 1752 ὡς
2269 1691 2359 1744 τὸν
2395 1691 2490 1762 μὶν
2525 1689 2779 1764 ἀλλαχοῦ
2825 1694 2953 1758 που,
2999 1691 3090 1744 τὸν
3126 1688 3182 1744 δὶ
3211 1689 3471 1760 Μανουὴλ
3505 1691 3557 1746 ἐν

1912 1784 2032 1842 ταῖς
2088 1780 2225 1833 κατὰ
2285 1777 2637 1854 Σκάμανδρον
2699 1781 3002 1854 Κεγχρεαῖς
3063 1781 3414 1854 ἀπανθρώπῳ
3453 1781 3560 1836 τινὶ

147 1860 278 1922 τοὺς
311 1860 544 1935 ιῦγενεῖς
595 1858 789 1934 ἂνδρας
847 1861 1082 1923 ἆκιίνους
1138 1863 1212 1916 ὧν
1269 1865 1356 1919 καὶ
1404 1866 1595 1939 πρώην
1628 1863 1798 1938 ἐμνή-
1833 1886 1879 1950 Β
1911 1869 2153 1945 φρουρίῳ
2216 1870 2729 1945 ἐγκατακλεισθῆναι
2789 1870 3216 1946 φρουρούμενον.
3261 1873 3378 1928 Ἐπ’
3409 1871 3556 1926 ἐκεί-

145 1953 374 2024 σθημεν,
427 1951 556 2016 τοὺς
596 1951 655 2008 ἐκ
709 1951 910 2009 Ῥαοὺλ
969 1951 1363 2033 αὐταδὲλφους,
1411 1957 1502 2012 τὸν
1535 1956 1800 2027 Μανουήλ

156 2061 216 2094 τε
246 2041 461 2095 καὶτὸν
493 2044 781 2112 Ἱσαάκιον,
831 2045 917 2098 καὶ
965 2043 1148 2117 τρίτον
1191 2048 1284 2100 τὸν
1325 2045 1384 2102 in
1423 2049 1804 2117 Καντακουζη-

151 2131 261 2185 νῶν
326 2131 581 2202 Ἰωάννην
662 2134 713 2206 (6
780 2133 885 2209 γὰρ
953 2134 1391 2209 πρωτοστράτωρ
1462 2131 1804 2206 Ἀνδρόνικος

150 2222 358 2297 φθάσας
426 2223 478 2276 ἐν
528 2227 596 2297 τῇ
662 2221 880 2297 φυλακῇ
951 2223 1480 2298 προτετελευτήκει),
1525 2224 1615 2278 κιὶ
1667 2232 1800 2303 σφᾶς

145 2310 289 2382 πρὸς
338 2309 524 2366 ἑαυτὸν
575 2314 935 2387 κατακρίτους
986 2313 1156 2390 φάρει.
1189 2311 1298 2375 Οὕς
1338 2310 1403 2382 δὴ
1435 2313 1524 2368 καὶ
1558 2313 1638 2391 ἐφ’
1669 2316 1803 2386 ἡμὲ-

148 2420 272 2472 ραις
334 2401 537 2472 ἐτάζων
604 2402 791 2476 λόγοις
840 2406 929 2459 καὶ
998 2400 1181 2479 ὕϐρεσι
1243 2403 1522 2468 πλείσταις
1583 2427 1641 2460 τε
1709 2405 1798 2460 καὶ

150 2488 379 2564 δειναῖς,
401 2491 559 2554 τέλος
591 2492 705 2548 ἐπεὶ
739 2493 838 2549 οὐκ
879 2495 946 2563 ἦν
998 2499 1132 2571 σφᾶς
1180 2494 1566 2559 ὑποκλίνεσθαι
1595 2500 1675 2567 τῷ
1702 2500 1800 2550 τοῦ

142 2585 476 2649 κρατοῦντος
535 2582 830 2656 θελήματι,
893 2586 977 2657 [Ρ.
1038 2587 1163 2658 331]
1218 2586 1310 2639 τὸν
1373 2587 1468 2657 μὶν
1531 2584 1798 2654 Μανουὴλ

141 2801 233 2856 25.
267 2800 332 2857 Ut
361 2801 440 2855 ad
465 2805 706 2874 montem
734 2802 926 2874 Sancti
955 2804 1216 2858 Auxentii
1245 2803 1409 2859 iverit
1437 2803 1768 2874 patriarcha
1792 2828 1807 2872 ;

547 2877 600 2928 et
627 2873 695 2928 de
722 2877 857 2929 acti:
888 2873 1241 2946 imperatoris
1271 2876 1414 2930 illic.

218 2979 389 3033 Tunc
418 2979 597 3050 igitur
629 2980 972 3035 duodecima
1017 2981 1153 3036 Julii
1203 2981 1425 3037 mensis
1482 2982 1805 3054 Bosporum

144 3069 502 3137 transgressi
536 3069 608 3124 ad
641 3069 1054 3139 imperatorem
1087 3075 1241 3126 recta
1288 3072 1721 3140 contendimus;
1753 3077 1812 3127 et

141 3158 336 3212 obiter
379 3157 633 3229 hospitio
660 3159 880 3230 excepti
931 3161 1086 3231 apud
1136 3162 1560 3216 monasterium
1621 3161 1805 3233 Lych-

1921 1981 2034 2021 νοις
2063 1960 2149 2014 καὶ
2211 1959 2300 2012 τὸν
2353 1963 2451 2013 τοῦ
2511 1957 2774 2013 δεσπότου
2836 1958 3065 2034 Μιχαὴλ
3123 1961 3237 2014 υἱὸν
3285 1959 3564 2031 Ἰωάννην,

1920 2051 1978 2102 ὅν
2011 2049 2084 2110 ὡς
2115 2050 2328 2124 ’ὀμηρον
2388 2051 2422 2117 ἡ
2485 2050 2669 2120 μήτηρ
2725 2053 2830 2102 τῶν
2893 2050 3172 2118 συνθηκῶν
3226 2049 3567 2124 ἀναγαγοῦσα

1920 2138 1979 2192 ἐκ
2037 2135 2240 2200 δύσεως
2293 2142 2375 2208 τῷ
2453 2137 2671 2212 βασιλεῖ
2746 2137 3041 2211 ἐνεχείριζε
3096 2139 3186 2192 καὶ
3242 2135 3486 2214 γαμϐρὸν
3538 2141 3564 2194 6

1917 2231 2127 2301 κρατῶν
2188 2225 2349 2289 ἐτίθει
2403 2230 2500 2280 τοῦ
2555 2227 2839 2300 Τορνικίου
2900 2222 3417 2302 σεϐαστοκράτορος,
3467 2225 3562 2282 κᾶν

1914 2314 2114 2376 ἐκεῖνος
2171 2317 2270 2383 τήν
2331 2315 2555 2391 σύζυγον
2614 2315 2960 2391 ἀποστίργων
3019 2317 3139 2379 καθ’
3192 2317 3379 2371 ἑαυτὸν
3431 2316 3562 2389 ἐμο-

1915 2410 2096 2478 νοῦτο,
2153 2405 2371 2479 πέμψας
2428 2403 2541 2480 ἄγει
2604 2403 2825 2478 δέσμιον
2859 2405 2918 2460 ἐκ
2949 2406 3204 2468 Νικαίας·
3262 2405 3430 2462 ἐκεῖσε
3460 2408 3560 2482 γὰρ

1915 2492 2229 2570 στρατηγῶν
2282 2497 2566 2568 κατώρθου
2624 2496 2907 2569 τροπαίοις
2968 2502 3186 2570 Περσῶν
3239 2497 3561 2568 ἐναγΑαῖζό-

1918 2606 2098 2657 μενος,
2134 2584 2214 2661 ἐφ’
2273 2587 2318 2650 ᾧ
2377 2586 2463 2639 καὶ
2525 2585 2758 2657 ὑποψίαν
2827 2584 2949 2658 ἶσγε
3006 2583 3417 2660 βασιλειῶντος,
3460 2587 3559 2641 οὐκ

1919 2803 2162 2874 gloriam
2197 2803 2458 2858 tulerunt
2483 2804 2822 2859 constantiae
2853 2805 3084 2861 invicta
3113 2806 3171 2860 in
3202 2807 3425 2875 agendo
3457 2823 3562 2877 pa-

1918 2892 2235 2961 tiendoque
2268 2909 2371 2964 pro
2402 2893 2607 2964 patriis
2639 2894 2902 2948 moribus
2934 2911 3060 2965 quae
3083 2912 3253 2950 nemo
3277 2894 3428 2950 alius
3460 2912 3564 2950 au-

1918 2997 2020 3035 sus
2055 2985 2211 3035 esset
2267 2980 2453 3036 facere
2511 2997 2577 3037 ac
2631 2982 2851 3037 subire.
2915 2982 3081 3038 Prius
3135 2988 3331 3039 autem
3386 3001 3563 3054 quam

1918 3078 2360 3138 excaecarentur,
2391 3087 2528 3126 voce
2559 3071 2854 3126 liberrima
2882 3089 3075 3127 coram
3125 3073 3253 3143 ipso
3312 3075 3566 3143 impera-

1918 3164 2040 3214 tore
2097 3159 2440 3229 patriarchse
2495 3161 2923 3231 exprobrarunt
2979 3163 3214 3216 credere
3271 3178 3331 3217 se
3389 3167 3446 3216 et
3493 3163 3565 3217 ad

142 3247 275 3311 nim,
307 3263 426 3317 qua
456 3245 593 3301 inde
623 3247 1010 3303 discessimus
1069 3248 1163 3303 die
1218 3249 1558 3320 imperatori
1608 3250 1794 3304 astiti-
1827 3235 1870 3301 C
1907 3252 2231 3302 extremum
2257 3249 2579 3303 credituros
2612 3267 2738 3320 quas
2771 3251 2841 3304 ab
2875 3250 3002 3321 ipso
3025 3249 3390 3319 didicissent,
3423 3255 3564 3306 tunc

140 3351 302 3390 mus.
337 3335 414 3389 Eo
446 3339 706 3406 tempore
738 3352 862 3407 quae
895 3337 966 3390 ab
999 3336 1100 3390 illo
1132 3342 1299 3408 gesta
1329 3343 1468 3392 sunt
1523 3338 1798 3409 lacrymis

136 3425 344 3496 potius
378 3440 556 3494 quam
589 3429 910 3480 atramento
943 3425 1188 3497 dignum
1220 3431 1344 3482 erat
1374 3427 1647 3482 scribere.
1692 3427 1795 3482 Fe-

137 3514 219 3569 ris
240 3513 402 3568 enim
437 3514 795 3583 quibusdam
829 3515 1105 3571 sensibus
1136 3531 1240 3586 per
1288 3517 1528 3571 acerbas
1585 3517 1795 3571 intem-

136 3602 334 3676 peries
365 3603 504 3675 a'gri
529 3604 712 3659 animi
743 3606 1136 3660 debacchatus
1161 3607 1429 3677 princeps
1462 3611 1570 3672 est,
1595 3624 1799 3662 omnes

137 3696 454 3763 suspectos
501 3691 746 3760 habens,
805 3694 1000 3748 nescio
1046 3695 1454 3764 quamobrem,
1501 3695 1652 3749 484
1685 3694 1798 3749 nisi

138 3781 327 3851 quod,
351 3786 416 3834 ut
445 3782 768 3852 apparebat
794 3785 896 3836 aut
923 3782 1107 3837 videri
1165 3783 1417 3848 volebat,
1452 3785 1522 3839 de
1569 3800 1631 3838 se
1662 3800 1796 3839 sua-

138 3886 258 3940 que
303 3869 576 3924 videlicet
626 3869 903 3941 religione
946 3870 1235 3926 sollicitus
1281 3872 1652 3940 iniquissime
1709 3889 1797 3927 εον

139 3975 278 4014 cum
315 3958 407 4028 agi
442 3960 817 4029 querebatur,
852 3961 952 4030 qui
985 3961 1090 4014 etsi
1125 3961 1270 4016 nihil
1320 3962 1500 4016 studii
1534 3978 1599 4016 ac
1657 3979 1800 4016 con-

135 4048 426 4103 tentionis
453 4049 750 4102 omitteret
783 4049 838 4104 in
874 4051 1185 4120 querenda
1228 4052 1599 4122 tenendaque
1645 4056 1802 4107 recta

134 4137 324 4190 divini
358 4137 552 4191 cultus
583 4154 650 4192 ac
682 4154 837 4192 sanas
900 4139 1174 4194 doctrinae
1205 4139 1316 4206 via,
1379 4141 1548 4195 fidem
1603 4146 1798 4196 tamen

133 4231 470 4297 pervertere
502 4242 604 4297 per
633 4242 931 4282 summam
983 4228 1339 4284 calumniam
1402 4237 1797 4284 accusaretur.

135 4317 283 4370 Inde
319 4315 522 4371 missis
551 4315 905 4371 satellitibus
937 4318 1136 4372 educit
1165 4335 1196 4372 θ
1242 4319 1512 4373 custodia
1573 4319 1800 4373 nobiles

130 4405 270 4460 illos
295 4405 525 4475 patricii
560 4405 793 4476 generis
823 4407 1002 4475 viros,
1036 4423 1288 4461 uuorum
1349 4423 1537 4477 nuper
1596 4408 1800 4462 memi-

130 4494 363 4561 nimus,
399 4492 607 4548 fratres
639 4493 862 4549 scilicet
891 4495 1042 4549 duos
1075 4495 1273 4551 Baulis
1331 4496 1503 4564 ﬁlios,
1563 4496 1800 4550 Manne-

135 4582 255 4637 lem
280 4587 338 4636 et
372 4581 688 4649 Isaacium,
719 4583 1078 4654 tertiumque
1107 4585 1394 4640 Joannem
1427 4602 1494 4640 ex
1516 4585 1801 4640 Cantacu-

130 4688 281 4726 zena
315 4671 542 4726 familia
570 4672 730 4742 (nam
765 4677 1155 4744 protostrator
1205 4675 1576 4729 Andronicus
1637 4675 1800 4745 prius

134 4762 194 4815 in
229 4776 463 4816 carcere
494 4760 762 4833 obierat),
795 4761 1044 4833 sistique
1073 4779 1172 4818 eos
1203 4763 1314 4817 sibi
1350 4780 1464 4818 non
1523 4767 1588 4817 ut
1634 4764 1796 4833 judi-

131 4852 358 4906 candos
392 4851 496 4906 sed
531 4855 597 4906 ut
618 4851 744 4922 jam
779 4854 1090 4909 damnatos
1123 4854 1304 4923 iubet.
1342 4854 1487 4909 Hinc
1519 4871 1654 4909 cum
1697 4870 1797 4908 eos

131 4956 239 5011 per
270 4941 396 4995 dies
426 4940 654 5012 aliquot
679 4943 874 4997 verbis
907 4943 1248 5014 asperrimis
1305 4944 1795 5014 contumeliisque

131 5029 412 5098 plurimis
443 5047 512 5085 ac
563 5031 934 5102 gravissimis
987 5038 1278 5096 vexasset,
1336 5034 1408 5088 ad
1467 5038 1793 5088 extremum

127 5118 540 5174 inﬂexibiliter
605 5127 950 5177 recusantes
1026 5122 1436 5194 obtemperare
1506 5122 1794 5178 voluntati

125 5208 459 5280 principis,
541 5209 870 5266 ManueIem
948 5212 1190 5282 quidem
1266 5211 1525 5283 pridem,
1583 5211 1794 5266 deinde

127 5314 266 5352 vero
291 5298 586 5353 Isaacium
627 5315 862 5371 quoque
911 5300 1096 5356 oculis
1153 5300 1366 5371 privari
1427 5301 1692 5354 mandat.
1729 5301 1789 5356 In

127 5385 289 5441 solos
324 5387 433 5442 bos
475 5389 626 5442 duos
672 5391 852 5443 atroci
906 5389 1015 5444 bac
1072 5390 1339 5444 saevitum
1404 5406 1596 5460 prena,
1645 5406 1789 5460 quo-

126 5477 285 5531 niam
318 5476 760 5532 Cantacuzenus
803 5493 1070 5533 seorsum
1126 5481 1196 5534 ab
1231 5479 1325 5533 bis
1383 5483 1705 5533 conventus
1736 5485 1791 5535 et

129 5563 309 5619 minis
371 5565 612 5621 territus
662 5583 875 5622 manus
924 5567 1133 5637 dedit,
1181 5568 1337 5623 idem
1402 5569 1553 5622 haud
1613 5569 1789 5623 dubie

128 5655 284 5724 quod
319 5654 438 5709 duo
469 5654 554 5710 illi
587 5673 893 5726 passurus,
930 5658 1040 5712 nisi
1074 5658 1321 5713 salutem
1352 5663 1410 5712 et
1465 5659 1615 5713 lucis
1647 5675 1790 5714 usu-

131 5761 258 5802 ram
290 5745 630 5802 obedientia
687 5748 1058 5804 redemisset.
1119 5747 1207 5803 Illi
1266 5764 1402 5820 ergo
1461 5747 1634 5804 ambo
1678 5750 1786 5804 soli

1904 3337 2140 3406 quando
2172 3353 2239 3390 ex
2273 3353 2451 3392 sensu
2484 3338 2833 3407 loquebatur
2865 3339 3120 3410 proprio,
3153 3340 3389 3411 quando
3417 3357 3561 3411 sup-

1909 3424 2078 3495 plicia
2107 3429 2164 3478 et
2190 3425 2421 3480 vincula
2452 3443 2556 3498 pro
2587 3426 2686 3481 illa
2745 3427 2857 3482 ﬁde
2901 3427 3205 3484 tolerabat:
3266 3427 3417 3484 nolle
3450 3446 3557 3483 au-

1906 3521 2018 3569 tem
2048 3515 2282 3570 credere
2305 3531 2430 3585 quas
2456 3517 2578 3586 jam
2603 3517 2834 3572 doceret
2868 3523 3179 3589 corruptus
3211 3517 3553 3584 ambitione,

1906 3603 2154 3673 pretium
2191 3609 2426 3658 mutate
2452 3605 2754 3660 sententiae
2811 3606 3270 3676 patriarcbatum
3322 3611 3553 3662 nactus.

1906 3692 2025 3747 Sub
2049 3691 2169 3746 hac
2199 3709 2317 3747 una
2360 3692 2483 3747 dies
2515 3693 2661 3748 vidit
2717 3693 3043 3749 luminibus
3101 3697 3338 3752 orbatos
3397 3696 3545 3753 485

1907 3797 2051 3850 ques
2085 3798 2238 3836 unus
2266 3787 2468 3836 venter
2498 3788 2814 3854 pepererat;
2867 3786 3224 3855 eosdemque
3272 3802 3419 3856 quos
3452 3801 3553 3840 ne-

1906 3870 2202 3925 cessitudo
2234 3872 2640 3939 germanitatis
2681 3877 2736 3927 et
2796 3874 3052 3944 patiendi
3111 3891 3287 3929 causa
3341 3876 3552 3944 junge-

1907 3960 2068 4024 bant,
2097 3959 2265 4031 longe
2303 3959 2549 4015 invicem
2602 3962 2907 4026 abductos,
2960 3963 3229 4018 Manuele
3285 3964 3557 4019 videlicet

1909 4048 2165 4120 relegata
2214 4049 2539 4105 Cenchreas
2598 4052 2667 4105 ad
2728 4052 3179 4121 Scamandrum,
3244 4054 3442 4125 ibique
3495 4053 3554 4108 in

1908 4135 2040 4190 tetri
2072 4137 2381 4206 cujusdam
2411 4143 2468 4192 et
2497 4138 2757 4192 humano
2787 4138 3051 4194 destituti
3111 4139 3270 4194 cultu
3333 4140 3557 4195 castelli

1909 4227 2237 4281 custodiam
2275 4227 2521 4293 incluso,
2584 4227 2762 4282 altero
2823 4228 2936 4282 alio
2993 4229 3224 4298 uspiam
3286 4230 3558 4285 abducto.

1911 4315 2077 4369 Aliud
2116 4321 2245 4385 post
2275 4316 2403 4380 hoc,
2427 4321 2483 4370 et
2513 4317 2705 4387 ipsum
2743 4318 3015 4372 acerbum
3049 4319 3198 4382 visu,
3259 4323 3564 4388 spectacu-

1910 4404 2030 4459 lum
2054 4405 2258 4458 datum
2282 4410 2388 4459 est.
2420 4406 2704 4460 Joannem
2739 4407 3040 4460 Michaelis
3060 4408 3318 4478 despotze
3349 4408 3562 4476 lilium,

1912 4509 2082 4563 quem
2116 4511 2224 4547 sua
2251 4496 2548 4564 quondam
2601 4500 2788 4549 mater
2822 4497 2892 4549 ab
2919 4496 3190 4550 Occiduis
3221 4497 3560 4551 Constanti-

1915 4581 2171 4653 nopolim
2207 4584 2466 4654 profecta
2497 4584 2764 4654 partibus
2787 4586 3055 4640 obsidem
3087 4586 3182 4640 icti
3213 4591 3355 4640 tunc
3385 4588 3560 4640 taede-

1914 4674 1993 4726 ris
2025 4673 2359 4743 imperatori
2393 4673 2694 4728 adducens
2725 4675 2988 4740 dederat,
3037 4691 3330 4745 quemque
3363 4681 3564 4746 postea

1911 4760 2274 4816 ille'l‘ornicii
2300 4762 2782 4817 sebastocratoris
2814 4779 3093 4833 generum
3123 4764 3358 4831 fecerat,
3381 4780 3563 4834 quan-

1909 4867 2084 4922 quam
2120 4851 2244 4921 ipse
2277 4852 2587 4922 conjugem
2622 4857 2926 4906 aversatus
2956 4868 3222 4907 seorsum
3247 4852 3319 4907 ab
3347 4854 3448 4907 illa
3467 4870 3559 4909 res

1907 4939 2017 4994 sibi
2044 4938 2296 4994 habebat
2321 4956 2481 5004 suas,
2516 4941 2743 4994 curavit
2775 4941 3092 5010 imperator
3121 4941 3379 4996 vinctum
3406 4944 3475 4996 ad
3498 4959 3559 4997 se

1906 5028 2098 5084 Nicaea
2141 5027 2295 5082 duci.
2345 5029 2426 5082 lbi
2462 5028 2617 5083 enim
2670 5029 2768 5084 ille
2805 5031 3106 5100 copiarum
3167 5031 3304 5101 dux,
3357 5031 3560 5087 multis

1907 5117 2120 5189 praeliis
2176 5117 2452 5173 secundis
2523 5118 2850 5189 erectisque
2907 5121 2978 5174 ob
3037 5120 3292 5176 devictos
3351 5120 3557 5176 Persas

1902 5209 2135 5277 tropeis
2168 5206 2440 5277 plurimis
2470 5208 2584 5263 late
2617 5209 2803 5264 factus
2826 5207 3104 5280 inclytus,
3157 5209 3554 5280 suspicionem

1904 5296 2478 5366 incurreratimperii
2513 5297 2934 5363 ail‘ectati,.non
2968 5299 3101 5353 aliis
3132 5299 3189 5353 id
3242 5315 3558 5370 argumen-

1902 5387 1978 5441 tis
2001 5387 2385 5441 suadentibus
2413 5403 2587 5457 quam
2619 5387 2750 5456 ejus
2780 5387 2838 5441 in
2875 5388 3027 5442 bello
3059 5389 3332 5443 felicitate
3363 5393 3419 5443 et
3441 5389 3556 5444 cla-

1901 5477 2066 5532 ritate
2101 5479 2254 5548 apud
2291 5477 2576 5549 populum
2622 5478 2930 5534 invidiosis
2960 5479 3161 5535 efferre
3194 5479 3388 5551 ipsum
3425 5479 3552 5535 lau-

1901 5567 2076 5622 dibus
2107 5567 2369 5622 solitum.
2405 5567 2759 5623 Incendebat
2789 5567 2963 5623 istam
2989 5568 3327 5640 imperatori
3355 5569 3548 5641 suspi-

1897 5658 2308 5728 cionem,quod
2335 5656 2803 5712 audieratTheod
2814 5675 2979 5712 orum
2995 5657 3174 5728 Cotyn
3191 5658 3547 5714 monachum

1897 5747 2136 5804 crebros
2155 5752 2212 5803 et
2232 5747 2436 5818 longos
2451 5747 2695 5802 semotis
2728 5747 2964 5803 arbitris
2995 5747 3255 5803 interdiu
3275 5754 3332 5802 et
3353 5748 3422 5803 de
3443 5764 3545 5803 no-
