4242 6438
607 424 714 478 947

1858 429 1864 436 ·
1915 411 2218 478 Gnoson
2256 411 2718 476 paeavucm

3916 417 4020 470 948

609 544 772 616 ἄλλῳ
820 544 900 615 τῷ
959 541 1239 617 μαρτυρίῳ
1296 543 1330 610 ἢ
1387 546 1468 612 τῷ
1523 545 1824 615 κατορθοῦν
1873 543 1960 596 καὶ
2025 540 2127 595 ὑπὸ
2157 545 2253 596 τοῦ
2285 545 2337 609 Α
2370 546 2587 614 συχνῶς
2636 539 3013 615 προσεδρεύειν
3069 544 3354 613 συνήθειαν
3423 541 3616 615 ᾐτιᾶτο
3663 540 3752 594 καὶ
3809 541 3874 594 τὸ
3936 539 4022 592 ἐπὶ

607 634 744 689 λαοῦ
777 631 1111 701 δοξάζεσθαι.
1143 632 1241 685 Ἦν
1292 628 1349 684 δὲ
1408 630 1499 683 καὶ
1555 631 1616 683 τὸ
1646 632 1744 697 τήν
1777 630 2008 702 ὑποψίαν
2041 629 2257 684 ἐκκαῖον

606 724 633 776 ὁ
667 721 840 784 Κότυς
871 720 1147 793 Θεόδωρος
1183 719 1429 792 μοναχὸς
1472 718 1638 789 μόνος
1675 718 1829 789 μόνῳ
1858 720 1993 771 κατὰ
2044 718 2258 792 σχολὴν

605 811 819 884 ἡμέρας
852 807 1124 869 πολλάκις
1170 808 1261 862 καὶ
1312 808 1501 868 νυκτὸς
1553 807 1962 881 συγγινόμενος.
1997 808 2172 869 Οὗτος
2205 805 2263 861 δὲ

606 898 634 950 ὁ
669 898 835 958 Κότυς
869 897 934 963 ἧν
968 893 1026 956 ὃς
1056 892 1120 962 δὴ
1154 891 1326 948 πάλαι
1361 895 1454 966 μὲν
1504 899 1678 948 τελῶν
1713 891 1765 948 ἐν
1797 899 1915 957 τοῖς
1943 900 2259 966 κσσμικοῖς,

603 987 704 1054 τὴν
759 985 895 1039 κατὰ
942 983 1138 1038 τούτου
1190 981 1248 1036 δὲ
1293 987 1391 1037 τοῦ
1439 980 1561 1037 τότε
1614 985 1854 1057 μεγάλου
1889 982 2260 1037 κονοσεέαύλου

606 1080 796 1148 πεῖραν
853 1073 1181 1143 πυθόμενος,
1245 1072 1318 1132 ὡς
1380 1071 1635 1146 βασιλεὺς
1703 1071 2001 1147 ἐκτυφλοῦν
2062 1066 2259 1126 ἐκεῖνον

613 1160 894 1231 ἐϐούλετο,
946 1161 1116 1214 ἐλθὼν
1168 1157 1567 1234 προσαγγέλλει
1618 1160 1754 1214 κατὰ
1803 1158 1991 1236 φιλίαν
2037 1161 2126 1214 καὶ
2168 1161 2259 1214 σὺν

608 1253 800 1323 ἐκείνῳ
856 1250 941 1306 ἐπὶ
1007 1246 1272 1323 Περαίδος
1329 1248 1650 1321 αὐτομολεῖ.
1707 1253 1793 1319 Τῷ
1848 1245 1976 1324 γοῦν
2029 1250 2261 1321 κάκείνῳ

603 1342 727 1396 τότε
777 1338 1129 1415 βασιλειῶντι
1187 1341 1434 1404 τοιαῦτα,
1497 1339 1570 1398 ὡς
1631 1338 1805 1409 οἶμαι,
1859 1337 2056 1412 Αὲγειν,
2090 1339 2178 1390 καὶ
2211 1338 2261 1390 οἱ

609 1429 770 1503 λόγοι
823 1421 1180 1500 ⁴ιιτροὶίϐαινον,
1236 1427 1379 1479 τοῦτ’
1433 1426 1499 1492 ἧν
1556 1425 1617 1479 td
1676 1426 1765 1479 καὶ
1822 1427 1924 1494 τὴν
1981 1428 2115 1480 κατὰ
2166 1431 2262 1480 τοῦ

609 1519 865 1575 Ἰωάννου
915 1505 1150 1588 ὗπυψίαν
1208 1510 1483 1588 βεϐαιοῦν,
1539 1515 1613 1576 ὡς
1663 1512 1875 1575 ιίδότος
1924 1514 2129 1570 ἐκείνου
2172 1515 2261 1569 καὶ

615 1602 692 1660 ἔτι
723 1605 910 1662 πλέον.
958 1605 1184 1675 Πέμψας
1239 1608 1367 1676 γοῦν
1427 1605 1545 1676 ἄγει
1603 1604 1852 1657 κάκεῖνον
1908 1598 1986 1659 Τὸ
2015 1608 2143 1679 γοῦν
2173 1622 2263 1657 κι-

606 1697 872 1768 νούμενον
906 1697 1200 1765 προφανῶς
1232 1689 1486 1768 ἔγκλημα
1538 1693 1604 1759 ἦν
1638 1693 1713 1754 ὡς
1741 1696 2143 1767 κακηγορήσειε
2171 1694 2261 1747 τὸν

605 1783 1140 1861 πορφυρογέννητον,
1191 1781 1281 1835 καὶ
1335 1782 1408 1842 ὡς
1455 1779 1643 1850 ἐπειδὴ
1701 1781 1953 1856 βασιλεὺς
1992 1785 2264 1857 προστάσ-

2371 627 2565 704 ῥητοῖς
2613 635 2922 706 συμφωνεῖν
2971 632 3070 697 τὴν
3115 636 3212 684 τοῦ
3262 630 3521 706 σφετέρου
3568 631 3850 701 κτήματος
3883 633 4025 702 πρᾶ-

2370 737 2452 769 σιν
2511 717 2592 785 (τὸ
2655 714 2700 770 δ’
2757 718 2823 784 ἦν
2882 719 2916 786 ἡ
2976 717 3172 791 Βρύσις
3227 726 3328 787 τῆς
3379 718 3595 794 Γραίας,
3656 717 3714 770 ἐκ
3771 715 4020 791 πατέρων

2368 803 2557 876 ἐκείνῳ
2599 804 3074 879 προσκληρωθὶν),
3122 808 3184 861 τὸ
3244 805 3302 861 δὲ
3360 807 3484 878 περὶ
3534 803 3803 878 διαδοχῆς
3866 806 4023 878 βασι-

2371 891 2520 954 λείας
2581 891 2778 948 εῗδέναι
2837 893 2954 948 ἴσον
3011 896 3173 959 ἐτίθει
3227 896 3316 949 καὶ
3373 896 3498 969 περῖ
3556 898 3664 948 τῶν
3715 891 4023 947 ἀντιπόδων

2371 979 2822 1056 διισχυρίζεσθαι.
2868 983 2942 1036 Τὰ
2989 982 3044 1036 δὲ
3083 983 3259 1056 λέγων
3310 983 3409 1038 οὐκ
3461 979 3690 1045 ἔπειθεν.
3726 976 4024 1037 Ἐϐούλετο

2372 1069 2419 1125 δ’
2449 1071 2662 1146 ἐρευνᾷν
2702 1071 2791 1125 καὶ
2839 1073 2906 1125 τὰ
2947 1073 3083 1126 κατᾶ
3130 1074 3221 1126 τόν
3273 1071 3455 1148 ἰατρὸν
3506 1068 3829 1145 Περδίκκαν,
3865 1069 3948 1147 ἐφ’
3983 1070 4027 1140 ᾧ

2367 1180 2419 1214 τι
2457 1166 2645 1230 μαθεῖν
2678 1162 2805 1234 παρ’
2855 1161 3060 1215 ἐκείνου
3104 1167 3212 1215 τῶν
3263 1163 3380 1216 καθ’
3416 1160 3653 1232 ὑποψίαν
3686 1161 3801 1213 κατ’
3838 1156 4026 1212 Ἰωάν-

2370 1270 2487 1316 νου,
2521 1251 2596 1311 ὡς
2623 1251 2749 1323 παρ’
2799 1249 2997 1304 ἐκεῖνον
3050 1250 3444 1324 σχολάζοντος.
3491 1255 3579 1320 Τῷ
3625 1269 3710 1302 τοι
3743 1248 3832 1302 καὶ
3866 1243 4025 1301 αὐτὸν

2375 1340 2468 1408 μὲν
2528 1337 2798 1411 φυλακαῖς
2859 1335 3061 1409 ἐδιδου,
3118 1339 3211 1392 τὸν
3278 1337 3335 1393 δὲ
3394 1338 3560 1392 Κότυν
3621 1343 3738 1396 τοῖς
3794 1335 4028 1396 Κελτοῖς

2371 1424 2644 1501 παραδοὺς
2702 1428 3050 1499 κρεμαννύειν
3110 1427 3198 1481 καὶ
3271 1427 3476 1496 ἐτάζειν
3536 1425 3802 1480 ἐκέλευον.
3863 1427 3919 1479 Ὀ
3984 1423 4012 1478 δ

2373 1515 2470 1569 οὐκ
2527 1511 2662 1588 ἔφθη
2725 1513 2918 1582 δεθεὶς,
2974 1516 3064 1570 καὶ
3119 1521 3198 1587 τῷ
3257 1512 3414 1591 φόϐῳ
3462 1513 3870 1588 διαπεφώνηκσ,
3929 1515 4016 1567 καὶ

2371 1604 2571 1678 φόρτος
2630 1602 2863 1665 ἐλεεινὸς
2921 1606 3101 1678 ἀρθεὶς
3160 1603 3386 1658 πολλῶν
3447 1598 3766 1678 βλεπόντων
3823 1606 3894 1674 τῇ
3953 1603 4026 1676 γῇ

2371 1685 2716 1767 παρεδίδοτο.
2751 1695 3010 1763 Ἰωάννην
3066 1690 3124 1746 δὲ
3178 1693 3270 1746 καὶ
3320 1692 3492 1753 οὕτως
3537 1692 3782 1768 ἀφαιρῶν
3824 1692 4030 1763 ἠτίμου

2369 1783 2467 1850 τὴν
2530 1781 2613 1836 ἐπὶ
2669 1789 2768 1850 τῆς
2829 1780 3074 1859 κεφαλῆς
3129 1780 3444 1857 καλύπτραν
3515 1787 3832 1854 μεγιστᾶσιν
3868 1780 4028 1834 οὖσαν

609 1886 719 1926 σων
750 1872 952 1927 ἐκεῖνον
988 1871 1099 1981 ,ἐπὶ
1162 1868 1367 1944 [Ιέρσας
1427 1869 1679 1946 ἐφώρμα,
1712 1873 1740 1926 ὁ
1773 1867 1828 1924 δὲ
1876 1871 2261 1946 κατειρωνευόδ
2296 1913 2340 1981 Β
2374 1870 2544 1941 ἀξίαν,
2596 1873 2712 1925 καθ’
2761 1871 2826 1940 ἤν
2878 1870 3037 1943 ἐτίμα
3079 1872 3141 1925 τὸ
3190 1870 3474 1944 πρύτερον.
3531 1870 3662 1926 Εἶτα
3710 1867 3768 1923 δὲ
3817 1887 3879 1944 γε
3937 1871 4030 1923 καὶ

612 1978 776 2034 μενος
818 1965 926 2015 τῶν
985 1957 1400 2031 ἐπεσταλμένων
1455 1959 1673 2030 λέξειεν,
1721 1961 1797 2021 ὡς
1849 1959 2088 2024 Ἐλθέτω
2114 1977 2257 2035 πορ-

612 2052 1016 2130 φυρογέννητος
1064 2046 1390 2109 ἀποσταλεὶς
1442 2048 1522 2124 ἐφ’
1553 2049 1598 2120 ᾦ
1629 2050 1960 2124 κατορθώσει
1990 2051 2051 2104 τὸ
2089 2068 2262 2125 προσ-

611 2140 964 2212 ταττόμενον.
997 2139 1074 2194 Τὸ
1125 2142 1252 2211 γοῦν
1300 2141 1576 2211 προῦπτον
1625 2140 1769 2192 τοῦτ’
1803 2139 1893 2210 ἦν,
1927 2139 1955 2192 ὃ
1988 2137 2045 2192 δὲ
2075 2141 2265 2202 νυκτὸς

615 2228 814 2298 ἐζήτει,
858 2228 1052 2297 ἐκεῖνο,
1099 2231 1167 2299 τῇ
1231 2221 1436 2298 ὑποψίᾳ
1495 2228 2016 2301 συνταραττόμενος.
2066 2230 2265 2283 Κάπει-

616 2317 681 2387 δὴ
713 2317 811 2371 οὐκ
839 2319 904 2384 ἧν
936 2311 1260 2385 δείκνυσθαι,
1307 2315 1399 2368 τὸν
1452 2317 1644 2387 Κότυν,
1698 2314 1741 2370 εἰ
1800 2318 1876 2388 μὴ
1929 2317 2263 2391 ὁμολογοίη,

616 2409 699 2479 [Ρ.
732 2403 858 2477 332]
892 2403 1039 2459 δεινᾶ
1085 2403 1300 2473 ἠπείλει
1350 2410 1550 2475 ποιεῖν,
1582 2407 1670 2459 καὶ
1701 2408 1798 2474 τήν
1833 2409 2038 2480 συχνὴν
2067 2427 2267 2482 προσε-

618 2492 768 2570 δρίαν
824 2493 875 2555 ἐς
933 2495 1013 2547 δτι
1080 2491 1318 2565 μάλιστα
1376 2493 1695 2567 ἀνακρίνων.
1776 2497 1833 2547 Ὁ
1901 2493 1958 2549 δὲ
2013 2501 2109 2550 τοῦ
2172 2497 2266 2569 μὲν

619 2716 708 2767 cte
741 2728 875 2766 cum
907 2711 1134 2766 Joanne
1173 2727 1474 2766 sermones
1509 2711 1920 2767 babuisse.Hic
1944 2715 2112 2783 Cotys
2136 2716 2272 2768 ante

620 2801 1010 2856 monasticam
1044 2799 1494 2871 professionem,
1527 2801 1827 2856 saecularis
1857 2802 2071 2872 adhuc,
2127 2803 2270 2858 olim

618 2890 758 2945 huic
789 2889 901 2962 ipsi
933 2904 1089 2944 nunc
1124 2890 1460 2960 imperanti,
1495 2895 1633 2944 tunc
1657 2903 1870 2963 magno
1904 2892 2269 2963 conostaulo,

619 2978 933 3034 consilium
987 2978 1357 3048 imperatoris
1417 2986 1701 3034 enecare
1755 2981 1952 3050 ipsum
2010 2982 2272 3053 parantis

619 3069 808 3124 amics
833 3067 1214 3133 indicaverat,
1247 3073 1566 3139 auctorque
1597 3068 1784 3123 fuerat
1833 3081 1896 3122 ut
1953 3071 2181 3141 fugeret
2211 3071 2270 3125 in

621 3157 1069 3228 Persidem,quo
1100 3161 1159 3210 et
1188 3157 1383 3227 ipsum
1417 3161 1540 3211 erat
1572 3158 1913 3238 comitatus.
1953 3158 2099 3221 Quia
2138 3175 2270 3215 vero

2369 1961 2448 2031 τῷ
2488 1959 2974 2033 παρακοιμωμὲνῳ
3042 1957 3341 2033 βασιλεικῷ
3408 1958 3739 2034 ιγχιιρίσας,
3793 1959 4032 2033 προνοίᾳ

2370 2052 2470 2102 τοῦ
2514 2046 2697 2102 λαθεῖν
2748 2047 2947 2103 ἐκεῖνον
2988 2047 3238 2118 παντοίᾳ,
3289 2048 3365 2109 εἰς
3415 2045 3716 2123 Λαματρύα
3763 2046 4031 2118 ἐξεληλα-

2372 2139 2505 2191 κότα
2532 2136 2830 2214 ἐκτυφλοῦν
2863 2136 3094 2204 κελεύει,
3126 2135 3315 2191 πολλὰ
3365 2134 3628 2210 πρότερον
3667 2139 3763 2189 τοῦ
3795 2133 4036 2209 Μιχίήλ

2376 2225 2637 2280 δεσπότου
2666 2228 2753 2280 καὶ
2787 2222 3129 2304 αὐταδὲλφου
3171 2225 3550 2286 Αιτανεύοντος
3586 2227 3679 2297 μὲν
3713 2221 4034 2292 δέσποιναν,

2377 2312 2755 2376 λιτανεύοντος
2815 2313 2872 2370 δὲ
2926 2317 3270 2391 πατριάρχας
3321 2331 3379 2368 τι
3435 2316 3526 2368 καὶ
3587 2315 3670 2374 οἷς
3730 2314 3758 2367 ὁ
3817 2317 4036 2386 κρατῶν

2376 2404 2812 2481 ἐπληροφοριῖτο
2869 2411 3261 2477 πνευματικοῖς
3321 2402 3594 2479 ἀνδράσιν,
3661 2401 3744 2478 ἐφ’
3823 2403 3869 2473 ᾧ
3938 2402 4038 2469 τήν

2378 2497 2573 2563 ποινὴν
2602 2495 2853 2571 ἀργῆσαι.
2889 2493 3045 2551 Ἀλλ’
3098 2494 3196 2548 οὐκ
3244 2487 3456 2548 ἔπειθον
3514 2490 3922 2551 λιτανεύοντες.
3952 2492 4041 2551 Ὠς

2381 2713 2730 2783 negotium:
2794 2714 3103 2766 tractatam
3164 2711 3319 2766 enim
3378 2710 3530 2764 inter
3586 2709 3792 2764 ambos
3856 2708 4044 2765 fuisse

2380 2801 2776 2856 venditionem
2809 2800 2955 2871 agri,
2988 2800 3091 2870 qui
3123 2801 3285 2871 Cotyi
3326 2797 3660 2852 haereditate
3690 2813 3723 2850 a
3764 2797 4042 2868 parenti-

2382 2891 2492 2944 bus
2523 2890 2838 2944 obvenerat
2869 2894 2924 2943 et
2954 2890 3104 2944 Fons
3145 2888 3348 2944 vetulis
3395 2888 3730 2942 vocabatur.
3763 2886 3846 2940 De
3905 2903 4040 2940 suc-

2382 2980 2644 3034 cessione
2699 2983 2896 3032 autem
2962 2979 3020 3032 in
3075 2977 3432 3050 imperium,
3491 2975 4044 3030 asseverantiss'ime

2383 3069 2717 3123 afﬁrmabat
2747 3067 2900 3123 haud
2961 3069 3148 3140 magis
3213 3065 3558 3122 meminisse
3615 3070 3719 3119 aut
3765 3065 3923 3119 scire
3980 3082 4044 3119 se

2383 3162 2707 3233 Quidquam
2741 3166 2866 3216 tum
2899 3160 2986 3214 vel
3018 3159 3208 3231 prima
3241 3157 3535 3212 mentione
3565 3159 3812 3222 motum,
3860 3170 4043 3225 quam

621 3247 734 3303 sibi
795 3251 936 3300 tunc
989 3245 1304 3316 imperium
1363 3247 1589 3318 optanti
1657 3248 1802 3302 forte
1860 3249 2273 3304 recordabatur
2302 3249 2346 3314 C
2386 3253 2457 3306 de
2489 3252 2663 3306 rebus
2695 3249 3078 3321 Antipodum.
3115 3248 3213 3302 His
3244 3247 3563 3318 imperator
3603 3244 3757 3298 haud
3794 3252 4046 3314 persna-

625 3336 963 3408 praadictam
999 3336 1069 3389 ab
1092 3350 1180 3405 eo,
1241 3350 1345 3390 nec
1401 3335 1568 3400 falso,
1625 3341 1691 3390 ut
1744 3342 1950 3392 eventa
1980 3344 2269 3393 monstra-

622 3430 783 3488 runt,
817 3424 1156 3478 felicitatem
1192 3424 1391 3488 istam,
1425 3423 1540 3477 tale
1573 3425 1765 3494 ipsum
1811 3440 2041 3496 quoque
2101 3428 2273 3496 quid-

622 3513 782 3585 piam
813 3517 1103 3568 tractasse
1133 3527 1259 3568 cam
1290 3513 1517 3567 Joanne
1549 3518 1607 3567 et
1656 3514 1764 3569 hoc
1813 3529 2161 3571 arcanarum
2193 3517 2276 3572 in-

623 3607 714 3656 ter
745 3617 844 3657 eos
877 3608 1296 3672 argumentum
1329 3602 1512 3656 fuisse
1569 3603 2023 3658 collocutionum
2074 3606 2276 3676 opina-

619 3690 814 3746 batur.
850 3691 996 3761 Ergo
1047 3695 1104 3745 et
1142 3691 1322 3760 Cotyn
1381 3691 1799 3761 comprehendi
1859 3693 2109 3764 sistique
2165 3694 2278 3749 sibi

623 3780 887 3836 mandat.
923 3782 982 3835 In
1014 3782 1295 3835 Joannem
1333 3797 1504 3851 porro
1547 3781 1701 3851 quod
1751 3781 1984 3853 publice
2007 3784 2278 3854 jactaba-

622 3875 719 3923 tur
750 3868 971 3923 crimen
1006 3873 1131 3923 erat
1155 3869 1304 3923 male
1327 3869 1495 3924 illum
1547 3870 1699 3925 480
1759 3872 1828 3926 de
1878 3873 2277 3945 Porphyroge-

624 3959 747 4014 nito
781 3959 1064 4014 locutum.
1101 3960 1386 4014 Ferebant
1415 3963 1595 4030 enim.
1632 3977 1765 4016 cum
1801 3962 1873 4017 ab
1933 3964 2281 4033 imperatore

623 4049 969 4103 mandatum
1004 4048 1215 4102 fuisset
1245 4048 1456 4102 Joanni
1508 4050 1798 4120 perlatum
1860 4051 2077 4106 bellum
2134 4054 2283 4108 infe-

624 4138 792 4193 rendi
821 4138 1032 4204 Persis,
1059 4137 1277 4192 dixisse
1310 4136 1478 4193 illum
1536 4154 1650 4194 non
1709 4141 1836 4196 sine
1868 4141 2086 4197 ironico
2144 4158 2282 4198 acu-

616 4226 726 4282 leo:
754 4225 1014 4282 «Veniat
1048 4227 1229 4295 patris
1277 4228 1463 4281 missu
1524 4228 2084 4301 Porphyrogenitus,
2145 4247 2282 4301 pro-

625 4325 794 4386 spere
831 4315 1058 4370 scilicet
1087 4323 1470 4371 exsecuturus
1516 4319 1804 4389 quidquid
1865 4319 2226 4392 injungetur.
2255 4341 2278 4371 υ

622 4410 702 4460 Ac
730 4405 801 4459 de
832 4404 943 4458 hoc
975 4403 1214 4474 quidem
1250 4404 1378 4459 luce
1411 4405 1603 4476 palam
1637 4407 1894 4462 Joannes
1954 4408 2281 4480 interroga-

625 4495 817 4548 batur.
852 4492 980 4547 Alia
1013 4493 1433 4548 instituebatur
1467 4496 1536 4549 de
1567 4498 1771 4551 eodem
1806 4503 2094 4553 nocturna
2125 4515 2283 4570 quaa—

2381 3352 2486 3395 eus
2516 3338 2816 3410 explorare
2876 3341 3153 3408 praeterea
3210 3334 3394 3388 voluit
3450 3333 3742 3387 medicum
3807 3330 4051 3386 Perdic-

2382 3444 2533 3495 cam,
2575 3434 2922 3499 experturus
2975 3425 3184 3495 ecquid
3245 3424 3318 3478 ab
3367 3439 3455 3491 eo,
3517 3434 3690 3492 quem
3741 3425 3801 3474 et
3834 3421 4038 3491 ipsum

2383 3523 2678 3574 constaret
2709 3518 2808 3588 qui
2831 3517 2985 3587 apud
3018 3517 3301 3570 Joannem
3353 3515 3808 3573 commoratum,
3843 3515 4047 3580 posset

2383 3607 2666 3680 expiscari
2689 3624 2804 3679 quo
2837 3607 3243 3661 adstrueretur
3272 3605 3554 3672 concepta
3610 3600 3899 3670 suspicio.
3931 3599 4046 3670 Igi-

2384 3703 2482 3754 tur
2507 3702 2566 3753 et
2594 3698 2744 3751 hunc
2775 3696 2928 3752 tradi
2961 3693 3238 3749 custodiae
3269 3690 3563 3763 praecepit.
3592 3692 3776 3760 Cotyn
3844 3694 4044 3743 autem

2385 3787 2561 3842 Celtis
2593 3786 2837 3841 tradidit
2866 3781 3350 3856 suspendendum
3384 3785 3443 3835 et
3473 3778 3617 3832 diris
3674 3778 4043 3849 adigendum

2385 3875 2743 3931 cruciatibus
2775 3876 2843 3929 ad
2880 3871 3178 3945 prodenda
3209 3887 3340 3942 qum
3379 3868 3613 3924 celaret.
3643 3869 3716 3922 Αι
3773 3866 3874 3921 ille
3908 3883 4044 3921 cum

2388 3966 2668 4037 ligaretur
2699 3965 2768 4019 ad
2802 3962 3213 4034 suspendium,
3239 3959 3612 4014 exanimatus
3646 3958 3810 4010 metu
3847 3956 4046 4012 conci-

2385 4055 2509 4120 dit;
2550 4060 2608 4109 et
2665 4055 2898 4125 pondus
2951 4048 3287 4106 miserabile
3318 4046 3592 4103 sublatus
3623 4045 3774 4100 487
3837 4046 4047 4100 multis

2386 4144 2760 4199 cernentibus
2792 4147 2960 4196 terrae
2992 4140 3304 4194 mandatus
3327 4136 3569 4192 est.Nec
3597 4140 3797 4189 tamen
3827 4133 4047 4190 Joanni

2389 4234 2606 4304 profuit
2635 4233 2942 4302 desperata
2971 4230 3104 4285 inde
3135 4226 3440 4283 conviotio.
3470 4225 3604 4280 Jam
3661 4226 3804 4276 tunc
3863 4224 4046 4288 enim,

2387 4323 2458 4378 ad
2522 4320 2819 4393 quoddam
2872 4317 3306 4390 praeiudicium,
3367 4313 3794 4369 dehonestatus
3859 4312 3913 4366 is
3964 4317 4048 4368 est

2388 4411 2580 4466 ablato
2604 4410 2815 4482 capitis
2847 4407 3126 4479 tegmine,
3153 4405 3310 4476 quod
3344 4403 3575 4474 insigne
3616 4401 3938 4472 praecipuae
3970 4402 4046 4455 di-

2388 4500 2629 4573 gnitatis
2676 4492 2818 4554 viris
2872 4496 3268 4552 summatibus
3326 4491 3562 4549 concedi
3623 4490 3870 4546 solitum
3935 4490 4044 4562 ipsi

622 4584 755 4648 stio,
789 4599 903 4652 qua
936 4583 1336 4638 curiosissime
1369 4583 1761 4656 indagabatur
1807 4589 2013 4657 ecquid
2040 4587 2280 4643 extundi
2313 4612 2360 4674 ι)
2393 4592 2557 4661 prius
2578 4591 2867 4644 tribuerat
2898 4589 3228 4658 imperator.
3267 4583 3373 4648 Qui
3397 4591 3451 4636 et
3481 4581 3678 4635 statim
3709 4579 3854 4635 inde
3903 4597 4047 4652 prae-

622 4674 968 4743 conjecturaa
999 4677 1219 4743 posset,
1253 4689 1381 4743 quae
1413 4675 1808 4745 suspicionem
1843 4676 2096 4732 maxime
2139 4683 2279 4732 tunc

622 4763 1050 4833 inquietantem
1112 4762 1395 4833 principis
1427 4763 1687 4819 animum
1723 4766 1928 4821 ambiti
1973 4783 2006 4822 a
2055 4771 2280 4822 Joanne

623 4851 854 4923 imperii
888 4851 1209 4905 roboraret.
1243 4851 1390 4913 Quia
1421 4868 1554 4908 vero
1586 4854 1851 4909 convinci
1895 4855 2052 4911 baud
2112 4857 2282 4912 aliter

623 4943 752 5011 ejus
784 4940 1050 4994 criminis
1071 4939 1329 4994 Joannes
1361 4958 1537 5011 quam
1569 4942 1742 5015 Cotys
1780 4945 2116 5000 testimonio
2180 4963 2279 5018 po-

623 5035 795 5094 terat,
830 5030 987 5084 bunc
1022 5029 1343 5100 imperator
1371 5031 1648 5101 gravibus
1695 5034 1941 5104 urgebat
1997 5034 2174 5090 minis
2206 5037 2277 5090 ad

623 5120 928 5175 fatendum
964 5119 1119 5188 quod
1155 5134 1245 5172 res
1278 5123 1423 5183 erat,
1457 5122 1859 5191 subjecturum
1893 5139 1976 5191 se,
2038 5127 2096 5178 ni
2128 5125 2278 5180 face-

623 5214 731 5276 ret,
769 5208 1070 5263 acerrimis
1103 5224 1235 5261 eum
1282 5210 1588 5265 tormentis
1636 5211 2014 5280 denuntians,
2065 5218 2122 5268 et
2148 5212 2277 5268 nul-

623 5300 744 5355 lum
793 5301 970 5354 finem
1029 5299 1250 5353 faciens
1307 5299 1739 5358 instantissime
1798 5305 2093 5373 querendi
2136 5306 2277 5376 quid

620 5389 857 5445 tandem
887 5389 1080 5459 longis
1110 5387 1228 5443 illis
1261 5390 1636 5461 assiduisque
1684 5408 1818 5448 cum
1875 5393 2098 5448 Joanne
2157 5412 2278 5450 ser-

624 5481 903 5536 monibus
935 5482 1172 5550 egisset.
1195 5481 1277 5533 Ad
1311 5497 1378 5535 ea
1398 5483 1591 5553 Cotys,
1623 5487 1773 5555 quod
1810 5487 2087 5541 assiduus
2123 5489 2277 5558 apud

621 5570 908 5625 Joannem
944 5568 1153 5623 fuisset
1175 5571 1448 5639 quodque
1479 5571 1672 5642 ipsum
1697 5574 2033 5645 frequenter
2062 5576 2277 5632 allocu-

622 5667 740 5729 tus,
774 5676 1015 5715 causam
1053 5658 1261 5715 fuisset
1289 5661 1520 5716 dicebat
1536 5663 1808 5720 coalitam
1842 5667 1996 5723 inter
2029 5669 2190 5740 ipsos
2211 5685 2279 5725 ex

623 5751 884 5806 amicitia
939 5748 1436 5805 familiaritatem.
1498 5754 1886 5812 Intervenisee
1951 5756 2275 5828 quinetiam

2391 4682 2537 4735 lecto
2568 4678 2811 4749 Augusti
2846 4674 3100 4732 cubiculi
3125 4674 3410 4729 Joannem
3471 4670 3741 4725 eumdem
3805 4670 4046 4723 tradidit

2391 4770 2800 4824 abducendum
2835 4767 3147 4836 Damatrya
3177 4762 3378 4834 ibique
3406 4759 3849 4825 excecandum,
3885 4775 4042 4813 com-

2392 4861 2667 4914 mandato
2699 4854 2863 4930 prius
2895 4860 2960 4909 ut
2991 4854 3144 4925 quod
3171 4853 3287 4907 illic
3345 4851 3611 4904 facturus
3639 4853 3822 4916 esset,
3868 4864 4038 4919 quam

2389 4948 2732 5003 cautissime
2761 4951 2884 5002 toto
2916 4945 3124 4999 itinere
3163 4939 3585 4997 dissimularet.
3619 4936 3682 4992 Id
3723 4943 4040 5006 antequam

2390 5037 2749 5093 exsecutioni
2785 5035 3184 5097 mandaretur,
3219 5027 3469 5088 Michael
3527 5027 3774 5096 despota
3819 5025 4041 5081 instan-

2389 5128 2618 5182 tissime
2642 5126 2828 5181 oravit
2877 5128 2940 5178 ut
2993 5121 3158 5177 fratri
3191 5126 3311 5175 tam
3359 5117 3472 5172 diri
3533 5114 3815 5187 supplicii
3863 5113 4041 5186 gratia

2391 5218 2574 5272 fleret.
2606 5216 2867 5272 Ambivit
2895 5214 2966 5268 ad
2999 5212 3107 5267 hoc
3130 5209 3403 5283 precibus
3437 5205 3659 5261 infimis
3690 5207 4037 5276 Augustam,

2391 5308 2633 5362 ambivit
2667 5303 3030 5377 patriarchas
3077 5307 3330 5355 veterem
3363 5304 3420 5353 et
3469 5311 3706 5362 novum,
3760 5311 3832 5350 ac
3872 5309 4035 5367 quos-

2391 5414 2622 5468 cunque
2648 5394 2972 5465 intelligere
3005 5391 3192 5464 potuit
3239 5389 3394 5461 apud
3447 5384 3772 5457 principem
3825 5382 4036 5455 aliquid

2389 5488 2447 5541 in
2482 5485 2890 5558 persuadendo
2931 5480 3142 5547 valere,
3196 5476 3530 5533 sanctitatis
3561 5473 3842 5546 Opinione
3898 5487 4036 5527 com-

2392 5578 2700 5631 mendatos
2728 5574 2903 5627 viros.
2938 5576 3048 5624 Nec
3073 5567 3156 5623 illi
3186 5571 3288 5622 aut
3317 5567 3718 5620 detrectarunt
3760 5563 4027 5622 ofﬁcium,

2389 5673 2487 5721 aut
2519 5679 2584 5720 eo
2607 5665 2865 5736 segniter
2897 5659 3081 5715 functi
3115 5666 3273 5713 sunt.
3329 5656 3614 5711 Caeterum
3675 5657 4025 5723 quantocun-

2387 5772 2501 5831 que
2530 5760 2770 5831 agerent
2798 5754 3018 5822 studio,
3051 5751 3196 5807 nihil
3227 5750 3399 5824 plane
3429 5748 3843 5818 impetrarunt.
3893 5741 4020 5796 Cum
