4242 6438
206 409 310 462 949

1267 413 1356 463 DE
1393 410 1759 463 MICHAILB
1798 408 2245 465 PALBOLOGO
2280 413 2413 465 LIB.
2459 414 2553 465 Vl.

3513 422 3626 472 950

204 530 247 584 δ’
444 527 790 604 μεσημϐρίας
838 529 1039 585 ἐσείετο
1084 531 1202 603 μεθ’
1251 532 1483 602 ἡμέραν,
1537 530 1563 583 ὁ
1617 525 1847 602 Περδίκι
1881 532 1928 594 Α
1965 526 2064 602 ἄρα
2122 532 2155 598 ἡ
2214 532 2508 604 ὁμωνυμία
2554 534 2615 587 τὸ
2673 536 2970 608 μάντευμα·
3030 536 3230 599 ἐκεῖνος
3291 540 3382 609 μὲν
3418 543 3521 614 γὰρ
3555 538 3620 594 τὸ

203 641 319 688 κας,
351 619 434 672 ὅτι
471 620 636 691 μόνον
666 620 727 672 οὐ
768 620 829 673 τὸ
855 621 955 687 τήν
1006 625 1110 692 γῆν
1165 619 1418 690 σείεσθαι,
1480 614 1627 672 ἀλλὰ
1655 616 1717 669 τὸ
1779 616 1854 686 μὴ

198 709 550 762 καταπίπτειν
625 708 853 768 ἐκείνοις
926 710 986 761 τὸ
1063 705 1190 782 ὅρος
1248 710 1472 761 τοιαῦτα
1527 706 1853 780 πράττουσιν

201 796 354 872 ἔλεγε
406 799 717 866 τεθηπὲναι,
778 804 976 865 ποινὴν
1031 796 1237 872 ὖπὲσχε
1301 797 1400 864 τὴν
1455 794 1695 867 ἆιιτομήν
1752 800 1852 862 τῆς

200 885 369 961 ῥινός.
413 887 514 941 Καὶ
566 887 738 949 ἀλλος
770 889 850 940 ὅτι
909 886 1073 957 μόνον
1129 886 1332 940 οἰκεῖον
1361 885 1552 956 εκείνῳ
1581 881 1749 937 παῖδα
1797 881 1856 937 ιιι

198 975 439 1038 παλαιᾶς
499 976 779 1046 συνηθείας
843 973 970 1030 ἰδὼν
1029 977 1096 1029 τὰ
1129 972 1323 1052 φιλιπὰ
1378 972 1852 1049 προηπτόσσετο,

200 1065 444 1140 σχισμὰς
495 1069 600 1120 τῶν
635 1063 902 1138 ῥωθώνων
961 1069 1068 1120 τῶν
1129 1061 1399 1118 παιδικῶν
1428 1063 1703 1118 ἀπώνατο.
1755 1063 1853 1131 Τῷ

199 1150 256 1207 Si
285 1158 382 1206 τοῦ
416 1152 724 1228 Παχωμίου
783 1151 1041 1227 Γεωργίψ
1069 1155 1459 1228 γραμματιπῇ
1489 1169 1548 1226 τε
1594 1145 1708 1204 ὄντι
1759 1148 1850 1202 καί

198 1239 510 1314 ἐλλογίμῳ,
542 1239 729 1310 ἐπειδὴ
763 1246 840 1312 τῷ
874 1240 1363 1315 Στρατηῃποῦλφ
1393 1237 1628 1314 Μιχαὴλ
1677 1239 1851 1292 συνὼν

196 1332 333 1384 κατὰ
381 1332 482 1398 τὴν
535 1331 738 1384 Πόντου
791 1330 1115 1401 Ἡράκλειαν
1161 1328 1364 1401 ὡμίλει
1407 1326 1496 1382 διὰ
1522 1328 1621 1395 τήν
1652 1330 1854 1401 ἡμερι-

199 1420 298 1486 νήν
355 1419 491 1490 πρὸς
537 1417 696 1472 τᾶηλ’
755 1417 1023 1492 ἀσχολίαν
1083 1417 1276 1478 νυκτὸς
1333 1418 1400 1472 τὸ
1456 1414 1713 1482 πλεῖστα,
1759 1416 1851 1468 καὶ

195 1506 709 1581 προσηγγὲλλοντο,
772 1508 975 1562 ἐκεῖνον
1010 1509 1105 1580 μὶν
1158 1514 1257 1577 τῆς
1305 1506 1632 1580 στρατηγίας
1677 1524 1844 1574 πειρει⁸

196 1597 367 1658 λύσας
427 1598 636 1673 ἀγαγὼν
699 1597 902 1671 ἔκρινεν
961 1598 1036 1658 ὡς
1095 1595 1480 1672 βασιλειῶντα,
1535 1599 1616 1666 τῷ
1649 1591 1706 1648 ὃὶ
1748 1594 1848 1660 τήν

195 1690 295 1740 τοῦ
346 1685 525 1762 λέγειν
552 1687 671 1761 περῖ
705 1686 912 1741 τούτων
942 1686 1001 1741 ιιι
1034 1681 1244 1761 βίϐλων
1277 1681 1439 1754 δῆθεν
1490 1681 1670 1738 εἶδότα
1705 1683 1852 1755 βασι·

198 1775 364 1830 λειῶν
407 1773 585 1844 δεινὴν
639 1775 874 1848 ὑποψίαν
927 1776 1151 1844 ἀνῆπτε.
1212 1771 1456 1841 Κᾶπειδὴ
1513 1773 1848 1848 προθέμενος

1971 616 2244 690 μόρσιμον
2303 619 2511 695 φεύγων
2583 620 2872 698 ἔξετύφλου
2929 626 3022 678 τὸν
3079 623 3268 700 ἄνδρα,
3325 628 3385 680 τὸ
3441 626 3495 682 δέ
3554 649 3618 702 γε

1963 706 2099 760 κατὰ
2150 705 2483 762 Μακεδονίαν
2539 714 2636 764 τοῦ
2690 713 2994 787 Παχωμίου
3049 713 3257 788 χωρίον
3319 714 3442 770 ὅσον
3505 714 3613 787 ἤδη

1966 791 2168 850 ἐκεῖνον
2202 795 2462 869 ἁναμὲνον
2512 801 2607 860 τὰς
2653 799 2739 854 ἰπὶ
2785 806 2862 872 τῷ
2902 802 3114 875 θανάτῳ
3161 802 3475 878 εὐπρὲπιζεν
3538 805 3617 859 ol-

1970 883 2177 956 μωτάς.
2238 887 2495 948 Κᾶιιεῖνος
2557 889 2652 959 μὶν
2702 887 2906 966 τυφλὸς
2938 889 3128 956 ἀλᾶτο,
3179 894 3347 946 πάτον
3393 893 3614 968 ἀνθρώ-

1963 991 2082 1026 πων
2109 974 2210 1027 οὐκ
2238 973 2520 1044 ἀλεείνων,
2579 972 2724 1030 ἀλλὰ
2753 977 2981 1050 πληρῶν
3018 976 3364 1052 θαυμασμοῦ,
3419 982 3467 1035 εί
3518 985 3615 1055 μὲ-

1967 1081 2063 1136 χρι
2131 1064 2221 1117 καὶ
2279 1063 2330 1124 ες
2385 1064 2669 1128 τοιούτους
2726 1065 2921 1133 ἄνδρας
2971 1069 3158 1144 χώραν
3205 1069 3370 1145 ἔσχον
3405 1073 3458 1124 al
3491 1072 3615 1145 περί

1965 1149 2061 1218 sic
2122 1150 2400 1225 βασιλείας
2457 1154 2708 1227 ὑποψίαι·
2760 1157 2788 1210 ὁ
2838 1153 2916 1226 Si,
2964 1158 3060 1218 τὰς
3110 1155 3316 1236 τυφλὰς
3364 1158 3612 1231 ιλπὶδας,

1962 1235 2101 1310 ᾤετο
2135 1241 2230 1310 μὲν
2282 1237 2648 1314 δραπετεύειν,
2683 1243 2745 1297 οὐ
2797 1246 2904 1315 μὴν
2957 1243 3013 1299 δὲ
3042 1265 3131 1299 και
3177 1235 3316 1301 κατὰ
3361 1247 3422 1301 τὰ
3472 1249 3614 1318 ἀλη-

1964 1328 2050 1388 Θὶς
2082 1325 2452 1404 ἰδραπὲτευεν.
2499 1331 2775 1387 Ἐντεῦθεν
2823 1335 2962 1407 ὀργὴ
3009 1335 3142 1388 κατὰ
3195 1341 3452 1411 μοναχῶν
3508 1338 3612 1412 οὐχ

1964 1416 2046 1470 ὅτι
2105 1424 2204 1486 τῆς
2248 1417 2578 1488 Ἐκκλησία(
2627 1420 3042 1493 ἀποστατοῦσιν,
3093 1421 3220 1476 ἀλλ’
3270 1425 3352 1478 ὅτι
3402 1426 3611 1497 ἡμέρας

1962 1505 2284 1578 ἀριθμοῦ-τιν
2353 1506 2520 1560 αὐτοῦ
2595 1509 2683 1562 καὶ
2763 1511 2996 1583 χρόνους
3051 1511 3476 1585 περιορίζουσιν,
3537 1517 3611 1575 ὡς

1963 1594 2296 1649 ἀνασείοντες
2354 1599 2462 1649 τῶν
2535 1602 2714 1650 κακῶν
2773 1596 3032 1653 ἐντεῦθεν.
3110 1601 3204 1652 Καὶ
3284 1599 3452 1654 δειναὶ
3517 1603 3611 1673 μὲν

1961 1684 2094 1750 ἦσαν
2155 1684 2209 1736 αἱ
2263 1685 2377 1737 κατ’
2428 1684 2646 1739 ἐκείνων
2697 1687 2920 1741 ἀπειλαὶ
2977 1687 3027 1757 ἐξ
3060 1687 3232 1762 ὀργῆς
3274 1690 3608 1761 ἀνημμέναι,

1961 1770 2112 1844 ὅμως
2145 1769 2191 1826 δ’
2242 1773 2551 1846 ἀνηρτῶντο
2600 1776 2830 1849 προνοίᾳ
2875 1781 2971 1829 τοῦ
3006 1779 3079 1848 μή
3125 1774 3306 1832 δοκεῖν
3358 1777 3609 1847 κολάζειν

193 1863 500 1938 ἐκτυφλοῦν
551 1864 752 1920 ικεῖνον
801 1870 920 1928 ταῖς
964 1868 1064 1933 τῆς
1115 1862 1404 1933 δεσποίνης
1439 1860 1735 1924 δυσωπίαις
1760 1860 1849 1932 (ἦν
1882 1891 1928 1963 Β
1959 1860 2202 1934 ἀλόγως,
2232 1859 2279 1914 εἰ·
2306 1862 2395 1915 καὶ
2439 1862 2632 1936 μικρὸν
2682 1863 2808 1918 ὅσον
2853 1865 2941 1919 καὶ
2975 1867 3323 1921 Γαλακτίωνα
3375 1871 3468 1939 μὲν
3499 1875 3608 1922 τῶν

191 1952 298 2026 γὰρ
351 1953 642 2028 αὐτανεψία
690 1953 921 2027 ἆιείνου)
969 1954 1058 2008 καὶ
1108 1953 1255 2027 παρά
1299 1953 1528 2028 γνώμην
1579 1948 1850 2025 ἀνεχαιτί-
1883 1945 1927 1963 ¹’
1958 1945 2221 2021 ὅμμάτων
2256 1955 2452 2024 στερεῖ,
2500 1951 2764 2007 Μελὲτιον
2813 1951 2870 2008 δὶ
2912 1953 3215 2031 ἀφαιρεῖται
3273 1963 3372 2024 τῆς
3422 1955 3609 2030 γλώσ-

195 2047 318 2111 {ato
377 2042 566 2115 ἐκείνῳ
629 2045 723 2115 μὶν
781 2043 870 2097 καὶ
930 2041 1008 2098 ἔτι
1054 2044 1156 2112 τὴν
1209 2041 1406 2109 ποινήν
1454 2040 1683 2114 ἀνήρτα,
1734 2044 1846 2092 Πι-

194 2132 406 2206 χιυμίῳ
439 2131 494 2188 δὶ
522 2134 582 2188 τὸ
612 2140 714 2188 πᾶν
745 2134 844 2198 τῆς
875 2133 1042 2207 ὀργῆς
1074 2134 1377 2208 προσῆπτε.
1426 2129 1504 2188 Τῦ
1541 2131 1645 2205 γὰρ
1676 2126 1849 2201 ὄνομα

193 2223 422 2291 φρυκτὸν
453 2223 510 2276 ’ὸν
544 2218 758 2277 hauet»
790 2225 874 2296 [P,
899 2224 1025 2296 333]
1056 2221 1146 2277 αἱ
1195 2221 1362 2294 μόνον
1408 2218 1471 2276 ἔα
1513 2222 1672 2274 τινῶν
1727 2237 1850 2295 φοι-

191 2305 488 2384 ϐασμάτων
518 2309 764 2366 ἐκποδὼν
815 2317 991 2366 ποιεῖν
1043 2310 1134 2365 τὸν
1185 2308 1386 2385 ἔχοντα
1433 2307 1848 2381 παρεσκεύαζεν,

193 2395 268 2462 ὥς
298 2400 350 2454 τί
401 2402 454 2454 οἱ
492 2401 653 2455 κακὸν
703 2401 839 2455 κατὰ
885 2406 1082 2475 μοῖραν
1138 2399 1420 2476 περιέχον.
1471 2397 1747 2473 Ἐξᾶκρουε
1803 2391 1848 2448 8’
1895 2427 1909 2434 -

205 2631 412 2682 autem
445 2626 598 2681 inter
628 2625 745 2679 haec
775 2625 1120 2696 contigisset
1149 2639 1182 2679 a
1212 2623 1539 2679 meridiana
1571 2625 1728 2692 parte
1755 2634 1856 2690 per

198 2716 361 2770 diem
397 2713 641 2769 moverit
673 2714 1224 2780 terram,Perdiccas
1255 2712 1473 2768 dixisse
1491 2710 1854 2766 dolatusnon

202 2820 267 2858 se
299 2803 502 2857 mirari
534 2806 752 2858 terram
784 2802 1040 2872 concuti,
1074 2803 1172 2858 sed
1215 2817 1333 2857 non
1380 2813 1548 2855 ruere
1595 2799 1854 2853 vicinum

201 2896 464 2946 montem
513 2907 695 2962 supra
745 2890 887 2946 talia
949 2895 1210 2963 agentes,
1261 2904 1491 2962 poenam
1534 2889 1671 2942 dicti
1719 2887 1854 2943 tulit

201 2981 638 3035 truncationsm
673 2979 822 3033 nasi.
876 2979 950 3034 At
980 2980 1132 3034 alios
1161 2981 1257 3050 qui
1292 2979 1681 3051 propinquum
1739 2977 1854 3030 hu-

193 3071 302 3141 jus
334 3067 971 3137 adolescentem,veteri
1003 3067 1404 3123 familiaritate
1435 3067 1854 3133 charum,tuno

202 3160 355 3213 forte
404 3157 639 3213 obvium
691 3163 958 3212 amanter
1007 3156 1316 3228 amplexus
1361 3157 1572 3222 fuerat,
1628 3155 1858 3210 narium

1955 2054 2074 2107 σης.
2125 2038 2194 2094 Al
2233 2037 2278 2092 δ’
2309 2037 2512 2115 “optat
2541 2041 2630 2094 καὶ
2682 2043 2893 2114 μᾶλλον
2930 2047 3046 2105 τοῖς
3091 2042 3343 2118 ἀνδράσιν
3391 2045 3612 2120 ἰμετρι-

1955 2126 2172 2196 άζοντο,
2204 2127 2515 2183 ὲπιλίνουσι
2559 2130 2655 2193 τὰς
2685 2131 2896 2195 ποινάς.
2949 2134 3195 2206 Λάζαρον
3245 2135 3339 2204 μὶν
3368 2133 3460 2188 οὖν
3519 2135 3612 2189 τὸν

1960 2216 2300 2292 Γοριινίτην,
2351 2216 2516 2294 ἄνδρα
2582 2215 2902 2293 σεϐάσμιον,
2959 2219 3284 2284 ἀποστείλας
3335 2225 3464 2285 τοὺς
3523 2223 3614 2278 ἰκ-

1955 2305 2344 2384 τυφλώσοντας
2386 2314 2503 2370 ταῖς
2547 2316 2763 2371 ποιναῖς
2821 2311 3014 2386 ὑπῆγε.
3073 2311 3219 2385 Πρὸς
3254 2310 3311 2366 δὶ
3356 2313 3446 2367 καὶ
3493 2319 3614 2369 Μα-

1958 2393 2147 2470 κάριον
2177 2441 2190 2464 ,
2246 2397 2338 2451 τὸν
2402 2397 2492 2451 καὶ
2552 2398 2880 2474 Περιστὲρην
2957 2401 3456 2473 παρονομασθίντα.
3518 2406 3616 2456 τοῦ

1970 2634 2105 2674 cum
2137 2631 2245 2675 sua
2275 2620 2463 2692 ipsius
2495 2621 2751 2693 pernicie
2801 2624 2996 2681 fatalis
3041 2639 3193 2682 nexu
3243 2625 3612 2682 necessitatis

1962 2707 2382 2779 implicaretur.
2418 2711 2477 2765 Id
2512 2709 2631 2776 ille,
2683 2713 2838 2782 quod
2886 2713 3146 2784 optimus
3194 2714 3610 2770 vaticiuiorum

1967 2795 2258 2868 interpres
2284 2800 2660 2868 postmodum
2693 2805 2936 2857 eventus
2962 2802 3260 2873 explicuit,
3315 2818 3426 2858 non
3460 2803 3614 2858 clare

1966 2884 2301 2958 intelligens
2332 2903 2449 2958 quo
2493 2894 2918 2958 pertineret,'et
2957 2904 3073 2961 quo
3112 2896 3376 2962 vergeret
3424 2890 3612 2960 impo-

1966 2978 2159 3028 tenter
2181 2975 2700 3044 exhorrescens,in
2735 2995 2863 3034 eam
2917 2979 3358 3051 persuasionem
3419 2979 3618 3050 rapuit

1965 3068 2029 3116 ut
2055 3064 2164 3118 sibi
2199 3079 2612 3121 successurum
2646 3067 2703 3121 in
2737 3067 2981 3139 imperio
3027 3067 3183 3123 hunc
3233 3068 3616 3123 Pochomium

1972 3153 2238 3223 portendi
2271 3155 2550 3210 crederet.
2587 3157 2644 3210 Id
2678 3173 2811 3211 vero
2871 3157 3094 3211 ratione
3152 3158 3311 3211 omni
3370 3174 3616 3229 pravar-

199 3247 630 3301 abscissionem
664 3259 730 3300 ea
759 3245 818 3299 in
853 3261 1101 3317 puerum
1153 3244 1372 3300 amoris
1429 3243 1858 3316 significatione
1888 3223 1930 3288 ο
1969 3241 2211 3296 tandum
2242 3247 2427 3311 ratus,
2479 3244 2661 3298 istum
2712 3244 3002 3301 infelicem
3066 3246 3306 3301 reddere
3367 3246 3612 3317 imperio

188 3334 462 3390 lucratus
493 3340 605 3390 est.
643 3334 964 3389 Dicendum
997 3339 1056 3388 et
1093 3335 1248 3404 quod
1277 3331 1524 3404 Georgio
1556 3331 1854 3387 Pachumii

193 3424 470 3496 contigit,
514 3423 822 3477 litteratori
871 3423 928 3477 in
976 3422 1180 3494 paucis
1238 3422 1369 3493 ejus
1423 3422 1655 3492 generis
1712 3437 1857 3494 pro-

195 3515 382 3569 stauti
433 3519 760 3583 ceteraque
812 3514 1081 3568 honesto.
1144 3513 1194 3567 ls
1245 3528 1432 3583 nuper
1479 3512 1634 3582 apud
1687 3511 1860 3565 Hera-

199 3603 385 3658 cleam
421 3603 588 3657 Ponti
623 3619 740 3656 suas
772 3602 1157 3673 professionis
1187 3617 1424 3672 operam
1461 3613 1680 3655 navans
1714 3613 1857 3670 pra-

201 3693 355 3747 fecto
389 3690 506 3745 illic
541 3689 954 3762 Strategopulo
982 3689 1422 3758 Ilichaeli,oum
1454 3689 1633 3760 hujus
1666 3688 1857 3760 publi-

198 3781 288 3834 cis
320 3779 809 3851 occupationibus
830 3779 1242 3852 prohiberetur
1272 3795 1488 3835 munus
1506 3779 1663 3835 istud
1683 3793 1857 3835 suum

197 3869 275 3922 de
304 3869 402 3923 die
432 3867 617 3933 obire,
662 3867 1015 3940 plerumque
1060 3872 1238 3923 noctu
1287 3866 1524 3923 seholas
1570 3882 1712 3922 suas
1758 3867 1857 3923 ha-

196 3958 560 4012 buerat.Hoc
591 3941 862 4012 auditum
891 3957 1214 4028 imperator
1249 3955 1670 4028 interpretatus
1707 3960 1858 4012 atro.

194 4049 371 4111 citsr,
405 4051 644 4117 repente
668 4045 1014 4104 lichaelem
1045 4045 1282 4118 quidem
1333 4047 1612 4115 abrogato
1667 4046 1854 4117 magi-

192 4141 394 4189 stratu
426 4135 731 4190 redactum
775 4135 838 4189 in
885 4136 1155 4190 ordinem
1213 4133 1374 4190 488
1421 4133 1563 4188 citat
1609 4135 1682 4189 ad
1727 4150 1857 4189 sese

192 4225 504 4280 dicturum
526 4239 764 4280 causam
797 4223 1052 4279 aﬂsctati
1086 4224 1271 4295 regni.
1304 4223 1422 4278 Nec
1469 4227 1698 4278 morata
1746 4222 1856 4278 mi-

195 4315 320 4368 seri
348 4313 652 4369 damnatio
681 4317 793 4378 ast,
826 4329 999 4384 pana
1047 4312 1450 4369 excusationis
1488 4316 1550 4367 et
1588 4311 1700 4384 ipsi
1750 4313 1853 4367 de-

189 4408 379 4468 creta,
411 4402 813 4474 continuoque
842 4403 1168 4468 inferenda,
1220 4401 1334 4457 nisi
1395 4400 1668 4473 precibus
1723 4401 1854 4454 inli-

192 4493 318 4547 mis
346 4493 841 4563 contentioneque
874 4491 1087 4546 annisa
1117 4506 1374 4556 summa,
1404 4504 1531 4562 quas
1583 4505 1680 4544 reo
1731 4494 1856 4544 erat

192 4581 420 4651 neptis,
452 4581 718 4651 Augusta
747 4596 898 4651 agre
929 4579 1167 4635 tandem
1193 4578 1468 4652 supplicii
1507 4578 1848 4633 dilationem
1880 4601 1931 4664 ο

185 4671 594 4742 impetrasset.
645 4670 708 4724 In
755 4669 1136 4725 Pachumium
1167 4669 1255 4724 ira
1284 4669 1471 4723 emiss
1500 4667 1694 4722 omnis
1722 4667 1848 4722 sine

185 4759 364 4814 obice
396 4759 677 4830 pervenit.
713 4759 791 4813 Ex
839 4758 1020 4828 hujus
1046 4757 1202 4812 fama
1233 4756 1513 4812 doctrinm
1559 4771 1696 4811 eum
1745 4771 1848 4810 no-

183 4847 426 4902 cturnis
458 4848 690 4915 istis,de
721 4847 938 4918 quibus
964 4849 1090 4902 erat
1118 4846 1477 4915 nuntiatum,
1509 4848 1850 4915 comparata

184 4937 623 5008 congressibus
681 4938 740 4991 in
791 4947 921 4992 eam
978 4934 1518 5008 suspiciosissimus
1577 4934 1846 5006 princeps

181 5025 542 5099 opinionem
575 5025 944 5092 incubuerat,
1003 5041 1132 5080 esse
1158 5020 1328 5079 illum
1371 5038 1555 5078 unum
1588 5022 1844 5093 aliquem

179 5134 255 5172 ex
311 5116 449 5171 istis
498 5114 830 5186 aucupibus
888 5114 1310 5185 prenotionum
1359 5113 1431 5168 de
1475 5113 1691 5176 futuro,
1744 5108 1848 5183 qui

183 5208 386 5263 libros
443 5206 694 5261 scrutari
757 5205 1088 5260 reconditos
1121 5203 1280 5259 soliti
1311 5202 1430 5258 fata
1460 5201 1842 5274 imperiorum

174 5303 238 5352 et
263 5293 718 5351 successionum
745 5293 804 5349 in
837 5294 960 5349 haec
985 5293 1220 5360 seriem,
1269 5292 1596 5347 audacibus
1642 5290 1844 5362 explo-

174 5393 320 5441 rata
383 5375 771 5452 conjecturis,
812 5388 1149 5454 quaestuosa
1219 5379 1472 5438 curiosis
1517 5379 1843 5438 venditant.

171 5475 449 5532 Suberat
477 5478 532 5527 et
563 5472 715 5528 alius
747 5472 897 5528 haud
923 5473 1006 5527 ita
1035 5471 1240 5526 multis
1267 5474 1446 5526 nctus
1469 5469 1592 5525 odii
1633 5468 1842 5537 fomes,

169 5569 402 5622 horror
427 5579 496 5617 ex
556 5562 752 5617 omine
807 5561 1094 5617 vocabuli.
1127 5560 1354 5632 Quippe
1411 5559 1754 5631 imperator,
1785 5565 1844 5616 et

168 5663 319 5731 ipse
361 5657 574 5711 avidus
631 5659 898 5725 captator
947 5654 1387 5726 prasagiorum,
1450 5653 1648 5709 nescio
1696 5653 1837 5725 quid

162 5748 744 5806 submurmuratum
781 5743 1138 5808 inaudierat,
1161 5759 1278 5815 quo
1303 5743 1600 5798 Pachomii
1626 5760 1838 5800 nomen

1967 3329 2231 3399 ineptum
2301 3329 2544 3385 immani
2603 3332 2906 3388 oculorum
2977 3334 3288 3390 sll‘ossione
3343 3339 3613 3406 occupat.

1966 3416 2079 3472 Nec
2129 3419 2236 3484 sic,
2274 3418 2565 3476 infelicior
2605 3421 2732 3491 ipse
2781 3422 2950 3478 cacis
3003 3423 3220 3495 spebus
3268 3422 3329 3477 in
3379 3423 3615 3479 crudele

1965 3510 2189 3561 tractus
2221 3507 2469 3574 facinus,
2503 3509 2822 3566 instantem
2881 3511 3105 3577 vitavit,
3154 3511 3204 3566 si
3250 3528 3366 3566 non
3415 3513 3612 3583 potius

1966 3595 2289 3665 arcessivit,
2323 3596 2737 3667 calamitatem,
2766 3615 2893 3670 qua
2934 3600 3128 3672 ipsum
3162 3602 3314 3672 apud
3347 3602 3617 3656 Macedo-

1967 3685 2123 3740 niam
2158 3686 2215 3739 in
2248 3702 2386 3755 agro
2419 3688 2572 3742 dicto
2605 3688 2926 3758 Pachumii,
2957 3690 3015 3743 in
3042 3689 3220 3760 hujus
3270 3696 3326 3745 et
3361 3690 3614 3746 aliorum

1968 3775 2250 3829 ultionem
2283 3775 2596 3843 scelerum,
2623 3776 2778 3832 haud
2807 3777 2980 3850 longo
3018 3785 3148 3850 post
3197 3783 3458 3850 tempore
3493 3797 3616 3835 ma-

1965 3863 2159 3918 nebat.
2193 3864 2435 3919 Interim
2470 3864 2841 3922 miserrimus
2873 3867 3222 3923 Pachomius
3254 3869 3615 3924 instrumen-

1964 3952 2044 4008 tis
2070 3951 2395 4009 litterariat-
2425 3971 2551 4011 suo
2577 3955 2959 4028 professionis
2988 3956 3318 4013 luminibus
3347 3958 3614 4028 orbatus,

1965 4040 2108 4097 adeo
2142 4059 2255 4098 non
2279 4042 2406 4113 jam
2424 4045 2726 4114 providere
2739 4045 2998 4118 amplius
3027 4061 3374 4102 arcanorum
3399 4047 3616 4103 iudicio

1964 4130 2251 4189 librorum
2285 4133 2481 4188 ﬂatura
2514 4139 2761 4205 poterat,
2796 4141 2861 4189 ut
2903 4152 2975 4191 ne
3023 4136 3336 4206 prasentia
3375 4137 3616 4207 quidem

1965 4227 2229 4278 cerneret
2257 4226 2317 4277 et
2344 4223 2527 4278 vitare
2559 4222 2920 4280 ambulando
2948 4225 3254 4282 incursum
3310 4226 3617 4282 obviorum

1966 4310 2080 4366 nisi
2113 4310 2306 4366 alieno
2346 4313 2614 4382 nequiret
2643 4313 2970 4378 admonitu,
3022 4313 3479 4384 admirantibus,
3514 4316 3617 4387 qui

1965 4400 2085 4455 haec
2114 4401 2391 4456 videbant
2421 4403 2651 4458 cunctis
2709 4404 2885 4459 etiam
2930 4421 3117 4476 usque
3165 4405 3236 4459 ad
3286 4403 3613 4478 ludimagi-

1964 4495 2138 4560 stros,
2172 4490 2547 4546 alienissimis
2588 4491 2860 4547 homines
2885 4509 2919 4548 a
2947 4509 3125 4565 regno
3184 4493 3384 4560 sortis,
3437 4493 3617 4548 ambi-

1965 4579 2144 4634 tionis
2186 4579 2462 4635 atrociter
2518 4581 2854 4636 asmulantis
2887 4587 3144 4636 armatas
3177 4582 3372 4636 furore
3409 4582 3606 4654 suspi-

1959 4671 2156 4724 ciones
2207 4686 2317 4724 non
2371 4670 2719 4742 dedignatas
2769 4687 2897 4726 esse
2947 4672 3320 4726 descendere.
3398 4672 3614 4728 Eadem

1959 4757 2068 4812 hac
2100 4757 2362 4814 afﬂatum
2397 4764 2523 4814 atra
2549 4759 2709 4815 rabie
2741 4761 3118 4830 imperatoris
3149 4776 3282 4815 mox
3314 4761 3370 4815 in
3399 4778 3606 4815 mona-

1959 4847 2097 4902 chos
2163 4848 2364 4903 odlum
2420 4850 2634 4920 erupit,
2693 4866 2806 4904 non
2868 4867 2935 4905 es.
2992 4850 3113 4905 illis
3169 4850 3384 4906 infensi
3432 4869 3609 4907 causa

1958 4938 2114 5008 quod
2174 4937 2443 4992 Ecclesia;
2521 4939 2797 5010 rebelles_
2835 4939 3093 4995 schisma
3168 4941 3443 5005 facerent,
3503 4943 3605 4996 sed

1956 5027 2112 5097 quod
2136 5027 2260 5081 dies
2289 5027 2478 5097 ipsius
2502 5033 2948 5084 numerarentet
2977 5029 3290 5084 definirent
3319 5035 3607 5101 tempora,

1959 5121 2145 5171 morte
2175 5116 2396 5171 scilicet
2424 5118 2553 5186 ejus
2584 5133 2646 5172 se
2675 5117 3057 5174 defuncturos
3091 5117 3260 5173 malis
3292 5119 3444 5174 489
3479 5135 3605 5190 quas

1957 5205 2331 5276 patiebantur
2351 5206 2637 5260 arbitrati.
2672 5211 2789 5262 Hos
2823 5208 2920 5261 ille
2967 5208 3203 5263 acribus
3243 5213 3302 5263 et
3358 5208 3445 5264 ira
3502 5214 3602 5264 ﬂa-

1954 5294 2266 5366 grantibus
2300 5295 2650 5366 percellebat
2679 5297 2876 5370 minis,
2912 5313 3058 5366 quas
3090 5313 3162 5351 ne
3181 5297 3453 5353 statimin
3477 5315 3599 5353 rem

1953 5383 2533 5455 eonferret,quadam
2566 5385 2894 5441 sustinebat
2925 5387 3093 5441 fama
3140 5403 3306 5457 cura,
3363 5391 3420 5443 et
3479 5401 3598 5444 me-

1951 5478 2052 5530 tue
2081 5490 2152 5530 ne
2181 5474 2476 5530 videretur
2499 5474 2628 5530 sine
2658 5491 2836 5530 causa
2882 5473 3093 5532 idonea
3121 5493 3342 5532 srevnre.
3375 5478 3599 5533 Tamen

1950 5568 2006 5618 et
2040 5564 2194 5619 hunc
2226 5565 2398 5636 paulo
2419 5568 2552 5634 post
2576 5570 2906 5637 respectum
2927 5565 3238 5633 eluctatus,
3271 5565 3598 5622 Galactioni

1951 5655 2186 5725 quidem
2217 5653 2373 5708 eruit
2400 5654 2622 5721 oculos,
2653 5653 2879 5710 Meletio
2905 5671 3043 5710 vero
3094 5655 3358 5728 linguam
3413 5655 3601 5711 absci-

1949 5743 2057 5799 dit.
2084 5742 2300 5798 Exsilia
2346 5744 2691 5799 decernebat
2725 5759 2907 5813 mera,
2947 5761 3082 5800 cum
3115 5745 3410 5802 remittam
3439 5762 3502 5803 se
3532 5748 3594 5802 in
