4210 6448
638 353 746 409 951

1953 352 2256 408 GEORGII
2293 353 2757 414 PACHYHBBB

3952 358 4052 411 952

642 474 822 531 ἁπλοῦ
869 474 959 528 καὶ
1010 471 1212 528 ἀκάκου
1263 474 1448 546 χάριν,
1504 472 1789 548 ὑπαγαγὼν
1845 469 1970 546 δίκῃ
2019 472 2287 532 καθοσιώο
2320 475 2502 542 Ατῆς
2561 479 2684 552 περὶ
2740 480 2831 533 τὸν
2891 479 3133 549 πλησίον
3190 479 3508 554 ἀπεχθείας·
3570 478 3729 534 αὐτὸν
3781 477 3830 533 δ’
3891 479 4056 533 ἀκού.

644 584 778 626 σεως
809 563 882 625 ὡς
914 561 1042 624 τοὺς
1099 560 1349 622 δυτικοὺς
1381 560 1652 636 ἄρχοντας
1701 563 1836 616 κατὰ
1864 559 2135 636 βασιλέως
2189 557 2295 616 διε-

643 653 917 728 γείραντα,
973 649 1073 720 ἔξω
1130 671 1236 704 που
1292 654 1397 704 τῶν
1453 651 1736 726 ἡμετέρων
1769 647 1934 724 ὁρίων
1965 651 2297 721 καθήμενον,

651 739 982 816 ἐπαγγείλας
1035 744 1116 811 τῷ
1184 740 1402 814 Ἰκαρίῳ
1454 739 1556 806 τήν
1631 743 1730 794 τοῦ
1801 737 2046 813 μεγάλου
2099 735 2296 800 δουκὸς

647 823 1071 905 περιεζωσμένῳ
1097 828 1290 898 τιμὴν,
1341 826 1418 889 είς
1476 833 1668 901 χεῖρας
1721 832 1979 896 ποιεῖται,
2039 827 2128 881 καὶ
2158 847 2297 900 προ-

643 919 833 973 τείνων
891 918 990 985 τὴν
1039 915 1366 970 κσθοσίωσιν
1415 920 1513 971 τοῦ
1547 915 1892 991 ἐγκλήματος
1942 915 2088 985 ἀνίη,
2122 916 2168 970 εἰ
2196 917 2295 983 τήν

648 1007 868 1083 εῒρήνην
931 1004 1176 1081 δέχοιτο,
1235 1004 1281 1059 εἴ
1313 1002 1364 1058 δ’
1412 1005 1527 1074 οὗν,
1587 1004 1733 1060 ἀλλὰ
1781 1009 1849 1078 τῇ
1893 1002 2018 1080 δίκῃ
2045 1005 2296 1068 καθυπά-

646 1118 783 1170 γειν,
823 1096 884 1152 Ὀ
942 1092 999 1148 δὲ
1052 1097 1122 1167 τῇ
1155 1091 1392 1148 ἔνο-τάσει
1446 1091 1810 1168 διακαρτερῶν
1868 1095 1967 1162 τήν
2026 1092 2296 1166 τιμωρίαν

644 1186 855 1259 ὑπέχει·
891 1185 1134 1245 Κόκκους
1182 1180 1239 1237 δὶ
1293 1181 1575 1258 μοναχοὺς
1614 1183 1702 1237 καὶ
1746 1183 1875 1244 τοὺς
1926 1185 2042 1237 κατ’
2092 1182 2292 1237 ἐκεῖνον

638 1273 728 1332 ἐῶ.
794 1275 882 1335 Ἐς
939 1272 1098 1326 τόσον
1159 1272 1262 1346 γὰρ
1323 1272 1749 1346 παρωξυσμένος
1779 1273 1845 1340 ἣν
1881 1273 2018 1327 ὥστε
2047 1266 2294 1346 προϐάλ-

639 1362 753 1418 λειν
807 1364 872 1430 ἦν
937 1361 1101 1432 μόνον
1134 1362 1256 1415 τινὰ
1295 1362 1604 1430 κινηθὲντα,
1638 1362 1726 1416 καὶ
1783 1363 1882 1429 τὴν
1928 1355 2225 1436 προϐολήν
2257 1365 2290 1432 ἡ

638 1453 800 1520 ποινὴ
858 1448 1159 1526 διεδέχετο,
1192 1451 1331 1505 ὥστε
1373 1449 1462 1503 καὶ
1513 1451 1702 1514 πιστὸς
1731 1451 1800 1519 ἦν
1859 1452 1885 1505 ὁ
1920 1450 2090 1524 λέγων
2127 1450 2290 1523 μόνον

643 1540 834 1611 εἲπὼν,
885 1545 1005 1601 ταῖς
1056 1541 1195 1615 πρὸς
1245 1539 1372 1601 τοὺς
1423 1539 1697 1608 ὑπηκόους
1747 1540 2027 1602 ὑπονοίαις
2067 1541 2140 1601 ὡς
2168 1542 2292 1595 ἰκα-

644 1636 763 1694 ναῖς
823 1629 1143 1705 μαρτυρίαις
1203 1628 1642 1705 ίσχυριζόμενος.
1676 1631 1779 1686 Καὶ
1809 1629 1947 1703 πρὸς
1976 1631 2039 1684 τὸ
2067 1633 2166 1698 τῆς
2199 1631 2290 1706 ὀρ-

642 1727 746 1795 γῆς
803 1719 1168 1794 ἀπαραίτητον
1240 1716 1489 1792 ἀνδράσιν
1551 1721 1634 1780 οἷς
1706 1721 1772 1787 ἦν
1829 1719 2292 1794 παρρησιάζεσθαι

2404 586 2562 619 σαντα
2612 566 2854 642 ἀνάγκην
2909 568 3041 624 εἶναι
3096 568 3334 641 μετιέναι
3393 571 3474 641 [Ρ.
3508 571 3632 640 334]
3671 569 3732 622 τὸ
3774 566 4056 644 ἔγκλημα.

2399 658 2572 709 Ταῦτα
2629 656 2902 719 πολλάκις
2962 657 3312 732 ἀπελογεῖτο,
3341 657 3432 712 καὶ
3480 659 3562 712 δτι
3593 657 3757 734 φίλος
3793 661 4061 732 μοναχδῑν

2400 743 2612 798 ἀκούων
2673 745 2929 823 βρεφόθεν
2963 746 3038 809 εἰς
3089 747 3323 823 ἀνάγκην
3350 744 3490 816 ἦλθε
3548 752 3723 818 μισεῖν
3775 747 4061 820 μοναχοὺς

2401 827 2488 886 διὰ
2540 834 2638 902 τὴν
2695 839 2842 907 σφῶν
2903 833 3176 892 δύσνοιαν.
3223 835 3480 890 Δύσνοιαν
3515 832 3572 889 δὶ
3629 837 3726 903 τὴν
3759 835 4057 912 ἀποφυγὴν

2397 924 2504 974 τῶν
2537 925 2945 998 ίπραττομὲνων
2977 923 3183 980 tum.
3238 925 3373 1000 uap'
3424 925 3486 992 ἣν
3547 922 3721 978 αἰτίαν
3776 923 3916 984 ἴσως
3970 925 4058 977 καὶ

2399 1009 2634 1083 χρόνους
2689 1011 2932 1086 ἠρεύνων
2977 1014 3142 1068 ὁπότε
3200 1015 3277 1086 μή
3334 1011 3602 1088 βασιλέως
3647 1007 4058 1085 (ἀϐασιλεύτοις

2395 1098 2498 1172 γὰρ
2549 1097 2675 1153 οόδὲ
2737 1100 2963 1177 ξυνήγκε
3041 1105 3159 1174 ζῇν,
3220 1101 3294 1163 ὡς
3373 1100 3584 1174 σώματι
3679 1102 3755 1172 μή
3824 1098 4056 1174 καρδίαν

2397 1183 2628 1260 ἔχοντι),
2686 1187 2832 1244 ἀλλὰ
2885 1195 2990 1244 τῶν
3036 1191 3170 1245 κατὰ
3216 1195 3348 1268 σφᾶς
3403 1194 3583 1244 κακῶν
3618 1188 4054 1261 ἀπαλλάξουσιν.

2396 1276 2592 1332 Ὁπότε
2639 1279 2740 1354 γὰρ
2779 1280 2842 1333 τὸ
2871 1282 2968 1348 τῆς
2998 1282 3225 1354 γνώμης
3266 1279 3532 1350 δηλοῦται
3561 1280 3878 1354 ἀνθρώποις
3913 1279 4054 1348 οὖσι,

2396 1364 2709 1420 πλασθεῖσιν
2759 1367 3145 1438 αὐτεξουσίως,
3191 1369 3268 1423 ἑνὶ
3319 1367 3590 1441 θελήματι
3637 1366 3734 1422 κᾶν
3785 1363 3926 1422 ὅποι
3978 1369 4056 1443 pt-

2396 1457 2490 1527 ψοι
2546 1454 3010 1529 ἀναγκαζομένοις
3064 1458 3318 1531 ἄγεσθαι,
3373 1457 3418 1512 εἰ
3477 1459 3568 1529 μὲν
3632 1456 3708 1518 εἰς
3766 1461 3938 1527 σῶμα
3995 1458 4054 1510 τὸ

2395 1542 2716 1605 κινδυνῶδες
2760 1545 2881 1619 ὁρᾷ,
2937 1545 3026 1600 καὶ
3074 1547 3198 1600 τότε
3256 1544 3615 1621 παγχαλεπον
3675 1547 3896 1617 (ταυτὸν
3951 1547 4051 1618 γὰρ

2393 1632 2456 1685 τὸ
2489 1632 2622 1686 εἶναι
2651 1637 2730 1703 τῷ
2758 1634 2806 1688 τ’
2836 1634 3070 1709 ἄρχοντι
3097 1639 3215 1695 τοῖς
3265 1635 3314 1689 τ’
3343 1634 3702 1710 ἀρχομένοις,
3729 1633 3821 1687 καὶ
3857 1631 4050 1695 ἄλΑως

2397 1721 2496 1775 οὐκ
2548 1718 2656 1775 ἔστι
2712 1721 2860 1798 σφίσι
2919 1723 3216 1791 σώζεσθαι,
3275 1723 3321 1778 εί
3382 1726 3458 1795 μή
3517 1745 3578 1797 γε
3633 1722 3905 1783 ἑκουσίως
3966 1723 4056 1776 καὶ

641 1807 780 1882 πρὸς
850 1806 1050 1862 ἐκεῖνον
1126 1805 1570 1897 ἀπολογούμενος
1615 1806 1949 1897 Δβασιλικοὺς
2014 1809 2289 1882 προέτεινε
2318 1831 2366 1897 Β
2399 1814 2782 1887 συμφωνοῖεν),
2833 1810 2878 1865 εί
2911 1808 2968 1866 δὲ
3013 1812 3104 1866 καὶ
3151 1812 3204 1873 ἐς
3253 1813 3462 1887 ψυχὴν,
3511 1812 3586 1874 ὡς
3615 1812 3730 1866 τότ’
3757 1808 3939 1883 ᾤοντό
3974 1833 4057 1865 τι-

638 1897 863 1969 νόμους,
923 1897 997 1958 ὡς
1056 1898 1131 1968 μὴ
1164 1895 1331 1950 καΑὸν
1365 1896 1423 1950 ’ὀν
1453 1893 1578 1950 οὐδὶ
1611 1893 1815 1949 δίκαιον
1848 1897 1982 1949 κατὰ
2016 1897 2284 1968 μοναστὰς
2320 1893 2358 1897 _
2395 1920 2500 1968 νες,
2559 1902 2829 1972 σωτήριον
2889 1902 2924 1968 ἡ
2985 1899 3282 1974 ἀπαλλαγὴ
3342 1900 3558 1962 πάντως
3586 1943 3601 1957 .
3660 1900 3730 1958 Ὀ
3777 1899 4056 1960 κάκείνοις

634 1986 760 2048 τοὺς
810 1986 1116 2058 Ῥωμαίους
1145 1983 1548 2054 πολιτεύεσθαι,
1603 1985 1675 2046 ὡς
1710 1984 2018 2057 μετανοίαις
2047 1983 2282 2055 ἐξιᾶσθαι

633 2077 701 2128 τὰ
757 2075 1088 2148 πταίσματα.
1144 2077 1332 2150 Ἐχειν
1409 2072 1466 2128 δὲ
1523 2075 1612 2128 καὶ
1670 2079 1758 2146 τῷ
1810 2073 2281 2149 προσαγγέλλοντι

634 2161 939 2237 δυσμενῶς,
994 2164 1075 2218 ὅτι
1106 2162 1258 2238 λέγοι
1291 2166 1325 2234 ἢ
1359 2161 1592 2225 ἀκούσας
1627 2164 1661 2231 ἢ
1694 2163 1784 2218 καὶ
1817 2163 2190 2236 πλαττόμενος
2224 2165 2282 2219 ἐκ

637 2386 1007 2441 clementiam
1037 2383 1286 2441 volebat.
1318 2384 1520 2456 Itaque
1565 2384 1848 2439 Lazarum
1899 2383 2285 2450 Gorianitem,

638 2474 828 2529 virum
860 2472 1270 2537 venerabilem,
1302 2473 1416 2528 ista
1465 2473 1785 2528 moderatio
1823 2473 2073 2528 servavit
2107 2490 2120 2530 :
2154 2490 2287 2529 cum

642 2564 797 2619 enim
833 2562 1094 2617 misisset
1147 2561 1247 2632 qui
1293 2577 1425 2618 eum
1470 2566 1840 2629 excaecarent,
1878 2564 2161 2618 revocatis
2215 2564 2285 2618 iis

643 2652 1026 2708 exterminare
1060 2651 1203 2706 satis
1249 2651 1474 2707 habuit.
1527 2657 1600 2706 At
1641 2652 1961 2736 yacarium
2018 2669 2121 2707 nec
2181 2670 2287 2708 sua

643 2741 1128 2797 innocentissima
1159 2739 1529 2811 simplicitas,
1551 2757 1680 2812 quaa
1701 2757 2023 2814 cognomen
2082 2741 2166 2796 illi
2191 2759 2284 2798 co-

641 2831 856 2886 lumba:
889 2833 1211 2902 pepererat,
1245 2845 1348 2883 nec
1380 2829 1638 2885 locorum
1671 2831 1770 2886 ubi
1811 2831 2059 2903 degebat
2107 2831 2284 2886 dissi-

640 2925 835 2976 torum
869 2936 903 2974 a
928 2917 1146 2972 nostris
1178 2917 1394 2973 ﬁnibus
1427 2919 1854 2992 longinquitas,
1915 2920 2284 2992 imperatoris

641 3009 874 3065 saevitia
901 3009 1212 3063 subtraxit.
1243 3008 1346 3063 Hic
1376 3007 1532 3064 enim
1566 3009 1728 3063 illum
1763 3009 2122 3080 postulatum
2159 3026 2284 3064 ma-

633 3099 890 3172 jestatis,
919 3096 1089 3168 quasi
1122 3101 1397 3152 conatum
1454 3099 1511 3152 in
1573 3113 1634 3152 se
1681 3100 1972 3153 concitare
2005 3099 2286 3153 Occiduo-

2394 1985 2525 2050 ἴσως
2577 1992 2797 2057 ζητοῦσι
2857 1986 3003 2043 δεινᾶ
3059 1990 3204 2064 παρᾶ
3259 1993 3359 2043 τοῦ
3406 1993 3733 2064 κρατοῦντος
3785 1987 4050 2063 ἐφῆπται.

2395 2077 2489 2130 Καὶ
2553 2074 2670 2131 δέον
2730 2077 2792 2132 τὸ
2848 2072 3088 2151 σκαμὸὸν
3152 2077 3294 2153 πρὸς
3343 2079 3405 2132 τὸ
3443 2076 3600 2152 ὀρθὰν
3634 2078 4055 2147 amoenae”,

2393 2167 2466 2228 ὡς
2499 2167 2755 2236 ἶσάζοιεν,
2788 2167 2816 2220 ὁ
2849 2164 2906 2222 δὶ
2929 2169 2989 2222 τὸ
3040 2166 3198 2238 ὀρθὸν
3231 2168 3366 2242 πρὸς
3397 2168 3459 2222 τὸ
3510 2160 3752 2239 σκαμῶν
3805 2165 4054 2229 ansae!»-

2397 2386 2650 2441 admitti.
2687 2387 2800 2442 Hac
2831 2386 2926 2442 ille
2958 2387 3050 2442 sui
3082 2387 3422 2443 defensione
3472 2386 3688 2456 sapius
3743 2385 4048 2450 utebatur,

2395 2476 2725 2547 adjungens
2757 2477 2816 2532 in
2841 2482 3003 2548 parte
3033 2476 3395 2532 infelicitatis
3425 2491 3735 2531 numerare
3767 2491 3851 2544 se,
3888 2475 4048 2546 quod

2396 2567 2494 2636 qui
2530 2583 2560 2620 a
2597 2583 2774 2638 puero
2831 2568 3098 2622 audisset
3145 2566 3371 2622 amicus
3403 2563 3852 2627 monachorum,
3889 2581 4052 2619 nunc

2394 2654 2552 2709 istud
2611 2672 2796 2727 genus
2855 2655 3162 2710 hominum
3213 2655 3409 2711 odisse
3459 2659 3760 2723 cogeretur
3810 2659 4059 2724 propter

2393 2741 2658 2813 ipsorum
2721 2743 3068 2800 malevolum
3093 2746 3355 2799 animum
3391 2763 3406 2810 ;
3445 2742 3864 2798 malevolentiae
3896 2742 4058 2796 vide-

2395 2829 2532 2886 licet
2578 2832 2926 2900 ascribebat,
2985 2834 3137 2904 quod
3193 2832 3277 2887 illi
3336 2833 3670 2903 refugerent
3718 2830 4054 2900 approbare

2395 2938 2517 2990 quae
2548 2921 2785 2976 fiebant.
2822 2923 2898 2976 Ex
2930 2922 3036 2977 hoc
3102 2938 3274 2993 porro
3325 2920 3618 2976 declarato
3671 2920 4060 2990 imperatoris

2396 3010 2453 3063 in
2485 3011 2800 3066 monachos
2861 3012 2992 3066 odio
3027 3012 3201 3066 ﬁebat
3229 3015 3290 3065 ut
3320 3009 3406 3065 illi
3437 3009 3666 3065 curiose
3702 3009 4060 3079 indagarent

2397 3101 2686 3171 tempora,
2741 3102 3176 3171 praesentiscere
3226 3100 3690 3155 divinationibus
3741 3105 4059 3164 conantes,

643 3159 775 3247 rum
803 3159 1081 3262 dynastas
1112 3193 1435 3257 tractuum;
1461 3189 1877 3260 comprehendi
1924 3189 2147 3246 curavit
2189 3206 2291 3260 per
2325 3159 2368 3226 α
2409 3159 2643 3257 quando
2674 3159 2792 3244 non
2827 3191 3064 3261 quidem
3092 3189 3611 3262 imperatore(nam
3637 3189 3763 3242 sine
3790 3159 4064 3259 principe

643 3280 918 3346 Icarium,
953 3278 1121 3333 titulo
1154 3284 1210 3333 et
1241 3279 1460 3333 honore
1504 3279 1700 3350 magni
1742 3279 1910 3334 ducis
1943 3278 2117 3334 classi
2154 3297 2297 3348 prae-

647 3371 906 3435 fectum;
943 3373 1229 3439 captoque
1269 3368 1602 3422 conditione
1644 3367 1782 3431 lata,
1818 3374 1880 3422 ut
1937 3367 2022 3424 vel
2073 3369 2301 3423 debitas

653 3476 748 3514 reo
797 3457 1214 3528 perduellionis
1244 3474 1445 3529 pcenas
1479 3457 1686 3522 lueret,
1721 3459 1804 3513 vel
1847 3475 1945 3513 eas
1992 3459 2304 3513 redimeret

654 3547 1036 3618 approbanda
1092 3547 1478 3603 Ecclesiarum
1539 3547 1872 3613 concordia,
1915 3548 2006 3601 cui
2057 3552 2302 3602 eatenus

655 3637 1027 3708 acquiescere
1083 3641 1354 3691 renuerat
1402 3637 1458 3690 in
1518 3653 1652 3692 eum
1706 3653 1767 3691 se
1797 3637 2208 3692 obﬁrmantem
2243 3636 2299 3690 in

657 3726 970 3794 reiectione
1002 3725 1161 3796 pacis
1191 3724 1314 3796 lege
1347 3729 1541 3780 actum
1575 3730 1684 3782 est.
1716 3727 1930 3782 Coccos
1986 3742 2119 3781 vero
2179 3741 2298 3780 mo-

658 3814 878 3870 nachos
906 3818 1205 3886 praetereo,
1236 3819 1294 3868 et
1325 3830 1423 3869 eos
1455 3815 1552 3886 qui
1587 3815 1739 3886 apud
1776 3813 1941 3869 illum
1977 3819 2160 3870 erant.
2218 3817 2306 3870 Ita

659 3905 816 3959 enim
866 3903 1173 3958 irritabilis
1204 3908 1326 3958 erat
1358 3904 1414 3957 in
1451 3903 1555 3959 hoc
1581 3919 1812 3976 genere,
1846 3909 1910 3957 ut
1969 3904 2304 3975 quicunque

661 3993 943 4066 proferret
976 3993 1147 4047 modo
1174 3991 1396 4064 aliquid
1429 3993 1498 4047 de
1529 3993 1939 4049 controversiis
1990 4010 2116 4065 quas
2165 3999 2306 4048 tunc

661 4083 1038 4153 agitabantur
1069 4081 1127 4135 in
1161 4081 1513 4136 contrariam
1547 4082 1656 4152 ipsi
1689 4083 2068 4146 sententiam,
2105 4083 2304 4138 statim

663 4170 1053 4242 prolationem
1096 4171 1388 4242 exciperet
1446 4188 1703 4243 praesens
1763 4189 1951 4242 paena.
2012 4173 2125 4226 Nec
2175 4188 2308 4226 vero

652 4257 983 4314 'discrimen
1015 4264 1117 4314 aut
1147 4259 1434 4314 delectum
1477 4260 1870 4316 adhibebatin
1930 4261 2309 4316 admittendis

666 4351 737 4404 de
787 4366 847 4403 re
893 4347 996 4402 tali
1029 4347 1425 4404 delationibus
1462 4367 1474 4404 :
1510 4351 1609 4404 sed
1640 4350 1863 4421 quisvis
1895 4367 2310 4422 quemcunque

668 4442 990 4504 accusaret,
1044 4438 1196 4492 dicto
1225 4439 1412 4508 primo
1442 4439 1690 4494 faciebat
1723 4440 1918 4495 fidem.
1952 4441 2100 4504 Quin
2134 4439 2307 4494 etiam

2408 3277 2598 3332 vivere
2631 3294 2692 3332 se
2725 3279 2880 3333 haud
2915 3297 3109 3350 posse,
3144 3281 3226 3333 uti
3263 3295 3366 3334 nec
3397 3295 3611 3349 corpus
3671 3278 3800 3332 sine
3860 3278 4063 3341 corde,

2410 3367 2554 3420 satis
2609 3369 2864 3438 norant),
2898 3369 2998 3422 sed
3035 3369 3203 3422 malis
3231 3367 3578 3438 urgentibus
3639 3367 4064 3421 liberarentur.

2410 3454 2720 3510 Enimvero
2749 3458 2980 3527 quoties
3010 3457 3350 3511 hominibus
3382 3457 3604 3511 arbitra
3644 3456 3733 3510 sui
3767 3461 4068 3526 potestate

2411 3543 2508 3598 Dei
2569 3545 2886 3600 conditoris
2946 3545 3226 3600 beneficio
3287 3545 3570 3617 praeditis,
3628 3560 3696 3598 ex
3761 3543 4071 3599 declarata

2410 3631 2710 3687 voluntate
2733 3633 2834 3703 jus
2866 3633 3137 3689 habentis
3170 3634 3315 3706 ipsis
3348 3634 3698 3706 imperandi,
3734 3635 4070 3688 necessitas

2413 3722 2663 3777 faciendi
2695 3723 2996 3792 quidpiam
3033 3724 3338 3793 incutitur,
3368 3725 3674 3790 intentata,
3703 3723 3758 3777 ni
3794 3724 4070 3790 fecerint,

2413 3811 2869 3867 comminatione
2899 3813 3092 3885 gravis
3127 3813 3342 3880 multa,
3376 3815 3426 3869 si
3453 3830 3565 3869 non
3599 3813 3758 3868 aliud
3795 3813 3854 3866 in
3888 3813 4070 3868 obse-

2415 3903 2646 3972 quendo
2679 3902 3006 3973 periculum
3035 3909 3313 3976 appareat
3340 3921 3513 3975 quam
3542 3903 3902 3958 incommodi
3939 3920 4074 3958 cor-

2416 3991 2596 4063 porei,
2629 3992 3001 4048 subeundum
3061 3993 3206 4048 illud
3255 3997 3364 4060 est,
3424 3999 3481 4049 et
3536 3997 4076 4064 quantumcunque

2416 4082 2636 4136 malum
2661 4083 2790 4153 ejus
2821 4084 3051 4154 generis
3081 4084 3543 4140 exhauriendum
3583 4083 3834 4138 libenter
3877 4099 4074 4137 mem-

2415 4169 2558 4234 bris,
2594 4187 2709 4240 quo
2743 4173 2915 4242 capiti
2949 4172 3299 4237 cohereant,
3332 4172 3442 4228 hoc
3473 4176 3562 4227 est
3591 4171 3867 4243 principi,
3895 4173 4078 4241 cujus

2418 4258 2713 4314 indivulsa
2743 4261 3099 4316 connexione
3131 4278 3261 4316 cum
3296 4261 3550 4316 subditis
3593 4260 3751 4316 salus
3805 4260 4079 4315 universi

2419 4347 2751 4418 reipublicaa
2806 4351 3067 4420 corporis
3116 4351 3471 4420 continetur,
3503 4350 3605 4406 Sin
3640 4366 3710 4405 ne
3759 4350 4084 4404 obediatur

2420 4443 2647 4492 revocet
2680 4440 2966 4509 pernicies
3022 4441 3253 4507 animai,
3287 4441 3443 4510 quod
3494 4439 3624 4494 istis
3657 4443 3797 4493 tunc
3831 4439 4088 4510 quibus-

668 4527 1109 4598 suspicionibus
1159 4529 1336 4582 meris
1365 4529 1421 4582 in
1482 4529 1747 4585 subditos
1781 4529 1931 4585 velut
1963 4530 2317 4585 testimoniis
2347 4531 2394 4595 Ι)
2427 4527 2561 4582 dam
2586 4527 2910 4593 videbatur,
2971 4535 3112 4583 tunc
3141 4545 3283 4584 sane
3331 4528 3610 4583 salutaris
3659 4533 3716 4581 et
3763 4532 4089 4598 propterea

668 4618 1067 4686 innitebatur;
1101 4626 1314 4673 etcum
1356 4635 1390 4673 a
1420 4618 1560 4674 viris
1602 4620 1901 4691 gravibus,
1936 4620 2155 4692 quibus
2184 4618 2318 4674 lice-

668 4706 770 4761 bat
817 4707 995 4760 libere
1041 4706 1195 4761 490
1244 4723 1376 4762 cum
1425 4707 1523 4762 illo
1585 4725 1776 4780 agere,
1836 4709 2032 4763 nimia
2090 4709 2148 4763 in
2209 4708 2317 4763 hoc

673 4795 997 4850 severitatis
1029 4801 1392 4867 argueretur,
1436 4796 1722 4868 allegabat
1752 4798 1847 4852 ille
1877 4804 2081 4853 contra
2124 4799 2181 4852 in
2215 4799 2319 4851 de-

674 4886 1000 4939 fensionem
1035 4886 1126 4940 sui
1156 4885 1514 4958 regiasleges
1535 4887 1939 4960 usitatumque
1955 4887 2320 4959 principibus

675 4974 883 5045 agendi
913 4975 1414 5044 modum,addens
1447 4977 1904 5048 haudquaquam
1935 4982 2158 5032 rectum
2191 4993 2320 5031 esse

675 5067 969 5118 Romanos
1001 5065 1071 5118 ab
1105 5064 1454 5136 imperatore
1479 5066 1790 5136 gubernari
1817 5067 1970 5122 sicut
2000 5067 2319 5121 monachos

675 5171 707 5208 a
738 5153 864 5207 suis
895 5143 1352 5226 praepositis,qui
1378 5155 1589 5211 delicta
1617 5173 1858 5211 suorum
1892 5157 2317 5211 cmnobitarum

677 5243 1037 5314 posnitsntiis
1111 5245 1341 5316 expiare
1416 5246 1560 5301 satis
1619 5247 1891 5302 habeant.
1955 5244 2316 5300 Facilitatem

676 5336 872 5387 autem
931 5333 1206 5388 credendi
1277 5333 1634 5390 delatoribus
1691 5337 1947 5406 quadam
2007 5333 2322 5389 efficaciter

677 5421 1019 5476 occurrendi
1077 5423 1454 5479 nascentibus
1495 5422 1666 5480 malis
1715 5424 2064 5480 necessitate
2106 5439 2322 5494 purga-

681 5512 801 5580 bat,
834 5528 967 5565 cum
999 5511 2049 5586 diceret,quslecumqueindicaretur
2071 5511 2320 5584 principi

680 5602 1049 5671 crimen,sive
1080 5603 1346 5658 auditum
1381 5620 1512 5660 vere
1543 5622 1576 5660 a
1605 5604 1900 5660 deferente
1939 5603 2058 5658 sive
2119 5603 2318 5656 fictum

681 5691 977 5759 malevolo,
1039 5710 1070 5749 e
1131 5695 1281 5751 bono
1329 5697 1630 5752 communi
1693 5711 1824 5752 esse
1885 5693 2318 5751 accusationem

2427 4616 2622 4671 tacitis
2653 4617 2798 4672 491
2851 4618 3061 4672 saltem
3112 4619 3260 4673 votis
3302 4615 3635 4689 expetibilis
3682 4617 3930 4672 omnino
3993 4624 4091 4671 est

2429 4706 2677 4760 mutatio
2709 4705 2848 4760 talia
2872 4707 3138 4778 jubentis
3169 4707 3456 4778 principis
3489 4725 3503 4773 ;
3537 4706 3628 4762 cui
3662 4711 3861 4760 tamen
3895 4705 3959 4760 hi
3996 4708 4089 4760 ni-

2429 4794 2612 4848 mium
2641 4797 2785 4850 torte
2815 4795 3184 4866 indulgentes
3215 4796 3437 4862 sensui,
3459 4811 3566 4851 nec
3624 4795 3767 4851 sutis
3809 4801 4093 4850 caventes

2430 4900 2501 4938 ne
2529 4883 2588 4938 in
2635 4887 2900 4955 apertum
2949 4901 3161 4940 arcana
3214 4883 3505 4940 desideria
3554 4883 3876 4956 prodirent,
3939 4885 4091 4940 dum

2429 4972 2847 5044 prasagiorum
2883 4973 3085 5029 mortis
3109 4973 3354 5044 Augusti
3384 4973 3634 5045 auguria
3671 4976 3916 5043 captant
3974 4974 4092 5027 im-

2428 5062 2801 5132 prudentius,
2834 5063 2963 5134 ejus
2992 5062 3140 5117 iram
3175 5063 3233 5116 in
3266 5079 3328 5118 se
3371 5062 3533 5134 ipsos
3564 5067 3840 5117 acuentes
3872 5061 4093 5133 ingen-

2430 5152 2578 5206 tium
2611 5151 2722 5206 sibi
2758 5152 2995 5207 fuerunt
3027 5152 3316 5207 malorum
3344 5168 3557 5207 cause.
3590 5151 3815 5222 Agebat
3868 5147 3974 5204 ille
4030 5151 4092 5205 in

2430 5241 2538 5296 hoc
2570 5241 2805 5313 quidem
2831 5258 2945 5296 non
2979 5245 3129 5297 recte
3159 5260 3174 5311 ;
3199 5241 3322 5313 qui,
3355 5257 3491 5296 cum
3534 5239 3895 5312 oportuisset
3933 5240 4096 5295 obli-

2429 5347 2614 5402 quum
2648 5331 2719 5385 ad
2772 5331 2911 5386 recti
2969 5347 3236 5386 normam
3295 5329 3585 5401 corrigere
3640 5328 3848 5399 sicque
3907 5329 4098 5384 ambo

2429 5424 2964 5492 exasquare,contra
2983 5424 3225 5491 cogebat
3251 5420 3603 5491 detorquere
3633 5418 3789 5488 quod
3820 5433 3927 5490 per
3961 5434 4100 5474 sese

2431 5515 2658 5564 rectum
2683 5509 2892 5575 fuerat,
2925 5511 3409 5580 conformarsque
3439 5508 3508 5562 ad
3545 5507 3898 5579 pravitatem
3933 5507 4097 5562 obli-

2431 5601 2554 5670 qui.
2601 5617 2716 5654 non
2777 5600 3100 5655 emendans
3145 5600 3202 5654 id
3253 5599 3411 5668 quod
3468 5601 3593 5652 erat
3640 5596 3951 5664 vitiosum,
3987 5613 4098 5652 seu

2431 5689 2667 5745 crimini
2713 5695 2966 5756 vertens,
3020 5690 3216 5745 sinon
3249 5688 3667 5760 depravaretur
3721 5685 3882 5757 quod
3945 5685 4102 5741 bene
