4210 6448
178 369 264 423 953
1211 372 1306 424 ΒΕ
1343 371 1716 424 MICHABLB
1753 369 2181 423 PALBOLOGO
2219 371 2350 422 LIB.
2385 371 2478 422 Vl.

3443 364 3553 418 954

175 517 264 550 νειν
318 493 634 566 ἠνάγκαζεν,
693 491 791 547 οὐκ
849 491 1082 578 εὐθύνων
1140 493 1201 546 τὸ
1262 495 1336 564 μή
1397 492 1580 554 καλῶς
1637 491 1788 567 ἕχον,
1822 493 2148 578 Αγεγονὸς,
2183 488 2351 564 ἄνδρα
2394 485 2680 551 εὐλαϐείας
2736 490 2829 561 μὶν
2886 489 2961 548 εἷς
3020 487 3180 562 ἄκρον
3220 489 3548 559 μεταποιού-

176 583 280 638 ἅλλ’
337 581 602 655 ἐγκαλῶν,
651 581 694 635 εί
753 583 828 654 μὴ
861 576 1308 656 στρεϐλοὴο,τῷ
1338 579 1522 644 καλῶς
1581 579 1790 655 ἔχοντι.

173 676 272 726 Ὀτι
303 669 358 726 δέ
384 672 471 725 καὶ
501 692 641 725 τισιν
701 670 917 725 ἐκείνων
976 671 1307 746 παρεξήγετο
1359 670 1426 724 τά
1477 675 1574 724 τοῦ
1622 670 1792 740 ζήλου

175 763 246 816 καὶ
300 765 395 815 τοῦ
448 762 613 833 μέσου
669 760 1094 836 παρολισθαῖνον
1149 765 1263 821 τοῖς
1315 759 1576 821 ἐναντίοις
1625 780 1793 834 προσ-

174 852 374 917 ἐπαιεν,
435 847 600 920 ἔξεστι
655 854 734 920 τῷ
793 847 1158 924 διακρινοῦντι
1215 854 1456 905 σκοπεῖν.
1525 849 1670 916 πλὴν
1729 848 1794 902 τὰ

170 947 252 1007 τῆς
308 938 576 1011 τιμωρίας
632 932 900 992 σϐεννύειν
950 939 1066 1012 εἶχε
1121 938 1211 992 καὶ
1263 939 1327 992 τὸ
1384 937 1644 1012 ἀμηγέπη
1705 925 1792 992 ἐπὶ

170 1035 267 1088 τοῖς
298 1028 695 1101 πραττομένοις
727 1024 985 1101 εὔλογον.

226 1118 661 1189 Έκκεκομμένης
717 1117 891 1171 τοίνυν
949 1123 1049 1184 τῆς
1118 1115 1423 1193 παρρησίας
1470 1122 1586 1178 τοῖς
1642 1115 1791 1170 ἐλευ-

169 1206 323 1275 θέροις
389 1205 492 1259 ὑπὸ
546 1204 738 1259 σκότον
794 1206 1049 1281 φάμουσα
1101 1204 1481 1281 ἐῤῥιπτοῦντο,
1537 1208 1638 1274 τὴν
1691 1212 1793 1270 τῆς

168 1296 326 1368 ἀρχῆς
383 1287 718 1366 παραόασίαν
769 1292 1088 1369 ἐλὲγχοντα.
1142 1295 1209 1351 Ol
1262 1291 1319 1348 δὶ
1373 1296 1465 1348 τὸν
1523 1294 1794 1372 γράφοντα

170 1384 232 1455 μὴ
261 1380 476 1456 ἔχοντες
505 1387 769 1454 τιμωρεῖν
797 1381 883 1455 (οὗ
930 1383 1031 1457 γὰρ
1088 1383 1156 1451 ἦν
1216 1381 1618 1459 ἐμφανίζεσθαι)
1674 1389 1792 1444 τοῖς

167 1471 457 1544 εὑρίσκουσι
519 1472 729 1546 βαρέως
784 1471 1006 1546 ἐπεῖχον
1065 1472 1140 1533 ὡς
1199 1471 1383 1535 αὐτοῖς
1442 1467 1788 1544 ὑϐρίζουσιν·

169 1555 307 1633 ὕϐριν
365 1561 468 1635 γὰρ
524 1559 752 1615 ἐκάλουν
807 1561 897 1614 τὸν
957 1559 1225 1635 ἔλεγχον.
1303 1562 1619 1637 Ἑγγράφως
1676 1583 1794 1616 τοι-

169 1653 350 1724 γαροῦν
386 1648 644 1724 ἐκυροῦτο
694 1653 728 1718 ὴ
773 1650 1013 1726 τιμωρία
1059 1655 1140 1722 τῷ
1187 1651 1348 1722 μόνον
1401 1653 1713 1723 εὐρήσοντι,
1747 1651 1790 1705 εί

167 1739 307 1800 αὐτὸς
333 1739 608 1814 ἀναγνοίη,
639 1739 684 1793 al
714 1737 874 1811 ἄλλῳ
903 1738 1124 1812 ἐξείποι,
1174 1740 1220 1794 si
1273 1741 1349 1812 μή
1404 1741 1528 1795 κάοι
1586 1761 1794 1814 παραυ-

167 1828 296 1884 τίκα.
354 1829 496 1902 Πρὸς
542 1827 594 1882 δὶ
625 1827 822 1898 καὶτῷ
874 1827 1326 1906 βασιλογραφείου
1383 1828 1789 1906 ἐγκαλουμένῳ,

169 1917 231 1977 ὡς
259 1914 376 1992 ἔχοι
414 1917 598 1990 μόνον,
627 1920 661 1986 ἡ
693 1917 894 1985 ἀπειλὴ
927 1919 1152 1981 θάνατος
1187 1917 1458 1993 ἄντικρυς.

166 2067 247 2122 κε’.
308 2067 434 2141 Περὶ
510 2072 611 2121 τοῦ
679 2065 950 2125 Καλοειὸἆ
1021 2069 1110 2160 καὶ
1169 2070 1292 2144 περὶ
1367 2073 1462 2124 τοῦ
1541 2069 1792 2126 Ἰωάννου

804 2145 902 2194 τοῦ
935 2145 1129 2196 Δούκα.

226 2275 302 2341 [Ρ.
336 2274 464 2344 335]
495 2274 802 2347 Τεκμηριοῖ
854 2270 912 2327 δὲ
967 2273 1054 2328 καὶ
1086 2274 1148 2328 τὸ
1179 2274 1302 2350 περὶ
1331 2277 1422 2328 τὸν
1483 2273 1786 2330 Καλοειδᾶν

162 2496 417 2552 habebat.
460 2498 658 2570 Neque
690 2499 941 2554 difﬂteor
971 2503 1166 2554 tamen
1193 2504 1496 2570 peccatum
1534 2516 1566 2554 a
1589 2517 1791 2555 mona-

161 2586 291 2654 chis,
316 2588 671 2658 quibusdam
696 2604 898 2642 eorum
925 2589 1243 2643 inconsulti
1275 2590 1381 2644 zeli
1405 2590 1791 2645 oll‘ervescen-

161 2675 235 2728 tia
283 2677 807 2747 prorumpentibus
835 2694 948 2747 quo
1000 2679 1240 2734 minime
1283 2679 1638 2734 conveniret.
1682 2679 1791 2732 Ve-

159 2779 272 2819 rum
325 2781 396 2821 ne
435 2765 629 2836 ipsum
693 2766 929 2837 quidem
984 2767 1438 2838 imperatorem,
1508 2769 1649 2822 dum
1702 2769 1790 2823 his

156 2853 396 2919 obsistit,
453 2855 707 2910 medium
739 2854 985 2910 laudate
1041 2858 1457 2912 moderationis
1508 2857 1788 2922 tenuisse,

156 2944 244 2996 sed
303 2944 632 2998 excedenda
681 2944 997 3016 impegisse
1059 2944 1118 2999 in
1173 2947 1530 3001 contrarium
1599 2952 1788 3002 extre-

161 3046 332 3093 mum,
396 3032 626 3087 conﬁdo
673 3033 1043 3101 judicaturos
1097 3037 1393 3104 sapientes
1429 3077 1444 3103 ,
1496 3035 1592 3089 ubi
1660 3051 1789 3105 quae

159 3119 271 3174 ﬁeri
316 3126 459 3177 tunc
489 3121 736 3192 contigit
777 3127 996 3177 attente
1047 3124 1467 3194 perspexerint.
1500 3125 1787 3180 Caeterum

149 3225 270 3264 cum
305 3212 584 3282 utrinque
615 3216 746 3267 acta
777 3229 884 3266 sua
914 3213 1182 3282 quaedam
1216 3213 1500 3270 coloraret
1544 3216 1788 3270 rationis

153 3301 386 3365 species,
441 3299 634 3355 valere
695 3301 796 3355 illa
837 3301 1038 3356 debuit
1087 3303 1159 3356 ad
1228 3303 1650 3372 extinguendos
1702 3304 1791 3359 vel

154 3395 295 3442 certe
318 3391 734 3460 temperandos
759 3395 1146 3461 utrorumque
1173 3391 1413 3447 insanos
1441 3394 1702 3460 ardores,
1733 3398 1794 3447 ut

158 3492 252 3530 nec
286 3478 563 3532 monachi
593 3483 710 3533 tam
744 3481 1171 3535 contumaciter
1202 3484 1457 3552 Augusto
1501 3498 1790 3553 repugna-

155 3571 293 3628 rent,
339 3583 546 3638 pacem
594 3567 985 3623 Ecclesiarum
1037 3569 1366 3641 reipublicaa
1409 3569 1787 3626 utilissimam

154 3657 630 3711 accomodatione
707 3657 909 3713 multis
963 3661 1203 3730 probata
1261 3661 1596 3730 procuranti
1660 3705 1675 3728 ,
1735 3666 1792 3716 et

152 3743 400 3798 vicissim
461 3746 782 3816 imperator
811 3747 1007 3801 mitius
1053 3764 1152 3802 eos
1184 3763 1491 3816 coerceret,
1537 3766 1785 3820 quorum

151 3835 525 3890 aestuantium
574 3843 728 3890 metu
782 3838 1082 3907 peccandi,
1138 3836 1272 3892 licet
1317 3855 1486 3907 vano,
1536 3839 1788 3894 infirmis

151 3938 326 3992 equm
363 3930 497 3980 erat
527 3926 900 3980 conscientiis
933 3925 1174 3997 ignosci.
1212 3925 1282 3980 Ut
1315 3933 1378 3982 ut
1407 3944 1577 3998 porro
1621 3929 1788 3999 quis-

147 4027 247 4078 que
276 4013 347 4068 de
391 4013 490 4068 his
540 4019 782 4082 statuat,
817 4014 952 4069 inde
1000 4015 1215 4070 factum
1264 4022 1355 4071 est
1405 4022 1467 4070 ut
1509 4033 1789 4088 Oppressa

148 4101 370 4168 publice
434 4103 610 4157 saevis
662 4103 1079 4174 suppliciorum
1146 4105 1430 4176 exemplis
1489 4107 1784 4161 contradi-

146 4190 299 4244 cendi
348 4191 602 4246 libertas
635 4193 693 4245 in
745 4192 1016 4247 furtivam
1059 4193 1440 4248 maledicendi
1492 4194 1784 4249 licentiam

143 4286 495 4351 erumperet,
553 4280 878 4351 famosique
908 4281 1089 4336 libelli
1119 4281 1266 4337 clam
1302 4284 1569 4337 noctibus
1618 4301 1785 4355 spar-

140 4374 427 4435 gerentur,
483 4369 704 4438 quibus
753 4370 1094 4441 imperatori
1142 4373 1642 4441 exprobrabantur
1689 4390 1786 4426 ve-

142 4460 256 4510 tera
286 4456 521 4513 scelera
575 4458 759 4513 invasi
795 4459 1050 4529 perjurio
1083 4460 1312 4530 imperii
1343 4461 1785 4531 circumscripto

143 4545 355 4616 pupillo
387 4555 804 4618 excecatoque
835 4565 966 4603 vero
997 4548 1242 4604 herede.

1909 602 2088 653 μενον,
2122 580 2380 656 παρθενίᾳ
2424 585 2688 648 συζῶντα,
2740 579 2828 631 καί
2885 577 3262 649 ἐλεημοσύνην
3308 577 3396 630 καὶ
3446 579 3545 644 τήν

1903 670 2036 744 πρὸς
2092 670 2184 722 τὸν
2225 667 2458 738 πλησίον
2519 667 2728 742 ἀγάπην
2790 666 3124 740 ἀσύγκριτον.
3189 664 3547 739 ἐξυπηρετού-

1907 779 2065 830 μενον
2100 755 2157 812 δέ
2186 762 2255 831 τῇ
2316 755 2572 830 δεσποίνῃ
2631 760 2738 810 τῶν
2799 754 3084 827 ταμιείων,
3118 755 3200 822 ὃν,
3234 753 3346 808 ἐπεὶ
3383 749 3548 826 μόνον

1903 846 2048 923 ἔχων
2099 851 2346 902 τοιοῦτον
2401 844 2569 916 ἰάλω,
2622 843 2742 899 οὕτε
2784 845 2844 898 τὸ
2898 839 3119 904 εὐλαϐὲς
3174 839 3366 911 ἔσωζεν
3429 841 3552 898 οὔτε

1908 939 2014 1008 μὴν
2074 938 2108 1004 ἡ
2166 937 2298 1010 ὑπὲρ
2359 934 2562 988 ἐκείνου
2635 940 2733 1002 τῆς
2793 929 3080 1001 δεσποίνης
3136 929 3344 999 σπουδὴ
3399 953 3552 1005 περι-

1903 1028 2220 1095 εποιήσατο,
2251 1023 2396 1078 ἀλλά
2415 1028 2520 1077 τῶν
2555 1023 2818 1095 ὀμμάτων
2854 1027 3058 1093 στερεῖν
3110 1019 3347 1076 κελεύων
3386 1019 3547 1093 μόλις

1901 1116 1968 1169 τά
2017 1121 2115 1183 τῆς
2151 1115 2450 1186 ,κολάσεως
2503 1111 2580 1173 εἲς
2637 1111 2698 1165 τὸ
2750 1111 3095 1184 ἀνεκτότερον
3153 1109 3400 1184 περιίστα
3458 1107 3547 1164 διὰ

1902 1205 2000 1271 τὴν
2027 1210 2126 1272 τῆς
2154 1200 2441 1271 δεσποίνης
2499 1203 2704 1275 συχνήν
2766 1201 3016 1255 ἱκετείαν.
3052 1199 3376 1271 Προστάσσει
3410 1199 3538 1273 γὰρ,

1905 1297 1989 1367 [Ρ.
2023 1294 2152 1365 336]
2201 1294 2288 1346 καὶ
2336 1290 2519 1363 ἄγεται
2551 1292 2578 1344 ὁ
2607 1291 2928 1363 κατάκριτος
2987 1290 3132 1363 παρὰ
3179 1289 3272 1341 τὸν
3327 1293 3423 1341 τοῦ
3451 1287 3545 1364 φό-

1904 1403 2002 1456 ρου
2058 1381 2217 1435 κίονα
2275 1379 2328 1434 ἐν
2389 1383 2852 1440 Κωνσταντιαναῖς
2892 1422 2903 1434 .
2951 1379 3048 1431 Καὶ
3104 1382 3220 1440 τοῖς
3258 1375 3548 1450 κληρικοῖς

1903 1472 2142 1541 ἀπαντᾷν
2177 1469 2485 1525 ἐπιστέλλει
2532 1471 2630 1538 τήν
2683 1467 2948 1542 ταχίστην
3009 1460 3175 1538 μηδὲν
3228 1463 3421 1530 εἶδὸσι,
3453 1466 3544 1519 καὶ

1902 1563 1982 1630 τῷ
2032 1557 2186 1630 τόπῳ
2245 1556 2576 1634 ἐφίστασθαι.
2639 1555 2946 1630 Κληρικοὸς
2991 1551 3047 1608 δὲ
3077 1554 3289 1616 πάντως
3342 1552 3549 1622 ἐκάλει,

1907 1649 2159 1710 ὑπόπτως
2193 1648 2274 1702 ἀεὶ
2307 1648 2442 1722 πρὸς
2477 1647 2671 1708 αὐτοὺς
2731 1641 2899 1722 ἔχων,
2933 1647 3005 1706 ὡς
3037 1651 3152 1704 ταῖς
3213 1644 3285 1704 εἶς
3344 1644 3544 1698 ἐκεῖνον

1901 1738 2191 1811 τιμωρίαις
2225 1733 2584 1809 δεδιξάμενος.
2632 1737 2819 1796 ’Όσοις
2853 1733 2945 1788 οὖν
2995 1733 3096 1787 οὐκ
3144 1733 3194 1787 ἐν
3246 1730 3448 1802 εἰδήσει
3485 1733 3545 1799 ἦν

1901 1829 1967 1882 τά
1997 1829 2364 1899 πραττόμενα,
2421 1827 2759 1902 ἀφικνοῦντο·
2823 1825 2872 1878 οἱ
2924 1821 2969 1878 δ’
3010 1820 3209 1883 εἰδότες
3265 1821 3545 1897 ἐπραγμα-

1899 1917 2154 1972 τεύσαντο
2184 1918 2281 1985 τὴν
2331 1916 2646 1993 ἀποφυγὴν,
2681 1916 2754 1977 ὡς
2811 1913 2956 1988 εἶχεν
3018 1909 3264 1971 ἕκαστος.
3336 1913 3545 1967 Ἰστῶσι

1897 2006 2078 2061 τοίνυν
2132 2007 2223 2061 τὸν
2285 2003 2472 2076 ἄνδρα,
2532 2004 2618 2058 καὶ
2673 2009 2864 2078 πρῶτα
2925 2003 3019 2075 μὲν
3068 2001 3161 2061 τὰς
3217 1999 3412 2074 τρίχας
3444 2007 3543 2069 τῆς

1897 2095 2142 2171 κεφαλῆς
2193 2095 2288 2150 οὐκ
2345 2095 2395 2149 ἐν
2445 2099 2565 2169 χρῷ
2615 2094 2909 2167 κείραντες,
2953 2093 3024 2152 ὡς
3083 2096 3384 2165 συνεργοῑεν
3423 2089 3544 2142 καί-

1900 2207 2012 2242 οντι
2066 2190 2142 2257 τῷ
2191 2185 2342 2259 πυρὶ,
2403 2179 2742 2256 ἐμϐάλλουσι
2772 2187 2877 2257 πῦρ
2933 2187 3049 2242 τοῖς
3081 2183 3309 2255 χάρταις
3343 2173 3543 2254 βεϐρά-

1899 2297 2015 2338 ναις
2069 2273 2186 2330 οὖσι
2239 2275 2328 2330 καὶ
2385 2273 2453 2348 τῇ
2512 2271 2722 2350 κεφαλῇ
2781 2270 3056 2336 ἐντιθεῖσιν
3104 2271 3176 2331 ὡς
3236 2272 3348 2342 ἅμα
3377 2267 3542 2342 ταύτῃ

1904 2501 2057 2555 dicia
2089 2501 2454 2570 frequentata
2486 2499 2556 2552 de
2590 2497 2695 2552 hoc
2725 2496 2990 2558 crimine,
3025 2495 3173 2565 quod
3220 2493 3546 2563 basilogra-

1903 2589 2107 2660 phium
2127 2588 2600 2658 nuncupabatur.
2630 2586 2813 2654 Hujus
2845 2590 2907 2638 ut
2932 2601 3061 2638 reus
3083 2586 3216 2652 quis
3243 2598 3542 2652 peragere-

1901 2683 2018 2745 tur,
2050 2679 2193 2732 satis
2224 2682 2345 2730 erat
2371 2675 2607 2746 reperiri
2645 2691 2820 2745 penes
2852 2690 2982 2727 cum
3009 2672 3263 2741 aliquem
3287 2671 3414 2740 ejus
3448 2686 3544 2740 ge-

1901 2768 2058 2822 neris
2092 2766 2376 2822 libellum.
2409 2765 2683 2820 Convicto
2718 2779 2874 2817 mors
2907 2761 3330 2816 intentabatur.

2184 2911 2273 2965 25.
2308 2911 2382 2963 De
2413 2907 2638 2966 Caloida
2668 2909 2714 2962 el
2746 2906 2811 2960 de
2851 2908 3066 2960 Joanne
3097 2905 3260 2958 Duca.

1971 3038 2153 3099 Quam
2179 3041 2374 3090 autem
2410 3050 2520 3088 non
2555 3050 2699 3087 vana
2735 3048 3031 3103 quamque
3063 3028 3465 3085 irrevocabilis
3483 3046 3548 3082 ea

1899 3126 2172 3198 supplicii
2229 3123 2470 3180 extremi
2504 3122 2882 3178 comminatio
2935 3120 3127 3186 fuerit,
3163 3119 3394 3173 abunde
3445 3121 3545 3173 de-

1906 3216 2272 3282 monstravit,
2300 3215 2454 3284 quod
2479 3212 2724 3268 Caloidaa
2756 3211 3022 3280 contigit,
3054 3209 3174 3264 viro
3197 3208 3422 3263 eximias
3457 3224 3546 3262 re-

1910 3304 2142 3375 ligionis
2167 3316 2530 3372 summisque
2545 3301 2897 3364 sanctitatis,
2915 3299 2970 3352 in
2987 3298 3319 3368 virginitate
3341 3297 3550 3351 viventi

1908 3393 2317 3462 exercentique
2350 3408 2411 3447 se
2443 3390 2679 3444 assidue
2711 3391 2768 3443 in
2801 3388 3188 3457 eleemoeynis
3222 3403 3287 3440 ac
3328 3385 3553 3441 caeteris

1909 3485 1960 3538 id
1995 3500 2182 3554 genus
2211 3500 2349 3552 erga
2382 3483 2697 3553 proximos,
2740 3482 2866 3536 sine
2899 3477 3226 3532 diﬂ‘erentia
3257 3477 3554 3531 delecluve

1909 3591 2314 3645 personarum,
2349 3571 2744 3626 misericordis
2767 3570 3071 3624 charitatis
3095 3567 3391 3639 operibus.
3418 3568 3553 3621 Erat

1907 3670 2101 3718 autem
2131 3663 2285 3718 idem
2318 3663 2386 3716 de
2415 3660 2636 3715 familia
2658 3658 3068 3731 imperatricis,
3091 3674 3276 3728 penus
3297 3657 3425 3726 ejus
3443 3672 3547 3710 cu-

1906 3769 2028 3807 ram
2066 3769 2294 3824 gerens.
2331 3751 2494 3806 Hunc
2525 3750 2940 3805 tantummodo
2973 3748 3183 3802 habere
3217 3747 3428 3800 librum
3467 3755 3548 3800 Ia-

1904 3843 2016 3898 lcm
2051 3843 2483 3914 deprehensum
2518 3858 2632 3895 non
2667 3857 2775 3895 sua
2797 3841 2982 3910 pietas
3011 3836 3276 3905 servavit,
3302 3854 3413 3891 non
3451 3853 3546 3907 pa-

1904 3938 2088 3988 trona;
2135 3935 2408 4003 Auguste
2455 3939 2739 4000 quantum
2792 3932 2986 4000 posset
3017 3943 3117 3997 pro
3169 3927 3282 3980 fido
3314 3931 3371 3980 et
3415 3941 3546 3979 caro

1902 4023 2114 4076 cliente
2159 4037 2226 4076 ac
2259 4020 2528 4074 ministro
2559 4019 2881 4089 satagentis
2928 4015 3270 4086 suti‘ragatio
3315 4015 3543 4068 studio-

1901 4110 2136 4164 sissime
2161 4111 2424 4180 protexit.
2451 4108 2598 4162 Illud
2626 4108 2782 4162 enim
2809 4107 3091 4160 duntaxat
3109 4103 3547 4158 ardentissimis

1900 4205 1958 4254 et
1987 4200 2335 4254 creberrime
2357 4198 2731 4266 ingeminatis
2753 4196 3019 4264 conjugis
3039 4211 3157 4249 suae
3189 4210 3289 4264 pro
3312 4193 3548 4247 Caloida

1902 4290 2172 4358 precibus
2199 4289 2290 4340 vix
2322 4288 2557 4341 tandem
2591 4289 2888 4356 Augustus
2923 4283 3202 4338 relaxavit
3235 4326 3248 4350 ,
3281 4287 3344 4336 ut
3375 4299 3543 4352 poena

1903 4377 2107 4431 mortis
2134 4378 2189 4430 in
2220 4377 2658 4430 exsecutionem
2687 4378 3029 4428 mutaretur.
3055 4371 3236 4426 Jussu
3260 4387 3396 4441 ergo
3415 4372 3544 4439 ejus

1901 4468 2213 4520 damnatus
2244 4466 2313 4519 ad
2343 4465 2446 4520 fori
2480 4464 2814 4518 columnam
2843 4464 2898 4516 in
2931 4460 3365 4517 Constantianie
3388 4460 3546 4513 sisti-

1899 4562 2014 4611 tur.
2046 4556 2418 4609 Advocantur
2455 4555 2658 4608 eodem
2691 4557 2748 4607 et
2778 4551 2992 4618 clerici,
3028 4550 3329 4621 repentino
3360 4565 3544 4618 eoque

205 4633 304 4689 His
353 4636 690 4708 imperator
718 4652 850 4691 eum
885 4637 1010 4693 suis
1058 4654 1236 4709 supra
1267 4640 1506 4694 modum
1554 4640 1789 4710 irritati,
1823 4617 1870 4679 Β
1900 4645 2017 4698 acri
2049 4661 2114 4699 ac
2146 4644 2320 4698 minis
2353 4644 2410 4696 in
2453 4646 2794 4696 cunctantes
2839 4642 3061 4696 sancito
3103 4639 3312 4704 accitu,
3357 4639 3543 4708 ignari

141 4737 307 4792 quam
341 4724 401 4780 in
439 4730 717 4781 auctores
737 4725 1087 4781 libellorum
1113 4727 1235 4782 suis
1268 4728 1508 4784 latebris
1531 4733 1686 4784 tutos
1707 4731 1788 4784 ef-

138 4813 371 4870 fundere
402 4815 556 4870 iram
583 4816 927 4886 nequibant,
961 4817 1016 4870 in
1045 4833 1144 4872 eos
1168 4818 1268 4888 qui
1299 4819 1676 4874 sustulissent
1697 4819 1787 4873 in-

139 4907 325 4958 ventos
354 4905 522 4976 apud
557 4919 740 4976 seque
769 4909 1036 4961 tenerent
1064 4947 1080 4974 ,
1114 4924 1414 4977 pcenarum
1444 4908 1785 4964 crudelitate

137 4993 444 5050 satiabant.
480 4994 634 5049 Nam
662 4998 719 5048 et
741 4994 913 5064 objici
937 4995 1096 5060 talia,
1121 5003 1418 5068 utcunque
1448 5014 1603 5065 vera,
1622 5015 1782 5053 sum-

139 5096 279 5138 mam
307 5081 743 5139 contumeliam
770 5085 1091 5154 putabant:
1126 5091 1183 5140 et
1206 5085 1386 5156 hujus
1417 5088 1787 5143 contumelias

138 5188 290 5228 veros
322 5180 613 5229 auctores
645 5189 743 5229 eos
773 5174 1158 5239 arbitrantur,
1189 5177 1289 5248 qui
1323 5177 1541 5232 nefaria
1570 5183 1628 5232 et
1655 5179 1780 5232 visu

139 5260 313 5329 primo
363 5263 672 5332 abolenda
710 5263 931 5333 scripta
959 5280 1093 5320 cum
1119 5263 1231 5335 ipsi
1256 5264 1535 5337 legerent,
1557 5272 1683 5320 tum
1707 5266 1782 5322 le-

132 5352 306 5420 genda
335 5352 576 5408 ceteris
609 5357 928 5407 servarent.
963 5353 1100 5409 Fixa
1129 5355 1306 5427 igitur
1334 5355 1392 5409 in
1426 5354 1660 5426 publico
1690 5355 1782 5411 lex

132 5447 211 5494 est
237 5442 420 5512 hujus
452 5440 771 5497 sententia
797 5459 811 5496 :
843 5464 872 5490 «
903 5442 1012 5506 Qui
1045 5443 1335 5500 famosum
1381 5444 1684 5511 invenerit,
1729 5446 1778 5502 si

135 5529 324 5598 legerit
354 5532 514 5605 ipse,
538 5530 593 5586 si
620 5529 722 5586 alii
741 5529 970 5599 dixerit,
997 5532 1044 5588 si
1070 5550 1187 5590 non
1210 5535 1408 5590 statim
1432 5535 1776 5590 combusse-

133 5621 215 5690 rit,
247 5623 295 5677 si
325 5624 488 5693 apud
523 5637 594 5676 se
643 5619 854 5674 habere
884 5621 1282 5693 deprehensus
1333 5624 1525 5694 fuerit,
1568 5623 1776 5694 capitis

131 5710 486 5771 damnator.»
523 5709 895 5778 Quaestiones
915 5710 1052 5770 inde
1072 5728 1234 5771 acres
1255 5713 1497 5785 diraque
1515 5715 1662 5772 492
1675 5714 1775 5786 ju-

1899 4749 2072 4803 quum
2125 4734 2197 4788 ob
2231 4749 2491 4786 causam.
2523 4733 2744 4786 Adesse
2775 4736 2967 4785 autem
3002 4745 3100 4784 eos
3120 4727 3346 4790 idcirco
3379 4728 3540 4797 prin-

1897 4839 2033 4893 ceps
2067 4821 2271 4890 voluit,
2307 4826 2370 4875 ut
2392 4835 2579 4891 genus
2612 4820 2666 4874 id
2696 4819 3001 4873 hominum
3035 4817 3143 4872 sibi
3180 4816 3403 4870 dudum
3429 4832 3536 4870 con

1898 4911 2164 4966 tumaciaa
2198 4918 2537 4980 suspectum
2571 4907 2833 4979 exemplo
2861 4908 2972 4962 diri
2996 4906 3269 4977 supplicii
3294 4910 3542 4959 terrere-

1895 5005 2012 5056 tur.
2046 5002 2392 5070 Quicunque
2423 5000 2600 5070 igitur
2631 5015 2697 5052 ex
2731 4998 2800 5051 iis
2853 4998 2991 5066 quid
3028 4995 3341 5066 spectaturi
3376 5010 3537 5048 voca-

1895 5096 2099 5144 rentur
2141 5088 2508 5160 ignorarunt,
2544 5103 2658 5157 quo
2681 5086 3054 5155 jubebantur
3084 5089 3222 5138 sunt
3265 5081 3538 5153 profecti;

1892 5180 1992 5250 qui
2027 5195 2146 5233 rem
2173 5177 2823 5249 praesenserantﬂugam
2843 5176 3222 5245 etpedierunt
3243 5189 3359 5244 qua
3386 5172 3544 5242 quis-

1891 5284 2003 5339 que
2038 5268 2228 5338 potuit
2273 5265 2594 5320 tutissime.
2645 5265 2927 5333 Perducto
2960 5265 3030 5317 ad
3064 5263 3261 5317 lucum
3294 5260 3537 5315 Caloide

1889 5375 2055 5420 corna
2090 5358 2330 5412 detonsa
2361 5362 2496 5422 est.,
2526 5371 2641 5409 non
2687 5357 2756 5409 ad
2792 5359 3010 5420 cutem,
3057 5353 3157 5408 sed
3192 5351 3324 5422 pilis
3376 5368 3408 5406 a
3439 5368 3536 5405 ra-

1889 5451 2016 5504 dice
2046 5449 2114 5502 ad
2151 5447 2409 5517 aliquam
2443 5446 2634 5500 adhuc
2656 5445 3024 5500 altitudinem
3059 5443 3274 5498 relictis
3300 5447 3532 5497 exstan-

1887 5539 2073 5602 tibus,
2106 5543 2170 5592 ut
2202 5535 2480 5608 pabulum
2514 5534 2632 5606 igni
2665 5541 2863 5590 essent
2895 5551 2992 5605 per
3024 5533 3130 5589 hos
3163 5532 3367 5586 intime
3399 5531 3530 5602 pel-

1885 5628 1998 5684 lem
2032 5628 2220 5700 ipsam
2261 5641 2326 5680 ac
2356 5623 2577 5679 calvam
2629 5624 2886 5679 ambusti
2916 5623 3148 5679 verticis
3191 5637 3527 5695 pervasuro.

1882 5717 2198 5791 Applicata
2229 5714 2442 5772 dehinc
2493 5718 2768 5787 arcteque
2798 5733 3092 5790 appressm
3123 5712 3322 5771 miseri
3354 5711 3532 5784 capiti
