4210 6448
695 389 801 441 955

2005 396 2306 450 GEORGII
2346 396 2807 451 PACHYMBBB

4003 394 4099 446 956

697 512 1051 584 καυσομὲνοις
1087 558 1099 582 ,
1152 514 1265 569 εἶτα
1320 516 1409 569 καὶ
1459 519 1558 585 τήν
1606 514 1725 591 ῥῖνα
1781 516 2037 589 τεμόντες
2098 519 2344 594 μαχαίρᾳ
2373 524 2425 589 Α
2457 520 2572 572 κατ’
2599 518 2785 592 ὀλίγον
2817 518 2906 573 καὶ
2936 518 3197 592 συχνάκις
3226 516 3518 589 γινόμενον
3552 537 3629 578 εις
3660 516 3784 570 ὅσον
3839 515 4101 572 πλεῖστον

696 603 941 672 ἡμιθανῆ
978 600 1197 655 εἶ’τύὖν
1250 602 1462 675 ἡμιδαῆ
1522 606 1756 682 ἀφιᾶσιν.
1810 603 1990 660 Ἀλλὰ
2031 612 2197 661 ταῦτα
2250 609 2343 679 μὶν

702 690 891 763 μικρὸν
928 688 1171 765 ὕστερον,
1214 692 1301 746 ὅτε
1330 697 1396 765 τῇ
1430 692 1592 748 πόλει
1634 693 2028 767 ἐπιδεδήμηκε.
2080 698 2219 752 Τότε
2266 694 2344 765 δε,

694 776 1069 840 Ποσειδεῶνος
1134 779 1486 854 ἑκκαιδεκάτῃ
1553 784 1688 853 μετὰ
1743 785 1840 851 τήν
1904 790 2003 852 τῆς
2078 785 2343 839 Θεοτόκου

691 868 906 939 ἑορτὴν,
955 866 1271 938 ἐξεληλάκει
1328 871 1423 941 μὲν
1478 870 1756 943 βασιλεὺς,
1787 869 2107 942 tegulam
2138 869 2195 926 δὲ
2238 892 2344 927 πα-

686 953 982 1029 τριάρχης,
1031 958 1125 1011 τοῦ
1179 958 1713 1032 πατριαρχεύσαντος
1758 962 1956 1037 Ἰωσὴφ
2003 962 2342 1038 πεμφθέντος

690 1044 763 1104 εἷς
795 1045 856 1098 τὸ
886 1042 1208 1116 Κοσμίδιον.
1248 1045 1403 1102 Ἀλλ’
1435 1050 1461 1101 ὁ
1499 1048 1591 1120 μίν
1623 1046 1867 1121 πέμψας,
1911 1050 2000 1102 καὶ
2032 1050 2122 1103 τὸν
2158 1052 2335 1126 Σφαν-

687 1138 817 1200 τζῆν
871 1134 1085 1207 ἀγαγὼν
1142 1129 1411 1207 Γαϐριὴλ,
1461 1137 1519 1190 ὃν
1570 1138 1897 1209 αὐτανέψιον
1936 1134 2066 1192 ὄντα
2102 1143 2200 1194 τοῦ
2230 1138 2337 1209 ἤδη

684 1222 1061 1297 τυρλωθὲντος
1111 1224 1365 1277 Ἰωάννου
1413 1225 1528 1297 εἶχε
1584 1224 1678 1296 μὶν
1738 1225 2005 1300 πρότερον
2062 1226 2113 1280 ἐν
2143 1232 2211 1301 τῇ
2244 1234 2339 1281 τοῦ

694 1311 1203 1381 παρακοιμωμὲνου
1278 1318 1377 1379 τῆς
1466 1312 1715 1386 μεγάλης
1803 1311 2101 1386 σφενδόνης
2175 1320 2336 1389 τιμῇ,

685 1399 903 1470 ὕστερον
939 1399 983 1452 δ’
1030 1398 1113 1453 ἐπ’
1157 1401 1352 1461 αἰτιαις
1404 1400 1717 1479 ἐξετόιρλου,
1772 1400 2047 1473 συνδυάξει
2097 1410 2339 1479 συγγενεῖ

682 1506 743 1561 γε
770 1488 884 1541 ὃντι
911 1492 989 1558 τῷ
1020 1489 1265 1561 Ἰωάννῃ,
1290 1489 1377 1542 καὶ
1427 1491 1547 1560 μεθ’
1599 1490 1792 1544 ἑαυτοῦ
1845 1489 2189 1565 ἑπαγόμενος
2238 1493 2336 1559 τήν

680 1576 818 1649 πρὸς
848 1578 949 1646 τὴν
982 1575 1339 1649 Νικομήδους
1398 1578 1488 1631 καὶ
1545 1579 1611 1633 τὰ
1658 1578 1781 1653 περὶ
1841 1580 2048 1649 ἐκείνην
2107 1578 2331 1649 ἤλαυνε.

680 1667 1037 1742 Πατριάρχης
1072 1666 1128 1722 δὶ
1176 1668 1269 1722 τὸν
1318 1668 1455 1723 κατὰ
1489 1670 1587 1738 τήν
1638 1665 1876 1725 κιϐωτὸν
1924 1677 2023 1740 τῆς
2060 1670 2335 1742 θαλάσσης

676 1755 961 1830 τράχηλον
1026 1755 1566 1833 διαπεραιωσάμενος
1648 1759 1771 1814 εὐθὺ
1838 1760 2070 1822 Νικαίας
2148 1761 2329 1835 ὥρμα.

684 1845 782 1899 Καὶ
825 1842 891 1913 δὴ
925 1846 951 1899 ὁ
989 1848 1082 1918 μὶν
1116 1845 1370 1920 βασιλεὺς
1414 1848 1541 1911 τοὺς
1589 1847 1832 1927 τυφλοὺς
1883 1848 2047 1925 ἄγων,
2089 1850 2197 1920 ὅπη
2239 1853 2328 1905 καὶ

677 1934 1005 2009 περιορίσειε
1038 1934 1337 1990 διεσκόπειο
1372 1938 1399 1991 ὁ
1442 1934 1498 1991 δὶ
1548 1938 1811 2007 Ἰωάννης
1846 1940 1945 2007 τὴν
2003 1941 2201 2009 ποινὴν
2248 1942 2323 2012 μή

677 2024 851 2100 φέρων
911 2024 997 2078 καὶ
1051 2025 1423 2094 ἀναξιοπαθῶν
1480 2027 1626 2088 ὅλως
1680 2028 1744 2081 οὗ
1794 2029 2002 2104 τροφὴν
2047 2029 2323 2101 προσίετο.

674 2112 738 2166 οὐ
774 2112 928 2166 πόσει
986 2120 1299 2188 προσεῖχεν,
1347 2114 1445 2168 οὐκ
1478 2112 1617 2170 ἄλλο
1647 2135 1699 2170 τι
1738 2120 1846 2170 τῶν
1897 2115 1973 2177 είς
2006 2115 2321 2189 ἐπιμέλειαν

672 2206 782 2255 τῶν
813 2199 1118 2274 ὅφθαλμῶν
1176 2201 1258 2256 εἴα
1313 2202 1571 2278 γίνεσθαι,
1628 2202 1792 2275 μόνον
1837 2202 1895 2259 δὲ
1922 2207 2075 2267 κενὸς
2122 2206 2321 2282 φόρτος

675 2291 961 2364 ἀγόμενος,
992 2290 1101 2359 ὅπη
1152 2294 1444 2367 τετυχήκει
1486 2300 1587 2367 γῆς
1622 2295 1655 2363 ἢ
1703 2292 1789 2347 καὶ
1839 2294 2057 2368 πετρας,
2101 2296 2203 2364 τὴν
2234 2317 2320 2352 κε·

674 2378 852 2455 φαλὴν
916 2380 1305 2453 προσαράττων
1358 2382 1431 2442 ὡς
1489 2382 1882 2455 τεθνηξόμενος
1938 2385 2027 2452 ἧν.
2065 2385 2168 2440 Καὶ
2194 2387 2321 2461 τάχ’

672 2466 732 2521 ἂν
758 2466 816 2522 ἐκ
844 2469 1055 2523 τούτων
1098 2469 1159 2525 ἑκ
1206 2468 1471 2526 πλείστου
1516 2472 1566 2526 οἱ
1618 2468 1891 2541 Ευνὲϐαινε
1937 2475 1998 2528 τὸ
2040 2476 2241 2545 θανεῖν,
2274 2475 2319 2529 εἰ

676 2559 751 2628 μή
808 2557 896 2612 καὶ
947 2560 1093 2634 παρὰ
1148 2564 1255 2614 τῶν
1304 2559 1688 2637 φυλαττόντων
1737 2561 2007 2638 ἐπείχετο.
2056 2562 2210 2634 Πλὴν
2258 2564 2320 2619 τὸ

668 2776 883 2831 chartas
914 2779 1271 2834 membranae
1304 2779 1429 2849 pice
1476 2780 1636 2835 illitas
1670 2781 2133 2848 inﬂammantur,
2168 2783 2315 2836 vim-

666 2881 779 2935 que
828 2866 1131 2921 ardentem
1165 2868 1235 2921 ab
1269 2869 1503 2940 occipiti
1545 2870 1614 2925 ad
1650 2871 1924 2941 synciput
1967 2876 2023 2926 et
2069 2872 2317 2926 frontem

668 2969 859 3024 usque
890 2955 959 3009 ad
1012 2954 1213 3011 oculos
1256 2972 1321 3011 ea
1352 2958 1811 3029 corrumpendos
1840 2960 1993 3015 498
2038 2964 2322 3030 spargunt

670 3058 989 3114 presseque
1014 3046 1351 3104 admovent.
1379 3046 1531 3103 Naso
1554 3050 1623 3103 ad
1655 3052 1979 3105 extremum
1998 3050 2170 3105 cultri
2200 3049 2324 3106 acie

671 3135 965 3199 truncato,
1018 3133 1497 3197 semiustulatum
1530 3136 1798 3209 semique
1829 3143 2134 3193 mortuum
2172 3137 2318 3196 infe-

2459 607 2927 683 συγκεφαλαιωθὶν
2984 606 3046 660 τὸ
3102 609 3277 659 θανεῖν
3333 605 3525 679 ἐπῆγε,
3582 605 3867 660 κάντεῦθεν
3917 606 4102 674 ἀπήλ-

2458 696 2625 751 λακτο
2689 698 2781 769 μὶν
2841 696 3043 757 ἱκεῖνος
3094 698 3237 763 ζωῆς
3298 692 3602 763 ἱπωδύνου,
3657 692 3996 763 ἀπήλλακτο
4058 694 4105 748 δὲ

2451 788 2537 839 καὶ
2577 786 2831 860 βασιλεὺς
2861 791 2961 854 τῆς
3012 784 3095 839 ἀπ’
3142 782 3333 855 ὶκείνῳ
3382 780 3690 860 φροντίδος.
3724 783 3904 843 Αὐτὸς
3958 780 4020 836 δὲ
4049 784 4105 836 τὰ

2451 876 2588 929 κατὰ
2632 874 2724 928 τὸν
2782 874 3055 949 Σάγγαριν
3106 873 3600 947 περιηγησάμενος,
3660 872 3747 926 καὶ
3796 872 3865 925 τὰ
3927 872 4098 925 ἐγεῖσε

2451 963 2685 1037 φρούρια
2742 963 2793 1017 ἂν
2865 960 3098 1036 ἀσφαλεῖ
3151 966 3220 1035 τῇ
3272 962 3464 1015 εαυτοῦ
3520 957 3790 1033 παρουσίᾳ
3846 962 4096 1030 θέμενος,

2450 1057 2817 1122 Γαμηλιῶνος
2855 1053 3029 1123 μηνὸς
3083 1048 3401 1125 ὑποστρεφει
3432 1049 3567 1123 πρὸς
3595 1047 3781 1103 πόλιν.
3816 1052 4090 1119 Ila-tgna;-

2448 1161 2559 1215 χης
2594 1138 2651 1195 δὲ
2684 1139 2922 1209 πλησίον
2959 1137 3132 1193 ἆλθῶν
3166 1136 3417 1205 Νικαίας,
3466 1136 3559 1191 καὶ
3608 1137 3843 1208 Ἐννάτῳ
3876 1135 4090 1190 ἐναυλι-

2448 1232 2702 1302 σάμενος,
2737 1230 2996 1292 εἰσελθεῖν
3047 1230 3128 1299 [Ρ.
3163 1230 3291 1300 337]
3318 1228 3418 1294 τὴν
3452 1226 3615 1280 πόλιν
3664 1224 3761 1279 οὐκ
3820 1224 4006 1299 ἔκρινε
4035 1228 4091 1278 τό

2443 1320 2493 1393 γ’
2535 1324 2710 1372 εκεῖνο
2744 1315 2873 1371 δεῖν·
2910 1315 3086 1380 θέλειν
3106 1317 3207 1389 γὰρ
3252 1310 3649 1389 ἴχεινῆδιδόναι
3696 1315 3788 1367 καί
3846 1334 3914 1386 γε
3958 1335 4096 1386 γνω-

2446 1407 2629 1481 ρίμοις
2684 1408 2771 1461 καὶ
2815 1405 3158 1480 προσ-γενεσιν
3210 1405 3531 1478 εὐεργετεῖν,
3584 1399 3751 1474 μηδεν
3787 1400 3845 1456 δὲ
3876 1402 3944 1456 τὸ
3976 1404 4088 1455 κατ’

2444 1496 2618 1550 ἐκεῖνο
2651 1500 2844 1571 καιροῦ
2873 1495 3146 1570 εὐπορεῖν.
3205 1495 3283 1551 Τὸ
3336 1491 3386 1547 δ’
3434 1490 3740 1547 εἰσελθόντα
3789 1491 3962 1546 πάλιν
4018 1488 4088 1563 μὴ

2443 1584 2741 1660 εὐεργετεῖν
2800 1584 2875 1645 ὡς
2934 1582 3079 1655 ἄξιον
3128 1582 3339 1652 ἀνάξιον
3395 1583 3586 1637 εαυτοῦ
3671 1581 3762 1635 καὶ
3838 1586 3953 1634 τῶν
4018 1584 4090 1653 μὴ

2440 1674 2759 1750 πρεπόντων
2790 1678 2907 1737 τοῖς
2961 1672 3170 1728 δκείνου
3226 1673 3533 1746 πράγμασιν
3592 1667 3749 1743 ᾤετο.
3812 1671 3978 1723 Ὅθεν
4008 1670 4098 1723 καὶ

2440 1764 2724 1839 πρύμναν,
2782 1765 2846 1819 τὸ
2900 1767 2997 1819 τοῦ
3055 1762 3249 1837 λόγου,
3305 1764 3677 1837 κρουσάμενος
3731 1757 4093 1815 Πολοπιθίων

2437 1874 2495 1908 τε
2518 1848 2770 1909 ἆπάόαινε
2817 1852 2909 1907 καὶ
2963 1858 3063 1921 τῆν
3121 1850 3390 1925 ταχίστην
3439 1850 3788 1927 ὑποστρέφειν
3849 1845 4024 1922 ’ἔγνον
4060 1850 4093 1916 ἠ

2436 1942 2539 2017 γὰρ
2568 1949 2668 2012 τῆς
2696 1942 2939 2015 ὑψόσεως
2989 1942 3151 2013 δορτή
3210 1940 3439 2014 ἀπεῖργε
3476 1942 3573 1993 τοῦ
3636 1939 3713 2010 μὴ
3775 1933 4094 2013 βραδύνειν.

2433 2034 2527 2101 Τῷ
2557 2051 2643 2084 τοι
2674 2030 2763 2084 καὶ
2805 2029 2962 2090 αὐτὸς
2992 2030 3129 2083 κατᾶ
3175 2025 3371 2097 πόδας,
3420 2024 3837 2101 τρισκαιδεκάτῃ
3892 2028 4092 2096 Γαμηο

2431 2120 2655 2188 λιῶνος,
2690 2120 2903 2189 ἀπήντα
2926 2119 3061 2192 πρὸς
3100 2116 3281 2172 πόλιν.
3325 2112 3455 2191 Περὶ
3504 2112 3561 2170 δὲ
3608 2120 3703 2169 τοῦ
3742 2117 3861 2177 καθ’
3913 2116 4079 2169 αὐτὸν

2433 2206 2904 2279 ὑποστελλόμενος
2934 2209 3007 2268 ὡς
3046 2206 3120 2279 μὴ
3159 2198 3246 2259 διὰ
3269 2205 3335 2260 τὰ
3373 2200 3735 2278 συμϐαίνοντα
3783 2201 4083 2277 ὀλιγώρως

2430 2296 2577 2372 ἔχειν
2612 2294 2825 2366 δοκοίη.
2860 2294 2971 2368 ἅμα
3002 2300 3075 2367 νῷ
3098 2298 3200 2364 τῆς
3243 2294 3377 2356 νεὼς
3434 2289 3705 2363 ἀποϐῆναι
3736 2294 3875 2368 πρὸς
3925 2294 4087 2367 βασι-

2432 2386 2523 2441 λία
2577 2385 2687 2455 ἤϊε,
2747 2383 3037 2461 διημερευὲ
3093 2406 3152 2440 τε
3206 2384 3340 2458 πρὸς
3398 2385 3588 2459 χάριν,
3640 2384 3729 2437 καὶ
3778 2382 3919 2453 πρὸς
3982 2384 4085 2449 τήν

2430 2477 2622 2551 ἑορτὴν
2656 2472 2999 2548 κεκλημένος
3030 2476 3167 2550 πρὸς
3212 2471 3483 2549 βασιλεως
3535 2470 3759 2545 ἕτοιμος
3803 2472 3870 2541 ἦν
3907 2470 4089 2535 ἰλθὼν

2430 2562 2688 2620 ἐκτελεῖν
2750 2565 2909 2619 παντὶ
2968 2566 3071 2638 γὰρ
3134 2560 3456 2619 ὑπέστελλεν
3519 2562 3707 2616 ἑαυτὸν
3781 2559 3978 2636 τρόπῳ
4039 2559 4091 2629 ἐξ

2427 2783 2509 2837 tia
2538 2783 2653 2837 voti
2697 2783 2896 2837 miseri
2944 2798 3185 2853 compos
3215 2781 3374 2837 brevi
3417 2782 3603 2846 ﬁeret,
3635 2781 3691 2835 in
3739 2778 3842 2833 illa
3870 2778 4089 2849 despe-

2430 2873 2656 2927 ratione
2683 2873 2865 2927 vitam
2898 2871 3111 2926 finiens
3140 2876 3196 2926 et
3235 2870 3650 2942 imperatorem
3680 2866 4094 2924 sollicitudine

2430 2959 2500 3014 de
2523 2976 2585 3015 se
2605 2959 2885 3014 liberans.
2910 2960 2965 3014 Is
2988 2963 3183 3014 autem
3207 2956 3709 3027 obiterinspeclis,
3734 2960 3923 3024 etquo
3938 2970 4093 3025 cpus

2431 3048 2725 3103 habebant
2750 3048 3019 3119 praesidio
3042 3046 3315 3115 firmatis,
3338 3046 3576 3101 arcibus
3600 3044 3753 3099 circa
3772 3043 4091 3114 Sangarim

2430 3136 2756 3208 Septembri
2803 3152 3003 3191 mense
3032 3135 3090 3190 in
3126 3137 3329 3193 urbem
3376 3134 3706 3189 revertitur.
3742 3130 4094 3186 Patriarcha

665 3218 840 3275 licem
874 3222 1201 3328 dimittunt.
1235 3222 1451 3328 Verum
1484 3224 1604 3323 base
1636 3225 1813 3297 paulo
1834 3232 1964 3297 post
1995 3230 2143 3283 sunt
2164 3232 2317 3297 acta,
2348 3262 2391 3328 ρ
2426 3242 2563 3280 vero
2608 3240 2959 3296 progressus
2988 3240 3176 3296 usque
3223 3224 3292 3278 ad
3324 3222 3601 3277 viciniam
3653 3220 3877 3290 Nicaea,
3917 3226 3980 3275 et
4014 3222 4088 3275 ad

664 3323 897 3363 reverso
940 3310 1065 3380 jam
1125 3311 1180 3365 in
1242 3312 1449 3367 urbem
1505 3313 1876 3385 imperatore.
1911 3316 2074 3371 Tunc
2122 3320 2315 3371 autem

666 3396 888 3452 mensis
936 3400 1185 3475 Augusti
1231 3402 1648 3470 sextadecima,
1701 3404 1981 3475 postridie
2017 3405 2147 3460 festi
2178 3405 2312 3461 Dei-

663 3504 839 3558 ραι-ω,
871 3488 1147 3544 discessit
1178 3489 1313 3546 inde
1342 3491 1684 3564 imperator,
1710 3493 1987 3549 discessit
2005 3498 2064 3549 et
2092 3494 2314 3565 patriar

661 3576 792 3641 cba,
842 3576 1097 3649 Josepbo
1126 3580 1533 3650 expatriarcba
1562 3580 1726 3651 prius
1761 3583 1940 3637 misso
1970 3583 2046 3638 ad
2082 3583 2310 3638 Cosmi-

660 3666 847 3720 dium.
880 3668 1113 3721 Curavit
1136 3674 1330 3723 autem
1364 3669 1683 3741 imperator
1702 3671 2115 3727 adducendum
2146 3674 2216 3726 ad
2251 3689 2311 3729 se

661 3754 988 3811 Gabrielem
1039 3756 1394 3829 Spbautsen,
1428 3765 1697 3830 nepotem
1738 3776 1807 3815 ex
1835 3776 2037 3816 sorore
2061 3760 2309 3817 Joannis

659 3859 848 3913 nuper
874 3845 1165 3902 excaecati.
1188 3846 1348 3915 {Huic
1378 3848 1677 3918 Sphantzi,
1722 3864 1898 3919 quem
1931 3854 2105 3905 antea
2125 3849 2307 3905 hono-

657 3937 885 3988 raverat
916 3935 1261 4004 praefectum
1292 3937 1528 4005 majoris
1558 3937 1760 4004 sigilli,
1788 3942 1988 4007 postea
2018 3938 2306 4009 quasdam

657 4022 729 4077 ob
762 4023 966 4093 culpas
1012 4040 1177 4079 veras
1209 4032 1311 4079 aut
1356 4026 1579 4081 affictas
1632 4031 1864 4081 eruerat
1912 4027 2133 4083 oculos.
2192 4030 2307 4083 Hoc

657 4127 827 4180 porro
880 4116 1142 4182 tempore
1199 4114 1603 4170 consociatum
1670 4117 1945 4171 eumdem
2003 4132 2138 4173 cum
2198 4133 2305 4172 suo

656 4200 944 4255 avunculo
973 4201 1224 4267 Joanne,
1256 4219 1431 4273 quem
1466 4203 1603 4259 item
1638 4205 2045 4271 accersiverat,
2088 4205 2304 4260 ducere

657 4304 857 4343 secum
892 4289 1075 4343 voluit
1104 4291 1215 4344 hoc
1245 4291 1453 4348 itinere
1476 4334 1491 4359 ,
1524 4309 1639 4363 quo
1675 4293 2067 4349 Nicomediam
2099 4311 2304 4351 versus

656 4382 712 4430 et
738 4377 788 4457 ei
822 4378 1159 4447 adjacentes
1183 4381 1314 4435 urbi
1340 4382 1607 4453 regiones
1636 4384 1934 4438 tendebat.
1972 4382 2303 4438 Patriarcba

656 4481 788 4519 vero
821 4470 985 4521 trans
1026 4469 1204 4523 maris
1237 4469 1433 4525 fauces
1464 4473 1531 4525 ad
1576 4472 1844 4527 Cibotum
1877 4477 2111 4527 evectus
2142 4477 2301 4527 recta

655 4554 953 4607 contendit
988 4555 1262 4613 Nicaeam.
1312 4563 1385 4613 At
1418 4560 1732 4629 imperator
1779 4561 1930 4615 duos
1960 4576 2142 4616 caecos
2187 4561 2295 4614 cir-

2429 3317 2721 3373 Ennatum
2774 3316 2894 3372 sive
2924 3316 3155 3370 Nonum
3203 3314 3557 3385 bospitatus,
3590 3312 3819 3383 ingredi
3873 3312 4085 3365 urbem

2425 3404 2631 3461 noluit.
2666 3409 2853 3461 Causa
2875 3406 2959 3459 sic
3000 3402 3299 3459 statuendi
3326 3402 3455 3467 fuit,
3479 3402 3639 3473 quod
3663 3398 3805 3454 nihil
3833 3399 4090 3455 haberet

2422 3498 2563 3549 tunc
2594 3496 2664 3549 ad
2698 3511 2937 3550 manum
2962 3493 3117 3549 unde
3138 3496 3569 3563 cognatossuos
3591 3507 3657 3545 ac
3684 3492 4085 3553 necessarios,

2422 3583 2522 3654 qui
2547 3583 2718 3638 multi
2740 3584 3032 3653 degebant
3052 3580 3192 3647 illic,
3215 3586 3638 3636 muneraretur.
3664 3579 3953 3635 lndecens
3977 3595 4085 3633 au-

2418 3678 2538 3727 tem
2584 3671 3004 3742 ingratumque
3042 3670 3372 3735 videbatur,
3421 3686 3524 3723 nec
3563 3673 3663 3723 aut
3705 3674 3918 3722 cetera
3971 3683 4084 3721 sua

2420 3760 2662 3828 dignum
2695 3759 3439 3831 elegantiaautrebusejus
3465 3755 3855 3821 condumbile,
3880 3757 4083 3827 primo

2420 3854 2553 3920 post
2584 3850 2863 3921 adeptum
2896 3864 3194 3904 summum
3216 3847 3502 3903 honorem
3526 3846 3620 3901 sui
3641 3850 3964 3917 conspectu
3988 3845 4079 3900 nl-

2417 3938 2500 3995 hil
2531 3940 2658 3994 suis
2688 3940 2910 4011 largiri.
2942 3941 3132 4004 Quare
3159 3937 3220 3993 in
3254 3952 3510 4007 proram,
3536 3935 3691 4008 quod
3716 3935 3962 3999 dicitur,
3985 3934 4081 3988 in-

2416 4028 2701 4083 cumbens
2726 4034 2993 4099 retroque
3014 4026 3151 4081 inde
3172 4029 3404 4092 cedens,
3432 4024 3757 4097 Polypitbia
3770 4022 4082 4095 superavit

2415 4122 2471 4172 et
2495 4116 2803 4173 confestim
2838 4116 3041 4173 reverti
3068 4116 3412 4171 constituit:
3442 4131 3584 4170 num
3616 4120 3675 4170 et
3699 4113 4081 4168 exaltationis

2414 4208 2606 4262 crucis
2659 4207 2976 4263 imminens
3008 4207 3222 4262 festum
3253 4204 3596 4275 increpabat
3626 4218 3839 4259 moras.
3877 4200 4076 4257 Festi—

2414 4311 2563 4351 nans
2594 4295 2774 4367 igitur
2804 4296 2895 4350 die
2924 4294 3330 4351 tertiadecima
3356 4292 3717 4363 Septembris
3739 4290 3947 4346 urbem
3994 4294 4079 4344 te-

2413 4386 2560 4439 nuit.
2589 4389 2667 4439 Ac
2716 4384 3006 4439 sollicitus
3037 4385 3107 4438 de
3138 4400 3246 4439 sua
3276 4382 3431 4453 apud
3485 4381 3807 4453 principem
3853 4380 4071 4451 gratia,

2412 4489 2587 4544 quam
2620 4488 2691 4528 ne
2722 4474 3054 4543 refrigerari
3083 4473 3445 4541 contingeret
3475 4486 3591 4524 non
3622 4469 3921 4523 immerito
3957 4471 4073 4523 for-

2407 4566 2565 4617 tasse
2612 4562 2923 4617 verebatur
2951 4562 3025 4617 ob
3056 4578 3124 4617 ea
3152 4577 3280 4632 quo
3313 4560 3371 4614 in
3406 4575 3584 4614 causa
3612 4556 3961 4612 schismatis
4007 4558 4069 4612 iu

654 4644 1167 4713 cumducensgubi
1199 4663 1297 4703 eos
1330 4650 1440 4703 sub
1473 4624 1599 4703 tuta
1628 4650 1896 4704 custodia
1928 4648 2304 4705 concluderet
2333 4624 2380 4689 D
2411 4650 2537 4705 dies
2586 4651 2953 4717 eveniebant,
2988 4624 3281 4722 plerisque
3312 4647 3730 4703 reluctantium
3765 4648 3889 4717 paci
3928 4649 4069 4701 cul-

655 4733 972 4802 qussrcbat.
1025 4735 1311 4790 Cmtsrum
1365 4739 1620 4794 Joannes
1650 4738 1982 4794 incredibili
2022 4738 2303 4794 maestitia
2415 4755 2547 4810 pam
2585 4756 2819 4794 omnem
2854 4740 3041 4797 Vecco
3072 4738 3527 4810 imputantibus,
3559 4737 4073 4809 querentibusque

651 4820 1043 4879 calamitatem
1082 4825 1291 4894 ferens,
1326 4843 1502 4898 quam
1537 4844 1597 4883 se
1628 4828 1784 4883 haud
1819 4828 2093 4884 meritum
2129 4834 2299 4899 puta-
2410 4829 2605 4900 ipsum
2628 4830 2868 4900 scriptis
2885 4829 3008 4885 suis
3034 4828 3319 4883 terminos
3336 4827 3573 4882 Patrum
3592 4827 4074 4895 etﬂxadogmata

655 4910 775 4977 bat,
811 4930 913 4969 nec
968 4914 1163 4970 cibum
1200 4918 1551 4973 admittebat
1582 4934 1684 4973 nec
1712 4924 1937 4990 potum,
1980 4933 2086 4973 nec
2116 4918 2299 4978 cruda,
2409 4917 2733 4973 convellere
2772 4924 2947 4987 atque
2982 4919 3135 4973 ultra
3165 4917 3403 4973 modum
3451 4931 3685 4971 omnem
3718 4913 3935 4969 eﬂerri.
3980 4914 4067 4969 Ob

650 5002 973 5058 etiamnum
1024 5004 1266 5061 vulnera
1321 5024 1522 5063 recens
1587 5009 1935 5064 eti'ossorum
1987 5006 2295 5063 oculorum
2406 5006 3171 5078 bec,iuquam,sibitimens
3193 5005 3395 5061 statim
3419 5003 4060 5063 acr.aviexscendit.ad

650 5104 791 5145 cura
823 5092 999 5147 foveri
1033 5096 1365 5151 necessaria
1394 5097 1642 5151 sinebat.
1677 5096 2025 5152 Portabatur
2063 5102 2292 5151 tantum
2408 5094 2686 5165 palatium
2722 5101 2879 5151 recta
2908 5094 3163 5167 perrexit
3191 5094 3653 5165 imparatorique
3680 5091 3835 5147 diem
3872 5099 4062 5148 totum

650 5182 806 5236 iners
862 5184 1124 5251 pondus;
1158 5189 1215 5239 et
1246 5185 1583 5256 ubicunque
1622 5188 2031 5257 deponeretur,
2065 5187 2137 5240 ad
2190 5202 2295 5256 pe-
2402 5185 2844 5241 officiosissime
2874 5183 3084 5249 astitit,
3106 5184 3413 5253 eidemque
3446 5181 3517 5235 ad
3569 5183 3785 5237 festum
3823 5184 4063 5237 vocanti

646 5276 797 5326 trem
832 5277 931 5325 aut
962 5274 1030 5327 ad
1062 5273 1272 5344 solum,
1312 5286 1479 5346 prout
1508 5281 1856 5342 occurrerat,
1884 5276 2161 5330 allidebat
2193 5292 2290 5330 ca-
2393 5281 2668 5347 paratum
2718 5290 2782 5330 se
2834 5276 2908 5331 ad
2934 5273 3189 5331 eundem
3219 5278 3274 5329 et
3306 5270 3726 5328 celebrandum
3759 5271 4055 5327 exhibuit.

648 5367 771 5431 put,
835 5368 1080 5419 mortem
1141 5364 1375 5419 omnino
1424 5365 1680 5421 velocem
1730 5382 1997 5437 quaarens
2039 5382 2054 5432 ;
2114 5382 2287 5433 quam
2403 5364 2747 5419 Mirabiliter
2774 5363 2934 5419 enim
2979 5381 3050 5419 ex
3081 5361 3179 5418 illo
3230 5366 3498 5418 mutatus
3546 5361 3648 5431 qui
3697 5368 3819 5415 tam
3872 5360 4059 5417 libera

646 5452 817 5521 longe
851 5453 1012 5522 prius
1061 5453 1397 5519 invenisset,
1434 5456 1544 5510 nisi
1578 5456 1843 5511 studiose
1876 5472 1909 5510 a
1940 5456 2289 5510 custodibus

645 5546 943 5597 teneretur
990 5560 1057 5598 ne.
1108 5551 1339 5600 noceret
1390 5546 1511 5617 ipse
1566 5546 1699 5601 sibi.
1752 5546 1867 5600 Nec
1903 5550 2097 5599 tamen
2147 5561 2289 5600 cura

644 5632 951 5700 quantavis
971 5632 1201 5687 illorum
1222 5635 1527 5702 prohibere
1558 5633 1628 5688 ad
1652 5640 1976 5687 extremum
1995 5632 2149 5687 494
2182 5648 2285 5702 po-

645 5721 761 5775 tuit
791 5720 932 5793 quin
963 5739 1031 5779 ex
1059 5723 1381 5781 intervallis
1411 5724 1619 5779 iterata
1636 5723 1850 5795 saepius
1875 5723 1933 5777 iu
1964 5736 2093 5777 sese
2120 5721 2287 5777 savi-

2400 5459 2573 5507 antea
2620 5453 2907 5509 obsistere
2938 5450 3187 5524 principi
3221 5449 3497 5514 audebat,
3539 5466 3694 5504 nunc
3728 5450 3797 5503 ad
3838 5456 4057 5505 nutum

2399 5544 2529 5613 ejus
2558 5559 2621 5598 se
2652 5544 2913 5615 fingebat
2934 5546 2991 5599 in
3023 5542 3324 5607 omnibus,
3346 5538 3515 5594 malis
3540 5538 3822 5593 nimirum
3858 5540 3933 5595 iis
3954 5542 4055 5595 do-

2400 5634 2602 5700 mitus,
2637 5649 2765 5704 quas
2805 5649 3045 5704 passum
3088 5647 3223 5686 eum
3246 5645 3313 5684 ex
3346 5628 3667 5683 offensione
3694 5631 3949 5699 Augusti
3976 5631 4057 5685 ni-

2399 5722 2519 5779 mia
2545 5723 2735 5794 ipsius
2765 5721 3033 5780 libertate
3061 5719 3276 5777 irritati
3304 5718 3577 5790 superius
3615 5715 3956 5777 retulimus.
3993 5725 4058 5777 Et
