4242 6438
167 418 268 473 957

1238 422 1334 474 ΒΕ
1373 413 1747 474 MICHABLE
1784 409 2227 470 PALmLOGO
2264 417 2397 466 LIB.
2440 415 2532 466 VI.

3458 396 3564 450 958

166 543 289 595 ότου
343 542 464 615 περ’
516 547 634 602 τοῖς
696 540 971 615 ὀχληροῖς
1027 542 1378 616 προσέκυρσε,
1436 541 1523 593 καί
1579 539 1802 611 μεγίστη
1836 540 1888 604 Α
1921 533 1977 590 δὶ
2030 536 2117 589 καὶ
2179 533 2565 604 Κωνσταντίνῳ
2618 537 2696 602 τῷ
2753 527 3118 601 Ἀκροπολίτῃ
3172 523 3258 576 καὶ
3317 522 3405 616 τῷ.
3440 528 3572 616 Θεοξ-

170 631 332 706 μοῗρα
387 633 495 685 τῶν
559 631 632 692 εἵς
690 632 751 684 τὸ
816 630 1050 705 μετρίως
1111 628 1316 703 δίάγειν
1347 627 1646 697 ἐλπίδων-ἡ
1680 626 1814 701 πρὸς

162 722 251 774 τὸν
313 718 540 794 βασιλέα
602 720 936 788 ὑποποίησις
989 719 1356 795 κατεφαίνετο.
1419 719 1534 785 Τῆς
1593 717 1685 787 μὲν
1722 713 1811 768 οὖν

161 816 330 881 τιμῆς
378 808 567 880 ἐκείνῳ
611 806 850 862 “itth
905 807 1126 883 φροντίς
1185 807 1273 874 ἦν,
1329 809 1393 860 τὸ
1446 804 1503 860 δὶ
1559 821 1814 880 πατρίαρ·

166 897 400 971 χεύοντα
467 895 714 964 διακενῆς
774 895 1117 972 ἐνοχλεῖσθαι
1170 895 1265 950 ’ίσα
1320 897 1408 950 καὶ
1469 900 1548 966 τῷ
1603 893 1814 965 θανάτῳ

165 986 344 1050 ἐτίθει.
400 989 470 1042 ’Ὀ
519 979 585 1054 δὴ
638 987 726 1039 καὶ
759 985 819 1040 ἐκ
842 989 938 1039 τοῦ
967 987 1377 1060 προστυχόντος
1412 986 1812 1055 ὑπονοούμενον

164 1075 231 1144 ἦν
261 1075 652 1146 τεθυμωμένου
680 1077 777 1128 τοῦ
830 1074 1100 1148 βασιλεως
1131 1075 1205 1136 είς
1247 1076 1404 1129 ἅπαν.
1455 1076 1530 1129 Τὸ
1574 1073 1678 1146 γὰρ
1726 1071 1814 1125 καὶ

159 1164 285 1223 τοὺς
339 1161 574 1225 οἰκείους
619 1160 968 1230 διασείεσθαι,
1029 1163 1119 1216 καὶ
1180 1164 1262 1222 οἷς
1322 1160 1383 1214 ἂν
1414 1161 1612 1221 ἐκεῖνος
1661 1160 1815 1235 ἐθάρ-

165 1252 243 1327 ρει
307 1254 520 1324 μᾶλλον
583 1252 659 1312 ὡς
716 1253 843 1326 παρ’
874 1251 1063 1322 ἐκείνῳ
1110 1250 1505 1325 τεθραμμένοις
1533 1250 1620 1303 καὶ
1655 1247 1814 1317 δόξης

159 1344 419 1415 τυχοῦσιν
455 1385 468 1408 ,
528 1341 733 1394 ἀθετεῖν
817 1341 910 1411 μὲν
980 1340 1048 1392 τὰ
1104 1340 1430 1412 συγκείμενα
1497 1336 1612 1392 οὐδ’
1669 1335 1815 1398 ὅλως

161 1431 357 1500 ἐποίει,
413 1430 475 1484 τὸ
530 1427 587 1482 δὲ
642 1429 779 1503 πρὸς
835 1429 925 1482 τὸν
977 1427 1450 1501 πατριαρχεύοντα
1499 1428 1595 1486 τὰς
1643 1425 1816 1486 αἰτίας

157 1519 310 1592 ἄγειν
369 1521 424 1590 (ἡ
494 1518 598 1591 γὰρ
654 1517 901 1594 ἀναφορὰ
955 1520 1052 1570 τοῦ
1113 1513 1420 1570 σκανδάλου
1477 1513 1625 1592 σφίσι
1683 1515 1818 1587 πρὸς

159 1607 370 1661 ἐκεῖνον
427 1606 514 1673 ἦν,
575 1607 650 1666 ὡς
710 1604 918 1678 ἔλεγον,
951 1605 1208 1682 ἀσφαλεῖς
1253 1607 1316 1659 τὸ
1372 1605 1489 1658 κατ’
1521 1604 1675 1657 αὐτὸν
1711 1611 1815 1656 Λα-

157 1697 363 1762 τίνους,
413 1696 560 1768 παρὰ
623 1697 796 1767 μόνην
825 1693 925 1762 τῆν
978 1695 1028 1748 ὲν
1089 1698 1169 1765 τῷ
1228 1689 1448 1765 συὸόλῳ
1507 1693 1816 1767 πρόσθεσιν,

157 1785 434 1860 κρίνοντα)
491 1781 712 1855 ἕτοιμον
744 1784 812 1851 ἦν
872 1781 929 1837 ἐκ
985 1788 1081 1836 τοῦ
1141 1783 1305 1856 ῥᾷστα
1352 1782 1442 1836 καί
1501 1785 1818 1856 προφανῶς,

1922 622 2084 698 δώρῳ
2117 622 2470 690 Μουζάλωνι,
2513 620 2585 674 ὧν
2636 621 2727 674 τὸν
2762 619 2854 690 μὲν
2910 615 3055 687 παρὰ
3108 617 3206 666 τοῦ
3247 610 3447 683 πατρὸς
3471 613 3570 662 τοῦ

1925 696 2166 786 μεγάλου
2208 713 2296 784 [Ρ.
2331 715 2456 782 338]
2506 709 2800 784 λογοθὲτου
2849 699 3030 758 λαϐὼν
3085 702 3251 772 ἀνῆγε
3298 696 3568 786 παιδεύων

1920 804 2005 854 καὶ
2068 802 2266 856 οἰκεῖον
2328 799 2661 854 ἀποκαθίστα
2717 796 2770 859 ἐς
2824 794 2904 848 ὅτι
2959 791 3216 864 μάλιστα,
3276 788 3366 840 τὸν
3424 785 3479 839 δὲ
3511 784 3570 839 ἐκ

1921 897 2317 962 στρατιωτικῆς
2356 890 2549 961 μοίρας
2605 880 2888 940 ἀναλαϐὼν
2948 881 3035 935 καὶ
3081 883 3196 938 τοῖς
3251 877 3568 948 μαθήμασιν

1921 976 2105 1040 ἐνδοὺς
2178 977 2505 1052 ἐνσχολάσαι
2568 975 2863 1048 λογοθετην
2920 975 3028 1024 τῶν
3088 970 3316 1041 γενικῶν
3392 963 3573 1034 ἐτίμα,

1923 1068 2172 1138 συζεύξας
2222 1066 2296 1126 εἷς
2340 1066 2568 1140 γυναῖκα
2617 1065 2667 1117 οἱ
2717 1062 2809 1115 καὶ
2855 1062 2956 1127 τὴν
2991 1062 3086 1112 τοῦ
3121 1056 3572 1121 Καντακουζηνοῦ

1926 1156 2209 1230 θυγατέρα,
2249 1154 2340 1208 καὶ
2401 1153 2588 1226 μεσίτῃ
2634 1157 2741 1205 τῶν
2792 1154 2989 1203 κοινῶν
3038 1147 3262 1219 ἐχρῆτο.
3316 1143 3420 1197 Τὸν
3479 1142 3571 1212 μὲν

1925 1245 2016 1300 οὖν
2079 1243 2485 1319 Ἀκροπολίτην
2537 1244 2624 1297 καὶ
2674 1241 3167 1313 ἀποπροσεποιεῖτο
3215 1233 3303 1286 καὶ
3345 1235 3573 1304 κρείττω

1922 1339 2030 1388 τῶν
2083 1335 2199 1387 κατ’
2252 1333 2452 1387 ἐκεῖνον
2513 1333 2606 1385 τὸν
2667 1329 2836 1401 θυμὸν
2895 1329 3016 1400 ἦγε,
3051 1328 3128 1393 τῷ
3159 1319 3214 1375 δὲ
3249 1318 3573 1386 Μουζπίλωνι

1924 1423 2012 1477 καὶ
2061 1422 2181 1476 λίαν
2217 1421 2558 1496 χολούμενος
2615 1423 2700 1487 ἦν.
2761 1421 2847 1487 Τῷ
2901 1436 2985 1468 τοι
3018 1413 3105 1466 καὶ
3139 1409 3417 1470 ἐνστάντος
3448 1428 3575 1460 και-

1929 1517 2023 1586 ροῦ
2071 1507 2356 1584 πρεσϐείας
2415 1511 2549 1582 πρὸς
2597 1510 2841 1579 Ῥώμην,
2896 1501 3183 1580 ἀφειμένος
3213 1503 3318 1552 τῶν
3384 1495 3566 1550 ἄλλων

1927 1601 1952 1655 ὁ
2009 1600 2262 1674 βασιλεὺς
2305 1599 2439 1652 κατὰ
2470 1603 2680 1672 πεῖραν,
2717 1597 2891 1666 οἶμαι,
2951 1590 3115 1646 πλέον
3176 1588 3364 1661 ἐπεῖχε
3393 1586 3572 1657 τούτῳ

1925 1691 1990 1744 τὰ
2040 1697 2138 1758 τῆς
2191 1682 2479 1763 πρεσϐείας
2540 1682 2903 1754 ἀναδέξασθαι.
2963 1682 3050 1741 Ὠς
3105 1676 3161 1732 δε
3220 1675 3570 1751 προστάσσων

1928 1778 2081 1834 οὐδὶν
2140 1777 2270 1846 ἤνυε
2300 1777 2467 1832 πλέον
2498 1780 2596 1829 τοῦ
2629 1773 2804 1829 δοκεῖν
2861 1776 3032 1847 κωφῷ
3084 1767 3446 1842 προλὲγεσθαι
3486 1764 3575 1817 καί

156 1874 249 1928 καί
309 1873 716 1950 ἀμφοτέρωθεν,
779 1867 838 1925 ἔκ
888 1892 946 1926 τε
1008 1872 1278 1946 βασιλέως
1323 1872 1546 1925 καὶτῶν
1581 1871 1819 1944 πασχόνο
1852 1901 1896 1965 Β
1925 1889 1985 1942 γε
2013 1867 2204 1944 τυφλῷ
2250 1871 2329 1938 τῷ
2358 1866 2536 1936 τούτῳ
2571 1863 2858 1929 διανεύειν,
2904 1861 2992 1914 καὶ
3022 1861 3057 1926 ἡ
3084 1856 3228 1911 αἰτία
3255 1858 3354 1923 τῆς
3384 1874 3578 1927 παραι-

213 1961 222 1965 -
363 1964 367 1965 ,
434 1959 456 1965 -.
509 1959 524 1965 λ
707 1961 718 1965 -
978 1961 985 1965 .
1245 1959 1257 1965 -
1337 1960 1344 1965 .
1520 1961 1530 1965 -
1623 1961 1634 1965 -
1757 1961 1767 1965 -
1981 1959 1990 1965 .
2227 1956 2239 1965 -
2353 1952 2366 1965 a
2461 1954 2471 1965 ρ
2706 1952 2717 1965 ν
2769 1952 2778 1965 ι
2908 1961 2921 1965 Α
3049 1952 3071 1959 -ι
3215 1944 3225 1958 ‘
3309 1942 3320 1960 ’
3408 1963 3418 1965 _
3441 1943 3524 1965 ,,_,‘,
3553 1963 3566 1965 _

154 1961 286 2032 τῶν,
351 1964 378 2015 ὁ
430 1959 604 2035 ὄχλος
661 1961 810 2032 αὖτῷ
842 1961 1178 2033 περιίστατο,
1240 1959 1446 2014 ἐκείνου
1481 1961 1571 2031 μὶν
1607 1961 1680 2020 ὡς
1709 1961 1807 2027 τὴν

153 2057 267 2105 τῶν
300 2052 514 2104 οἰκείων
548 2048 908 2110 ἀπολωλότος
942 2047 1174 2120 εὔνοιαν,
1233 2052 1339 2103 τῶν
1391 2047 1447 2103 δὲ
1477 2051 1562 2102 καὶ
1596 2047 1664 2102 δι’
1715 2048 1812 2102 αὐ-

154 2141 249 2194 τὸν
299 2139 626 2214 πασχόντων
682 2140 754 2210 μή
811 2137 980 2192 ἐῶντα
1028 2139 1092 2191 τὰ
1122 2135 1471 2212 πεπραγμένα
1516 2143 1595 2208 τῷ
1628 2137 1812 2212 χρόνῳ

160 2227 380 2299 μᾶλλον
413 2224 819 2302 ὑποχαλᾶσθαι.

156 2390 260 2450 κς’.
321 2387 401 2441 Τὰ
463 2385 599 2439 κατὰ
657 2386 744 2438 τὸν
810 2383 1111 2510 λογὶοθέτην
1170 2389 1267 2438 τοῦ
1321 2388 1533 2458 γενικοῦ
1591 2385 1809 2452 Μουζά-

947 2477 1073 2509 ωνα.

947 2477 1073 2509 ωνα.

233 2587 410 2638 Τοῦτο
470 2577 662 2651 ξυνέϐη
720 2581 809 2635 καὶ
869 2581 1063 2642 ἆΛλοις
1122 2579 1423 2649 πλείστοις,
1482 2574 1814 2652 ξυμϐεϐήκει

166 2801 398 2855 fructus
432 2799 613 2869 hujus
641 2795 792 2854 405
825 2798 1088 2868 obsequii
1125 2811 1238 2852 non
1273 2813 1486 2869 parvus
1545 2797 1630 2851 illi
1682 2812 1818 2852 con-

161 2890 339 2944 stitit.
374 2889 519 2943 Nam
557 2893 857 2958 utcunque
890 2899 1004 2942 non
1037 2887 1322 2958 probabat
1345 2888 1665 2958 imperator
1681 2902 1818 2942 con-

163 2977 517 3033 troversiam
549 2978 620 3032 de
650 2977 924 3047 dogmate
955 2976 1196 3042 moveri,
1229 2981 1285 3031 et
1313 2976 1372 3030 in
1397 2977 1558 3048 pacis
1586 2977 1818 3048 negotio

163 3067 422 3122 ulterius
454 3081 573 3120 rem
610 3065 845 3137 provehi
869 3081 1044 3136 quam
1066 3071 1370 3137 pactorum
1395 3071 1814 3121 conventorum

159 3171 299 3211 cum
333 3155 557 3210 Latinis
589 3155 831 3226 precise
861 3155 1215 3210 tuendorum
1251 3155 1570 3210 necessitas
1615 3171 1815 3226 posce-

1924 1942 2134 2026 τήσεως
2186 1956 2283 2009 οὐκ
2339 1952 2602 2029 ἠγνόητο,
2661 1952 2848 2006 αὐτίκα
2903 1952 3077 2020 θυμοῦ
3134 1944 3255 2019 πρῗν
3305 1942 3566 2016 ἐγκρατὴς

1922 2043 1994 2098 ὥν
2026 2047 2223 2114 ἠττᾶτς
2275 2043 2417 2110 τότε,
2476 2043 2564 2096 καὶ
2621 2046 2701 2112 τῷ
2740 2038 2959 2115 ἀδελφῴ
3008 2034 3326 2110 προστάξας,
3387 2033 3444 2084 ὃν
3477 2029 3567 2084 καὶ

1922 2134 2008 2188 ἐπὶ
2087 2139 2194 2187 τῶν
2271 2133 2583 2205 εἰσαγωγῶν
2664 2131 2829 2203 εἶχεν,
2893 2126 3096 2180 ἑκείνου
3161 2121 3569 2194 μεσιτεύσαντος

1921 2227 2017 2292 τήν
2099 2223 2394 2294 ὑπηρεσίαν
2470 2220 2687 2284 πολλὰς
2761 2219 2850 2272 καὶ
2910 2217 3125 2291 βαρείας
3197 2213 3433 2282 ἐντείνει,
3496 2211 3570 2270 ὡς

1926 2311 2068 2385 μηδὶ
2119 2316 2214 2381 τήν
2275 2312 2324 2366 ἒν
2387 2312 2543 2384 χερσὶ
2609 2312 2904 2382 βακτηριαν
2934 2309 3176 2378 συνεχῶς
3222 2300 3567 2370 πλγςττουσαν

1920 2407 1997 2472 τῷ
2038 2405 2154 2455 κατ’
2198 2400 2399 2455 ἐκείνου
2455 2397 2717 2474 βασιλείῳ
2773 2399 2928 2468 Ουμῷ
2981 2393 3222 2467 ἀρκὲσαι,
3283 2388 3427 2444 ἀλλὰ
3479 2389 3568 2441 καὶ

1920 2493 2118 2562 ταύτης
2180 2491 2513 2560 ἀπειπούσης
2697 2486 2913 2560 Θραῦσει
2973 2483 3149 2552 ἀλλην
3200 2481 3571 2556 παραληςρθῆ-

1920 2602 2030 2648 ναι,
2083 2581 2144 2636 τὸ
2177 2580 2382 2649 ἐκείνης
2416 2573 2571 2653 ἔργον
2600 2576 3122 2650 ἀναπληρώσουσαν.
3187 2569 3346 2628 Ἀλλ’
3379 2569 3475 2622 οὐκ
3505 2568 3570 2635 ἦν

2196 2801 2285 2853 26.
2318 2805 2399 2855 De
2423 2797 2701 2870 (agat/ccta
2731 2796 2990 2869 generali
3021 2791 3338 2850 Muwlone.

2000 2888 2080 2942 Ex
2139 2888 2251 2958 his,
2321 2895 2526 2958 preter
2603 2886 2748 2940 alios
2823 2882 3106 2955 plurimus
3175 2877 3573 2934 stomachatus

1929 2977 1986 3031 in
2020 2978 2273 3032 Veccum
2305 2992 2417 3032 non
2451 2977 2715 3048 impune,
2749 2976 2862 3030 duo
2894 2990 3007 3045 prae
3049 2969 3271 3025 caeteris
3317 2969 3578 3030 fuerunt,

1929 3070 2349 3122 Constantinus
2414 3065 2740 3136 Acropolita
2806 3069 2862 3118 et
2928 3061 3272 3116 Theodorus
3327 3055 3576 3124 Muzalo,

1929 3170 2199 3228 quorum,
2257 3155 2577 3228 praesertim
2653 3152 2995 3217 Muzalonis,
3045 3165 3218 3204 casus
3293 3145 3386 3199 hic
3453 3161 3575 3198 me-

157 3251 273 3314 ret,
332 3260 563 3299 summa
633 3244 890 3315 perstitit
939 3245 1271 3299 constantia
1331 3245 1387 3298 in
1458 3231 1891 3315 protegendoC
1933 3246 2146 3300 morari
2205 3263 2318 3300 non
2381 3247 2485 3300 abs
2545 3260 2604 3298 re
2660 3243 2867 3313 Opinor
2943 3239 3139 3294 fuerit.
3205 3236 3424 3290 Horum
3503 3233 3576 3285 il-

154 3338 370 3398 Vecco,
403 3347 601 3403 quem,
628 3337 692 3386 ut
713 3333 854 3399 dixi,
879 3331 1123 3402 publicas
1183 3335 1401 3404 passim
1432 3333 1817 3404 querelantra-

153 3423 458 3477 ducebant
490 3421 658 3492 quasi
696 3421 915 3476 fontem
941 3427 1120 3492 atque
1163 3428 1459 3477 auctorem
1515 3423 1820 3492 perturba-

155 3517 396 3567 tionum
435 3512 837 3582 praesentium,
865 3512 1081 3566 idcirco
1115 3513 1269 3583 quod
1306 3513 1461 3566 haud
1513 3518 1822 3568 contentus

157 3609 464 3670 utcunque
497 3599 730 3654 tolerari
781 3601 1174 3671 usurparique
1231 3602 1632 3665 concordiam,
1681 3617 1820 3658 con-

153 3691 429 3746 tenderet
461 3690 704 3761 insuper
729 3690 1135 3745 demonstrare
1169 3693 1320 3745 recte
1344 3692 1561 3746 sentire
1586 3692 1822 3748 Latinus

152 3781 213 3834 in
254 3781 533 3851 dogmate
563 3779 636 3834 de
663 3780 1036 3850 processione
1079 3781 1268 3835 sancti
1314 3782 1591 3852 Spiritus,
1637 3798 1700 3836 ac
1731 3782 1823 3836 vix

154 3869 402 3940 culpam
435 3881 635 3924 eorum
670 3868 850 3922 levem
882 3876 1222 3940 agnosceret
1260 3871 1541 3925 duntaxat
1569 3872 1623 3925 in
1658 3872 1821 3926 addi-

151 3961 323 4014 tione
359 3958 431 4012 ad
465 3955 799 4028 symbolum
834 3960 1195 4014 attentanda.
1231 3963 1348 4014 Hac
1402 3960 1824 4015 incredibiliter

153 4047 492 4104 efferabant
525 4046 940 4117 plerarumque
975 4048 1223 4103 animos.
1257 4049 1584 4120 Opinioque
1615 4050 1825 4105 multo-

157 4153 301 4192 rum
341 4152 456 4190 non
491 4135 892 4191 inverisimilis
925 4136 1054 4201 fuit,
1089 4137 1135 4191 si
1170 4136 1240 4192 ab
1292 4137 1382 4192 his
1411 4136 1636 4193 Veccus
1676 4145 1820 4194 tem-

149 4229 452 4298 perasset,
484 4225 754 4279 futurum
779 4225 961 4280 fuisse
985 4231 1048 4280 ut
1071 4232 1284 4281 sensim
1328 4227 1825 4283 fervor.schisma-

1928 3335 2051 3389 lum
2087 3335 2320 3405 quidem
2375 3351 2405 3388 a
2438 3339 2602 3404 patre
2653 3347 2865 3403 magno
2905 3329 3209 3399 logotheta
3266 3329 3570 3392 acceptum

1926 3425 2203 3479 educarat
2261 3425 2413 3495 apud
2459 3440 2520 3478 se
2567 3420 2991 3490 iuformarique
3050 3416 3289 3488 optimis
3341 3413 3572 3467 artibus

1927 3521 2156 3568 curarat
2214 3514 2554 3584 imperator,
2603 3511 2834 3582 sibique
2906 3513 3028 3577 jam
3114 3505 3320 3558 intime
3369 3503 3571 3556 admu-

1927 3609 2050 3657 tum
2088 3603 2240 3657 496
2284 3602 2341 3656 in
2393 3599 2876 3655 familiarissimis
2911 3598 3177 3651 habebat.
3226 3594 3391 3647 Hunc
3441 3605 3572 3644 vero

1928 3694 2176 3748 ascitum
2236 3710 2303 3746 ex
2364 3691 2600 3745 militari
2673 3690 2900 3751 ordine,
2975 3693 3030 3740 et
3082 3683 3293 3738 litteris
3339 3698 3403 3735 ac
3452 3680 3572 3734 dis-

1926 3781 2155 3853 ciplinis
2178 3794 2283 3836 suo
2315 3786 2554 3852 sumptu
2582 3782 2818 3850 jussum
2842 3776 3050 3841 imbui,
3081 3773 3385 3843 logothetze
3408 3785 3576 3839 gene-

1928 3873 2064 3927 ralis
2086 3872 2371 3942 dignitate
2390 3867 3125 3935 honoraverat;eodemque
3143 3868 3312 3916 aucto
3335 3862 3576 3928 insuper

1925 3962 1982 4015 in
2020 3961 2336 4034 potentiam
2391 3958 2669 4014 amnilate
2713 3955 3020 4027 splendida
3069 3953 3225 4022 (nam
3275 3949 3358 4003 illi
3391 3948 3572 4002 tiliam

1927 4050 2315 4106 Cantacuzeni
2365 4050 2527 4102 dedit
2579 4047 2911 4117 conjugem)
2960 4039 3266 4114 principali
3301 4038 3570 4092 ministro

1927 4140 1984 4194 in
2020 4140 2386 4211 publicarum
2414 4153 2604 4192 rerum
2632 4134 3054 4204 gubernatione
3078 4132 3369 4192 utebatur,
3399 4131 3572 4196 atque

1927 4230 1985 4283 in
2014 4228 2333 4299 Acropolita
2357 4229 2595 4300 quidem
2639 4225 2972 4281 ulciscendo
3013 4222 3159 4275 iram
3194 4219 3252 4272 in
3287 4219 3574 4289 potestate

142 4317 226 4370 tis
265 4317 716 4370 consenesceret
746 4315 1033 4381 etfcuncta
1054 4319 1313 4385 tempore
1334 4317 1404 4370 ad
1432 4317 1824 4387 tranquillita-
1929 4335 2097 4374 suam
2149 4319 2376 4378 habuit,
2433 4334 2548 4372 non
2605 4314 2854 4370 ulterius
2904 4311 3147 4366 saeviens
3205 4323 3383 4378 quam
3436 4320 3573 4359 eum

143 4412 276 4461 tem
315 4407 842 4476 componerentur.
903 4404 1047 4459 Cum
1082 4406 1263 4475 igitur
1309 4421 1374 4460 ex
1409 4405 1500 4461 bis
1549 4407 1711 4462 ﬁeret
1759 4411 1825 4462 ut
1929 4407 2208 4480 privando
2259 4406 2384 4461 loco
2433 4405 2631 4475 gratia;
2679 4418 2852 4474 quem
2909 4399 3070 4471 prius
3114 4397 3400 4452 tribuerat
3456 4398 3513 4448 et
3543 4410 3577 4447 a

143 4493 433 4565 quotidie
475 4491 809 4546 fervidiores
861 4493 1099 4563 quidam
1146 4494 1266 4548 zelo
1315 4494 1648 4551 inconsulto
1685 4511 1820 4566 pro-
1931 4512 2034 4551 sua
2067 4496 2460 4550 familiaritate
2492 4493 2878 4549 removendo:
2924 4492 2982 4544 in
3015 4488 3370 4542 Muzalonem
3423 4488 3578 4538 totas

139 4586 512 4654 rumperent
553 4583 623 4635 ad
659 4582 988 4651 negandam
1041 4582 1380 4652 imperatori
1429 4584 1818 4639 obedientiam
1853 4588 1899 4651 D
1935 4587 2194 4641 habenas
2227 4585 2543 4640 iracundia:
2574 4582 2807 4636 laxavit.
2841 4581 2983 4635 Cum
3033 4577 3187 4632 enim
3241 4589 3374 4630 eum
3407 4589 3575 4627 occa-

147 4675 213 4728 in
266 4672 349 4726 iis
399 4687 528 4742 quas
581 4670 650 4724 ad
707 4671 1131 4726 observandam
1184 4688 1384 4744 pacem
1432 4674 1597 4743 juxta
1649 4679 1816 4744 pacta
1928 4677 2088 4732 sione
2149 4677 2292 4729 forte
2352 4676 2609 4729 instante
2665 4670 2936 4724 mittendi
3011 4666 3233 4735 legatos
3304 4668 3573 4728 Romam,

138 4759 605 4835 prmacribebat,
636 4759 930 4830 iidemque
965 4760 1357 4831 patriarcham
1399 4763 1710 4834 transfugii
1747 4765 1818 4818 ad
1930 4765 2291 4836 explorandi,
2327 4768 2389 4817 ut
2427 4763 2654 4832 opinor,
2687 4762 2815 4829 ejus
2864 4757 3041 4813 animi
3085 4754 3274 4825 gratia
3327 4769 3440 4822 praa
3471 4767 3578 4805 caa-

140 4856 367 4924 partes
402 4847 737 4903 Latinarum
789 4849 1265 4917 criminarentur,
1309 4851 1628 4922 imperator
1677 4870 1816 4907 con-
1929 4855 2070 4910 teris
2102 4855 2410 4908 invitasset
2441 4854 2510 4906 ad
2534 4853 2705 4905 istam
2735 4849 3082 4919 legationem
3107 4842 3573 4912 suscipiendam,

132 4938 342 4997 temni
381 4951 444 4992 se
477 4936 877 4992 inobedientia
907 4937 1285 4992 subditorum
1317 4940 1642 5010 patientius
1674 4942 1820 4996 tule»
1929 4950 1984 5000 et
2043 4944 2139 4999 ille
2200 4949 2433 5014 propter
2483 4941 2754 4996 videlicet
2795 4938 3074 4993 omnibus
3123 4938 3318 4990 notam
3368 4933 3498 5001 ejus
3542 4948 3575 4986 a

131 5028 410 5094 rans,ita
431 5025 847 5080 exardescebat
867 5041 969 5097 pro
990 5028 1323 5097 patriarcha
1343 5032 1406 5083 ut
1427 5029 1574 5084 istas
1601 5031 1658 5084 in
1684 5047 1816 5085 eum
1932 5035 2150 5089 Latinis
2181 5038 2236 5089 et
2269 5051 2301 5089 a
2335 5034 2643 5089 concordia
2674 5046 2806 5086 cum
2857 5028 3004 5100 ipsis
3054 5025 3414 5080 eversionem
3467 5023 3572 5075 ad-

127 5123 416 5191 jactatas
443 5115 851 5170 acuuaationes
887 5121 1072 5171 morte
1106 5119 1273 5189 pejus
1316 5121 1565 5173 aversari
1591 5120 1816 5175 videred
1927 5125 2156 5180 mittere
2190 5125 2486 5196 praefracte
2513 5126 2863 5188 recusasset,
2890 5135 2956 5174 ac
2983 5135 3054 5174 ne
3077 5117 3304 5174 iteratis
3332 5115 3570 5186 quidem

133 5217 260 5264 tur.
301 5211 456 5261 Cum
493 5209 688 5259 autem
721 5205 831 5259 hoc
863 5205 1101 5260 nomine
1131 5207 1507 5262 vehementer
1542 5208 1818 5265 irascere-
1928 5215 2080 5286 apud
2113 5216 2310 5285 ipsum
2343 5215 2413 5268 de
2444 5213 2553 5268 hoc
2583 5211 2880 5266 instaniiis
2921 5210 3052 5281 plus
3086 5208 3427 5280 profecisset
3460 5205 3571 5258 im-

129 5306 234 5353 tur
279 5294 526 5351 cunctis
576 5309 644 5348 ex
683 5307 1038 5364 quocunque
1087 5296 1288 5350 ordine
1340 5313 1403 5351 ac
1445 5313 1678 5368 genere,
1714 5298 1815 5370 qui
1926 5308 2159 5374 perator
2187 5321 2363 5374 quam
2395 5305 2442 5357 si
2477 5303 2654 5357 surdo
2679 5305 2911 5356 caneret
2940 5305 3043 5354 aut
3082 5299 3348 5352 innueret
3396 5310 3571 5362 caeco,

129 5390 287 5444 talia
313 5385 1814 5456 murmurarent,tumimpotentissimeindignaba-
1928 5394 1995 5447 ad
2058 5399 2379 5448 extremum
2433 5393 2589 5447 omni
2650 5395 2896 5446 excussa
2946 5388 3123 5460 priori
3176 5386 3570 5441 moderatione

131 5488 241 5534 tur
273 5475 525 5548 quoties
555 5474 611 5527 id
667 5472 796 5527 illos
842 5490 1008 5542 agere
1057 5475 1307 5540 videbat,
1343 5493 1489 5546 quos
1533 5478 1816 5535 charitate
1925 5485 2373 5545 excandescens,
2406 5483 2638 5536 fratrem
2666 5483 2996 5550 ejus,quem
3027 5477 3136 5531 sibi
3181 5474 3568 5530 admissiona-

127 5569 460 5644 praecipua
481 5564 822 5635 complexus
862 5565 1172 5621 educasset
1197 5584 1230 5621 a
1261 5567 1478 5637 pueris,
1513 5569 1817 5626 extulisset
1926 5572 2036 5627 lem
2070 5573 2253 5643 ipsius
2286 5572 2792 5627 commendatione
2818 5570 3052 5633 iecerat,
3085 5567 3330 5621 accitum
3379 5567 3564 5619 corri-

130 5655 515 5718 bonoribus,
549 5654 796 5724 ideoque
828 5654 896 5707 ad
932 5654 1167 5724 quidvis
1215 5656 1326 5710 sibi
1368 5659 1810 5728 obsequendum
1924 5679 2056 5735 pere
2082 5664 2293 5718 fustem
2320 5665 2490 5734 jubet
2512 5679 2804 5733 suumque
2825 5673 3167 5733 germanum
3200 5654 3566 5712 validissime

127 5746 508 5824 ingentibus
534 5743 646 5800 sibi
676 5749 1008 5800 auctoratos
1044 5746 1341 5803 beneficiis
1373 5749 1647 5804 crederet.
1923 5752 2176 5824 pulsare.
2213 5754 2367 5809 Fecit
2410 5753 2466 5808 id
2517 5752 2613 5812 ille
2659 5772 2772 5814 non
2823 5761 3235 5834 perfunctorie,
3267 5748 3564 5828 spectatum
