4210 6448
226 450 322 505 961

1274 444 1373 497 DE
1408 440 1781 497 MICHABLE
1815 442 2259 501 PALEOLOGO
2295 448 2426 501 LIB.
2471 450 2567 501 VI.

3512 448 3619 504 962

226 572 577 648 στραφήσιται
643 566 781 642 πρὸς
834 567 899 620 τὰ
953 564 1209 639 πρότερα·
1271 558 1598 630 σεϐασθῆναι
1659 559 1725 648 δὶ-
1770 558 1862 648 καὶ
1892 568 1943 634 Α
1979 563 2245 637 βατιλέως
2301 566 2499 623 ἐκεῖθεν
2552 566 2853 640 ἀπάραντος
2912 568 3074 630 αὐτὸς
3130 568 3196 637 ἦν
3243 570 3352 623 ἀντ’
3412 570 3618 626 ἐκείνου

222 646 502 735 τὸνσνχῆμα
536 662 616 728 τῷ
648 654 883 729 βασιλεῖ,
918 654 1053 709 ὥστε
1101 649 1463 725 ἀποδέχεσθαι
1512 650 1603 705 τὸν
1648 646 1860 705 ἐνδεδυ-

225 750 351 805 κότα
381 750 458 820 μή
488 750 772 821 τιμωρεῖν.
803 747 984 801 Ταῦτα
1034 742 1205 817 λὲγων
1253 743 1389 816 πρὸς
1422 739 1627 793 ἐκεῖνον
1663 740 1692 793 ὁ
1724 744 1860 809 [Iope

224 839 618 913 φυρογέννητος
654 881 669 906 ,
746 833 836 888 καὶ
898 830 1107 907 βουλὴν
1162 830 1393 903 εὶσάγων
1447 829 1546 896 τήν
1601 826 1859 881 δοκοῦσαν

222 926 500 992 συνοίσειν,
536 923 709 995 δῆλος
745 924 811 993 ἦν
871 920 1129 977 άποΑύων
1191 921 1270 987 ίΡ.
1331 920 1460 990 340]
1516 915 1865 991 ἐγκλήματος

221 1017 401 1072 ἑαυτὸν
424 1017 487 1069 τὸ
536 1014 721 1088 μὲρος,
776 1012 822 1066 εἰ
875 1013 948 1083 μὴ
994 1014 1167 1063 ποιῶν
1215 1004 1537 1063 κινδυνεύοι·
1588 1008 1649 1061 τὸ
1677 1007 1778 1082 γάρ
1811 1006 1860 1078 ἐξ

222 1105 379 1159 αὐτοῦ
420 1105 545 1157 ὅσον
594 1103 661 1170 ἦν
726 1102 942 1174 βοηθεῖν
1003 1096 1246 1163 δυνατὸν,
1305 1096 1641 1169 πεπρᾶχθαι.
1683 1102 1861 1149 Κοτα-

220 1193 362 1266 νίτζῃ
400 1194 493 1264 μὲν
527 1193 617 1246 οὖν
668 1190 757 1244 καὶ
801 1192 882 1259 τῷ
929 1182 1165 1262 γαμϐρῷ
1211 1183 1499 1258 Τορνικίου
1547 1183 1861 1255 ἐπηρτημέ-

221 1303 305 1336 νον
334 1284 427 1336 τὸν
457 1278 707 1335 κίνδυνον
761 1277 1020 1353 βλέποντι
1071 1274 1271 1349 ἀγαθὸν
1322 1270 1497 1327 ἐδόκει
1535 1273 1597 1326 τὸ
1631 1272 1862 1347 βούλευ-

225 1392 313 1444 μα,
343 1370 543 1441 καὶτῷ
580 1366 933 1429 ϐουλεύσαντι
968 1372 1172 1440 χρῆται
1209 1364 1402 1436 μεσίτῃ
1451 1362 1585 1432 πρὸς
1636 1361 1861 1435 βασιλέα

222 1459 294 1537 ίφ⁹
327 1460 375 1532 ᾧ
402 1460 497 1514 τὸν
529 1458 770 1531 μοναχὸν
806 1452 1117 1521 ὑπενδῦναι,
1148 1453 1353 1524 κόσμον
1405 1450 1494 1505 καὶ
1537 1451 1605 1505 τὰ
1651 1450 1861 1523 κόσμου

220 1551 426 1625 χαίρειν
487 1547 660 1610 ἐάσας.
719 1547 808 1607 Ὡς
855 1543 901 1598 δ’
951 1543 1202 1616 ἀπῄτητο
1260 1542 1346 1595 καὶ
1406 1538 1534 1594 αὐτὸ
1562 1540 1626 1593 τὸ
1652 1537 1862 1594 τίλειον

221 1645 410 1713 σχῆμα
465 1631 764 1709 λαμϐάνειν
822 1634 913 1689 καί
964 1633 1239 1687 κατένευεν
1301 1628 1511 1698 αὐτίκα,
1569 1627 1862 1692 ἀπολυθεὶς

221 1726 450 1782 τελεῖται
480 1726 546 1780 τὰ
581 1728 863 1799 μοναχῶν,
908 1722 997 1777 καὶ
1048 1724 1076 1775 ὁ
1125 1721 1255 1795 χθὶς
1304 1716 1580 1792 λῃστεύων
1631 1718 1862 1794 σώφρων

224 1817 424 1889 ἑωρᾶτο
456 1813 545 1869 καὶ
576 1817 797 1879 ἄκακος,
829 1809 974 1879 πλὴν
1005 1809 1065 1863 οὐ
1095 1812 1164 1873 τῆ
1206 1814 1306 1876 τῆς
1350 1811 1532 1880 ψυχῆς
1584 1806 1857 1880 προθέσει,

223 1903 359 1959 ἀλλά
419 1903 571 1975 μόνῳ
625 1906 704 1973 τῷ
761 1900 1094 1977 φαινομένῳ’
1149 1898 1178 1951 ὁ
1218 1897 1319 1971 γάρ
1382 1893 1860 1967 μεμεριμνημένος

222 1994 417 2054 σκοπὸς
473 1992 561 2046 ἐπὶ
617 1990 796 2061 τούτῳ
857 1990 947 2043 καὶ
1006 1987 1129 2042 λίαν
1186 1985 1351 2055 ἀπῆν,
1411 1985 1643 2059 ἀνάγκης
1685 1980 1741 2037 δὲ
1784 1984 1866 2057 ἄρ’

222 2083 456 2150 ὑπούσης
503 2083 566 2135 τὸ
608 2080 893 2154 γινόμενον
947 2074 1177 2139 ἀσθενές.
1232 2077 1318 2136 Ἐς
1364 2073 1566 2127 ὁπόσον
1627 2070 1685 2126 δὲ
1731 2072 1868 2127 κατὰ

214 2171 400 2226 τούτον
447 2164 683 2244 προέϐη,
735 2168 944 2228 ἐσαῦθις
992 2165 1242 2239 ἐροῦμεν,
1290 2165 1351 2219 Ὀ
1398 2165 1529 2236 γοῦν
1574 2166 1867 2237 Πορφυρο-

219 2262 474 2336 γέννητος
504 2259 592 2315 ἐπὶ
635 2257 848 2318 τούτοις
895 2256 1011 2309 κατ’
1060 2252 1328 2314 ἀνατολὰς
1378 2252 1600 2326 γίνεται,
1632 2251 1720 2303 καὶ
1768 2255 1863 2304 τοῦ

227 2499 331 2537 nus
360 2482 509 2537 citra
532 2478 772 2553 perjurii
807 2475 1128 2549 periculum
1167 2476 1383 2544 posset,
1413 2468 1594 2542 quieti
1617 2468 1865 2540 publicae

222 2569 547 2628 consulere.
574 2568 701 2623 Haec
723 2564 1067 2637 scrupulum
1105 2579 1219 2618 non
1251 2557 1860 2629 eximebantPorphy-

225 2660 506 2732 rogenito:
539 2656 641 2729 qui
670 2672 805 2711 cum
837 2656 908 2710 ob
940 2653 1249 2709 obﬁrmato
1280 2651 1339 2707 in
1371 2650 1425 2704 id
1477 2650 1631 2720 quod
1683 2646 1865 2704 semel

220 2750 555 2804 decreverat
568 2745 748 2818 patris
763 2744 961 2799 animo
978 2742 1432 2813 impetraturum
1452 2754 1513 2793 se
1540 2737 1862 2809 quidquam

221 2838 560 2908 desperaret
590 2832 978 2907 quantislibet
1009 2847 1112 2902 pro
1142 2833 1419 2901 suscepto
1440 2844 1548 2883 suo
1569 2827 1863 2899 precibus,

218 2926 267 2982 ei
296 2927 412 2997 ipsi
447 2925 739 2997 patefacta
768 2938 827 2977 re
886 2921 1075 2977 suasit
1121 2924 1203 2987 ut,
1258 2935 1384 2990 qua:
1434 2933 1551 2973 una
1607 2917 1866 2972 restabat

219 3016 437 3071 vitandi
470 3014 628 3070 exitii
660 3013 834 3077 ratio,
867 3010 1209 3081 confugeret
1238 3009 1307 3063 ad
1332 3005 1859 3077 montemNigrum,

217 3104 456 3177 illicque
488 3103 817 3160 monastico
845 3101 1049 3155 induto
1079 3099 1285 3155 habitu
1314 3097 1494 3152 vitam
1527 3095 1859 3168 religiosam

216 3195 609 3266 proﬁteretur.
645 3193 734 3248 Ita
762 3190 943 3246 videri
980 3190 1101 3244 fore
1131 3192 1197 3244 ut
1228 3202 1471 3243 securus
1502 3186 1573 3241 de
1625 3200 1692 3240 eo
1735 3186 1860 3255 jam

214 3288 515 3354 Augustus
532 3281 889 3338 voluntatem
902 3280 1031 3351 ejus
1043 3277 1230 3333 oculis
1246 3275 1507 3348 privandi
1524 3275 1861 3347 deponeret,

213 3373 428 3444 quippe
458 3376 519 3427 et
548 3369 809 3427 venerari
831 3384 963 3423 eum
984 3367 1041 3421 id
1060 3365 1311 3422 instituti
1335 3368 1605 3437 genus,et
1624 3380 1657 3419 a
1680 3361 1860 3418 semel

216 3461 551 3533 abjunctoa
582 3459 758 3514 rebus
789 3457 1064 3512 humanis
1107 3454 1274 3511 facile
1323 3453 1722 3509 inducendum
1782 3451 1859 3504 vi-

215 3552 329 3606 deri
359 3568 433 3606 ne
483 3548 862 3604 rebellionem
920 3552 977 3601 et
1032 3544 1234 3599 civiles
1290 3544 1495 3601 turbas
1552 3544 1861 3597 metueret.

213 3639 336 3695 Haec
358 3655 581 3713 parum
612 3637 851 3710 quidem
882 3635 953 3691 ad
977 3633 1529 3707 geniumCotanitzte
1554 3631 1862 3687 faciebant:

211 3733 404 3785 tamen
438 3729 626 3785 homo
652 3725 924 3781 solertior
947 3739 1123 3795 quam
1176 3722 1502 3794 religiosior
1560 3721 1864 3792 ingressus

214 3818 419 3874 intime
449 3819 515 3873 in
539 3832 745 3873 curam
777 3830 972 3870 rerum
997 3828 1236 3867 suarum
1258 3812 1341 3867 sic
1365 3815 1633 3882 reputare
1663 3825 1863 3865 secum

211 3907 439 3976 institit,
476 3905 643 3962 istud
678 3904 788 3959 sibi
821 3901 1004 3958 amice
1034 3908 1373 3973 suggestum
1408 3917 1441 3955 a
1474 3898 1867 3970 Porphyroge-

212 3996 327 4051 nito
357 3994 689 4052 consilium
726 3992 847 4048 fore
887 3990 969 4045 ilii
1004 3990 1155 4061 apud
1219 4004 1423 4043 omnes
1475 3987 1867 4043 excusationis

212 4085 427 4142 idonea:
461 4085 623 4152 loco,
659 4098 729 4138 ne
760 4080 1013 4153 perfidia;
1044 4079 1379 4151 culparetur
1405 4079 1478 4133 ob
1534 4076 1866 4133 excaecatio-

212 4190 341 4231 nem
373 4175 596 4245 dediti,
621 4172 714 4229 cui
745 4170 965 4227 scilicet
992 4170 1319 4225 avertenda
1381 4167 1524 4222 nihil
1573 4167 1872 4222 omisisset

213 4262 267 4319 in
295 4268 604 4338 potestate
639 4262 819 4318 situm
852 4276 961 4316 sua
996 4259 1145 4326 ;sibi
1168 4262 1361 4313 autem
1387 4256 1507 4327 uni,
1567 4258 1615 4311 si
1670 4271 1870 4328 parere

212 4350 495 4407 salutaria
528 4348 798 4406 monenti
828 4351 1116 4412 renueret,
1150 4345 1540 4400 calamitatem
1573 4345 1869 4415 imputan-

213 4440 337 4497 dam
369 4458 581 4498 suam.
619 4442 809 4506 Quare
840 4438 991 4493 λίοθ
1023 4452 1155 4491 cum
1204 4450 1450 4490 summa:
1491 4434 1569 4489 rei
1632 4433 1869 4489 rationi-

213 4531 314 4586 bus
342 4529 673 4587 subductis
702 4544 814 4583 non
845 4527 959 4581 alia
989 4525 1202 4581 certior
1230 4528 1534 4596 appareret
1562 4524 1655 4578 via
1687 4522 1870 4578 decli-

214 4621 411 4676 nanda:
444 4620 648 4693 pestis
680 4618 810 4689 ejus
840 4614 1086 4687 geminae
1135 4630 1262 4685 qua:
1301 4613 1587 4669 Joannem
1616 4612 1867 4667 Tornicii

1977 673 2235 730 μεταχειρ
2246 655 2259 708 ί
2266 662 2368 724 ζων
2400 659 2569 712 τάκεῖ.

1973 760 2079 828 κη’.
2136 762 2371 823 Θάνατος
2433 768 2534 831 τῆς
2602 760 2891 835 δεσπο-ίνης
2952 765 3173 835 ’Δννης,
3242 764 3445 819 καὶτὰ
3494 766 3620 820 τότε

2636 855 2697 887 συ
2706 830 2915 907 μϐάντα
2935 878 2947 890 .

2047 918 2205 974 Ἀλλ’
2238 920 2424 996 ὀλίγον
2456 923 2518 977 τὸ
2547 924 2764 995 μεταξὺ,
2803 924 2892 977 καὶ
2930 927 2963 993 ἡ
2999 922 3257 978 δέσποινα
3308 922 3402 996 μὲν
3453 929 3618 980 ”Αννα

1974 1005 2085 1061 ἐκεῖ
2110 1008 2335 1080 τελευτᾷ
2362 1013 2453 1065 τὸν
2507 1012 2646 1086 βίον.
2693 1010 3016 1087 ἀγγέλλεται
3052 1010 3109 1066 δὲ
3163 1016 3275 1085 μετ’
3324 1013 3511 1087 ὀλίγον
3541 1020 3619 1085 τῷ

1979 1096 2212 1170 βασιλεῖ.
2261 1100 2351 1153 καὶ
2406 1101 2464 1161 ’ὸς
2502 1100 2731 1175 προνοίᾳ
2754 1105 2851 1155 τοῦ
2886 1102 2961 1172 μὴ
3026 1103 3210 1173 μαθεῖν
3268 1104 3359 1157 τὸν
3416 1104 3530 1157 υἱόν
3562 1124 3618 1157 τε

1973 1187 2062 1239 καὶ
2097 1186 2342 1261 βασιλέα,
2383 1190 2457 1250 ὡς
2514 1188 2595 1243 ἐπ’
2652 1190 2974 1265 ἀπορρήτῳ,
3036 1188 3249 1246 στέλλει
3304 1193 3393 1245 τὸν
3454 1193 3617 1246 αὐτοῦ

1978 1276 2071 1346 μὲν
2104 1275 2509 1351 άρχιὸιάκονον,
2548 1281 2645 1347 τῆς
2700 1279 3026 1347 Ἐκκλησίας
3086 1278 3143 1333 δὲ
3199 1282 3614 1357 χαρτοφύλακα,

1971 1364 2063 1416 τὸν
2127 1362 2544 1436 Μελιτηνιώτην
2599 1371 3026 1435 Κωνσταντῐνον,
3086 1367 3165 1442 ἐφ’
3232 1369 3276 1439 ᾧ
3321 1370 3617 1441 μετακομί-

1977 1456 2083 1520 ζειν
2137 1454 2226 1507 τὸν
2284 1456 2490 1529 νεκρὸν,
2550 1458 2624 1518 ὡς
2674 1456 2865 1530 ἐχρῆν,
2922 1456 2998 1518 εἰς
3056 1456 3305 1513 Νίκαιαν.
3358 1460 3507 1529 ’Ἅμα
3562 1457 3620 1513 δὲ

1974 1541 2159 1613 καιρὸν
2222 1537 2405 1596 λαϐὼν
2476 1542 2715 1617 εὐπρεπῆ
2764 1549 2862 1598 τοῦ
2941 1544 3027 1598 τὸν
3082 1546 3620 1621 Πορφυρογὲννητον,

1975 1623 2330 1684 ἀποϐαὶόντα
2387 1628 2476 1685 διά
2520 1634 2582 1686 τὸ
2639 1633 2833 1696 πένθος
2892 1634 2959 1688 τά
3016 1633 3233 1708 ἐρυθρὰ,
3304 1637 3378 1706 μή
3435 1642 3618 1712 φορεῖν

1977 1713 2178 1772 ἄλλοτε
2235 1720 2653 1794 παρασκευάσαι,
2702 1720 3015 1795 εὐτρεπίσας
3069 1721 3358 1797 ἀλλόχροα
3408 1725 3475 1778 τὰ
3531 1725 3623 1779 σὺν

1977 1805 2157 1878 λευκῷ
2185 1816 2439 1883 πορφυρᾶ
2488 1816 2675 1885 χρυσῷ
2720 1809 3001 1880 ποικιλτὰ,
3046 1812 3134 1865 καὶ
3188 1809 3275 1865 διὰ
3326 1814 3617 1889 μαργάρων

1974 1896 2036 1949 τὸ
2072 1894 2353 1970 βασιλικὸν
2387 1900 2469 1970 [Ρ.
2503 1902 2628 1970 341]
2677 1905 2908 1971 σημιῖον
2940 1900 3067 1961 τοὺς
3112 1899 3298 1962 ἀετοὺς
3355 1904 3619 1976 περιθεὶς,

1975 1982 2065 2037 καί
2093 1989 2311 2059 πέμψας
2344 1984 2402 2041 ἐκ
2428 1988 2636 2042 τούτων
2690 1986 2889 2043 πὲδιλά
2942 2010 3001 2043 τε
3028 1988 3117 2042 καὶ
3154 1992 3379 2064 χαΛινά,
3438 1992 3615 2069 σφίσιν

1977 2074 2052 2135 ὡς
2106 2078 2456 2149 παρασήμοις
2504 2079 2593 2132 τὸν
2652 2079 2769 2133 υἱὸν
2828 2080 3186 2153 προσέταττεν
3220 2079 3621 2153 ἐμπομπεύειν,

1980 2162 2129 2235 μόνῳ
2175 2170 2283 2219 τῶν
2327 2165 2566 2241 ἐρυθρῶν
2619 2167 2877 2223 ἐκστάντα
2930 2173 3010 2239 τῷ
3047 2166 3281 2242 βασιλεῖ.
3340 2174 3517 2244 Σοφὸν
3563 2170 3621 2226 δὲ

1974 2251 2075 2324 ἄρα
2103 2254 2285 2308 καὶτὸ
2313 2260 2409 2309 τοῦ
2452 2261 2644 2330 καιροῦ
2674 2258 2764 2326 ἦν,
2809 2258 2883 2317 ὡς
2932 2258 3009 2328 μὴ
3062 2254 3207 2329 δόξαι
3256 2260 3324 2312 τά
3375 2260 3619 2333 ἐπισημα

1980 2472 2226 2543 proprias
2258 2483 2481 2529 aeterne
2548 2474 2755 2530 salutis
2814 2483 3080 2550 scopum‘.
3127 2480 3421 2535 Cotanitza
3470 2498 3613 2537 sane

1976 2575 2091 2613 non
2124 2562 2685 2631 spectabat,amoliri
2712 2565 3036 2635 periculum
3072 2567 3299 2623 instans
3324 2568 3430 2623 hoc
3451 2570 3626 2639 quasi

1976 2648 2157 2704 mimo
2190 2652 2540 2721 poenitentiae
2574 2657 2924 2709 contentust
2957 2672 3027 2711 ex
3066 2673 3180 2727 quo
3215 2657 3350 2728 quid
3410 2673 3613 2713 conse-

1972 2741 2172 2792 cutum
2206 2738 2458 2811 denique
2482 2741 2579 2807 sit,
2615 2758 2721 2797 suo
2754 2743 3073 2799 referemus
3122 2744 3266 2800 loco.
3328 2746 3448 2801 Sub
3498 2746 3619 2803 haec

1973 2840 2146 2897 porro
2172 2828 2705 2901 Porphyrogenitus
2736 2830 2795 2886 in
2829 2831 3123 2889 Orientem
3152 2838 3241 2889 est
3302 2835 3616 2906 profectus,

1972 2916 2177 2985 patris,
2217 2916 2315 2987 qui
2348 2917 2521 2989 paulo
2554 2924 2687 2974 ante
2717 2920 2854 2977 inde
2884 2928 3225 2990 recesserat,
3286 2924 3440 2980 vices
3490 2926 3615 2980 obi-

1970 3007 2162 3074 turus,
2192 3007 2597 3061 sustentandis
2628 3013 2799 3078 prout
2821 3016 3036 3082 posset,
3086 3011 3205 3067 illic
3261 3011 3319 3066 in
3382 3013 3606 3069 ruinam

1971 3092 2175 3163 pronis
2203 3095 2378 3150 rebus
2411 3095 2668 3167 imperii.

2038 3239 2128 3294 28.
2162 3240 2297 3296 Mors
2326 3240 2569 3299 dominae
2596 3242 2788 3298 Annae:
2818 3252 2869 3298 et
2899 3259 3025 3315 quae
3051 3250 3184 3302 tunc
3232 3250 3601 3318 contigerunt.

1892 3324 1936 3391 α
2044 3362 2167 3418 Non
2198 3362 2373 3435 longo
2405 3368 2534 3436 post
2565 3364 2687 3421 haec
2717 3365 3019 3422 intervallo
3059 3368 3299 3425 domina
3328 3373 3493 3426 Anna
3523 3372 3613 3426 vi-

1975 3455 2045 3506 tae
2080 3451 2252 3507 linem
2278 3452 2497 3507 invenit
2546 3452 2664 3508 illic
2717 3454 2814 3509 ubi
2860 3471 2989 3511 eam
3044 3456 3283 3514 haesisse
3330 3459 3613 3529 diximus,

1974 3541 2096 3595 viro
2124 3556 2189 3595 ex
2224 3540 2461 3596 Oriente
2493 3558 2722 3597 reverso
2754 3542 2811 3598 in
2845 3544 3066 3600 urbem.
3132 3545 3394 3603 Perlatus
3456 3548 3613 3604 brevi

1978 3630 2047 3684 ad
2083 3629 2491 3697 imperatorem
2509 3634 2597 3685 est
2626 3632 2755 3702 ejus
2769 3633 2957 3687 acerbi
2974 3650 3146 3690 casus
3162 3636 3608 3707 nuntius,quem

1979 3718 2031 3773 is
2052 3734 2403 3790 magnOpere
2436 3719 2638 3775 haberi
2682 3722 2908 3777 studuit
2965 3738 3268 3793 arcanum,
3321 3741 3393 3781 ne
3440 3725 3617 3783 citius

1979 3823 2157 3879 quam
2187 3825 2335 3880 opus
2362 3814 2519 3864 esset
2550 3810 2874 3878 perveniret
2906 3813 2975 3865 ad
3028 3812 3295 3869 notitiam
3353 3814 3617 3871 Junioris

1980 3898 2245 3967 Augusti,
2274 3896 2376 3952 tali
2410 3904 2594 3953 morte
2626 3898 2974 3955 charissima
3005 3917 3181 3957 uxore
3210 3902 3620 3960 viduati.Misit

1976 4000 2112 4056 ergo
2144 3987 2449 4041 confestim
2477 3987 2533 4041 in
2567 3986 2877 4057 Orientem,
2919 3988 3106 4045 celata
3149 3991 3457 4063 diligenter
3479 3994 3618 4048 mit-

1978 4074 2159 4144 tendi,
2182 4075 2776 4141 causa,Melitenioten
2799 4077 3247 4133 Constantinum
3281 4097 3452 4135 suum
3483 4080 3620 4152 qui-

1980 4165 2134 4231 dem,
2173 4165 2280 4219 boc
2309 4170 2397 4219 est
2427 4163 2672 4236 palatini
2703 4166 2865 4229 cleri,
2896 4167 3385 4233 archidiaconum,
3437 4170 3618 4225 eccle-

1978 4254 2077 4308 size
2107 4269 2241 4309 vero
2262 4253 2793 4325 cbartophylacem,
2827 4260 2890 4310 ut
2913 4256 3157 4311 cadaver
3184 4258 3469 4313 defunctas
3490 4276 3622 4330 por-

1979 4342 2092 4397 tari
2124 4342 2195 4397 de
2228 4359 2387 4397 more
2417 4342 2666 4398 Nicaeam
2698 4348 2947 4398 curaret.
2991 4343 3179 4399 Simul
3225 4346 3401 4401 etiam
3453 4363 3623 4401 occa-

1980 4434 2204 4489 sionem
2237 4451 2299 4488 se
2338 4436 2711 4488 commodum
2747 4435 3084 4489 ollareutem
3124 4438 3439 4505 prudenter
3467 4439 3622 4494 σου

1979 4525 2229 4595 arripuit
2251 4524 2545 4596 redigendi
2580 4525 2647 4578 ad
2669 4525 3107 4580 convenientem
3142 4528 3418 4599 deinceps
3448 4545 3619 4583 orna-

1982 4617 2108 4668 tum
2144 4613 2622 4686 Porphyrogeniti
2657 4613 3025 4669 Constantini
3062 4616 3307 4670 minoris
3341 4617 3429 4672 sui
3465 4618 3569 4671 filii
3604 4637 3617 4685 ;

208 4725 489 4781 generum
529 4724 731 4779 nuper
761 4709 1157 4777 oppresserat,
1192 4707 1446 4759 mentem
1478 4704 1545 4757 ad
1609 4718 1870 4757 necessa-
1898 4699 1945 4765 D
1976 4704 2067 4757 cui
2103 4702 2255 4773 quod
2283 4701 2566 4757 hactenus
2598 4702 2948 4768 indulserat,
2996 4710 3060 4758 ut
3110 4705 3303 4760 rubris
3360 4707 3623 4761 vestibus

213 4799 357 4855 rium
404 4797 744 4855 consilium
801 4794 1103 4867 appetens,
1162 4792 1289 4863 ipso
1376 4792 1872 4864 Porphyrogenito

211 4887 531 4961 interprete
556 4886 798 4941 veniam
853 4885 926 4939 ab
970 4884 1235 4954 Augusto
1293 4880 1542 4936 abstulit
1590 4881 1871 4952 sequendi

212 4979 358 5048 quod
382 4976 850 5035 ostendebatur.
882 4977 1147 5043 Cumque
1168 4971 1413 5042 petitum
1441 4970 1512 5024 ab
1539 4969 1668 5041 ipso
1716 4973 1874 5025 esset

214 5073 272 5123 ut
298 5068 499 5140 ipsum
528 5064 815 5122 habitum
850 5060 1233 5134 professionis
1277 5058 1406 5114 vita
1466 5058 1730 5129 perfecte
1790 5059 1874 5114 in-

213 5156 390 5213 dicem
416 5160 723 5221 sumeret,
760 5150 959 5207 statim
992 5150 1220 5220 annuit,
1243 5153 1301 5204 et
1331 5148 1553 5203 mundo
1601 5148 1729 5204 vale
1783 5148 1871 5203 di-

214 5263 340 5305 cens
360 5249 419 5304 in
452 5259 707 5304 sacram
738 5258 802 5297 se
830 5238 1209 5310 transcripsit
1238 5237 1531 5306 militiam,
1552 5237 1873 5293 mutatione

215 5336 351 5394 mira
395 5355 469 5394 ex
532 5336 826 5397 hesterno
886 5327 1476 5385 latrone~hodiernus
1522 5326 1871 5397 monachus,

214 5426 557 5485 innocentia
592 5439 668 5479 ac
702 5417 1107 5491 temperantia
1154 5416 1327 5471 modo
1383 5417 1647 5484 studens,
1703 5415 1873 5490 longe

214 5517 371 5573 aliter
420 5518 627 5572 vivere
683 5525 877 5581 nuper
925 5510 1220 5563 assuetus.
1273 5506 1391 5561 Sed
1434 5522 1635 5562 verum
1714 5507 1874 5562 intus

216 5610 575 5683 propositum
610 5604 692 5661 ad
729 5605 914 5658 ratam
944 5598 1287 5670 religionem
1348 5598 1747 5654 necessarium
1798 5599 1871 5655 si-

214 5699 468 5756 mulatori
498 5695 724 5754 deerat
750 5690 972 5747 animo.
1010 5687 1301 5743 Nimirum
1335 5703 1511 5759 quem
1545 5685 1761 5743 intueri
1783 5704 1873 5744 so-

213 5786 440 5864 lentqui
490 5787 725 5861 sponte
772 5780 922 5835 ﬂuat
981 5776 1277 5843 monachi,
1340 5775 1525 5831 divini
1573 5778 1769 5834 cultus
1816 5783 1875 5833 et

1980 4793 2276 4862 etiamque
2307 4789 2517 4846 calceis
2552 4790 2822 4845 similiter
2843 4793 3155 4863 utqueipse
3187 4798 3622 4861 uteretur,tem-

1983 4878 2271 4950 pestivum
2301 4876 2558 4949 amplius
2590 4894 2701 4933 non
2736 4879 3084 4944 erat,adulto
3115 4885 3170 4935 et
3199 4882 3268 4935 ad
3305 4882 3623 4953 imperato-

1983 4968 2130 5023 riam
2144 4971 2341 5023 evecto
2367 4966 2711 5038 dignitatem
2728 4966 3119 5039 primogenita
3136 4969 3622 5039 ejusAndronico:

1984 5061 2252 5129 poterant
2279 5056 2434 5112 enim
2469 5054 2944 5112 aemulationeset
2963 5058 3290 5114 ambitiosae
3324 5077 3457 5131 spes
3488 5061 3623 5117 inde

1984 5152 2131 5202 natae
2162 5147 2371 5201 fratres
2400 5144 2791 5212 committere,
2823 5163 2957 5201 cum
3014 5149 3453 5219 perturbatione
3510 5168 3623 5223 pu-

1983 5236 2147 5292 blica;
2169 5232 2641 5307 tranquillitatis.
2715 5234 2783 5291 Ut
2830 5233 3032 5306 igitur,
3088 5238 3242 5308 quod
3295 5239 3624 5295 necessario

1982 5325 2314 5382 faciendum
2348 5326 2493 5390 erat,
2551 5338 2727 5393 quam
2790 5323 3034 5379 minime
3092 5324 3335 5382 moleste
3393 5333 3625 5400 captato

1983 5418 2116 5487 apte
2142 5417 2471 5485 opportuno
2500 5414 2761 5482 tempore
2791 5413 2975 5479 ﬂeret,
2998 5413 3155 5470 hunc
3185 5431 3381 5472 rerum
3410 5418 3627 5474 articu-

1981 5504 2105 5559 lum
2138 5500 2816 5558 accommodatissimum
2860 5503 2929 5556 ad
2992 5502 3047 5556 id
3100 5508 3292 5572 ratus,
3341 5522 3457 5577 quo
3500 5507 3627 5579 ipse

1983 5590 2561 5649 ultroConsiantinus
2586 5595 2823 5661 propter
2840 5590 3355 5666 luctumAugustaa
3378 5602 3625 5653 mortuae

1983 5683 2162 5738 rubra
2191 5681 2586 5753 deposuisset,
2615 5679 2802 5749 jussit
2831 5679 3154 5752 imperator
3210 5682 3630 5744 Meliteniotem

1983 5772 2071 5827 illi
2102 5788 2137 5829 a
2168 5788 2230 5827 se
2259 5772 2465 5827 otierre
2486 5767 2691 5840 quales
2717 5774 2947 5841 gestare
2974 5770 3139 5826 illum
3161 5772 3437 5846 deinceps
3458 5792 3627 5846 opor-
