4242 6438
169 407 276 461 965

1238 403 1331 454 DE
1368 400 1742 455 MICHAILE
1778 398 2220 456 PALBOLOGO
2257 401 2390 452 LIB.
2430 403 2524 452 VI.

3465 397 3572 453 966

166 529 323 602 τάχει
378 526 594 581 τάκεῖσε
643 517 1050 594 καταλαμϐάνει
1084 520 1497 596 διαπεραιωθεὶς
1526 520 1616 577 τὸν
1671 519 1817 591 Σάγ-
1846 524 1899 590 Α
1931 517 1982 572 ο⁰ί
2039 516 2104 586 δὴ
2164 519 2574 594 γλισχρότητος
2634 521 2727 591 μὶν
2762 517 3058 590 ἡττημένοι
3102 518 3430 591 λημμάτων,
3467 517 3572 573 δέει

170 637 349 691 γαριν.
415 616 548 669 Τότε
604 612 781 666 τοίνυν
847 610 1066 685 βλέπων
1118 612 1219 677 τὴν
1264 611 1505 678 Σκυθῶν,
1538 609 1680 662 εἴποι
1712 628 1816 674 τις,

173 706 402 780 ἐρημίαν
464 703 572 757 ἐκεί
627 700 860 773 μονονοὺ
918 701 1115 775 τρίχας
1171 693 1393 754 ἕτιλλε.
1455 697 1820 768 Κατῳκτίζετο

176 796 268 864 μὲν
315 795 415 867 γὰρ
448 791 693 852 ἐκτόπως
724 791 814 844 τὸν
871 790 1060 857 τόπον,
1119 788 1211 842 καὶ
1271 789 1370 856 τὴν
1404 785 1614 860 χλεύην
1645 806 1823 838 κατω-

172 881 372 955 δόμετο
429 886 539 936 τῶν
573 877 746 934 ἰδίων.
805 879 947 951 Πρὸς
976 877 1032 932 δέ
1059 899 1120 955 γε
1166 878 1258 931 τὸν
1291 872 1698 948 Ἀλεξανδρείας
1722 894 1820 926 πα-

169 970 465 1045 τριάρχην,
510 969 680 1022 ἐκεῖσε
731 969 866 1021 κατὰ
915 964 1258 1040 παραμυθίαν
1303 969 1382 1036 τῷ
1439 963 1652 1038 βασιλεῖ
1709 984 1827 1016 συν-

174 1058 455 1134 διάγοντα,
502 1060 603 1127 τὴν
663 1061 759 1111 τοῦ
815 1057 962 1110 ταῦτ’
1022 1056 1353 1129 ἠρημῶσθαι
1385 1053 1558 1108 αΐτίαν
1604 1049 1825 1126 καρδίας

173 1152 503 1221 στεναγμοῖς
544 1146 881 1220 ἰσχυρίζετο,
939 1148 1036 1198 τοῦ
1091 1144 1265 1198 τόπου
1326 1143 1420 1214 μὲν
1478 1139 1825 1213 μεμνημένος

174 1239 247 1298 ὡς
301 1238 419 1310 εἶχε
474 1236 536 1289 τὸ
595 1235 859 1306 πρότερον
897 1276 911 1299 ,
970 1232 1060 1286 ὅτι
1115 1233 1230 1286 κατ’
1298 1229 1615 1300 ἐπιτροπίαν
1669 1228 1830 1291 αὐτὸς

173 1327 516 1399 ἐστρατήγει,
576 1323 628 1382 ἐς
682 1322 885 1375 ὁπόσον
945 1318 1001 1374 δὲ
1058 1323 1342 1393 συμφορᾶς
1394 1319 1830 1387 κατηντήκειτῷ

168 1416 292 1469 τότε
353 1413 592 1487 βλέπων,
652 1412 728 1470 ὡς
782 1406 923 1481 μηδὶ
956 1409 1117 1483 βατὸν
1171 1408 1476 1481 ἀνθρώποις
1521 1406 1678 1477 εἶναι,
1711 1403 1830 1460 Bav—

173 1500 352 1575 δρεσιν
412 1500 709 1573 ὑψικόμοις
769 1495 1228 1567 κατειλημμένον.
1285 1497 1364 1551 Τὸ
1414 1491 1459 1549 δ’
1491 1492 1688 1561 αἶ’τιον,
1723 1515 1832 1569 φη-

173 1593 279 1663 σιν,
341 1594 375 1659 ἡ
433 1594 541 1644 τῶν
600 1586 866 1656 ζηλωτῶν
921 1587 1181 1651 ὶπίθεσις,
1242 1585 1331 1638 καὶ
1375 1585 1437 1643 τὸ
1487 1582 1826 1654 ἐκπολεμοῦν

175 1679 393 1754 βασιλεῖ
447 1684 510 1732 τὸ
559 1678 799 1745 ὑπήκοον
857 1672 1129 1744 σπευδειν,
1181 1672 1255 1742 ὠς
1312 1674 1379 1727 τὰ
1408 1673 1497 1731 καὶ
1527 1674 1594 1733 τὰ
1624 1672 1829 1744 πέπραι-

169 1787 292 1822 κται
354 1767 639 1840 λέγοντας,
699 1765 790 1822 καὶ
849 1764 922 1824 ὡς
984 1760 1330 1835 παρανομοίη
1366 1762 1394 1816 ὁ
1430 1758 1706 1836 βασιλεὺς,
1739 1760 1829 1813 καὶ

1929 602 1985 659 δὲ
2014 605 2114 658 τοῦ
2149 607 2223 677 μή
2269 627 2321 659 τι
2370 605 2515 677 παρὰ
2563 604 2828 678 βασιλέως
2880 606 3064 659 παθεῖν
3108 605 3181 668 ὡς
3211 606 3354 677 παρὰ
3388 607 3449 658 τὸ
3499 605 3576 658 εί-

1926 694 2020 754 κὸς
2072 692 2556 766 ἐλλελειμμένους,
2611 696 2675 748 τὰ
2731 692 3041 765 πταίσματα
3081 694 3578 766 συγκαλύπτοντες,

1926 787 2004 852 τῷ
2033 783 2169 836 κατὰ
2216 789 2349 858 σφᾶς
2398 781 2542 836 ἀδεεῖ
2584 780 2756 854 ψευδῆ
2804 783 3122 857 γράφοντες,
3177 784 3428 854 ἠρήμουν
3478 784 3575 850 τήν

1934 872 2121 946 χώραν
2179 874 2267 925 καὶ
2325 870 2485 933 τέλος
2544 870 2750 944 ἔρημον
2783 873 2881 941 τὴν
2913 871 3240 942 οἷκουμένην
3277 873 3578 948 ἀπέφηναν.

1929 965 2104 1014 Ταῦτα
2150 958 2349 1034 λέγων,
2402 960 2604 1036 τρυφὰς
2660 960 2942 1034 βασιλικὰς
3001 960 3234 1034 ἀφεικὼς
3282 961 3367 1013 καὶ
3423 972 3580 1034 θερα-

1932 1049 2085 1103 πείαν
2143 1051 2370 1119 ἅπασαν,
2422 1050 2496 1116 ὡς
2525 1055 2785 1112 σιτεῖσθαι
2843 1048 2931 1104 καὶ
2987 1055 3108 1110 τοῖς
3164 1054 3415 1123 τυχοῦσι,
3474 1055 3581 1102 τῶν

1931 1138 2161 1210 πρόσθεν
2223 1139 2296 1198 ὡς
2355 1138 2499 1211 εἶχεν
2556 1133 2822 1192 ἐπέϐαινε.
2858 1139 3070 1213 Πέρσας
3109 1136 3188 1205 δὲ,
3217 1139 3345 1190 ἅτον
3381 1137 3585 1197 ἐκεῖνος

1934 1228 2301 1300 προσεχώρει,
2346 1227 2447 1281 ὑπό
2479 1225 2622 1282 πόδα
2672 1231 2752 1299 [Ρ.
2786 1230 2910 1300 343]
2966 1234 3168 1301 χωρεῖν
3201 1227 3310 1281 ἐκεῖ
3359 1233 3451 1280 του
3487 1229 3583 1300 βα-

1935 1314 2133 1376 σιλέως
2168 1315 2614 1388 ὃιημερεύοντος,
2665 1317 2738 1379 ὡς
2779 1316 2866 1370 καὶ
2918 1315 2994 1370 ἔτι
3047 1317 3248 1389 θερμὰς
3280 1318 3374 1378 τὰς
3409 1317 3584 1372 ἑστίας

1936 1403 2151 1458 ἐκείνων
2203 1400 2743 1476 καταλαμϐάνοντος,
2794 1404 2930 1458 ὅπου
2964 1402 3021 1458 δὲ
3055 1404 3306 1479 βασιλεὺς
3339 1403 3590 1481 ἐφειστή-

1935 1517 2040 1563 κει,
2121 1496 2319 1559 ἐκεῖθεν
2390 1497 2494 1570 πρὸ
2565 1503 2691 1568 μιᾶς
2761 1497 3071 1572 φθανόντων
3129 1496 3346 1551 ἐκείνων
3498 1497 3582 1549 καὶ

1939 1581 2187 1652 δευτέρας
2250 1589 2642 1656 πατασκηνοῦν.
2707 1586 2922 1654 Πλῆθος
2985 1583 3030 1638 δ’
3083 1584 3147 1652 ἦν
3182 1586 3410 1657 ὀπωρῶν
3445 1583 3588 1637 ἐκκε-

1941 1675 2192 1746 χυμένων
2251 1678 2398 1732 κάτω
2457 1679 2564 1736 τῶν
2627 1671 2885 1746 δένδρων,
2945 1674 3019 1734 ὡς
3053 1673 3251 1736 ἐκεῖθεν
3301 1675 3362 1726 τὸ
3420 1672 3586 1727 πλέον

1937 1767 2032 1816 τοῦ
2111 1767 2501 1834 στρατιωτικοῦ
2581 1762 2892 1830 σιτίζεσθαι·
2967 1761 3028 1824 τὸ
3109 1763 3211 1833 γὰρ
3269 1760 3589 1835 εἰσαχθῆναί

169 1857 353 1912 τᾶλλα
383 1858 465 1916 οἱς
512 1855 606 1915 τὰς
656 1850 879 1926 καρδίας
908 1856 1015 1906 τῶν
1064 1851 1366 1926 ἀνθρώπων
1411 1847 1831 1921 ἀλλοτριοῦντες
1864 1885 1908 1947 Β
1937 1873 2043 1905 τισι
2103 1856 2211 1906 τῶν
2271 1849 2554 1922 ἐδωδίμων
2610 1851 2720 1906 ἐκεῖ
2778 1850 2866 1904 καὶ
2926 1851 3046 1908 λίαν
3087 1847 3175 1903 διὰ
3203 1851 3263 1903 τὸ
3297 1848 3412 1924 δέος
3443 1850 3588 1905 ἀπώ-

171 1943 270 2000 τοῦ
329 1941 720 2018 βασιλιῦοντος
772 1939 989 2001 ἐποίουν
1047 1939 1138 1998 καὶ
1191 1938 1418 2012 βασιλέα
1475 1938 1597 2012 περὶ
1657 1939 1830 2008 ἐαυτῷ

175 2031 499 2101 δεδοικέναι,
557 2031 647 2086 καὶ
703 2033 802 2097 τὴν
861 2030 978 2085 καθ’
1037 2029 1220 2088 ἑαυτὸν
1285 2024 1554 2102 ὀρῥωδίαν
1617 2029 1830 2089 πάντως

172 2121 404 2197 καρδίας
461 2121 626 2195 οὔσης
685 2120 752 2178 τὰ
804 2118 945 2190 μέλη
991 2122 1464 2192 σψγκατιισπᾶσθαι
1508 2111 1826 2185 ξυνέϐαινεν,

172 2212 383 2269 Αὐτίκα
433 2210 537 2285 γὰρ
594 2206 866 2280 μέλλησις
909 2205 1235 2276 ἠκολούθει,
1289 2206 1469 2264 καὶτὸ
1510 2205 1830 2280 ἐπιτροπαῖς

175 2304 496 2376 στρατηγῶν
535 2299 623 2353 καὶ
679 2297 870 2370 μόναις
922 2293 1242 2358 διοικεῖσθαι
1292 2295 1360 2355 τὰ
1412 2297 1549 2358 κατὰ
1603 2297 1827 2361 τόπους,

179 2517 327 2588 quin
370 2515 521 2586 pilos
567 2515 692 2584 ipse
741 2513 853 2568 sibi
904 2514 1115 2597 capitis
1165 2512 1418 2577 velleret.
1455 2512 1842 2567 Mlserabatur

179 2605 342 2659 enim
374 2602 799 2658 incredibiliter
840 2601 1232 2657 calamitatem
1265 2601 1528 2656 locorum
1561 2600 1795 2655 illorum
1824 2616 1836 2666 ;

180 2699 240 2748 et
271 2701 392 2748 tam
427 2694 669 2762 impune
702 2692 779 2744 ibi
813 2707 952 2746 suos
985 2691 1238 2768 ludibrio
1292 2707 1420 2744 esse
1472 2689 1737 2743 barbaris
1768 2690 1838 2743 ad

182 2782 484 2854 propriam
519 2781 706 2851 ipsius
757 2781 1050 2850 pertinere
1095 2780 1479 2848 ignominiam
1533 2779 1844 2848 reputabat

188 2886 470 2925 mmrens.
503 2870 717 2923 Aderat
741 2871 792 2924 ei
826 2869 1006 2938 hujus
1039 2868 1426 2938 expeditionis
1457 2871 1524 2922 ad
1562 2867 1838 2922 solatium

180 2973 383 3013 comes
413 2957 850 3017 Alexandrinus
878 2955 1224 3027 patriarcha.
1244 2957 1409 3026 Apud
1443 2955 1600 3012 hunc
1630 2970 1843 3010 exone-

179 3064 324 3103 rans
384 3046 672 3116 animum,
707 3061 820 3102 non
877 3045 1007 3100 sine
1065 3045 1201 3106 altis
1241 3060 1270 3099 e
1316 3045 1491 3100 corde
1548 3042 1844 3115 suspiriis,

182 3137 524 3192 afﬁrmabat
556 3139 913 3206 compertam
949 3151 1077 3189 sero
1110 3134 1220 3189 sibi
1250 3151 1445 3189 veram
1479 3150 1716 3192 causam
1750 3132 1847 3188 ob-

177 3226 478 3282 versantis
501 3224 686 3280 oculis
714 3224 1115 3291 desolationis,
1142 3240 1272 3294 quae
1305 3229 1522 3291 quanta
1545 3236 1843 3293 quamque

181 3313 548 3370 miserabilis
580 3317 736 3367 esset
766 3311 892 3382 ipse
924 3312 1144 3382 optime
1177 3312 1445 3366 omnium
1487 3315 1710 3374 nosset,
1743 3310 1862 3384 ad-_

169 3405 352 3475 jutus
402 3404 474 3462 ad
520 3402 580 3456 id
629 3401 913 3457 memoria
961 3400 1224 3460 ﬂorentis
1263 3401 1565 3472 quondam
1601 3416 1666 3456 ac
1694 3398 1846 3454 beati

178 3491 502 3562 regionum
545 3491 758 3548 harum
805 3496 1020 3557 status,
1071 3490 1303 3562 qualem
1335 3507 1397 3546 se
1428 3495 1729 3561 spectasse
1760 3505 1848 3549 rs-

185 3581 574 3645 cordabatur,
607 3597 738 3636 cum
795 3586 1113 3651 antequam
1161 3579 1218 3634 in
1271 3579 1586 3650 imperium
1643 3577 1849 3636 evehe-

183 3678 371 3736 retur,
396 3671 680 3726 Romanis
701 3670 884 3740 00piis
909 3669 986 3724 ibi
1009 3673 1306 3739 praesset,
1329 3671 1689 3740 Comparans
1712 3682 1848 3737 ergo

183 3759 394 3815 animo
427 3775 607 3831 quam
660 3759 891 3828 uberes,
917 3775 1097 3829 quam
1131 3759 1464 3830 frequentes
1494 3756 1634 3812 olim
1669 3755 1851 3812 felici.-

177 3850 302 3906 bus
331 3847 543 3905 incolis
575 3853 763 3911 terra),
803 3848 862 3902 in
895 3851 1181 3920 quantam
1215 3863 1396 3914 nunc,
1429 3864 1555 3918 qua
1588 3861 1852 3901 cernere-

179 3937 726 4006 tur,calamitatem
750 3937 1143 4002 devenisseut,
1172 3941 1236 3992 ut
1256 3953 1372 3991 non
1395 3935 1690 3992 exhaustas
1713 3933 1856 3989 civi-

183 4028 309 4082 bus
339 4025 680 4096 colonisqus
711 4025 927 4091 solum,
963 4027 1064 4081 sed
1092 4042 1163 4081 ne
1194 4027 1403 4096 pervia;
1447 4026 1686 4096 quidem
1730 4025 1856 4093 jam

189 4115 542 4172 hominibus
591 4121 806 4182 essent,
838 4114 1001 4170 nullo
1051 4115 1272 4184 passim
1318 4113 1562 4185 vestigio
1603 4114 1853 4178 viarum,

183 4205 482 4275 stirpibus
532 4209 709 4275 atque
761 4203 1020 4260 arbustis
1063 4205 1264 4259 densis
1299 4208 1468 4272 atque
1500 4202 1638 4258 altis
1669 4204 1858 4258 enatis

185 4293 420 4363 ubique
469 4297 708 4348 temere.
743 4294 955 4362 Causa,
984 4292 1317 4363 inquiebat,
1351 4292 1490 4347 mali
1539 4292 1686 4347 tanti
1738 4293 1860 4348 hac

185 4385 440 4439 demum
463 4386 571 4446 est,
596 4382 824 4451 eruptio
847 4381 1162 4437 inconsulti
1185 4381 1291 4436 zeli
1315 4381 1585 4437 subditos
1615 4382 1861 4436 efferens

185 4476 251 4527 in
311 4477 564 4526 conatus
613 4472 858 4526 rebelles
907 4471 1295 4542 impugnandi
1342 4471 1705 4541 principem;
1762 4471 1861 4524 ubi

190 4563 438 4634 prodire
469 4560 639 4616 aliter
670 4562 727 4615 iu
760 4577 881 4617 rem
917 4551 1030 4616 non
1064 4565 1338 4630 possunt,
1371 4559 1688 4614 maledicas
1717 4560 1860 4613 inci-

1943 1961 2107 2012 μοτον
2166 1943 2251 2007 ἦν,
2310 1943 2463 2004 Ὅθεν
2523 1945 2612 1994 καί
2671 1939 2938 2005 πολλάκις
2996 1938 3224 2010 πέμπων
3259 1938 3286 1990 ὁ
3335 1937 3589 2011 βασιλεὺς

1939 2030 2003 2082 τὰ
2057 2035 2158 2097 τῆς
2205 2028 2476 2099 τραπέζης
2529 2027 2732 2104 τρύφη,
2798 2029 2888 2090 τὸν
2950 2026 3187 2100 σκληρὸν
3221 2026 3466 2101 πιτυρίαν
3501 2027 3590 2080 καὶ

1945 2116 2149 2189 μέλανα
2185 2161 2198 2184 ,
2252 2116 2464 2190 γυναικί
2522 2138 2579 2170 τε
2637 2119 2748 2188 ἅμα
2807 2117 2893 2178 κκὶ
2954 2121 3180 2190 πενθερᾷ
3225 2117 3313 2173 καί
3367 2137 3426 2191 γε
3484 2137 3590 2170 πα-

1938 2204 2176 2281 τριάρχῃ
2228 2208 2316 2265 καὶ
2366 2211 2483 2267 τοῖς
2540 2206 2843 2280 γνωρίμοις
2899 2206 3134 2279 παρίστα
3189 2205 3250 2258 τὸ
3305 2202 3591 2276 δυσπαθὲς,

1939 2295 2160 2372 γράφων
2209 2291 2338 2367 μηδ’
2397 2295 2564 2350 αὐτοῦ
2623 2293 2933 2369 πηγιααίου
2982 2291 3174 2355 ὕδατος
3204 2293 3475 2369 εὐπορεῖν,
3533 2294 3594 2346 τὸ

1953 2509 2160 2576 malis;
2196 2509 2332 2563 hinc
2361 2509 2600 2581 defungi
2633 2510 2987 2579 eogebamur
3018 2509 3432 2580 perfunctoriis
3464 2526 3601 2579 pro-

1950 2597 2298 2665 visionibus,
2334 2599 2639 2652 mittendis
2682 2598 2800 2652 haec
2854 2598 2910 2651 in
2957 2598 3083 2652 loca
3136 2600 3447 2669 praefectis,
3483 2614 3600 2667 quo

1949 2686 2147 2740 venire
2201 2687 2359 2756 ipsos
2394 2703 2498 2741 nos
2530 2691 2916 2755 orportuerat.
2956 2691 3015 2739 Et
3058 2688 3451 2749 venissemus,
3486 2687 3600 2740 nisi

1952 2775 2116 2834 falsis
2149 2776 2247 2830 isti
2281 2775 2503 2834 nuntiis
2534 2776 2941 2830 necessitatem
2980 2775 3162 2830 nostri
3194 2777 3476 2830 adventus
3498 2776 3602 2829 ab-

1952 2867 2319 2924 sconderent.
2339 2867 2515 2922 Erant
2536 2865 2594 2920 hi
2620 2865 2887 2920 homines
2912 2867 3088 2935 avari,
3108 2867 3328 2936 rapinis
3351 2866 3558 2920 intenti
3589 2880 3601 2917 :

1954 2957 2282 3027 praedarum
2317 2973 2558 3016 suarum
2590 2962 2648 3010 et
2678 2957 3133 3011 concussiooum
3181 2957 3274 3010 hic
3319 2957 3601 3012 exercita-

1956 3062 2086 3100 rum
2131 3049 2310 3101 testes
2344 3044 2558 3104 habere
2585 3047 2830 3116 Augusti
2866 3046 3168 3116 praesentis
3198 3047 3401 3100 oculos
3436 3046 3607 3100 time-

1955 3134 2118 3189 bant.
2141 3134 2272 3188 ldeo
2297 3132 2505 3196 litteris
2531 3132 2837 3190 fallacibus
2860 3133 3234 3188 occultabant
3254 3134 3606 3189 offensiones

1958 3223 2096 3277 belli
2129 3224 2451 3295 ruinasque
2486 3223 2770 3291 locorum,
2797 3239 2865 3278 ne
2899 3222 3224 3277 remedium
3259 3222 3353 3286 iis,
3379 3225 3423 3278 si
3459 3229 3605 3277 note

1960 3312 2233 3375 fuissent,
2265 3310 2668 3373 adhibendum
2701 3328 2734 3365 a
2766 3311 2936 3366 nobis
2967 3312 3294 3366 rationibus
3343 3314 3606 3382 ipsorum

1961 3400 2198 3472 privatis
2231 3399 2713 3461 incommodaret.
2739 3400 2888 3474 Ergo
2908 3400 3232 3470 utimpune
3253 3401 3398 3474 ipsis
3432 3406 3607 3468 esset,

1961 3495 2024 3546 ut
2049 3489 2442 3550 violentarum
2492 3489 2893 3553 extorsionum
2943 3506 3146 3560 pcenas
3195 3507 3306 3544 non
3355 3490 3606 3558 luerent,

1963 3580 2344 3641 mendacibus
2391 3596 2498 3634 nos
2545 3579 2832 3642 lactantes
2865 3579 3098 3648 scriptis
3131 3578 3423 3650 regionem
3459 3580 3610 3635 hanc

1959 3673 2285 3735 vastarunt,
2308 3673 2365 3729 et
2396 3669 2452 3723 in
2499 3667 2791 3739 frequenti
2819 3667 2957 3724 olim
2993 3684 3057 3723 ac
3091 3669 3312 3740 passim
3345 3668 3614 3723 habitata

1959 3762 2114 3816 terra
2144 3756 2550 3828 solitudinem,
2582 3773 2759 3827 quam
2793 3761 3095 3827 gementes
3122 3758 3441 3825 cernimus,
3469 3758 3612 3812 fece-

1961 3851 2118 3909 runt.
2152 3847 2282 3906 Haec
2313 3846 2648 3918 deplorans,
2682 3845 2919 3906 omissis
2959 3845 3184 3909 deliciis
3217 3847 3414 3917 regiis,
3448 3848 3610 3901 cultu

1961 3953 2028 3992 ec
2059 3937 2211 4000 fastu
2254 3935 2566 4011 principali
2613 3934 2913 4007 neglectis,
2953 3938 3199 3991 curandi
3249 3937 3391 4008 quin
3435 3938 3612 3993 etiam
3676 3980 3678 3982 τ

1964 4027 2224 4098 corporis
2278 4027 2421 4089 adeo
2470 4025 2781 4088 immemor
2812 4031 2874 4079 ut
2904 4026 3091 4081 obviis
3123 4026 3456 4097 quibusque
3487 4028 3616 4083 sine

1963 4114 2185 4172 delectu
2221 4121 2324 4171 aut
2347 4119 2629 4186 apparatu
2659 4120 3012 4182 vesceretur,
3040 4115 3191 4169 ultra
3216 4116 3408 4186 quoad
3435 4117 3626 4186 potuit

1966 4205 2263 4261 tendebat.
2300 4205 2617 4278 Coegitque
2648 4208 2774 4258 tum
2806 4203 3031 4267 Persas,
3059 4209 3348 4275 quantum
3381 4210 3472 4258 est
3501 4205 3628 4276 ipse

1968 4309 2342 4365 progressus,
2406 4293 2788 4348 retrocedere.
2841 4293 2978 4347 Erat
3025 4299 3222 4347 autem
3283 4293 3511 4348 itineris
3561 4310 3629 4349 ea

1968 4387 2110 4436 tunc
2160 4382 2328 4451 ratio,
2365 4385 2429 4437 ut
2461 4381 2560 4436 ubi
2593 4381 2937 4452 praecedenti
2971 4395 3210 4452 veSpere
3260 4382 3442 4436 Persae
3495 4383 3628 4437 fue-

1971 4477 2123 4537 rant,
2151 4477 2449 4542 posterum
2484 4470 2563 4525 ibi
2596 4470 2750 4524 diem
2787 4471 3106 4542 imperator
3137 4470 3409 4536 exigeret,
3431 4470 3490 4524 in
3526 4472 3630 4526 ho-

1972 4563 2170 4632 spitia,
2202 4560 2419 4630 quibus
2451 4558 2536 4612 illi
2583 4566 2750 4614 erant
2782 4561 2894 4625 usi,
2931 4560 3072 4614 focis
3125 4559 3315 4613 adhuc
3363 4558 3628 4629 ipsorum

184 4650 644 4721 tanteslinguas
668 4650 738 4704 ad
764 4649 1556 4704 eeditiosemurmurandum
1580 4650 1860 4705 adversus
1892 4629 1940 4692 Ῑ)
1975 4649 2260 4708 fumantia
2289 4648 2633 4704 succedens.
2665 4648 2870 4722 Itaque
2930 4649 3170 4703 dieculae
3199 4648 3292 4702 vix
3322 4648 3500 4703 unius
3530 4653 3634 4703 aut

186 4742 619 4811 imperantem,
652 4738 771 4794 haec
821 4743 878 4793 et
918 4737 1021 4793 illa
1069 4738 1198 4808 ejus
1246 4742 1376 4793 acta
1425 4741 1858 4808 percensentes,

185 4845 332 4902 que
367 4843 545 4898 prava
572 4841 705 4883 esse
733 4826 1191 4894 contendunt,et
1239 4841 1403 4880 reum
1437 4824 1604 4879 illum
1625 4824 1865 4880 violata-

186 4933 333 4974 rum
371 4916 568 4987 legum
618 4921 678 4970 et
725 4913 1061 4986 reipublicae
1122 4915 1376 4985 pessime
1437 4914 1860 4968 administratae

182 5005 595 5063 lioentissime
627 5010 955 5076 peragunt;
1007 5005 1164 5060 508
1215 5019 1315 5075 per
1361 5003 1482 5058 hisc
1523 5004 1596 5058 ab
1627 5019 1692 5059 eo
1722 5003 1863 5060 alie-

187 5098 422 5153 nantes
469 5093 696 5150 animos
746 5093 1077 5162 hominum,
1111 5097 1168 5148 et
1198 5097 1455 5148 metuere
1503 5091 1699 5153 ipsum
1749 5093 1864 5148 sibi

185 5189 484 5256 cogentes
518 5199 534 5238 :
566 5182 836 5241 naturale
862 5182 1079 5254 quippe
1109 5182 1325 5254 cuique
1351 5190 1442 5239 est
1466 5183 1537 5237 ad
1569 5182 1864 5252 objectum

183 5289 384 5349 grave
417 5273 545 5328 vita
589 5277 896 5351 scistalus
943 5272 1162 5345 proprii
1224 5272 1551 5343 periculum
1606 5272 1865 5328 horrere.

184 5366 356 5422 Hinc
389 5363 582 5434 capite
632 5363 711 5416 rei
720 5361 968 5433 publieae
992 5361 1065 5417 de
1087 5378 1150 5417 se
1171 5360 1448 5430 sollicito,
1473 5365 1531 5416 et
1560 5377 1630 5416 ea
1662 5378 1867 5418 neces-

182 5455 365 5513 saria
417 5452 508 5507 sui
555 5467 698 5506 cura
742 5469 777 5508 a
826 5452 1188 5506 consulendo
1245 5450 1561 5508 etficaciter
1616 5451 1871 5508 subditis

187 5558 441 5607 averso,
492 5542 758 5596 membra
816 5540 1046 5610 imperii
1108 5540 1361 5610 discerpi
1408 5540 1672 5610 contigit.
1726 5540 1872 5596 Hinc

187 5641 441 5705 torpor,
487 5630 760 5696 addebat,
803 5630 1067 5701 obrepsit
1098 5629 1301 5697 nobis;
1335 5629 1471 5685 hinc
1504 5630 1652 5690 tardi
1685 5646 1751 5684 ac
1783 5648 1873 5686 se-

186 5737 359 5798 gnes
394 5719 620 5778 fuimus
651 5720 710 5775 in
737 5721 1097 5777 occurrendo
1139 5734 1241 5790 per
1288 5735 1397 5778 nos
1439 5718 1874 5790 provinciarum

1971 4755 2274 4795 summum
2304 4738 2467 4793 bidui
2500 4737 2810 4793 intervallo
2840 4739 3002 4794 locus
3034 4739 3191 4793 idem
3214 4743 3271 4792 et
3300 4740 3506 4792 Persas
3539 4739 3628 4792 di-

1974 4828 2215 4883 miserat
2246 4827 2452 4897 pedem
2485 4843 2594 4881 sua
2623 4843 2828 4882 versus
2869 4827 3189 4881 referentes
3221 4832 3277 4880 ct
3312 4827 3626 4881 instantem

1971 4917 2213 4988 vestigis
2241 4917 2501 4986 ipsorum
2528 4916 2854 4987 excipiebat
2874 4918 3227 4987 Augustum.
3257 4916 3633 4988 Apparebant

1974 5012 2168 5062 autem
2199 5009 2320 5060 tota
2352 5005 2573 5076 passim
2606 5005 2843 5076 regione
2873 5010 3058 5060 strata
3089 5006 3214 5060 suis
3248 5021 3496 5076 quaeque
3518 5006 3628 5060 sub

1976 5095 2283 5152 arboribus
2318 5112 2490 5166 poma
2520 5094 2770 5150 decidua
2799 5096 3144 5166 fructusque
3176 5095 3370 5150 omnis
3401 5095 3632 5166 generis

1979 5185 2216 5250 maturi,
2237 5189 2402 5239 tanta
2431 5185 2599 5255 copia
2621 5193 2685 5239 ut
2717 5186 2922 5255 majori
2956 5184 3249 5239 exercitus
3281 5184 3430 5256 parti
3462 5184 3632 5238 cibus

1976 5275 2114 5330 inde
2141 5274 2456 5328 sufﬁceret.
2509 5272 2653 5329 Nam
2683 5273 2797 5328 alia
2829 5273 3051 5328 ratione
3080 5273 3323 5344 praeberi
3359 5274 3546 5328 forum
3580 5281 3634 5327 et

1979 5363 2180 5419 inferri
2212 5361 2423 5419 castris
2455 5361 2570 5418 illis
2597 5367 3016 5429 commeatum,
3052 5362 3361 5417 interdicto
3407 5362 3634 5417 dudum

1979 5454 2032 5508 vi
2067 5469 2132 5508 ac
2163 5457 2323 5506 metu
2353 5451 2548 5506 hostili
2584 5468 2685 5520 per
2718 5452 2872 5508 504
2902 5469 3136 5506 omnem
3171 5451 3329 5505 hunc
3359 5452 3472 5506 late
3504 5458 3632 5506 tra-

1982 5546 2143 5596 ctum
2168 5539 2539 5604 commercio,
2557 5542 2912 5612 sperandum
2929 5541 3083 5595 haud
3105 5547 3248 5595 erat.
3268 5544 3469 5612 Itaque
3484 5558 3634 5612 saepe

1986 5632 2043 5684 in
2074 5631 2368 5702 specimen
2401 5629 2596 5684 miseri
2631 5647 2748 5700 quo
2780 5636 2919 5686 tunc
2953 5631 3227 5685 utebatur
3250 5630 3441 5685 victus
3476 5631 3640 5685 misit

1989 5721 2308 5791 imperator
2337 5719 2408 5774 ad
2434 5724 2759 5791 Augustam
2782 5725 2840 5776 et
2853 5737 3113 5791 socrum,
3136 5722 3207 5776 ad
3241 5721 3636 5793 patriarcbam
