4242 6438
669 373 776 426 967

1972 373 2274 428 GEORGII
2314 373 2775 456 PACHYMEBB

3966 381 4059 432 968

666 492 724 549 δέ
751 515 810 570 γε
867 498 1118 566 ποταμοῦ
1172 492 1455 570 τρυγοίπῳ
1514 492 1874 567 διηθούμενον
1931 495 2020 549 καὶ
2051 494 2536 568 ἐξαιθρια-Ατῶν
2593 503 2694 564 τῆς
2755 496 3005 571 Προύσης
3069 501 3247 570 μερῶν
3311 496 3585 572 ἀνάγεται,
3641 498 3707 554 τά
3753 504 3851 566 τῆς
3900 503 4054 556 αὐτῶν

666 584 894 656 ζόμενον
957 581 1119 656 μόλις
1174 585 1432 658 προσιτὸν
1481 583 1615 637 εἶναί
1673 585 1724 637 οἱ
1784 579 1973 642 ποτόν.
2031 585 2124 650 Μὴ
2185 586 2316 657 γοῦν

662 673 861 733 ἱκανῶς
909 667 1054 746 ἔχων
1114 672 1236 726 τότε
1289 669 1505 726 διώκειν
1567 671 1617 726 ἐν
1663 669 1996 747 δυσχωρίαις
2027 672 2088 726 τὸ
2125 675 2312 746 ΙΙερσιο

660 762 781 831 κὸν,
830 759 1020 823 ἄλλως
1077 782 1135 816 τε
1188 761 1279 816 καὶ
1338 758 1538 824 ἐνδείας
1593 762 1945 834 ἐπικειμένης
1991 767 2099 816 τῶν
2146 762 2311 835 ἀναγ-

661 851 852 918 καίων,
884 851 945 906 τὸ
975 851 1110 912 τέως
1164 849 1300 924 ἔγνω
1355 851 1445 904 τὸν
1505 852 1674 905 τόπον
1725 855 2085 926 κατοχυροῦν,
2118 852 2209 905 καὶ
2242 849 2309 918 δὴ

660 941 940 1017 φρουρίοις
1001 941 1094 1012 μὶν
1155 945 1380 1014 συχνοῖς
1433 940 1498 993 τά
1545 941 1671 1013 παρ’
1727 938 1951 1014 ἑκάτερα
2005 945 2104 995 τοῦ
2134 960 2310 994 ποταο

665 1034 769 1102 μοῦ
817 1024 1168 1100 διεΛάμϐανε,
1217 1031 1284 1083 τὰ
1336 1030 1432 1101 μὲν
1469 1029 1816 1097 πεπονηκότα
1844 1034 1924 1100 τῷ
1955 1030 2141 1104 χρόνῳ
2191 1028 2309 1083 ἐπι-

658 1119 926 1187 σκευάζων
964 1120 1053 1172 καὶ
1107 1123 1391 1182 συνιστῶν,
1442 1117 1586 1173 ἄλλα
1633 1116 1689 1172 δὲ
1719 1119 1882 1179 αὐτὸς
1911 1118 2138 1172 ἀνιστῶν
2171 1117 2308 1172 ὅπου

653 1215 749 1262 τοῦ
782 1213 1036 1280 ποταμοῦ
1065 1205 1491 1279 λειψυδροῖνιτος
1532 1208 1698 1279 πόρον
1732 1204 1838 1261 ἔδει
1888 1206 2182 1280 γίγνεσθαι,
2233 1208 2306 1266 ὡς

654 1297 712 1350 ἂν
775 1298 889 1368 ἅμα
950 1297 1046 1368 μὲν
1093 1300 1162 1368 τῇ
1219 1300 1324 1350 τῶν
1387 1295 1659 1373 φρουρίων
1713 1298 2034 1365 πυκνότητι,
2087 1297 2199 1367 ἅμα
2248 1293 2304 1349 δέ

650 1386 737 1439 καὶ
796 1391 914 1446 ταῖς
945 1390 1050 1438 τῶν
1087 1383 1394 1458 ἀναγκαίων
1441 1384 2032 1458 τόπωνξπροκατοχαῖς
2066 1383 2117 1438 ἐν
2152 1385 2301 1456 ἀμηο

651 1474 844 1548 χάνοις
900 1473 967 1526 τὰ
1025 1478 1131 1527 τῶν
1195 1477 1413 1547 Περσῶν
1467 1473 1745 1546 γίνωνται,
1806 1469 2093 1527 Συστεῖλαι
2129 1469 2184 1526 δὲ
2211 1473 2297 1525 θέ-

651 1561 760 1617 λων
816 1563 907 1616 καὶ
959 1561 1052 1622 τὰς
1110 1559 1334 1638 ἐφόδους
1390 1566 1497 1614 τῶν
1553 1559 1816 1615 ἐπιόντων
1852 1561 1923 1620 ὡς
1981 1563 2055 1632 μὴ
2103 1559 2295 1630 ἀνέδην

647 1651 839 1706 ὁπόθεν
903 1648 1193 1726 βούλοιντο
1253 1647 1547 1704 διεκπαίειν
1606 1651 1694 1704 καὶ
1761 1649 2124 1704 ἐπεισπίπτειν
2158 1643 2296 1719 ἀδή-

647 1738 779 1808 λως,
840 1739 1201 1815 ἀξινηφόρους
1260 1738 1311 1800 ἐς
1371 1737 1515 1793 πολὺ
1574 1737 1789 1808 πλῆθος
1845 1740 2294 1808 συναθροισθῆναι

2428 581 2782 656 ἐπισκέψεως,
2816 584 2953 639 ὥστε
2982 584 3071 638 καὶ
3104 590 3209 639 τῶν
3241 584 3455 662 ἐχθρῶν
3476 587 3676 648 τελέως
3708 586 4055 663 ἐκδιωχθῆναι

2425 669 2500 733 εἷς
2529 673 2715 739 καιρὸν
2749 670 2962 728 εὔθετον
2996 673 3347 747 ἀναθέμενος.

2425 831 2471 886 λ’
2546 834 2626 890 Τά
2715 835 2852 890 κατᾶ
2943 835 3070 911 τους
3166 837 3304 911 πρὸς
3357 839 3466 911 Δτὸν
3545 841 3720 895 πάπαν

3800 848 4053 916 Μαρτῖνον

3015 909 3484 984 ἀποκριήσιαρίους.

2495 1033 2576 1105 [Ρ.
2632 1035 2756 1104 344]
2811 1030 3024 1104 Ξυνέϐη
3092 1032 3148 1089 δέ
3199 1035 3313 1090 τότ’
3365 1036 3465 1091 ἀνὰ
3521 1040 3766 1112 Ηροῦσαν
3826 1038 4055 1115 διάγοντι

2419 1121 2508 1174 καὶ
2538 1122 2606 1175 τὰ
2654 1124 2789 1176 κατά
2835 1123 2927 1177 τὸν
2978 1123 3200 1178 πάππαν
3236 1131 3447 1196 μαθεῖν,
3481 1125 3538 1187 ὃς
3592 1125 3658 1195 δὴ
3710 1129 3798 1182 καὶ
3858 1138 4055 1203 Maps?-

2417 1231 2509 1272 νος
2558 1210 2693 1282 μετὰ
2717 1211 2990 1266 Νικόλαον
3049 1213 3139 1281 ἦν.
3175 1214 3314 1287 Πρὸς
3361 1215 3464 1288 γὰρ
3514 1214 3671 1270 αὐτὸν
3705 1214 3898 1289 ἔφθασε
3928 1221 4058 1289 πέμ-

2417 1301 2514 1371 ψαι
2589 1299 2678 1353 τόν
2757 1321 2816 1354 τε
2890 1300 3211 1376 Ἡρακλείας
3282 1304 3484 1359 Λέοντα
3542 1305 3632 1358 καὶ
3689 1306 3780 1358 τὸν
3838 1307 4055 1367 Νικαίας

2416 1389 2713 1463 Θεοφάνην.
2775 1389 2839 1442 O't
2891 1389 2958 1457 δὴ
3015 1392 3101 1444 καὶ
3155 1391 3464 1453 ἐπιστάντες
3521 1391 3582 1446 οὐ
3643 1395 3758 1447 κατ’
3817 1393 4054 1460 ἐλπίδας,

2415 1475 2475 1537 ἃς
2533 1477 2681 1550 εἶχον
2741 1477 3268 1547 ἀποστελλόμενοι,
3325 1481 3452 1555 παρ’
3511 1480 3724 1536 ἐκείνων
3785 1479 4053 1556 ἐδέχοντο,

2413 1562 2560 1618 ἀλλά
2615 1565 2925 1621 τούναντίον
2985 1569 3141 1625 ἅπαν.
3199 1569 3273 1621 Τὰ
3326 1568 3426 1643 γὰρ
3458 1572 3574 1632 καθ’
3627 1573 3774 1642 ἡμᾶς
3808 1571 3883 1632 ὡς
3915 1572 4054 1646 εἶχον

2417 1653 2701 1722 μαθόντες,
2759 1655 2848 1708 καὶ
2902 1654 3033 1729 ὅπερ
3095 1655 3162 1723 ἦν
3223 1656 3679 1726 ὑποτοπάσαντες,
3740 1658 3950 1734 χλεύην
3999 1661 4054 1714 τὸ

2411 1743 2629 1815 γεγονὸς
2675 1743 2761 1796 καὶ
2795 1743 2897 1797 οὐκ
2945 1743 3205 1814 ἀλήθειαν
3236 1744 3486 1818 ἄντικρυς
3537 1749 3702 1820 (παρὰ
3736 1748 3900 1820 μόνον
3959 1751 4054 1822 γὰρ

645 1827 875 1897 κελεύει,
925 1829 1014 1883 καὶ
1073 1835 1247 1901 μῆκος
1311 1828 1404 1899 μὲν
1465 1829 1857 1902 παραμετρήας
1914 1832 2011 1881 τοῦ
2043 1831 2293 1898 ποταμοῦ
2327 1865 2371 1929 Β
2415 1829 2640 1904 βασιλέα
2686 1831 2775 1885 καὶ
2808 1832 3156 1908 πατριάρχην
3199 1835 3287 1888 καί
3339 1855 3486 1895 τινας
3533 1841 3637 1889 τῶν
3687 1839 3810 1911 περῖ
3870 1838 4056 1898 αὐτοὺς

645 1919 663 1929 .
835 1921 848 1929 .
951 1921 964 1929 .
1147 1923 1166 1929 _
1541 1922 1564 1929 -
1793 1915 1856 1929 ς,
1998 1913 2187 1929 η...
2469 1926 2473 1929 .
2661 1919 2710 1929 .-
2839 1921 2848 1929 .
3132 1926 3157 1929 -_
3249 1922 3337 1929 -.
3562 1924 3571 1929 .
3690 1923 3741 1929 __
3863 1925 3886 1929 ε.
4041 1927 4048 1929 .

641 1919 765 1972 ’ὀσον
820 1921 884 1986 ἦν
939 1921 1228 1992 ἀναγκαῖον
1259 1922 1714 1991 κατοχυροῦσται,
1749 1915 1958 1978 πλάτος
1994 1913 2050 1970 δέ
2080 1917 2142 1970 τὸ
2175 1917 2293 1970 ἱκα-

637 2009 728 2062 νὸν
786 2007 1167 2083 λογισάμενος,
1229 2004 1442 2077 σπουδῇ
1491 2006 1556 2060 τὰ
1604 2003 1796 2081 δένδρα
1844 2005 2144 2069 κόπτοντας
2174 2006 2294 2060 ἐπι-

636 2099 812 2152 τάττει
874 2091 1332 2152 ἐπικαταϐάλλειν
1387 2094 1440 2150 ἓν
1503 2097 1583 2174 ἐφ’
1634 2095 1732 2164 ἐνὶ,
1787 2095 1876 2150 καὶ
1935 2094 2076 2150 οὕτω
2125 2117 2291 2150 κατα-

637 2192 915 2241 πυκνῶσαι
966 2192 1084 2247 τοῖς
1114 2184 1288 2240 κλωσὶ
1321 2191 1429 2240 τῶν
1463 2183 1696 2258 δένδρων
1728 2185 1818 2238 τὸν
1850 2184 2016 2238 τόπον
2051 2186 2124 2246 ὡς
2162 2182 2295 2256 μηδ’

637 2272 758 2352 ὅφιν
810 2276 924 2330 οἷόν
957 2278 1004 2330 τ’
1054 2276 1186 2329 εἶναι
1239 2272 1434 2349 σχεδὸν
1469 2272 1800 2349 διέρχεσθαι.
1856 2278 2035 2329 Ταῦτα
2070 2276 2206 2350 πρὸς
2229 2275 2292 2328 τὸ

633 2365 804 2434 παρὸν
861 2365 1110 2435 ἐπιτάξας
1164 2386 1222 2419 τε
1278 2365 1366 2418 καὶ
1433 2363 1830 2425 κατασκευάσας
1887 2368 1965 2436 τῷ
2015 2361 2290 2435 ἐπιμεῖναι

635 2453 1161 2531 ταλαιπωρούμενος
1199 2499 1212 2523 ,
1271 2453 1432 2509 τέλος
1509 2454 1838 2527 σιταρκήσας
1895 2459 2010 2515 τοῖς
2068 2452 2120 2508 ἐν
2175 2460 2290 2516 τοῖς

637 2544 916 2622 φρουρίοις
966 2546 1028 2600 τὸ
1088 2545 1288 2617 ἱκανὸν,
1346 2544 1490 2618 παρὰ
1543 2544 1635 2598 τὸν
1691 2543 1939 2617 ποταμὸν
1989 2545 2157 2620 μέχρι
2202 2544 2291 2598 καὶ

636 2766 810 2823 etiam
835 2770 893 2821 et
914 2764 1062 2820 alios
1086 2763 1428 2831 familiares,
1455 2763 1815 2819 furfurosum
1841 2779 2049 2835 panem
2076 2763 2292 2818 durum

635 2861 694 2913 et
715 2860 933 2918 atrum,
961 2854 1070 2909 bas
1105 2870 1234 2909 esse
1267 2853 1535 2908 scribens
1591 2852 1851 2908 lautitias
1883 2869 2002 2907 suae
2037 2869 2290 2920 mensis;

634 2949 692 2999 et
723 2944 1084 3015 adjungebat
1141 2942 1352 2997 iisdem
1411 2940 1627 2996 litteris
1661 2957 1732 2995 ne
1767 2941 2016 2996 fontana:
2050 2940 2289 3012 quidem

631 3035 745 3091 sibi
775 3052 939 3106 aquas
972 3033 1200 3105 copiam
1233 3033 1302 3088 ad
1339 3036 1540 3104 potum
1573 3036 1907 3103 suppetere,
1943 3032 2042 3086 sed
2077 3036 2135 3086 et
2164 3035 2290 3085 tur-

628 3123 765 3178 bido
814 3123 1098 3177 haustum
1146 3121 1413 3186 ﬂumine,
1445 3120 1556 3175 coli
1607 3119 2056 3174 transmissione
2105 3119 2294 3174 obiter

627 3216 945 3285 purgatum
961 3210 1490 3280 refrigeratumque
1512 3211 1624 3263 sub
1646 3209 1946 3280 dio,quem
1969 3208 2284 3263 sitibundaa

627 3305 827 3360 fauces
853 3319 1007 3374 agre
1037 3301 1437 3368 admitterent,
1463 3299 1752 3371 liquorem
1786 3299 2110 3372 propinari.
2134 3304 2282 3356 Cum

626 3398 823 3450 autem
874 3391 1074 3448 hostes
1107 3391 1190 3447 sic
1221 3390 1501 3446 instando
1534 3390 1929 3445 contrusisset
1953 3389 2012 3443 in
2046 3404 2287 3459 asperos

618 3485 746 3555 jam
770 3498 877 3537 nec
907 3481 1075 3536 facile
1106 3480 1336 3552 pervios
1366 3479 1576 3534 limitis
1605 3479 1866 3550 ipsorum
1899 3478 2108 3545 saltus,
2130 3476 2288 3532 haud

623 3588 687 3628 se
717 3570 946 3627 idoneis
978 3571 1337 3625 instructum
1386 3568 1569 3638 copiis
1603 3568 1865 3622 sentiens
1899 3569 1969 3622 ad
2005 3583 2104 3622 eos
2138 3567 2286 3622 ulte-

622 3661 749 3716 rius
783 3659 1243 3732 persequendos,
1264 3663 1322 3712 et
1342 3657 1580 3712 aliunde
1598 3673 1792 3712 rerum
1816 3656 2284 3711 necessariarum

623 3751 871 3824 penuria
902 3753 1166 3822 urgente,
1201 3749 1459 3820 cogitare
1494 3749 1563 3802 de
1595 3748 1784 3802 reditu
1831 3753 2068 3802 coactus
2120 3746 2285 3816 prius

623 3851 837 3909 tamen,
867 3841 1059 3912 quoad
1095 3855 1187 3894 res
1219 3839 1471 3904 sinebat,
1498 3837 1730 3891 munire
1770 3837 2020 3891 limitem
2055 3835 2287 3889 studuit

621 3932 856 3987 arcibus
890 3929 961 3985 ad
998 3934 1307 3999 utramque
1358 3927 1622 3981 fluminis
1675 3926 1864 3997 ripam
1918 3925 2188 3979 excitatis
2230 3929 2287 3978 et

619 4019 890 4093 presidio
939 4018 1181 4073 insessis
1230 4015 1524 4088 plurimis.
1561 4020 1818 4081 Quarum
1855 4013 2086 4085 aliquas
2119 4019 2283 4067 vetu-

616 4113 768 4164 state
792 4125 858 4163 ac
881 4112 1214 4177 temporum
1244 4105 1481 4175 injuriis
1505 4102 1820 4158 semirutas
1845 4102 2045 4157 refecit
2066 4101 2283 4156 instru-

612 4201 832 4270 xitque,
859 4215 1038 4253 novas
1073 4198 1196 4268 ipse
1220 4196 1448 4266 aliquas
1468 4196 1824 4265 adjungens,
1848 4193 1928 4248 ibi
1954 4192 2278 4264 praesertim

628 4290 724 4343 ubi
761 4289 990 4358 parcior
1021 4303 1181 4355 aquae
1213 4284 1406 4340 amnis
1455 4284 1602 4338 vado
1634 4283 1821 4349 trajici
1857 4287 2068 4353 potest,
2105 4287 2168 4335 ut
2197 4283 2282 4335 sic

615 4385 672 4432 et
697 4377 1009 4432 crebritate
1060 4374 1468 4446 przesidiorum
1504 4381 1556 4424 et
1591 4371 2093 4441 praeoccupatione
2125 4370 2278 4425 loco-

615 4486 746 4524 rum
781 4467 1277 4529 necessariorum,
1313 4465 1516 4533 inopes
1551 4461 1782 4516 consilii
1832 4467 2020 4517 Persae
2075 4461 2278 4515 redde-

615 4564 837 4613 rentur.
875 4558 1131 4621 Quorum
1167 4554 1342 4608 etiam
1385 4554 1756 4606 incursiones
1805 4566 2068 4605 coercere
2113 4548 2276 4603 obice

2407 1926 2598 1982 πάντες
2657 1919 3034 1993 ἐδυσμέναινον
3094 1926 3161 1996 τῇ
3220 1922 3435 1998 εἰρήνῃ,
3486 1923 3825 1997 καὶμᾶλλον
3857 1925 3938 1978 ὅτι
3970 1927 4053 1981 καὶ

2403 2016 2616 2071 ποιναῖς
2671 2011 3000 2074 ἀλλοκότοις
3060 2012 3252 2080 ἤθελεν
3323 2012 3713 2091 ἀσφαλίζεσθαι
3770 2015 3974 2085 ταύτην
4031 2018 4056 2069 ὁ

2408 2098 2686 2172 βασιλεὺς)
2745 2100 2976 2164 ἐκείνους
3033 2103 3127 2174 μὲν
3190 2101 3241 2156 ἐν
3304 2103 3521 2176 ἀτίμοις
3579 2104 3754 2179 εἶχον,
3811 2106 3900 2158 καὶ
3957 2108 4053 2171 τὴν

2404 2188 2478 2249 είς
2535 2191 2628 2244 τὸν
2682 2191 2904 2244 πάππαν
2962 2189 3234 2264 πρόσοδον
3298 2192 3396 2265 ὀψὲ
3451 2193 3541 2246 καὶ
3579 2192 3739 2266 μόλις
3766 2200 4054 2267 παρεῖχον,

2400 2279 2557 2340 τέλος
2593 2277 2650 2333 δέ
2685 2279 2909 2354 βασιλέα
2941 2282 3034 2353 μὲν
3077 2281 3167 2336 καὶ
3199 2280 3328 2343 τοὺς
3362 2283 3494 2357 ἀμφ’
3548 2283 3708 2336 αὐτὸν
3742 2285 3815 2344 ὡς
3849 2282 4056 2356 χλευα-

2401 2367 2530 2429 κτὰς
2562 2367 2866 2442 ἐπιτιμίοις
2917 2369 3004 2423 καῖ
3063 2370 3139 2442 μή
3182 2369 3464 2440 ἀληθείαις
3516 2377 3874 2447 ποιχοῦντας
3926 2374 4059 2440 ἀφο-

2403 2463 2623 2531 ρισμοῖς
2708 2452 3110 2527 καθυπῶαλον,
3186 2458 3314 2521 τοὺς
3393 2457 3450 2514 δέ
3508 2457 3760 2534 πρέσϐεις
3823 2459 4058 2533 μηδενὸς

2403 2546 2726 2619 ἀξιώσαντες
2793 2552 2900 2603 τῶν
2964 2546 3190 2604 εἲκὸτων
3245 2547 3564 2622 ἀπέπεμπον
3594 2592 3606 2606 .
3666 2548 3842 2605 Ταῦτα
3901 2552 4068 2626 γνοὺς

2406 2780 2560 2820 nona
2581 2765 2637 2820 in
2664 2781 2827 2821 arces
2858 2771 3080 2838 quanta
3109 2784 3259 2839 opus
3280 2772 3404 2824 erat
3425 2767 3610 2837 illata,
3631 2767 3832 2840 legens
3865 2769 4064 2825 ﬂumi-

2405 2854 2497 2908 nis
2529 2854 2714 2925 ripam
2750 2855 2943 2910 Pruste
2977 2855 3244 2926 partibus
3275 2873 3336 2910 se
3369 2857 3662 2923 admovet,
3703 2856 4068 2926 diligentiori

2404 2941 2767 3014 inspectione
2799 2943 3058 3000 locorum
3101 2946 3468 3014 earumdem,
3500 2946 3584 3000 uti
3631 2949 3692 3000 et
3740 2945 3921 3017 plena
3969 2964 4067 3002 ex-

2403 3031 2672 3101 pulsione
2704 3033 2838 3088 inde
2870 3033 3153 3103 hostium,
3188 3034 3243 3088 in
3277 3039 3511 3106 tempus
3539 3037 3946 3106 opportunum
3979 3037 4062 3090 dio

2404 3123 2558 3178 latis.

2461 3265 2550 3319 30.
2585 3266 2657 3320 De
2685 3266 3070 3337 apocrisiarii:
3099 3267 3176 3322 ad
3203 3283 3407 3337 papam
3441 3268 3752 3322 Martinam
3784 3268 3992 3326 missis.

2465 3389 2720 3461 Contigit
2765 3395 2961 3446 autem
3020 3395 3161 3446 tunc
3211 3391 3364 3462 apud
3419 3391 3656 3446 Prusam
3711 3391 4062 3464 imperatori

2395 3481 2784 3536 commoranti
2807 3482 3001 3536 atl'erri
3022 3480 3296 3536 nuntium
3321 3481 3392 3535 de
3416 3484 3571 3536 statu
3587 3497 3785 3536 rerum
3805 3499 4061 3538 suarum

2396 3571 2549 3640 apud
2590 3586 2826 3640 papam.
2858 3571 3143 3625 Martinus
3173 3569 3269 3625 hic
3300 3574 3445 3636 erat,
3480 3570 3580 3640 qui
3628 3570 3874 3626 Nicolao
3927 3589 4063 3626 suc-

2394 3663 2673 3712 cesserat.
2709 3659 2787 3712 Ad
2823 3659 2980 3713 hunc
3012 3663 3406 3714 maturaverat
3437 3659 3669 3714 mittere
3700 3661 4068 3717 Heracleen-

2395 3762 2517 3801 sem
2549 3747 2891 3817 episcopum
2930 3747 3178 3803 Leonem
3200 3755 3258 3803 et
3275 3748 3574 3803 Nicaenum
3607 3750 4063 3820 Theophanem.

2393 3834 2607 3890 Verum
2643 3835 2700 3890 bi
2720 3836 2951 3908 appulsi
2973 3854 3086 3908 quo
3113 3838 3520 3903 mittebantur,
3546 3838 3699 3893 haud
3723 3842 4064 3895 secundum

2393 3925 2888 3995 exspectationem
2932 3926 3198 3996 ipsorum
3249 3926 3386 3980 istic
3435 3933 3576 3980 sunt
3621 3928 3876 3996 excepti,
3916 3931 4059 3999 quin

2391 4014 2591 4068 omnia
2643 4015 2839 4085 potius
2868 4016 3120 4086 speratis
3151 4015 3372 4086 experti
3405 4015 3716 4069 contraria.
3753 4015 4060 4070 Nimirum

2391 4103 2581 4158 edocti
2617 4105 2687 4158 ad
2721 4121 2920 4159 verum
2955 4105 3195 4159 Romani
3229 4106 3299 4158 de
3332 4105 3508 4158 rebus
3540 4104 3781 4169 nostris,
3807 4111 3868 4160 et
3905 4107 4064 4177 quod

2392 4199 2619 4247 reserat
2641 4194 2949 4265 suspicati,
2970 4195 3167 4258 istam,
3192 4210 3316 4264 quae
3332 4195 4064 4265 magnoperejactabatur,

2391 4297 2590 4351 pacem
2627 4283 2774 4336 nihil
2809 4284 3047 4337 demum
3082 4282 3242 4337 aliud
3268 4283 3384 4337 nisi
3417 4283 3612 4336 fucum
3642 4289 3697 4338 et
3721 4283 4062 4339 ludibrium

2389 4391 2515 4428 esse
2538 4376 2770 4444 (praeter
2792 4374 3004 4444 quippe
3039 4374 3450 4443 imperatorem
3485 4371 3676 4426 solum
3711 4380 3768 4426 et
3805 4377 4070 4442 patriar-

2387 4465 2559 4518 cbum
2585 4463 2990 4533 quosdamque
3011 4478 3140 4516 cum
3171 4463 3261 4516 his
3285 4463 3583 4522 assiduos.
3609 4469 3858 4517 cateros
3887 4465 4064 4534 plane

2386 4567 2590 4605 omnes
2621 4551 2834 4606 tendere
2866 4550 3231 4615 concordiae),
3266 4549 3510 4620 insuper
3559 4551 3738 4604 etiam
3793 4551 3940 4606 illas
3997 4555 4069 4605 ab

613 4646 883 4718 opposito
917 4645 1184 4708 studens,
1213 4658 1283 4696 ne
1305 4648 1369 4696 ut
1391 4647 1562 4696 antea
1584 4639 1946 4711 praelicenter
1968 4638 2115 4692 citra
2147 4653 2262 4691 me-
2301 4631 2350 4692 D
2383 4640 2734 4709 imperatore
2758 4639 2827 4692 ad
2853 4639 3026 4692 fidem
3062 4639 3222 4708 pacis
3254 4639 3479 4693 sincere
3504 4639 3658 4692 inita:
3711 4640 4063 4696 faciendam

607 4742 737 4793 tum
765 4736 935 4790 illum
960 4751 1074 4806 quo
1105 4734 1343 4788 lubcbat
1375 4732 1790 4802 irrumperent,
1812 4729 2166 4784 inobservati
2201 4744 2269 4782 ex

607 4825 927 4898 improviso
977 4824 1292 4885 irruentes,
1339 4821 1706 4892 securigeras
1755 4834 1969 4889 magno
2022 4833 2267 4871 numero

604 4915 950 4987 congregari
987 4913 1273 4985 praecipit,
1299 4916 1357 4966 et
1387 4909 1818 4982 longitudinem
1851 4907 2013 4962 ﬂuvii
2043 4908 2269 4962 dimen-

605 5022 710 5060 sus
768 5008 1053 5075 quantam
1115 4999 1460 5072 expediebat
1506 5013 1682 5069 opere
1731 4997 1975 5062 muniri,
2011 4996 2266 5066 huicque

605 5096 813 5150 idonea
857 5094 1172 5148 latitudine
1222 5093 1390 5161 juxta
1443 5105 1764 5160 congruam
1830 5086 2264 5159 proportionem

603 5185 1070 5253 accommodata,
1131 5183 1405 5237 festinato
1462 5196 1643 5235 casas
1705 5180 1945 5234 arbores
2015 5177 2263 5233 invicem

605 5275 931 5332 coacervari
966 5291 1083 5328 una
1115 5272 1215 5326 uni
1244 5268 1842 5341 superpositajussit,
1878 5266 2263 5338 colligarique

601 5370 812 5421 mutuo
861 5361 1182 5434 implicatis
1234 5361 1496 5432 ipsarum
1538 5357 1692 5415 505
1741 5357 1941 5423 ramis,
1971 5355 2262 5412 densitate

601 5462 763 5512 tanta
796 5461 861 5510 ut
891 5471 964 5509 ne
995 5451 1173 5522 angui
1201 5451 1438 5521 quidem
1475 5449 1593 5504 fere
1625 5449 1893 5520 quaedam
1948 5447 2068 5501 hac
2106 5445 2263 5501 velut

599 5563 768 5618 sepes
801 5545 1082 5617 praberet
1112 5541 1454 5597 transitum.
1476 5540 1582 5594 His
1602 5539 1660 5593 in
1687 5554 1946 5610 praesens
1976 5537 2262 5592 ordinatis

598 5641 656 5692 et
681 5635 952 5707 provisis.
991 5649 1123 5688 cum
1181 5630 1517 5685 ulteriorem
1573 5629 1706 5683 istic
1759 5644 1984 5682 moram
2036 5628 2263 5682 incom—

593 5726 770 5783 moda
820 5725 1226 5798 gravescentia
1261 5737 1372 5774 non
1406 5719 1832 5786 permitterent,
1866 5718 2102 5773 tandem
2153 5734 2258 5772 an-

2382 4729 2680 4784 atl‘ectatas
2715 4744 3018 4799 poenarum
3045 4728 3118 4782 ab
3143 4728 3413 4782 Ecclesia
3436 4728 3908 4782 mansuetudine
3930 4730 4071 4782 alie-

2381 4833 2593 4872 narum
2627 4818 2962 4871 atrocitates
2999 4816 3420 4887 improbantes,
3476 4815 3686 4886 frigide
3720 4815 3962 4886 legatos
3998 4835 4064 4871 ac

2377 4905 2762 4976 contemptim
2797 4905 3074 4969 habuere,
3101 4921 3206 4960 nec
3238 4920 3338 4959 eos
3371 4903 3486 4960 nisi
3518 4921 3649 4959 sero
3673 4904 3770 4960 vix
3801 4908 4062 4961 tandem

2378 5003 2435 5052 et
2465 5012 2616 5067 egre
2655 4997 2727 5050 ad
2780 5012 2990 5067 papam
3025 4996 3498 5063 introduxerunt,
3531 5011 3600 5050 eo
3632 4995 3883 5051 demum
3921 5014 4062 5053 suc-

2376 5103 2548 5142 cessu
2582 5086 2916 5157 legationis,
2945 5090 3008 5140 ut
3035 5087 3357 5156 imperator
3385 5101 3520 5140 cum
3575 5085 3700 5140 suis
3748 5090 4058 5158 tanquam

2376 5174 2739 5236 illusores,et
2762 5173 3269 5229 ostentationibus
3290 5172 3713 5245 suppliciorum
3748 5175 3821 5228 ad
3862 5176 4061 5230 simu-

2377 5263 2640 5329 landum,
2665 5279 2845 5334 quam
2862 5279 2994 5319 vere
3010 5262 3416 5329 noninierant,
3441 5263 3818 5317 concordiam
3848 5265 4059 5328 abusi,

2377 5354 2744 5409 anathemati
2777 5353 3232 5421 subjicerentur.
3268 5354 3390 5417 Quo
3425 5351 3574 5407 facto
3599 5351 3832 5422 legatos
3885 5353 4058 5408 nulla

2375 5445 2649 5514 dignatos
2700 5442 3113 5498 benevolentia:
3163 5449 3266 5497 aut
3319 5442 3557 5497 honoris
3605 5443 4058 5512 significatione

2374 5534 2750 5589 dimiserunt.
2786 5533 2938 5588 σου
2965 5531 3093 5587 Haec
3149 5531 3250 5586 ubi
3304 5532 3642 5587 renuntiata
3692 5533 4051 5603 imperatori

2377 5643 2479 5698 per
2511 5625 2806 5680 Nicmnum
2843 5629 2981 5679 sunt
3005 5626 3166 5695 (nam
3199 5621 3540 5679 lieracleota
3561 5622 3864 5679 eoitinere
3888 5624 4049 5679 obie-

2380 5719 2493 5784 rat)
2517 5715 2932 5786 indignissime
2963 5714 3118 5784 tulit,
3143 5713 3287 5769 adeo
3322 5717 3387 5767 ut
3415 5729 3549 5768 cum
3582 5713 3738 5768 inter
3768 5730 3938 5769 sacra
3973 5715 4044 5767 de
