4242 6438
223 424 328 482 969

1260 413 1378 477 ’ΒΕ
1414 421 1785 478 MICHAELB
1821 418 2267 477 PALBOLOGO
2300 422 2435 477 LIB.
2476 424 2574 479 VI.

3519 423 3627 480 970

226 546 480 623 βασιλεὺς
513 546 659 620 παρᾶ
686 549 783 600 τοῦ
816 543 1040 607 Νικαίας
1086 539 1400 604 ἐπανιόντος
1455 543 1505 613 (ὁ
1560 540 1661 615 γὰρ
1692 542 1863 614 Ἡρα·
1893 544 1942 607 Α
2039 538 2141 597 λα’.
2192 542 2320 617 Περί
2358 547 2465 597 τῶν
2508 541 2784 614 διαθηκῶν
2821 549 2918 599 τοῦ
2956 548 3300 622 πατριάρχου
3342 548 3562 622 Ἰωσήφ.

220 637 406 699 κλείας
440 636 732 707 ἐτεθνήκει)
791 633 845 688 ἐν
906 631 1066 704 δεινῷ
1122 632 1384 697 ἐποιεῖτο,
1433 626 1572 685 ὥστε
1625 630 1715 683 κιὶ
1772 629 1868 683 τοῦ

220 724 472 781 διακόνου
532 723 834 796 μέλλοντος
890 720 1252 795 μνημονεύειν
1322 724 1419 774 τοῦ
1472 718 1664 773 πάππα
1733 716 1867 771 κατὰ

216 818 277 870 τὸ
332 815 556 883 σύνηθες
618 813 885 888 βασιλέως
940 810 1205 885 παρόντος
1261 810 1289 863 ὁ
1332 812 1541 882 κρατῶν
1578 805 1863 873 διεκώλυε,

214 901 358 958 καλά
404 902 576 976 λέγων
606 903 703 969 τῆς
729 899 939 976 ἀγάπης
990 897 1207 953 ἐκείνων
1259 897 1579 967 ἀπόνασθαι,
1611 894 1735 948 ὥστ’
1770 893 1865 948 αύ-

210 993 303 1047 τὸν
340 992 434 1064 μὲν
466 990 849 1061 ἐκπολεμῶσαι
890 987 960 1041 δι’
990 986 1230 1048 ἐκείνους
1253 987 1427 1056 ἑαυτῷ
1445 984 1573 1047 τοὺς
1603 982 1859 1048 οἰκείους,

211 1080 450 1141 ἐκείνους
484 1075 540 1132 δέ
574 1079 651 1150 μή
684 1079 832 1138 ὅπως
859 1078 1023 1149 γθάριν
1074 1074 1244 1148 ἔχειν,
1288 1072 1433 1128 ἀλλᾶ
1462 1072 1550 1126 καὶ
1582 1090 1860 1146 προσαιρο-

210 1170 399 1243 ρίζειν.
442 1162 581 1224 Τότε
608 1164 665 1221 δὲ
710 1167 797 1220 καὶ
833 1164 1077 1219 διαλύειν
1127 1162 1294 1231 ἤθελε
1321 1163 1416 1224 τας
1447 1157 1706 1221 σπονδάς.
1751 1158 1860 1214 Κᾶν

210 1255 520 1323 διελύοντο,
570 1254 615 1310 εἶ
666 1256 740 1326 μή
773 1275 825 1308 τι
857 1253 1183 1327 προσίστατο
1208 1254 1277 1323 τῇ
1315 1248 1507 1325 βουλῇ.
1563 1248 1727 1305 Αὐτὸν
1764 1248 1857 1318 μὲν

206 1348 312 1421 γὰρ
360 1344 548 1400 πολλᾶ
574 1350 762 1407 παοεῖν
810 1340 899 1397 διὰ
927 1346 1093 1395 ταῦτα
1138 1341 1227 1395 καὶ
1278 1338 1441 1412 μόλις
1493 1337 1701 1404 ἀνύσαι,
1761 1335 1857 1390 κᾶν

206 1419 528 1503 ἐξαπιναίως
585 1432 707 1485 Αύοι
766 1419 1131 1501 παλινῳδῶν,
1189 1426 1503 1485 ἐπιστάντος
1562 1422 1650 1477 καὶ
1708 1421 1859 1484 αὖθις

204 1527 399 1597 καιροῦ
427 1525 523 1575 τοῦ
574 1524 740 1575 ταῦτα
774 1520 1101 1588 ζητήσοντος
1138 1517 1213 1588 μή
1257 1516 1337 1587 [Ρ.
1371 1514 1496 1584 345]
1548 1511 1607 1565 ἂν
1658 1510 1859 1565 ἀνυστά

202 1615 447 1689 γενέσθαι
478 1613 539 1666 τὸ
572 1611 821 1665 σύνοΑον.
858 1613 1069 1683 Χωρεῖν
1103 1604 1161 1661 δὶ
1209 1604 1395 1666 ἄλλως
1445 1604 1535 1658 καὶ
1580 1602 1656 1664 εἷς
1690 1622 1856 1675 μετα-

203 1698 379 1771 ϐολὴν
411 1702 477 1756 τά
500 1708 599 1770 τῆς
649 1697 978 1768 Ἐκκλησίας
1010 1695 1310 1770 πράγματα
1336 1698 1434 1748 τοῦ
1484 1693 1687 1766 Ἰωσὴφ
1735 1691 1857 1745 ἐπι-

200 1792 585 1851 καταστάντος.
616 1787 791 1843 Αὐτὸν
830 1787 926 1859 μὲν
986 1783 1076 1839 οὖν
1134 1784 1223 1838 καὶ
1283 1783 1551 1858 εἰρηνικὸν
1585 1781 1661 1842 εἱς
1720 1780 1856 1834 ἅπαν

202 1881 366 1946 εἶναι,
423 1879 513 1933 καὶ
574 1874 743 1950 μηδὲν
799 1875 850 1945 ἐξ
907 1875 1074 1928 αὐτοῦ
1105 1872 1372 1927 πιστεύειν
1399 1876 1505 1926 τῶν
1541 1869 1849 1939 ἀνηκέστων

199 1971 497 2044 γίνεσθαι,
556 1966 619 2021 ού
698 1966 805 2037 μὴν
865 1962 992 2018 ἀλλ’
1049 1963 1284 2036 ἀνάγκην
1354 1961 1482 2016 εἶναι
1556 1959 1645 2013 καὶ
1718 1957 1845 2019 τοὺς

195 2060 543 2128 κινήσοντας.
595 2056 691 2109 Καὶ
738 2054 888 2108 ταῦτ’
916 2050 1023 2127 οὐχ
1065 2049 1254 2111 ἁπλῶς
1286 2051 1601 2104 ὑποπτευων
1642 2047 1846 2121 ἔλεγεν,

195 2146 346 2202 ἀλλά
399 2167 458 2220 γε
511 2144 575 2199 τὸ
632 2144 741 2218 πρὸ
795 2141 1002 2196 τούτοιν
1060 2134 1268 2212 συμϐὰν
1330 2139 1429 2193 ἀνα
1456 2138 1845 2211 ’ὅνΣά-(γαριν

195 2229 575 2311 διατρίϐοντος
633 2230 841 2302 δειλιᾷν
894 2230 1065 2284 ἐποίει
1122 2228 1381 2302 περὶτῶν
1415 2229 1558 2281 ὅλων
1610 2227 1702 2280 τὸν
1749 2226 1847 2299 βα-

193 2324 376 2394 σιλέα,
432 2321 488 2379 εἷ’
535 2342 653 2386 πως
712 2320 785 2383 ὡς
844 2317 1119 2398 ἐπισφαλῆ
1175 2317 1242 2372 τὰ
1300 2316 1617 2392 συγκείμενα
1658 2312 1850 2369 διαλύ-

192 2436 363 2477 σειιν.

188 2650 378 2700 more,
429 2633 782 2705 imperatore
823 2632 1129 2702 prasente,
1172 2628 1457 2683 diaconus
1504 2630 1846 2683 consuetam

187 2741 359 2797 papa
425 2718 1043 2777 commemorationem
1107 2718 1599 2788 pronuntiaturus
1666 2721 1844 2780 esset,

188 2814 465 2885 princeps
516 2826 589 2865 ne
621 2810 838 2864 faceret
869 2806 1254 2878 prohibuerit.
1297 2805 1491 2861 Palam
1526 2808 1721 2860 autem
1774 2805 1846 2860 ad

189 2900 518 2955 familiares
548 2912 936 2967 conquerens,
978 2895 1151 2950 aebat
1180 2894 1515 2964 praclarum
1547 2892 1848 2948 enimvero

187 2990 310 3045 sibi
346 2988 601 3043 fructum
652 2991 922 3041 constare
957 2983 1260 3039 cbaritatis
1309 2983 1367 3037 in
1402 2982 1639 3037 Latinos
1672 2998 1792 3037 sua
1831 2997 1844 3037 :

186 3094 255 3133 se
323 3093 535 3148 nempe
596 3091 776 3133 causa
830 3088 1032 3128 eorum
1094 3071 1444 3127 necessariis
1494 3070 1668 3127 etiam
1720 3069 1847 3125 suis

182 3166 516 3221 certamine
548 3167 846 3234 suscepto,
880 3179 951 3217 ne
982 3162 1169 3231 panis
1201 3162 1440 3231 quidem
1470 3159 1706 3217 acribus
1737 3160 1843 3214 du-

2046 634 2104 686 Ὁ
2137 630 2230 701 μὶν
2260 632 2360 705 γάρ
2392 633 2593 709 Ἰωσὴφ
2625 631 3076 707 προσδοκήσιμος
3120 631 3193 688 ὤν
3252 635 3339 690 ἐπὶ
3390 637 3469 707 τῷ
3529 648 3622 699 01-

1975 722 2083 771 νεῖν
2139 720 2235 780 τας
2268 716 2526 790 διαθήκας
2577 720 2813 791 ἐξήνυεν,
2872 723 2936 791 ἦν
2998 721 3054 777 δέ
3105 724 3260 799 χρεία
3314 732 3623 796 μεμνῆσθαι

1975 806 2062 860 καὶ
2100 807 2365 880 βασιλέως
2394 810 2608 879 καὶτῆς
2642 812 2773 884 ὑπὲρ
2816 811 3023 865 ἐκείνου
3074 812 3265 887 εὐχῆς.
3302 814 3403 866 Καὶ
3449 813 3625 884 ἐμέμ-

1973 894 2105 963 νητό
2136 915 2198 968 γε
2227 894 2317 947 καὶ
2350 893 2579 970 ηὔχετο,
2624 897 2685 951 ού
2736 898 2843 969 μὴν
2892 894 2949 951 δέ
2996 898 3301 973 προσετίθει
3354 900 3416 953 τὸ
3448 902 3626 974 ἅγιος,

1972 982 2001 1036 ’ὁ
2049 984 2277 1052 σύνηθες
2320 982 2465 1057 ἔχειν
2517 986 2589 1046 ὡς
2638 985 2957 1059 χρισθέντας
2992 986 3151 1060 μύρῳ
3182 986 3308 1048 τοὺς
3353 988 3617 1061 βασιλεῖς.

1970 1071 2030 1126 Ὀ
2064 1068 2118 1125 δέ
2178 1070 2431 1146 βασιλεὺς
2480 1073 2621 1127 οὕτω
2652 1076 2992 1150 πεμφθείσης
3040 1074 3248 1144 ἐκείνην
3281 1074 3409 1131 ἰδὼν
3460 1074 3625 1151 ἔχου-

1972 1180 2062 1213 σαν
2112 1158 2481 1236 ἐδυσχέραινε,
2533 1161 2621 1216 καὶ
2678 1164 2871 1239 γράφει
2933 1165 3028 1236 μὲν
3085 1166 3420 1239 πατριάρχῃ,
3478 1167 3621 1241 γρά-

1970 1270 2056 1326 φει
2107 1247 2164 1303 δέ
2211 1250 2299 1304 καὶ
2347 1256 2427 1323 τῷ
2472 1254 2571 1320 τήν
2623 1251 2786 1306 πόλιν
2818 1252 3289 1326 ἐπιτετραμμένῳ,
3362 1257 3621 1327 μανθάνει

1968 1336 2283 1411 ἐρωτῶντας
2332 1344 2447 1402 πῶς
2499 1344 2660 1395 τοῦτο
2691 1341 2995 1416 πέπρακταί
3050 1343 3100 1397 οἱ
3148 1343 3238 1397 καὶ
3271 1343 3349 1421 ἐφ’
3381 1344 3409 1398 ’ὁ
3434 1365 3487 1397 τι
3516 1351 3620 1412 τῆς

1971 1425 2247 1499 βασιλείας
2272 1426 2493 1481 κολούει
2524 1428 2586 1482 τὸ
2612 1429 2761 1503 ἅγιος
2820 1432 2905 1498 Μή
2942 1450 3058 1491 πως
3086 1430 3159 1491 ὡς
3192 1429 3429 1502 ἀνάξιον,
3462 1432 3617 1505 φησὶ,

1971 1535 2037 1586 με
2078 1515 2275 1588 κρίνων
2330 1522 2431 1583 τῆς
2488 1517 2763 1590 ἁγιστείας
2822 1516 2965 1572 οὕτω
3018 1520 3249 1597 ﬁdem;
3308 1519 3617 1595 Γέγραπται

1967 1600 2013 1656 δ’
2071 1603 2203 1678 ὑπὲρ
2259 1603 2467 1658 τούτων
2523 1605 2612 1658 καὶ
2664 1610 2745 1677 τῷ
2803 1608 3145 1681 Ἀντιοχείας
3188 1609 3505 1684 πατριάρχῃ
3538 1610 3619 1679 τῴ

1966 1691 2245 1767 Πρίγκιπι.
2292 1691 2360 1749 O'i
2407 1694 2497 1747 καὶ
2547 1694 2853 1767 πέμψαντες
2883 1693 3241 1751 ἐπυνθάνοντο
3287 1698 3386 1766 τήν
3443 1697 3616 1751 αἶ’τίαν

1962 1784 2058 1834 to?)
2114 1779 2257 1835 οὕτω
2312 1780 2557 1859 γράφειν,
2612 1783 2690 1843 ὡς
2739 1781 2993 1847 οὲλοντος
3053 1788 3258 1858 γνῶναι
3313 1786 3404 1839 καὶ
3466 1786 3616 1860 βασι-

1965 1868 2126 1931 λέως.
2188 1869 2287 1925 Καὶ
2338 1871 2396 1932 ὃς
2449 1871 2710 1943 μετετίθει
2742 1874 2841 1939 τήν
2890 1872 3098 1927 τούτων
3130 1873 3302 1927 αἰτίαν
3353 1874 3429 1937 εἰς
3483 1874 3613 1938 τοὺς

1956 1959 2089 2034 ἀμφ’
2137 1958 2296 2013 αὑτὸν
2333 1958 2629 2034 μοναχοὺς,
2678 1961 2763 2014 καὶ
2799 1961 2873 2021 εἷς
2902 1961 3079 2016 πίστιν
3134 1959 3311 2033 ἄλλην
3370 1970 3607 2038 προῆγεν

1958 2048 2133 2109 οὕτως
2200 2045 2432 2122 ἔχουσαν
2493 2047 2578 2103 ἐπὶ
2638 2056 2768 2103 πᾶσι
2826 2047 2974 2117 πλήν
3051 2052 3451 2125 προσκειμένης
3509 2059 3609 2121 τῆς

1958 2136 2267 2211 ἁγιότητος.
2338 2136 2555 2206 Ταύτην
2627 2142 2755 2211 γοῦν
2820 2138 3123 2215 ἐμφανίζων
3183 2134 3334 2213 ἔλεγε
3382 2142 3605 2217 γράφειν

1956 2226 2018 2279 τὸ
2064 2224 2348 2300 πρότερον·
2402 2225 2515 2281 ἐπεὶ
2569 2224 2625 2281 δέ
2673 2228 2725 2281 οἱ
2775 2229 2897 2300 περὶ
2928 2226 3087 2282 αὐτὸν
3139 2225 3606 2297 σκανδαΑίζοιντο,

1960 2316 2353 2388 μετεγγράφειν
2408 2315 2628 2378 άσαῦοις
2685 2317 2783 2383 τὴν
2846 2315 2898 2377 ἐς
2961 2322 3150 2391 χεῖρας
3200 2319 3399 2385 ταύτην
3454 2338 3608 2392 γεγο-

1956 2407 2105 2457 νυῖαν
2152 2406 2232 2474 τῷ
2281 2403 2516 2479 βασιλεῖ.
2576 2404 2764 2466 Οὕτως
2823 2404 2890 2474 ἦν
2940 2403 3137 2467 ἐκεῖνος
3195 2404 3467 2482 εἰρηνικὸς
3528 2405 3611 2483 ἐφ’

1959 2623 2112 2695 quod
2145 2638 2212 2678 eo
2261 2622 2415 2694 apud
2443 2623 2752 2695 Sangarim
2786 2640 2974 2696 nuper
3019 2628 3229 2697 agente
3257 2624 3605 2699 contigerat:

2168 2766 2258 2820 3t.
2297 2770 2379 2820 De
2420 2768 2741 2821 testamento
2776 2766 3118 2837 patriarcha
3155 2766 3392 2841 Iosephi.

2027 2888 2173 2944 Cum
2208 2890 2364 2945 enim
2398 2906 2500 2961 per
2538 2890 2595 2945 id
2627 2895 2862 2962 tempus
2896 2933 2909 2958 ,
2944 2890 3100 2946 brevi
3136 2890 3459 2947 moriturus
3492 2934 3506 2959 ,
3541 2896 3609 2947 ut

1954 2982 2083 3033 tum
2117 2978 2455 3049 putabatur,
2488 2979 2784 3050 Josepbus
2816 2984 2997 3035 testes
3030 2979 3252 3035 ultima
3286 2979 3610 3036 voluntatis

1955 3066 2188 3123 tabulas
2219 3067 2329 3123 rite
2361 3067 2507 3123 507
2544 3068 2939 3124 conﬁciendas
2970 3069 3324 3139 censuisset,
3353 3068 3413 3124 in
3447 3070 3520 3125 iis
3542 3086 3610 3125 ex

1958 3172 2115 3211 more
2162 3155 2517 3211 mentionem
2568 3157 2959 3228 imperatoris,
2991 3158 3102 3229 ipsi
3134 3159 3281 3214 bene
3307 3160 3603 3229 precando

178 3256 345 3310 bitas
380 3272 444 3310 se
477 3254 637 3326 ipsos
666 3251 1073 3322 comprimere,
1106 3249 1240 3305 illos
1271 3254 1463 3305 autem
1498 3267 1602 3322 pro
1634 3248 1841 3321 gratiis
1871 3266 1914 3334 ρ
1958 3245 2200 3311 faciens,
2252 3244 2476 3300 nomini
2526 3246 2654 3317 ejus
2701 3246 3054 3302 vocabulum
3103 3246 3281 3319 ἅγιος,
3334 3246 3443 3303 hoc
3487 3254 3597 3318 est,

181 3362 311 3400 sua
344 3348 520 3399 tanta
550 3342 608 3397 in
636 3342 749 3396 fide
772 3341 1036 3412 ipsorum
1068 3339 1411 3394 constantia
1434 3338 1651 3393 debitis
1680 3337 1841 3392 diras

179 3440 245 3489 et
277 3432 709 3489 exsecrationes
752 3430 986 3484 referre.
1018 3432 1179 3483 Tunc
1210 3426 1383 3497 igitur
1416 3442 1683 3482 revocare
1714 3442 1843 3481 om—

174 3523 288 3579 nia
337 3521 501 3593 prius
550 3518 776 3575 sancita
806 3522 863 3572 et
910 3523 1105 3571 tutum
1157 3517 1480 3572 concordia
1521 3520 1837 3571 tractatum

175 3611 523 3668 rescindere
554 3607 757 3663 voluit.
793 3607 1168 3677 Fecissetque
1198 3606 1498 3675 continuo,
1534 3604 1590 3661 ni
1623 3605 1695 3660 ab
1730 3604 1838 3659 hoc

159 3717 309 3757 eum
339 3697 587 3755 consilio
609 3697 876 3769 quadam
908 3695 1637 3765 revocassentR.eputabat
1668 3693 1836 3748 vide-

160 3790 334 3853 licet,
371 3789 423 3844 si
460 3786 619 3859 quod
652 3792 771 3841 tam
804 3784 978 3857 longa
1005 3790 1062 3839 et
1092 3784 1385 3839 laboriosa
1408 3782 1711 3839 molitione
1742 3783 1835 3836 vix

160 3880 415 3936 tandem
434 3874 691 3933 summis
711 3891 837 3929 suis
860 3873 1140 3929 arumnis
1163 3872 1523 3945 perfecisset,
1539 3876 1832 3928 momento

158 3967 478 4038 disjiceret
509 4007 523 4032 ,
577 3963 1082 4033 mutationemque
1124 3978 1192 4018 ac
1242 3961 1664 4017 revocationem
1711 3966 1830 4016 tam

154 4064 331 4114 certo
381 4071 445 4109 ac
480 4054 673 4122 palam
722 4056 1056 4107 contestata
1089 4050 1299 4122 prioris
1331 4050 1636 4105 sententia
1679 4048 1828 4103 ultro

154 4145 549 4219 proﬁteretur
598 4184 613 4209 ,
664 4142 803 4196 inde
851 4142 1135 4195 armanda
1184 4141 1330 4196 forte
1380 4147 1580 4195 contra
1630 4139 1825 4210 ipsum

151 4235 308 4291 odia
341 4230 765 4287 malevolorum
802 4274 815 4296 ,
849 4236 907 4284 et
946 4230 1212 4283 futurum
1248 4246 1362 4283 non
1395 4228 1829 4284 inversimiliter

145 4331 412 4395 tempus
460 4336 576 4392 quo
609 4335 724 4375 non
775 4323 931 4373 esset
964 4318 1077 4389 ipsi
1120 4317 1265 4372 utile
1315 4318 1512 4388 priora
1541 4318 1663 4372 hac
1692 4318 1823 4387 ejus

141 4419 295 4469 acta
328 4426 439 4466 suo
491 4408 683 4481 ipsius
710 4407 891 4461 videri
926 4406 1206 4475 suffragio
1255 4406 1555 4461 damnata.
1598 4406 1824 4461 Veritus

139 4518 303 4574 ergo
336 4516 412 4554 ne
442 4498 493 4553 si
524 4498 675 4552 hanc
700 4496 1059 4567 palinodiam
1096 4495 1486 4566 pracipitarct
1508 4495 1822 4565 palamque

134 4588 591 4661 divulgaret,id
625 4591 825 4656 ageret
856 4585 1010 4655 quod
1027 4583 1344 4655 aliquando
1386 4584 1668 4639 infectum
1701 4584 1818 4639 vel.-

134 4683 250 4751 let,
305 4676 499 4733 satius
547 4676 712 4730 duxit
759 4675 1144 4746 supersedere
1179 4715 1192 4739 ,
1241 4674 1445 4728 videns
1502 4672 1825 4744 prasertim

130 4766 437 4827 Ecclesia
505 4782 597 4819 res
652 4764 708 4818 in
762 4762 1080 4818 notabilem
1135 4764 1518 4817 mutationem
1593 4780 1826 4833 pronas.

130 4863 521 4928 Quanquam
556 4856 717 4909 enim
748 4894 761 4917 ,
796 4852 845 4908 si
876 4853 1167 4923 Josepbus
1191 4894 1209 4917 ,
1243 4854 1399 4923 quod
1433 4854 1695 4907 futurum
1729 4870 1829 4923 ap-

131 4949 412 5023 parebat
442 4989 458 5015 ,
491 4944 691 4999 denuo
726 4942 786 4997 in
818 4942 955 4998 sede
988 4941 1364 5013 patriarcbali
1397 4948 1777 5013 reponeretur
1811 4981 1824 5006 ,

121 5042 207 5097 ab
242 5039 393 5110 ipso
424 5034 690 5105 quidem,
721 5032 894 5102 cujus
918 5030 1060 5086 mite
1084 5048 1152 5087 ac
1179 5031 1487 5103 paciﬁcum
1519 5030 1823 5102 ingenium

120 5127 561 5203 perspexerat,
595 5120 743 5177 nihil
776 5122 1080 5176 adversum
1112 5136 1173 5174 se
1205 5120 1513 5175 sinistrum
1544 5127 1645 5175 aut
1674 5120 1818 5175 int'e-

117 5227 306 5277 stum
364 5218 657 5269 tentatum
691 5211 762 5265 iri
818 5210 1171 5277 conﬁdebat,
1220 5215 1417 5264 tamen
1459 5210 1614 5280 quod
1662 5209 1817 5265 idem

114 5313 303 5366 esset
341 5302 539 5366 facilis
568 5301 638 5355 ad
674 5298 1008 5373 sequendos
1058 5298 1352 5369 impulsus
1383 5298 1628 5354 aliorum
1663 5340 1678 5366 ,
1712 5314 1818 5353 nec

113 5391 422 5456 defuturi
455 5390 797 5445 viderentur
841 5388 940 5459 qui
986 5402 1117 5442 eum
1151 5388 1226 5443 ad
1276 5387 1545 5458 exempta
1592 5387 1816 5443 edenda

111 5491 178 5545 in
220 5481 416 5559 pacis
446 5479 646 5535 invisa
663 5481 933 5533 auctores
966 5476 1340 5547 instigarent,
1371 5477 1816 5547 temperandum

100 5569 443 5654 judicavit
473 5584 507 5622 a
536 5583 599 5623 se
630 5566 759 5638 ipso
791 5564 948 5621 ultro
979 5565 1456 5637 pradamnando.
1491 5565 1676 5630 Quam
1708 5582 1810 5621 au-

106 5677 247 5725 tem
281 5675 424 5719 non
452 5673 600 5714 vane
630 5655 746 5713 tale
771 5654 914 5727 quid
936 5660 1223 5711 metueret
1242 5656 1315 5711 ab
1339 5654 1579 5711 asseclis
1600 5661 1657 5711 et
1677 5673 1809 5711 con-

104 5752 373 5819 siliaris
425 5746 664 5822 Josepbi
692 5788 707 5817 ,
779 5745 1227 5804 demonstrabat
1295 5761 1501 5805 recens
1550 5746 1805 5817 factum,

478 5870 748 5933 Panos.
796 5865 908 5929 Ga.
954 5864 1209 5929 CXLIII.

1956 3340 2200 3391 sanctus
2229 3342 2329 3391 aut
2350 3353 2533 3404 sacer,
2559 3353 2674 3392 non
2706 3337 2995 3407 adjunxit,
3018 3354 3132 3409 quo
3155 3344 3349 3393 tamen
3381 3338 3601 3411 passim

1952 3423 2337 3494 imperatores
2388 3426 2657 3482 honorari
2704 3433 3154 3493 consueverunt,
3199 3444 3268 3482 ex
3299 3444 3415 3498 quo
3449 3428 3599 3484 sacri

1952 3515 2228 3571 unctione
2257 3516 2367 3572 olei
2413 3522 2554 3571 sunt
2602 3517 2961 3590 inaugurati.
3013 3519 3125 3573 Eas
3156 3516 3385 3573 tabulas
3433 3519 3504 3574 ad
3537 3536 3599 3574 se

1950 3604 2174 3660 delatas
2192 3605 3015 3678 imperator,legens,miratus
3040 3608 3096 3661 in
3119 3607 3193 3662 iis
3215 3607 3599 3663 emissionem

1949 3710 2186 3763 novam,
2238 3694 2473 3766 scripsit
2504 3695 2575 3749 ad
2622 3696 3013 3765 patriarcham
3044 3712 3111 3750 ea
3142 3696 3211 3750 de
3248 3712 3309 3751 re
3340 3712 3600 3769 conque-

1948 3797 2122 3838 rens:
2155 3782 2393 3855 scripsit
2437 3782 2614 3838 etiam
2647 3784 2717 3838 ad
2768 3784 3105 3855 prafectum
3142 3783 3303 3839 urbis
3338 3827 3351 3852 ,
3377 3786 3596 3854 jubens

1946 3871 2100 3926 serio
2132 3872 2430 3943 inquirere
2462 3888 2578 3943 quo
2612 3872 2668 3926 id
2688 3889 2883 3929 errore
2902 3889 3087 3944 quove
3109 3874 3349 3928 consilio
3375 3874 3593 3929 factum

1942 3960 2025 4016 ita
2055 3966 2249 4016 esset:
2284 3961 2449 4028 Vide,
2476 3961 2773 4033 inquiens,
2799 3978 3080 4033 quorsum
3103 3962 3398 4035 Josepbus
3420 3980 3512 4018 me
3536 3965 3594 4019 in

1942 4051 2205 4105 ordinem
2254 4051 2542 4122 redegerit
2571 4058 2629 4106 et
2659 4052 2955 4123 immperii
2991 4053 3173 4107 nostri
3219 4053 3587 4123 majestatem

1941 4140 2315 4194 imminuerit
2338 4146 2547 4211 negato
2580 4140 2751 4195 titulo
2785 4142 2973 4195 sacri:
3009 4159 3083 4196 an
3115 4142 3268 4212 quod
3302 4159 3394 4197 me
3416 4159 3587 4213 pecu-

1940 4227 2166 4284 liariter
2191 4227 2291 4283 illo
2320 4230 2625 4300 indignum
2664 4236 2826 4300 putet
2847 4230 3137 4301 ?Scripsit
3162 4231 3341 4285 etiam
3372 4231 3430 4286 in
3455 4249 3594 4286 sen-

1937 4317 2181 4373 tentiam
2205 4319 2470 4373 eamdem
2488 4318 2742 4391 Principi
2767 4318 3090 4375 Anticheno
3114 4319 3594 4391 patriarcha;qui

1935 4424 2070 4462 cum
2104 4406 2278 4462 ambo
2312 4406 2618 4462 misissent
2649 4408 2718 4461 ad
2747 4406 3095 4479 Josephum,
3128 4414 3451 4480 quarentes
3484 4427 3589 4465 cur

1938 4496 2043 4551 boc
2093 4496 2348 4563 fecisset,
2400 4513 2613 4568 cupere
2644 4496 2803 4552 enim
2855 4498 3270 4568 imperatorem
3321 4498 3376 4552 id
3421 4498 3590 4569 scire,

1936 4584 2035 4639 ille
2086 4585 2320 4655 utrique
2352 4586 2673 4655 respondit,
2723 4585 2959 4657 culpam
2991 4587 3120 4656 ejus
3167 4586 3383 4643 erroris
3411 4604 3589 4657 penes

1938 4674 2261 4728 monachos
2313 4674 2427 4745 ipsi
2474 4674 2885 4730 ministrantes
2918 4676 3192 4731 residere.
3224 4676 3293 4730 Et
3324 4676 3381 4731 in
3416 4678 3590 4732 ﬁdem

1944 4763 2082 4817 dicti
2114 4764 2205 4816 sui
2234 4763 2478 4834 protulit
2510 4763 2885 4836 archetypum
2918 4766 3217 4836 exemplar
3248 4766 3588 4821 testamenti
3648 4776 3669 4809 ι

1940 4857 2149 4907 catera
2176 4851 2376 4907 omnia
2405 4852 2600 4908 simile
2631 4852 2853 4925 perlato
2876 4854 2946 4907 ad
2969 4858 3302 4926 Augustum
3322 4857 3589 4929 exemplo

1940 4943 2053 4998 nisi
2088 4942 2244 5013 quod
2277 4941 2487 4998 titulus
2518 4941 2694 5015 ἅγιος,
2736 4942 2838 5014 qui
2883 4943 3333 5001 desiderabatur
3362 4946 3419 5000 in
3453 4963 3591 5017 apo-

1939 5031 2184 5105 grapho,
2218 5030 2374 5087 clare
2425 5032 2481 5086 in
2515 5032 2876 5104 autographa
2926 5032 3251 5104 legebatur.
3296 5040 3367 5090 Se
3410 5035 3591 5107 igitur

1935 5121 2101 5194 prius
2133 5122 2212 5176 ita
2244 5121 2591 5191 scripsisse:
2618 5121 2894 5193 quoniam
2916 5139 3048 5178 vero
3080 5125 3180 5194 qui
3210 5124 3363 5180 circa
3395 5126 3589 5197 ipsum

1931 5215 2100 5268 erant
2142 5210 2683 5285 scandalizarentur
2716 5253 2731 5280 ,
2766 5216 2968 5283 postea
3007 5214 3311 5270 retinxisse
3342 5215 3400 5270 in
3449 5232 3580 5271 eam

1931 5306 2178 5361 formam
2211 5317 2338 5375 qua
2377 5301 2718 5372 imperatori
2762 5305 2919 5367 esset
2948 5300 3167 5359 oblata.
3201 5304 3281 5359 Ea
3329 5304 3589 5376 ingenua

1927 5388 2600 5461 confessioneJosephus
2621 5398 2675 5446 et
2693 5407 2860 5446 suam
2885 5390 3191 5463 paciﬁcam
3224 5392 3481 5450 indolem
3521 5403 3581 5452 et

1925 5495 2169 5535 suorum
2204 5478 2610 5535 ministerium
2644 5479 2702 5535 iu
2730 5483 3064 5552 Augustum
3093 5480 3372 5539 invidiam
3397 5484 3594 5540 decla-

1923 5569 2114 5636 ravit;
2148 5584 2509 5639 causamque
2530 5568 2670 5624 huic
2698 5570 2921 5639 justam
2946 5573 3191 5642 prabuit
3210 5572 3483 5644 timendi,
3507 5591 3541 5629 n
3561 5592 3592 5630 e

1919 5660 2041 5712 tam
2077 5655 2229 5712 male
2281 5657 2524 5713 animati
2554 5658 2613 5712 in
2650 5659 2844 5731 ipsum
2896 5659 3169 5717 homines
3208 5662 3583 5719 occasionem

1924 5746 2188 5821 aliquam
2223 5747 2550 5822 arriperent
2584 5748 2713 5822 ejus
2743 5748 3061 5807 accusandi
3108 5751 3281 5825 quasi
3314 5752 3580 5811 Ecclesia

3187 5872 3259 5933 31
