4210 6448
621 438 723 492 οτι
1926 423 2229 480 escam:
2263 423 2727 480 PACHYMERB
2833 469 2835 473 .
3107 499 3110 501 _
3925 428 4036 485 972

626 565 845 618 ἅπασιν.
899 562 983 633 [Ρ.
1043 559 1168 630 346]
1220 551 1395 612 Ἀλλᾶ
1444 550 1569 614 τοὺς
1599 548 1726 626 περὶ
1753 549 1912 604 αὐτὸν
1950 547 2353 633 ὑποπτεύων-Α
2382 549 2542 633 ωοῦςι
2595 547 2688 633 Ὦς
2749 543 2806 602 δὲ
2862 543 3012 620 δόλῳ
3065 551 3244 610 κακῶς
3293 549 3598 621 ἀπεκτόνει,
3647 550 3866 625 πέμψας
3895 553 4034 615 τοὺς

626 654 653 706 ὁ
715 629 989 726 βασιλεῖ-ὗς,
1048 629 1165 719 ἆμά
1219 640 1276 698 δὲ
1305 642 1392 698 καὶ
1433 644 1528 696 τοῦ
1564 642 1640 712 μὴ
1687 636 1834 726 δόξαι
1866 640 2110 726 συνιστᾷν
2166 629 2280 726 τὴν
2380 631 2703 726 ξξῌάδήλων
2763 635 3262 708 κστοϊστεόσοντας,
3317 636 3407 691 καὶ
3463 637 3526 691 τὸ
3585 635 4031 713 δρᾶμαξηνῦετο,

622 721 741 804 me"
781 739 944 794 αὐτοῦ
992 733 1352 809 κατηγορίαν,
1385 731 1460 793 ὡς
1488 728 1625 783 κατὰ
1662 725 1870 801 χλεύην
1916 726 2004 779 καὶ
2040 724 2102 778 οὐ
2131 724 2269 798 πρὸς
2374 721 2464 777 καὶ
2525 725 2552 777 ὁ
2580 722 2909 799 Ἀμηραλῆς
2941 722 3234 794 ἐτεθνήκει,
3277 723 3534 781 ἐϐούλετο
3586 728 3678 799 μὲν
3731 732 4027 803 κατασχὼν

623 828 880 899 ἀλήθειαν
926 825 1325 896 ποιησάμενος,
1373 819 1439 873 τὰ
1488 818 1613 892 περὶ
1659 815 1866 871 τούτων
1906 819 2024 875 τοῖς
2073 812 2265 890 ἐφεξῆς
2374 813 2571 865 Κάνινα
2622 810 2791 887 ἔχειν,
2841 810 3098 885 ἐμποδὼν
3156 810 3202 867 δ’
3232 815 3369 883 ἦσαν
3413 817 3465 868 οἱ
3496 815 3546 869 ἐν
3597 815 3819 879 ἐκείνοις
3864 820 4028 895 εὑρι-

615 923 832 992 καιροῖς
860 921 940 988 τῷ
967 914 1101 975 τέως
1129 913 1354 983 ἀνήρτα.
2371 899 2626 973 σκόμενοι
2657 899 2880 969 Ἰταλοὶ,
2912 898 2964 954 ο⁹ί
3013 903 3102 955 καὶ
3146 901 3240 955 τὸν
3291 908 3392 970 τῆς
3435 902 3606 972 ἥττης
3636 902 4028 982 συνδιαγαγὸν-

907 1060 918 1076 ¹
968 1059 990 1078 υ
1456 1051 1470 1070 ε
1619 1050 1630 1063 ,
1837 1046 1846 1063 ,
2146 1064 2153 1070 _
2369 1010 2457 1050 τες
2490 989 2678 1062 καιρὸν
2729 990 2881 1050 αὖθις
2913 988 3202 1045 ἀπέγλιναν
3261 991 3398 1065 πρὸς
3425 993 3518 1046 τὸν
3571 993 3876 1068 Κάρουλον.
3915 997 4024 1050 Κά-

830 1058 938 1114 λϐ.
995 1058 1158 1114 Οπως
1187 1047 1382 1114 συνέϐη
1413 1071 1478 1105 τα
1505 1069 1642 1104 κατα
1672 1043 2046 1114 Βελλαγραδα.
2373 1078 2569 1114 man.
2611 1075 2665 1114 at
2715 1077 2933 1114 ...ι...ι,,.,
2980 1077 3305 1114 ....-......r......
3355 1101 3410 1114 ,η
3465 1081 3527 1114 ,λ
3586 1081 3844 1114 ---.ι...-..
3928 1087 4021 1114 ..-ξ

873 1058 938 1134 β’·
968 1058 1158 1116 ’Ὅπως
1187 1058 1382 1122 συνὲδη
1413 1058 1478 1105 τὰ
1505 1058 1642 1104 ἀτὰ
1672 1058 2046 1123 ﬂammans“
2146 1064 2153 1070 ’
2371 1058 2667 1151 ρουλοςδὶ
2715 1077 2933 1152 πέμψας
2980 1058 3316 1155 κατωχύρου
3355 1101 3412 1135 τε
3465 1081 3528 1135 τὸ
3585 1058 3868 1158 φρούριον,
3928 1087 4021 1138 καί

684 1190 772 1245 Ἐν
803 1185 1019 1246 τούτοις
1070 1180 1118 1236 δ’
1175 1177 1328 1240 ὄντος
1386 1180 1482 1231 τοῦ
1536 1173 1804 1250 βασιλέως
1858 1171 1947 1225 καὶ
2002 1169 2070 1225 τὰ
2125 1169 2261 1225 κατὰ
2370 1166 2446 1229 ὠς
2480 1164 2606 1240 ἰδίῳ
2645 1170 2937 1242 χρώμενος
2986 1167 3186 1232 ἐκεῖθεν
3231 1169 3463 1244 ἐξορμᾷν
3509 1171 3636 1232 τοὺς
3669 1171 3832 1226 αὐτοῦ
3880 1177 4025 1227 κατά

610 1273 968 1351 Βελλάγραδα
999 1268 1410 1346 διηγγέλλοντο.
1475 1262 1631 1322 Ἀλλ’
1688 1259 2026 1331 ἀναληπτέον
2064 1261 2255 1332 μικρὸν
2365 1260 2465 1351 τῆς
2522 1257 2806 1330 Ῥωμαίων
2849 1252 3128 1312 ἐϐούλετο.
3181 1257 3321 1314 Τότε
3364 1259 3542 1312 τοίνυν
3601 1258 3856 1335 ἐθάρρυνε
3920 1263 4018 1333 μὲν

607 1344 844 1430 ἀνωθεν..
889 1344 1152 1437 Ἰλλυριοί
1215 1359 1308 1431 μὲν
1364 1353 1455 1411 οὖν
1489 1351 1759 1430 βασιλέως
1789 1352 2258 1419 ἀποστατήσαντες
2366 1345 2565 1400 ἐκεῖνον
2619 1347 2708 1400 καὶ
2766 1349 2800 1416 ὴ
2850 1351 2959 1401 τῶν
2987 1344 3276 1422 Ἰλλυριῶν
3310 1346 3626 1416 ἀποστασία,
3658 1347 3804 1423 ἔχων
3836 1347 3896 1404 δὲ
3925 1351 4019 1404 καὶ

603 1457 720 1510 κατ’
751 1451 946 1514 αὐτοὺς
990 1434 1144 1519 ἦσαν.
1197 1444 1554 1520 Ιῐερισχόντες
1585 1439 1631 1495 δ’
1679 1439 1892 1515 ἐρήμην
1944 1437 2104 1492 πόλιν
2151 1440 2253 1506 τήν
2362 1436 2454 1489 τὸν
2486 1434 2644 1489 κότον
2680 1436 2918 1510 ἀρχῆθεν
2954 1437 3027 1497 ὡς
3057 1434 3398 1511 ἐκκρουσθείς
3426 1442 3546 1498 ταῖς
3592 1441 3688 1491 τοῦ
3739 1439 4016 1512 βασιλέως

605 1543 916 1619 Δυρῥαχίου
965 1539 1024 1593 ἐκ
1071 1541 1168 1592 τοῦ
1216 1531 1609 1609 προγεγονότος
1646 1532 1870 1600 σεισμοῦ
1913 1527 2254 1595 ἀνακτίζουσί
2367 1529 2648 1598 μηχαναῖς
2673 1524 2773 1590 τῆς
2829 1524 2916 1578 ἐπὶ
2972 1526 3072 1594 τὴν
3122 1523 3285 1579 πόλιν
3339 1525 3620 1597 ἐκπλοίας,
3667 1524 3796 1581 λαὸν
3827 1529 4016 1582 ἱκανὸν

601 1654 660 1688 τε
690 1632 780 1686 καί
810 1651 958 1691 τινας
1007 1625 1411 1683 συναποστάτας
1471 1619 1650 1696 σφίσιν
1708 1617 1818 1671 ἐκεῖ
1862 1617 2248 1684 κατοικίζουσι.
2362 1613 2422 1667 ἐκ
2449 1613 2776 1688 Βρεντησίου
2808 1615 2921 1685 ἅμα
2950 1613 3044 1685 μὶν
3076 1614 3340 1683 ἱππότην,
3400 1617 3513 1687 ἅμα
3569 1613 3626 1668 δὲ
3678 1615 3767 1670 καὶ
3824 1619 4012 1689 πεζὸν,

599 1727 691 1794 ,Γῷ
750 1720 881 1797 Per”;
914 1717 970 1772 δὲ
1000 1714 1267 1791 Καρούλφ
1319 1712 1370 1781 ἐξ
1419 1709 1660 1784 ἐγγίονος
1705 1708 2099 1780 γειτονήματος
2154 1709 2249 1758 τοῦ
2361 1705 2440 1775 [Ρ.
2491 1705 2616 1776 347]
2668 1704 2742 1764 ὡς
2793 1703 2868 1764 εἷς
2913 1708 3057 1777 τρεῖς
3107 1701 3364 1777 χιλιάδας
3417 1703 3774 1776 ποσούμενον,
3818 1703 4013 1760 διαπεο

570 1811 704 1870 ,ἀπὸ
750 1787 862 1864 τῶν
911 1804 1151 1860 Κανίνων
1211 1799 1408 1878 φιλίως
1461 1799 1611 1872 εἶχον
1656 1796 1745 1849 καὶ
1792 1795 1929 1849 κατὰ
1977 1795 2245 1863 συνθήκας
2359 1797 2506 1865 ραιοῖ
2533 1793 2623 1846 τὸν
2658 1791 2870 1847 Ἰόνιον.
2931 1790 2998 1848 Ο⁹ί
3031 1790 3096 1859 δὴ
3128 1792 3218 1845 καὶ
3251 1787 3644 1853 καταλαϐόντες
3673 1795 3740 1847 τὰ
3777 1795 4007 1863 Κάνινα,

597 1901 902 1970 εῗρήνευον.
956 1896 1029 1948 Τὰ
1061 1892 1239 1966 μέντοι
1289 1911 1349 1965 γε
1393 1889 1586 1942 Κάνινα
1616 1884 1787 1939 πάλαι
1837 1885 1928 1957 μὲν
1961 1883 2096 1951 ἦσαν
2149 1886 2245 1937 τοῦ
2277 1939 2320 1970 ῃ
2355 1880 2447 1935 καῖ
2498 1881 2572 1943 ὡς
2628 1881 2778 1956 εἶχον
2842 1880 3317 1954 ἐνσκευασάμενοι,
3377 1880 3551 1943 οὕτως
3610 1882 3809 1936 ἐκεῖθεν
3839 1882 4015 1960 ἐξώρ-

594 1968 874 2045 Χιλίππου
929 1979 1243 2056 Ἀμηραλῆ,
1297 1974 1490 2050 ἀνδρὸς
1537 1974 1833 2047 δυναμένου
1890 1971 2142 2039 πλεῖσταν
2185 1968 2319 2025 ὃνυ
2356 1992 2468 2043 μων
2532 1971 2604 2056 ὡς
2659 1974 2728 2043 τῇ
2782 1971 2919 2024 κατὰ
2973 1975 3107 2046 σφᾶς
3162 1969 3348 2043 τόλμῃ
3410 1968 3796 2032 οἴεσθαίτινας
3834 1974 4008 2047 μέχρι

593 2080 682 2134 καὶ
713 2075 948 2152 Μιχαὴλ
990 2071 1180 2132 δεδιὼς
1209 2072 1236 2124 ὁ
1269 2067 1558 2137 δεσπότης,
1603 2064 1690 2118 καὶ
1727 2060 1942 2136 μᾶλλον
1979 2060 2243 2135 ἷσχύσαν-
2347 2059 2436 2113 καὶ
2476 2054 2694 2122 πόλεως
2742 2057 3162 2128 Θεσσαλονίκης,
3211 2055 3288 2112 ἔτι
3338 2057 3395 2113 δὲ
3440 2061 3528 2113 καὶ
3568 2059 3781 2121 πόλεως
3828 2062 4004 2130 αὐτῆς

590 2189 686 2230 τος
737 2166 873 2221 κατὰ
913 2168 1008 2219 τοῦ
1059 2160 1247 2239 Mc:qu
1274 2162 1371 2212 τοῦ
1421 2152 1704 2230 Καρούλου
1736 2153 1808 2213 ὡς
1855 2152 1945 2205 καὶ
1995 2151 2241 2204 ἀποκτεῖ-
2348 2152 2485 2220 πεζῇ
2537 2142 2858 2220 συμϐαλεῖν.
2892 2149 3016 2204 Ἑπί
3065 2152 3322 2202 τοσοῦτον
3351 2147 3398 2202 δ’
3447 2147 3703 2224 ἐθάῥρουν
3751 2153 3822 2222 τῇ
3879 2154 4006 2206 κατ,

591 2279 676 2312 ναι
709 2256 798 2311 καὶ
826 2255 926 2323 τὴν
959 2253 1137 2327 ἀρχὴν
1164 2235 1402 2303 ⁷ἐκείνου
1435 2238 1620 2300 λαϐεῖν
1674 2239 1964 2315 συμμαχίᾳ
2008 2237 2238 2312 πλείστῃ
2350 2237 2542 2298 αὐτοὺς
2592 2235 2811 2310 δυνάμει
2860 2235 2997 2291 ὥστε
3035 2237 3126 2291 καὶ
3171 2239 3290 2291 κατ’
3328 2236 3595 2310 ἐλπισμὸν
3625 2239 3717 2292 τὸν
3767 2239 4004 2314 κρείττω

584 2348 690 2416 τῆς
749 2325 1099 2413 ’ωκχλησίάς
1155 2335 1312 2409 κήδει
1371 2334 1629 2405 ἐποιεῖτο,
1689 2332 1778 2386 καὶ
1831 2331 1929 2398 τήν
1962 2327 2133 2383 πάλαι
2162 2333 2240 2400 τῷ
2350 2325 2682 2402 διαμερίζειν
2750 2326 2841 2380 καὶ
2909 2328 3098 2402 χώρας
3156 2325 3246 2381 καὶ
3304 2326 3497 2388 πόλεις
3547 2327 3722 2399 ἐαυτῷ
3769 2325 4002 2382 ’ἑκαστον

593 2412 839 2512 Ζιραντζῇ
871 2412 1288 2500 συνοικήσασαν,
1349 2421 1590 2501 ἀδελφήν
1646 2441 1707 2498 γε
1764 2418 1925 2474 οὖσαν
1982 2422 2082 2484 τῆς
2140 2418 2241 2472 αὖ·
2347 2421 2453 2471 τῶν
2510 2415 2890 2491 προύχόντων.
2954 2415 3187 2490 Ἐξῆρχε
3244 2412 3301 2469 δὲ
3335 2415 3543 2470 τούτων
3575 2417 3879 2498 ἁπάντωνρ
3915 2419 4004 2472 καὶ

589 2486 1018 2599 «tetri—Vivaque“
1067 2486 1725 2592 κεχηρωμένηνιέκείνου
1780 2510 1998 2582 πέμψας
2045 2527 2241 2581 συναρ-
2347 2510 2428 2576 τῷ
2501 2486 2812 2582 φρονήματι
2869 2503 2998 2565 τοὺς
3055 2486 3257 2565 πάντας
3316 2505 3756 2581 ὑπερφερόμενα
3789 2549 3802 2562 .
3855 2486 4008 2569 ιΡὼς

596 2589 766 2686 μὸζεί
803 2612 876 2681 oi,
931 2589 1259 2687 ἐκχωρήσας
1311 2604 1464 2674 αὐτῷ
1519 2600 1608 2656 καὶ
1668 2598 1914 2655 Κανίνων
1942 2596 2031 2652 καὶ
2062 2603 2237 2672 Κορυ-
2352 2592 2638 2667 Σολυμᾶς,
2703 2593 2957 2669 μέγιστος
2994 2594 3088 2665 μὲν
3140 2593 3358 2664 ἡλικίᾳ,
3391 2589 3624 2669 σοϐαρὸς
3675 2593 3731 2649 δὲ
3757 2600 3875 2656 ταῖς
3906 2604 4008 2664 τῆς

588 2830 878 2889 illusisset
907 2823 1242 2883 simulanda
1274 2835 1415 2893 pace
1444 2816 1612 2874 falsa.
1653 2815 1814 2880 Quod
1847 2813 2067 2869 crimen
2098 2812 2237 2884 quia
2348 2810 2698 2865 subornatos
2726 2809 2798 2864 ad
2833 2808 2942 2864 hoc
2985 2809 3354 2879 jaculatorss
3385 2810 3695 2880 interfecit,
3745 2819 4002 2870 conatus

590 2921 935 2978 confirmare
992 2913 1324 2988 potuissent
1353 2908 1609 2981 quadam
1653 2904 1814 2960 velut
1870 2902 2237 2959 confessione
2343 2899 2440 2954 ille
2491 2898 2728 2970 quidem
2762 2904 2850 2954 est
2897 2898 3136 2954 sceleris
3182 2899 3273 2954 sui
3307 2900 3563 2954 fructum
3611 2917 3847 2972 carpere
3890 2904 3998 2959 Ca-

588 3012 776 3082 ipsius
808 3008 910 3078 rei,
943 2987 1691 3070 siirevocassetimperator
1713 2994 1864 3050 ultro
1895 2993 2050 3066 quod
2086 2992 2232 3047 fece-
2343 2988 2502 3042 ninis
2545 2987 2782 3043 domino
2821 2988 2943 3058 jam
2992 2988 3327 3042 carentibus
3360 2987 3734 3059 recipiendis.
3768 2990 3885 3044 Sed
3923 3008 3997 3046 ne

587 3077 697 3169 rat,
757 3077 903 3154 ideo
938 3112 1003 3152 se
1064 3091 1161 3148 ille
1217 3095 1360 3146 tunc
1390 3087 1462 3142 ab
1524 3103 1590 3142 eo
1623 3084 1888 3140 faciendo
1919 3080 2230 3150 continuit,
2341 3078 2398 3133 id
2452 3082 2667 3149 posset,
2708 3077 3064 3132 obstiterunt
3093 3078 3307 3148 reperti
3342 3082 3486 3132 tunc
3519 3077 3639 3132 illic
3685 3078 3836 3148 Itali,
3891 3081 3997 3151 qui

586 3166 739 3248 508
771 3188 1002 3258 integra
1052 3187 1118 3238 ut
1148 3185 1316 3237 erant
1346 3177 1544 3234 omnia
1595 3173 1933 3244 relinquens“
1982 3186 2228 3241 suspen-
2266 3244 2303 3258 ﬂ
2340 3183 2475 3258 cum
2506 3166 2778 3258 Philippo
2809 3166 3060 3234 fuerant,
3094 3166 3329 3236 quando
3352 3171 3444 3221 est
3472 3166 3723 3221 occisus.
3757 3166 3826 3221 Hi
3861 3184 4000 3240 per-

585 3244 848 3350 densque
877 3244 937 3330 iii
972 3275 1237 3330 futurum
1289 3284 1509 3337 rerum,
1552 3269 1613 3320 ut
1643 3279 1705 3319 se
1737 3261 2051 3328 habebant,
2091 3277 2229 3332 praa-
2261 3244 2304 3310 C
2344 3257 2545 3311 fidiam
2578 3255 2940 3311 insidiatoris
2978 3255 3249 3311 detestati
3279 3257 3434 3312 σου
3470 3272 3677 3312 rursus
3705 3257 3775 3312 ad
3811 3258 3994 3314 Caro-

2342 3350 2463 3403 lum
2496 3347 2878 3403 inclinarunt.
2930 3347 3031 3402 Ille
3060 3350 3255 3402 autem
3289 3347 3486 3403 missis
3518 3347 3764 3421 impigre
3804 3349 3997 3421 copiis

1138 3499 1167 3510 ._
1199 3504 1229 3510 _
1277 3502 1310 3510 __
1479 3498 1493 3510 ,
1655 3504 1665 3510 ,
1846 3496 1884 3510 _,
1999 3493 2031 3510 __
2340 3455 2533 3493 arcem
2579 3437 2741 3492 illam
2775 3452 2948 3509 opere
2996 3439 3055 3491 et
3085 3436 3359 3507 praesidio
3416 3436 3707 3492 munitam
3755 3442 3823 3493 ut
3860 3455 3995 3510 pro-

763 3510 852 3564 32-
891 3509 951 3565 Ut
979 3521 1066 3561 ⁷⁵8³
1097 3499 1168 3559 αδ
1193 3498 1531 3570 Βειλαοναάα
1552 3504 1701 3569 9⁸⁸⁸⁸
1732 3498 2050 3564 εοπίίθθνίί·
2339 3528 2525 3600 priam
2578 3498 2854 3599 deinceps
2885 3498 3111 3592 habuit,
3146 3527 3462 3582 stationem
3492 3519 3674 3582 istam
3709 3498 3994 3600 opportu-

655 3641 720 3692 In
773 3634 867 3690 his
897 3626 1236 3704 imperatori
1285 3622 1542 3681 versanti
1589 3619 1861 3676 nuntiata
1919 3621 2060 3673 sunt
2093 3633 2221 3689 quae
2339 3617 2768 3689 namjudicans
2801 3617 2871 3672 ad
2900 3615 3166 3671 effectum
3192 3620 3453 3672 veterum
3486 3632 3730 3672 suarum
3764 3617 3992 3673 machi-

583 3729 655 3784 ad
733 3721 1082 3795 Bellagrada
1121 3716 1509 3788 contigerant.
1592 3713 1672 3767 Ea
1699 3708 2074 3782 explicaturis
2135 3706 2229 3762 hic
2337 3709 2645 3764 nationum
2673 3725 2686 3764 :
2711 3707 2850 3763 inde
2871 3706 3026 3762 enim
3052 3706 3358 3761 commode
3380 3722 3443 3761 se
3457 3707 3728 3777 sperabat
3747 3713 3994 3779 eruptu-

582 3817 753 3873 nobis
777 3813 952 3888 paulo
975 3810 1150 3867 altius
1169 3805 1555 3880 repetendum
1583 3801 1888 3858 exordium
1912 3802 2019 3854 est.
2045 3796 2224 3869 Illyrii
2337 3815 2466 3854 rum
2493 3797 2552 3853 in
2585 3797 2856 3853 subditas
2887 3795 3225 3868 imperatori
3260 3795 3550 3868 regiones,
3580 3812 3725 3867 quas
3757 3796 4020 3856 dudum_

581 3884 824 3978 quidam
857 3903 1349 3958 dudumexcusso
1374 3891 1742 3966 imperatoris
1766 3888 2032 3961 jugo,sic
2057 3886 2224 3958 quasi
2334 3889 2612 3946 invadere
2682 3887 2938 3959 Optabat.
3009 3884 3391 3941 Occasionem
3462 3901 3635 3957 porro
3700 3884 3832 3956 ejus
3903 3889 3988 3943 rei

584 3973 859 4066 suijuris
910 3995 1130 4058 essent,
1166 4004 1258 4042 res
1290 3985 1400 4041 sibi
1431 3999 1571 4039 suas
1616 3979 1934 4036 habebant.
1967 3977 2037 4032 Hi
2071 3975 2221 4031 nacti
2334 3995 2610 4052 prospere
2661 3975 2954 4033 tentandae
3002 3973 3193 4030 oﬂ‘erri
3239 3973 3352 4030 sibi
3403 3979 3694 4030 maturam
3745 3981 3914 4032 ratus
3954 3995 3989 4032 ει

579 4064 839 4145 eversam
890 4087 1055 4137 terra:
1109 4082 1266 4133 motu
1318 4072 1847 4147 Dyrrhachiensem
1898 4067 2222 4132 civitatem,
2333 4068 2647 4126 rebellione
2693 4065 3259 4138 Illyriorum,eoque
3289 4064 3616 4121 animosius
3654 4065 3988 4136 obsequens

574 4195 704 4234 eam
737 4194 768 4231 a
798 4191 860 4230 se
908 4173 1300 4227 restauratam
1351 4162 1579 4220 colonia
1627 4162 2001 4231 frequentant
2049 4173 2079 4213 e
2109 4156 2222 4213 sibi
2332 4159 2449 4227 iras,
2495 4173 2627 4227 qua
2662 4152 2883 4225 pridem
2929 4153 2989 4206 in
3041 4152 3454 4223 imperatorem
3504 4154 3765 4221 ardebat,
3818 4157 3977 4225 quod

571 4268 706 4323 ﬁdis
736 4271 794 4322 et
840 4261 1060 4336 pariter
1087 4255 1424 4328 imperatori
1479 4249 1820 4318 rebellibus,
1861 4248 2073 4302 fcedere
2104 4246 2219 4302 icto
2328 4245 2427 4300 ille
2464 4243 2797 4299 artificiosis
2847 4241 2973 4297 suis
3013 4256 3150 4296 cum
3184 4257 3336 4312 papa
3366 4242 3711 4298 tractatibus
3739 4244 3985 4315 expedi-

567 4374 702 4412 cum
748 4330 884 4426 rege
933 4348 1136 4406 Carolo
1187 4344 1443 4400 vicinum
1510 4341 1604 4396 his
1669 4337 2006 4412 praesidium
2060 4336 2213 4407 apud
2326 4334 2545 4389 tionem
2582 4333 2653 4388 ab
2685 4349 2749 4386 eo
2783 4335 3046 4403 paratam
3083 4330 3141 4384 in
3167 4330 3370 4384 urbem
3403 4330 3978 4402 Constantinopolim

563 4446 784 4502 Canina
813 4417 1165 4506 bbtinente;
1229 4434 1330 4506 qui
1389 4432 1550 4488 locus
1607 4447 1720 4501 quo
1772 4444 1910 4482 casu
1971 4427 2030 4481 in
2088 4425 2216 4496 ejus
2328 4424 2533 4478 effectu
2562 4437 2792 4477 cassam
2814 4417 3186 4484 reddidisset,
3212 4418 3651 4475 multitudinem
3685 4426 3773 4475 sat
3806 4437 3974 4494 mug-

561 4539 903 4607 potestatem
934 4529 1175 4592 venerit,
1201 4524 1412 4579 dicam.
1439 4520 1658 4576 Canina
1681 4518 1820 4574 olim
1844 4518 1954 4573 sub
1993 4515 2214 4571 ditione
2326 4530 2459 4567 nam
2496 4511 2709 4584 partim
2751 4509 3017 4581 equitum
3061 4508 3271 4580 partim
3319 4508 3602 4580 peditum,
3637 4511 3749 4564 tria
3789 4511 3976 4567 simul

558 4598 793 4680 fuerant
824 4616 1090 4690 Philippi
1122 4611 1404 4670 Ameralas
1436 4609 1546 4665 viri
1580 4605 2000 4681 potentissimi,
2033 4603 2210 4659 dotali
2251 4617 2285 4675 μ
2323 4602 2507 4657 millia
2553 4602 2809 4656 militum
2850 4598 3174 4671 explentem
3225 4598 3558 4653 Brundusio
3606 4613 3710 4671 per
3737 4598 3972 4656 Ionium

556 4716 607 4770 ei
659 4687 1008 4768 conditione
1033 4687 1325 4762 attributa
1378 4718 1411 4755 a
1461 4697 1741 4754 Michaele
1792 4697 2054 4767 despota.
2101 4696 2205 4750 Hic
2317 4692 2566 4762 trajecit.
2653 4690 2715 4744 Hi
2777 4688 2985 4760 perlati
3032 4687 3276 4755 Cauina,
3333 4703 3465 4742 cum
3525 4687 3604 4742 ibi
3665 4704 3728 4743 se
3786 4705 3971 4759 quam

556 4803 711 4856 enim
746 4819 780 4856 a
803 4797 1070 4869 Philippo
1094 4793 1207 4849 sibi
1231 4796 1521 4859 metuens,
1546 4787 1867 4860 praesertim
1894 4789 2205 4856 postquam
2321 4785 2639 4852 potuerunt
2669 4779 2887 4851 optime
2937 4781 3398 4849 comparassent,
3432 4782 3754 4849 eruperunt
3783 4781 3972 4835 auda-

477 4925 501 4956 υ.
546 4891 793 4948 Carolus
842 4866 1127 4945 adversus
1157 4881 1528 4938 Mant’redum
1581 4876 1887 4950 pravaluit
1917 4878 1975 4929 et
2023 4873 2204 4943 hujus
2316 4871 2552 4926 cissime
2602 4869 2787 4925 vastis
2833 4867 3023 4922 inflati
3077 4867 3328 4939 spebus,
3383 4866 3548 4937 quasi
3602 4883 3715 4921 non
3767 4866 3968 4926 solum

549 4980 751 5038 toccisi
782 4993 1028 5051 regnum
1055 4973 1334 5041 obtinuit,
1364 4968 1598 5027 auxiliis
1629 4965 1900 5023 Ecclesia
1932 4962 2205 5020 maximis
2313 4960 2482 5017 obvia
2555 4964 2768 5015 cuncta
2814 4973 2998 5028 usque
3055 4955 3542 5013 Thessalonicam
3595 4957 3904 5012 subacturi
3951 5002 3966 5026 ,

545 5071 618 5126 ad
667 5085 796 5126 eam
846 5045 1153 5123 victoriam
1200 5062 1439 5135 adjutus
1493 5104 1507 5130 ,
1559 5070 1965 5131 praeoccupare
2012 5053 2200 5126 gratia
2310 5051 2412 5107 sed
2444 5050 2510 5106 ad
2545 5049 2749 5105 urbem
2784 5047 2928 5120 quin
2961 5046 3140 5103 etiam
3170 5046 3359 5118 ipsam
3401 5045 3689 5102 inoffenso
3720 5047 3965 5118 expedi-

545 5176 720 5232 quem
756 5155 1113 5213 formidabat
1143 5134 1378 5224 sibique
1401 5150 1726 5221 adjungere
1759 5144 2046 5202 afﬁnitate
2077 5148 2194 5198 sta-
2305 5141 2482 5198 tionis
2530 5139 2791 5195 terrestri
2833 5154 3006 5193 cursu
3057 5134 3411 5209 perventuri.
3460 5139 3711 5191 Tantum
3757 5142 3960 5194 autem

543 5225 675 5305 tuit.
709 5245 938 5304 Obtulit
975 5261 1112 5317 ergo
1146 5243 1197 5299 ei
1245 5243 1306 5297 in
1351 5255 1588 5297 uxorem
1633 5237 1904 5308 conjugis
1946 5233 2192 5306 proprie
2304 5229 2674 5287 conﬁdebant
2724 5228 2848 5283 suis
2899 5227 3113 5299 opibus
3145 5243 3211 5283 ac
3255 5225 3501 5293 viribus,
3535 5232 3600 5280 ut
3633 5225 3788 5282 velut
3837 5244 3961 5284 non

539 5354 906 5411 germanam,
961 5315 1089 5408 qum
1141 5332 1437 5406 Sphantze
1490 5332 1794 5402 nupserat,
1841 5333 1896 5380 et
1941 5333 2078 5379 tunc
2123 5340 2189 5378 eo
2301 5321 2481 5376 dubia
2512 5336 2615 5392 spe
2647 5318 2759 5372 laeti
2793 5334 3104 5374 successus
3127 5319 3254 5389 jam
3291 5332 3449 5372 nunc
3473 5315 3748 5388 praecipui
3774 5317 3962 5375 duces

538 5406 765 5484 mortuo
798 5406 1276 5496 vidua‘Philippo
1306 5421 1405 5477 isti
1437 5418 1693 5492 nuptiali
1726 5416 1938 5472 foedere
1969 5414 2189 5469 sociata
2298 5413 2561 5484 ipsorum
2614 5409 2767 5463 inter
2797 5426 2858 5463 se
2906 5409 3267 5480 partirentur
3315 5406 3585 5478 regiones
3633 5407 3956 5477 urbesque,

531 5524 644 5585 est,
696 5515 1044 5572 conciliante
1096 5495 1177 5568 ac,
1212 5512 1482 5567 mittente
1534 5509 1805 5578 despota,
1858 5504 1958 5576 qui
2007 5504 2184 5558 etiam
2297 5517 2446 5573 quas
2512 5498 2761 5571 quisque
2811 5505 2945 5569 post
2991 5497 3299 5552 victoriam
3354 5495 3624 5568 proprias
3683 5495 3954 5552 haberet.

529 5608 636 5661 hac
699 5605 1004 5662 occasione
1078 5599 1313 5657 Caninis
1372 5603 1431 5655 et
1485 5595 1751 5668 Corypho
1805 5610 1951 5649 novo
2019 5591 2182 5647 affini
2295 5593 2540 5647 Praeerat
2587 5593 2780 5643 autem
2815 5589 3105 5645 universis
3141 5586 3260 5643 illis
3291 5586 3553 5642 omnium
3587 5585 3760 5658 longe
3793 5587 3952 5643 fero-

526 5696 724 5752 cessit.
767 5695 1091 5768 Postquam
1123 5701 1318 5748 autem
1347 5690 1503 5745 idem
1535 5684 1780 5744 Michael
1813 5684 2182 5740 circumven-
2292 5679 2570 5738 cissimus
2630 5676 2786 5733 Rhos
2834 5677 3119 5749 Solymus,
3170 5679 3258 5732 vir
3304 5676 3610 5733 altissimis
3656 5681 3899 5732 stature
3936 5721 3951 5742 .

533 5805 632 5843 um
669 5784 904 5842 insidiis
929 5765 1290 5856 'Philippum
1321 5779 1455 5836 telis
1500 5794 1567 5834 ex
1611 5773 1835 5833 occulto
1871 5773 2048 5845 jactis
2081 5789 2184 5845 per
2290 5769 2470 5828 animi
2503 5767 2914 5839 superbissimi
2953 5812 2966 5837 ,
2999 5766 3542 5840 superciliosissimi
3580 5765 3640 5822 iu
3673 5782 3951 5839 congnos-

586 3372 815 3424 seutem
846 3369 1092 3422 statum.
