  <div class='ocr_page' id='page_1' title='image "/cluster/home/n/w/nwhite01/storage/ocr_20150623/143/nnc1.0046980733/494.png"; bbox 0 0 4242 6438; ppageno 0'>
   <div class='ocr_carea' id='block_1_1' title="bbox 200 344 302 399">
    <p class='ocr_par' dir='ltr' id='par_1_1' title="bbox 200 344 302 399">
     <span class='ocr_line' id='line_1_1' title="bbox 200 344 302 399; baseline 0.01 -1"><span class='ocrx_word' id='word_1_1' title='bbox 200 344 302 399; x_wconf 84' lang='lat'><strong>973</strong></span> 
     </span>
    </p>
   </div>
   <div class='ocr_carea' id='block_1_2' title="bbox 1257 346 2539 407">
    <p class='ocr_par' dir='ltr' id='par_1_2' title="bbox 1257 346 2539 407">
     <span class='ocr_line' id='line_1_2' title="bbox 1257 346 2539 407; baseline 0.003 -6"><span class='ocrx_word' id='word_1_2' title='bbox 1257 348 1348 403; x_wconf 76' lang='lat' dir='ltr'><strong>DE</strong></span> <span class='ocrx_word' id='word_1_3' title='bbox 1385 347 1760 404; x_wconf 71' lang='lat' dir='ltr'><strong>MICHABLI</strong></span> <span class='ocrx_word' id='word_1_4' title='bbox 1795 346 2243 407; x_wconf 66' lang='lat' dir='ltr'><strong>PALEOLOGO</strong></span> <span class='ocrx_word' id='word_1_5' title='bbox 2274 351 2409 405; x_wconf 82' lang='lat' dir='ltr'><strong>LIB.</strong></span> <span class='ocrx_word' id='word_1_6' title='bbox 2441 352 2539 406; x_wconf 79' lang='lat' dir='ltr'><strong>VI.</strong></span> 
     </span>
    </p>
   </div>
   <div class='ocr_carea' id='block_1_3' title="bbox 3500 343 3615 410">
    <p class='ocr_par' dir='ltr' id='par_1_3' title="bbox 3500 343 3615 410">
     <span class='ocr_line' id='line_1_3' title="bbox 3500 343 3615 410; baseline -0.009 0"><span class='ocrx_word' id='word_1_7' title='bbox 3500 343 3615 410; x_wconf 74' lang='grc'><strong>974</strong></span> 
     </span>
    </p>
   </div>
   <div class='ocr_carea' id='block_1_4' title="bbox 200 462 3611 546">
    <p class='ocr_par' dir='ltr' id='par_1_4' title="bbox 200 462 3611 546">
     <span class='ocr_line' id='line_1_4' title="bbox 200 462 3611 546; baseline 0.004 -28"><span class='ocrx_word' id='word_1_8' title='bbox 200 470 380 539; x_wconf 63' lang='grc' dir='ltr'>ψυχῆς</span> <span class='ocrx_word' id='word_1_9' title='bbox 436 467 847 535; x_wconf 84' lang='grc' dir='ltr'>καταστάσεσιν,</span> <span class='ocrx_word' id='word_1_10' title='bbox 909 467 1211 543; x_wconf 71' lang='grc' dir='ltr'>ὑπεροφρυς</span> <span class='ocrx_word' id='word_1_11' title='bbox 1260 464 1316 521; x_wconf 76' lang='grc' dir='ltr'><strong>δὲ</strong></span> <span class='ocrx_word' id='word_1_12' title='bbox 1370 473 1488 528; x_wconf 85' lang='grc' dir='ltr'>ταῖς</span> <span class='ocrx_word' id='word_1_13' title='bbox 1544 465 1837 541; x_wconf 79' lang='grc' dir='ltr'>ἐντυχίαις,</span> <span class='ocrx_word' id='word_1_14' title='bbox 1871 469 2046 535; x_wconf 77' lang='grc' dir='ltr'><strong>Ατοῦ</strong></span> <span class='ocrx_word' id='word_1_15' title='bbox 2103 467 2364 543; x_wconf 77' lang='grc' dir='ltr'><strong>φρουρίου</strong></span> <span class='ocrx_word' id='word_1_16' title='bbox 2424 471 2829 542; x_wconf 82' lang='grc' dir='ltr'>περικαθίζουσι</span> <span class='ocrx_word' id='word_1_17' title='bbox 2867 517 2880 541; x_wconf 89' lang='grc'><strong>,</strong></span> <span class='ocrx_word' id='word_1_18' title='bbox 2945 475 3032 529; x_wconf 80' lang='grc' dir='ltr'><strong>καὶ</strong></span> <span class='ocrx_word' id='word_1_19' title='bbox 3094 472 3160 543; x_wconf 76' lang='grc' dir='ltr'><strong>δὴ</strong></span> <span class='ocrx_word' id='word_1_20' title='bbox 3223 462 3611 546; x_wconf 64' lang='grc' dir='ltr'><strong>ἐπιστήσαντες</strong></span> 
     </span>
    </p>
   </div>
   <div class='ocr_carea' id='block_1_5' title="bbox 200 554 1849 630">
    <p class='ocr_par' dir='ltr' id='par_1_5' title="bbox 200 554 1849 630">
     <span class='ocr_line' id='line_1_5' title="bbox 200 554 1849 630; baseline 0.001 -24"><span class='ocrx_word' id='word_1_21' title='bbox 200 556 384 625; x_wconf 77' lang='grc' dir='ltr'>ξανθὸς</span> <span class='ocrx_word' id='word_1_22' title='bbox 439 556 538 620; x_wconf 68' lang='grc' dir='ltr'>τὴν</span> <span class='ocrx_word' id='word_1_23' title='bbox 592 555 778 630; x_wconf 64' lang='grc' dir='ltr'>τρίχα,</span> <span class='ocrx_word' id='word_1_24' title='bbox 841 555 931 608; x_wconf 78' lang='grc' dir='ltr'><strong>καὶ</strong></span> <span class='ocrx_word' id='word_1_25' title='bbox 1000 555 1315 629; x_wconf 66' lang='grc' dir='ltr'>ὑπεραὸχην</span> <span class='ocrx_word' id='word_1_26' title='bbox 1350 554 1408 609; x_wconf 78' lang='grc' dir='ltr'>ἐκ</span> <span class='ocrx_word' id='word_1_27' title='bbox 1437 558 1676 629; x_wconf 74' lang='grc' dir='ltr'>ψυχικοῦ</span> <span class='ocrx_word' id='word_1_28' title='bbox 1706 575 1849 615; x_wconf 86' lang='grc' dir='ltr'>τινος</span> 
     </span>
    </p>
   </div>
   <div class='ocr_carea' id='block_1_6' title="bbox 200 642 1850 718">
    <p class='ocr_par' dir='ltr' id='par_1_6' title="bbox 200 642 1850 718">
     <span class='ocr_line' id='line_1_6' title="bbox 200 642 1850 718; baseline 0.001 -23"><span class='ocrx_word' id='word_1_29' title='bbox 200 643 461 716; x_wconf 71' lang='grc' dir='ltr'>ἑκθέρμου</span> <span class='ocrx_word' id='word_1_30' title='bbox 492 644 818 714; x_wconf 74' lang='grc' dir='ltr'>κινήματος.</span> <span class='ocrx_word' id='word_1_31' title='bbox 856 644 1021 718; x_wconf 73' lang='grc' dir='ltr'>Οἶμαι</span> <span class='ocrx_word' id='word_1_32' title='bbox 1070 642 1126 697; x_wconf 77' lang='grc' dir='ltr'><strong>δὲ</strong></span> <span class='ocrx_word' id='word_1_33' title='bbox 1172 646 1454 699; x_wconf 76' lang='grc' dir='ltr'>κάντεῦθεν</span> <span class='ocrx_word' id='word_1_34' title='bbox 1498 646 1596 712; x_wconf 78' lang='grc' dir='ltr'>τὴν</span> <span class='ocrx_word' id='word_1_35' title='bbox 1648 644 1850 715; x_wconf 74' lang='grc' dir='ltr'>ὄνομα·</span> 
     </span>
    </p>
   </div>
   <div class='ocr_carea' id='block_1_7' title="bbox 202 732 1846 807">
    <p class='ocr_par' dir='ltr' id='par_1_7' title="bbox 202 732 1846 807">
     <span class='ocr_line' id='line_1_7' title="bbox 202 732 1846 807; baseline 0.001 -23"><span class='ocrx_word' id='word_1_36' title='bbox 202 733 316 785; x_wconf 74' lang='grc' dir='ltr'>σέαν</span> <span class='ocrx_word' id='word_1_37' title='bbox 371 736 545 805; x_wconf 78' lang='grc' dir='ltr'>σχεῖν,</span> <span class='ocrx_word' id='word_1_38' title='bbox 604 734 747 807; x_wconf 74' lang='grc' dir='ltr'>παρά</span> <span class='ocrx_word' id='word_1_39' title='bbox 806 734 906 799; x_wconf 69' lang='grc' dir='ltr'>τήν</span> <span class='ocrx_word' id='word_1_40' title='bbox 963 734 1096 807; x_wconf 84' lang='grc' dir='ltr'>πρὸς</span> <span class='ocrx_word' id='word_1_41' title='bbox 1149 734 1285 794; x_wconf 83' lang='grc' dir='ltr'><strong>Ῥὼς</strong></span> <span class='ocrx_word' id='word_1_42' title='bbox 1320 732 1642 805; x_wconf 82' lang='grc' dir='ltr'>ὁμοιότητα.</span> <span class='ocrx_word' id='word_1_43' title='bbox 1702 738 1846 805; x_wconf 85' lang='grc' dir='ltr'>Προ-</span> 
     </span>
    </p>
   </div>
   <div class='ocr_carea' id='block_1_8' title="bbox 197 819 1845 895">
    <p class='ocr_par' dir='ltr' id='par_1_8' title="bbox 197 819 1845 895">
     <span class='ocr_line' id='line_1_8' title="bbox 197 819 1845 895; baseline 0.001 -21"><span class='ocrx_word' id='word_1_44' title='bbox 197 819 447 895; x_wconf 72' lang='grc' dir='ltr'>αχοέντες</span> <span class='ocrx_word' id='word_1_45' title='bbox 471 820 649 873; x_wconf 79' lang='grc' dir='ltr'>τοίνυν</span> <span class='ocrx_word' id='word_1_46' title='bbox 678 824 799 881; x_wconf 83' lang='grc' dir='ltr'>ταῖς</span> <span class='ocrx_word' id='word_1_47' title='bbox 839 819 1078 893; x_wconf 84' lang='grc' dir='ltr'>τόλμαις</span> <span class='ocrx_word' id='word_1_48' title='bbox 1112 823 1162 875; x_wconf 76' lang='grc' dir='ltr'><strong>οἱ</strong></span> <span class='ocrx_word' id='word_1_49' title='bbox 1212 820 1412 877; x_wconf 79' lang='grc' dir='ltr'>Ἰταλοὶ</span> <span class='ocrx_word' id='word_1_50' title='bbox 1458 820 1545 875; x_wconf 75' lang='grc' dir='ltr'><strong>ἐπὶ</strong></span> <span class='ocrx_word' id='word_1_51' title='bbox 1594 822 1662 874; x_wconf 74' lang='grc' dir='ltr'><strong>τά</strong></span> <span class='ocrx_word' id='word_1_52' title='bbox 1711 820 1845 877; x_wconf 85' lang='grc' dir='ltr'>Βελ-</span> 
     </span>
    </p>
   </div>
   <div class='ocr_carea' id='block_1_9' title="bbox 199 907 1846 984">
    <p class='ocr_par' dir='ltr' id='par_1_9' title="bbox 199 907 1846 984">
     <span class='ocr_line' id='line_1_9' title="bbox 199 907 1846 984; baseline -0.001 -21"><span class='ocrx_word' id='word_1_53' title='bbox 199 907 441 984; x_wconf 75' lang='grc' dir='ltr'>λάγραδα</span> <span class='ocrx_word' id='word_1_54' title='bbox 500 913 715 984; x_wconf 82' lang='grc' dir='ltr'>πρῶτον</span> <span class='ocrx_word' id='word_1_55' title='bbox 771 909 979 983; x_wconf 81' lang='grc' dir='ltr'>ὥρμων</span> <span class='ocrx_word' id='word_1_56' title='bbox 1040 910 1115 973; x_wconf 79' lang='grc' dir='ltr'>ὡς</span> <span class='ocrx_word' id='word_1_57' title='bbox 1168 910 1219 980; x_wconf 78' lang='grc' dir='ltr'>ἐξ</span> <span class='ocrx_word' id='word_1_58' title='bbox 1278 911 1447 979; x_wconf 76' lang='grc' dir='ltr'>αὐτῆς</span> <span class='ocrx_word' id='word_1_59' title='bbox 1508 909 1846 984; x_wconf 83' lang='grc' dir='ltr'>αἱρήσοντες.</span> 
     </span>
    </p>
   </div>
   <div class='ocr_carea' id='block_1_10' title="bbox 195 996 1849 1073">
    <p class='ocr_par' dir='ltr' id='par_1_10' title="bbox 195 996 1849 1073">
     <span class='ocr_line' id='line_1_10' title="bbox 195 996 1849 1055; baseline 0.001 -16"><span class='ocrx_word' id='word_1_60' title='bbox 195 996 425 1055; x_wconf 69' lang='grc' dir='ltr'><strong>Τὸδε.</strong></span> <span class='ocrx_word' id='word_1_61' title='bbox 626 998 649 1030; x_wconf 69' lang='grc' dir='ltr'><strong>ε’</strong></span> <span class='ocrx_word' id='word_1_62' title='bbox 752 997 835 1036; x_wconf 69' lang='grc' dir='ltr'>ιν</span> <span class='ocrx_word' id='word_1_63' title='bbox 908 1020 944 1040; x_wconf 57' lang='grc' dir='ltr'>εκ</span> <span class='ocrx_word' id='word_1_64' title='bbox 1033 1000 1072 1040; x_wconf 54' lang='grc' dir='ltr'>ξ.</span> <span class='ocrx_word' id='word_1_65' title='bbox 1184 1000 1197 1018; x_wconf 59' lang='grc' dir='ltr'><strong>κ</strong></span> <span class='ocrx_word' id='word_1_66' title='bbox 1329 999 1355 1032; x_wconf 73' lang='grc' dir='ltr'><strong>τ’</strong></span> <span class='ocrx_word' id='word_1_67' title='bbox 1616 999 1739 1053; x_wconf 67' lang='grc' dir='ltr'><strong>λς.’</strong></span> <span class='ocrx_word' id='word_1_68' title='bbox 1795 1020 1849 1040; x_wconf 70' lang='grc' dir='ltr'>τ-</span> 
     </span>
     <span class='ocr_line' id='line_1_11' title="bbox 343 1010 1818 1073; baseline 0.001 -22"><span class='ocrx_word' id='word_1_69' title='bbox 343 1040 363 1051; x_wconf 79' lang='lat'><strong>-</strong></span> <span class='ocrx_word' id='word_1_70' title='bbox 422 1019 467 1071; x_wconf 78' lang='grc' dir='ltr'>(ε</span> <span class='ocrx_word' id='word_1_71' title='bbox 516 1018 774 1073; x_wconf 68' lang='grc' dir='ltr'>φρωριοι</span> <span class='ocrx_word' id='word_1_72' title='bbox 811 1010 959 1062; x_wconf 67' lang='grc' dir='ltr'><strong>ενδ..)</strong></span> <span class='ocrx_word' id='word_1_73' title='bbox 994 1022 1087 1070; x_wconf 57' lang='grc' dir='ltr'><strong>μ-)</strong></span> <span class='ocrx_word' id='word_1_74' title='bbox 1145 1020 1235 1053; x_wconf 80' lang='grc' dir='ltr'><strong>τον</strong></span> <span class='ocrx_word' id='word_1_75' title='bbox 1296 1020 1438 1053; x_wconf 61' lang='grc' dir='ltr'>οδτω</span> <span class='ocrx_word' id='word_1_76' title='bbox 1470 1020 1587 1061; x_wconf 87' lang='grc' dir='ltr'><strong>πως</strong></span> <span class='ocrx_word' id='word_1_77' title='bbox 1657 1019 1818 1072; x_wconf 70' lang='grc' dir='ltr'><strong>,(ομ-</strong></span> 
     </span>
    </p>
   </div>
   <div class='ocr_carea' id='block_1_11' title="bbox 193 1088 1845 1165">
    <p class='ocr_par' dir='ltr' id='par_1_11' title="bbox 193 1088 1845 1165">
     <span class='ocr_line' id='line_1_12' title="bbox 193 1088 1845 1165; baseline -0.001 -23"><span class='ocrx_word' id='word_1_78' title='bbox 193 1110 283 1143; x_wconf 87' lang='grc' dir='ltr'><strong>νον</strong></span> <span class='ocrx_word' id='word_1_79' title='bbox 315 1088 632 1164; x_wconf 68' lang='grc' dir='ltr'>ἐπιχωρίως</span> <span class='ocrx_word' id='word_1_80' title='bbox 685 1088 949 1159; x_wconf 68' lang='grc' dir='ltr'>Ἀσοῦνην</span> <span class='ocrx_word' id='word_1_81' title='bbox 982 1090 1228 1162; x_wconf 84' lang='grc' dir='ltr'>ποταμὸν</span> <span class='ocrx_word' id='word_1_82' title='bbox 1263 1088 1668 1165; x_wconf 72' lang='grc' dir='ltr'><strong>προϊσχόμενον</strong></span> <span class='ocrx_word' id='word_1_83' title='bbox 1729 1088 1845 1142; x_wconf 84' lang='grc' dir='ltr'>ἐπί-</span> 
     </span>
    </p>
   </div>
   <div class='ocr_carea' id='block_1_12' title="bbox 193 1175 1845 1253">
    <p class='ocr_par' dir='ltr' id='par_1_12' title="bbox 193 1175 1845 1253">
     <span class='ocr_line' id='line_1_13' title="bbox 193 1175 1845 1253; baseline -0.002 -21"><span class='ocrx_word' id='word_1_84' title='bbox 193 1178 366 1232; x_wconf 78' lang='grc' dir='ltr'>κειταί</span> <span class='ocrx_word' id='word_1_85' title='bbox 422 1179 475 1232; x_wconf 73' lang='grc' dir='ltr'><strong>οἱ</strong></span> <span class='ocrx_word' id='word_1_86' title='bbox 514 1179 651 1232; x_wconf 81' lang='grc' dir='ltr'>κατά</span> <span class='ocrx_word' id='word_1_87' title='bbox 696 1175 955 1253; x_wconf 74' lang='grc' dir='ltr'>πλευράν,</span> <span class='ocrx_word' id='word_1_88' title='bbox 1016 1179 1162 1245; x_wconf 71' lang='grc' dir='ltr'>πλὴν</span> <span class='ocrx_word' id='word_1_89' title='bbox 1211 1178 1309 1233; x_wconf 81' lang='grc' dir='ltr'><strong>οὐκ</strong></span> <span class='ocrx_word' id='word_1_90' title='bbox 1350 1177 1430 1231; x_wconf 80' lang='grc' dir='ltr'><strong>ἐπ’</strong></span> <span class='ocrx_word' id='word_1_91' title='bbox 1480 1176 1845 1252; x_wconf 71' lang='grc' dir='ltr'><strong>ἀγχωμάλου,</strong></span> 
     </span>
    </p>
   </div>
   <div class='ocr_carea' id='block_1_13' title="bbox 192 1265 1844 1343">
    <p class='ocr_par' dir='ltr' id='par_1_13' title="bbox 192 1265 1844 1343">
     <span class='ocr_line' id='line_1_14' title="bbox 192 1265 1844 1343; baseline -0.002 -22"><span class='ocrx_word' id='word_1_92' title='bbox 192 1267 322 1322; x_wconf 84' lang='grc' dir='ltr'>ἀλλ’</span> <span class='ocrx_word' id='word_1_93' title='bbox 374 1267 628 1340; x_wconf 73' lang='grc' dir='ltr'>ἐκκρεμὲς</span> <span class='ocrx_word' id='word_1_94' title='bbox 687 1267 1118 1341; x_wconf 65' lang='grc' dir='ltr'>πλημμυροῦντι</span> <span class='ocrx_word' id='word_1_95' title='bbox 1167 1267 1315 1322; x_wconf 82' lang='grc' dir='ltr'>κάτω</span> <span class='ocrx_word' id='word_1_96' title='bbox 1365 1265 1844 1343; x_wconf 69' lang='grc' dir='ltr'>γεωλοφοόμενον·</span> 
     </span>
    </p>
   </div>
   <div class='ocr_carea' id='block_1_14' title="bbox 192 1351 1845 1428">
    <p class='ocr_par' dir='ltr' id='par_1_14' title="bbox 192 1351 1845 1428">
     <span class='ocr_line' id='line_1_15' title="bbox 192 1351 1845 1428; baseline -0.002 -19"><span class='ocrx_word' id='word_1_97' title='bbox 192 1357 255 1409; x_wconf 79' lang='grc' dir='ltr'>οὗ</span> <span class='ocrx_word' id='word_1_98' title='bbox 288 1355 355 1424; x_wconf 77' lang='grc' dir='ltr'>δὴ</span> <span class='ocrx_word' id='word_1_99' title='bbox 386 1357 472 1410; x_wconf 69' lang='grc' dir='ltr'><strong>καὶ</strong></span> <span class='ocrx_word' id='word_1_100' title='bbox 504 1352 693 1426; x_wconf 64' lang='grc' dir='ltr'>ἔξωθεν</span> <span class='ocrx_word' id='word_1_101' title='bbox 725 1351 951 1427; x_wconf 74' lang='grc' dir='ltr'>ὲμόόλῳ</span> <span class='ocrx_word' id='word_1_102' title='bbox 980 1359 1084 1409; x_wconf 74' lang='grc' dir='ltr'><strong>τινῖ</strong></span> <span class='ocrx_word' id='word_1_103' title='bbox 1143 1360 1440 1428; x_wconf 63' lang='grc' dir='ltr'>σκευαστῷ,</span> <span class='ocrx_word' id='word_1_104' title='bbox 1503 1356 1577 1417; x_wconf 80' lang='grc' dir='ltr'>ὡς</span> <span class='ocrx_word' id='word_1_105' title='bbox 1625 1355 1701 1426; x_wconf 82' lang='grc' dir='ltr'>μή</span> <span class='ocrx_word' id='word_1_106' title='bbox 1729 1359 1845 1414; x_wconf 74' lang='grc' dir='ltr'>τοῖς</span> 
     </span>
    </p>
   </div>
   <div class='ocr_carea' id='block_1_15' title="bbox 193 1440 1848 1516">
    <p class='ocr_par' dir='ltr' id='par_1_15' title="bbox 193 1440 1848 1516">
     <span class='ocr_line' id='line_1_16' title="bbox 193 1440 1848 1516; baseline -0.002 -17"><span class='ocrx_word' id='word_1_107' title='bbox 193 1445 589 1515; x_wconf 67' lang='grc' dir='ltr'>ἐπιτιθεμένοις</span> <span class='ocrx_word' id='word_1_108' title='bbox 622 1443 874 1516; x_wconf 75' lang='grc' dir='ltr'>ἐμποδὼν</span> <span class='ocrx_word' id='word_1_109' title='bbox 934 1444 1243 1516; x_wconf 65' lang='grc' dir='ltr'>ἱσταμένοις</span> <span class='ocrx_word' id='word_1_110' title='bbox 1294 1443 1623 1505; x_wconf 67' lang='grc' dir='ltr'>κωλύοιντο,</span> <span class='ocrx_word' id='word_1_111' title='bbox 1659 1440 1848 1515; x_wconf 75' lang='grc' dir='ltr'>ὑδρεύ-</span> 
     </span>
    </p>
   </div>
   <div class='ocr_carea' id='block_1_16' title="bbox 195 1529 1849 1608">
    <p class='ocr_par' dir='ltr' id='par_1_16' title="bbox 195 1529 1849 1608">
     <span class='ocr_line' id='line_1_17' title="bbox 195 1529 1849 1608; baseline -0.003 -19"><span class='ocrx_word' id='word_1_112' title='bbox 195 1556 344 1589; x_wconf 88' lang='grc' dir='ltr'>ονται</span> <span class='ocrx_word' id='word_1_113' title='bbox 379 1535 649 1608; x_wconf 73' lang='grc' dir='ltr'>ὁσι,μερα;</span> <span class='ocrx_word' id='word_1_114' title='bbox 680 1538 776 1587; x_wconf 63' lang='grc' dir='ltr'>τοῦ</span> <span class='ocrx_word' id='word_1_115' title='bbox 826 1538 1075 1605; x_wconf 77' lang='grc' dir='ltr'>ποταμοῦ</span> <span class='ocrx_word' id='word_1_116' title='bbox 1126 1534 1391 1595; x_wconf 83' lang='grc' dir='ltr'>πίνοντες.</span> <span class='ocrx_word' id='word_1_117' title='bbox 1440 1532 1608 1586; x_wconf 86' lang='grc' dir='ltr'>Τὸσον</span> <span class='ocrx_word' id='word_1_118' title='bbox 1660 1529 1715 1585; x_wconf 74' lang='grc' dir='ltr'><strong>δὲ</strong></span> <span class='ocrx_word' id='word_1_119' title='bbox 1769 1535 1849 1602; x_wconf 82' lang='grc' dir='ltr'>τῷ</span> 
     </span>
    </p>
   </div>
   <div class='ocr_carea' id='block_1_17' title="bbox 194 1619 1849 1697">
    <p class='ocr_par' dir='ltr' id='par_1_17' title="bbox 194 1619 1849 1697">
     <span class='ocr_line' id='line_1_18' title="bbox 194 1619 1849 1697; baseline -0.002 -20"><span class='ocrx_word' id='word_1_120' title='bbox 194 1623 441 1697; x_wconf 59' lang='grc' dir='ltr'>φρουρίῳ</span> <span class='ocrx_word' id='word_1_121' title='bbox 489 1624 515 1676; x_wconf 85' lang='grc' dir='ltr'>ὁ</span> <span class='ocrx_word' id='word_1_122' title='bbox 576 1624 819 1695; x_wconf 80' lang='grc' dir='ltr'>ποταμὸς</span> <span class='ocrx_word' id='word_1_123' title='bbox 880 1623 1197 1697; x_wconf 74' lang='grc' dir='ltr'>παράκειται</span> <span class='ocrx_word' id='word_1_124' title='bbox 1258 1622 1385 1676; x_wconf 84' lang='grc' dir='ltr'>ὥστ’</span> <span class='ocrx_word' id='word_1_125' title='bbox 1444 1621 1547 1676; x_wconf 85' lang='grc' dir='ltr'>ἀπὸ</span> <span class='ocrx_word' id='word_1_126' title='bbox 1606 1619 1849 1693; x_wconf 67' lang='grc' dir='ltr'>ἐγγίονος</span> 
     </span>
    </p>
   </div>
   <div class='ocr_carea' id='block_1_18' title="bbox 194 1705 1842 1787">
    <p class='ocr_par' dir='ltr' id='par_1_18' title="bbox 194 1705 1842 1787">
     <span class='ocr_line' id='line_1_19' title="bbox 194 1705 1842 1787; baseline -0.002 -21"><span class='ocrx_word' id='word_1_127' title='bbox 194 1714 319 1775; x_wconf 76' lang='grc' dir='ltr'><strong>θέις</strong></span> <span class='ocrx_word' id='word_1_128' title='bbox 374 1713 500 1773; x_wconf 75' lang='grc' dir='ltr'>τοὺς</span> <span class='ocrx_word' id='word_1_129' title='bbox 551 1712 700 1773; x_wconf 79' lang='grc' dir='ltr'>ἐντὸς</span> <span class='ocrx_word' id='word_1_130' title='bbox 767 1714 1047 1781; x_wconf 79' lang='grc' dir='ltr'>σαρίτταις</span> <span class='ocrx_word' id='word_1_131' title='bbox 1104 1710 1377 1787; x_wconf 78' lang='grc' dir='ltr'>ἀπείργειν</span> <span class='ocrx_word' id='word_1_132' title='bbox 1437 1710 1565 1771; x_wconf 75' lang='grc' dir='ltr'>τοὺς</span> <span class='ocrx_word' id='word_1_133' title='bbox 1625 1705 1842 1780; x_wconf 75' lang='grc' dir='ltr'>ἐμποδί-</span> 
     </span>
    </p>
   </div>
   <div class='ocr_carea' id='block_1_19' title="bbox 196 1797 1847 1876">
    <p class='ocr_par' dir='ltr' id='par_1_19' title="bbox 196 1797 1847 1876">
     <span class='ocr_line' id='line_1_20' title="bbox 196 1797 1847 1876; baseline -0.002 -21"><span class='ocrx_word' id='word_1_134' title='bbox 196 1808 405 1869; x_wconf 82' lang='grc' dir='ltr'>ζοντας,</span> <span class='ocrx_word' id='word_1_135' title='bbox 439 1801 529 1855; x_wconf 83' lang='grc' dir='ltr'><strong>καί</strong></span> <span class='ocrx_word' id='word_1_136' title='bbox 576 1803 627 1876; x_wconf 80' lang='grc' dir='ltr'>γ’</span> <span class='ocrx_word' id='word_1_137' title='bbox 684 1801 756 1862; x_wconf 85' lang='grc' dir='ltr'>ὡς</span> <span class='ocrx_word' id='word_1_138' title='bbox 807 1799 1037 1862; x_wconf 67' lang='grc' dir='ltr'>πέλταις</span> <span class='ocrx_word' id='word_1_139' title='bbox 1064 1805 1144 1871; x_wconf 76' lang='grc' dir='ltr'>τῷ</span> <span class='ocrx_word' id='word_1_140' title='bbox 1199 1800 1531 1871; x_wconf 83' lang='grc' dir='ltr'>σκεπάσματι</span> <span class='ocrx_word' id='word_1_141' title='bbox 1589 1797 1717 1858; x_wconf 69' lang='grc' dir='ltr'>τοὺς</span> <span class='ocrx_word' id='word_1_142' title='bbox 1768 1798 1847 1875; x_wconf 72' lang='grc' dir='ltr'><strong>ἐφ’</strong></span> 
     </span>
    </p>
   </div>
   <div class='ocr_carea' id='block_1_20' title="bbox 190 1885 1849 1965">
    <p class='ocr_par' dir='ltr' id='par_1_20' title="bbox 190 1885 1849 1965">
     <span class='ocr_line' id='line_1_21' title="bbox 190 1885 1849 1965; baseline -0.002 -22"><span class='ocrx_word' id='word_1_143' title='bbox 190 1888 340 1965; x_wconf 68' lang='grc' dir='ltr'>ὕδωρ</span> <span class='ocrx_word' id='word_1_144' title='bbox 397 1890 575 1952; x_wconf 67' lang='grc' dir='ltr'>ἰόντας</span> <span class='ocrx_word' id='word_1_145' title='bbox 628 1897 890 1965; x_wconf 75' lang='grc' dir='ltr'>χρῆσθαι.</span> <span class='ocrx_word' id='word_1_146' title='bbox 950 1890 1072 1946; x_wconf 80' lang='grc' dir='ltr'><strong>Ἐπὶ</strong></span> <span class='ocrx_word' id='word_1_147' title='bbox 1122 1891 1316 1963; x_wconf 71' lang='grc' dir='ltr'>θάτερα</span> <span class='ocrx_word' id='word_1_148' title='bbox 1362 1886 1418 1942; x_wconf 72' lang='grc' dir='ltr'>δε</span> <span class='ocrx_word' id='word_1_149' title='bbox 1451 1888 1644 1942; x_wconf 61' lang='grc' dir='ltr'>τούτου</span> <span class='ocrx_word' id='word_1_150' title='bbox 1676 1885 1849 1964; x_wconf 77' lang='grc' dir='ltr'>λόφος</span> 
     </span>
    </p>
   </div>
   <div class='ocr_carea' id='block_1_21' title="bbox 185 1974 1845 2054">
    <p class='ocr_par' dir='ltr' id='par_1_21' title="bbox 185 1974 1845 2054">
     <span class='ocr_line' id='line_1_22' title="bbox 185 1974 1845 2054; baseline -0.002 -20"><span class='ocrx_word' id='word_1_151' title='bbox 185 1978 374 2054; x_wconf 78' lang='grc' dir='ltr'>ἕτερος</span> <span class='ocrx_word' id='word_1_152' title='bbox 436 1980 756 2054; x_wconf 71' lang='grc' dir='ltr'>ὑπερανὲχει</span> <span class='ocrx_word' id='word_1_153' title='bbox 812 1985 913 2047; x_wconf 78' lang='grc' dir='ltr'>τῆς</span> <span class='ocrx_word' id='word_1_154' title='bbox 960 1975 1235 2045; x_wconf 77' lang='grc' dir='ltr'>πεδιάδος,</span> <span class='ocrx_word' id='word_1_155' title='bbox 1284 1974 1610 2051; x_wconf 79' lang='grc' dir='ltr'>καταντικρὺ</span> <span class='ocrx_word' id='word_1_156' title='bbox 1662 1976 1845 2048; x_wconf 86' lang='grc' dir='ltr'>κείμε-</span> 
     </span>
    </p>
   </div>
   <div class='ocr_carea' id='block_1_22' title="bbox 187 2063 1846 2141">
    <p class='ocr_par' dir='ltr' id='par_1_22' title="bbox 187 2063 1846 2141">
     <span class='ocr_line' id='line_1_23' title="bbox 187 2063 1846 2141; baseline -0.001 -18"><span class='ocrx_word' id='word_1_157' title='bbox 187 2091 305 2139; x_wconf 83' lang='grc' dir='ltr'>νος,</span> <span class='ocrx_word' id='word_1_158' title='bbox 367 2071 427 2123; x_wconf 72' lang='grc' dir='ltr'>οὗ</span> <span class='ocrx_word' id='word_1_159' title='bbox 487 2068 675 2139; x_wconf 76' lang='grc' dir='ltr'>δήκαὶ</span> <span class='ocrx_word' id='word_1_160' title='bbox 734 2071 983 2141; x_wconf 86' lang='grc' dir='ltr'>ποταμὸς</span> <span class='ocrx_word' id='word_1_161' title='bbox 1043 2068 1265 2139; x_wconf 85' lang='grc' dir='ltr'>Βοώσης</span> <span class='ocrx_word' id='word_1_162' title='bbox 1321 2066 1616 2141; x_wconf 82' lang='grc' dir='ltr'>λεγόμενος</span> <span class='ocrx_word' id='word_1_163' title='bbox 1675 2063 1846 2127; x_wconf 75' lang='grc' dir='ltr'>ἄλλος</span> 
     </span>
    </p>
   </div>
   <div class='ocr_carea' id='block_1_23' title="bbox 188 2157 1847 2235">
    <p class='ocr_par' dir='ltr' id='par_1_23' title="bbox 188 2157 1847 2235">
     <span class='ocr_line' id='line_1_24' title="bbox 188 2157 1847 2235; baseline -0.002 -22"><span class='ocrx_word' id='word_1_164' title='bbox 188 2159 550 2235; x_wconf 66' lang='grc' dir='ltr'>πλημμυρῶν</span> <span class='ocrx_word' id='word_1_165' title='bbox 599 2161 737 2214; x_wconf 77' lang='grc' dir='ltr'>κατά</span> <span class='ocrx_word' id='word_1_166' title='bbox 788 2160 958 2231; x_wconf 76' lang='grc' dir='ltr'>μὲσην</span> <span class='ocrx_word' id='word_1_167' title='bbox 1020 2159 1262 2232; x_wconf 77' lang='grc' dir='ltr'>ἀπείργει</span> <span class='ocrx_word' id='word_1_168' title='bbox 1316 2158 1381 2210; x_wconf 78' lang='grc' dir='ltr'><strong>τά</strong></span> <span class='ocrx_word' id='word_1_169' title='bbox 1438 2157 1660 2212; x_wconf 86' lang='grc' dir='ltr'>Κάνινα.</span> <span class='ocrx_word' id='word_1_170' title='bbox 1694 2161 1847 2226; x_wconf 86' lang='grc' dir='ltr'>Παμ-</span> 
     </span>
    </p>
   </div>
   <div class='ocr_carea' id='block_1_24' title="bbox 187 2246 1850 2323">
    <p class='ocr_par' dir='ltr' id='par_1_24' title="bbox 187 2246 1850 2323">
     <span class='ocr_line' id='line_1_25' title="bbox 187 2246 1850 2323; baseline -0.001 -22"><span class='ocrx_word' id='word_1_171' title='bbox 187 2248 392 2318; x_wconf 76' lang='grc' dir='ltr'>πληθεῖ</span> <span class='ocrx_word' id='word_1_172' title='bbox 425 2254 555 2323; x_wconf 71' lang='grc' dir='ltr'>γοῦν</span> <span class='ocrx_word' id='word_1_173' title='bbox 588 2247 791 2303; x_wconf 84' lang='grc' dir='ltr'>ἐκεῖνον</span> <span class='ocrx_word' id='word_1_174' title='bbox 852 2248 1313 2321; x_wconf 64' lang='grc' dir='ltr'>περαιωσάμενοι,</span> <span class='ocrx_word' id='word_1_175' title='bbox 1364 2247 1733 2319; x_wconf 73' lang='grc' dir='ltr'>κατασχόντες</span> <span class='ocrx_word' id='word_1_176' title='bbox 1757 2246 1850 2299; x_wconf 81' lang='grc' dir='ltr'>τὸν</span> 
     </span>
    </p>
   </div>
   <div class='ocr_carea' id='block_1_25' title="bbox 189 2328 1849 2418">
    <p class='ocr_par' dir='ltr' id='par_1_25' title="bbox 189 2328 1849 2418">
     <span class='ocr_line' id='line_1_26' title="bbox 189 2328 1849 2418; baseline -0.004 -25"><span class='ocrx_word' id='word_1_177' title='bbox 189 2339 363 2418; x_wconf 63' lang='grc' dir='ltr'>λόφον</span> <span class='ocrx_word' id='word_1_178' title='bbox 418 2340 721 2413; x_wconf 81' lang='grc' dir='ltr'>μετεώρους</span> <span class='ocrx_word' id='word_1_179' title='bbox 774 2333 931 2399; x_wconf 77' lang='grc' dir='ltr'>ὄντας</span> <span class='ocrx_word' id='word_1_180' title='bbox 976 2336 1064 2391; x_wconf 84' lang='grc' dir='ltr'><strong>ἐπὶ</strong></span> <span class='ocrx_word' id='word_1_181' title='bbox 1107 2340 1185 2407; x_wconf 87' lang='grc' dir='ltr'>τῷ</span> <span class='ocrx_word' id='word_1_182' title='bbox 1232 2332 1495 2408; x_wconf 67' lang='grc' dir='ltr'>μέλλοντι</span> <span class='ocrx_word' id='word_1_183' title='bbox 1524 2328 1677 2411; x_wconf 74' lang='grc' dir='ltr'><strong>φόϐῳ</strong></span> <span class='ocrx_word' id='word_1_184' title='bbox 1724 2332 1849 2397; x_wconf 65' lang='grc' dir='ltr'>τοὺς</span> 
     </span>
    </p>
   </div>
   <div class='ocr_carea' id='block_1_26' title="bbox 188 2548 1848 2629">
    <p class='ocr_par' dir='ltr' id='par_1_26' title="bbox 188 2548 1848 2629">
     <span class='ocr_line' id='line_1_27' title="bbox 188 2548 1848 2629; baseline -0.005 -15"><span class='ocrx_word' id='word_1_185' title='bbox 188 2561 361 2615; x_wconf 91' lang='lat' dir='ltr'><strong>sibus</strong></span> <span class='ocrx_word' id='word_1_186' title='bbox 392 2559 719 2629; x_wconf 84' lang='lat' dir='ltr'><strong>despectus,</strong></span> <span class='ocrx_word' id='word_1_187' title='bbox 748 2556 933 2612; x_wconf 81' lang='lat' dir='ltr'><strong>ﬂavus</strong></span> <span class='ocrx_word' id='word_1_188' title='bbox 974 2553 1187 2624; x_wconf 79' lang='lat' dir='ltr'><strong>crines,</strong></span> <span class='ocrx_word' id='word_1_189' title='bbox 1247 2551 1467 2608; x_wconf 83' lang='lat' dir='ltr'><strong>cervice</strong></span> <span class='ocrx_word' id='word_1_190' title='bbox 1526 2548 1848 2607; x_wconf 79' lang='lat' dir='ltr'><strong>insolenter</strong></span> 
     </span>
    </p>
   </div>
   <div class='ocr_carea' id='block_1_27' title="bbox 186 2641 1845 2713">
    <p class='ocr_par' dir='ltr' id='par_1_27' title="bbox 186 2641 1845 2713">
     <span class='ocr_line' id='line_1_28' title="bbox 186 2641 1845 2713; baseline -0.006 -10"><span class='ocrx_word' id='word_1_191' title='bbox 186 2650 345 2704; x_wconf 87' lang='lat' dir='ltr'><strong>elata</strong></span> <span class='ocrx_word' id='word_1_192' title='bbox 376 2647 636 2703; x_wconf 88' lang='lat' dir='ltr'><strong>incitatis</strong></span> <span class='ocrx_word' id='word_1_193' title='bbox 694 2644 1147 2713; x_wconf 77' lang='lat' dir='ltr'><strong>circumagenda</strong></span> <span class='ocrx_word' id='word_1_194' title='bbox 1205 2641 1460 2698; x_wconf 83' lang='lat' dir='ltr'><strong>motibus</strong></span> <span class='ocrx_word' id='word_1_195' title='bbox 1518 2642 1845 2695; x_wconf 79' lang='lat' dir='ltr'><strong>naturalem</strong></span> 
     </span>
    </p>
   </div>
   <div class='ocr_carea' id='block_1_28' title="bbox 187 2728 1843 2811">
    <p class='ocr_par' dir='ltr' id='par_1_28' title="bbox 187 2728 1843 2811">
     <span class='ocr_line' id='line_1_29' title="bbox 187 2728 1843 2811; baseline -0.006 -18"><span class='ocrx_word' id='word_1_196' title='bbox 187 2738 507 2811; x_wconf 83' lang='lat' dir='ltr'><strong>quemdam</strong></span> <span class='ocrx_word' id='word_1_197' title='bbox 568 2735 836 2790; x_wconf 85' lang='lat' dir='ltr'><strong>ardorem</strong></span> <span class='ocrx_word' id='word_1_198' title='bbox 896 2733 1245 2805; x_wconf 75' lang='lat' dir='ltr'><strong>praeferens:</strong></span> <span class='ocrx_word' id='word_1_199' title='bbox 1300 2730 1453 2785; x_wconf 92' lang='lat' dir='ltr'><strong>unde</strong></span> <span class='ocrx_word' id='word_1_200' title='bbox 1498 2728 1843 2784; x_wconf 83' lang='lat' dir='ltr'><strong>crediderim</strong></span> 
     </span>
    </p>
   </div>
   <div class='ocr_carea' id='block_1_29' title="bbox 183 2819 1844 2891">
    <p class='ocr_par' dir='ltr' id='par_1_29' title="bbox 183 2819 1844 2891">
     <span class='ocr_line' id='line_1_30' title="bbox 183 2819 1844 2891; baseline -0.007 -7"><span class='ocrx_word' id='word_1_201' title='bbox 183 2845 323 2884; x_wconf 89' lang='lat' dir='ltr'><strong>eum</strong></span> <span class='ocrx_word' id='word_1_202' title='bbox 348 2826 507 2882; x_wconf 79' lang='lat' dir='ltr'><strong>Rbus</strong></span> <span class='ocrx_word' id='word_1_203' title='bbox 538 2828 803 2880; x_wconf 88' lang='lat' dir='ltr'><strong>vocatum</strong></span> <span class='ocrx_word' id='word_1_204' title='bbox 827 2840 894 2878; x_wconf 80' lang='lat' dir='ltr'><strong>ex</strong></span> <span class='ocrx_word' id='word_1_205' title='bbox 925 2820 1314 2876; x_wconf 85' lang='lat' dir='ltr'><strong>similitudine</strong></span> <span class='ocrx_word' id='word_1_206' title='bbox 1332 2819 1543 2891; x_wconf 90' lang='lat' dir='ltr'><strong>capitis</strong></span> <span class='ocrx_word' id='word_1_207' title='bbox 1575 2819 1844 2887; x_wconf 79' lang='lat' dir='ltr'><strong>ejustum</strong></span> 
     </span>
    </p>
   </div>
   <div class='ocr_carea' id='block_1_30' title="bbox 184 2906 1844 2979">
    <p class='ocr_par' dir='ltr' id='par_1_30' title="bbox 184 2906 1844 2979">
     <span class='ocr_line' id='line_1_31' title="bbox 184 2906 1844 2979; baseline -0.006 -7"><span class='ocrx_word' id='word_1_208' title='bbox 184 2934 370 2974; x_wconf 65' lang='lat' dir='ltr'><strong>coma!</strong></span> <span class='ocrx_word' id='word_1_209' title='bbox 384 2922 508 2970; x_wconf 90' lang='lat' dir='ltr'><strong>tum</strong></span> <span class='ocrx_word' id='word_1_210' title='bbox 525 2913 724 2968; x_wconf 82' lang='lat' dir='ltr'><strong>vultus</strong></span> <span class='ocrx_word' id='word_1_211' title='bbox 742 2912 933 2967; x_wconf 91' lang='lat' dir='ltr'><strong>colore</strong></span> <span class='ocrx_word' id='word_1_212' title='bbox 952 2909 1475 2975; x_wconf 89' lang='lat' dir='ltr'><strong>rubescentis,cum</strong></span> <span class='ocrx_word' id='word_1_213' title='bbox 1494 2913 1632 2963; x_wconf 89' lang='lat' dir='ltr'><strong>nota</strong></span> <span class='ocrx_word' id='word_1_214' title='bbox 1651 2906 1844 2979; x_wconf 82' lang='lat' dir='ltr'><strong>specie</strong></span> 
     </span>
    </p>
   </div>
   <div class='ocr_carea' id='block_1_31' title="bbox 183 2995 1844 3079">
    <p class='ocr_par' dir='ltr' id='par_1_31' title="bbox 183 2995 1844 3079">
     <span class='ocr_line' id='line_1_32' title="bbox 183 2995 1844 3079; baseline -0.006 -18"><span class='ocrx_word' id='word_1_215' title='bbox 183 3006 484 3079; x_wconf 85' lang='lat' dir='ltr'><strong>phalangii</strong></span> <span class='ocrx_word' id='word_1_216' title='bbox 541 3003 703 3059; x_wconf 80' lang='lat' dir='ltr'><strong>Rhox</strong></span> <span class='ocrx_word' id='word_1_217' title='bbox 733 3002 905 3056; x_wconf 88' lang='lat' dir='ltr'><strong>dicta.</strong></span> <span class='ocrx_word' id='word_1_218' title='bbox 934 3004 1049 3056; x_wconf 87' lang='lat' dir='ltr'><strong>Ista</strong></span> <span class='ocrx_word' id='word_1_219' title='bbox 1097 2999 1277 3071; x_wconf 80' lang='lat' dir='ltr'><strong>igitur</strong></span> <span class='ocrx_word' id='word_1_220' title='bbox 1307 2997 1663 3053; x_wconf 78' lang='lat' dir='ltr'><strong>confidentia</strong></span> <span class='ocrx_word' id='word_1_221' title='bbox 1714 2995 1844 3053; x_wconf 82' lang='lat' dir='ltr'><strong>Itali</strong></span> 
     </span>
    </p>
   </div>
   <div class='ocr_carea' id='block_1_32' title="bbox 182 3086 1848 3160">
    <p class='ocr_par' dir='ltr' id='par_1_32' title="bbox 182 3086 1848 3160">
     <span class='ocr_line' id='line_1_33' title="bbox 182 3086 1848 3160; baseline -0.007 -8"><span class='ocrx_word' id='word_1_222' title='bbox 182 3100 451 3160; x_wconf 87' lang='lat' dir='ltr'><strong>ruentes,</strong></span> <span class='ocrx_word' id='word_1_223' title='bbox 494 3094 808 3148; x_wconf 73' lang='lat' dir='ltr'><strong>admovent</strong></span> <span class='ocrx_word' id='word_1_224' title='bbox 839 3107 899 3144; x_wconf 88' lang='lat' dir='ltr'><strong>se</strong></span> <span class='ocrx_word' id='word_1_225' title='bbox 934 3091 1190 3160; x_wconf 89' lang='lat' dir='ltr'><strong>primum</strong></span> <span class='ocrx_word' id='word_1_226' title='bbox 1229 3086 1628 3159; x_wconf 87' lang='lat' dir='ltr'><strong>Bellagradis:</strong></span> <span class='ocrx_word' id='word_1_227' title='bbox 1690 3086 1848 3141; x_wconf 89' lang='lat' dir='ltr'><strong>arcis</strong></span> 
     </span>
    </p>
   </div>
   <div class='ocr_carea' id='block_1_33' title="bbox 182 3178 1846 3253">
    <p class='ocr_par' dir='ltr' id='par_1_33' title="bbox 182 3178 1846 3253">
     <span class='ocr_line' id='line_1_34' title="bbox 182 3178 1846 3253; baseline -0.007 -12"><span class='ocrx_word' id='word_1_228' title='bbox 182 3187 247 3241; x_wconf 87' lang='lat' dir='ltr'><strong>id</strong></span> <span class='ocrx_word' id='word_1_229' title='bbox 311 3200 567 3247; x_wconf 86' lang='lat' dir='ltr'><strong>nomen,</strong></span> <span class='ocrx_word' id='word_1_230' title='bbox 616 3196 789 3253; x_wconf 86' lang='lat' dir='ltr'><strong>quam</strong></span> <span class='ocrx_word' id='word_1_231' title='bbox 848 3180 1004 3236; x_wconf 69' lang='lat'><strong>510</strong></span> <span class='ocrx_word' id='word_1_232' title='bbox 1079 3178 1269 3249; x_wconf 87' lang='lat' dir='ltr'><strong>primo</strong></span> <span class='ocrx_word' id='word_1_233' title='bbox 1332 3194 1395 3231; x_wconf 91' lang='lat' dir='ltr'><strong>se</strong></span> <span class='ocrx_word' id='word_1_234' title='bbox 1469 3179 1846 3247; x_wconf 89' lang='lat' dir='ltr'><strong>speraverant</strong></span> 
     </span>
    </p>
   </div>
   <div class='ocr_carea' id='block_1_34' title="bbox 178 3264 1847 3346">
    <p class='ocr_par' dir='ltr' id='par_1_34' title="bbox 178 3264 1847 3346">
     <span class='ocr_line' id='line_1_35' title="bbox 178 3264 1847 3346; baseline -0.007 -16"><span class='ocrx_word' id='word_1_235' title='bbox 178 3276 414 3346; x_wconf 86' lang='lat' dir='ltr'><strong>impetu</strong></span> <span class='ocrx_word' id='word_1_236' title='bbox 474 3276 769 3341; x_wconf 89' lang='lat' dir='ltr'><strong>capturos.</strong></span> <span class='ocrx_word' id='word_1_237' title='bbox 819 3268 1006 3339; x_wconf 83' lang='lat' dir='ltr'><strong>Hujus</strong></span> <span class='ocrx_word' id='word_1_238' title='bbox 1060 3272 1256 3322; x_wconf 90' lang='lat' dir='ltr'><strong>autem</strong></span> <span class='ocrx_word' id='word_1_239' title='bbox 1310 3265 1444 3320; x_wconf 89' lang='lat' dir='ltr'><strong>talis</strong></span> <span class='ocrx_word' id='word_1_240' title='bbox 1490 3264 1725 3337; x_wconf 83' lang='lat' dir='ltr'><strong>quidem</strong></span> <span class='ocrx_word' id='word_1_241' title='bbox 1757 3268 1847 3319; x_wconf 87' lang='lat' dir='ltr'><strong>est</strong></span> 
     </span>
    </p>
   </div>
   <div class='ocr_carea' id='block_1_35' title="bbox 182 3352 1850 3429">
    <p class='ocr_par' dir='ltr' id='par_1_35' title="bbox 182 3352 1850 3429">
     <span class='ocr_line' id='line_1_36' title="bbox 182 3352 1850 3429; baseline -0.007 -10"><span class='ocrx_word' id='word_1_242' title='bbox 182 3360 558 3420; x_wconf 81' lang='lat' dir='ltr'><strong>situs.Habet</strong></span> <span class='ocrx_word' id='word_1_243' title='bbox 585 3358 718 3413; x_wconf 89' lang='lat' dir='ltr'><strong>hinc</strong></span> <span class='ocrx_word' id='word_1_244' title='bbox 733 3357 969 3429; x_wconf 88' lang='lat' dir='ltr'><strong>quidem</strong></span> <span class='ocrx_word' id='word_1_245' title='bbox 988 3360 1334 3427; x_wconf 65' lang='lat' dir='ltr'><strong>prmtentum</strong></span> <span class='ocrx_word' id='word_1_246' title='bbox 1351 3371 1441 3408; x_wconf 89' lang='lat' dir='ltr'><strong>am</strong></span> <span class='ocrx_word' id='word_1_247' title='bbox 1456 3369 1585 3409; x_wconf 92' lang='lat' dir='ltr'><strong>nem</strong></span> <span class='ocrx_word' id='word_1_248' title='bbox 1614 3352 1850 3425; x_wconf 84' lang='lat' dir='ltr'><strong>propria</strong></span> 
     </span>
    </p>
   </div>
   <div class='ocr_carea' id='block_1_36' title="bbox 181 3442 1849 3521">
    <p class='ocr_par' dir='ltr' id='par_1_36' title="bbox 181 3442 1849 3521">
     <span class='ocr_line' id='line_1_37' title="bbox 181 3442 1849 3521; baseline -0.006 -14"><span class='ocrx_word' id='word_1_249' title='bbox 181 3452 609 3521; x_wconf 74' lang='lat' dir='ltr'><strong>indigenarum</strong></span> <span class='ocrx_word' id='word_1_250' title='bbox 668 3447 870 3518; x_wconf 89' lang='lat' dir='ltr'><strong>lingua</strong></span> <span class='ocrx_word' id='word_1_251' title='bbox 936 3450 1200 3501; x_wconf 90' lang='lat' dir='ltr'><strong>vocatum</strong></span> <span class='ocrx_word' id='word_1_252' title='bbox 1258 3451 1542 3499; x_wconf 83' lang='lat' dir='ltr'><strong>Asunem.</strong></span> <span class='ocrx_word' id='word_1_253' title='bbox 1604 3442 1849 3512; x_wconf 78' lang='lat' dir='ltr'><strong>Adjecet</strong></span> 
     </span>
    </p>
   </div>
   <div class='ocr_carea' id='block_1_37' title="bbox 183 3534 1849 3606">
    <p class='ocr_par' dir='ltr' id='par_1_37' title="bbox 183 3534 1849 3606">
     <span class='ocr_line' id='line_1_38' title="bbox 183 3534 1849 3606; baseline -0.007 -8"><span class='ocrx_word' id='word_1_254' title='bbox 183 3547 394 3599; x_wconf 82' lang='lat' dir='ltr'><strong>autem</strong></span> <span class='ocrx_word' id='word_1_255' title='bbox 429 3538 590 3594; x_wconf 88' lang='lat' dir='ltr'><strong>amni</strong></span> <span class='ocrx_word' id='word_1_256' title='bbox 624 3554 724 3593; x_wconf 83' lang='lat' dir='ltr'><strong>arx</strong></span> <span class='ocrx_word' id='word_1_257' title='bbox 756 3553 789 3590; x_wconf 87' lang='lat' dir='ltr'><strong>a</strong></span> <span class='ocrx_word' id='word_1_258' title='bbox 815 3537 1015 3600; x_wconf 87' lang='lat' dir='ltr'><strong>latere,</strong></span> <span class='ocrx_word' id='word_1_259' title='bbox 1046 3552 1160 3590; x_wconf 90' lang='lat' dir='ltr'><strong>non</strong></span> <span class='ocrx_word' id='word_1_260' title='bbox 1212 3534 1384 3606; x_wconf 89' lang='lat' dir='ltr'><strong>plano</strong></span> <span class='ocrx_word' id='word_1_261' title='bbox 1415 3549 1587 3605; x_wconf 75' lang='lat' dir='ltr'><strong>aequa</strong></span> <span class='ocrx_word' id='word_1_262' title='bbox 1616 3547 1849 3601; x_wconf 89' lang='lat' dir='ltr'><strong>eampo,</strong></span> 
     </span>
    </p>
   </div>
   <div class='ocr_carea' id='block_1_38' title="bbox 180 3619 1848 3702">
    <p class='ocr_par' dir='ltr' id='par_1_38' title="bbox 180 3619 1848 3702">
     <span class='ocr_line' id='line_1_39' title="bbox 180 3619 1848 3702; baseline -0.006 -18"><span class='ocrx_word' id='word_1_263' title='bbox 180 3631 294 3684; x_wconf 80' lang='lat' dir='ltr'><strong>sed</strong></span> <span class='ocrx_word' id='word_1_264' title='bbox 328 3632 615 3700; x_wconf 78' lang='lat' dir='ltr'><strong>suggestu</strong></span> <span class='ocrx_word' id='word_1_265' title='bbox 642 3625 902 3702; x_wconf 83' lang='lat' dir='ltr'><strong>quodam</strong></span> <span class='ocrx_word' id='word_1_266' title='bbox 937 3623 1203 3678; x_wconf 85' lang='lat' dir='ltr'><strong>eminens</strong></span> <span class='ocrx_word' id='word_1_267' title='bbox 1237 3621 1413 3676; x_wconf 86' lang='lat' dir='ltr'><strong>nntivi</strong></span> <span class='ocrx_word' id='word_1_268' title='bbox 1468 3619 1651 3685; x_wconf 91' lang='lat' dir='ltr'><strong>collis,</strong></span> <span class='ocrx_word' id='word_1_269' title='bbox 1679 3619 1848 3688; x_wconf 88' lang='lat' dir='ltr'><strong>cujus</strong></span> 
     </span>
    </p>
   </div>
   <div class='ocr_carea' id='block_1_39' title="bbox 176 3708 1846 3781">
    <p class='ocr_par' dir='ltr' id='par_1_39' title="bbox 176 3708 1846 3781">
     <span class='ocr_line' id='line_1_40' title="bbox 176 3708 1846 3781; baseline -0.006 -8"><span class='ocrx_word' id='word_1_270' title='bbox 176 3721 379 3775; x_wconf 90' lang='lat' dir='ltr'><strong>imum</strong></span> <span class='ocrx_word' id='word_1_271' title='bbox 413 3716 605 3772; x_wconf 85' lang='lat' dir='ltr'><strong>solum</strong></span> <span class='ocrx_word' id='word_1_272' title='bbox 662 3714 876 3769; x_wconf 88' lang='lat' dir='ltr'><strong>ﬂuvius</strong></span> <span class='ocrx_word' id='word_1_273' title='bbox 937 3711 1125 3767; x_wconf 80' lang='lat' dir='ltr'><strong>alluit.</strong></span> <span class='ocrx_word' id='word_1_274' title='bbox 1186 3712 1262 3766; x_wconf 84' lang='lat' dir='ltr'><strong>Ex</strong></span> <span class='ocrx_word' id='word_1_275' title='bbox 1318 3727 1435 3781; x_wconf 91' lang='lat' dir='ltr'><strong>quo</strong></span> <span class='ocrx_word' id='word_1_276' title='bbox 1485 3726 1559 3764; x_wconf 90' lang='lat' dir='ltr'><strong>ne</strong></span> <span class='ocrx_word' id='word_1_277' title='bbox 1609 3708 1846 3764; x_wconf 89' lang='lat' dir='ltr'><strong>haurire</strong></span> 
     </span>
    </p>
   </div>
   <div class='ocr_carea' id='block_1_40' title="bbox 174 3795 1846 3879">
    <p class='ocr_par' dir='ltr' id='par_1_40' title="bbox 174 3795 1846 3879">
     <span class='ocr_line' id='line_1_41' title="bbox 174 3795 1846 3879; baseline -0.008 -15"><span class='ocrx_word' id='word_1_278' title='bbox 174 3812 251 3864; x_wconf 85' lang='lat' dir='ltr'><strong>ad</strong></span> <span class='ocrx_word' id='word_1_279' title='bbox 293 3804 710 3879; x_wconf 86' lang='lat' dir='ltr'><strong>quotidianum</strong></span> <span class='ocrx_word' id='word_1_280' title='bbox 762 3818 934 3857; x_wconf 91' lang='lat' dir='ltr'><strong>usum</strong></span> <span class='ocrx_word' id='word_1_281' title='bbox 971 3800 1166 3855; x_wconf 88' lang='lat' dir='ltr'><strong>hostili</strong></span> <span class='ocrx_word' id='word_1_282' title='bbox 1196 3800 1247 3854; x_wconf 89' lang='lat' dir='ltr'><strong>vi</strong></span> <span class='ocrx_word' id='word_1_283' title='bbox 1281 3798 1622 3869; x_wconf 69' lang='lat' dir='ltr'><strong>praesidiarii</strong></span> <span class='ocrx_word' id='word_1_284' title='bbox 1658 3795 1846 3868; x_wconf 86' lang='lat' dir='ltr'><strong>prohi-</strong></span> 
     </span>
    </p>
   </div>
   <div class='ocr_carea' id='block_1_41' title="bbox 172 3886 1846 3965">
    <p class='ocr_par' dir='ltr' id='par_1_41' title="bbox 172 3886 1846 3965">
     <span class='ocr_line' id='line_1_42' title="bbox 172 3886 1846 3965; baseline -0.008 -13"><span class='ocrx_word' id='word_1_285' title='bbox 172 3900 490 3960; x_wconf 84' lang='lat' dir='ltr'><strong>berentur,</strong></span> <span class='ocrx_word' id='word_1_286' title='bbox 539 3896 880 3965; x_wconf 89' lang='lat' dir='ltr'><strong>protensum</strong></span> <span class='ocrx_word' id='word_1_287' title='bbox 914 3908 946 3944; x_wconf 89' lang='lat' dir='ltr'><strong>a</strong></span> <span class='ocrx_word' id='word_1_288' title='bbox 978 3889 1277 3944; x_wconf 83' lang='lat' dir='ltr'><strong>radicibus</strong></span> <span class='ocrx_word' id='word_1_289' title='bbox 1333 3886 1464 3941; x_wconf 90' lang='lat' dir='ltr'><strong>clivi</strong></span> <span class='ocrx_word' id='word_1_290' title='bbox 1497 3888 1568 3942; x_wconf 91' lang='lat' dir='ltr'><strong>ad</strong></span> <span class='ocrx_word' id='word_1_291' title='bbox 1628 3886 1846 3940; x_wconf 86' lang='lat' dir='ltr'><strong>flumen</strong></span> 
     </span>
    </p>
   </div>
   <div class='ocr_carea' id='block_1_42' title="bbox 168 3974 1842 4057">
    <p class='ocr_par' dir='ltr' id='par_1_42' title="bbox 168 3974 1842 4057">
     <span class='ocr_line' id='line_1_43' title="bbox 168 3974 1842 4057; baseline -0.008 -16"><span class='ocrx_word' id='word_1_292' title='bbox 168 3990 440 4057; x_wconf 59' lang='lat' dir='ltr'><strong>aggesta</strong></span> <span class='ocrx_word' id='word_1_293' title='bbox 470 3982 645 4038; x_wconf 90' lang='lat' dir='ltr'><strong>molis</strong></span> <span class='ocrx_word' id='word_1_294' title='bbox 678 3979 989 4035; x_wconf 87' lang='lat' dir='ltr'><strong>brachium</strong></span> <span class='ocrx_word' id='word_1_295' title='bbox 1046 3977 1301 4049; x_wconf 82' lang='lat' dir='ltr'><strong>tegebat,</strong></span> <span class='ocrx_word' id='word_1_296' title='bbox 1360 3993 1511 4047; x_wconf 91' lang='lat' dir='ltr'><strong>opus</strong></span> <span class='ocrx_word' id='word_1_297' title='bbox 1571 3974 1708 4030; x_wconf 91' lang='lat' dir='ltr'><strong>olim</strong></span> <span class='ocrx_word' id='word_1_298' title='bbox 1772 3975 1842 4028; x_wconf 89' lang='lat' dir='ltr'><strong>ad</strong></span> 
     </span>
    </p>
   </div>
   <div class='ocr_carea' id='block_1_43' title="bbox 165 4065 1849 4137">
    <p class='ocr_par' dir='ltr' id='par_1_43' title="bbox 165 4065 1849 4137">
     <span class='ocr_line' id='line_1_44' title="bbox 165 4065 1849 4137; baseline -0.007 -7"><span class='ocrx_word' id='word_1_299' title='bbox 165 4075 504 4130; x_wconf 84' lang='lat' dir='ltr'><strong>dubiorum</strong></span> <span class='ocrx_word' id='word_1_300' title='bbox 540 4069 885 4125; x_wconf 82' lang='lat' dir='ltr'><strong>discrimina</strong></span> <span class='ocrx_word' id='word_1_301' title='bbox 912 4072 1248 4137; x_wconf 82' lang='lat' dir='ltr'><strong>temporum</strong></span> <span class='ocrx_word' id='word_1_302' title='bbox 1310 4071 1603 4137; x_wconf 89' lang='lat' dir='ltr'><strong>paratum.</strong></span> <span class='ocrx_word' id='word_1_303' title='bbox 1657 4065 1849 4119; x_wconf 84' lang='lat' dir='ltr'><strong>Tanta</strong></span> 
     </span>
    </p>
   </div>
   <div class='ocr_carea' id='block_1_44' title="bbox 166 4153 1847 4237">
    <p class='ocr_par' dir='ltr' id='par_1_44' title="bbox 166 4153 1847 4237">
     <span class='ocr_line' id='line_1_45' title="bbox 166 4153 1847 4237; baseline -0.008 -17"><span class='ocrx_word' id='word_1_304' title='bbox 166 4182 361 4237; x_wconf 89' lang='lat' dir='ltr'><strong>porro</strong></span> <span class='ocrx_word' id='word_1_305' title='bbox 397 4160 591 4217; x_wconf 90' lang='lat' dir='ltr'><strong>amnis</strong></span> <span class='ocrx_word' id='word_1_306' title='bbox 651 4160 723 4214; x_wconf 82' lang='lat' dir='ltr'><strong>ad</strong></span> <span class='ocrx_word' id='word_1_307' title='bbox 780 4174 972 4212; x_wconf 89' lang='lat' dir='ltr'><strong>arcem</strong></span> <span class='ocrx_word' id='word_1_308' title='bbox 1024 4156 1238 4211; x_wconf 87' lang='lat' dir='ltr'><strong>vicinia</strong></span> <span class='ocrx_word' id='word_1_309' title='bbox 1265 4158 1378 4219; x_wconf 89' lang='lat' dir='ltr'><strong>est,</strong></span> <span class='ocrx_word' id='word_1_310' title='bbox 1432 4159 1496 4209; x_wconf 90' lang='lat' dir='ltr'><strong>ut</strong></span> <span class='ocrx_word' id='word_1_311' title='bbox 1528 4153 1627 4225; x_wconf 91' lang='lat' dir='ltr'><strong>qui</strong></span> <span class='ocrx_word' id='word_1_312' title='bbox 1682 4170 1748 4207; x_wconf 83' lang='lat' dir='ltr'><strong>ex</strong></span> <span class='ocrx_word' id='word_1_313' title='bbox 1779 4168 1847 4208; x_wconf 90' lang='lat' dir='ltr'><strong>eo</strong></span> 
     </span>
    </p>
   </div>
   <div class='ocr_carea' id='block_1_45' title="bbox 163 4243 1846 4326">
    <p class='ocr_par' dir='ltr' id='par_1_45' title="bbox 163 4243 1846 4326">
     <span class='ocr_line' id='line_1_46' title="bbox 163 4243 1846 4326; baseline -0.009 -15"><span class='ocrx_word' id='word_1_314' title='bbox 163 4253 395 4326; x_wconf 81' lang='lat' dir='ltr'><strong>aquari</strong></span> <span class='ocrx_word' id='word_1_315' title='bbox 431 4248 650 4305; x_wconf 83' lang='lat' dir='ltr'><strong>externi</strong></span> <span class='ocrx_word' id='word_1_316' title='bbox 702 4247 1040 4303; x_wconf 84' lang='lat' dir='ltr'><strong>obsidentes</strong></span> <span class='ocrx_word' id='word_1_317' title='bbox 1092 4244 1319 4309; x_wconf 89' lang='lat' dir='ltr'><strong>volunt,</strong></span> <span class='ocrx_word' id='word_1_318' title='bbox 1362 4244 1409 4298; x_wconf 85' lang='lat' dir='ltr'><strong>si</strong></span> <span class='ocrx_word' id='word_1_319' title='bbox 1469 4244 1523 4299; x_wconf 89' lang='lat' dir='ltr'><strong>id</strong></span> <span class='ocrx_word' id='word_1_320' title='bbox 1562 4243 1658 4298; x_wconf 91' lang='lat' dir='ltr'><strong>ubi</strong></span> <span class='ocrx_word' id='word_1_321' title='bbox 1721 4260 1846 4314; x_wconf 79' lang='lat' dir='ltr'><strong>pro~</strong></span> 
     </span>
    </p>
   </div>
   <div class='ocr_carea' id='block_1_46' title="bbox 160 4332 1847 4408">
    <p class='ocr_par' dir='ltr' id='par_1_46' title="bbox 160 4332 1847 4408">
     <span class='ocr_line' id='line_1_47' title="bbox 160 4332 1847 4408; baseline -0.009 -9"><span class='ocrx_word' id='word_1_322' title='bbox 160 4345 384 4399; x_wconf 74' lang='lat' dir='ltr'><strong>ximus</strong></span> <span class='ocrx_word' id='word_1_323' title='bbox 415 4351 501 4396; x_wconf 83' lang='lat' dir='ltr'><strong>est</strong></span> <span class='ocrx_word' id='word_1_324' title='bbox 533 4341 885 4408; x_wconf 77' lang='lat' dir='ltr'><strong>conspectus</strong></span> <span class='ocrx_word' id='word_1_325' title='bbox 941 4340 1186 4401; x_wconf 80' lang='lat' dir='ltr'><strong>tentent,</strong></span> <span class='ocrx_word' id='word_1_326' title='bbox 1246 4334 1484 4387; x_wconf 71' lang='lat' dir='ltr'><strong>sarissis</strong></span> <span class='ocrx_word' id='word_1_327' title='bbox 1535 4332 1696 4386; x_wconf 85' lang='lat' dir='ltr'><strong>intus</strong></span> <span class='ocrx_word' id='word_1_328' title='bbox 1755 4332 1847 4385; x_wconf 90' lang='lat' dir='ltr'><strong>de-</strong></span> 
     </span>
    </p>
   </div>
   <div class='ocr_carea' id='block_1_47' title="bbox 159 4420 1843 4505">
    <p class='ocr_par' dir='ltr' id='par_1_47' title="bbox 159 4420 1843 4505">
     <span class='ocr_line' id='line_1_48' title="bbox 159 4420 1843 4505; baseline -0.01 -15"><span class='ocrx_word' id='word_1_329' title='bbox 159 4442 455 4505; x_wconf 75' lang='lat' dir='ltr'><strong>gentium</strong></span> <span class='ocrx_word' id='word_1_330' title='bbox 509 4427 769 4498; x_wconf 86' lang='lat' dir='ltr'><strong>contigui</strong></span> <span class='ocrx_word' id='word_1_331' title='bbox 828 4425 981 4479; x_wconf 89' lang='lat' dir='ltr'><strong>sint.</strong></span> <span class='ocrx_word' id='word_1_332' title='bbox 1040 4424 1228 4488; x_wconf 84' lang='lat' dir='ltr'><strong>Quare</strong></span> <span class='ocrx_word' id='word_1_333' title='bbox 1299 4422 1534 4476; x_wconf 88' lang='lat' dir='ltr'><strong>nonnisi</strong></span> <span class='ocrx_word' id='word_1_334' title='bbox 1602 4420 1843 4495; x_wconf 89' lang='lat' dir='ltr'><strong>protecti</strong></span> 
     </span>
    </p>
   </div>
   <div class='ocr_carea' id='block_1_48' title="bbox 159 4511 1840 4596">
    <p class='ocr_par' dir='ltr' id='par_1_48' title="bbox 159 4511 1840 4596">
     <span class='ocr_line' id='line_1_49' title="bbox 159 4511 1840 4596; baseline -0.01 -17"><span class='ocrx_word' id='word_1_335' title='bbox 159 4523 356 4596; x_wconf 85' lang='lat' dir='ltr'><strong>peltis</strong></span> <span class='ocrx_word' id='word_1_336' title='bbox 411 4520 464 4572; x_wconf 82' lang='lat' dir='ltr'><strong>id</strong></span> <span class='ocrx_word' id='word_1_337' title='bbox 522 4523 649 4572; x_wconf 90' lang='lat' dir='ltr'><strong>tuto</strong></span> <span class='ocrx_word' id='word_1_338' title='bbox 708 4513 1150 4585; x_wconf 75' lang='lat' dir='ltr'><strong>aggrediantur.</strong></span> <span class='ocrx_word' id='word_1_339' title='bbox 1208 4512 1286 4566; x_wconf 81' lang='lat' dir='ltr'><strong>Ex</strong></span> <span class='ocrx_word' id='word_1_340' title='bbox 1344 4511 1587 4566; x_wconf 85' lang='lat' dir='ltr'><strong>adverso</strong></span> <span class='ocrx_word' id='word_1_341' title='bbox 1646 4516 1840 4565; x_wconf 85' lang='lat' dir='ltr'><strong>autem</strong></span> 
     </span>
    </p>
   </div>
   <div class='ocr_carea' id='block_1_49' title="bbox 1970 554 3613 639">
    <p class='ocr_par' dir='ltr' id='par_1_49' title="bbox 1970 554 3613 639">
     <span class='ocr_line' id='line_1_50' title="bbox 1970 554 3613 639; baseline 0.007 -32"><span class='ocrx_word' id='word_1_342' title='bbox 1970 559 2343 629; x_wconf 82' lang='grc' dir='ltr'>μηχανήματα</span> <span class='ocrx_word' id='word_1_343' title='bbox 2418 554 2733 632; x_wconf 58' lang='grc' dir='ltr'>πετροϐόλοι</span> <span class='ocrx_word' id='word_1_344' title='bbox 2804 562 3003 624; x_wconf 80' lang='grc' dir='ltr'>ἐκεῖθεν</span> <span class='ocrx_word' id='word_1_345' title='bbox 3084 562 3279 628; x_wconf 83' lang='grc' dir='ltr'>βολαῖς</span> <span class='ocrx_word' id='word_1_346' title='bbox 3364 565 3613 639; x_wconf 43' lang='grc' dir='ltr'>ἰσχυραῖς</span> 
     </span>
    </p>
   </div>
   <div class='ocr_carea' id='block_1_50' title="bbox 1964 640 3613 727">
    <p class='ocr_par' dir='ltr' id='par_1_50' title="bbox 1964 640 3613 727">
     <span class='ocr_line' id='line_1_51' title="bbox 1964 640 3613 727; baseline 0.007 -31"><span class='ocrx_word' id='word_1_347' title='bbox 1964 640 2185 699; x_wconf 80' lang='grc' dir='ltr'>ἐκάκουν</span> <span class='ocrx_word' id='word_1_348' title='bbox 2244 646 2305 699; x_wconf 87' lang='grc' dir='ltr'>τὸ</span> <span class='ocrx_word' id='word_1_349' title='bbox 2362 651 2572 721; x_wconf 80' lang='grc' dir='ltr'>τεῖχος.</span> <span class='ocrx_word' id='word_1_350' title='bbox 2632 648 2693 703; x_wconf 83' lang='grc' dir='ltr'><strong>Ἠ</strong></span> <span class='ocrx_word' id='word_1_351' title='bbox 2726 651 2933 704; x_wconf 69' lang='grc' dir='ltr'>τούτων</span> <span class='ocrx_word' id='word_1_352' title='bbox 2992 655 3120 726; x_wconf 79' lang='grc' dir='ltr'>γοῦν</span> <span class='ocrx_word' id='word_1_353' title='bbox 3174 654 3331 727; x_wconf 69' lang='grc' dir='ltr'>φήμη</span> <span class='ocrx_word' id='word_1_354' title='bbox 3396 654 3613 726; x_wconf 63' lang='grc' dir='ltr'>ἀπτὲρῳ</span> 
     </span>
    </p>
   </div>
   <div class='ocr_carea' id='block_1_51' title="bbox 1963 731 3609 816">
    <p class='ocr_par' dir='ltr' id='par_1_51' title="bbox 1963 731 3609 816">
     <span class='ocr_line' id='line_1_52' title="bbox 1963 731 3609 816; baseline 0.009 -33"><span class='ocrx_word' id='word_1_355' title='bbox 1963 731 2117 805; x_wconf 83' lang='grc' dir='ltr'>τάχει</span> <span class='ocrx_word' id='word_1_356' title='bbox 2176 733 2340 807; x_wconf 72' lang='grc' dir='ltr'>μέχρι</span> <span class='ocrx_word' id='word_1_357' title='bbox 2388 736 2478 788; x_wconf 78' lang='grc' dir='ltr'><strong>καὶ</strong></span> <span class='ocrx_word' id='word_1_358' title='bbox 2536 735 2832 809; x_wconf 76' lang='grc' dir='ltr'>βασιλικῶν</span> <span class='ocrx_word' id='word_1_359' title='bbox 2861 738 3037 792; x_wconf 81' lang='grc' dir='ltr'>ἀκοῶν</span> <span class='ocrx_word' id='word_1_360' title='bbox 3089 740 3295 816; x_wconf 69' lang='grc' dir='ltr'>φθάνει,</span> <span class='ocrx_word' id='word_1_361' title='bbox 3343 745 3430 796; x_wconf 84' lang='grc' dir='ltr'><strong>καὶ</strong></span> <span class='ocrx_word' id='word_1_362' title='bbox 3483 745 3609 805; x_wconf 59' lang='grc' dir='ltr'>τοὺς</span> 
     </span>
    </p>
   </div>
   <div class='ocr_carea' id='block_1_52' title="bbox 1965 818 3606 900">
    <p class='ocr_par' dir='ltr' id='par_1_52' title="bbox 1965 818 3606 900">
     <span class='ocr_line' id='line_1_53' title="bbox 1965 818 3606 900; baseline 0.007 -27"><span class='ocrx_word' id='word_1_363' title='bbox 1965 818 2263 895; x_wconf 70' lang='grc' dir='ltr'>λογισμοὺς</span> <span class='ocrx_word' id='word_1_364' title='bbox 2332 825 2584 895; x_wconf 76' lang='grc' dir='ltr'>ταράσσει</span> <span class='ocrx_word' id='word_1_365' title='bbox 2658 830 2739 897; x_wconf 75' lang='grc' dir='ltr'>τῷ</span> <span class='ocrx_word' id='word_1_366' title='bbox 2822 826 3053 900; x_wconf 86' lang='grc' dir='ltr'>βασιλεῖ,</span> <span class='ocrx_word' id='word_1_367' title='bbox 3122 830 3208 882; x_wconf 71' lang='grc' dir='ltr'><strong>καὶ</strong></span> <span class='ocrx_word' id='word_1_368' title='bbox 3296 832 3417 895; x_wconf 77' lang='grc' dir='ltr'>περέ</span> <span class='ocrx_word' id='word_1_369' title='bbox 3500 840 3606 886; x_wconf 75' lang='grc' dir='ltr'><strong>τῶν</strong></span> 
     </span>
    </p>
   </div>
   <div class='ocr_carea' id='block_1_53' title="bbox 1963 908 3607 995">
    <p class='ocr_par' dir='ltr' id='par_1_53' title="bbox 1963 908 3607 995">
     <span class='ocr_line' id='line_1_54' title="bbox 1963 908 3607 995; baseline 0.007 -32"><span class='ocrx_word' id='word_1_370' title='bbox 1963 908 2107 964; x_wconf 75' lang='grc' dir='ltr'>ὅλων</span> <span class='ocrx_word' id='word_1_371' title='bbox 2165 912 2533 986; x_wconf 69' lang='grc' dir='ltr'>τετρεμαίνειν</span> <span class='ocrx_word' id='word_1_372' title='bbox 2588 920 2847 971; x_wconf 78' lang='grc' dir='ltr'>ποιεῖται.</span> <span class='ocrx_word' id='word_1_373' title='bbox 2902 921 3068 988; x_wconf 72' lang='grc' dir='ltr'>Θνμῷ</span> <span class='ocrx_word' id='word_1_374' title='bbox 3111 918 3209 993; x_wconf 72' lang='grc' dir='ltr'><strong>γάρ</strong></span> <span class='ocrx_word' id='word_1_375' title='bbox 3271 923 3607 995; x_wconf 72' lang='grc' dir='ltr'>συγκράτους</span> 
     </span>
    </p>
   </div>
   <div class='ocr_carea' id='block_1_54' title="bbox 1960 996 3610 1081">
    <p class='ocr_par' dir='ltr' id='par_1_54' title="bbox 1960 996 3610 1081">
     <span class='ocr_line' id='line_1_55' title="bbox 1960 996 3610 1081; baseline 0.008 -30"><span class='ocrx_word' id='word_1_376' title='bbox 1960 996 2172 1070; x_wconf 79' lang='grc' dir='ltr'>τόλμας</span> <span class='ocrx_word' id='word_1_377' title='bbox 2232 1005 2335 1072; x_wconf 74' lang='grc' dir='ltr'>πῦρ</span> <span class='ocrx_word' id='word_1_378' title='bbox 2390 999 2557 1071; x_wconf 80' lang='grc' dir='ltr'>ἐλαίῳ</span> <span class='ocrx_word' id='word_1_379' title='bbox 2620 1004 2947 1076; x_wconf 76' lang='grc' dir='ltr'>μιγνύμενον</span> <span class='ocrx_word' id='word_1_380' title='bbox 3001 1002 3067 1073; x_wconf 71' lang='grc' dir='ltr'><strong>ἤν</strong></span> <span class='ocrx_word' id='word_1_381' title='bbox 3118 1027 3201 1067; x_wconf 86' lang='grc' dir='ltr'><strong>τις</strong></span> <span class='ocrx_word' id='word_1_382' title='bbox 3260 1007 3448 1081; x_wconf 84' lang='grc' dir='ltr'>λέγοι,</span> <span class='ocrx_word' id='word_1_383' title='bbox 3512 1009 3610 1064; x_wconf 71' lang='grc' dir='ltr'><strong>οὐκ</strong></span> 
     </span>
    </p>
   </div>
   <div class='ocr_carea' id='block_1_55' title="bbox 1963 1085 3612 1171">
    <p class='ocr_par' dir='ltr' id='par_1_55' title="bbox 1963 1085 3612 1171">
     <span class='ocr_line' id='line_1_56' title="bbox 1963 1085 3612 1171; baseline 0 -31"><span class='ocrx_word' id='word_1_384' title='bbox 1963 1085 2020 1140; x_wconf 80' lang='grc' dir='ltr'>ἂν</span> <span class='ocrx_word' id='word_1_385' title='bbox 2052 1094 2152 1156; x_wconf 78' lang='grc' dir='ltr'>τῆς</span> <span class='ocrx_word' id='word_1_386' title='bbox 2184 1087 2390 1150; x_wconf 83' lang='grc' dir='ltr'>εἰγόνος</span> <span class='ocrx_word' id='word_1_387' title='bbox 2445 1090 2697 1163; x_wconf 85' lang='grc' dir='ltr'>άμάρτοι.</span> <span class='ocrx_word' id='word_1_388' title='bbox 2753 1090 2892 1148; x_wconf 70' lang='grc' dir='ltr'><strong>Οὐδὲ</strong></span> <span class='ocrx_word' id='word_1_389' title='bbox 2942 1094 3044 1167; x_wconf 81' lang='grc' dir='ltr'><strong>γάρ</strong></span> <span class='ocrx_word' id='word_1_390' title='bbox 3094 1091 3235 1149; x_wconf 76' lang='grc' dir='ltr'>ἄλλο</span> <span class='ocrx_word' id='word_1_391' title='bbox 3267 1117 3347 1159; x_wconf 86' lang='grc' dir='ltr'><strong>τις</strong></span> <span class='ocrx_word' id='word_1_392' title='bbox 3377 1098 3490 1171; x_wconf 67' lang='grc' dir='ltr'>εἶχε</span> <span class='ocrx_word' id='word_1_393' title='bbox 3521 1120 3612 1151; x_wconf 70' lang='grc' dir='ltr'>το.</span> 
     </span>
    </p>
   </div>
   <div class='ocr_carea' id='block_1_56' title="bbox 1958 1176 3611 1256">
    <p class='ocr_par' dir='ltr' id='par_1_56' title="bbox 1958 1176 3611 1256">
     <span class='ocr_line' id='line_1_57' title="bbox 1958 1176 3611 1256; baseline 0.004 -27"><span class='ocrx_word' id='word_1_394' title='bbox 1958 1176 2147 1245; x_wconf 71' lang='grc' dir='ltr'>πιέζειν</span> <span class='ocrx_word' id='word_1_395' title='bbox 2206 1177 2378 1231; x_wconf 80' lang='grc' dir='ltr'>ἐκεῖνο</span> <span class='ocrx_word' id='word_1_396' title='bbox 2422 1177 2456 1246; x_wconf 75' lang='grc' dir='ltr'><strong>ἢ</strong></span> <span class='ocrx_word' id='word_1_397' title='bbox 2498 1179 2591 1239; x_wconf 72' lang='grc' dir='ltr'><strong>τάς</strong></span> <span class='ocrx_word' id='word_1_398' title='bbox 2643 1179 3018 1255; x_wconf 57' lang='grc' dir='ltr'>ἐπισχεθείσαις</span> <span class='ocrx_word' id='word_1_399' title='bbox 3071 1180 3324 1256; x_wconf 79' lang='grc' dir='ltr'>δυνάμεις</span> <span class='ocrx_word' id='word_1_400' title='bbox 3383 1185 3441 1239; x_wconf 81' lang='grc' dir='ltr'><strong>ἐκ</strong></span> <span class='ocrx_word' id='word_1_401' title='bbox 3503 1208 3611 1255; x_wconf 80' lang='grc' dir='ltr'>μη-</span> 
     </span>
    </p>
   </div>
   <div class='ocr_carea' id='block_1_57' title="bbox 1959 1266 3607 1346">
    <p class='ocr_par' dir='ltr' id='par_1_57' title="bbox 1959 1266 3607 1346">
     <span class='ocr_line' id='line_1_58' title="bbox 1959 1266 3607 1346; baseline 0.005 -25"><span class='ocrx_word' id='word_1_402' title='bbox 1959 1272 2141 1341; x_wconf 81' lang='grc' dir='ltr'>χανῶν</span> <span class='ocrx_word' id='word_1_403' title='bbox 2171 1269 2346 1322; x_wconf 85' lang='grc' dir='ltr'>τόσων</span> <span class='ocrx_word' id='word_1_404' title='bbox 2407 1266 2495 1323; x_wconf 75' lang='grc' dir='ltr'><strong>διὰ</strong></span> <span class='ocrx_word' id='word_1_405' title='bbox 2553 1270 2827 1341; x_wconf 75' lang='grc' dir='ltr'>θαλάσσης</span> <span class='ocrx_word' id='word_1_406' title='bbox 2863 1270 3031 1343; x_wconf 72' lang='grc' dir='ltr'>μηδὲν</span> <span class='ocrx_word' id='word_1_407' title='bbox 3064 1273 3222 1341; x_wconf 77' lang='grc' dir='ltr'><strong>ἰέναί,</strong></span> <span class='ocrx_word' id='word_1_408' title='bbox 3274 1275 3469 1336; x_wconf 78' lang='grc' dir='ltr'>ταύτας</span> <span class='ocrx_word' id='word_1_409' title='bbox 3498 1274 3607 1346; x_wconf 65' lang='grc' dir='ltr'>ἤδη</span> 
     </span>
    </p>
   </div>
   <div class='ocr_carea' id='block_1_58' title="bbox 1960 1353 3604 1435">
    <p class='ocr_par' dir='ltr' id='par_1_58' title="bbox 1960 1353 3604 1435">
     <span class='ocr_line' id='line_1_59' title="bbox 1960 1353 3604 1435; baseline 0.005 -26"><span class='ocrx_word' id='word_1_410' title='bbox 1960 1353 2047 1409; x_wconf 80' lang='grc' dir='ltr'>διὰ</span> <span class='ocrx_word' id='word_1_411' title='bbox 2100 1356 2263 1429; x_wconf 78' lang='grc' dir='ltr'>ξηρᾶς</span> <span class='ocrx_word' id='word_1_412' title='bbox 2292 1354 2521 1430; x_wconf 72' lang='grc' dir='ltr'>εὐοδεῖν,</span> <span class='ocrx_word' id='word_1_413' title='bbox 2579 1357 2744 1413; x_wconf 73' lang='grc' dir='ltr'>πλέον</span> <span class='ocrx_word' id='word_1_414' title='bbox 2803 1359 3037 1435; x_wconf 62' lang='grc' dir='ltr'>ἐχούσας</span> <span class='ocrx_word' id='word_1_415' title='bbox 3098 1361 3306 1417; x_wconf 80' lang='grc' dir='ltr'>ἐκείνου</span> <span class='ocrx_word' id='word_1_416' title='bbox 3334 1365 3397 1418; x_wconf 86' lang='grc' dir='ltr'>τὸ</span> <span class='ocrx_word' id='word_1_417' title='bbox 3446 1361 3604 1418; x_wconf 68' lang='grc' dir='ltr'>δόνα-</span> 
     </span>
    </p>
   </div>
   <div class='ocr_carea' id='block_1_59' title="bbox 1956 1442 3609 1525">
    <p class='ocr_par' dir='ltr' id='par_1_59' title="bbox 1956 1442 3609 1525">
     <span class='ocr_line' id='line_1_60' title="bbox 1956 1442 3609 1525; baseline 0.005 -27"><span class='ocrx_word' id='word_1_418' title='bbox 1956 1456 2077 1506; x_wconf 86' lang='grc' dir='ltr'>σθαι</span> <span class='ocrx_word' id='word_1_419' title='bbox 2129 1450 2207 1515; x_wconf 78' lang='grc' dir='ltr'>τῷ</span> <span class='ocrx_word' id='word_1_420' title='bbox 2262 1446 2354 1500; x_wconf 79' lang='grc' dir='ltr'>ἀπ’</span> <span class='ocrx_word' id='word_1_421' title='bbox 2382 1447 2550 1515; x_wconf 77' lang='grc' dir='ltr'>αὐτῆς</span> <span class='ocrx_word' id='word_1_422' title='bbox 2587 1442 2852 1521; x_wconf 79' lang='grc' dir='ltr'>βαλϐῖδος</span> <span class='ocrx_word' id='word_1_423' title='bbox 2874 1456 2973 1518; x_wconf 83' lang='grc' dir='ltr'>τῆς</span> <span class='ocrx_word' id='word_1_424' title='bbox 3005 1451 3190 1525; x_wconf 79' lang='grc' dir='ltr'>μάχης</span> <span class='ocrx_word' id='word_1_425' title='bbox 3234 1450 3609 1524; x_wconf 84' lang='grc' dir='ltr'>κερδαίνοντας</span> 
     </span>
    </p>
   </div>
   <div class='ocr_carea' id='block_1_60' title="bbox 1956 1532 3607 1616">
    <p class='ocr_par' dir='ltr' id='par_1_60' title="bbox 1956 1532 3607 1616">
     <span class='ocr_line' id='line_1_61' title="bbox 1956 1532 3607 1616; baseline 0.005 -30"><span class='ocrx_word' id='word_1_426' title='bbox 1956 1532 2185 1607; x_wconf 78' lang='grc' dir='ltr'>ἀποζῇν.</span> <span class='ocrx_word' id='word_1_427' title='bbox 2222 1536 2301 1606; x_wconf 91' lang='grc' dir='ltr'><strong>[Ρ.</strong></span> <span class='ocrx_word' id='word_1_428' title='bbox 2335 1538 2458 1607; x_wconf 78' lang='grc'><strong>348]</strong></span> <span class='ocrx_word' id='word_1_429' title='bbox 2517 1538 2612 1607; x_wconf 75' lang='grc' dir='ltr'><strong>Τῷ</strong></span> <span class='ocrx_word' id='word_1_430' title='bbox 2666 1557 2753 1591; x_wconf 89' lang='grc' dir='ltr'><strong>τοι</strong></span> <span class='ocrx_word' id='word_1_431' title='bbox 2806 1539 2896 1592; x_wconf 77' lang='grc' dir='ltr'><strong>καὶ</strong></span> <span class='ocrx_word' id='word_1_432' title='bbox 2954 1540 3309 1616; x_wconf 65' lang='grc' dir='ltr'>καταφεύγειν</span> <span class='ocrx_word' id='word_1_433' title='bbox 3368 1542 3462 1612; x_wconf 76' lang='grc' dir='ltr'><strong>μὲν</strong></span> <span class='ocrx_word' id='word_1_434' title='bbox 3519 1540 3607 1595; x_wconf 80' lang='grc' dir='ltr'>ἐπὶ</span> 
     </span>
    </p>
   </div>
   <div class='ocr_carea' id='block_1_61' title="bbox 1956 1618 3609 1704">
    <p class='ocr_par' dir='ltr' id='par_1_61' title="bbox 1956 1618 3609 1704">
     <span class='ocr_line' id='line_1_62' title="bbox 1956 1618 3609 1704; baseline 0.004 -28"><span class='ocrx_word' id='word_1_435' title='bbox 1956 1622 2083 1676; x_wconf 79' lang='grc' dir='ltr'>Θεὸν</span> <span class='ocrx_word' id='word_1_436' title='bbox 2132 1618 2287 1695; x_wconf 80' lang='grc' dir='ltr'>ἔγνω,</span> <span class='ocrx_word' id='word_1_437' title='bbox 2321 1623 2624 1695; x_wconf 72' lang='grc' dir='ltr'>ἑτοιμάζειν</span> <span class='ocrx_word' id='word_1_438' title='bbox 2660 1622 2717 1679; x_wconf 77' lang='grc' dir='ltr'><strong>δὲ</strong></span> <span class='ocrx_word' id='word_1_439' title='bbox 2760 1626 2848 1679; x_wconf 83' lang='grc' dir='ltr'><strong>καὶ</strong></span> <span class='ocrx_word' id='word_1_440' title='bbox 2882 1625 3138 1696; x_wconf 85' lang='grc' dir='ltr'>δυνάμεις</span> <span class='ocrx_word' id='word_1_441' title='bbox 3192 1629 3289 1689; x_wconf 78' lang='grc' dir='ltr'><strong>τάς</strong></span> <span class='ocrx_word' id='word_1_442' title='bbox 3322 1630 3609 1704; x_wconf 64' lang='grc' dir='ltr'>ἀποχρών-</span> 
     </span>
    </p>
   </div>
   <div class='ocr_carea' id='block_1_62' title="bbox 1954 1712 3610 1795">
    <p class='ocr_par' dir='ltr' id='par_1_62' title="bbox 1954 1712 3610 1795">
     <span class='ocr_line' id='line_1_63' title="bbox 1954 1712 3610 1795; baseline 0.004 -29"><span class='ocrx_word' id='word_1_443' title='bbox 1954 1732 2063 1775; x_wconf 85' lang='grc' dir='ltr'><strong>τως</strong></span> <span class='ocrx_word' id='word_1_444' title='bbox 2112 1712 2429 1783; x_wconf 71' lang='grc' dir='ltr'>ἀνθεξοῦσας</span> <span class='ocrx_word' id='word_1_445' title='bbox 2479 1713 2718 1783; x_wconf 79' lang='grc' dir='ltr'>πλῆθος,</span> <span class='ocrx_word' id='word_1_446' title='bbox 2771 1716 2846 1778; x_wconf 84' lang='grc' dir='ltr'><strong>ὡς</strong></span> <span class='ocrx_word' id='word_1_447' title='bbox 2878 1718 2992 1789; x_wconf 77' lang='grc' dir='ltr'>ἅμα</span> <span class='ocrx_word' id='word_1_448' title='bbox 3018 1722 3099 1789; x_wconf 77' lang='grc' dir='ltr'>τῷ</span> <span class='ocrx_word' id='word_1_449' title='bbox 3130 1721 3360 1795; x_wconf 73' lang='grc' dir='ltr'>φανῆναι</span> <span class='ocrx_word' id='word_1_450' title='bbox 3421 1727 3610 1789; x_wconf 65' lang='grc' dir='ltr'>στῆναι</span> 
     </span>
    </p>
   </div>
   <div class='ocr_carea' id='block_1_63' title="bbox 1957 1798 3611 1883">
    <p class='ocr_par' dir='ltr' id='par_1_63' title="bbox 1957 1798 3611 1883">
     <span class='ocr_line' id='line_1_64' title="bbox 1957 1798 3611 1883; baseline 0.007 -30"><span class='ocrx_word' id='word_1_451' title='bbox 1957 1798 2255 1877; x_wconf 71' lang='grc' dir='ltr'>σφαλέντας</span> <span class='ocrx_word' id='word_1_452' title='bbox 2313 1802 2415 1856; x_wconf 85' lang='grc' dir='ltr'><strong>κάκ</strong></span> <span class='ocrx_word' id='word_1_453' title='bbox 2469 1808 2569 1867; x_wconf 79' lang='grc' dir='ltr'>τῆς</span> <span class='ocrx_word' id='word_1_454' title='bbox 2625 1804 2853 1874; x_wconf 85' lang='grc' dir='ltr'>πρώτης</span> <span class='ocrx_word' id='word_1_455' title='bbox 2908 1806 3093 1880; x_wconf 84' lang='grc' dir='ltr'>πείρας</span> <span class='ocrx_word' id='word_1_456' title='bbox 3142 1809 3205 1862; x_wconf 87' lang='grc' dir='ltr'>τὸ</span> <span class='ocrx_word' id='word_1_457' title='bbox 3256 1809 3444 1883; x_wconf 86' lang='grc' dir='ltr'>πρόσω</span> <span class='ocrx_word' id='word_1_458' title='bbox 3505 1832 3611 1881; x_wconf 80' lang='grc' dir='ltr'>μαο</span> 
     </span>
    </p>
   </div>
   <div class='ocr_carea' id='block_1_64' title="bbox 1958 1885 3610 1967">
    <p class='ocr_par' dir='ltr' id='par_1_64' title="bbox 1958 1885 3610 1967">
     <span class='ocr_line' id='line_1_65' title="bbox 1958 1885 3610 1967; baseline 0.004 -26"><span class='ocrx_word' id='word_1_459' title='bbox 1958 1888 2143 1951; x_wconf 82' lang='grc' dir='ltr'>θόντας</span> <span class='ocrx_word' id='word_1_460' title='bbox 2200 1885 2417 1945; x_wconf 79' lang='grc' dir='ltr'>ἄϐατον.</span> <span class='ocrx_word' id='word_1_461' title='bbox 2465 1890 2543 1946; x_wconf 72' lang='grc' dir='ltr'>Τά</span> <span class='ocrx_word' id='word_1_462' title='bbox 2600 1890 2693 1963; x_wconf 75' lang='grc' dir='ltr'><strong>μὲν</strong></span> <span class='ocrx_word' id='word_1_463' title='bbox 2725 1888 2819 1943; x_wconf 79' lang='grc' dir='ltr'><strong>οὖν</strong></span> <span class='ocrx_word' id='word_1_464' title='bbox 2852 1892 2987 1966; x_wconf 88' lang='grc' dir='ltr'>πρὸς</span> <span class='ocrx_word' id='word_1_465' title='bbox 3031 1895 3157 1948; x_wconf 84' lang='grc' dir='ltr'>Θεὸν</span> <span class='ocrx_word' id='word_1_466' title='bbox 3193 1894 3364 1957; x_wconf 78' lang='grc' dir='ltr'>οὕτως</span> <span class='ocrx_word' id='word_1_467' title='bbox 3397 1895 3610 1967; x_wconf 78' lang='grc' dir='ltr'>ἐξητοι-</span> 
     </span>
    </p>
   </div>
   <div class='ocr_carea' id='block_1_65' title="bbox 1956 1977 3608 2059">
    <p class='ocr_par' dir='ltr' id='par_1_65' title="bbox 1956 1977 3608 2059">
     <span class='ocr_line' id='line_1_66' title="bbox 1956 1977 3608 2059; baseline 0.004 -29"><span class='ocrx_word' id='word_1_468' title='bbox 1956 1978 2175 2048; x_wconf 82' lang='grc' dir='ltr'>μάζετο·</span> <span class='ocrx_word' id='word_1_469' title='bbox 2232 1977 2585 2053; x_wconf 70' lang='grc' dir='ltr'>παρήγγελτο</span> <span class='ocrx_word' id='word_1_470' title='bbox 2637 1979 2735 2055; x_wconf 78' lang='grc' dir='ltr'><strong>γάρ</strong></span> <span class='ocrx_word' id='word_1_471' title='bbox 2798 1983 3115 2056; x_wconf 78' lang='grc' dir='ltr'>πατριάρχῃ</span> <span class='ocrx_word' id='word_1_472' title='bbox 3176 2004 3231 2037; x_wconf 88' lang='grc' dir='ltr'><strong>τε</strong></span> <span class='ocrx_word' id='word_1_473' title='bbox 3280 1984 3367 2038; x_wconf 77' lang='grc' dir='ltr'><strong>καὶ</strong></span> <span class='ocrx_word' id='word_1_474' title='bbox 3424 1985 3608 2059; x_wconf 78' lang='grc' dir='ltr'>ἀρχιε-</span> 
     </span>
    </p>
   </div>
   <div class='ocr_carea' id='block_1_66' title="bbox 1957 2066 3604 2144">
    <p class='ocr_par' dir='ltr' id='par_1_66' title="bbox 1957 2066 3604 2144">
     <span class='ocr_line' id='line_1_67' title="bbox 1957 2066 3604 2144; baseline 0.004 -25"><span class='ocrx_word' id='word_1_475' title='bbox 1957 2070 2105 2141; x_wconf 76' lang='grc' dir='ltr'>ρεῦσι</span> <span class='ocrx_word' id='word_1_476' title='bbox 2163 2066 2374 2138; x_wconf 67' lang='grc' dir='ltr'>σῦναμα</span> <span class='ocrx_word' id='word_1_477' title='bbox 2431 2068 2587 2121; x_wconf 76' lang='grc' dir='ltr'>παντὶ</span> <span class='ocrx_word' id='word_1_478' title='bbox 2646 2071 2724 2138; x_wconf 79' lang='grc' dir='ltr'>τῷ</span> <span class='ocrx_word' id='word_1_479' title='bbox 2779 2066 2973 2142; x_wconf 77' lang='grc' dir='ltr'>κλήρῳ</span> <span class='ocrx_word' id='word_1_480' title='bbox 3030 2074 3376 2144; x_wconf 72' lang='grc' dir='ltr'>πρῶτονμὲν</span> <span class='ocrx_word' id='word_1_481' title='bbox 3408 2074 3604 2127; x_wconf 67' lang='grc' dir='ltr'>πάννυ-</span> 
     </span>
    </p>
   </div>
   <div class='ocr_carea' id='block_1_67' title="bbox 1958 2155 3608 2230">
    <p class='ocr_par' dir='ltr' id='par_1_67' title="bbox 1958 2155 3608 2230">
     <span class='ocr_line' id='line_1_68' title="bbox 1958 2155 3608 2230; baseline 0.004 -21"><span class='ocrx_word' id='word_1_482' title='bbox 1958 2174 2056 2229; x_wconf 86' lang='grc' dir='ltr'><strong>χον</strong></span> <span class='ocrx_word' id='word_1_483' title='bbox 2128 2155 2355 2210; x_wconf 73' lang='grc' dir='ltr'>ἱκετείαν</span> <span class='ocrx_word' id='word_1_484' title='bbox 2415 2157 2551 2229; x_wconf 84' lang='grc' dir='ltr'>πρὸς</span> <span class='ocrx_word' id='word_1_485' title='bbox 2608 2155 2737 2211; x_wconf 80' lang='grc' dir='ltr'>Θεὸν</span> <span class='ocrx_word' id='word_1_486' title='bbox 2790 2160 2905 2212; x_wconf 82' lang='grc' dir='ltr'>κατ’</span> <span class='ocrx_word' id='word_1_487' title='bbox 2973 2158 3189 2213; x_wconf 77' lang='grc' dir='ltr'>ἐκείνων</span> <span class='ocrx_word' id='word_1_488' title='bbox 3256 2164 3608 2230; x_wconf 74' lang='grc' dir='ltr'>ποιήσασθαι,</span> 
     </span>
    </p>
   </div>
   <div class='ocr_carea' id='block_1_68' title="bbox 1957 2241 3609 2323">
    <p class='ocr_par' dir='ltr' id='par_1_68' title="bbox 1957 2241 3609 2323">
     <span class='ocr_line' id='line_1_69' title="bbox 1957 2241 3609 2323; baseline 0.005 -26"><span class='ocrx_word' id='word_1_489' title='bbox 1957 2244 2069 2298; x_wconf 79' lang='grc' dir='ltr'>εἶτα</span> <span class='ocrx_word' id='word_1_490' title='bbox 2125 2242 2181 2298; x_wconf 73' lang='grc' dir='ltr'><strong>δὶ</strong></span> <span class='ocrx_word' id='word_1_491' title='bbox 2239 2245 2330 2316; x_wconf 74' lang='grc' dir='ltr'><strong>ἅμ’</strong></span> <span class='ocrx_word' id='word_1_492' title='bbox 2383 2241 2461 2316; x_wconf 70' lang='grc' dir='ltr'><strong>’ἐῳ</strong></span> <span class='ocrx_word' id='word_1_493' title='bbox 2510 2248 2857 2321; x_wconf 78' lang='grc' dir='ltr'>πατριάρχην</span> <span class='ocrx_word' id='word_1_494' title='bbox 2915 2269 2972 2301; x_wconf 89' lang='grc' dir='ltr'><strong>τε</strong></span> <span class='ocrx_word' id='word_1_495' title='bbox 2999 2248 3086 2303; x_wconf 70' lang='grc' dir='ltr'><strong>καὶ</strong></span> <span class='ocrx_word' id='word_1_496' title='bbox 3122 2250 3213 2303; x_wconf 74' lang='grc' dir='ltr'><strong>σὺν</strong></span> <span class='ocrx_word' id='word_1_497' title='bbox 3248 2250 3395 2323; x_wconf 73' lang='grc' dir='ltr'>αὗτῷ</span> <span class='ocrx_word' id='word_1_498' title='bbox 3423 2249 3475 2320; x_wconf 76' lang='grc' dir='ltr'>ἓξ</span> <span class='ocrx_word' id='word_1_499' title='bbox 3508 2249 3609 2305; x_wconf 73' lang='grc' dir='ltr'>άλ-</span> 
     </span>
    </p>
   </div>
   <div class='ocr_carea' id='block_1_69' title="bbox 1957 2332 3620 2415">
    <p class='ocr_par' dir='ltr' id='par_1_69' title="bbox 1957 2332 3620 2415">
     <span class='ocr_line' id='line_1_70' title="bbox 1957 2332 3620 2415; baseline 0.005 -28"><span class='ocrx_word' id='word_1_500' title='bbox 1957 2332 2088 2395; x_wconf 80' lang='grc' dir='ltr'>λους</span> <span class='ocrx_word' id='word_1_501' title='bbox 2144 2337 2251 2388; x_wconf 79' lang='grc' dir='ltr'><strong>τῶν</strong></span> <span class='ocrx_word' id='word_1_502' title='bbox 2283 2332 2640 2409; x_wconf 76' lang='grc' dir='ltr'>προύχόντων</span> <span class='ocrx_word' id='word_1_503' title='bbox 2676 2336 2998 2411; x_wconf 69' lang='grc' dir='ltr'>ἀρχιερέων,</span> <span class='ocrx_word' id='word_1_504' title='bbox 3039 2340 3151 2400; x_wconf 79' lang='grc' dir='ltr'>,τάς</span> <span class='ocrx_word' id='word_1_505' title='bbox 3208 2340 3356 2415; x_wconf 73' lang='grc' dir='ltr'>ἱεράς</span> <span class='ocrx_word' id='word_1_506' title='bbox 3414 2342 3620 2409; x_wconf 73' lang='grc' dir='ltr'>στολάς</span> 
     </span>
    </p>
   </div>
   <div class='ocr_carea' id='block_1_70' title="bbox 1957 2549 3615 2620">
    <p class='ocr_par' dir='ltr' id='par_1_70' title="bbox 1957 2549 3615 2620">
     <span class='ocr_line' id='line_1_71' title="bbox 1957 2549 3615 2620; baseline 0.002 -15"><span class='ocrx_word' id='word_1_507' title='bbox 1957 2549 2286 2620; x_wconf 81' lang='lat' dir='ltr'><strong>Reputabat</strong></span> <span class='ocrx_word' id='word_1_508' title='bbox 2330 2549 2604 2605; x_wconf 83' lang='lat' dir='ltr'><strong>videlicet</strong></span> <span class='ocrx_word' id='word_1_509' title='bbox 2652 2552 2882 2607; x_wconf 85' lang='lat' dir='ltr'><strong>incitari</strong></span> <span class='ocrx_word' id='word_1_510' title='bbox 2938 2554 3169 2609; x_wconf 92' lang='lat' dir='ltr'><strong>Latinos</strong></span> <span class='ocrx_word' id='word_1_511' title='bbox 3221 2555 3279 2609; x_wconf 90' lang='lat' dir='ltr'><strong>in</strong></span> <span class='ocrx_word' id='word_1_512' title='bbox 3330 2555 3477 2611; x_wconf 88' lang='lat' dir='ltr'><strong>hanc</strong></span> <span class='ocrx_word' id='word_1_513' title='bbox 3531 2555 3615 2610; x_wconf 86' lang='lat' dir='ltr'><strong>ir-</strong></span> 
     </span>
    </p>
   </div>
   <div class='ocr_carea' id='block_1_71' title="bbox 1957 2637 3616 2712">
    <p class='ocr_par' dir='ltr' id='par_1_71' title="bbox 1957 2637 3616 2712">
     <span class='ocr_line' id='line_1_72' title="bbox 1957 2637 3616 2712; baseline 0.005 -19"><span class='ocrx_word' id='word_1_514' title='bbox 1957 2637 2393 2708; x_wconf 86' lang='lat' dir='ltr'><strong>ruptionem.vi</strong></span> <span class='ocrx_word' id='word_1_515' title='bbox 2452 2639 2669 2711; x_wconf 90' lang='lat' dir='ltr'><strong>duplici</strong></span> <span class='ocrx_word' id='word_1_516' title='bbox 2732 2645 2984 2712; x_wconf 87' lang='lat' dir='ltr'><strong>utraque</strong></span> <span class='ocrx_word' id='word_1_517' title='bbox 3035 2642 3387 2711; x_wconf 85' lang='lat' dir='ltr'><strong>vehementi,</strong></span> <span class='ocrx_word' id='word_1_518' title='bbox 3450 2645 3616 2701; x_wconf 91' lang='lat' dir='ltr'><strong>iraet</strong></span> 
     </span>
    </p>
   </div>
   <div class='ocr_carea' id='block_1_72' title="bbox 1957 2728 3613 2799">
    <p class='ocr_par' dir='ltr' id='par_1_72' title="bbox 1957 2728 3613 2799">
     <span class='ocr_line' id='line_1_73' title="bbox 1957 2728 3613 2799; baseline 0.005 -17"><span class='ocrx_word' id='word_1_519' title='bbox 1957 2728 2223 2791; x_wconf 88' lang='lat' dir='ltr'><strong>audacia,</strong></span> <span class='ocrx_word' id='word_1_520' title='bbox 2254 2745 2505 2799; x_wconf 87' lang='lat' dir='ltr'><strong>quarum</strong></span> <span class='ocrx_word' id='word_1_521' title='bbox 2539 2728 2716 2784; x_wconf 88' lang='lat' dir='ltr'><strong>simul</strong></span> <span class='ocrx_word' id='word_1_522' title='bbox 2751 2730 3057 2786; x_wconf 85' lang='lat' dir='ltr'><strong>mistarum</strong></span> <span class='ocrx_word' id='word_1_523' title='bbox 3088 2749 3156 2787; x_wconf 81' lang='lat' dir='ltr'><strong>ex</strong></span> <span class='ocrx_word' id='word_1_524' title='bbox 3179 2739 3385 2789; x_wconf 91' lang='lat' dir='ltr'><strong>mutuo</strong></span> <span class='ocrx_word' id='word_1_525' title='bbox 3402 2735 3613 2790; x_wconf 88' lang='lat' dir='ltr'><strong>crescit</strong></span> 
     </span>
    </p>
   </div>
   <div class='ocr_carea' id='block_1_73' title="bbox 1955 2817 3608 2893">
    <p class='ocr_par' dir='ltr' id='par_1_73' title="bbox 1955 2817 3608 2893">
     <span class='ocr_line' id='line_1_74' title="bbox 1955 2817 3608 2893; baseline 0.004 -22"><span class='ocrx_word' id='word_1_526' title='bbox 1955 2817 2249 2871; x_wconf 89' lang='lat' dir='ltr'><strong>consortio</strong></span> <span class='ocrx_word' id='word_1_527' title='bbox 2281 2817 2593 2893; x_wconf 72' lang='lat' dir='ltr'><strong>pernicies,</strong></span> <span class='ocrx_word' id='word_1_528' title='bbox 2624 2818 2783 2874; x_wconf 89' lang='lat' dir='ltr'><strong>velut</strong></span> <span class='ocrx_word' id='word_1_529' title='bbox 2813 2837 2943 2875; x_wconf 92' lang='lat' dir='ltr'><strong>cum</strong></span> <span class='ocrx_word' id='word_1_530' title='bbox 2980 2820 3097 2893; x_wconf 87' lang='lat' dir='ltr'><strong>igni</strong></span> <span class='ocrx_word' id='word_1_531' title='bbox 3122 2821 3313 2878; x_wconf 89' lang='lat' dir='ltr'><strong>oleum</strong></span> <span class='ocrx_word' id='word_1_532' title='bbox 3347 2824 3608 2880; x_wconf 88' lang='lat' dir='ltr'><strong>additur.</strong></span> 
     </span>
    </p>
   </div>
   <div class='ocr_carea' id='block_1_74' title="bbox 1954 2905 3611 2977">
    <p class='ocr_par' dir='ltr' id='par_1_74' title="bbox 1954 2905 3611 2977">
     <span class='ocr_line' id='line_1_75' title="bbox 1954 2905 3611 2977; baseline 0.002 -18"><span class='ocrx_word' id='word_1_533' title='bbox 1954 2905 2101 2973; x_wconf 72' lang='lat' dir='ltr'><strong>Ergo</strong></span> <span class='ocrx_word' id='word_1_534' title='bbox 2133 2906 2278 2962; x_wconf 77' lang='lat' dir='ltr'><strong>5H</strong></span> <span class='ocrx_word' id='word_1_535' title='bbox 2319 2911 2591 2976; x_wconf 84' lang='lat' dir='ltr'><strong>expertus</strong></span> <span class='ocrx_word' id='word_1_536' title='bbox 2651 2913 2873 2977; x_wconf 90' lang='lat' dir='ltr'><strong>quanta</strong></span> <span class='ocrx_word' id='word_1_537' title='bbox 2921 2908 3267 2966; x_wconf 81' lang='lat' dir='ltr'><strong>difficultate</strong></span> <span class='ocrx_word' id='word_1_538' title='bbox 3325 2915 3413 2966; x_wconf 91' lang='lat' dir='ltr'><strong>tot</strong></span> <span class='ocrx_word' id='word_1_539' title='bbox 3469 2912 3611 2966; x_wconf 85' lang='lat' dir='ltr'><strong>arti-</strong></span> 
     </span>
    </p>
   </div>
   <div class='ocr_carea' id='block_1_75' title="bbox 1958 2994 3610 3070">
    <p class='ocr_par' dir='ltr' id='par_1_75' title="bbox 1958 2994 3610 3070">
     <span class='ocr_line' id='line_1_76' title="bbox 1958 2994 3610 3070; baseline 0.005 -23"><span class='ocrx_word' id='word_1_540' title='bbox 1958 2994 2105 3049; x_wconf 78' lang='lat' dir='ltr'><strong>ficiis</strong></span> <span class='ocrx_word' id='word_1_541' title='bbox 2129 2998 2507 3061; x_wconf 90' lang='lat' dir='ltr'><strong>tractatuum,</strong></span> <span class='ocrx_word' id='word_1_542' title='bbox 2530 2999 2613 3051; x_wconf 87' lang='lat' dir='ltr'><strong>tot</strong></span> <span class='ocrx_word' id='word_1_543' title='bbox 2644 2996 2889 3066; x_wconf 89' lang='lat' dir='ltr'><strong>objectis</strong></span> <span class='ocrx_word' id='word_1_544' title='bbox 2913 2998 3301 3070; x_wconf 86' lang='lat' dir='ltr'><strong>apparatibus</strong></span> <span class='ocrx_word' id='word_1_545' title='bbox 3331 2999 3610 3056; x_wconf 87' lang='lat' dir='ltr'><strong>classium</strong></span> 
     </span>
    </p>
   </div>
   <div class='ocr_carea' id='block_1_76' title="bbox 1955 3084 3614 3157">
    <p class='ocr_par' dir='ltr' id='par_1_76' title="bbox 1955 3084 3614 3157">
     <span class='ocr_line' id='line_1_77' title="bbox 1955 3084 3614 3157; baseline 0.004 -20"><span class='ocrx_word' id='word_1_546' title='bbox 1955 3099 2107 3154; x_wconf 74' lang='lat' dir='ltr'><strong>aagre</strong></span> <span class='ocrx_word' id='word_1_547' title='bbox 2142 3084 2421 3139; x_wconf 89' lang='lat' dir='ltr'><strong>hactenus</strong></span> <span class='ocrx_word' id='word_1_548' title='bbox 2452 3084 2661 3157; x_wconf 79' lang='lat' dir='ltr'><strong>vixque</strong></span> <span class='ocrx_word' id='word_1_549' title='bbox 2689 3085 3036 3153; x_wconf 87' lang='lat' dir='ltr'><strong>obstitisset,</strong></span> <span class='ocrx_word' id='word_1_550' title='bbox 3072 3105 3143 3143; x_wconf 92' lang='lat' dir='ltr'><strong>ne</strong></span> <span class='ocrx_word' id='word_1_551' title='bbox 3188 3089 3334 3143; x_wconf 90' lang='lat' dir='ltr'><strong>mari</strong></span> <span class='ocrx_word' id='word_1_552' title='bbox 3402 3089 3614 3144; x_wconf 67' lang='lat' dir='ltr'><strong>Latina:</strong></span> 
     </span>
    </p>
   </div>
   <div class='ocr_carea' id='block_1_77' title="bbox 1875 3173 3610 3273">
    <p class='ocr_par' dir='ltr' id='par_1_77' title="bbox 1875 3173 3610 3273">
     <span class='ocr_line' id='line_1_78' title="bbox 1875 3173 3610 3273; baseline 0.004 -47"><span class='ocrx_word' id='word_1_553' title='bbox 1875 3207 1921 3273; x_wconf 72' lang='lat' dir='ltr'>C</span> <span class='ocrx_word' id='word_1_554' title='bbox 1958 3173 2134 3244; x_wconf 69' lang='lat' dir='ltr'><strong>copiae</strong></span> <span class='ocrx_word' id='word_1_555' title='bbox 2193 3173 2252 3228; x_wconf 89' lang='lat' dir='ltr'><strong>in</strong></span> <span class='ocrx_word' id='word_1_556' title='bbox 2312 3178 2571 3229; x_wconf 90' lang='lat' dir='ltr'><strong>nostram</strong></span> <span class='ocrx_word' id='word_1_557' title='bbox 2626 3175 3022 3232; x_wconf 69' lang='lat' dir='ltr'><strong>continentem</strong></span> <span class='ocrx_word' id='word_1_558' title='bbox 3103 3177 3610 3249; x_wconf 89' lang='lat' dir='ltr'><strong>importarentur;</strong></span> 
     </span>
    </p>
   </div>
   <div class='ocr_carea' id='block_1_78' title="bbox 1958 3261 3608 3335">
    <p class='ocr_par' dir='ltr' id='par_1_78' title="bbox 1958 3261 3608 3335">
     <span class='ocr_line' id='line_1_79' title="bbox 1958 3261 3608 3335; baseline 0.004 -19"><span class='ocrx_word' id='word_1_559' title='bbox 1958 3261 2162 3319; x_wconf 89' lang='lat' dir='ltr'><strong>videns</strong></span> <span class='ocrx_word' id='word_1_560' title='bbox 2186 3262 2312 3333; x_wconf 90' lang='lat' dir='ltr'><strong>jam</strong></span> <span class='ocrx_word' id='word_1_561' title='bbox 2335 3279 2433 3317; x_wconf 91' lang='lat' dir='ltr'><strong>eas</strong></span> <span class='ocrx_word' id='word_1_562' title='bbox 2466 3262 2637 3333; x_wconf 91' lang='lat' dir='ltr'><strong>potiri</strong></span> <span class='ocrx_word' id='word_1_563' title='bbox 2670 3280 2897 3335; x_wconf 88' lang='lat' dir='ltr'><strong>campo,</strong></span> <span class='ocrx_word' id='word_1_564' title='bbox 2957 3270 3016 3320; x_wconf 89' lang='lat' dir='ltr'><strong>et</strong></span> <span class='ocrx_word' id='word_1_565' title='bbox 3066 3265 3404 3335; x_wconf 87' lang='lat' dir='ltr'><strong>expeditum</strong></span> <span class='ocrx_word' id='word_1_566' title='bbox 3438 3267 3608 3322; x_wconf 86' lang='lat' dir='ltr'><strong>dein-</strong></span> 
     </span>
    </p>
   </div>
   <div class='ocr_carea' id='block_1_79' title="bbox 1957 3348 3615 3424">
    <p class='ocr_par' dir='ltr' id='par_1_79' title="bbox 1957 3348 3615 3424">
     <span class='ocr_line' id='line_1_80' title="bbox 1957 3348 3615 3424; baseline 0.003 -19"><span class='ocrx_word' id='word_1_567' title='bbox 1957 3365 2093 3421; x_wconf 89' lang='lat' dir='ltr'><strong>ceps</strong></span> <span class='ocrx_word' id='word_1_568' title='bbox 2126 3348 2487 3421; x_wconf 87' lang='lat' dir='ltr'><strong>planumque</strong></span> <span class='ocrx_word' id='word_1_569' title='bbox 2511 3352 2771 3406; x_wconf 89' lang='lat' dir='ltr'><strong>terrestri</strong></span> <span class='ocrx_word' id='word_1_570' title='bbox 2805 3368 3120 3423; x_wconf 82' lang='lat' dir='ltr'><strong>progressu</strong></span> <span class='ocrx_word' id='word_1_571' title='bbox 3154 3352 3211 3407; x_wconf 92' lang='lat' dir='ltr'><strong>in</strong></span> <span class='ocrx_word' id='word_1_572' title='bbox 3234 3354 3361 3424; x_wconf 87' lang='lat' dir='ltr'><strong>ipsa</strong></span> <span class='ocrx_word' id='word_1_573' title='bbox 3388 3353 3615 3410; x_wconf 84' lang='lat' dir='ltr'><strong>viscera</strong></span> 
     </span>
    </p>
   </div>
   <div class='ocr_carea' id='block_1_80' title="bbox 1956 3437 3613 3510">
    <p class='ocr_par' dir='ltr' id='par_1_80' title="bbox 1956 3437 3613 3510">
     <span class='ocr_line' id='line_1_81' title="bbox 1956 3437 3613 3510; baseline 0.003 -17"><span class='ocrx_word' id='word_1_574' title='bbox 1956 3438 2189 3510; x_wconf 84' lang='lat' dir='ltr'><strong>imperii</strong></span> <span class='ocrx_word' id='word_1_575' title='bbox 2220 3437 2331 3493; x_wconf 90' lang='lat' dir='ltr'><strong>iter</strong></span> <span class='ocrx_word' id='word_1_576' title='bbox 2362 3439 2655 3508; x_wconf 89' lang='lat' dir='ltr'><strong>insistere,</strong></span> <span class='ocrx_word' id='word_1_577' title='bbox 2690 3439 2896 3495; x_wconf 90' lang='lat' dir='ltr'><strong>ultimo</strong></span> <span class='ocrx_word' id='word_1_578' title='bbox 2930 3440 3039 3497; x_wconf 88' lang='lat' dir='ltr'><strong>sibi</strong></span> <span class='ocrx_word' id='word_1_579' title='bbox 3100 3447 3309 3497; x_wconf 91' lang='lat' dir='ltr'><strong>conatu</strong></span> <span class='ocrx_word' id='word_1_580' title='bbox 3370 3447 3613 3498; x_wconf 72' lang='lat' dir='ltr'><strong>conten~</strong></span> 
     </span>
    </p>
   </div>
   <div class='ocr_carea' id='block_1_81' title="bbox 1957 3528 3618 3601">
    <p class='ocr_par' dir='ltr' id='par_1_81' title="bbox 1957 3528 3618 3601">
     <span class='ocr_line' id='line_1_82' title="bbox 1957 3528 3618 3601; baseline 0.002 -17"><span class='ocrx_word' id='word_1_581' title='bbox 1957 3528 2217 3584; x_wconf 91' lang='lat' dir='ltr'><strong>dendum</strong></span> <span class='ocrx_word' id='word_1_582' title='bbox 2250 3528 2566 3594; x_wconf 87' lang='lat' dir='ltr'><strong>statuebat,</strong></span> <span class='ocrx_word' id='word_1_583' title='bbox 2599 3544 2715 3600; x_wconf 91' lang='lat' dir='ltr'><strong>quo</strong></span> <span class='ocrx_word' id='word_1_584' title='bbox 2747 3529 2926 3584; x_wconf 93' lang='lat' dir='ltr'><strong>istum</strong></span> <span class='ocrx_word' id='word_1_585' title='bbox 2962 3530 3220 3601; x_wconf 91' lang='lat' dir='ltr'><strong>primum</strong></span> <span class='ocrx_word' id='word_1_586' title='bbox 3278 3532 3618 3587; x_wconf 91' lang='lat' dir='ltr'><strong>retunderet</strong></span> 
     </span>
    </p>
   </div>
   <div class='ocr_carea' id='block_1_82' title="bbox 1957 3615 3616 3691">
    <p class='ocr_par' dir='ltr' id='par_1_82' title="bbox 1957 3615 3616 3691">
     <span class='ocr_line' id='line_1_83' title="bbox 1957 3615 3616 3691; baseline 0.003 -22"><span class='ocrx_word' id='word_1_587' title='bbox 1957 3615 2265 3685; x_wconf 88' lang='lat' dir='ltr'><strong>impetum;</strong></span> <span class='ocrx_word' id='word_1_588' title='bbox 2292 3632 2423 3670; x_wconf 88' lang='lat' dir='ltr'><strong>nam</strong></span> <span class='ocrx_word' id='word_1_589' title='bbox 2448 3632 2514 3671; x_wconf 91' lang='lat' dir='ltr'><strong>eo</strong></span> <span class='ocrx_word' id='word_1_590' title='bbox 2540 3615 2587 3671; x_wconf 90' lang='lat' dir='ltr'><strong>si</strong></span> <span class='ocrx_word' id='word_1_591' title='bbox 2616 3632 2728 3671; x_wconf 92' lang='lat' dir='ltr'><strong>non</strong></span> <span class='ocrx_word' id='word_1_592' title='bbox 2748 3616 2941 3672; x_wconf 88' lang='lat' dir='ltr'><strong>solum</strong></span> <span class='ocrx_word' id='word_1_593' title='bbox 2968 3618 3208 3689; x_wconf 89' lang='lat' dir='ltr'><strong>impune</strong></span> <span class='ocrx_word' id='word_1_594' title='bbox 3232 3618 3616 3691; x_wconf 79' lang='lat' dir='ltr'><strong>defungeren-</strong></span> 
     </span>
    </p>
   </div>
   <div class='ocr_carea' id='block_1_83' title="bbox 1956 3703 3614 3778">
    <p class='ocr_par' dir='ltr' id='par_1_83' title="bbox 1956 3703 3614 3778">
     <span class='ocr_line' id='line_1_84' title="bbox 1956 3703 3614 3778; baseline 0.002 -19"><span class='ocrx_word' id='word_1_595' title='bbox 1956 3708 2074 3771; x_wconf 90' lang='lat' dir='ltr'><strong>tur,</strong></span> <span class='ocrx_word' id='word_1_596' title='bbox 2099 3704 2198 3759; x_wconf 90' lang='lat' dir='ltr'><strong>sed</strong></span> <span class='ocrx_word' id='word_1_597' title='bbox 2231 3720 2299 3758; x_wconf 84' lang='lat' dir='ltr'><strong>ex</strong></span> <span class='ocrx_word' id='word_1_598' title='bbox 2330 3703 2439 3759; x_wconf 87' lang='lat' dir='ltr'><strong>hoc</strong></span> <span class='ocrx_word' id='word_1_599' title='bbox 2470 3703 2648 3760; x_wconf 84' lang='lat' dir='ltr'><strong>etiam</strong></span> <span class='ocrx_word' id='word_1_600' title='bbox 2672 3722 2805 3762; x_wconf 89' lang='lat' dir='ltr'><strong>cum</strong></span> <span class='ocrx_word' id='word_1_601' title='bbox 2840 3706 3031 3760; x_wconf 80' lang='lat' dir='ltr'><strong>fructu</strong></span> <span class='ocrx_word' id='word_1_602' title='bbox 3070 3722 3377 3778; x_wconf 62' lang='lat' dir='ltr'><strong>operaque</strong></span> <span class='ocrx_word' id='word_1_603' title='bbox 3424 3710 3614 3777; x_wconf 86' lang='lat' dir='ltr'><strong>pretio</strong></span> 
     </span>
    </p>
   </div>
   <div class='ocr_carea' id='block_1_84' title="bbox 1957 3792 3613 3866">
    <p class='ocr_par' dir='ltr' id='par_1_84' title="bbox 1957 3792 3613 3866">
     <span class='ocr_line' id='line_1_85' title="bbox 1957 3792 3613 3866; baseline 0.001 -20"><span class='ocrx_word' id='word_1_604' title='bbox 1957 3792 2235 3861; x_wconf 89' lang='lat' dir='ltr'><strong>redirent,</strong></span> <span class='ocrx_word' id='word_1_605' title='bbox 2270 3794 2329 3847; x_wconf 91' lang='lat' dir='ltr'><strong>in</strong></span> <span class='ocrx_word' id='word_1_606' title='bbox 2361 3796 2590 3849; x_wconf 89' lang='lat' dir='ltr'><strong>tantum</strong></span> <span class='ocrx_word' id='word_1_607' title='bbox 2652 3795 2954 3866; x_wconf 85' lang='lat' dir='ltr'><strong>augendos</strong></span> <span class='ocrx_word' id='word_1_608' title='bbox 3013 3796 3333 3866; x_wconf 88' lang='lat' dir='ltr'><strong>apparebat</strong></span> <span class='ocrx_word' id='word_1_609' title='bbox 3390 3796 3613 3851; x_wconf 74' lang='lat' dir='ltr'><strong>feroces</strong></span> 
     </span>
    </p>
   </div>
   <div class='ocr_carea' id='block_1_85' title="bbox 1956 3881 3616 3956">
    <p class='ocr_par' dir='ltr' id='par_1_85' title="bbox 1956 3881 3616 3956">
     <span class='ocr_line' id='line_1_86' title="bbox 1956 3881 3616 3956; baseline 0.003 -22"><span class='ocrx_word' id='word_1_610' title='bbox 1956 3881 2219 3952; x_wconf 90' lang='lat' dir='ltr'><strong>ipsorum</strong></span> <span class='ocrx_word' id='word_1_611' title='bbox 2253 3882 2501 3947; x_wconf 88' lang='lat' dir='ltr'><strong>animos,</strong></span> <span class='ocrx_word' id='word_1_612' title='bbox 2536 3886 2601 3936; x_wconf 91' lang='lat' dir='ltr'><strong>ut</strong></span> <span class='ocrx_word' id='word_1_613' title='bbox 2631 3883 2705 3937; x_wconf 84' lang='lat' dir='ltr'><strong>iis</strong></span> <span class='ocrx_word' id='word_1_614' title='bbox 2735 3883 2941 3938; x_wconf 86' lang='lat' dir='ltr'><strong>obsisti</strong></span> <span class='ocrx_word' id='word_1_615' title='bbox 3004 3883 3262 3955; x_wconf 70' lang='lat' dir='ltr'><strong>amplius</strong></span> <span class='ocrx_word' id='word_1_616' title='bbox 3321 3885 3616 3956; x_wconf 82' lang='lat' dir='ltr'><strong>nequiret.</strong></span> 
     </span>
    </p>
   </div>
   <div class='ocr_carea' id='block_1_86' title="bbox 1955 3972 3612 4045">
    <p class='ocr_par' dir='ltr' id='par_1_86' title="bbox 1955 3972 3612 4045">
     <span class='ocr_line' id='line_1_87' title="bbox 1955 3972 3612 4045; baseline 0.003 -19"><span class='ocrx_word' id='word_1_617' title='bbox 1955 3972 2142 4041; x_wconf 73' lang='lat' dir='ltr'><strong>igitur</strong></span> <span class='ocrx_word' id='word_1_618' title='bbox 2174 3977 2237 4027; x_wconf 87' lang='lat' dir='ltr'><strong>ut</strong></span> <span class='ocrx_word' id='word_1_619' title='bbox 2265 3972 2325 4027; x_wconf 90' lang='lat' dir='ltr'><strong>in</strong></span> <span class='ocrx_word' id='word_1_620' title='bbox 2357 3976 2476 4028; x_wconf 89' lang='lat' dir='ltr'><strong>tam</strong></span> <span class='ocrx_word' id='word_1_621' title='bbox 2513 3974 2753 4045; x_wconf 89' lang='lat' dir='ltr'><strong>ancipiti</strong></span> <span class='ocrx_word' id='word_1_622' title='bbox 2776 3974 3115 4029; x_wconf 90' lang='lat' dir='ltr'><strong>discrimine</strong></span> <span class='ocrx_word' id='word_1_623' title='bbox 3143 3991 3391 4030; x_wconf 60' lang='lat' dir='ltr'><strong>summas</strong></span> <span class='ocrx_word' id='word_1_624' title='bbox 3419 3992 3612 4031; x_wconf 89' lang='lat' dir='ltr'><strong>rerum</strong></span> 
     </span>
    </p>
   </div>
   <div class='ocr_carea' id='block_1_87' title="bbox 1957 4062 3615 4134">
    <p class='ocr_par' dir='ltr' id='par_1_87' title="bbox 1957 4062 3615 4134">
     <span class='ocr_line' id='line_1_88' title="bbox 1957 4062 3615 4134; baseline 0.003 -19"><span class='ocrx_word' id='word_1_625' title='bbox 1957 4062 2287 4116; x_wconf 82' lang='lat' dir='ltr'><strong>faciendum</strong></span> <span class='ocrx_word' id='word_1_626' title='bbox 2318 4062 2556 4117; x_wconf 84' lang='lat' dir='ltr'><strong>omnino</strong></span> <span class='ocrx_word' id='word_1_627' title='bbox 2588 4063 2697 4118; x_wconf 88' lang='lat' dir='ltr'><strong>sibi</strong></span> <span class='ocrx_word' id='word_1_628' title='bbox 2734 4064 2979 4134; x_wconf 84' lang='lat' dir='ltr'><strong>putavit,</strong></span> <span class='ocrx_word' id='word_1_629' title='bbox 3032 4069 3093 4118; x_wconf 92' lang='lat' dir='ltr'><strong>ut</strong></span> <span class='ocrx_word' id='word_1_630' title='bbox 3140 4065 3211 4118; x_wconf 90' lang='lat' dir='ltr'><strong>ad</strong></span> <span class='ocrx_word' id='word_1_631' title='bbox 3270 4070 3452 4119; x_wconf 90' lang='lat' dir='ltr'><strong>Deum</strong></span> <span class='ocrx_word' id='word_1_632' title='bbox 3483 4072 3615 4121; x_wconf 82' lang='lat' dir='ltr'><strong>ante</strong></span> 
     </span>
    </p>
   </div>
   <div class='ocr_carea' id='block_1_88' title="bbox 1955 4153 3613 4212">
    <p class='ocr_par' dir='ltr' id='par_1_88' title="bbox 1955 4153 3613 4212">
     <span class='ocr_line' id='line_1_89' title="bbox 1955 4153 3613 4212; baseline 0.002 -4"><span class='ocrx_word' id='word_1_633' title='bbox 1955 4153 2151 4208; x_wconf 86' lang='lat' dir='ltr'><strong>omnia</strong></span> <span class='ocrx_word' id='word_1_634' title='bbox 2181 4159 2522 4209; x_wconf 90' lang='lat' dir='ltr'><strong>recurreret:</strong></span> <span class='ocrx_word' id='word_1_635' title='bbox 2556 4154 2733 4209; x_wconf 89' lang='lat' dir='ltr'><strong>simul</strong></span> <span class='ocrx_word' id='word_1_636' title='bbox 2769 4161 2966 4210; x_wconf 87' lang='lat' dir='ltr'><strong>tamen</strong></span> <span class='ocrx_word' id='word_1_637' title='bbox 3001 4156 3210 4212; x_wconf 85' lang='lat' dir='ltr'><strong>deinde</strong></span> <span class='ocrx_word' id='word_1_638' title='bbox 3253 4162 3372 4212; x_wconf 89' lang='lat' dir='ltr'><strong>tam</strong></span> <span class='ocrx_word' id='word_1_639' title='bbox 3407 4174 3613 4212; x_wconf 90' lang='lat' dir='ltr'><strong>nume-</strong></span> 
     </span>
    </p>
   </div>
   <div class='ocr_carea' id='block_1_89' title="bbox 1956 4242 3611 4318">
    <p class='ocr_par' dir='ltr' id='par_1_89' title="bbox 1956 4242 3611 4318">
     <span class='ocr_line' id='line_1_90' title="bbox 1956 4242 3611 4318; baseline 0.002 -21"><span class='ocrx_word' id='word_1_640' title='bbox 1956 4259 2121 4297; x_wconf 86' lang='lat' dir='ltr'><strong>rosas</strong></span> <span class='ocrx_word' id='word_1_641' title='bbox 2141 4248 2377 4314; x_wconf 87' lang='lat' dir='ltr'><strong>tamque</strong></span> <span class='ocrx_word' id='word_1_642' title='bbox 2401 4242 2623 4299; x_wconf 88' lang='lat' dir='ltr'><strong>validas</strong></span> <span class='ocrx_word' id='word_1_643' title='bbox 2647 4261 2712 4299; x_wconf 89' lang='lat' dir='ltr'><strong>eo</strong></span> <span class='ocrx_word' id='word_1_644' title='bbox 2735 4244 3057 4300; x_wconf 84' lang='lat' dir='ltr'><strong>destinaret</strong></span> <span class='ocrx_word' id='word_1_645' title='bbox 3081 4246 3302 4318; x_wconf 88' lang='lat' dir='ltr'><strong>copias,</strong></span> <span class='ocrx_word' id='word_1_646' title='bbox 3329 4252 3393 4302; x_wconf 90' lang='lat' dir='ltr'><strong>ut</strong></span> <span class='ocrx_word' id='word_1_647' title='bbox 3414 4264 3611 4302; x_wconf 85' lang='lat' dir='ltr'><strong>eorum</strong></span> 
     </span>
    </p>
   </div>
   <div class='ocr_carea' id='block_1_90' title="bbox 1955 4331 3617 4406">
    <p class='ocr_par' dir='ltr' id='par_1_90' title="bbox 1955 4331 3617 4406">
     <span class='ocr_line' id='line_1_91' title="bbox 1955 4331 3617 4406; baseline 0.002 -20"><span class='ocrx_word' id='word_1_648' title='bbox 1955 4332 2186 4401; x_wconf 88' lang='lat' dir='ltr'><strong>objectu</strong></span> <span class='ocrx_word' id='word_1_649' title='bbox 2245 4331 2368 4387; x_wconf 92' lang='lat' dir='ltr'><strong>solo</strong></span> <span class='ocrx_word' id='word_1_650' title='bbox 2428 4334 2678 4404; x_wconf 88' lang='lat' dir='ltr'><strong>repressi</strong></span> <span class='ocrx_word' id='word_1_651' title='bbox 2733 4338 3005 4406; x_wconf 88' lang='lat' dir='ltr'><strong>retroque</strong></span> <span class='ocrx_word' id='word_1_652' title='bbox 3056 4336 3205 4391; x_wconf 89' lang='lat' dir='ltr'><strong>trusi</strong></span> <span class='ocrx_word' id='word_1_653' title='bbox 3283 4352 3340 4391; x_wconf 91' lang='lat' dir='ltr'><strong>re</strong></span> <span class='ocrx_word' id='word_1_654' title='bbox 3400 4336 3617 4391; x_wconf 82' lang='lat' dir='ltr'><strong>infecta</strong></span> 
     </span>
    </p>
   </div>
   <div class='ocr_carea' id='block_1_91' title="bbox 1958 4422 3613 4496">
    <p class='ocr_par' dir='ltr' id='par_1_91' title="bbox 1958 4422 3613 4496">
     <span class='ocr_line' id='line_1_92' title="bbox 1958 4422 3613 4496; baseline 0.002 -21"><span class='ocrx_word' id='word_1_655' title='bbox 1958 4422 2151 4477; x_wconf 89' lang='lat' dir='ltr'><strong>hostes</strong></span> <span class='ocrx_word' id='word_1_656' title='bbox 2193 4422 2381 4493; x_wconf 90' lang='lat' dir='ltr'><strong>primo</strong></span> <span class='ocrx_word' id='word_1_657' title='bbox 2437 4423 2834 4494; x_wconf 84' lang='lat' dir='ltr'><strong>experimento</strong></span> <span class='ocrx_word' id='word_1_658' title='bbox 2879 4424 3195 4493; x_wconf 79' lang='lat' dir='ltr'><strong>discerent,</strong></span> <span class='ocrx_word' id='word_1_659' title='bbox 3257 4442 3432 4496; x_wconf 85' lang='lat' dir='ltr'><strong>quam</strong></span> <span class='ocrx_word' id='word_1_660' title='bbox 3502 4443 3613 4481; x_wconf 89' lang='lat' dir='ltr'><strong>non</strong></span> 
     </span>
    </p>
   </div>
   <div class='ocr_carea' id='block_1_92' title="bbox 1956 4511 3613 4585">
    <p class='ocr_par' dir='ltr' id='par_1_92' title="bbox 1956 4511 3613 4585">
     <span class='ocr_line' id='line_1_93' title="bbox 1956 4511 3613 4585; baseline 0.004 -21"><span class='ocrx_word' id='word_1_661' title='bbox 1956 4511 2124 4565; x_wconf 82' lang='lat' dir='ltr'><strong>facile</strong></span> <span class='ocrx_word' id='word_1_662' title='bbox 2157 4511 2365 4581; x_wconf 68' lang='lat' dir='ltr'><strong>perviae</strong></span> <span class='ocrx_word' id='word_1_663' title='bbox 2423 4511 2687 4583; x_wconf 86' lang='lat' dir='ltr'><strong>ipsorum</strong></span> <span class='ocrx_word' id='word_1_664' title='bbox 2747 4514 2928 4567; x_wconf 90' lang='lat' dir='ltr'><strong>armis</strong></span> <span class='ocrx_word' id='word_1_665' title='bbox 2987 4513 3315 4581; x_wconf 83' lang='lat' dir='ltr'><strong>ulteriores,</strong></span> <span class='ocrx_word' id='word_1_666' title='bbox 3378 4515 3613 4585; x_wconf 88' lang='lat' dir='ltr'><strong>imperii</strong></span> 
     </span>
    </p>
   </div>
   <div class='ocr_carea' id='block_1_93' title="bbox 155 4582 3609 4683">
    <p class='ocr_par' dir='ltr' id='par_1_93' title="bbox 155 4582 3609 4683">
     <span class='ocr_line' id='line_1_94' title="bbox 155 4582 3609 4683; baseline 0 -23"><span class='ocrx_word' id='word_1_667' title='bbox 155 4582 360 4683; x_wconf 47' lang='lat' dir='ltr'><strong>hujus</strong></span> <span class='ocrx_word' id='word_1_668' title='bbox 412 4624 587 4679; x_wconf 92' lang='lat' dir='ltr'><strong>quem</strong></span> <span class='ocrx_word' id='word_1_669' title='bbox 612 4622 711 4659; x_wconf 84' lang='lat' dir='ltr'><strong>arx</strong></span> <span class='ocrx_word' id='word_1_670' title='bbox 734 4582 953 4658; x_wconf 82' lang='lat' dir='ltr'><strong>insidet</strong></span> <span class='ocrx_word' id='word_1_671' title='bbox 992 4601 1179 4665; x_wconf 85' lang='lat' dir='ltr'><strong>collis,</strong></span> <span class='ocrx_word' id='word_1_672' title='bbox 1216 4600 1365 4655; x_wconf 89' lang='lat' dir='ltr'><strong>alius</strong></span> <span class='ocrx_word' id='word_1_673' title='bbox 1396 4602 1616 4655; x_wconf 90' lang='lat' dir='ltr'><strong>eminet</strong></span> <span class='ocrx_word' id='word_1_674' title='bbox 1665 4616 1847 4670; x_wconf 88' lang='lat' dir='ltr'><strong>supra</strong></span> <span class='ocrx_word' id='word_1_675' title='bbox 1877 4582 1921 4645; x_wconf 73' lang='grc' dir='ltr'><strong>Ι)</strong></span> <span class='ocrx_word' id='word_1_676' title='bbox 1956 4599 2222 4670; x_wconf 86' lang='lat' dir='ltr'><strong>regiones</strong></span> <span class='ocrx_word' id='word_1_677' title='bbox 2255 4582 2462 4666; x_wconf 79' lang='lat' dir='ltr'><strong>forent,</strong></span> <span class='ocrx_word' id='word_1_678' title='bbox 2496 4618 2748 4672; x_wconf 89' lang='lat' dir='ltr'><strong>quarum</strong></span> <span class='ocrx_word' id='word_1_679' title='bbox 2786 4601 2986 4671; x_wconf 84' lang='lat' dir='ltr'><strong>utique</strong></span> <span class='ocrx_word' id='word_1_680' title='bbox 3045 4602 3225 4657; x_wconf 89' lang='lat' dir='ltr'><strong>limen</strong></span> <span class='ocrx_word' id='word_1_681' title='bbox 3284 4582 3483 4675; x_wconf 83' lang='lat' dir='ltr'><strong>ipsum</strong></span> <span class='ocrx_word' id='word_1_682' title='bbox 3542 4622 3609 4661; x_wconf 91' lang='lat' dir='ltr'><strong>ac</strong></span> 
     </span>
    </p>
   </div>
   <div class='ocr_carea' id='block_1_94' title="bbox 152 4689 1836 4775">
    <p class='ocr_par' dir='ltr' id='par_1_94' title="bbox 152 4689 1836 4775">
     <span class='ocr_line' id='line_1_95' title="bbox 152 4689 1836 4775; baseline -0.01 -18"><span class='ocrx_word' id='word_1_683' title='bbox 152 4718 385 4775; x_wconf 65' lang='lat' dir='ltr'><strong>aequor</strong></span> <span class='ocrx_word' id='word_1_684' title='bbox 420 4710 766 4767; x_wconf 80' lang='lat' dir='ltr'><strong>camporum</strong></span> <span class='ocrx_word' id='word_1_685' title='bbox 800 4691 1089 4761; x_wconf 86' lang='lat' dir='ltr'><strong>tumulus,</strong></span> <span class='ocrx_word' id='word_1_686' title='bbox 1115 4692 1187 4745; x_wconf 87' lang='lat' dir='ltr'><strong>ad</strong></span> <span class='ocrx_word' id='word_1_687' title='bbox 1220 4706 1395 4760; x_wconf 90' lang='lat' dir='ltr'><strong>quem</strong></span> <span class='ocrx_word' id='word_1_688' title='bbox 1423 4689 1569 4744; x_wconf 89' lang='lat' dir='ltr'><strong>alter</strong></span> <span class='ocrx_word' id='word_1_689' title='bbox 1600 4689 1836 4753; x_wconf 85' lang='lat' dir='ltr'><strong>ﬂuvius,</strong></span> 
     </span>
    </p>
   </div>
   <div class='ocr_carea' id='block_1_95' title="bbox 151 4778 1840 4857">
    <p class='ocr_par' dir='ltr' id='par_1_95' title="bbox 151 4778 1840 4857">
     <span class='ocr_line' id='line_1_96' title="bbox 151 4778 1840 4857; baseline -0.01 -7"><span class='ocrx_word' id='word_1_690' title='bbox 151 4795 401 4849; x_wconf 83' lang='lat' dir='ltr'><strong>Buoses</strong></span> <span class='ocrx_word' id='word_1_691' title='bbox 436 4784 788 4857; x_wconf 81' lang='lat' dir='ltr'><strong>appellatus,</strong></span> <span class='ocrx_word' id='word_1_692' title='bbox 852 4780 1148 4852; x_wconf 81' lang='lat' dir='ltr'><strong>proﬂuens</strong></span> <span class='ocrx_word' id='word_1_693' title='bbox 1184 4785 1241 4834; x_wconf 90' lang='lat' dir='ltr'><strong>et</strong></span> <span class='ocrx_word' id='word_1_694' title='bbox 1274 4778 1576 4851; x_wconf 88' lang='lat' dir='ltr'><strong>planitiem</strong></span> <span class='ocrx_word' id='word_1_695' title='bbox 1634 4794 1840 4834; x_wconf 82' lang='lat' dir='ltr'><strong>secans</strong></span> 
     </span>
    </p>
   </div>
   <div class='ocr_carea' id='block_1_96' title="bbox 151 4868 1840 4940">
    <p class='ocr_par' dir='ltr' id='par_1_96' title="bbox 151 4868 1840 4940">
     <span class='ocr_line' id='line_1_97' title="bbox 151 4868 1840 4940; baseline -0.011 0"><span class='ocrx_word' id='word_1_696' title='bbox 151 4881 444 4940; x_wconf 85' lang='lat' dir='ltr'><strong>mediam</strong></span> <span class='ocrx_word' id='word_1_697' title='bbox 500 4876 647 4930; x_wconf 81' lang='lat' dir='ltr'><strong>ﬁnes</strong></span> <span class='ocrx_word' id='word_1_698' title='bbox 698 4872 1054 4927; x_wconf 87' lang='lat' dir='ltr'><strong>Caninorum</strong></span> <span class='ocrx_word' id='word_1_699' title='bbox 1110 4869 1354 4924; x_wconf 89' lang='lat' dir='ltr'><strong>dirimit.</strong></span> <span class='ocrx_word' id='word_1_700' title='bbox 1408 4868 1647 4924; x_wconf 91' lang='lat' dir='ltr'><strong>Boosem</strong></span> <span class='ocrx_word' id='word_1_701' title='bbox 1702 4884 1840 4938; x_wconf 86' lang='lat' dir='ltr'><strong>ergo</strong></span> 
     </span>
    </p>
   </div>
   <div class='ocr_carea' id='block_1_97' title="bbox 148 4959 1838 5029">
    <p class='ocr_par' dir='ltr' id='par_1_97' title="bbox 148 4959 1838 5029">
     <span class='ocr_line' id='line_1_98' title="bbox 148 4959 1838 5029; baseline -0.011 0"><span class='ocrx_word' id='word_1_702' title='bbox 148 4984 419 5029; x_wconf 84' lang='lat' dir='ltr'><strong>amnem</strong></span> <span class='ocrx_word' id='word_1_703' title='bbox 480 4964 767 5020; x_wconf 77' lang='lat' dir='ltr'><strong>universae</strong></span> <span class='ocrx_word' id='word_1_704' title='bbox 833 4960 1175 5015; x_wconf 73' lang='lat' dir='ltr'><strong>Latinorum</strong></span> <span class='ocrx_word' id='word_1_705' title='bbox 1225 4959 1403 5029; x_wconf 61' lang='lat' dir='ltr'><strong>copias</strong></span> <span class='ocrx_word' id='word_1_706' title='bbox 1462 4961 1838 5028; x_wconf 70' lang='lat' dir='ltr'><strong>transgressa:</strong></span> 
     </span>
    </p>
   </div>
   <div class='ocr_carea' id='block_1_98' title="bbox 145 5046 1840 5125">
    <p class='ocr_par' dir='ltr' id='par_1_98' title="bbox 145 5046 1840 5125">
     <span class='ocr_line' id='line_1_99' title="bbox 145 5046 1840 5125; baseline -0.009 -7"><span class='ocrx_word' id='word_1_707' title='bbox 145 5058 482 5117; x_wconf 85' lang='lat' dir='ltr'><strong>tumulum</strong></span> <span class='ocrx_word' id='word_1_708' title='bbox 518 5068 693 5125; x_wconf 91' lang='lat' dir='ltr'><strong>quem</strong></span> <span class='ocrx_word' id='word_1_709' title='bbox 724 5050 844 5106; x_wconf 80' lang='lat' dir='ltr'><strong>dixi</strong></span> <span class='ocrx_word' id='word_1_710' title='bbox 875 5052 1185 5119; x_wconf 88' lang='lat' dir='ltr'><strong>occupant,</strong></span> <span class='ocrx_word' id='word_1_711' title='bbox 1246 5053 1303 5101; x_wconf 89' lang='lat' dir='ltr'><strong>et</strong></span> <span class='ocrx_word' id='word_1_712' title='bbox 1359 5063 1501 5102; x_wconf 88' lang='lat' dir='ltr'><strong>sane</strong></span> <span class='ocrx_word' id='word_1_713' title='bbox 1558 5046 1840 5102; x_wconf 89' lang='lat' dir='ltr'><strong>sollicitos</strong></span> 
     </span>
    </p>
   </div>
   <div class='ocr_carea' id='block_1_99' title="bbox 145 5136 1838 5224">
    <p class='ocr_par' dir='ltr' id='par_1_99' title="bbox 145 5136 1838 5224">
     <span class='ocr_line' id='line_1_100' title="bbox 145 5136 1838 5224; baseline -0.011 -17"><span class='ocrx_word' id='word_1_714' title='bbox 145 5168 276 5224; x_wconf 86' lang='lat' dir='ltr'><strong>quo</strong></span> <span class='ocrx_word' id='word_1_715' title='bbox 309 5147 653 5218; x_wconf 85' lang='lat' dir='ltr'><strong>apparatus</strong></span> <span class='ocrx_word' id='word_1_716' title='bbox 701 5140 812 5195; x_wconf 88' lang='lat' dir='ltr'><strong>iste</strong></span> <span class='ocrx_word' id='word_1_717' title='bbox 866 5138 1160 5192; x_wconf 89' lang='lat' dir='ltr'><strong>desineret</strong></span> <span class='ocrx_word' id='word_1_718' title='bbox 1188 5136 1668 5207; x_wconf 87' lang='lat' dir='ltr'><strong>Bellagradenses</strong></span> <span class='ocrx_word' id='word_1_719' title='bbox 1727 5136 1838 5190; x_wconf 87' lang='lat' dir='ltr'><strong>cir-</strong></span> 
     </span>
    </p>
   </div>
   <div class='ocr_carea' id='block_1_100' title="bbox 143 5225 1837 5300">
    <p class='ocr_par' dir='ltr' id='par_1_100' title="bbox 143 5225 1837 5300">
     <span class='ocr_line' id='line_1_101' title="bbox 143 5225 1837 5300; baseline -0.011 -3"><span class='ocrx_word' id='word_1_720' title='bbox 143 5237 563 5299; x_wconf 76' lang='lat' dir='ltr'><strong>cumSIdent;</strong></span> <span class='ocrx_word' id='word_1_721' title='bbox 625 5245 871 5300; x_wconf 83' lang='lat' dir='ltr'><strong>moxque</strong></span> <span class='ocrx_word' id='word_1_722' title='bbox 922 5226 1173 5282; x_wconf 87' lang='lat' dir='ltr'><strong>ballistis</strong></span> <span class='ocrx_word' id='word_1_723' title='bbox 1232 5225 1482 5280; x_wconf 87' lang='lat' dir='ltr'><strong>admotis</strong></span> <span class='ocrx_word' id='word_1_724' title='bbox 1526 5225 1837 5296; x_wconf 87' lang='lat' dir='ltr'><strong>grandium</strong></span> 
     </span>
    </p>
   </div>
   <div class='ocr_carea' id='block_1_101' title="bbox 144 5314 1838 5392">
    <p class='ocr_par' dir='ltr' id='par_1_101' title="bbox 144 5314 1838 5392">
     <span class='ocr_line' id='line_1_102' title="bbox 144 5314 1838 5392; baseline -0.01 -6"><span class='ocrx_word' id='word_1_725' title='bbox 144 5332 425 5385; x_wconf 86' lang='lat' dir='ltr'><strong>incussu</strong></span> <span class='ocrx_word' id='word_1_726' title='bbox 465 5321 729 5392; x_wconf 89' lang='lat' dir='ltr'><strong>lapidum</strong></span> <span class='ocrx_word' id='word_1_727' title='bbox 755 5317 1105 5374; x_wconf 79' lang='lat' dir='ltr'><strong>labefactare</strong></span> <span class='ocrx_word' id='word_1_728' title='bbox 1129 5331 1362 5369; x_wconf 90' lang='lat' dir='ltr'><strong>murum</strong></span> <span class='ocrx_word' id='word_1_729' title='bbox 1394 5314 1838 5385; x_wconf 82' lang='lat' dir='ltr'><strong>aggrediuntur.</strong></span> 
     </span>
    </p>
   </div>
   <div class='ocr_carea' id='block_1_102' title="bbox 144 5404 1842 5478">
    <p class='ocr_par' dir='ltr' id='par_1_102' title="bbox 144 5404 1842 5478">
     <span class='ocr_line' id='line_1_103' title="bbox 144 5404 1842 5478; baseline -0.009 -3"><span class='ocrx_word' id='word_1_730' title='bbox 144 5419 431 5478; x_wconf 82' lang='lat' dir='ltr'><strong>Perlata,</strong></span> <span class='ocrx_word' id='word_1_731' title='bbox 481 5411 785 5465; x_wconf 84' lang='lat' dir='ltr'><strong>velocitate</strong></span> <span class='ocrx_word' id='word_1_732' title='bbox 836 5422 1091 5471; x_wconf 90' lang='lat' dir='ltr'><strong>summa,</strong></span> <span class='ocrx_word' id='word_1_733' title='bbox 1156 5404 1333 5475; x_wconf 90' lang='lat' dir='ltr'><strong>hujus</strong></span> <span class='ocrx_word' id='word_1_734' title='bbox 1379 5404 1842 5475; x_wconf 83' lang='lat' dir='ltr'><strong>oppugnationis</strong></span> 
     </span>
    </p>
   </div>
   <div class='ocr_carea' id='block_1_103' title="bbox 142 5493 1844 5568">
    <p class='ocr_par' dir='ltr' id='par_1_103' title="bbox 142 5493 1844 5568">
     <span class='ocr_line' id='line_1_104' title="bbox 142 5493 1844 5568; baseline -0.012 0"><span class='ocrx_word' id='word_1_735' title='bbox 142 5502 318 5568; x_wconf 80' lang='lat' dir='ltr'><strong>fama</strong></span> <span class='ocrx_word' id='word_1_736' title='bbox 354 5504 438 5560; x_wconf 82' lang='lat' dir='ltr'><strong>ad</strong></span> <span class='ocrx_word' id='word_1_737' title='bbox 477 5516 653 5555; x_wconf 84' lang='lat' dir='ltr'><strong>aures</strong></span> <span class='ocrx_word' id='word_1_738' title='bbox 710 5496 1106 5568; x_wconf 85' lang='lat' dir='ltr'><strong>imperatoris,</strong></span> <span class='ocrx_word' id='word_1_739' title='bbox 1158 5494 1354 5549; x_wconf 88' lang='lat' dir='ltr'><strong>subito</strong></span> <span class='ocrx_word' id='word_1_740' title='bbox 1384 5494 1480 5549; x_wconf 91' lang='lat' dir='ltr'><strong>ille</strong></span> <span class='ocrx_word' id='word_1_741' title='bbox 1526 5493 1679 5548; x_wconf 87' lang='lat' dir='ltr'><strong>haud</strong></span> <span class='ocrx_word' id='word_1_742' title='bbox 1742 5510 1844 5564; x_wconf 74' lang='lat' dir='ltr'><strong>p.1-</strong></span> 
     </span>
    </p>
   </div>
   <div class='ocr_carea' id='block_1_104' title="bbox 141 5583 1843 5657">
    <p class='ocr_par' dir='ltr' id='par_1_104' title="bbox 141 5583 1843 5657">
     <span class='ocr_line' id='line_1_105' title="bbox 141 5583 1843 5657; baseline -0.011 0"><span class='ocrx_word' id='word_1_743' title='bbox 141 5618 284 5657; x_wconf 86' lang='lat' dir='ltr'><strong>rum</strong></span> <span class='ocrx_word' id='word_1_744' title='bbox 324 5591 735 5651; x_wconf 82' lang='lat' dir='ltr'><strong>conturbatus</strong></span> <span class='ocrx_word' id='word_1_745' title='bbox 767 5592 878 5641; x_wconf 89' lang='lat' dir='ltr'><strong>est:</strong></span> <span class='ocrx_word' id='word_1_746' title='bbox 913 5586 1089 5640; x_wconf 90' lang='lat' dir='ltr'><strong>etiam</strong></span> <span class='ocrx_word' id='word_1_747' title='bbox 1125 5600 1314 5654; x_wconf 90' lang='lat' dir='ltr'><strong>usque</strong></span> <span class='ocrx_word' id='word_1_748' title='bbox 1374 5583 1443 5637; x_wconf 89' lang='lat' dir='ltr'><strong>ad</strong></span> <span class='ocrx_word' id='word_1_749' title='bbox 1501 5584 1730 5637; x_wconf 84' lang='lat' dir='ltr'><strong>anxiam</strong></span> <span class='ocrx_word' id='word_1_750' title='bbox 1774 5584 1843 5639; x_wconf 92' lang='lat' dir='ltr'><strong>de</strong></span> 
     </span>
    </p>
   </div>
   <div class='ocr_carea' id='block_1_105' title="bbox 140 5671 1841 5749">
    <p class='ocr_par' dir='ltr' id='par_1_105' title="bbox 140 5671 1841 5749">
     <span class='ocr_line' id='line_1_106' title="bbox 140 5671 1841 5749; baseline -0.013 1"><span class='ocrx_word' id='word_1_751' title='bbox 140 5703 410 5749; x_wconf 83' lang='lat' dir='ltr'><strong>summa</strong></span> <span class='ocrx_word' id='word_1_752' title='bbox 451 5696 650 5738; x_wconf 88' lang='lat' dir='ltr'><strong>rerum</strong></span> <span class='ocrx_word' id='word_1_753' title='bbox 688 5676 1056 5733; x_wconf 83' lang='lat' dir='ltr'><strong>formidinem</strong></span> <span class='ocrx_word' id='word_1_754' title='bbox 1098 5673 1306 5729; x_wconf 88' lang='lat' dir='ltr'><strong>nuntio</strong></span> <span class='ocrx_word' id='word_1_755' title='bbox 1361 5671 1463 5729; x_wconf 90' lang='lat' dir='ltr'><strong>tali</strong></span> <span class='ocrx_word' id='word_1_756' title='bbox 1516 5671 1841 5744; x_wconf 87' lang='lat' dir='ltr'><strong>perculsus.</strong></span> 
     </span>
    </p>
   </div>
   <div class='ocr_carea' id='block_1_106' title="bbox 1950 4688 3608 4763">
    <p class='ocr_par' dir='ltr' id='par_1_106' title="bbox 1950 4688 3608 4763">
     <span class='ocr_line' id='line_1_107' title="bbox 1950 4688 3608 4763; baseline 0.002 -20"><span class='ocrx_word' id='word_1_757' title='bbox 1950 4688 2195 4744; x_wconf 89' lang='lat' dir='ltr'><strong>limitem</strong></span> <span class='ocrx_word' id='word_1_758' title='bbox 2242 4689 2507 4745; x_wconf 90' lang='lat' dir='ltr'><strong>viderent</strong></span> <span class='ocrx_word' id='word_1_759' title='bbox 2557 4690 2918 4746; x_wconf 89' lang='lat' dir='ltr'><strong>ineluctabili</strong></span> <span class='ocrx_word' id='word_1_760' title='bbox 2982 4694 3242 4763; x_wconf 87' lang='lat' dir='ltr'><strong>potentia</strong></span> <span class='ocrx_word' id='word_1_761' title='bbox 3302 4692 3608 4748; x_wconf 83' lang='lat' dir='ltr'><strong>vallatum.</strong></span> 
     </span>
    </p>
   </div>
   <div class='ocr_carea' id='block_1_107' title="bbox 1950 4779 3605 4852">
    <p class='ocr_par' dir='ltr' id='par_1_107' title="bbox 1950 4779 3605 4852">
     <span class='ocr_line' id='line_1_108' title="bbox 1950 4779 3605 4852; baseline 0.004 -20"><span class='ocrx_word' id='word_1_762' title='bbox 1950 4781 2128 4833; x_wconf 86' lang='lat' dir='ltr'><strong>Porro</strong></span> <span class='ocrx_word' id='word_1_763' title='bbox 2160 4794 2289 4850; x_wconf 73' lang='lat' dir='ltr'><strong>quas</strong></span> <span class='ocrx_word' id='word_1_764' title='bbox 2331 4780 2402 4834; x_wconf 92' lang='lat' dir='ltr'><strong>ad</strong></span> <span class='ocrx_word' id='word_1_765' title='bbox 2438 4779 2542 4835; x_wconf 91' lang='lat' dir='ltr'><strong>Dei</strong></span> <span class='ocrx_word' id='word_1_766' title='bbox 2595 4779 3063 4850; x_wconf 87' lang='lat' dir='ltr'><strong>propitiationcm</strong></span> <span class='ocrx_word' id='word_1_767' title='bbox 3126 4782 3481 4852; x_wconf 90' lang='lat' dir='ltr'><strong>attinebant,</strong></span> <span class='ocrx_word' id='word_1_768' title='bbox 3546 4786 3605 4838; x_wconf 88' lang='lat' dir='ltr'><strong>in</strong></span> 
     </span>
    </p>
   </div>
   <div class='ocr_carea' id='block_1_108' title="bbox 1948 4866 3613 4942">
    <p class='ocr_par' dir='ltr' id='par_1_108' title="bbox 1948 4866 3613 4942">
     <span class='ocr_line' id='line_1_109' title="bbox 1948 4866 3613 4942; baseline 0.003 -21"><span class='ocrx_word' id='word_1_769' title='bbox 1948 4866 2106 4922; x_wconf 89' lang='lat' dir='ltr'><strong>hunc</strong></span> <span class='ocrx_word' id='word_1_770' title='bbox 2143 4868 2384 4923; x_wconf 91' lang='lat' dir='ltr'><strong>modum</strong></span> <span class='ocrx_word' id='word_1_771' title='bbox 2446 4875 2769 4940; x_wconf 68' lang='lat' dir='ltr'><strong>prmparata</strong></span> <span class='ocrx_word' id='word_1_772' title='bbox 2824 4876 2985 4925; x_wconf 88' lang='lat' dir='ltr'><strong>sunt.</strong></span> <span class='ocrx_word' id='word_1_773' title='bbox 3026 4871 3440 4926; x_wconf 88' lang='lat' dir='ltr'><strong>Denuntiatum</strong></span> <span class='ocrx_word' id='word_1_774' title='bbox 3505 4888 3613 4942; x_wconf 88' lang='lat' dir='ltr'><strong>pa-</strong></span> 
     </span>
    </p>
   </div>
   <div class='ocr_carea' id='block_1_109' title="bbox 1944 4956 3609 5033">
    <p class='ocr_par' dir='ltr' id='par_1_109' title="bbox 1944 4956 3609 5033">
     <span class='ocr_line' id='line_1_110' title="bbox 1944 4956 3609 5033; baseline 0.002 -22"><span class='ocrx_word' id='word_1_775' title='bbox 1944 4956 2236 5025; x_wconf 61' lang='lat' dir='ltr'><strong>triarchae,</strong></span> <span class='ocrx_word' id='word_1_776' title='bbox 2281 4956 2591 5027; x_wconf 90' lang='lat' dir='ltr'><strong>episcopis,</strong></span> <span class='ocrx_word' id='word_1_777' title='bbox 2652 4958 2926 5014; x_wconf 91' lang='lat' dir='ltr'><strong>universo</strong></span> <span class='ocrx_word' id='word_1_778' title='bbox 2984 4959 3136 5015; x_wconf 85' lang='lat' dir='ltr'><strong>clero</strong></span> <span class='ocrx_word' id='word_1_779' title='bbox 3186 4965 3295 5025; x_wconf 85' lang='lat' dir='ltr'><strong>est,</strong></span> <span class='ocrx_word' id='word_1_780' title='bbox 3352 4960 3609 5033; x_wconf 87' lang='lat' dir='ltr'><strong>primum</strong></span> 
     </span>
    </p>
   </div>
   <div class='ocr_carea' id='block_1_110' title="bbox 1948 5045 3611 5121">
    <p class='ocr_par' dir='ltr' id='par_1_110' title="bbox 1948 5045 3611 5121">
     <span class='ocr_line' id='line_1_111' title="bbox 1948 5045 3611 5121; baseline 0.004 -22"><span class='ocrx_word' id='word_1_781' title='bbox 1948 5045 2184 5118; x_wconf 86' lang='lat' dir='ltr'><strong>quidem</strong></span> <span class='ocrx_word' id='word_1_782' title='bbox 2220 5052 2284 5101; x_wconf 91' lang='lat' dir='ltr'><strong>ut</strong></span> <span class='ocrx_word' id='word_1_783' title='bbox 2314 5051 2543 5102; x_wconf 89' lang='lat' dir='ltr'><strong>noctem</strong></span> <span class='ocrx_word' id='word_1_784' title='bbox 2577 5047 2753 5103; x_wconf 91' lang='lat' dir='ltr'><strong>simul</strong></span> <span class='ocrx_word' id='word_1_785' title='bbox 2787 5053 2973 5104; x_wconf 90' lang='lat' dir='ltr'><strong>totam</strong></span> <span class='ocrx_word' id='word_1_786' title='bbox 3008 5048 3380 5121; x_wconf 83' lang='lat' dir='ltr'><strong>implorando</strong></span> <span class='ocrx_word' id='word_1_787' title='bbox 3405 5055 3611 5105; x_wconf 87' lang='lat' dir='ltr'><strong>contra</strong></span> 
     </span>
    </p>
   </div>
   <div class='ocr_carea' id='block_1_111' title="bbox 1950 5135 3609 5209">
    <p class='ocr_par' dir='ltr' id='par_1_111' title="bbox 1950 5135 3609 5209">
     <span class='ocr_line' id='line_1_112' title="bbox 1950 5135 3609 5209; baseline 0.002 -19"><span class='ocrx_word' id='word_1_788' title='bbox 1950 5135 2149 5191; x_wconf 89' lang='lat' dir='ltr'><strong>hostes</strong></span> <span class='ocrx_word' id='word_1_789' title='bbox 2182 5135 2280 5191; x_wconf 91' lang='lat' dir='ltr'><strong>Dei</strong></span> <span class='ocrx_word' id='word_1_790' title='bbox 2314 5135 2528 5191; x_wconf 85' lang='lat' dir='ltr'><strong>auxilio</strong></span> <span class='ocrx_word' id='word_1_791' title='bbox 2561 5137 2900 5209; x_wconf 85' lang='lat' dir='ltr'><strong>pervigilem</strong></span> <span class='ocrx_word' id='word_1_792' title='bbox 2942 5139 3242 5209; x_wconf 89' lang='lat' dir='ltr'><strong>ducerent,</strong></span> <span class='ocrx_word' id='word_1_793' title='bbox 3283 5140 3396 5195; x_wconf 91' lang='lat' dir='ltr'><strong>sub</strong></span> <span class='ocrx_word' id='word_1_794' title='bbox 3440 5155 3609 5195; x_wconf 87' lang='lat' dir='ltr'><strong>auro-</strong></span> 
     </span>
    </p>
   </div>
   <div class='ocr_carea' id='block_1_112' title="bbox 1950 5226 3609 5298">
    <p class='ocr_par' dir='ltr' id='par_1_112' title="bbox 1950 5226 3609 5298">
     <span class='ocr_line' id='line_1_113' title="bbox 1950 5226 3609 5298; baseline 0.001 -17"><span class='ocrx_word' id='word_1_795' title='bbox 1950 5244 2075 5282; x_wconf 87' lang='lat' dir='ltr'><strong>ram</strong></span> <span class='ocrx_word' id='word_1_796' title='bbox 2107 5243 2238 5281; x_wconf 89' lang='lat' dir='ltr'><strong>vero</strong></span> <span class='ocrx_word' id='word_1_797' title='bbox 2271 5226 2381 5282; x_wconf 86' lang='lat' dir='ltr'><strong>diei</strong></span> <span class='ocrx_word' id='word_1_798' title='bbox 2416 5226 2806 5298; x_wconf 87' lang='lat' dir='ltr'><strong>insequentis.</strong></span> <span class='ocrx_word' id='word_1_799' title='bbox 2843 5227 3191 5298; x_wconf 90' lang='lat' dir='ltr'><strong>patriarcha,</strong></span> <span class='ocrx_word' id='word_1_800' title='bbox 3257 5244 3355 5283; x_wconf 86' lang='lat' dir='ltr'><strong>sex</strong></span> <span class='ocrx_word' id='word_1_801' title='bbox 3417 5228 3545 5283; x_wconf 87' lang='lat' dir='ltr'><strong>aliis</strong></span> <span class='ocrx_word' id='word_1_802' title='bbox 3579 5246 3609 5283; x_wconf 90' lang='lat' dir='ltr'><strong>e</strong></span> 
     </span>
    </p>
   </div>
   <div class='ocr_carea' id='block_1_113' title="bbox 1951 5315 3611 5390">
    <p class='ocr_par' dir='ltr' id='par_1_113' title="bbox 1951 5315 3611 5390">
     <span class='ocr_line' id='line_1_114' title="bbox 1951 5315 3611 5390; baseline 0.002 -20"><span class='ocrx_word' id='word_1_803' title='bbox 1951 5315 2262 5388; x_wconf 74' lang='lat' dir='ltr'><strong>praecipuis</strong></span> <span class='ocrx_word' id='word_1_804' title='bbox 2298 5316 2707 5388; x_wconf 89' lang='lat' dir='ltr'><strong>episcoporum</strong></span> <span class='ocrx_word' id='word_1_805' title='bbox 2741 5333 2941 5373; x_wconf 90' lang='lat' dir='ltr'><strong>secum</strong></span> <span class='ocrx_word' id='word_1_806' title='bbox 2978 5318 3302 5390; x_wconf 89' lang='lat' dir='ltr'><strong>assumptis</strong></span> <span class='ocrx_word' id='word_1_807' title='bbox 3335 5322 3392 5373; x_wconf 91' lang='lat' dir='ltr'><strong>et</strong></span> <span class='ocrx_word' id='word_1_808' title='bbox 3425 5318 3611 5373; x_wconf 90' lang='lat' dir='ltr'><strong>sacris</strong></span> 
     </span>
    </p>
   </div>
   <div class='ocr_carea' id='block_1_114' title="bbox 1952 5403 3607 5470">
    <p class='ocr_par' dir='ltr' id='par_1_114' title="bbox 1952 5403 3607 5470">
     <span class='ocr_line' id='line_1_115' title="bbox 1952 5403 3607 5470; baseline -0.001 -9"><span class='ocrx_word' id='word_1_809' title='bbox 1952 5422 2157 5461; x_wconf 88' lang='lat' dir='ltr'><strong>omnes</strong></span> <span class='ocrx_word' id='word_1_810' title='bbox 2190 5403 2359 5459; x_wconf 90' lang='lat' dir='ltr'><strong>stolis</strong></span> <span class='ocrx_word' id='word_1_811' title='bbox 2393 5404 2605 5470; x_wconf 84' lang='lat' dir='ltr'><strong>induti,</strong></span> <span class='ocrx_word' id='word_1_812' title='bbox 2648 5405 2876 5459; x_wconf 89' lang='lat' dir='ltr'><strong>cunctis</strong></span> <span class='ocrx_word' id='word_1_813' title='bbox 2934 5405 3169 5459; x_wconf 88' lang='lat' dir='ltr'><strong>interim</strong></span> <span class='ocrx_word' id='word_1_814' title='bbox 3231 5405 3362 5461; x_wconf 87' lang='lat' dir='ltr'><strong>aliis</strong></span> <span class='ocrx_word' id='word_1_815' title='bbox 3422 5406 3607 5461; x_wconf 89' lang='lat' dir='ltr'><strong>Deum</strong></span> 
     </span>
    </p>
   </div>
   <div class='ocr_carea' id='block_1_115' title="bbox 1954 5494 3602 5559">
    <p class='ocr_par' dir='ltr' id='par_1_115' title="bbox 1954 5494 3602 5559">
     <span class='ocr_line' id='line_1_116' title="bbox 1954 5494 3602 5559; baseline 0.001 -11"><span class='ocrx_word' id='word_1_816' title='bbox 1954 5494 2381 5559; x_wconf 84' lang='lat' dir='ltr'><strong>invocantibus,</strong></span> <span class='ocrx_word' id='word_1_817' title='bbox 2419 5494 2883 5549; x_wconf 83' lang='lat' dir='ltr'><strong>benedictionem</strong></span> <span class='ocrx_word' id='word_1_818' title='bbox 2947 5496 3093 5550; x_wconf 73' lang='lat' dir='ltr'><strong>sacri</strong></span> <span class='ocrx_word' id='word_1_819' title='bbox 3128 5496 3238 5551; x_wconf 86' lang='lat' dir='ltr'><strong>olei</strong></span> <span class='ocrx_word' id='word_1_820' title='bbox 3274 5497 3602 5551; x_wconf 85' lang='lat' dir='ltr'><strong>solemnem</strong></span> 
     </span>
    </p>
   </div>
   <div class='ocr_carea' id='block_1_116' title="bbox 1954 5583 3609 5655">
    <p class='ocr_par' dir='ltr' id='par_1_116' title="bbox 1954 5583 3609 5655">
     <span class='ocr_line' id='line_1_117' title="bbox 1954 5583 3609 5655; baseline 0.001 -16"><span class='ocrx_word' id='word_1_821' title='bbox 1954 5584 2061 5640; x_wconf 89' lang='lat' dir='ltr'><strong>rite</strong></span> <span class='ocrx_word' id='word_1_822' title='bbox 2120 5589 2502 5655; x_wconf 86' lang='lat' dir='ltr'><strong>peragerent;</strong></span> <span class='ocrx_word' id='word_1_823' title='bbox 2567 5594 2686 5638; x_wconf 82' lang='lat' dir='ltr'><strong>tum</strong></span> <span class='ocrx_word' id='word_1_824' title='bbox 2762 5589 2997 5655; x_wconf 81' lang='lat' dir='ltr'><strong>paratos</strong></span> <span class='ocrx_word' id='word_1_825' title='bbox 3048 5585 3118 5639; x_wconf 83' lang='lat' dir='ltr'><strong>ad</strong></span> <span class='ocrx_word' id='word_1_826' title='bbox 3183 5584 3236 5639; x_wconf 86' lang='lat' dir='ltr'><strong>id</strong></span> <span class='ocrx_word' id='word_1_827' title='bbox 3300 5583 3609 5640; x_wconf 84' lang='lat' dir='ltr'><strong>fasciculos</strong></span> 
     </span>
    </p>
   </div>
   <div class='ocr_carea' id='block_1_117' title="bbox 1955 5674 3606 5750">
    <p class='ocr_par' dir='ltr' id='par_1_117' title="bbox 1955 5674 3606 5750">
     <span class='ocr_line' id='line_1_118' title="bbox 1955 5674 3606 5750; baseline -0.001 -20"><span class='ocrx_word' id='word_1_828' title='bbox 1955 5679 2393 5747; x_wconf 79' lang='lat' dir='ltr'><strong>segmentorum</strong></span> <span class='ocrx_word' id='word_1_829' title='bbox 2442 5674 2645 5750; x_wconf 82' lang='lat' dir='ltr'><strong>papyri</strong></span> <span class='ocrx_word' id='word_1_830' title='bbox 2705 5678 3045 5732; x_wconf 89' lang='lat' dir='ltr'><strong>consecrato</strong></span> <span class='ocrx_word' id='word_1_831' title='bbox 3106 5674 3403 5746; x_wconf 80' lang='lat' dir='ltr'><strong>tingerent</strong></span> <span class='ocrx_word' id='word_1_832' title='bbox 3459 5674 3606 5731; x_wconf 61' lang='lat' dir='ltr'><strong>oleo,</strong></span> 
     </span>
    </p>
   </div>
  </div>
