4210 6448
632 441 740 496 975

1937 435 2240 494 GEORGII
2278 431 2745 490 PACHYMBBB

3935 437 4048 493 976

635 560 970 631 ἐνδυθὲντας,
1029 567 1138 616 τῶν
1201 561 1410 617 λοιπῶν
1468 561 1638 614 ἐκεῖσε
1681 557 2140 629 θεοκλυτούντων,
2172 553 2289 610 ἐπι·
2319 560 2369 627 Α
2397 553 2526 616 τοὺς
2585 559 2680 610 τοῦ
2739 556 3001 632 φρουρίου
3049 555 3174 619 τοὺς
3215 556 3564 633 πειράσοντας
3609 557 3847 634 ἔγνωσαν
3900 561 4043 614 ἀπο-

634 651 815 706 τελεῖν
849 651 1160 726 εὐχέλαιον,
1195 648 1506 727 φακέλλους
1549 647 1604 702 δέ
1653 648 1916 722 παπύρων
1965 647 2290 714 ποιήσαντος

631 745 711 811 τῷ
741 741 1142 815 καθαγνισθέἀτι
1196 739 1370 810 ἐλαίῳ
1435 739 1678 812 βάπτειν,
1731 737 1818 790 καὶ
1879 735 2020 789 οὕτω
2079 731 2289 787 διδόναι

626 835 742 890 τοῖς
771 830 919 883 ταῦτ’
973 828 1231 902 ἀπάξουσι
1287 828 1422 902 πρὸς
1468 827 1531 881 τὸ
1586 828 1912 902 στράτευμα,
1968 823 2093 877 ὥστ’
2152 823 2285 875 ἄπο-

625 920 830 992 χρῶντ⁹
881 917 1016 972 εἶναι
1071 919 1150 990 τῷ
1211 921 1318 970 τῶν
1367 919 1711 992 στρατιωτῶν
1762 912 1987 984 πλήθει,
2031 913 2110 989 ἐφ’
2141 911 2185 983 ᾦ
2229 910 2282 964 ἓν

621 1009 710 1060 καί
789 1004 1011 1061 ἕκαστον
1076 1012 1182 1060 τῶν
1275 1006 1537 1079 παπύρων
1604 1002 1699 1058 ἕνα
1761 1006 2060 1072 κρατοῦντα
2117 999 2286 1072 ὁμόσε

620 1101 835 1171 χωρεῖν
866 1101 982 1160 τοῖς
1037 1095 1278 1172 ἐχθροῖς.
1341 1095 1507 1150 Ταῦτ’
1569 1092 1886 1146 ἐπετέκτατο
1944 1090 2032 1144 καὶ
2062 1091 2161 1158 τήν
2195 1109 2281 1141 ταο

628 1184 824 1259 χίστην
858 1183 1183 1259 ἐπέπρακτο,
1233 1183 1322 1237 καὶ
1381 1184 1434 1236 οἱ
1493 1187 1626 1244 θεῖοι
1662 1177 1926 1258 φάκελλοι
1956 1183 2062 1231 τῶν
2108 1176 2283 1230 παπύ-

625 1294 733 1348 ρων
768 1273 1008 1327 σκεύεσιν
1071 1271 1302 1336 ὑελίνοις
1363 1266 1772 1344 ἐμϐεϐλημένοι
1834 1270 1947 1340 ἅμα
2007 1267 2098 1339 μὲν
2165 1267 2278 1338 μετ’

621 1363 818 1436 εὐχῆς,
853 1363 966 1434 ἅμα
1023 1359 1080 1415 δέ
1124 1362 1214 1415 καὶ
1245 1363 1361 1434 μετ’
1423 1357 1721 1435 ἀσφαλείας
1753 1357 2080 1428 ἐπέμποντο.
2113 1361 2278 1409 Βασι-

619 1449 746 1515 λεὺς
793 1449 849 1505 δέ
892 1451 983 1505 τὸν
1019 1450 1184 1505 αὐτοῦ
1213 1445 1463 1525 γαμϐρὸν
1501 1446 1734 1522 Μιχαὴλ
1765 1447 1854 1500 τὸν
1889 1443 2156 1514 δεσπότην
2185 1444 2275 1514 καὶ

614 1540 707 1593 τὸν
742 1539 904 1614 μὲγαν
957 1537 1276 1612 δομέστικον
1331 1538 1422 1591 τὸν
1485 1536 1911 1611 Ταρχανειώτην
1969 1532 2058 1586 καὶ
2112 1532 2270 1586 αὐτὸν

614 1630 872 1702 Μιχαὴλ,
935 1626 1012 1682 ἔτι
1069 1625 1126 1681 δέ
1179 1628 1271 1681 τὸν
1329 1621 2000 1701 μέγανστρατοπεδάρχην
2034 1618 2275 1690 Συναδη-

613 1715 705 1770 νὸν
768 1717 1049 1785 Ἰωάννην,
1107 1716 1198 1770 καὶ
1254 1716 1510 1789 τέταρτον
1571 1713 1665 1767 σὺν
1723 1711 1941 1772 τούτοις
1970 1711 2062 1765 τὸν
2113 1708 2270 1764 ἐκτο-

613 1805 736 1878 μίαν
798 1803 1168 1879 Ἀνδρόνικον,
1217 1810 1380 1859 τατᾶν
1461 1805 1554 1876 μὲν
1615 1806 1714 1867 τῆς
1775 1799 1949 1865 αὐλῆς
2009 1796 2138 1853 ὄντα
2191 1803 2270 1869 τῷ

2395 643 2663 699 στέλΛειν.
2715 647 2904 717 Ἐῴκει
2952 646 3052 722 γάρ
3083 648 3170 700 καὶ
3227 647 3255 700 ὁ
3301 648 3620 724 παραῤῥέων
3665 651 3727 702 τὸ
3778 650 4045 726 φρούριον

2394 734 2642 804 ποταμὸς
2673 734 2738 788 τὰ
2784 733 2970 790 πολλά
3003 732 3404 808 ξυλλαμϐάνειν
3445 738 3645 812 σφίσιν,
3680 740 3790 811 ἅμα
3825 739 3921 810 μὲν
3978 737 4048 792 δι’

2394 822 2558 875 αὐτοῦ
2617 823 3038 899 φορτηγυύντων
3093 827 3308 893 νυκτὸς,
3368 827 3479 897 ἅμα
3535 824 3592 880 δέ
3649 829 3736 880 καὶ
3796 833 3877 898 τῷ
3910 829 4049 881 κατὰ

2393 911 2582 985 χρείαν
2636 909 2932 985 ὑδρεύσεως
2965 907 3191 985 ἐμϐόλῳ
3240 915 3374 988 πρὸς
3403 915 3500 981 τήν
3529 913 3614 970 ἐπὶ
3665 917 3726 969 τὸ
3777 917 4043 992 φρούριον

2392 999 2679 1075 ἀναγωγήν
2711 1005 2817 1054 τῶν
2852 1002 3086 1078 φορτίων
3128 1003 3179 1055 ἐν
3229 1003 3462 1078 ἀσφαλεῖ
3511 1006 3871 1078 χρησομένων
3934 1012 4042 1060 τῶν

2393 1087 2478 1141 ἐπὶ
2537 1094 2616 1160 τῷ
2676 1096 2943 1163 σιταρκεῖν
2992 1092 3354 1164 τεταγμένων.
3405 1095 3586 1148 Ταῦτα
3637 1092 4041 1163 διανοηθέντες,

2387 1176 2516 1240 τοὺς
2567 1179 2871 1252 φορτηγοὺς
2929 1180 3338 1253 εὐτρεπίσαντες
3392 1181 3481 1234 καὶ
3540 1182 3696 1235 ἱκανά
3747 1184 4039 1256 νηησάμε-

2388 1288 2470 1319 vo:
2499 1271 2578 1336 τῷ
2603 1272 2835 1340 ποταμῷ
2864 1267 3204 1330 πιστεύοντες
3252 1265 3515 1342 ἔπεμπον,
3570 1270 3657 1324 καὶ
3710 1271 3838 1332 τοὺς
3893 1273 4039 1345 παρά

2387 1357 2475 1427 [Ρ.
2507 1357 2631 1428 349]
2688 1357 2749 1409 τὸ
2779 1355 2969 1431 χεῖλος
2999 1361 3094 1412 τοῦ
3124 1363 3380 1431 ποταμοῦ
3427 1358 3708 1430 αὐτάρκεις
3757 1362 3897 1434 πρὸς
3936 1362 4036 1434 μά-

2385 1464 2494 1520 χην
2548 1450 2659 1498 τῶν
2714 1444 3119 1518 ἐπιθησομένων
3171 1449 3418 1518 τάξαντες
3453 1492 3466 1504 .
3521 1452 3688 1503 Τοῦτο
3741 1452 4034 1524 γινόμενον

2387 1535 2466 1605 μὴ
2527 1531 2693 1588 λαθὸν
2753 1532 2995 1605 ἐκμαίνει
3052 1534 3178 1596 τοὺς
3233 1535 3496 1608 Ἰταλοὺς,
3553 1538 3641 1591 καὶ
3678 1536 3929 1613 ἐπισχεῖν
3966 1541 4038 1602 ὡς

2383 1621 2443 1676 ἂν
2504 1622 2610 1676 οἷοί
2667 1625 2712 1676 τ’
2770 1624 2905 1692 ἦσαν
2957 1623 3220 1699 ἐξέθορον.
3281 1626 3342 1678 Οἱ
3391 1627 3484 1693 μέν
3540 1625 3631 1679 οὗν
3662 1628 3810 1700 παρὰ
3839 1628 4038 1704 θάτερα

2378 1715 2475 1764 τοῦ
2531 1716 2782 1782 ποταμοῦ
2835 1712 3061 1782 Ἀσούνη
3096 1712 3372 1776 σταθέντες
3429 1711 3643 1786 ἕτοιμοι
3673 1716 3810 1782 ἦσαν
3842 1716 4033 1770 ἐπιόν-

2377 1819 2471 1860 τας
2530 1798 2824 1872 ἀμύνεσθαί
2856 1821 2914 1854 τε
2961 1801 3050 1855 καὶ
3107 1799 3340 1856 κωλύειν
3372 1804 3471 1871 τὴν
3517 1804 3818 1878 σιταρκίαν,
3882 1805 4036 1879 λιμῷ

595 1897 740 1952 τότε,
796 1894 1163 1963 Ἠνοπολίτην
1199 1891 1246 1947 δ’
1316 1893 1779 1962 ἐπικεκλημένον,
1830 1888 2140 1964 ἐγχειρίσας
2172 1885 2265 1941 δυ⁴
2298 1930 2345 1995 Β
2381 1887 2593 1960 μᾶλλον
2651 1891 2714 1942 τὸ
2771 1890 3029 1965 φρούριον
3086 1890 3396 1960 ἐλπίζοντες
3453 1895 3902 1966 παραστήσασθαι
3935 1915 3945 1925 °
4009 1899 4035 1950 ὁ

648 1986 656 1995 .
843 1984 855 1995 .
973 1985 984 1995 .
1161 1985 1172 1995 .
1310 1981 1336 1995 ν
1531 1982 1645 1995 ..
1855 1976 2048 1995 μιν
2190 1978 2206 1995 κ
2388 1974 2433 1995 τι,
2561 1979 2947 1995 ..η-η-
3082 1980 3094 1995 ,
3356 1987 3378 1995 _
3560 1981 3727 1995 .._
3918 1984 4004 1995 ι.

598 1986 790 2055 νάμεις
843 1984 1024 2045 ἱκανὰς
1077 1985 1215 2058 πρὸς
1244 1981 1477 2057 τοῦργον
1527 1982 1812 2052 ἐκπέμπει,
1847 1976 2115 2054 ὀρρωδίαν
2150 1978 2246 2049 μέν

597 2078 769 2126 πᾶσαν
826 2072 877 2142 ἐξ
933 2071 1106 2126 αὐτῶν
1141 2067 1445 2139 ἐκϐάλλων,
1481 2069 1674 2145 θάρρος
1714 2067 1758 2122 δ’
1809 2067 2031 2130 ἐντιθεὶς
2084 2065 2246 2120 πλεῖ-

597 2182 721 2214 στον
779 2168 896 2222 ταῖς
955 2162 1059 2215 ἀπὸ
1115 2165 1222 2214 τῶν
1270 2160 1448 2235 εὐχῶν
1502 2164 1608 2213 τῶν
1664 2160 1849 2232 ἱερέων
1911 2158 2242 2228 συνάρσεσιν.

602 2250 766 2305 Οὗτοι
826 2251 922 2322 μὲν
981 2250 1072 2304 οῦν
1119 2249 1443 2310 ἀπελθόντες
1502 2246 1772 2301 ἀπωτάτω
1822 2247 1944 2299 ὅσον
1969 2245 2034 2312 ἦν
2064 2242 2246 2317 ἐγχω-

600 2343 726 2411 ροῦν
788 2335 1360 2413 ἐστρατοπεδεύσαντο,
1391 2337 1483 2391 καὶ
1533 2331 1862 2409 προσϐαλεῖν
1921 2334 2013 2405 μέν
2060 2331 2242 2402 ἐξαπι-

595 2427 762 2488 ναίως
806 2425 981 2482 οὐκέτ’
1028 2425 1277 2500 ἐτόλμων
1310 2426 1611 2500 (ἀλογίστῳ
1656 2424 1757 2498 γὰρ
1808 2423 2078 2496 ἀντισχεῖν
2112 2421 2244 2496 θρά-

597 2536 675 2568 σει
708 2514 952 2585 ἐδόκουν,
1003 2516 1095 2570 καὶ
1154 2513 1367 2587 μᾶλλον
1423 2515 1475 2567 οἱ
1509 2512 1632 2587 περὶ
1663 2513 1752 2566 τὸν
1786 2509 1952 2583 μέγαν
1987 2508 2243 2581 δομέστι-

591 2626 705 2674 κοιν,
767 2606 812 2676 ᾦ
845 2603 911 2674 δὴ
959 2605 1049 2659 καὶ
1077 2605 1152 2678 τὸ⁵
1188 2611 1290 2658 πᾶν
1347 2604 1730 2676 ἐπετέτραπτο,
1785 2601 1862 2654 ἀεὶ
1897 2599 2242 2675 προμηθείας

594 2694 785 2769 θρόνον
815 2697 1105 2767 τιμῶντα),
1165 2699 1433 2767 σιταρκεῖν
1488 2689 1543 2744 δὲ
1574 2689 1682 2760 ἤδη
1714 2691 1865 2762 λιμῷ
1915 2687 2244 2749 λελοιπότας

593 2934 728 2975 mox
756 2917 966 2972 darent
997 2914 1283 2988 expeditis
1309 2911 1677 2978 cursoribus,
1712 2909 1812 2982 qui
1846 2910 1953 2965 hos
1984 2909 2053 2963 ad
2087 2924 2251 2964 exer—

594 3009 778 3063 citum
813 3005 1098 3077 portaturi
1133 3005 1192 3058 in
1226 3003 1529 3074 procinctu
1563 3001 1820 3055 stabant.
1855 3004 1993 3054 Erat
2049 3003 2246 3052 autem

590 3113 876 3153 numerus
934 3093 1336 3150 chartularum
1402 3091 1528 3147 oleo
1600 3092 1918 3145 tinctarum
1992 3092 2248 3160 quantus

591 3187 906 3252 sufficeret,
943 3190 1008 3239 ut
1043 3183 1364 3254 unicuique
1401 3180 1571 3236 militi
1606 3184 1808 3234 contra
1842 3172 2067 3232 hostem
2101 3178 2256 3232 ituro

591 3294 699 3331 sua
729 3275 1110 3342 tribueretur,
1159 3289 1334 3344 quam
1372 3287 1572 3325 secum
1607 3270 1664 3323 in
1722 3268 1918 3340 prazlio
1977 3272 2246 3338 gestaret.

591 3368 717 3420 llmc
749 3369 815 3420 ut
846 3365 1158 3436 imperata,
1213 3363 1297 3416 sio
1357 3359 1719 3416 exsecutioni
1769 3358 2051 3412 mandata
2107 3373 2244 3411 con-

588 3457 780 3511 festim
813 3459 972 3510 sunt.
1007 3454 1077 3508 Et
1107 3451 1263 3507 sacri
1300 3449 1562 3506 fasciculi
1623 3448 1958 3504 chartarum
2017 3450 2074 3501 in
2105 3464 2247 3502 vasa

579 3545 762 3600 vitrea
820 3543 1060 3615 injecti,
1120 3540 1300 3597 simul
1363 3539 1647 3610 religione
1703 3553 2001 3608 congrua,
2061 3536 2241 3592 simul

577 3633 881 3689 velocitate
931 3632 1086 3689 512
1110 3646 1346 3686 summa
1377 3627 1693 3683 mittuntur
1729 3626 1786 3680 in
1821 3628 2033 3680 castra.
2087 3628 2240 3679 Prae-

578 3724 819 3778 miserat
840 3722 994 3776 enim
1029 3721 1350 3790 imperator
1374 3733 1440 3772 eo
1472 3717 1668 3788 copias
1692 3719 1946 3786 quantas
1977 3715 2046 3768 ad
2077 3715 2234 3785 quod

571 3813 816 3884 optabat
845 3811 1193 3865 suffecturas
1226 3811 1478 3879 putarat,
1512 3807 1620 3860 sub
1653 3804 1902 3859 ducibus
1953 3803 2233 3858 Michaele

573 3903 818 3973 despota
853 3916 960 3956 suo
984 3914 1218 3971 genero,
1244 3912 1454 3968 magno
1478 3893 1798 3949 domestico
1820 3892 2228 3956 Tarchaniota,

573 3997 631 4044 et
681 3991 811 4062 ipso
862 3988 1283 4060 praenominato
1329 3983 1631 4054 Michaele,
1683 3999 1893 4054 magno
1937 3985 2224 4052 stratOpe-

576 4080 795 4133 darcha
819 4079 1045 4134 Joanne
1077 4077 1406 4149 Synadeno,
1441 4080 1498 4128 et
1529 4077 1736 4144 quarto
1787 4087 1921 4125 cum
1974 4070 2066 4124 his
2120 4086 2222 4124 eu-

574 4169 765 4223 nucho
799 4167 1129 4221 Andronico
1161 4171 1302 4218 tunc
1336 4163 1480 4218 aula;
1512 4167 1653 4230 tata,
1713 4161 1804 4215 cui
1866 4159 2219 4229 EonOpolitsz

566 4273 886 4328 cognomen
954 4260 1097 4310 erat.
1171 4253 1286 4308 Hos
1358 4253 1597 4306 mittens
1657 4265 1891 4303 omnem
1967 4249 2218 4317 abjicere

562 4348 832 4401 timorem
868 4344 1066 4414 iussit;
1102 4345 1159 4396 et
1200 4351 1354 4397 certa
1403 4339 1653 4395 victoriae
1709 4355 1810 4409 spe
1858 4337 1987 4406 niti,
2047 4354 2211 4408 mag-

562 4451 775 4507 nopere
822 4432 1074 4489 confisos
1138 4430 1352 4485 auxilio
1409 4430 1625 4498 divino,
1681 4428 1837 4498 quod
1871 4427 1942 4481 ab
1976 4432 2209 4481 exorato

557 4525 830 4596 precibus
861 4523 1228 4577 sacerdotum
1273 4520 1513 4574 numine
1545 4519 1699 4572 haud
1743 4517 2080 4571 dubitantes
2110 4532 2204 4570 ex-

2384 1974 2439 2030 δέ
2470 1999 2530 2051 γε
2561 1980 2692 2039 Ῥὼς
2725 1979 3004 2051 Σολυμᾶς,
3037 1980 3247 2053 σύναμα
3290 1987 3405 2043 τοῖς
3450 1983 3574 2056 περὶ
3620 1981 3820 2036 ἐκεῖνον
3869 1984 4035 2039 πλεί-

2382 2089 2529 2129 στοις
2578 2069 2665 2122 καὶ
2717 2069 2968 2144 ἰσχυροῖς
3009 2069 3147 2139 οὖσι,
3208 2069 3400 2146 διέγνω
3429 2072 3520 2126 τὸν
3556 2075 3800 2146 ποταμὸν
3835 2071 4035 2130 διαπε-

2355 2157 2743 2232 ραιωσάμενος
2791 2159 2916 2220 τοὺς
2949 2160 3094 2234 παρὰ
3121 2160 3182 2213 τὸ
3216 2160 3406 2234 χεῖλος
3438 2160 3525 2214 ἐπὶ
3559 2160 3806 2238 φυλακήν
3844 2165 4032 2227 ἰόντας

2353 2247 2832 2321 καταγωνίζεσοαι,
2917 2249 3020 2302 Καὶ
3095 2247 3161 2316 δή
3237 2254 3316 2320 τῷ
3373 2250 3603 2324 ῥεύματι
3661 2255 3778 2324 μεθ’
3837 2256 4030 2332 ὁρμῆς

2353 2333 2685 2407 ἐμϐαλόντες
2716 2335 2969 2401 πλείστης
3001 2338 3188 2391 ἱστῶσί
3220 2359 3277 2392 τε
3301 2340 3400 2407 τήν
3450 2345 3546 2394 τοῦ
3590 2338 3783 2403 ὕδατος
3817 2343 4006 2418 ῥύμην

2353 2424 2441 2478 καὶ
2476 2425 2614 2478 κατὰ
2645 2424 2842 2498 Θάτερα
2878 2427 2976 2494 τήν
3026 2427 3291 2502 ταχίστην
3343 2428 3610 2502 γίνονται,
3670 2441 4030 2507 φριμαγμοῖς

2365 2514 2453 2566 καὶ
2516 2513 2704 2584 μόνοις
2761 2518 2868 2566 τῶν
2926 2513 3059 2568 κατὰ
3118 2521 3248 2592 σφᾶς
3297 2517 3596 2591 ἀγερώχων
3629 2517 3816 2573 ’ίππων
3849 2543 4029 2576 κατα-

2355 2601 2587 2671 πλήξειν
2649 2602 2710 2655 τὸ
2770 2603 3154 2674 ἀνθιστάμενον
3214 2607 3353 2659 ἅπαν
3413 2607 3685 2679 οἰόμενοι.
3743 2610 3832 2672 Ὠς
3887 2616 4024 2686 γοῦν

2354 2695 2432 2761 τῷ
2486 2689 2670 2766 θάρῥει
2720 2689 3113 2766 προπηδῶντες
3175 2693 3390 2758 εἰκαίως
3446 2694 3533 2750 ἐπὶ
3583 2697 3710 2760 τοὺς
3769 2702 4028 2771 πεμφθὲν

2362 2913 2738 2976 conarentur,
2793 2909 3075 2964 beneﬂcio
3135 2911 3266 2965 valli
3322 2913 3393 2967 ab
3448 2930 3580 2968 arce
3637 2916 3706 2970 ad
3761 2916 4021 2976 ﬂuvium

2363 2997 2630 3067 producti
2691 2997 3022 3069 aquationis
3080 3005 3205 3055 tuto
3265 3001 3543 3057 faciendae
3601 3019 3813 3071 causa,
3876 3023 4023 3064 suos

2365 3103 2599 3157 quoque
2626 3092 2994 3150 convectores
3035 3089 3116 3142 rei
3173 3089 3430 3145 cibatriae
3483 3095 3788 3149 commode
3818 3097 3891 3149 ad
3929 3099 4022 3153 in-

2367 3177 2654 3230 offensum
2690 3178 3000 3231 transitum
3024 3179 3302 3249 tegendos
3318 3179 3710 3236 verisimiliter
3731 3189 4018 3241 autuma-

2363 3264 2522 3318 bant.
2561 3265 2675 3319 Hoc
2737 3265 2980 3320 consilio
3018 3267 3231 3336 bajulis
3276 3270 3582 3340 expeditis,
3634 3273 4021 3346 oneratisque

2361 3359 2689 3409 commeatu
2729 3356 2972 3421 ratibus,
3001 3372 3099 3410 eas
3131 3359 3388 3412 secundo
3437 3357 3768 3415 immittunt
3814 3379 4017 3434 amne,

2356 3444 2663 3514 dispositis
2697 3443 2755 3496 in
2792 3443 2918 3515 ripa
2949 3444 3157 3499 idoneo
3189 3462 3434 3501 numero
3467 3448 3754 3504 militibus
3793 3452 3865 3505 ad
3903 3452 4018 3507 im-

2352 3537 2522 3603 petus
2584 3533 2819 3586 obstare
2898 3534 3051 3589 513
3124 3535 3462 3590 conantium
3525 3539 3822 3594 arcendos.
3885 3540 4017 3597 Non

2347 3621 2517 3676 latuit
2573 3621 2773 3676 hostes
2834 3623 2975 3694 quid
3037 3629 3360 3694 pararetur.
3424 3626 3747 3698 Erumpunt
3805 3631 4014 3686 statim

2345 3711 2566 3766 furioso
2599 3716 2803 3766 contra
2857 3713 3076 3782 impetu
3138 3713 3285 3767 Itali.
3338 3714 3478 3770 Pars
3535 3715 3744 3771 horum
3798 3719 3855 3773 in
3907 3721 4014 3774 ad-

2344 3817 2510 3855 versa
2545 3800 2710 3854 ﬂuvii
2745 3806 2961 3854 Asunae
2992 3801 3261 3856 instructi
3293 3803 3423 3875 ripa
3453 3805 3706 3874 slabant,
3737 3810 4008 3878 procinc-

2341 3894 2380 3944 ti
2418 3890 2487 3944 ad
2526 3888 2893 3959 repellendos
2925 3905 3024 3944 eos
3049 3890 3150 3960 qui
3182 3889 3463 3947 alimenta
3490 3893 3750 3950 obsessis
3788 3896 4010 3954 inferre

2340 3977 2749 4033 moliebantur:
2779 3977 2887 4032 hos
2933 3979 3090 4032 enim
3143 3994 3206 4033 se
3265 3981 3418 4036 fame
3482 3983 3898 4054 compulsnros
3930 3989 4005 4042 ad

2338 4067 2693 4122 deditionem
2728 4072 3126 4138 speraverant.
3187 4070 3261 4122 At
3321 4069 3480 4125 Rhos
3535 4072 3802 4143 Solymus
3860 4092 3996 4132 cum

2341 4174 2556 4224 magna
2588 4173 2828 4212 suarum
2875 4175 3075 4225 manu,
3109 4160 3365 4214 virorum
3402 4161 3602 4232 utique
3660 4165 3902 4221 fortium
3939 4175 3994 4222 et

2337 4249 2564 4303 roboris
2588 4248 2885 4319 praecipui,
2919 4249 3327 4319 trajiciendum
3388 4252 3501 4307 sibi
3535 4253 3689 4309 ultro
3739 4255 3991 4312 ﬂuvium

2330 4340 2538 4392 statuit
2568 4337 2638 4391 ad
2672 4353 2770 4391 eos
2803 4336 3181 4392 debellandos
3213 4340 3313 4410 qui
3345 4356 3414 4395 ex
3440 4343 3684 4399 adversa
3715 4347 3842 4416 ripa
3888 4364 3989 4402 se-

2320 4427 2511 4481 eundo
2528 4441 2698 4480 amne
2731 4425 3368 4483 ﬂuentiumtransitum
3403 4431 3808 4490 defensabant.
3831 4438 3995 4508 Ergo

2317 4516 2583 4588 equitatu
2620 4516 2800 4569 denso
2833 4514 3074 4572 eluctati
3096 4522 3418 4574 torrentem
3461 4521 3745 4593 impetum
3778 4523 3990 4580 ﬂumi-

2328 4607 2440 4672 nis,
2477 4605 2807 4658 ulleriorem
2839 4621 2997 4660 oram
3053 4606 3208 4660 brevi
3267 4612 3526 4679 tenuere,
3588 4611 3740 4667 fastu
3795 4619 3987 4687 tanto,

556 4618 907 4685 spectarent.
943 4612 1035 4666 Sic
1079 4610 1163 4665 illi
1194 4609 1430 4682 profecti
1462 4609 1846 4662 admoverunt
1877 4623 1938 4659 se
1994 4605 2202 4660 castris

558 4675 876 4756 hostilibus
909 4716 1086 4771 quam
1121 4675 1386 4770 proxime
1421 4696 1695 4751 licuit.Et
1724 4697 1948 4750 irruere
1981 4695 2217 4765 quidem
2253 4675 2296 4738 D
2331 4701 2393 4749 ut
2437 4694 2560 4749 solo
2605 4695 2837 4748 fremitu
2880 4700 2937 4748 et
2986 4694 3318 4751 hinnitibus
3364 4675 3642 4755 feroc'ium
3691 4675 3984 4774 equorum

553 4792 613 4844 in
648 4791 848 4845 hostes
883 4789 1074 4860 primo
1107 4787 1305 4842 statim
1345 4787 1597 4840 adventu
1635 4788 1968 4840 noluerunt.
2013 4786 2216 4837 Incon-
2331 4785 2545 4855 quibus
2595 4783 2927 4837 insidebant
2989 4785 3361 4854 perculsuros
3419 4803 3481 4842 se
3552 4805 3984 4864 aversurosque

549 4879 716 4934 sultis
752 4880 967 4950 quippe
1001 4879 1057 4932 id
1093 4878 1214 4932 fore
1234 4875 2062 4930 temeritatisarbitrabantur:
2089 4889 2215 4943 quas
2327 4874 2527 4928 statim
2562 4873 2619 4925 in
2656 4873 2850 4943 fugam
2876 4873 3238 4930 adversarios
3265 4893 3470 4932 omnes
3495 4879 3786 4934 confidere
3826 4880 3985 4938 vide-

547 4968 668 5023 fuit
699 4967 989 5038 praecipue
1021 4963 1314 5019 sententia
1348 4963 1546 5035 magni
1589 4961 1914 5026 domestici,
1948 4960 2040 5014 cui
2073 4976 2215 5013 cura
2326 4967 2550 5017 rentur.
2613 4960 2760 5015 Cum
2813 4961 2992 5032 igitur
3041 4963 3374 5020 exsilientes
3422 4983 3453 5021 e
3504 4967 3744 5023 ﬂumine
3804 4973 3980 5041 quasi

555 5055 832 5109 universa
853 5053 1070 5127 negotii
1124 5054 1307 5108 totius
1339 5058 1396 5106 et
1445 5068 1716 5122 suprema
1774 5052 1832 5105 in
1866 5051 2209 5105 universum
2321 5051 2721 5125 perfunctorie
2751 5055 2809 5104 ct
2866 5053 3248 5123 contemptim
3301 5055 3606 5125 praenimis
3647 5059 3786 5114 certi
3844 5076 3978 5117 suc-

541 5143 863 5199 cxercitum
906 5142 1231 5198 auctoritas
1276 5141 1593 5197 co'mmissa
1642 5141 1851 5208 fuerat,
1911 5141 1991 5193 ita
2025 5145 2090 5192 ut
2140 5154 2208 5193 ex
2319 5158 2527 5196 cessus
2563 5139 2778 5194 fiducia
2806 5139 2864 5193 in
2902 5145 3133 5195 nostros
3165 5141 3243 5197 ibi
3277 5149 3498 5199 stantes
3539 5146 3976 5216 inveherentur,

539 5236 669 5300 ejus
698 5233 1062 5304 providentia
1102 5249 1168 5286 ac
1210 5231 1438 5302 judicio
1488 5235 1700 5284 cuncta
1748 5229 1827 5285 ibi
1862 5229 2202 5300 penderent.
2315 5231 2372 5285 hi
2409 5231 2625 5302 partim
2654 5229 2921 5300 prudenti
2949 5232 3222 5286 cautione
3259 5233 3521 5304 periculi,
3576 5238 3785 5307 partim
3843 5247 3977 5296 arte

547 5323 939 5377 Decreverunt
971 5328 1169 5376 autem
1204 5321 1525 5375 mittendos
1558 5337 1587 5375 e
1621 5321 1744 5375 suis
1775 5321 1874 5391 qui
1908 5335 2205 5374 commea-
2315 5321 2569 5391 quadam
2606 5319 3144 5389 stratagematis,ad
3168 5320 3483 5378 eliciendos
3514 5323 3716 5380 hostes
3760 5325 3818 5380 in
3882 5328 3971 5384 lo-

539 5418 663 5465 tum
698 5413 956 5467 obsessis
989 5413 1105 5481 iam
1142 5413 1292 5465 fame
1331 5409 1738 5465 laborantibus
1791 5411 2198 5481 importarent.
2311 5426 2444 5463 cum
2481 5407 2854 5477 iniquiorem,
2900 5407 3202 5476 paululum
3245 5415 3398 5465 retro
3441 5419 3761 5469 cesserunt.
3797 5414 3968 5472 Nacti

535 5501 618 5554 Ad
658 5501 761 5555 hoc
792 5502 1099 5556 videbatur
1132 5501 1476 5570 profuturus
1510 5499 1656 5568 ipsis
1691 5500 1924 5564 fluvius,
1977 5514 2196 5567 errem,
2309 5515 2441 5553 vero
2474 5497 2668 5552 locum
2705 5501 2930 5566 aptum,
2964 5497 3090 5551 fixis
3125 5499 3179 5550 in
3205 5515 3270 5552 eo
3301 5500 3560 5572 vestigiis
3584 5502 3967 5574 insequentes

535 5591 769 5659 utdivi,
807 5590 1162 5661 praelabens:
1208 5609 1340 5645 nam
1402 5595 1458 5643 et
1520 5590 1813 5660 impositis
1873 5589 1956 5642 illi
2018 5594 2193 5642 noctu
2307 5589 2536 5659 equites
2568 5590 2868 5640 armatura
2919 5586 3226 5656 impeditos
3283 5589 3442 5659 gravi
3487 5591 3710 5661 jacutis
3762 5601 3965 5665 petere

531 5680 786 5735 navibus
819 5680 984 5736 facile
1016 5697 1218 5736 versus
1261 5696 1452 5734 arcem
1485 5679 1805 5750 promoturi
1839 5679 2193 5737 videbantur
2305 5680 2626 5748 coeperunt.
2658 5679 2739 5726 Ac
2770 5673 2827 5726 in
2890 5674 3152 5744 ipsorum
3200 5676 3433 5746 quidem
3484 5696 3728 5751 corpora
3769 5683 3964 5754 galeis

533 5769 925 5829 necessariam
953 5786 1271 5839 annonam;
1322 5777 1377 5824 et
1426 5769 1473 5823 si
1525 5768 1724 5823 hostes
1775 5767 1830 5822 id
1886 5768 2192 5840 prohibere
2303 5783 2369 5822 ac
2418 5763 2612 5820 loricis
2663 5768 2923 5834 protecta
2979 5765 3234 5835 perferre
3289 5783 3352 5822 se
3386 5767 3540 5825 ictus
3602 5772 3958 5844 sagittarum
