4210 6448
138 442 235 493 977

1187 435 1282 485 DE
1320 430 1692 486 MlCUAELE
1730 427 2170 481 PALEOLOGO
2207 425 2342 478 LIB.
2385 425 2480 476 VI.

3422 409 3528 462 978

139 586 228 624 τας
252 564 532 636 ἐξώρμων,
566 561 616 613 οἱ
651 560 744 632 μὲν
794 559 930 631 πρὸς
982 559 1076 628 μὲν
1123 557 1223 622 τὴν
1269 555 1492 628 πρώτην
1525 545 1770 623 ὶμϐολήν
1804 551 1856 616 Α
1885 547 2021 602 κατά
2066 546 2240 620 στόμα
2269 547 2558 616 παιόμενοι
2617 539 2984 618 διεφθείροντο
3023 538 3109 610 (οὐ
3140 537 3243 612 γὰρ
3299 533 3435 604 πρὸς
3466 531 3529 586 τὸ

138 658 292 706 τοῦτο
349 654 441 721 μέν
486 648 906 726 φυλαττόμενοι,
937 650 1097 700 τοῦτο
1149 641 1204 697 δὲ
1251 642 1340 696 καὶ
1369 639 1770 714 τεχνιτεύοντες

138 742 382 801 ἐπιεικῶς
444 742 607 808 εἶξαν,
662 733 968 805 ἐπιτήδειον
1016 732 1062 787 δ’
1119 733 1364 807 εὑρόντες
1420 731 1584 783 τόπον
1641 729 1773 800 μετὰ

141 832 335 904 βάρους
394 828 580 882 ὅπλων
639 827 814 885 ίόντας
889 821 1233 878 κατοῗστευον
1268 866 1280 878 ,
1343 819 1612 873 Κάκείνων
1675 819 1768 889 μὲν

136 917 401 994 ἐφικέσθαι
431 922 538 971 τῶν
584 914 857 970 ἀδυνάτων
890 914 1084 985 ᾤοντο,
1118 911 1344 985 ἐπείρων
1379 907 1435 962 δὲ
1470 908 1770 982 βάλλοντες

135 1006 501 1070 τοῦςῖππους,
535 1004 586 1060 εἷ’
612 1026 725 1065 πως
775 1003 1302 1076 κατευστοχήσαντες
1349 997 1476 1059 τοὺς
1526 997 1612 1050 ἐπὶ
1661 1001 1768 1050 τῶν

131 1097 312 1150 ’ίππων
388 1096 756 1170 γαννυμένους
822 1090 1016 1159 πεζοὺς
1081 1086 1434 1159 ἀποδείξαιεν.
1490 1087 1765 1158 Ἑτρώθη-

138 1209 227 1240 σαν
250 1190 380 1260 γοῦν
413 1185 497 1239 καὶ
553 1181 716 1237 ἄλλοι
773 1186 882 1236 τῶν
925 1178 1136 1246 Ἵππων,
1185 1175 1537 1250 τιτρώσκεται
1595 1171 1652 1228 δὲ
1680 1172 1770 1226 καὶ

137 1280 165 1344 ἡ
215 1280 311 1330 τοῦ
369 1275 501 1335 Ῥὼς
558 1271 808 1342 Σολυμᾶ,
866 1269 1012 1337 πλὴν
1074 1269 1138 1323 οὐ
1196 1266 1422 1339 καιρίως
1481 1264 1619 1318 ὥστε
1679 1263 1769 1316 καὶ

136 1362 451 1436 ἐξαπιναίως
496 1365 838 1416 καταπεσεῖν.
887 1362 1079 1430 ’Ὁμως
1111 1357 1194 1429 (τὸ
1226 1356 1328 1431 γὰρ
1366 1353 1524 1429 βέλος
1551 1350 1769 1436 ἤπειγε)

136 1454 218 1508 καὶ
267 1457 365 1507 106
413 1450 628 1506 πολλοῦ
677 1451 906 1524 θράσους
956 1451 1208 1509 καθυεῖτο
1247 1445 1338 1498 καὶ
1384 1444 1474 1497 τὸν
1505 1435 1766 1507 ἐπιϐάτην

134 1543 349 1602 εἰκαίως
382 1538 588 1617 ἔφερεν,
620 1539 756 1592 ὥστε
784 1537 873 1592 καὶ
906 1533 1234 1608 σιτοδοχείῳ
1274 1533 1409 1586 κατὰ
1451 1537 1553 1604 γῆς
1599 1548 1766 1602 προσ·-

131 1640 314 1687 παῐσαι
375 1630 661 1702 ἇνεῳγότι,
722 1622 1156 1698 συμποδισθῆναί
1192 1644 1249 1676 τε
1278 1621 1368 1675 καί
1426 1621 1515 1672 τὸν
1576 1612 1770 1672 ἐπιϐά-

128 1743 219 1789 την
274 1713 620 1774 καταϐαλεῖν.
655 1717 718 1768 Οἱ
777 1713 832 1768 δέ
866 1715 940 1784 μή
975 1709 1272 1782 δυνάμενον
1328 1709 1617 1777 κινηθῆναι
1672 1703 1763 1758 τὸν

131 1805 358 1882 σοϐαρὸν
415 1804 758 1880 περιστάντες
824 1800 1008 1876 χερσῖν
1069 1799 1393 1853 ἁλίσκουσι.
1456 1794 1762 1864 φημίζεται

129 1901 248 1969 γοῦν
281 1895 528 1969 παραυτά
561 1891 704 1954 ἔνθεν
763 1892 857 1962 μέν
911 1894 1028 1949 τοῖς
1087 1891 1182 1940 τοῦ
1245 1883 1529 1960 βασιλέως,
1563 1881 1761 1943 ἐκεῖθεν

133 1984 183 2040 δέ
204 1991 321 2047 τοῖς
376 1985 511 2038 κατὰ
567 1982 628 2036 τὸ
681 1981 938 2056 φρούριον
971 1976 1238 2046 ἠέκείνου
1297 1974 1517 2032 ἅλωσις.
1582 1970 1680 2028 Καὶ
1715 1971 1765 2024 οἱ

133 2076 221 2146 μὲν
254 2075 305 2128 ἐν
366 2073 550 2147 χερσὶν
607 2072 753 2146 εἶχον
804 2069 896 2123 τὸν
954 2065 1089 2128 τέως
1143 2067 1280 2139 μέγα
1313 2059 1764 2136 σοϐαρευὸμενον,

132 2165 176 2217 0".
209 2161 262 2218 ὃὶ
299 2168 399 2218 106
457 2159 720 2238 φρουρίου
774 2159 864 2214 καὶ
918 2158 1024 2231 πρὸ
1081 2162 1177 2211 τοῦ
1229 2155 1355 2216 τοὺς
1408 2153 1766 2229 ἀγγελοῦντας

132 2253 508 2328 παραγενέσθαι
590 2246 914 2328 έφηδόμενοι
983 2251 1100 2308 τοῖς
1174 2245 1325 2306 ἐκτὸς
1396 2245 1496 2311 τήν
1558 2242 1762 2296 ἅὶωσιν

130 2343 420 2420 ἤγγελλον.
451 2346 605 2416 ’Ἅμα
633 2347 760 2417 γοῦν
788 2338 863 2413 ἕῳ
920 2341 970 2394 οἱ
1021 2339 1255 2394 ἐντεῦθεν
1314 2333 1763 2405 συνησκπικότες,

131 2439 444 2511 κρατοῦντες
469 2430 691 2493 έκαστος
726 2432 814 2485 καὶ
864 2431 956 2485 τὸν
1001 2430 1142 2484 θεῖον
1175 2426 1226 2496 ἐξ
1257 2425 1442 2480 ἐλαίου
1491 2423 1761 2500 πάπυρον,

130 2523 508 2600 περαιωθέντες
590 2521 680 2577 τὸν
765 2519 1015 2592 ποταμὸν
1095 2513 1512 2592 τεταραγμένοις
1595 2511 1762 2586 ἐμπί-

128 2635 310 2670 πτουσι
359 2612 450 2668 καὶ
495 2613 607 2686 ἅμα
650 2611 786 2684 πρὸς
839 2609 1012 2686 φυγήν
1057 2604 1365 2681 τρέπονται.
1421 2604 1488 2662 Οἱ
1524 2603 1618 2678 μὶν
1668 2601 1760 2658 οὖν

133 2853 293 2910 posse
325 2837 729 2908 desperantes,
762 2832 823 2888 in
848 2846 1030 2903 equos
1079 2826 1480 2895 collimabant,
1533 2831 1761 2899 partem

128 2944 183 2983 se
216 2928 440 2983 ferociae
473 2925 820 2996 dempturos
853 2920 1106 2992 superbe
1137 2935 1197 2974 se
1245 2933 1313 2972 ex
1345 2918 1511 2987 equis
1569 2919 1763 2972 osten-

129 3017 388 3072 tantibus
417 3015 548 3080 rati,
581 3013 630 3069 si
665 3012 887 3084 pedites
930 3027 998 3066 ex
1044 3007 1342 3080 equitibus
1394 3007 1651 3062 facerent
1705 3008 1763 3060 et

127 3107 202 3162 sic
230 3123 330 3162 eos
362 3103 666 3177 perculsos
717 3117 882 3168 casu,
927 3097 1077 3154 mole
1125 3111 1424 3152 armorum
1467 3098 1760 3165 gravatos,

129 3196 348 3250 facilius
381 3191 664 3249 obnoxios
696 3190 998 3245 haberent.
1033 3187 1220 3259 Igitur
1238 3201 1382 3241 cum.
1405 3183 1503 3240 alii
1553 3181 1757 3239 vulne-

127 3285 224 3338 rati
257 3282 398 3354 equi
431 3285 590 3347 sunt,
647 3283 773 3334 tum
821 3293 970 3346 equa
1023 3289 1304 3347 generosa
1354 3277 1412 3328 et
1458 3272 1756 3342 prererox,

126 3389 231 3443 qua
263 3372 426 3427 Rhos
456 3369 726 3441 Solymas
755 3367 1048 3422 insultans
1081 3363 1391 3434 minaxque
1423 3362 1576 3418 814
1623 3362 1761 3418 fere-

126 3463 309 3530 batur,
344 3475 629 3532 percussa
654 3455 769 3512 telo
800 3459 904 3522 est;
941 3470 1058 3510 non
1080 3451 1280 3508 lethali
1331 3449 1569 3523 quidem
1613 3449 1762 3518 ictu,

123 3566 224 3619 quo
254 3551 485 3616 statim,
516 3545 1094 3602 concideret:tamen
1135 3556 1313 3597 sensu
1330 3539 1761 3611 qualiscunque

121 3639 253 3695 satis
283 3639 400 3694 alte
427 3634 790 3710 penetrantia
818 3632 1079 3688 vuineris
1109 3629 1348 3685 turbata
1376 3644 1492 3684 non
1525 3643 1759 3699 parum,

127 3727 370 3782 multum
405 3727 478 3781 de
511 3723 691 3796 priori
745 3722 973 3778 remisit
1025 3719 1291 3784 audacia,
1347 3732 1758 3788 sessoremque

118 3815 232 3886 jam
266 3816 514 3888 segnius
544 3817 602 3868 et
632 3813 956 3868 titubanter
993 3809 1343 3874 sustinebat,
1402 3807 1594 3878 quoad
1650 3806 1757 3863 im-

119 3908 355 3979 pingens
387 3907 542 3962 forte
563 3904 622 3958 in
649 3907 985 3960 excavatam
1020 3900 1138 3954 illic
1169 3899 1393 3954 foveam
1438 3898 1754 3964 frumento,

121 3998 280 4063 utfit,
307 3993 645 4063 condendo,
669 3991 1034 4064 implicatam
1067 4006 1206 4045 cavo
1228 3988 1430 4060 pedem
1485 3987 1757 4058 expedire

117 4105 216 4142 non
253 4087 458 4142 valens
491 4081 767 4146 concidit,
801 4079 1059 4151 equitem
1092 4076 1545 4149 superciliosum
1588 4075 1754 4147 prius

114 4175 265 4231 illum
298 4177 618 4244 ferumque
649 4170 967 4240 dejiciens;
993 4185 1164 4240 quem
1196 4170 1268 4223 ob
1300 4169 1530 4239 pondus
1560 4183 1756 4223 armo-

114 4283 230 4322 rum
261 4262 637 4321 immobilem
671 4262 983 4317 haerentem
1013 4258 1200 4315 nostri
1233 4257 1491 4326 undique
1548 4273 1754 4312 accur-

118 4361 294 4411 rentes
318 4353 816 4426 comprehensum
842 4346 1474 4418 adducunt.Divulgata
1497 4362 1755 4402 momen-

113 4449 162 4500 to
213 4453 301 4502 est
357 4443 510 4501 totis
564 4439 937 4514 imperatoris
984 4440 1194 4495 castris
1241 4442 1298 4494 et
1345 4439 1503 4494 intra
1561 4437 1752 4507 ipsam

116 4537 401 4592 obsessam
438 4549 638 4590 arcem
669 4532 838 4587 ducis
869 4529 1128 4586 hostium
1162 4526 1626 4598 comprehensio.
1689 4532 1757 4583 Et

114 4625 163 4680 in
192 4626 402 4682 castris
436 4623 682 4696 quidem
710 4625 867 4676 certa
897 4620 1039 4675 ﬁdes
1071 4624 1195 4675 erat
1227 4617 1552 4686 oculorum,
1609 4635 1754 4689 pras-

1882 637 2178 710 ἆντισχεῖν,
2213 635 2355 690 ἀλκὰ
2383 635 2518 708 πρὸς
2576 633 2636 686 τὸ
2685 632 2869 701 μαθεῖν
2925 628 3087 699 μόνον
3138 626 3190 681 τί
3218 625 3279 679 τὸ
3309 621 3529 697 γινόμε-

1880 751 1970 782 νον
2029 728 2319 802 ἐτρέποντο
2378 726 2513 779 κατὰ
2566 722 2905 796 πρόσωπον),
2945 720 2995 772 οἱ
3029 717 3086 772 δὲ
3143 717 3277 771 κατὰ
3337 716 3527 767 πώτου

1881 817 2255 890 πληττόμενοι
2323 813 2702 870 διωλῖσοαινόν
2760 831 2817 864 τε
2869 815 2974 862 τῶν
3032 810 3218 861 ἳππων
3277 805 3364 859 καὶ
3435 804 3526 855 πί-

1880 929 2102 969 πτοντες
2145 907 2426 977 ἔθνησκον,
2485 903 2595 958 ἔστι
2658 901 2702 957 δ’
2758 901 2818 955 οὗ
2850 900 2937 954 καὶ
3001 904 3190 967 ζῶντες
3249 894 3523 964 συνελαμ-

1881 993 2126 1052 ϐάνοντο.
2163 993 2380 1063 Σπουδὴ
2412 996 2512 1067 γὰρ
2543 994 2609 1060 ἦν
2657 997 2770 1052 τοῖς
2823 991 2916 1062 μὶν
2956 988 3044 1042 τὸν
3095 987 3340 1056 ποταμὸν
3373 984 3524 1039 Βοώ-

1880 1109 1977 1156 σην
2043 1088 2238 1163 φθάσαι
2305 1085 2394 1138 καὶ
2461 1085 2809 1154 περαιωθεῖσι
2869 1077 3228 1145 σωθήσεσθαι,
3287 1078 3403 1131 τοῖς
3468 1068 3524 1122 δὲ

1877 1179 1974 1229 106
2120 1176 2246 1243 350]
2301 1171 2567 1246 βασιλέως
2616 1169 2712 1228 τὰς
2771 1165 2858 1221 ἐπὶ
2911 1165 3004 1219 τὸν
3060 1161 3310 1233 ποταμὸν
3348 1158 3522 1213 αὐτῶν

1880 1265 2053 1335 ὁρμὰς
2088 1261 2377 1316 διακλείειν
2410 1259 2800 1333 προφθάνουσι.
2833 1254 2943 1311 Μὶν
2992 1251 3097 1306 δέει
3147 1255 3246 1305 106
3283 1249 3357 1320 μὴ
3412 1268 3526 1300 κω-

1880 1352 2110 1419 λυθῆναι
2179 1349 2557 1414 παντάπασιν,
2618 1345 2804 1404 αὑταῖς
2861 1346 3042 1402 σκευῖς
3115 1339 3206 1393 καὶ
3284 1335 3524 1411 γυναιξὶν

1878 1439 2269 1511 ἐνειλούμενοι,
2320 1437 2408 1491 καὶ
2451 1438 2478 1490 ὁ
2509 1435 2674 1489 ἐπιὼν
2728 1433 2820 1486 τὸν
2877 1429 3140 1503 προϊόντα
3197 1425 3518 1480 καταπατῶν

1876 1549 1934 1582 τε
1975 1529 2065 1582 καὶ
2117 1523 2497 1590 κατασποδῶν,
2533 1522 2686 1577 αὐτοὶ
2734 1521 2859 1595 παρ’
2911 1520 3115 1574 ὶαυτῶν
3172 1516 3238 1570 τὰ
3289 1513 3521 1568 πλεῖστα

1877 1616 2237 1692 ἐσφάλλοντο,
2287 1613 2532 1674 πολλοὺς
2582 1610 2639 1666 δέ
2690 1611 2777 1664 καὶ
2838 1608 3198 1678 ὑπετέμνοντο
3246 1603 3296 1656 οἱ
3336 1603 3521 1660 ἱππεῖς

1877 1706 2001 1780 πρὶν
2036 1707 2230 1781 φθάσαι
2278 1705 2368 1758 τὸν
2421 1702 2692 1773 ποταμὸν,
2723 1697 2813 1752 καὶ
2845 1694 3002 1772 ἔργον
3064 1694 3304 1761 εὖζώνου
3357 1694 3523 1756 πεζοῦ

1875 1777 2068 1859 ἱππεὺς
2127 1794 2337 1868 ἐγένετο
2399 1788 2651 1865 σοϐαρὸς,
2712 1790 2787 1852 ὡς
2845 1786 3158 1847 ἀλισκεσθαι
3214 1783 3308 1853 μὶν
3359 1777 3525 1833 πλεί-

1876 1907 2053 1954 στους,
2271 1881 2316 1937 δ’
2375 1881 2683 1940 ἑαλωκότας
2741 1878 3036 1949 ἀπάγεσθαι
3087 1872 3220 1945 πρὸς
3250 1870 3312 1924 τὸ
3351 1867 3520 1944 φρού-

1879 1995 2014 2049 ριον,
2046 1974 2133 2028 καὶ
2165 1972 2331 2027 πάλιν
2375 1970 2578 2030 ἄλλους
2627 1969 2715 2023 καὶ
2761 1966 2842 2021 ἐπ’
2884 1965 3104 2024 ἐκείνοις
3154 1960 3379 2024 ἄλλους,
3430 1955 3520 2009 καὶ

1878 2063 2050 2124 οὕτως
2090 2063 2279 2139 ἐφεξῆς
2333 2061 2458 2122 τοὺς
2489 2060 2574 2113 υὶν
2604 2058 2940 2135 φονεύεσθαι,
2998 2053 3129 2115 τοὺς
3183 2044 3518 2120 ὀνομαστοὺς

1877 2152 1934 2208 δὶ
1991 2147 2514 2224 συλλαμϐάνεσθαι,
2579 2149 2775 2221 μέχρις
2851 2145 2912 2198 οὗ
2982 2142 3070 2197 καὶ
3117 2141 3207 2195 τὸν
3268 2137 3513 2206 ποταμὸν

1875 2244 2103 2311 Βοώσην
2145 2241 2437 2317 φθάσαντες
2495 2238 2546 2291 οἱ
2603 2237 2697 2308 μέν
2755 2235 2933 2290 ὶκοντὶ
2973 2229 3195 2290 ἑαυτοὺς
3228 2225 3514 2303 ἐρρίπτουν

1873 2332 2011 2386 κατὰ
2059 2335 2156 2386 1o6
2215 2328 2502 2404 ῥεύματος,
2555 2327 2616 2380 τὸ
2674 2317 3078 2395 ἐξαπολωλέναι
3137 2318 3515 2391 προτιμῶντες

1870 2424 1968 2475 106
2012 2421 2123 2491 μετ’
2183 2403 2453 2495 αἰσχύνης
2508 2421 2688 2473 πεσεῖν
2748 2413 2823 2475 εἷς
2879 2415 3070 2486 χεῖρας
3125 2404 3431 2477 Ῥωμαίων,
3466 2403 3518 2455 οἱ

1874 2511 1930 2568 δὲ
1980 2512 2072 2588 βίᾳ
2123 2512 2215 2567 τὸν
2266 2491 2512 2583 ποταμὸν
2572 2503 2943 2564 διεκπαίοντες
2974 2491 3034 2554 ἔκ
3057 2496 3281 2552 πολλῶν
3335 2491 3517 2588 ὀλίγοι

1870 2603 2008 2678 πρὸς
2035 2603 2096 2657 τὸ
2131 2606 2238 2656 τῶν
2290 2599 2526 2655 Κανίνων
2586 2594 2845 2674 φρούριον
2905 2589 3228 2657 διεσώζοντο
3287 2583 3519 2658 φεύγον⁴

1878 2841 2188 2899 resistendi
2242 2839 2459 2905 animo,
2515 2835 2710 2893 subito
2788 2829 3044 2902 dejectis.
3134 2820 3506 2894 Fugientium

1872 2935 2067 2989 autem
2117 2931 2243 3002 jam
2304 2928 2522 3001 pariter
2579 2923 2847 2981 omnium
2909 2923 3073 2988 terga
3129 2913 3509 2982 insequentes

1871 3022 2056 3078 nostri
2087 2999 2276 3076 valide
2306 2999 2582 3073 incussis
2615 3010 2947 3068 missilibus
2972 3004 3288 3062 caedebant.
3351 2999 3516 3053 Unde

1871 3109 2388 3182 prosternebantur
2418 3105 2669 3177 equites,
2721 3100 2961 3155 vulnere
3005 3098 3120 3182 aut;
3161 3086 3512 3147 olfendiculo

1869 3179 2037 3270 equis
2069 3195 2439 3269 lapsantibus
2459 3190 2694 3249 evoluti.
2728 3193 2947 3243 Horum
2981 3179 3244 3252 plerique
3274 3188 3511 3270 occum-

1871 3264 2085 3345 hebant
2109 3264 2267 3342 {vivi
2311 3281 2577 3340 nonnulli
2635 3276 3036 3351 capiebantur,
3087 3264 3394 3325 interclusi
3443 3279 3510 3317 eo

1871 3379 2028 3450 quod
2072 3391 2304 3433 summo
2333 3371 2551 3428 'studio
2603 3367 2937 3440 captabant.
2999 3361 3062 3417 Id
3122 3361 3340 3450 autem.
3385 3355 3511 3450 erat

1871 3441 2167 3540 pervenire
2193 3465 2513 3521 adBoosem
2547 3459 2789 3515 ﬂuvium
2809 3458 2866 3510 et
2890 3469 2956 3508 eo
2988 3447 3239 3504 transito
3256 3441 3508 3540 salutem

1867 3533 1928 3613 in
1959 3561 2084 3612 tuto
2116 3569 2350 3627 ponere.
2382 3553 2452 3607 At
2486 3543 2846 3621 imperatorii
2877 3540 3030 3600 515
3054 3551 3293 3594 cursum
3323 3533 3508 3587 istum

1869 3650 2166 3705 retardare
2195 3650 2323 3702 tum
2367 3660 2402 3700 a
2442 3647 2605 3712 tergo
2657 3634 3022 3698 lacessendo,
3066 3633 3194 3685 tum
3254 3638 3506 3696 praecur-

1866 3739 2047 3794 rendo
2078 3737 2352 3806 viamque
2381 3727 2758 3794 obstruendo,
2786 3723 2942 3779 varie
2977 3717 3302 3776 certabant.
3354 3712 3509 3806 Inter

1865 3843 1993 3899 que
2025 3825 2151 3882 Itali
2175 3799 2425 3890 confusi,
2457 3837 2568 3890 qua
2600 3821 2757 3873 metu
2807 3828 2878 3868 ne
2936 3806 3399 3899 prohiberentur
3446 3799 3504 3854 in

1867 3889 2057 3972 tutum
2117 3889 2415 3979 evadere,
2467 3889 2584 3982 qua
2639 3903 2914 3961 mistione
2991 3889 3505 3953 inordinatissima

1865 4006 2232 4062 sarcinarum
2250 4007 2305 4059 et
2329 3980 2639 4057 mulierum
2663 4011 2809 4067 quas
2833 4007 2950 4047 una
2968 4001 3168 4044 secum
3192 3980 3507 4038 trahebant

1864 4096 2200 4168 quibusque
2226 4091 2491 4163 impliciti
2524 4084 3031 4168 conflictabantur,
3052 4072 3371 4168 trudebant
3401 4069 3504 4123 de-

1861 4153 2260 4250 jiciebantque
2292 4153 2419 4229 sese
2451 4175 2679 4232 mutuo,
2729 4169 2947 4220 temere
3003 4157 3254 4214 invicem
3306 4153 3504 4206 incur-

1866 4277 2057 4323 rentes
2090 4282 2155 4321 ac
2187 4261 2620 4327 conculcantes,
2650 4256 2733 4311 ita
2757 4258 2824 4309 ut
2851 4265 3052 4308 eorum
3077 4243 3507 4301 multicurren-

1862 4359 2011 4414 tium
2043 4359 2112 4412 ad
2145 4355 2363 4411 ﬂumen
2417 4363 2704 4422 equorum
2758 4340 2995 4414 ungulis
3023 4336 3460 4394 contererentur
3495 4347 3508 4395 ;

1865 4451 1922 4503 et
1953 4445 2152 4501 afﬂicti
2187 4445 2354 4515 lapsu
2387 4421 2637 4512 superbe
2669 4424 3286 4504 cataphracti,equites
3310 4421 3508 4515 prreda

1866 4536 2054 4591 facilis
2085 4507 2543 4604 erant-peditum
2571 4516 3233 4596 expeditorum.Horum
3268 4507 3508 4604 plurimi

1866 4624 2043 4682 simul
2078 4597 2479 4695 capiebantur,
2522 4613 2699 4672 simul
2757 4611 2828 4668 ad
2886 4622 3078 4665 arcem
3137 4597 3508 4659 custodiendi

117 4720 344 4782 sentem,
381 4691 519 4786 quas
555 4711 832 4767 manibus
863 4713 1178 4773 teneretur,
1213 4708 1469 4779 predum
1521 4724 1754 4764 cernen-
1782 4695 1830 4760 Π
1861 4691 2268 4781 trahebantur,
2292 4706 2678 4765 redeuntibus
2711 4718 2842 4757 mox
2876 4697 2978 4771 qui
3009 4694 3393 4755 deduxerant,
3452 4691 3510 4743 et

118 4803 246 4859 tium
288 4820 354 4859 ac
407 4801 642 4858 scilicet
698 4798 1076 4853 illudentium
1136 4796 1196 4851 in
1263 4813 1391 4852 eam
1452 4798 1752 4858 servitutis

117 4892 504 4948 humilitatem
536 4891 662 4960 jam
686 4889 919 4943 redacto
949 4891 1070 4941 tam
1131 4887 1358 4941 tumide
1407 4887 1579 4957 paulo
1622 4895 1755 4945 ante

121 4980 422 5051 gloriatori.
483 4977 726 5035 Obsessi
765 4992 900 5031 vero
947 4977 1121 5031 etiam
1161 4979 1476 5046 antequam
1508 4978 1578 5032 ad
1656 4995 1756 5035 eos

120 5073 515 5141 pervenissent
545 5067 650 5140 qui
682 5067 789 5122 hoc
809 5065 1133 5120 nuntiaturi
1158 5065 1323 5120 missi
1353 5070 1538 5136 erant,
1561 5067 1754 5122 nescio

124 5165 396 5234 quomodo
430 5175 615 5218 casus
645 5158 775 5228 eius
807 5157 940 5213 facti
972 5156 1266 5222 certiores,
1318 5157 1488 5228 signa
1542 5155 1754 5212 laetitiae

121 5253 433 5319 ediderunt,
470 5268 546 5308 ex
585 5249 802 5320 quibus
866 5245 1050 5302 nostri
1108 5244 1309 5315 procul
1362 5243 1756 5316 intelligerent

116 5344 221 5414 jam
246 5345 392 5403 scire
423 5344 598 5416 ipsos
627 5339 770 5411 quid
799 5337 1318 5410 contigissetErgo
1346 5336 1457 5391 sub
1480 5353 1755 5394 auroram

126 5438 287 5492 nostri
313 5450 526 5492 omnes
563 5429 748 5486 armis
771 5429 1049 5501 sumptis,
1083 5434 1463 5499 correptaque
1512 5428 1760 5500 quisque

128 5528 174 5583 in
221 5545 458 5585 manum
505 5524 696 5579 tincta
759 5520 884 5576 oleo
960 5537 1124 5576 sacro
1185 5520 1473 5588 chartula,
1519 5521 1760 5592 trajecto

128 5635 276 5675 amne
317 5621 372 5674 in
401 5616 684 5673 turbatos
716 5611 878 5667 clade
930 5611 1098 5666 ducis
1152 5610 1353 5666 hostes
1412 5614 1616 5665 ruunt.
1688 5608 1756 5664 Hi

128 5711 302 5765 statim
355 5710 701 5765 funduntur
748 5705 1168 5774 fuganturque,
1227 5702 1431 5774 paucis
1515 5701 1614 5773 qui
1692 5718 1758 5755 os

128 5802 470 5857 obverterent
523 5793 832 5868 spectandi
893 5793 1088 5866 potius
1156 5794 1494 5849 curiositate
1578 5806 1756 5864 quam

1865 4804 1996 4861 aliis
2027 4801 2172 4859 alios
2203 4779 2467 4869 aliosque
2497 4793 2788 4856 similiter,
2821 4787 3019 4845 statim
3059 4783 3157 4838 ubi
3208 4779 3508 4869 corripue-

1866 4897 2015 4960 rant,
2041 4894 2253 4947 intuta
2283 4867 2551 4946 custodia
2576 4880 2928 4946 locantibus,
2962 4891 3027 4930 eo
3061 4874 3117 4928 in
3152 4871 3244 4925 his
3303 4867 3508 4922 discri-

1868 4987 2025 5042 mine
2056 4985 2306 5045 servato,
2339 4982 2405 5033 ut
2432 4975 2640 5047 vulgus
2671 4971 2902 5043 quidem
2937 4971 2995 5022 et.
3025 4960 3272 5035 gregarii
3335 4974 3506 5012 nera-

1869 5080 2091 5138 rentur,
2123 5068 2551 5143 insignioribus
2575 5068 2633 5119 et
2661 5056 2958 5133 primariis
3007 5049 3334 5110 reservatis.
3399 5048 3509 5102 Per

1870 5166 2028 5220 hunc
2058 5136 2381 5218 tumultum
2412 5155 2512 5228 qui
2543 5153 2770 5208 tandem
2807 5165 2838 5203 e
2894 5143 3118 5201 Latinis
3176 5141 3247 5197 ad
3306 5136 3508 5192 Boosis

1872 5255 2029 5325 ripas
2062 5249 2360 5324 pervenire
2397 5245 2733 5317 potuerunt,
2754 5255 2817 5294 se
2854 5235 3113 5291 volentes
3172 5231 3230 5284 in
3291 5229 3507 5282 ﬂumen

1870 5313 2334 5414 praecipitabant,
2368 5313 2616 5390 mortem
2660 5328 3049 5399 praeoptantes
3108 5313 3510 5391 ignominiosa:

1871 5407 1981 5486 sub
2005 5407 2285 5485 Romanis
2313 5419 2844 5494 captivitati.Fuere
2875 5419 3067 5468 tamen
3100 5407 3312 5479 quibus
3342 5420 3514 5459 cona-

1868 5525 1966 5576 tus
1996 5492 2402 5575 transnatandi
2435 5503 2864 5566 succederet.Hi
2899 5497 3172 5573 perpauci
3196 5513 3226 5550 e
3246 5492 3514 5565 plurimis

1867 5607 1927 5666 in
1959 5608 2313 5665 Caninarum
2337 5601 2571 5658 tandem
2605 5611 2796 5653 arcem
2827 5596 3020 5647 tutum
3052 5605 3122 5644 ex
3150 5587 3337 5644 effusa
3375 5585 3514 5655 fuga

1869 5704 2168 5770 receptum
2199 5695 2551 5756 habuerunt,
2574 5685 2738 5754 nudi,
2762 5685 3038 5749 inermes,
3059 5683 3160 5755 qui
3191 5682 3366 5755 paulo
3380 5686 3514 5739 ante

1870 5788 2121 5846 fastuosi
2153 5803 2218 5842 ac
2252 5784 2512 5840 minaces
2539 5781 2818 5837 universu
