4210 6448
643 397 752 455 979

1950 398 2250 452 GEORGII
2290 403 2750 457 PACHYMERE

3957 403 4068 456 980

644 544 754 587 τες,
785 523 982 597 γυμνοί
1023 542 1080 576 τε
1134 522 1224 577 καὶ
1285 520 1485 576 ἄοπλοι
1543 521 1630 574 καὶ
1661 519 1816 588 πεζοὶ
1854 520 1905 573 οἱ
1954 519 2060 592 πρό
2106 525 2302 592 μικροῦ
2333 527 2384 591 Α
2416 521 2714 597 στοιχηδὸν
2750 522 3142 594 διεληλακότας
3197 528 3558 596 κατανοήσας·
3610 527 3837 598 σώματα
3867 527 4078 598 στυγνᾶ

658 611 943 672 σοϐοῦντες
975 613 1063 666 καὶ
1105 613 1178 673 ὡς
1231 613 1445 666 νοσσιὰν
1503 612 1601 678 τὴν
1652 608 1933 682 Ῥωμαῗδα
1980 607 2304 665 καταλαϐεῖν

656 705 773 756 κατ’
803 700 1072 773 ἐλπισμὸν
1106 699 1326 775 ἔχοντες
1339 746 1349 756 .

887 807 995 882 λγ’.
1032 803 1310 882 Θρίαμϐος
1343 806 1816 882 τῷν-ἑαλωκότων
1846 808 1981 860 κατά
2003 807 2068 860 τὰ

1295 877 1674 952 Βελλάγραδα.

720 971 806 1041 [Ρ.
853 967 980 1039 351]
1033 967 1223 1036 Ἄξιον
1278 964 1335 1021 δὲ
1383 964 1524 1039 μηδὲ
1572 967 1773 1021 ἐκεῖνον
1799 966 1889 1020 τὸν
1924 959 2187 1038 θρίαμϐον
2219 964 2311 1018 τὸν

660 1058 710 1111 ἐν
764 1061 833 1129 τῇ
899 1054 1059 1110 πόλει
1126 1056 1388 1130 γεγονότα
1454 1053 1827 1130 παραδραμεῖν
1867 1098 1878 1109 .
1931 1051 2151 1121 Ἐπειδὴ
2206 1053 2308 1128 γὰρ

650 1147 786 1200 κατά
842 1145 1040 1219 κράτος
1101 1143 1292 1198 ἐνίκων
1355 1145 1406 1198 οἱ
1473 1142 1778 1218 βασιλέως,
1839 1141 2052 1214 μᾶλλον
2109 1139 2165 1195 δὲ
2219 1141 2309 1195 καὶ

651 1234 861 1288 ἀκονιτὶ
891 1234 959 1287 τὰ
988 1235 1272 1304 θαυμαστά
1315 1233 1451 1286 κατὰ
1505 1237 1613 1286 τῶν
1673 1231 1946 1299 ἀλαζόνων
1974 1231 2311 1304 κατώρθουν,

651 1323 778 1383 τοὺς
813 1322 905 1394 μὶν
956 1322 1217 1382 πεσόντας
1282 1320 1592 1387 ἐσκυλευον,
1662 1319 1902 1375 πλοῦτον
1959 1318 2310 1393 συλλέγοντες

655 1410 841 1465 ὅπλων
874 1432 930 1465 τε
960 1410 1050 1464 καὶ
1080 1407 1390 1481 ἐνδυμάτων
1429 1409 1517 1462 καί
1541 1410 1726 1462 ἳππων
1777 1408 1866 1461 καὶ
1921 1411 2122 1461 σκευῶν
2170 1428 2307 1460 παν-

654 1499 818 1554 τοῖων
880 1499 1286 1570 ἐξησκημένων,
1318 1498 1445 1556 τοὺς
1508 1495 1563 1551 δὲ
1601 1499 1682 1571 ’γε
1749 1501 1950 1564 ζῶντας
2003 1493 2197 1556 αὐτοὺς
2252 1515 2310 1548 τε

656 1589 745 1643 καὶ
791 1590 998 1649 ἳππους
1062 1588 1236 1642 αὐτῶν
1286 1588 1849 1661 ἐπισυναθροίσαντες,
1897 1586 1984 1639 καὶ
2035 1584 2160 1646 τοὺς
2216 1585 2307 1656 μὲν

660 1676 845 1738 πέδαις
905 1677 1162 1751 ἀφύκτοις
1225 1674 1615 1748 δεσμήσαντες,
1670 1674 1797 1736 τοὺς
1855 1672 1903 1728 δ’
1969 1674 2174 1734 ἀνέντες
2233 1672 2310 1733 εἰς

659 1767 966 1842 ὐποξύγια,
1030 1769 1179 1841 σφίσι
1236 1769 1333 1834 τὴν
1407 1767 1656 1838 στρατιὰν
1735 1761 2094 1824 ἀναλαϐόντες
2163 1760 2312 1835 (οὐδὲ

2418 611 2512 682 μὲν
2540 615 2617 680 τῷ
2647 612 2768 665 τότε
2794 613 2882 664 καὶ
2912 615 3000 665 οἷα
3041 611 3180 684 μηδὲ
3229 613 3436 686 σώματ’
3486 611 3546 666 ἂν
3599 633 3684 673 τις
3718 613 3886 681 εἶπεν,
3922 613 4077 667 ἀλλὰ

2415 700 2568 761 σκιὰς
2610 705 2717 752 τῶν
2765 699 2934 754 πάλαι
2982 703 3255 774 γιγάντων
3283 745 3296 767 ,
3343 703 3512 775 ψυκάς
3558 700 3614 756 δὲ
3651 706 3729 772 τῷ
3783 703 3878 773 μὲν
3935 703 4080 754 κατὰ

2417 793 2552 859 σφᾶς
2585 789 2742 850 πάθει
2787 789 2874 841 καὶ
2935 787 3054 844 λίαν
3113 791 3520 863 καμπτομένας,
3552 794 3620 863 τῇ
3653 788 3710 844 δὲ
3755 795 3861 843 τῶν
3898 811 4077 864 προσ-

2420 874 2586 928 ώπων
2639 876 2785 929 τάσει
2843 879 2932 930 καὶ
2985 883 3064 948 τῷ
3123 883 3220 932 τοῦ
3270 881 3622 954 φρονήματος
3671 873 3925 952 ἔμϐριθεῖ
3973 881 4078 944 τὴν

2419 963 2591 1017 πάλαι
2653 961 2927 1033 δηλούσας
2988 965 3294 1041 ἐλευθερίαν
3331 1012 3344 1035 ,
3419 967 3735 1043 ἑπεκάμφθη
3800 967 3898 1038 μὲν
3957 971 4083 1025 τοῖς

2421 1053 2537 1104 κατ’
2600 1054 2880 1124 ἄνθρωπον
2942 1056 3346 1127 συναντήμασι,
3404 1061 3594 1130 χεῖρας
3641 1053 3688 1109 δ’
3735 1055 3876 1130 αἳρει
3938 1055 4084 1129 πρὸς

2421 1140 2513 1193 τὸν
2547 1140 2676 1194 Θεὸν
2709 1141 2798 1194 καὶ
2839 1142 3110 1217 ὁμολογεῖ
3145 1145 3244 1211 τὴν
3273 1145 3434 1219 χάριν
3489 1148 3666 1215 τρανῷ
3705 1148 3785 1214 τῷ
3817 1143 4081 1215 στόματι,

2419 1229 2508 1282 καί
2567 1250 2627 1301 γε
2671 1229 2844 1292 θέλων
2904 1231 3214 1307 ἀνάγραπτα
3271 1235 3438 1288 θεῖναι
3491 1230 3811 1308 προστάσσει
3872 1235 4081 1308 γράφε-

2421 1328 2541 1380 σθαι
2582 1324 2700 1378 τοῖς
2729 1320 2837 1372 τῶν
2873 1319 3180 1394 ἀνακτόρων
3213 1321 3560 1396 τοιχίσμασι,
3590 1321 3736 1391 πλὴν
3787 1322 3887 1375 οὐκ
3938 1322 4082 1374 αὐτά

2419 1408 2507 1461 καὶ
2545 1403 2706 1479 μόνα,
2735 1408 2863 1464 ἀλλ’
2893 1407 2926 1463 ἄ
2956 1408 3020 1478 δὴ
3054 1411 3143 1464 καὶ
3164 1411 3408 1486 ἀρχῆθεν
3439 1417 3572 1468 Θεοῦ
3603 1413 3818 1486 γέγονεν
3851 1409 4083 1465 ἐλεοῦν-

2417 1517 2531 1563 τος,
2581 1494 2674 1549 κᾶν
2738 1497 2913 1551 ἐκεῖνα
2973 1500 3068 1570 μὲν
3125 1501 3212 1554 καὶ
3259 1499 3410 1564 αὖθις
3441 1500 3490 1554 ὲν
3524 1503 3834 1574 προστώοις
3863 1503 4077 1575 γεγρά-

2421 1605 2576 1660 φατο,
2619 1587 2684 1639 τὰ
2737 1584 2783 1638 δ’
2835 1586 2933 1640 οὐκ
2987 1586 3179 1665 ἔφθασε
3234 1590 3552 1658 τελεσθῆναι
3611 1588 3939 1650 ἐπελθόντος

2425 1672 2642 1748 βασιλεῖ
2666 1679 2763 1728 τοῦ
2797 1677 3042 1732 θανάτου.
3095 1677 3366 1739 Ἐκείνους
3399 1678 3480 1749 δὲ,
3508 1681 3606 1747 τήν
3652 1683 3748 1733 τοῦ
3797 1683 3938 1733 Θεοῦ
3970 1681 4074 1753 χά-

2423 1782 2502 1837 ριν
2534 1759 2801 1817 δεικνύναι
2835 1764 3008 1826 θέλων
3065 1765 3151 1819 ἐπὶ
3200 1768 3439 1831 πάντων,
3473 1768 3570 1822 οὐκ
3625 1768 3787 1828 αὐτὸς
3835 1765 4077 1839 μεγαλι-

657 1856 762 1932 γὰρ
795 1857 941 1931 εἶχον
998 1855 1235 1919 ἐντεῦθεν
1297 1854 1524 1910 δεδιέναι
1581 1859 1909 1929 πανστρατιᾷ
1967 1851 2311 1924 ἑαλωκότων)
2354 1891 2393 1951 B
2425 1851 2652 1922 ζὸμενος
2683 1858 2799 1913 τοῖς
2831 1855 3046 1923 πρώϊζα
3082 1855 3412 1918 τελεσθεῖσιν
3474 1859 3563 1911 οἷά
3598 1878 3679 1918 τις
3704 1855 4078 1932 ἀπειρόκαλος

663 1945 716 2006 ἐς
780 1946 1004 2019 βασιλέα
1066 1946 1199 2017 μετά
1245 1967 1306 2020 γε
1335 1945 1610 2019 τροπαίων
1671 1944 1940 2017 λαμπρῶν
2003 1942 2317 2017 ἀνεζεύγνυ-

665 2055 777 2098 σαν,
814 2033 905 2096 θέα
935 2030 1106 2095 ὅντως
1153 2033 1558 2111 φιλορωμαίοις
1609 2033 2046 2104 πανθαύμαστος.
2097 2032 2157 2087 Ὀ
2186 2035 2313 2105 γοῦν

669 2123 926 2196 βασιλεὺσ
959 2121 1244 2197 δεξάμενος
1281 2124 1376 2196 μὲν
1418 2122 1545 2186 τοὺς
1593 2120 1784 2184 ἰδίους.
1823 2121 2008 2193 μαθὼν
2062 2119 2103 2175 δ’
2134 2119 2185 2181 ές
2215 2121 2314 2174 τάο

661 2207 845 2287 κριϐὲς
894 2212 960 2272 τὰ
1016 2211 1376 2288 πραχθέντα,
1435 2207 1514 2266 ἔτι
1601 2209 1658 2265 δὲ
1735 2210 1824 2265 καὶ
1893 2209 2024 2264 ἰδὼν
2091 2207 2314 2263 ἕκαστον

662 2300 847 2362 αὐτοῖς
904 2301 1097 2363 ἳπποις
1153 2323 1210 2356 τε
1256 2301 1344 2355 καὶ
1381 2306 1619 2367 σκευαῖς,
1679 2305 1802 2353 τοῖσ
1856 2300 1952 2372 μὲν
2008 2295 2313 2367 κατεσκλη-

659 2391 780 2444 κόσι
808 2391 896 2445 καὶ
950 2390 1138 2463 μόνοις
1171 2389 1378 2454 ὀστέοις
1410 2391 1498 2444 καὶ
1551 2388 1779 2462 δέρμασι
1837 2389 1938 2456 τήν
1998 2385 2169 2442 παλαι
2202 2384 2310 2440 δει-

659 2479 907 2533 κνύουσιν
943 2478 1260 2550 εὐκληρίαν,
1293 2484 1413 2538 ταῖς
1462 2476 1518 2532 δὲ
1569 2476 1948 2553 διεῤῥωγυίαις
1999 2475 2099 2530 οὐκ
2130 2475 2316 2536 αὐταῖς

659 2569 794 2628 ἳσως
825 2570 904 2630 αἶς
935 2569 1023 2622 καὶ
1074 2569 1270 2643 πρώην
1330 2569 1602 2643 ἐχρῶντο,
1637 2566 1784 2622 ἀλλά
1847 2571 1966 2628 ταῖς
2021 2564 2317 2639 τυχούσαις

663 2656 751 2710 καὶ
786 2659 869 2717 αῖς
899 2655 958 2711 ἂν
992 2654 1232 2719 ἐκείνους
1283 2654 1635 2730 ἐπολυώρουν
1683 2656 1735 2709 οἳ
1789 2654 2086 2725 ἐλεοῦντες,
2135 2653 2223 2706 καί
2256 2673 2320 2726 γε

670 2892 732 2930 se
755 2879 1032 2946 tanquam
1059 2873 1419 2930 avicularum
1441 2873 1649 2928 nidum
1678 2871 2053 2944 implumium
2078 2869 2321 2942 impune

674 2969 970 3035 rapturos,
1005 2963 1308 3019 ablaturos
1340 2963 1685 3032 ludibunde,
1713 2964 2105 3031 speraverant.

847 3108 936 3162 33.
975 3107 1307 3180 Triumphus
1336 3116 1618 3178 captorum
1650 3105 1721 3159 ad
1756 3103 2105 3172 Bellayrada.

744 3234 998 3306 Dignum
1033 3249 1203 3303 porro
1240 3232 1412 3286 fuerit
1443 3247 1548 3286 nec
1572 3229 1736 3285 illum
1769 3228 2137 3299 triumphum
2175 3241 2318 3297 prae-

669 3326 864 3392 terire,
899 3325 998 3395 qui
1032 3324 1211 3393 hujus
1242 3322 1633 3394 gratulatione
1653 3337 1964 3376 successus
1995 3319 2321 3373 celebratus

670 3413 729 3467 in
763 3413 905 3467 urbe
929 3418 1038 3467 est.
1063 3413 1379 3482 Postquam
1402 3410 1556 3465 enim
1593 3409 1999 3480 plenissimam
2025 3407 2179 3464 516
2207 3408 2322 3461 Ca!-

673 3504 822 3559 sarei
856 3502 1157 3556 victoriam
1195 3503 1592 3572 reportarunt,
1628 3504 1728 3554 aut
1777 3498 1975 3570 potius
2033 3496 2201 3552 facile
2258 3512 2324 3550 ac

675 3594 801 3647 sine
835 3591 1069 3663 pulvere
1099 3597 1218 3645 tam
1255 3591 1404 3645 mira
1449 3590 1505 3644 in
1565 3588 2083 3660 arrogantissimos
2134 3585 2321 3656 jacta-

679 3687 834 3735 tores
865 3685 1200 3750 gesserunt,
1227 3684 1490 3733 mortuos
1521 3678 1760 3748 quidem
1796 3675 2145 3748 spoliarunt,
2169 3673 2324 3728 unde

688 3768 924 3824 divitias
957 3773 1382 3839 congesserunt
1410 3766 1695 3838 plurimas
1727 3782 1791 3820 ex
1827 3763 2323 3830 armis,vestibus,

687 3859 1039 3928 cquis,vasis
1070 3857 1386 3912 elaboratis
1417 3855 1609 3910 omnis
1653 3855 1921 3926 generis;
1977 3851 2322 3924 superstites

677 3951 871 4000 autem
908 3951 963 4000 et
985 3961 1166 4015 equos
1199 3943 1462 4014 ipsorum
1511 3946 1968 4014 congregantes:
2003 3940 2134 3995 illos
2164 3955 2322 3994 com-

675 4036 922 4106 pedibus
953 4035 1180 4090 vinctos
1209 4031 1440 4098 validis,
1477 4031 1582 4086 hos
1606 4031 1828 4086 solutos
1860 4035 1917 4085 et
1964 4031 2202 4084 abactos
2233 4028 2321 4082 in-

674 4126 1074 4194 terjumenta,
1109 4122 1306 4193 copias
1339 4137 1541 4175 secum
1567 4121 1875 4174 universas
1933 4135 2081 4190 quas
2137 4119 2322 4172 duxe-

673 4219 803 4267 rant
836 4215 1285 4283 resumpserunt
1315 4212 1338 4278 (
1371 4226 1559 4280 neque
1591 4209 1749 4264 enim
1783 4213 1906 4262 erat
1954 4224 2059 4262 cur
2112 4207 2190 4260 ibi
2250 4206 2320 4261 ad

673 4302 1012 4374 praesidium
1042 4299 1248 4354 limitis
1280 4315 1416 4369 pars
1450 4314 1654 4352 earum
1700 4297 1821 4353 ulla
1870 4296 2320 4367 relinqueretur,

675 4391 900 4468 ubique
955 4388 1224 4444 hostibus
1285 4385 1456 4456 plane
1513 4386 1744 4457 deletis)
1831 4393 1887 4440 et
1973 4386 2161 4439 redire
2246 4382 2319 4436 ad

670 4482 1083 4552 imperatorem
1136 4476 1544 4538 instituerunt,
1592 4474 1917 4544 splendidis
1971 4474 2093 4528 illic
2157 4473 2320 4543 prius

670 4568 903 4639 tropaeis
945 4565 1169 4638 positis.
1238 4563 1641 4634 Spectaculum
1700 4563 1783 4617 sic
1832 4567 2038 4618 euntes
2097 4561 2316 4633 passim

2425 1938 2515 1992 καὶ
2548 1941 2914 2015 μικρόψυχος,
2949 1941 3092 1998 ἀλλά
3127 1943 3338 2015 μᾶλλον
3373 1945 3501 2000 Θεὺν
3547 1946 3641 2017 μὶν
3689 1942 3848 2006 εἰδὼς
3903 1941 4076 1999 αἴτιον

2427 2028 2553 2082 Θεὸν
2585 2026 2640 2082 δὲ
2672 2030 2760 2083 καὶ
2815 2031 3136 2104 μεγαλύνειν
3182 2035 3538 2107 προθέμενος,
3585 2029 3850 2108 θρίαμϐον
3907 2053 4082 2107 προσ-

2424 2116 2610 2171 τάσσει
2660 2126 3004 2193 καταγαγεῖν.
3066 2123 3126 2178 Ὁ
3187 2120 3232 2175 δ’
3288 2124 3377 2190 ἦν,
3431 2124 3618 2176 ἳστατο
3674 2126 3751 2194 [Ρ.
3785 2125 3916 2194 352ξ
3985 2122 4081 2192 μὶν

2426 2206 2628 2261 ἄνωθεν
2668 2207 2717 2277 ἐξ
2751 2209 2996 2263 ἀπόπτου
3028 2212 3055 2264 ὁ
3091 2211 3346 2283 βασιλεὺς
3378 2211 3427 2266 ἐν
3460 2217 3582 2275 τοῖς
3611 2211 3934 2282 ἀνακτόροις
3977 2216 4088 2265 τῶν

2429 2296 2794 2370 Βλαχερνῶν,
2836 2299 2973 2373 πρὸς
3030 2301 3165 2354 κατά
3223 2301 3494 2364 θάλασσαν
3555 2299 3769 2356 δυτικὸν
3828 2301 4084 2376 ἀφορῶν,

2429 2386 2510 2462 ἐφ’
2556 2387 2600 2456 ᾦ
2651 2386 2764 2459 ἅμα
2805 2389 2898 2458 μὲν
2949 2394 3141 2460 θεῷτο,
3201 2388 3318 2463 ἅμα
3362 2388 3408 2445 δ’
3453 2390 3776 2452 εὐσύνοπτος
3825 2389 3914 2459 εἴη
3965 2397 4086 2450 τοῖς

2429 2475 2747 2546 θεωμένοις.
2805 2477 3041 2551 ’Πγοντο
3100 2477 3394 2554 στοιχηδὸν
3456 2480 3652 2535 ἐκεῖνοι
3702 2481 3819 2534 καθ’
3850 2476 3973 2547 ἕνα,
4010 2481 4087 2539 ὡς

2429 2559 2829 2636 εἶχεν-ἕκαστος
2872 2565 2952 2643 ἐφ’
2997 2568 3192 2638 ἳππον,
3225 2567 3357 2622 κατά
3415 2570 3609 2642 θάτερα
3663 2573 3773 2623 τῶν
3827 2565 4091 2642 πλευρῶν

2427 2652 2752 2724 καθήμενος.
2785 2651 3028 2710 Ἐδίδοτο
3061 2654 3106 2711 δ’
3140 2658 3348 2730 ἑκάστῳ
3399 2663 3614 2734 κρατεῖν
3665 2658 3753 2712 καὶ
3779 2657 3974 2711 κοντὸν
4026 2656 4088 2709 ἐκ

2433 2883 2567 2938 gam
2605 2870 2867 2942 digestos
2901 2873 3109 2928 seriem
3145 2873 3699 2946 intuensAugustus
3728 2877 3954 2930 attente
3975 2873 4098 2929 sin-

2432 2957 2625 3028 gulos,
2666 2976 2908 3031 corpora
2939 2962 3285 3018 observabat
3315 2963 3610 3033 squallida
3636 2961 3733 3017 illa
3763 2967 3911 3017 tunc
3958 2967 4094 3033 quis

2435 3047 2562 3100 dem
2599 3046 2932 3119 luridaque,
2967 3051 3064 3106 sed
3112 3068 3236 3122 quae
3295 3069 3408 3106 non
3469 3056 3590 3106 tam
3649 3067 3894 3123 corpora
3951 3053 4094 3122 quis

2435 3136 2654 3192 diceret
2687 3155 2862 3209 quam
2896 3140 3137 3195 umbras
3170 3146 3426 3196 veterum
3461 3141 3803 3212 gigantum;
3831 3157 4091 3211 quorum

2435 3224 2642 3280 animae
2675 3232 2896 3298 tamen,
2930 3246 3068 3284 casu
3102 3228 3240 3284 licet
3270 3246 3337 3284 ac
3364 3229 3534 3284 malis
3554 3230 3768 3296 fractae,
3799 3231 4092 3300 quadam.

2434 3317 2871 3385 exporrectione
2904 3319 3183 3374 facierum
3215 3322 3272 3373 et
3327 3319 3623 3374 eminente
3679 3320 3736 3372 in
3772 3319 3966 3373 fronte
4025 3336 4092 3374 ac

2433 3405 2768 3474 snperciliis
2791 3408 3038 3462 audacia
3067 3413 3319 3463 veterem
3349 3408 3678 3464 libertatem
3731 3425 3847 3479 pra
3876 3424 3940 3463 se
3981 3411 4055 3462 ad
4077 3437 4094 3449 ο

2435 3491 2550 3547 huc
2582 3494 2817 3564 ferrent,
2846 3501 3040 3551 motus
3073 3496 3284 3551 intima
3344 3501 3433 3552 est
3494 3497 3870 3552 miseratione
3931 3499 4088 3553 517

2434 3581 2827 3639 humanorum
2860 3601 3129 3651 casuum,
3166 3602 3377 3640 manus
3409 3592 3606 3641 autem
3639 3587 3708 3642 ad
3733 3591 3913 3641 Deum
3951 3603 4094 3642 sus-

2433 3671 2591 3736 tulit,
2627 3672 2784 3728 clara
2814 3690 2952 3730 voce
2982 3675 3204 3746 gratias
3235 3675 3286 3730 ei
3319 3674 3608 3743 referens;
3644 3681 3703 3730 et
3757 3675 3934 3746 quasi
3990 3692 4090 3730 vo-

2433 3759 2568 3814 tivis
2598 3762 2798 3818 volens
2829 3763 3049 3819 tabulis
3078 3763 3502 3834 gratitudinem
3557 3763 3708 3818 hanc
3765 3780 3935 3818 suam
3985 3780 4088 3819 ex-

2433 3854 2586 3904 stare
2621 3851 2677 3906 in
2715 3857 3018 3923 posterum
3052 3857 3351 3920 testatam,
3384 3854 3656 3924 praecepit
3685 3853 3845 3924 pingi
3906 3870 4091 3924 super

2433 3940 2684 4010 parietes
2717 3941 2915 4011 palatii
2948 3946 3128 3996 totam
3188 3941 3368 4013 hujus
3424 3941 3674 3998 victoriae
3729 3958 3795 3997 ac
3852 3959 4090 4014 pompas

2432 4027 2812 4099 triumphalis
2845 4031 3081 4099 seriem,
3116 4047 3230 4086 non
3281 4031 3390 4085 hoc
3446 4035 3642 4086 autem
3701 4031 3920 4099 solum,
3981 4034 4087 4087 sed

2431 4121 2490 4171 et
2549 4117 2694 4173 alios
2762 4125 3042 4189 praeterea
3101 4136 3416 4190 prosperos
3471 4136 3802 4184 successus,
3863 4122 4092 4190 quibus

2435 4209 2605 4260 antea
2634 4224 2864 4280 quoque
2897 4225 3071 4263 suum
3107 4209 3260 4263 Deus
3294 4208 3608 4279 imperium
3647 4210 3928 4280 dignatus
3959 4217 4088 4264 erat

2433 4293 2754 4351 fortunare.
2789 4298 3194 4368 Continuoque
3226 4297 3567 4352 inchoatum
3602 4298 3658 4352 id
3692 4315 3846 4369 opus
3876 4308 3964 4353 est
4025 4300 4086 4353 in

2430 4384 2720 4440 vestibulo
2754 4387 3083 4455 porticuum
3118 4387 3328 4457 regias:
3363 4388 3462 4442 sed
3496 4387 3733 4458 perduci
3763 4388 3838 4442 ad
3875 4387 4085 4453 ﬁnem,

2428 4479 2484 4529 et
2509 4474 2689 4543 hujus
2721 4476 2940 4529 ultimas
2958 4476 3336 4546 adjunctione
3364 4477 3618 4530 victorias
3649 4477 3930 4548 compleri
3960 4495 4088 4533 mo-

2431 4567 2780 4618 numentum
2817 4564 2872 4617 id
2904 4581 3017 4619 non
3049 4566 3242 4636 potuit
3269 4568 3403 4619 ante
3437 4570 3683 4620 mortem
3743 4565 3925 4636 hujus
3983 4567 4091 4620 im-

672 4636 1011 4729 prasbebant
1042 4652 1289 4708 miriﬁce
1312 4652 1652 4721 jucundum
1697 4651 1843 4706 bene
1911 4651 2132 4706 aﬂ‘ectis
2184 4665 2324 4720 erga
2352 4636 2399 4702 Ι)
2431 4653 2717 4721 peratoris
2749 4653 3074 4720 Michaelis,
3108 4670 3235 4724 qua
3268 4654 3441 4724 paulo
3466 4661 3600 4725 post
3624 4656 3886 4728 contigit.
3907 4655 4090 4713 Porro

682 4763 774 4801 res
798 4747 1117 4801 Romanas.
1153 4743 1475 4812 Imperator
1497 4739 1594 4794 ubi
1626 4756 1745 4810 qua
1786 4757 1889 4810 par
1945 4744 2068 4794 erat
2123 4739 2320 4808 gratiis

677 4835 1107 4906 significatione
1137 4847 1277 4886 suos
1308 4828 1554 4900 excepit,
1589 4827 1689 4884 ubi
1723 4845 1844 4883 rem
1882 4833 1947 4883 ut
1982 4834 2148 4901 gesta
2200 4835 2324 4884 erat

675 4941 705 4979 ο
759 4924 1065 4996 sigillatim
1118 4927 1173 4976 et
1222 4923 1420 4974 exacte
1477 4919 1856 4974 narrantibus
1917 4918 2160 4986 audivit,
2222 4919 2322 4974 ubi

674 5015 850 5069 etiam
881 5013 1060 5069 otiose
1116 5007 1372 5079 inspexit
1419 5023 1902 5080 unumquemque
1960 5008 2321 5079 captivorum

673 5121 807 5159 cum
843 5103 1012 5172 cquis
1044 5105 1100 5155 et
1131 5097 1367 5162 vestitu,
1401 5097 1570 5166 equis
1597 5096 1863 5165 strigosis
1920 5101 1975 5151 et
2033 5097 2323 5165 exsuccis,

674 5200 870 5247 tamen
901 5193 956 5246 in
980 5189 1080 5245 illa
1114 5188 1298 5243 macie
1331 5184 1478 5240 nihil
1511 5191 1720 5257 praeter
1741 5184 1949 5256 pellem
2008 5186 2321 5242 obductam

674 5282 909 5336 ossibus
943 5277 1303 5334 trahentium
1328 5275 1497 5346 signa
1520 5291 1634 5329 non
1667 5274 1919 5330 obscura
1942 5277 2325 5331 monstranti-

678 5374 787 5427 bus
822 5371 1053 5444 pristini
1075 5367 1317 5440 vigoris,
1351 5366 1568 5421 vestitu
1602 5367 1858 5422 obsoleto
1889 5368 2175 5435 etlacero,
2206 5386 2321 5424 non

675 5477 740 5514 eo
774 5462 1040 5515 videlicet
1068 5474 1185 5530 quo
1216 5454 1381 5528 prius
1413 5454 1586 5510 domo
1618 5454 1792 5510 allato
1826 5455 1915 5510 usi
1950 5456 2199 5526 fuerant,
2222 5459 2323 5513 sed

676 5565 745 5607 ex
778 5551 918 5606 forte
955 5548 1139 5605 obviis
1171 5543 1538 5601 centunculis
1561 5545 1632 5598 ad
1669 5545 2063 5600 necessarium
2092 5553 2324 5619 tegmen

677 5642 1062 5713 spoliatorum
1095 5651 1406 5710 corporum
1437 5634 1699 5707 precario
1727 5634 1910 5692 ascito
1931 5639 2034 5691 aut
2061 5642 2326 5710 spectan-

679 5735 824 5789 tium
855 5726 1256 5790 misericordia
1286 5739 1563 5783 concesso
1598 5765 1614 5794 ,
1641 5725 1770 5798 hos,
1802 5725 2069 5798 inquam,
2105 5727 2162 5782 in
2183 5727 2324 5798 lon-

2432 4742 2577 4796 istos
2608 4745 2747 4796 tunc
2778 4742 3036 4814 captivos
3067 4747 3361 4798 ostentare
3394 4759 3494 4813 per
3526 4744 3724 4799 urbem
3777 4746 4087 4817 triumpho

2431 4831 2736 4886 traductos
2764 4830 2968 4896 voluit,
2995 4849 3110 4886 non
3141 4831 3240 4886 ille
3275 4832 3512 4903 quidem
3562 4834 3906 4903 jactationis
3962 4851 4087 4890 suae

2433 4936 2636 4990 causa,
2671 4922 2837 4992 quasi
2870 4920 2983 4977 sibi
3013 4920 3248 4976 laudem
3281 4921 3602 4992 glorianter
3632 4923 3938 4979 ascribens
3999 4926 4085 4979 vi-

2433 5010 2628 5066 ctoriaa
2687 5010 2860 5066 istius
2921 5027 3111 5082 nuper
3167 5015 3363 5082 parte,
3415 5010 3472 5065 id
3533 5013 3689 5082 quod
3765 5012 4092 5071 insolenter

2433 5099 2567 5154 vani
2600 5100 2919 5172 pusillique
2950 5100 3131 5156 animi
3163 5106 3298 5155 nota
3330 5116 3444 5155 non
3467 5106 3707 5167 careret,
3733 5102 3832 5156 sed
3861 5118 3936 5158 eo
3957 5109 4091 5160 stu-

2433 5187 2528 5243 dio
2562 5193 2630 5244 ut
2659 5193 2718 5244 et
2747 5187 2863 5243 Deo
2894 5189 3020 5259 ipse
3049 5193 3246 5261 grates
3268 5225 3284 5238 .
3303 5187 3532 5244 debitas
3580 5189 3980 5260 proﬁteretur,
4031 5199 4091 5248 et

2433 5284 2676 5335 cunctos
2708 5279 2981 5336 invitaret
3002 5281 3074 5335 ad
3107 5277 3606 5335 divinumNumen
3628 5278 3702 5336 ob
3731 5280 4088 5352 praclarum

2435 5369 2606 5424 nobis
2638 5368 2935 5424 indultum
2997 5368 3347 5425 beneficium
3407 5366 3799 5426 laudandum.
3854 5375 4091 5445 Pompa

2435 5457 2618 5529 igitur
2647 5457 2777 5530 ipsa
2809 5460 2869 5515 in
2900 5459 3058 5515 hunc
3089 5459 3331 5514 modum
3365 5460 3668 5530 processit.
3703 5459 3909 5518 Stabat
3971 5463 4089 5519 im-

2437 5553 2671 5619 perator
2697 5547 2927 5606 excelso
2956 5549 3013 5604 in
3048 5548 3174 5603 loco
3208 5547 3404 5620 palatii
3429 5547 3888 5606 Blachsrnarum
3912 5553 4090 5623 juxta

2437 5654 2597 5694 mare
2630 5639 2687 5694 in
2740 5654 3013 5695 occasum
3073 5639 3340 5709 obverso,
3400 5643 3465 5693 ut
3520 5637 3694 5694 simul
3750 5643 4090 5712 spectaculo

2439 5727 2750 5798 frueretur,
2783 5727 2962 5786 simul
2993 5729 3151 5787 esset
3178 5725 3307 5801 ipse
3335 5727 3450 5785 late
3479 5729 3835 5803 conspicuus
3883 5733 4085 5790 multi-
