4242 6438
171 419 272 472 981

1243 419 1340 470 DE
1377 416 1753 470 MlCHABLE
1790 410 2232 467 PALEOLOGO
2267 409 2399 462 LIB.
2442 405 2537 460 VI.

3465 390 3573 443 98?.

169 540 420 614 nan-Spw
475 541 508 607 ἢ
567 558 712 600 τινος
740 536 916 594 ἄλλου
943 538 1169 605 εἶκαίου,
1204 539 1277 600 ὡς
1306 539 1565 612 τρόπαιον
1599 538 1808 597 πάντως
1843 541 1894 606 Α
1925 534 2012 588 καὶ
2044 527 2351 590 ἀλαπαδνὸς
2385 527 2468 582 ἐπ’
2518 524 2954 624 εὖσωματοῦντι,
2993 519 3569 624 καὶνκαταπῗπτιρκως

169 634 264 683 υοῦ
316 602 455 683 κατά
483 633 618 705 σφᾶς
649 626 1008 699 πταίσματος,
1066 627 1278 702 Ὀχλος
1327 602 1384 681 δὲ
1431 628 1556 701 παρ’
1589 626 1812 698 ἑκάτερα
1918 629 1997 694 τῷ
2054 624 2210 684 πάθει
2242 617 2328 673 έπί
2357 621 2434 688 τῷ
2466 609 3023 705 λογισμοὺς-ὀρθοὺς.
3048 605 3286 705 φέροντι-
3315 602 3568 657 ἐποίκιλ-

168 718 422 778 πλεῖστος
448 715 660 788 Ἱστατο,
694 718 744 770 οἱ
779 716 874 788 μὶν
903 716 968 770 τά
1014 722 1114 784 τῆς
1161 717 1338 791 τύχης
1368 715 1807 787 έποικτιζὸμενοι

164 807 255 861 καί
311 805 680 882 γεέλεοῦντες
735 804 951 866 εἰκαίως
1020 806 1317 881 ἀγομένους
1372 804 1497 866 τοὺς
1559 808 1810 878 μεγιστᾶ-

165 920 280 967 νας,
314 900 366 952 οἱ
398 896 455 952 δὶ
480 899 567 953 καὶ
617 897 1066 970 ἐπιμωκώμενοι,
1100 895 1397 959 δεικνύντες
1429 899 1540 951 οἷον
1576 897 1627 957 ἐς
1675 895 1807 950 ὁπό-

165 1009 252 1041 σον
314 989 463 1064 φέρει
522 987 807 1060 μετανοίας
838 989 873 1056 ἠ
908 987 1159 1059 ἀπόνοια,
1191 987 1225 1056 ἢ
1273 989 1441 1062 μικρὰ
1502 987 1594 1059 μὲν
1620 985 1809 1050 σαίνει,

165 1077 376 1150 μεγάλα
425 1073 482 1130 δὲ
528 1077 595 1130 τὰ
640 1077 782 1131 κακά
809 1075 974 1152 φέρει.
1036 1073 1240 1134 ’Ἄλλοι
1294 1074 1351 1130 δὲ
1378 1077 1467 1131 καὶ
1530 1075 1808 1149 συρίττον-

158 1185 267 1231 τες,
302 1166 390 1218 οἷα
418 1169 512 1218 τοῦ
543 1164 814 1234 πλήθους,
845 1163 1165 1240 ἐχλεύαζον.
1199 1167 1388 1240 Τρυφὴ
1449 1162 1494 1220 δ’
1525 1165 1590 1233 ἦν
1624 1162 1806 1222 αὐτοῖς

160 1255 194 1321 ἡ
226 1257 334 1307 τῶν
380 1251 682 1326 ἀλωμένων
723 1254 945 1327 πομπὴ,
1009 1254 1070 1309 ού
1121 1253 1288 1309 τόπον
1350 1255 1408 1309 ἐκ
1435 1254 1612 1308 τόπου
1647 1275 1806 1326 μετα-

166 1337 538 1413 λαμϐάνουσιν
612 1344 684 1404 ὠς
762 1339 918 1412 δῆθεν
983 1343 1434 1420 μεταφερομένων
1510 1343 1600 1397 καὶ
1654 1343 1806 1397 κενὸν

159 1437 304 1510 σφῶν
366 1432 624 1509 ἀφιέννων
653 1429 961 1496 τοῦπισθεν·
1020 1432 1150 1488 ἀλλ’
1201 1435 1228 1488 ὁ
1292 1435 1386 1506 μὲν
1444 1429 1633 1507 ἤγετο,
1693 1435 1721 1487 ὁ
1762 1428 1808 1486 δ’

156 1520 415 1594 ἐπήγετο,
466 1523 553 1575 καὶ
583 1523 792 1598 τρυφήν
821 1522 1011 1590 ἱκανὴν
1041 1523 1068 1576 ὁ
1117 1526 1335 1595 πρῶτος
1383 1526 1503 1583 τοῖς
1548 1520 1808 1597 φιλοθεά-

167 1632 295 1682 μοσι
328 1611 626 1686 παρασχὼν
657 1616 736 1681 τῷ
787 1611 938 1683 μόνῳ
985 1617 1214 1688 φανῆναι
1258 1612 1409 1666 ἀπὼν
1451 1610 1548 1665 οὐκ
1595 1610 1806 1679 ἐλύπει,

165 1700 354 1773 ἑτέρου
427 1697 788 1774 διαεχομένου
839 1699 932 1753 τὸν
987 1699 1155 1755 τόπον
1209 1700 1298 1754 καὶ
1357 1701 1454 1768 τήν
1507 1701 1652 1770 τάξιν
1711 1705 1806 1754 τοῦ

158 1788 480 1862 τέρψαντος.
507 1786 738 1844 ΜᾶΛλον
774 1789 868 1860 μὲν
926 1787 1017 1842 οὖν
1059 1789 1150 1843 καὶ
1180 1788 1262 1843 ἀεὶ
1313 1788 1432 1843 νέον
1461 1788 1701 1851 ἐπιόντες
1731 1795 1808 1861 τῷ

154 1874 332 1939 ἄλλος
359 1876 450 1930 καὶ
483 1874 654 1938 ἄλλος
702 1877 981 1950 φαίνεσθαι
1011 1879 1148 1932 κατά
1173 1879 1273 1945 τὴν
1303 1876 1354 1932 ἐν
1382 1882 1461 1949 τῷ
1491 1876 1680 1951 κύκλῳ
1711 1901 1809 1934 κα-

150 1966 401 2037 τατομήν
460 1966 679 2041 ἔτερπον
727 1971 807 2036 τῷ
851 1971 1024 2039 καινῷ
1071 1965 1240 2022 πλέον
1295 1967 1424 2029 τοὺς
1482 1969 1807 2042 θεωμένους.

152 2057 253 2111 Ἠν
316 2051 362 2108 δ’
421 2055 524 2130 ἄρα
583 2056 658 2127 μὴ
724 2056 886 2128 μόνον
944 2053 1102 2125 ἀοιδὴ
1161 2058 1398 2126 νεωτάτη
1433 2055 1662 2130 έπίηρος
1689 2064 1806 2121 τοῖς

149 2143 472 2212 ἀκούουσιν,
503 2142 650 2199 ἀλλά
704 2166 765 2219 γε
817 2144 908 2199 καὶ
958 2146 1050 2200 νέα
1110 2146 1203 2209 θέα
1233 2145 1462 2217 ποικίλη
1492 2152 1608 2210 τοῖς
1639 2149 1805 2222 ὁρῶσι

143 2233 351 2309 τρυφή.
405 2232 682 2295 Ἀντίπαις
731 2235 831 2308 γὰρ
883 2234 970 2288 ἐπὶ
1018 2233 1139 2307 νέῳ,
1194 2234 1282 2289 καὶ
1342 2235 1461 2297 νέος
1515 2235 1609 2291 ἐωὶ
1666 2258 1808 2313 παρ-

148 2315 411 2390 ηϐηκότι,
442 2322 530 2377 καί
555 2343 618 2398 γε
647 2325 852 2396 γυμνὸς
886 2323 966 2377 ἐπ’
1006 2321 1368 2398 ἐνδεδυμένῳ,
1399 2326 1489 2380 καὶ
1521 2324 1808 2405 ἀκαλυφὴς

144 2408 235 2464 ἰπὶ
286 2409 600 2485 καλύπτραν
647 2411 887 2488 φέροντι,
928 2412 1016 2466 καὶ
1048 2417 1330 2491 κατηφιῶν
1380 2413 1462 2468 ἄπ’
1514 2414 1802 2491 ἀγερώχῳ,

148 2628 344 2684 tudini
403 2629 824 2700 spectantium.
884 2633 1264 2692 Ducebantur
1309 2635 1590 2692 continua
1645 2635 1796 2693 serie

145 2718 364 2788 captivi
423 2717 751 2791 sigillatim,
786 2721 993 2780 idoneo
1049 2723 1356 2782 intervallo
1397 2725 1647 2781 invicem
1677 2725 1798 2781 dis-

1921 713 2016 768 λον
2071 712 2165 774 τὰς
2193 716 2292 778 τῆς
2322 706 2466 774 θέας,
2496 705 2586 758 καὶ
2629 698 2948 776 ὀφθαλμοὺς
2981 695 3189 750 εἱστίων
3221 698 3326 746 τῶν
3361 712 3565 761 συμμι-

1918 807 2029 878 γῶν
2057 799 2254 874 ὄψεων.
2284 795 2418 851 Οὐδὲ
2446 796 2545 871 γὰρ
2577 793 2630 854 ές
2670 790 2854 865 ὀλίγον
2985 778 3559 878 σχοινοτενῆςέκείνη

1916 870 2067 964 σειρά
2106 870 2226 944 ’τῶν
2259 870 2492 957 ἀνδρῶν,
2523 882 2647 937 ἀλλ’
2680 881 2732 942 ἐς
2764 878 2846 934 ὅτι
2877 875 3140 930 πλεῖστοο
3172 877 3396 946 συχναῖς
3447 870 3564 923 ἑκα-

1916 959 2132 1036 τοστύσι
2192 977 2504 1044 διείληπτο.
2553 974 2820 1029 "Exacto:
2869 965 2916 1020 δ’
2948 964 3136 1019 ῗόντων
3197 961 3283 1015 ἐπὶ
3314 961 3377 1014 τὸ
3433 959 3559 1030 παρ’

1918 1071 2140 1145 ἑκάτερα
2184 1064 2280 1121 τοῦ
2346 1062 2613 1139 βασιλέως
2672 1057 2958 1133 γινόμενος
3019 1053 3108 1106 καὶ
3168 1049 3309 1105 ἄκων
3360 1046 3560 1113 ἐδίδου,

1918 1137 2134 1214 κύπτων
2168 1157 2219 1226 ἐξ
2278 1147 2607 1232 ἐφεστρίδος,
2664 1151 2742 1218 τῷ
2775 1143 2991 1219 βασιλεῖ
3040 1142 3138 1208 τήν
3168 1137 3560 1212 προσκύνησιν,

1922 1249 2216 1323 μορφάζων
2273 1245 2336 1300 τὸ
2390 1239 2640 1297 ταπεινὸν
2698 1236 2788 1291 καὶ
2839 1236 2902 1288 τὸ
2957 1239 3057 1300 τῆς
3110 1234 3295 1304 ψυχῆς
3325 1225 3563 1281 οἶδαῖνον

1923 1314 2414 1409 μετα-σχξηματίζων
2449 1328 2523 1388 είς
2552 1323 2875 1397 ἱλαρότητα.
2936 1319 3095 1375 Οὕτω
3132 1318 3227 1390 μὲν
3263 1314 3353 1370 οὖν
3384 1315 3564 1369 εἰσελ-

1918 1429 2099 1494 θόντες
2158 1430 2258 1497 τήν
2312 1427 2498 1490 πόλιν,
2557 1421 2645 1476 καὶ
2706 1417 2794 1473 διά
2855 1417 3022 1488 μέσης
3052 1410 3254 1481 ταύτης
3302 1410 3350 1481 ἐξ
3386 1407 3561 1482 ἄκρων

1919 1522 1993 1583 εἷς
2050 1519 2215 1595 ἄκρας
2275 1521 2394 1578 τοῖς
2433 1514 2567 1568 κατά
2598 1515 2734 1584 σφᾶς
2794 1509 3036 1577 ἀνιαροῖς
3095 1499 3560 1574 έμπομπεύοντες,

1914 1614 1982 1682 τῇ
2013 1591 2444 1679 τῆς-Ζευξίππου
2491 1600 2727 1657 δίδονται
2777 1593 2993 1674 φυλακῇ
3025 1594 3112 1663 (⁶),
3161 1595 3279 1650 τοῖς
3328 1591 3557 1687 τυχοῦσι

1921 1701 2013 1772 μὲν
2047 1696 2249 1772 χλεύη,
2281 1692 2508 1750 έλεεινοὶ
2540 1689 2596 1744 δὲ
2641 1692 2758 1748 τοῖς
2789 1683 3203 1755 έπιεικεστέροις
3251 1682 3558 1753 γινόμενοι.

1913 1786 2095 1844 Ἀλλά
2120 1787 2285 1841 ταῦτα
2317 1784 2411 1858 μὲν
2445 1782 2794 1857 ἐπράχθησαν
2823 1772 2972 1849 τῇδε.

1839 1912 1886 1976 Β
1917 1938 2018 1997 λδ’.
2050 1939 2130 1996 Τὰ
2181 1937 2317 1993 κατά
2361 1936 2452 1990 τὸν
2503 1933 2747 2009 ἄρχοντα
2791 1933 2898 2009 τιῖξν
2936 1926 3122 2009 Aetia?
3156 1925 3434 1990 Ἰωαννην,
3467 1918 3558 1972 καὶ

2166 2010 2317 2072 ὅπως
2346 2008 2508 2063 αὐτὸν
2541 1993 2812 2079 ’ὁηκρατῶν
2856 1993 3310 2074 έπεγαμϐρευσεν.

1989 2153 2068 2222 [Ρ.
2259 2145 2487 2204 Βασιλεῖ
2517 2141 2574 2198 δὲ
2604 2141 2666 2197 οὐ
2719 2139 2880 2213 μόνον
2908 2141 3014 2192 τῶν
3046 2134 3208 2189 αὐτοῦ
3252 2136 3436 2222 μετῆν
3487 2127 3562 2187 εἷς

1912 2218 2118 2310 κόσμον
2172 2218 2304 2316 ert—pag
2334 2234 2478 2312 ἄγειν
2534 2233 2603 2288 τὰ
2653 2232 2948 2306 πρέποντα,
3007 2222 3152 2279 ἀλλά
3179 2220 3268 2275 καὶ
3298 2218 3429 2316 τοὺς
3459 2238 3565 2290 μη-

1916 2326 2001 2384 δὶν
2035 2307 2411 2403 προσήκοντας
2458 2321 2594 2378 κατά
2620 2341 2741 2376 τινα
2783 2313 3094 2373 δεσποτείαν
3152 2307 3563 2403 ὑπερηρμένους

1913 2419 1981 2474 τὰ
2015 2395 2182 2494 μέτρα
2203 2395 2515 2471 συστέλλειν
2549 2409 2636 2466 διά
2690 2404 2933 2474 σπουδῆς
2989 2405 3076 2484 ἦν.
3128 2398 3228 2454 Καὶ
3282 2397 3408 2458 τοὺς
3470 2395 3564 2469 μὶν

1909 2636 2389 2709 Dlstinguebatur
2419 2639 2614 2692 autem
2660 2649 2872 2707 pompa
2930 2628 3117 2684 multa
3169 2621 3470 2709 varietate,
3503 2617 3561 2709 et

1907 2728 2039 2800 ipsa
2096 2707 2418 2784 delectante
2452 2765 2466 2791 ,
2526 2725 2663 2780 dum
2721 2714 3158 2778 adolescentulo
3207 2707 3562 2767 succedebat

146 2806 318 2861 οῖ’θῖί·
352 2805 518 2877 Equo
549 2807 803 2880 quisque
850 2812 1084 2884 proprio
1106 2813 1376 2884 vehebat,
1410 2830 1525 2870 non
1548 2814 1798 2870 libratus
1900 2819 2161 2890 juvenis,
2194 2815 2754 2874 intermiscebantur
2797 2812 3044 2881 juvenes
3072 2804 3215 2860 viris
3250 2822 3291 2890 ς,
3333 2812 3562 2890 semper

144 2894 206 2949 in
240 2895 418 2951 dorso
448 2897 722 2954 cruribus
757 2899 893 2955 hinc
932 2901 1068 2958 inde
1109 2905 1520 2974 pendentibus,
1555 2905 1655 2960 sed
1707 2921 1800 2960 se-

142 2983 295 3037 dens
328 2985 507 3054 pedes
533 2987 815 3058 compede
844 2989 1070 3046 vinctos
1103 2991 1160 3046 in
1194 2991 1448 3048 alterum
1470 2993 1606 3064 equi
1644 2992 1801 3048 latus

147 3071 761 3131 demittebat.lnditus
791 3083 917 3134 erat
948 3080 1150 3136 manui
1181 3082 1470 3152 cujusque
1501 3084 1712 3136 contus
1733 3096 1803 3136 ex

146 3176 374 3232 papyro
405 3166 508 3216 aut
538 3161 637 3218 vili
669 3162 784 3219 alia
814 3167 1319 3241 materia,insigne
1333 3170 1802 3226 videlicetoll’en-

1911 2886 2377 2980 inexspectatum
2448 2904 2670 2976 aliquid
2735 2902 2891 2956 vices
2946 2896 3121 2953 variae
3181 2886 3563 2980 multiformis

1914 2977 2230 3069 spectaculi
2284 2995 2622 3058 offerebant,
2678 2993 2819 3046 dum
2849 2987 3044 3044 nudus
3104 2986 3236 3055 post
3280 2977 3562 3069 vestitum

1911 3067 2281 3152 trahebatur,
2313 3083 2664 3141 succedebat
2697 3081 2951 3152 pileatus
3001 3076 3218 3130 intecto
3267 3067 3565 3132 verticem,

1915 3178 2178 3248 dejectus
2210 3175 2441 3231 vultum
2467 3170 2731 3229 ferociter
2751 3162 3314 3229 contumaci,macer
3335 3153 3566 3248 pingui.

146 3249 340 3305 sionis
399 3250 539 3305 belli
571 3268 687 3323 qua
745 3256 1000 3312 erantin
1050 3259 1225 3314 istam
1276 3259 1496 3316 redacti
1555 3264 1796 3316 sortem.
1830 3284 1874 3352 ο
1916 3243 2212 3322 fortunam
2254 3264 2476 3335 abjecte
2522 3262 2715 3316 ferens
2769 3256 3063 3312 excelsum
3116 3249 3382 3352 animum
3443 3243 3561 3352 or‘is

136 3338 343 3393 Turba
376 3341 829 3412 constipahatur
858 3345 1138 3417 utrinque
1162 3349 1368 3419 densa,
1402 3350 1796 3421 quorumdam

139 3427 559 3484 miserantium
604 3431 853 3489 fortuna
911 3451 1085 3492 casus
1141 3437 1411 3506 infestos,
1472 3438 1798 3510 praesrtim

141 3515 251 3571 ubi
283 3516 344 3571 in
370 3517 670 3591 principes
699 3537 762 3576 ac
795 3523 1107 3595 primarios
1159 3527 1316 3583 viros
1347 3528 1452 3583 tali
1501 3529 1800 3584 traductos

136 3606 455 3677 ignomina
480 3607 864 3668 incurrebant
892 3615 1046 3670 oculi
1075 3617 1230 3673 518
1287 3617 1536 3674 aliorum
1595 3621 1800 3673 contra

132 3693 519 3751 irridentium
551 3698 1088 3775 insultantiumque
1113 3705 1266 3761 ultro
1285 3705 1800 3776 increpando,meo

135 3783 327 3840 ritum
361 3800 461 3840 eos
493 3787 644 3845 ferre
673 3792 923 3847 vesanize
955 3810 1077 3849 sua
1102 3796 1579 3861 fructum,seram
1613 3794 1797 3867 pumi-

128 3874 556 3946 tentiam,qu:e
581 3878 777 3949 proles
807 3897 937 3938 esse
958 3882 1107 3940 solet
1132 3885 1477 3942 inconsultae
1497 3883 1796 3952 amentia,

134 3963 450 4020 modicum
485 3966 727 4038 quidem
760 3969 933 4028 initio
963 3989 1112 4045 quos
1134 3975 1351 4047 abripit
1381 3975 1794 4041 mulcentis,ad

126 4057 473 4110 extremum
557 4058 904 4127 gravissime
937 4062 1277 4122 multantis.
1338 4067 1515 4123 Erant
1571 4084 1603 4122 e
1661 4066 1798 4123 face

121 4142 468 4212 praesertim
519 4145 709 4217 plebis
740 4150 842 4220 qui
896 4151 1073 4208 etiam
1107 4154 1356 4212 miseros
1387 4155 1794 4212 exsibilarent.

120 4231 404 4288 Durabat
437 4239 635 4292 autem
659 4238 851 4296 dulcis
874 4245 1194 4313 spectaculi
1226 4247 1494 4318 voluptas
1519 4263 1636 4302 uno
1660 4247 1796 4302 licet

121 4321 188 4375 in
223 4321 358 4377 loco
391 4321 773 4393 haerentibus,
808 4345 911 4384 nec
965 4349 1115 4404 opus
1173 4334 1469 4390 habebant
1523 4336 1637 4392 alio
1685 4336 1794 4391 mi-

117 4426 333 4482 grare,
367 4417 434 4466 ut
461 4415 607 4482 viso,
631 4419 788 4487 quod
818 4419 1136 4490 placuerat,
1200 4429 1586 4494 praetereunte
1645 4425 1796 4482 frue-

116 4504 731 4562 rentur.6uccedebat
759 4507 913 4564 enim
941 4511 1180 4568 assidue
1211 4515 1494 4584 praeeunti
1542 4531 1794 4586 sequens

116 4589 259 4659 pari
299 4605 406 4645 suo
438 4591 722 4651 dedecore
751 4595 1078 4656 ludibrium
1123 4601 1428 4672 exhibens,
1488 4608 1547 4661 et
1594 4604 1796 4662 oculos

112 4679 376 4734 abunde
407 4696 681 4753 pascens,
732 4702 803 4741 ne
862 4690 1306 4762 praterlapsum
1341 4695 1507 4766 sequi
1540 4700 1645 4751 aut
1704 4713 1793 4752 re-

112 4767 376 4839 quirere
405 4781 697 4828 curarent.
732 4775 881 4837 Quin
932 4780 1130 4850 potius
1187 4784 1488 4840 crescebat
1543 4785 1792 4843 dulcedo

107 4859 466 4948 spectandi,
479 4868 862 4930 prawertente
875 4869 1207 4926 satietatem
1226 4873 1517 4930 continuae
1534 4876 1790 4948 quadam

105 4945 303 5038 velut
322 4949 654 5038 mutatione
684 4969 896 5020 scenae,
922 4958 1126 5015 sannis
1159 4962 1482 5032 praesertim
1513 4945 1791 5038 gregarios

107 5034 542 5126 multitudinis
561 5043 620 5095 et
645 5042 964 5113 petulantia
993 5050 1183 5107 atatis
1203 5053 1504 5109 materiam
1521 5034 1792 5126 prehen-

103 5132 164 5180 te
201 5125 472 5181 ridicula
502 5133 746 5187 tonsura
779 5134 926 5192 fcede
956 5153 1225 5196 raeorum
1279 5142 1418 5198 orbe
1449 5125 1570 5200 toto
1629 5146 1793 5217 capi-

101 5220 276 5282 tum,
320 5217 603 5274 novitatis
644 5224 800 5293 apud
833 5226 1047 5299 vulgus
1098 5230 1293 5299 specie
1335 5234 1625 5302 jucunda.
1668 5237 1790 5301 Qua

98 5304 277 5358 sicut
312 5305 658 5375 gaudebant
687 5310 864 5380 oculi,
892 5314 977 5369 sic
1010 5319 1068 5370 et
1095 5333 1268 5373 aures
1299 5319 1792 5378 demulcebantur

94 5393 397 5451 confusis
427 5394 800 5470 improperiis
830 5402 884 5456 in
937 5403 1326 5477 hostesjactis
1355 5409 1533 5482 digna
1561 5411 1795 5483 patien-

96 5489 226 5574 tes;
267 5500 413 5574 quae
442 5483 632 5542 instar
665 5488 964 5548 habebant
990 5511 1148 5551 novas
1179 5497 1508 5567 cantilena,
1557 5500 1790 5574 placere

97 5572 466 5646 plurimum
501 5576 588 5648 (ut
617 5583 785 5637 vetus
817 5581 991 5640 habet
1036 5585 1304 5660 verbum)
1335 5572 1788 5662 populolsolita.

173 5757 251 5828 (ίξ
292 5753 391 5810 Cl'.
428 5752 790 5817 Glossarium
826 5760 1180 5834 νΖωεξππου
1210 5762 1452 5840 φυλακή.

1909 3353 2242 3412 constantia
2300 3331 2672 3416 monstranti;
2726 3363 2855 3418 qua;
2903 3342 3067 3399 velut
3120 3341 3289 3395 erant
3341 3331 3562 3390 fercula

1907 3445 2090 3511 varia,
2123 3447 2180 3500 et
2208 3443 2318 3498 hoc
2351 3441 2480 3514 ipso
2511 3437 2876 3512 gratissima,
2926 3428 3202 3503 exquisiti
3251 3423 3555 3482 oculorum

1909 3534 2088 3606 epuli,
2112 3538 2274 3589 tanto
2306 3529 2573 3603 producti
2601 3527 2793 3600 spatio
2822 3520 3106 3594 temporis
3138 3533 3240 3589 per
3267 3516 3550 3606 quantum

1909 3602 2019 3680 loci
2048 3623 2201 3682 519
2236 3602 2690 3694 protendebatur
2710 3611 3060 3685 longissima
3089 3602 3551 3694 catena,vinctas

1907 3713 2207 3770 innectens
2236 3690 2559 3768 intervallis
2590 3707 2742 3763 inter
2769 3690 3549 3774 singulosjustis,plurimas

1906 3801 2218 3860 hominum
2250 3800 2567 3858 centurias.
2616 3796 2793 3852 Porro
2846 3787 3064 3863 singuli
3093 3791 3160 3842 ut
3216 3783 3286 3839 ad
3353 3781 3549 3836 locum

1905 3896 2208 3959 venerant,
2250 3877 2408 3946 unde
2466 3901 2720 3959 superne
2771 3877 3149 3953 despectabat
3204 3873 3549 3966 imperat-or,

1904 3981 2167 4039 venerari
2196 3958 2336 4038 eum
2366 3978 2454 4035 vel
2485 3958 2654 4032 inviti
2705 3969 2998 4046 profunda
3022 3983 3092 4023 ex
3120 3961 3289 4056 equis
3338 3958 3551 4056 capitis

1906 4070 2266 4128 demissione
2295 4068 2674 4139 cogebantur,
2701 4044 2760 4117 id
2794 4065 2987 4116 tamen
3020 4072 3083 4112 se
3137 4051 3438 4139 plerisque
3483 4044 3552 4100 li-

1905 4161 2112 4216 benter
2141 4159 2330 4215 facere
2351 4137 2607 4228 quadam
2644 4148 2942 4208 modestia:
2969 4141 3333 4201 affectatione
3355 4137 3550 4228 simu-

1905 4249 2187 4316 lantibus,
2222 4226 2574 4319 quin—etiam
2608 4259 2724 4315 quo
2773 4237 3009 4312 penitus
3055 4226 3549 4319 contabescebant

1906 4339 2089 4396 animi
2122 4316 2426 4394 mmrorem
2469 4331 2787 4390 renidentis
2823 4328 2941 4385 oris
2971 4322 3227 4382 ascilitia
3255 4316 3550 4374 hilaritate

1907 4428 2264 4486 fucantibus.
2290 4428 2385 4483 Sic
2415 4424 2664 4496 ingressi
2698 4420 3018 4482 civitatem,
3066 4418 3122 4469 et
3155 4412 3203 4468 si
3263 4425 3366 4481 per
3418 4422 3546 4461 eam

1906 4523 2191 4591 quantum
2228 4521 2384 4589 patet
2414 4516 2746 4572 universam
2807 4509 3089 4581 probrosa
3115 4503 3207 4559 sui
3249 4500 3551 4591 dedecoris

1907 4590 2160 4666 traducti
2220 4624 2454 4681 pompa,
2500 4606 2558 4660 in
2618 4616 2907 4659 carcerem
2967 4593 3244 4665 Zeuxippi
3302 4590 3551 4681 conjecti

1907 4704 2069 4764 sunt.
2100 4679 2456 4770 vulgarium,
2489 4700 2556 4751 ut
2585 4693 2728 4756 dixi,
2759 4688 3069 4746 hominum
3131 4679 3549 4770 intemperanti

1902 4789 2159 4845 ludibrio
2189 4769 2365 4855 irrisi,
2399 4783 2726 4857 elegantius
2757 4778 3045 4836 institutis
3076 4779 3134 4830 et
3165 4789 3268 4845 per
3305 4771 3416 4826 hoc
3438 4769 3550 4822 hu-

1905 4879 2270 4935 manioribus
2304 4873 2637 4932 infelicitati
2670 4866 3122 4927 condolentibus
3154 4859 3550 4934 ipsorum.At-

1903 4984 2015 5039 que
2044 4968 2167 5023 haec
2193 4968 2430 5039 quidem
2465 4967 2594 5020 acta
2623 4964 2680 5017 in
2713 4961 2869 5016 hunc
2902 4957 3141 5012 modum
3176 4955 3335 5008 sunt.

1937 5077 2026 5132 34.
2071 5081 2146 5132 De
2163 5077 2433 5131 Lazarum
2453 5071 2698 5142 principe
2727 5068 3022 5142 Joan_ne,u_t
3051 5077 3176 5118 eum
3220 5062 3517 5130 imperator

2402 5139 2515 5202 sibi
2535 5139 2800 5213 generum
2822 5139 3050 5216 fecerit.

1973 5241 2256 5292 Caeterum
2290 5231 2631 5306 imperatori
2666 5247 2780 5286 non
2840 5226 3037 5284 solum
3090 5239 3243 5279 cura:
3300 5224 3445 5284 erat,
3489 5224 3553 5272 ut

1903 5327 2168 5398 quicum
2215 5342 2280 5381 eo
2312 5330 2368 5381 et
2426 5324 2536 5380 sub
2568 5337 2634 5377 eo
2675 5318 2971 5380 vivebant,
3004 5315 3162 5368 intra
3217 5311 3365 5365 ﬁnes
3424 5325 3552 5364 sese

1902 5417 2271 5473 continerent
2302 5412 2563 5470 decentis
2621 5404 3040 5466 moderationis
3071 5424 3084 5472 ;
3115 5403 3214 5458 sed
3262 5404 3321 5455 et
3377 5399 3550 5453 istam

1902 5507 2256 5563 extendebat
2282 5500 2709 5577 providentiam
2743 5498 2814 5554 ad
2849 5495 3072 5552 alienos
3095 5492 3348 5564 quadam
3371 5488 3552 5577 inter-

1902 5594 2046 5652 dum
2075 5576 2537 5652 intumescentes
2563 5587 2776 5646 ﬁducia
2807 5583 3102 5660 potentia,
3128 5594 3383 5652 quorum
3413 5576 3552 5634 etle-
