4242 6438
691 408 799 469 983

1997 417 2298 481 GEORGII
2339 428 2799 487 PACHYMKBE

3999 432 4095 487 984

690 534 905 633 ἄλλους
935 532 1065 633 δόρυ
1096 539 1260 591 κινῶν
1282 534 1567 633 ,ἠνάγκαζε
1594 544 1722 633 τοῖς
1780 545 2023 618 μετρίοις
2082 554 2343 621 χρῆσθαι,
2375 557 2429 622 Α
2457 552 2606 606 Matio
2634 555 2736 627 γὰρ
2769 553 2964 630 φθόνον
2996 552 3234 609 πεδίλων
3290 556 3419 610 εἶναι
3450 552 3812 633 κοκκοϐαφῶν
3867 557 3961 609 καὶ
4018 557 4110 631 βα-

688 626 751 679 τὸ
787 626 880 696 μὲν
916 624 1222 697 αὐτόνομον
1277 624 1339 681 ἐκ
1365 627 1545 703 τύχης
1592 626 1823 704 ἔχοντας
1854 640 1988 709 σφᾶς
2019 638 2107 689 xu?
2136 632 2345 709 συμϐά-

695 733 888 785 ματος,
936 714 999 767 τὸ
1028 711 1074 767 δ’
1120 712 1309 779 ἄλλως
1358 716 1491 791 ὑπὲρ
1547 719 1615 772 τὰ
1670 718 1983 793 ἐσκαμμένα
2035 722 2211 795 πηδᾷν
2258 728 2348 780 καὶ

698 801 976 877 βασιλείας
1057 799 1287 865 δικαίοις
1344 809 1774 881 κατωφρυῶσθαι
1840 809 2167 875 κινδυνῶδες
2220 815 2347 869 ἑαυ-

689 896 810 951 τοῖς
868 886 1158 963 μαθόντας·
1219 896 1299 965 τῷ
1358 890 1416 948 δέ
1472 916 1531 968 γε
1586 902 1685 964 τῆς
1734 903 1842 953 τῶν
1897 905 2085 969 Λαζῶν
2120 904 2347 978 ἄρχοντι

690 980 911 1055 Ἰωάννῃ
990 983 1344 1054 παρασήμοις
1400 982 1708 1057 βασιλικοῖς
1760 984 2173 1061 ἐμπομπεύοντι
2209 1034 2222 1059 ,
2284 991 2347 1047 ού

691 1068 852 1140 μετὸν
911 1066 1058 1130 ὅλως
1120 1069 1407 1144 βασιλείας
1456 1071 1667 1146 ἐκείνῳ,
1750 1076 1982 1149 πέμπων
2066 1077 2345 1143 πολλάκις

688 1155 1004 1244 ἐπήγγελλε
1038 1164 1141 1227 τῆς
1178 1159 1273 1231 μὲν
1325 1161 1441 1214 καθ’
1491 1160 1650 1216 αὐτὸν
1701 1163 1941 1235 ἐξουσίας
1976 1165 2170 1237 ἀνέδην
2198 1167 2344 1244 ἔχειν

684 1244 759 1307 ὡς
798 1243 1078 1320 βούλεται,
1112 1245 1399 1320 ὀνομάτων
1435 1246 1492 1304 δὶ
1519 1250 1609 1305 καὶ
1649 1256 1995 1328 παρασήμων
2048 1243 2347 1331 βασιλικῶν

683 1332 974 1412 φείδεσθαι·
1032 1332 1173 1408 μηδὲ
1220 1336 1325 1411 γὰρ
1385 1338 1555 1411 ἄξιον,
1615 1340 1779 1397 αὐτοῦ
1843 1343 2117 1418 βασιλέως
2166 1343 2322 1409 ὄντος

680 1423 764 1476 ἐπ’
820 1424 985 1478 αὐτοῦ
1048 1424 1330 1499 βασιλείου
1390 1429 1571 1482 θώκου
1628 1430 1718 1485 καὶ
1776 1431 2014 1502 πόλεως,
2072 1436 2163 1489 καί
2192 1409 2345 1499 τινας

685 1510 896 1601 ἄλλυυς
952 1512 1040 1567 ἐπὶ
1096 1518 1194 1568 τοῦ
1256 1514 1505 1587 μείζονάς
1562 1520 1743 1574 τεκαὶ
1776 1521 2347 1601 ὑπερτάτουφημίζε-

685 1601 804 1653 σθαι
838 1600 1171 1673 ἀξιώματος,
1219 1604 1364 1658 άΑΛὰ
1412 1604 1575 1681 μέρος
1622 1604 1750 1663 ὄντα
1798 1612 2045 1667 κάκεῖνον
2094 1600 2344 1667 ἐπισυνά-

684 1710 835 1742 πτειν
868 1694 946 1761 τῷ
977 1688 1115 1761 ὅλῳ,
1171 1690 1302 1763 μηδ’
1334 1693 1477 1747 οὕτω
1514 1696 1773 1771 βασιλικῇ
1803 1699 1947 1772 τάξει
1985 1702 2083 1769 τὴν
2137 1701 2343 1777 σύγχυ-

686 1800 766 1832 σιν
828 1778 1124 1854 ἐπιφέρειν.
1187 1780 1363 1837 Τοῦτο
1421 1790 1557 1858 γοῦν
1616 1787 1895 1851 πολλάκις
1952 1796 2125 1846 ποιῶν
2187 1792 2338 1848 οὐδὲν

682 1867 849 1922 πλέον
901 1867 1092 1937 ἤνυτεν
1122 1868 1157 1938 ἢ
1186 1871 1249 1959 τᾼὸ
1282 1869 1458 1927 δοκεῖν
1513 1874 1678 1947 μηδὲν
1713 1874 1857 1952 ἔχων
1892 1880 2122 1935 ἀνύτειν·
2155 1890 2337 1959 ’Υπερ-

678 1958 870 2033 ηφάνει
924 1959 1025 2031 γὰρ
1090 1954 1365 2036 βάρϐαρος
1427 1959 1500 2016 ὥν
1549 1964 1639 2018 καὶ
1703 1967 1985 2044 ὑπερεώρα
2038 1972 2137 2038 τήν
2172 1954 2332 2046 πρόσ·

676 2046 846 2115 ταξιν,
906 2046 997 2100 καί
1054 2068 1203 2110 τινας
1261 2052 1558 2127 προφάσεις
1614 2059 1711 2109 τοῦ
1754 2058 1829 2129 μή
1888 2059 2048 2121 αὐτὸς
2080 2061 2335 2135 κατάρξαι

672 2140 773 2225 τῆς
804 2133 893 2225 ἐπὶ
925 2136 1142 2197 τούτοις
1168 2133 1525 2225 παραϐασίας,
1584 2142 1712 2199 ἀλλ’
1753 2145 1867 2200 ’ἀπὸ
1911 2149 2160 2222 πατέρων
2188 2133 2335 2225 ἔχειν

676 2220 1009 2311 ἐπλάττετο·
1070 2224 1292 2300 προσέτι
1353 2226 1411 2283 δὲ
1471 2229 1613 2301 μηδὲ
1669 2231 1796 2296 τοὺς
1852 2237 1977 2311 περὶ
2036 2220 2334 2309 αὐτὸν-ἒᾷν

676 2308 834 2384 ἔλεγε
859 2312 1111 2369 κολούειν
1164 2315 1339 2380 οὕτως
1387 2318 1602 2394 ἀξίωμα
1649 2308 1932 2399 πατρικὸν.
1961 2326 2021 2382 ἐκ
2076 2308 2339 2384 πλείστου

674 2401 766 2456 καὶ
794 2402 849 2464 ἐς
896 2402 1056 2458 αὐτὸν
1106 2406 1317 2477 κατιὸν,
1373 2408 1505 2481 μηδ’
1551 2411 1768 2476 ἀκλεεῖς
1816 2418 1906 2470 καί
1956 2419 2155 2481 αὐτοὺς
2202 2420 2335 2475 εἶναι

672 2490 737 2545 τὸ
790 2491 959 2567 μέρος
1018 2494 1265 2557 εὐκλείας
1322 2500 1673 2573 περηθέντος
1743 2503 1944 2561 ἐκείνου
2020 2508 2335 2582 βασιλικῆς.

679 2709 915 2803 τθοιθω,
937 2723 1065 2763 sese
1097 2724 1277 2781 supra
1311 2713 1551 2771 modum
1586 2721 1979 2793 arrogantiam
2005 2728 2333 2797 temperare

682 2813 749 2852 ac
781 2798 1175 2869 comprimere
1208 2803 1504 2861 studebat.
1539 2810 1661 2873 Quo
1695 2810 1753 2865 in
1786 2827 2003 2883 genere
2025 2814 2172 2871 alios
2201 2815 2331 2887 qui-

682 2887 815 2941 dem
842 2903 993 2957 quos
1026 2888 1262 2945 fortuna
1290 2908 1539 2950 casusve
1570 2898 1785 2971 aliquis
1818 2903 2079 2974 suijuris
2100 2909 2159 2959 et
2174 2904 2332 2961 omni

677 2976 1050 3045 subjectione
1084 2978 1297 3036 liberos
1348 2983 1600 3053 fecisset,
1638 3004 1817 3044 manu
1841 2997 2069 3048 armata
2112 2995 2330 3050 fastum

673 3064 989 3154 demittere
1022 3069 1229 3139 coegit,
1265 3070 1397 3126 belli
1430 3074 1855 3135 offensionibus
1884 3081 2122 3138 edoctos
2152 3100 2327 3154 quam

678 3153 1074 3224 periculosum
1108 3157 1254 3229 ipsis
1289 3167 1457 3231 esset_
1475 3167 1775 3223 transilire
1805 3171 2115 3239 cancellos,
2150 3153 2208 3227 et
2237 3190 2332 3228 su-

2458 641 2667 703 σιλείας
2713 643 2983 715 ὀνόματος
3012 649 3092 716 τῷ
3142 645 3225 717 ]Ρ.
3259 647 3387 717 354]
3432 645 3499 699 τὰ
3557 645 3726 717 μείζω
3783 643 3996 718 ἔχοντι’
4051 646 4111 697 τὰ

2460 726 2509 782 δ’
2559 731 2649 798 ἦν,
2701 731 2777 795 ὡς
2831 726 3038 804 ἔλεγεν,
3076 731 3388 795 ὑπόπτωσίς
3417 754 3475 788 τε
3498 734 3589 788 καὶ
3621 731 3853 799 δουλική
3884 732 4111 807 ἐντυχία

2457 818 2544 871 καὶ
2604 818 2871 894 εἰρηνικαὶ
2928 817 3155 875 σπονδαὶ
3212 822 3301 875 καὶ
3373 821 3509 895 πρὸς
3565 822 3629 875 τὸ
3682 822 4108 896 συγκεχωρηκὸς

2457 904 2539 983 ἐφ’
2593 910 2810 963 ἅπασιν.
2864 911 3048 984 ’Ἐγνω
3100 915 3231 983 γοῦν
3263 911 3292 964 ὁ
3347 915 3559 985 κρατῶν
3593 908 3682 964 διὰ
3708 915 3880 964 ταῦτα
3913 909 4105 981 μετελο

2458 996 2568 1049 θεῖν
2626 996 2814 1059 ἄλλως
2866 999 2957 1052 τὸν
3014 999 3295 1070 Ἰωάννην,
3353 999 3441 1053 καὶ
3505 997 3718 1071 μᾶλλον
3751 998 4106 1053 δτικαὶνὲον

2458 1083 2545 1138 ἰπὶ
2591 1089 2692 1150 τῆς
2743 1087 2925 1161 ἀρχῆς
2971 1088 3287 1151 καθίστατο.
3335 1085 3500 1157 Κήδει
3548 1093 3677 1161 γοῦν
3725 1088 3953 1159 θέμενος
4002 1086 4107 1141 εἶσι

2458 1175 2791 1242 ποιήσασθαι
2846 1176 2935 1230 καὶ
2994 1177 3057 1230 τὸ
3115 1173 3187 1229 δι’
3243 1176 3479 1249 ὑποψίας
3536 1176 3672 1230 εἶναι
3722 1179 3821 1229 τοῦ
3847 1174 4107 1230 κολούειν

2455 1260 2645 1325 ἄλλως
2677 1262 2850 1326 θέλειν
2893 1266 2994 1332 τήν
3047 1264 3291 1335 ἐξουσίαν
3338 1264 3431 1319 καὶ
3478 1264 3554 1336 μὴ
3590 1264 3710 1318 κατ’
3756 1264 3887 1318 αὐτὸ
3916 1264 3981 1317 τὸ
4009 1266 4109 1335 τῆς

2459 1350 2737 1426 βασιλείας
2765 1349 2973 1407 δίκαιον
3007 1351 3369 1428 ἐπαγγέλλειν
3406 1354 3507 1421 τὴν
3544 1352 3910 1430 μεταμφίασιν
3957 1352 4111 1406 ἄναι-

2456 1446 2567 1515 ρεῖν
2601 1441 2775 1513 (παισῖ
2803 1442 2906 1515 γὰρ
2938 1441 3163 1503 οἰκείοις
3194 1443 3270 1514 μή
3304 1441 3366 1496 ἃν
3405 1436 3553 1517 ἔχειν
3584 1443 3773 1516 χώραν
3809 1440 4107 1517 βούλεσθαι

2451 1530 2515 1583 τὸ
2566 1534 2671 1583 τῶν
2733 1528 2954 1585 δικαίων
3013 1531 3161 1609 σφίσι
3218 1532 3587 1608 καθυφεικὸς),
3622 1535 3840 1606 πρῶτον
3896 1531 3993 1601 μὶν
4052 1529 4111 1583 ὲκ

2452 1617 2715 1674 πλείστου
2794 1626 3075 1694 μεγιστᾶσι
3142 1619 3232 1675 καὶ
3306 1625 3496 1696 σοφοῖς
3545 1621 3642 1681 τὰς
3699 1620 3838 1693 πρὸς
3899 1619 4111 1673 ἐκεῖνον

2451 1703 2737 1781 πρεσϐείας
2767 1707 3078 1784 ἐκπληροῦν
3128 1706 3287 1785 ἔγνω,
3339 1711 3414 1771 ὡς
3472 1707 3532 1763 ἂν
3567 1707 3680 1780 ἅμα
3725 1709 3820 1780 μὲν
3868 1712 3951 1779 τῷ
4004 1713 4112 1761 τῶν

2452 1800 2763 1871 προσώπων
2816 1799 3169 1872 ἀξιωματικῷ
3208 1800 3422 1859 ἱκανοὺς
3450 1799 3518 1851 τὰ
3546 1800 3598 1859 ἐς
3628 1797 3803 1851 πίστιν
3839 1792 3948 1871 ἔχῃ
3979 1798 4108 1857 τοὺς

2453 1885 2650 1961 λόγους
2684 1885 2943 1943 δεικνύειν
3006 1885 3185 1955 ὄντας,
3246 1890 3358 1959 ἅμα
3417 1886 3474 1941 δὲ
3520 1888 3611 1941 καὶ
3662 1886 3732 1959 τῇ
3765 1888 3882 1940 κατ’
3914 1886 4115 1947 αὐτους

2451 1972 2728 2051 ἐπιστήμῃ
2761 1981 2870 2031 τῶν
2904 1973 3083 2052 λόγων
3115 1978 3317 2040 πείθειν
3346 1979 3429 2038 οἷς
3480 1976 3615 2050 λέγῃ
3647 1976 3737 2029 καὶ
3778 1980 3954 2029 πᾶσαν
3989 1994 4115 2049 χει-

2450 2065 2633 2141 ρίστην
2694 2066 2970 2139 ἐκκρούειν
3027 2062 3305 2121 ὑπόνοιαν.
3361 2067 3459 2120 Διὰ
3512 2070 3679 2120 ταῦτα
3735 2066 3825 2119 καὶ
3860 2067 3889 2118 ὁ
3942 2063 4113 2137 μέγας

2450 2155 2751 2227 Λογοθέτης
2782 2156 2809 2208 ὁ
2844 2153 3249 2228 ’Λκροπολίτης
3306 2151 3383 2208 ἔτι
3443 2158 3547 2223 ζῶν
3596 2150 3987 2218 ἀπεστέλλετο,
4022 2152 4114 2205 καὶ

2447 2243 2474 2295 ὁ
2523 2250 2625 2311 τῆς
2673 2244 2930 2318 Μεγάλης
2962 2243 3259 2312 ἐκκλησίας
3313 2244 3478 2319 μὲγας
3531 2242 3884 2314 οἰκονόμοςὸ
3938 2246 4112 2315 Ξιφι-

2448 2330 2622 2401 λῖνος,
2669 2328 3134 2404 μεσολαϐήσοντες
3198 2333 3291 2404 μὶν
3352 2333 3444 2386 καὶ
3500 2331 3565 2386 τὰ
3615 2336 3717 2386 τοῦ
3774 2328 3984 2400 κήδους
4018 2330 4107 2400 (ἦν

2447 2421 2548 2495 γάὸ
2593 2421 2685 2475 καὶ
2732 2422 2889 2495 τρίτη
2943 2424 3181 2497 θυγάτηρ
3210 2421 3290 2494 τῷ
3343 2421 3560 2496 βασιλεῖ
3612 2417 3872 2491 Εὐδοκία,
4043 2416 4109 2486 δὴ

2446 2510 2801 2586 συναρμόζειν
2853 2510 2929 2573 εἷς
2985 2513 3199 2585 γάμους
3257 2515 3337 2583 τῷ
3374 2512 3601 2584 Ἰωάννῃ
3633 2505 3943 2581 ἐϐούλετο),
3976 2506 4109 2563 πεί-

2449 2727 2483 2781 d
2500 2726 2787 2783 orisillius
2819 2726 3044 2799 antiqui
3069 2744 3161 2783 res
3183 2727 3239 2782 id
3250 2725 3543 2782 uisadhuc
3556 2724 3921 2797 quibusdam
3936 2725 4111 2795 quasi

2443 2816 2625 2871 radiis
2653 2816 2965 2889 fulgerent.
3002 2817 3119 2873 Nec
3176 2833 3305 2872 esse
3355 2832 3461 2871 cur
3513 2814 3848 2870 invideatur
3905 2812 4103 2867 honos

2441 2906 2757 2961 rubrorum
2790 2906 3115 2962 calceorum
3148 2911 3205 2961 et
3234 2906 3393 2976 regni
3413 2920 3625 2960 nomen
3644 2903 3875 2973 majora
3898 2901 4108 2972 utique

2441 2994 2705 3051 habenti.
2758 2996 2854 3051 Sic
2884 2986 3002 3063 ille,
3028 3012 3130 3067 per
3188 2995 3286 3050 illa
3316 2996 3563 3065 majora,
3615 2991 3834 3063 quibus
3895 2991 4015 3045 frui
4048 3006 4110 3045 se

2442 3084 2831 3154 gloriabatur,
2868 3086 3123 3140 innuens
3156 3084 3585 3156 prostrationes
3618 3082 3730 3152 ipsi
3764 3097 3798 3135 a
3842 3080 4109 3135 subditis

2441 3173 2498 3227 in
2534 3191 2782 3230 occursu
2816 3176 3238 3230 venerantibus
3269 3173 3390 3228 ﬁeri
3422 3172 3647 3239 solitas,
3689 3175 3746 3225 ct
3789 3169 4105 3225 tractatio-

677 3258 787 3312 pra
817 3259 995 3336 quam
1027 3261 1157 3301 sors
1189 3252 1247 3302 et
1276 3265 1415 3321 opes
1441 3252 1701 3323 ipsorum
1736 3258 1975 3326 ferrent,
2027 3277 2217 3333 usque
2254 3262 2325 3316 ad
2357 3268 2400 3336 ο
2441 3278 2545 3317 nes
2574 3262 2735 3333 pacis
2756 3280 2822 3318 ac
2853 3264 3069 3319 foedera
3092 3279 3255 3335 aequo
3304 3262 3437 3332 jure
3464 3277 3601 3315 cum
3662 3260 3944 3314 maximis
4013 3276 4106 3312 re-

680 3332 1127 3420 usurpationem
1136 3335 1363 3406 jurium
1392 3343 1685 3413 regiorum
1702 3361 2031 3420 assurgere.
2045 3332 2326 3405 Lazarum

682 3419 835 3475 520
866 3436 998 3476 vero
1060 3423 1309 3511 principi
1341 3428 1579 3502 Joanni,
1627 3436 1727 3505 qui
1789 3419 1953 3508 regni
1999 3439 2336 3511 insignibus

680 3512 901 3563 temere
933 3526 999 3565 ac
1027 3517 1233 3581 praeter
1256 3514 1341 3571 fas
1372 3522 1696 3591 assumptis
1727 3540 1789 3579 se
1829 3528 2193 3593 ostendebat,
2228 3545 2334 3583 saa-

682 3596 1219 3687 piusgdenuntiavit
1250 3604 1473 3663 nihilse
1496 3611 1733 3681 quidem
1759 3614 1994 3671 obstare
2016 3618 2332 3687 quominus

681 3685 943 3741 dominio
959 3688 1051 3743 sui
1067 3692 1432 3764 principatus
1449 3715 1549 3768 pro
1564 3699 1730 3757 libito
1751 3685 2183 3761 utereturzillud
2202 3723 2331 3762 ma-

680 3789 936 3866 gnopere
971 3794 1228 3848 monere,
1254 3784 1579 3843 abstineret
1602 3793 1839 3848 nomine
1870 3795 2161 3866 regio,nec
2192 3812 2327 3851 eum

676 3864 959 3919 vestitum
996 3872 1099 3921 aut
1130 3877 1405 3929 ornatum
1440 3877 1883 3953 adbiberet,qui
1928 3864 2324 3942 characterem

674 3954 973 4043 praeferret
1005 3959 1279 4015 Caesarem
1311 3969 1642 4033 potestatis.
1685 3972 2166 4043 Meminissetque
2209 3992 2323 4030 non

672 4041 877 4132 decere
906 4044 1124 4114 ipsum,
1187 4051 1285 4120 qui
1346 4070 1485 4123 pars
1542 4062 1699 4113 esset
1755 4060 1988 4132 imperii
2051 4041 2323 4130 Romani,

672 4131 941 4226 eiussibi
970 4135 1195 4193 cultum
1231 4145 1287 4195 et
1316 4146 1485 4199 notas
1517 4131 2170 4225 majestatisiarrogare,
2218 4155 2322 4226 qui

668 4218 929 4314 legitime
961 4226 1319 4314 constitutus
1366 4231 1425 4287 in
1458 4234 1669 4293 throno
1697 4242 1961 4312 Augusto
1994 4218 2322 4314 imperat-ri-

666 4307 749 4400 cis
776 4309 940 4364 urbis
976 4310 1084 4367 loci
1118 4316 1248 4384 ejus
1278 4318 1469 4391 ipsius
1492 4328 1549 4377 et
1576 4307 1824 4383 summas
1851 4307 2157 4400 dignitatis
2186 4333 2321 4387 ofﬂ-

672 4396 775 4492 cio
792 4405 1103 4469 cogeretur
1130 4404 1269 4461 dare
1298 4424 1558 4478 operam,
1585 4430 1656 4469 ne
1686 4396 2016 4474 membrum
2051 4436 2319 4492 exequa-

660 4490 747 4575 ret
766 4487 843 4541 'se
884 4491 1061 4560 capiti
1080 4499 1137 4548 et
1160 4495 1504 4556 discrimina
1551 4506 1842 4575 graduum
1864 4509 2105 4565 honoris
2124 4487 2317 4567 ambi-

659 4573 823 4667 tione
857 4579 1201 4639 turbulenta
1260 4573 1665 4649 confunderet.
1726 4595 1941 4653 Verum
2004 4616 2072 4655 ex
2128 4600 2309 4667 hisce,

655 4664 1037 4761 licetstspius
1069 4673 1295 4761 iteratis
1329 4680 1588 4749 monitis,
1648 4702 1762 4741 non
1796 4687 1974 4744 alium
2008 4664 2313 4761 Augustus

659 4753 921 4850 fructum
956 4760 1159 4850 retulit
1217 4780 1397 4835 quam
1450 4770 1920 4842 desperationem
1977 4753 2302 4850 quidquam

652 4842 934 4939 deinceps
971 4846 1080 4903 hac
1111 4851 1204 4907 via
1238 4856 1604 4924 proﬁciendi.
1628 4842 2058 4935 Superciliosus
2088 4842 2306 4939 quippe

655 4931 946 4989 barbarus
979 4940 1210 4995 tumore
1231 4958 1293 4997 se
1324 4943 1569 5003 inﬂabat
1599 4931 1729 5007 suo_
1753 4931 2305 5030 admonitionesque

662 5024 1002 5119 spernebat,
1035 5033 1352 5098 praitextus
1384 5035 1713 5096 obtendens
1744 5024 2305 5119 vanos,ﬁngensque

644 5124 708 5163 se
744 5127 859 5166 non
918 5114 1174 5185 primum
1236 5121 1517 5181 inchoare
1577 5128 1711 5198 ista,
1773 5114 2303 5205 quorum‘scilicet

649 5214 826 5297 usum
864 5220 894 5256 a
929 5210 1164 5297 patrum
1200 5216 1484 5287 exemplis
1513 5219 1774 5291 duceret;
1810 5240 1875 5279 ac
1926 5227 2165 5297 quando
2209 5245 2304 5283 re-

643 5288 841 5359 digere
866 5309 937 5387 se
973 5295 1125 5354 ultro
1156 5300 1213 5355 in
1250 5306 1515 5363 ordinem
1550 5288 1903 5377 vellet,haud
1941 5288 2221 5387 passuros
2241 5318 2300 5373 id

642 5384 879 5479 suos,ad
908 5386 1164 5479 dedecus
1180 5395 1428 5465 proprias
1453 5399 1788 5471 reipublicm
1812 5384 2104 5476 pertinere
2120 5413 2298 5479 ratos,

643 5473 693 5567 si
729 5473 1149 5536 transmissum
1165 5482 1321 5539 avita
1341 5490 1713 5547 successione
1729 5473 2096 5567 principatus
2119 5473 2299 5554 decus

643 5558 895 5656 dynasta
927 5565 1188 5637 ipsorum
1222 5573 1499 5646 degeneri
1532 5558 1755 5638 vilitate
1795 5558 2093 5655 abjiceret.
2127 5590 2295 5644 Haud

640 5661 797 5702 enim
834 5668 895 5707 se
919 5658 1041 5711 tam
1064 5663 1569 5736 contemptibilem
1595 5670 1955 5743 imperiilate
1979 5677 2298 5735 clarissimi

639 5743 870 5811 partem
903 5760 1054 5817 esse,
1087 5753 1153 5807 ut
1183 5749 1410 5827 indigni
1447 5758 1631 5816 videri
1663 5761 1945 5821 deberent
1974 5764 2075 5837 qui
2100 5765 2296 5839 splen-

2446 3352 2620 3421 gibus
2651 3352 2816 3408 inita.
2854 3354 2955 3407 His
2983 3356 3312 3423 turgentem
3344 3350 3677 3421 magniﬁcis
3720 3349 3873 3404 521
3935 3348 4013 3402 de
4044 3362 4104 3402 se

2444 3441 2716 3496 sensibus
2744 3441 3054 3508 Joannem,
3090 3441 3232 3497 ﬂore
3264 3444 3544 3511 praeterea
3573 3436 3779 3493 viridis
3817 3437 4020 3492 astatis
4048 3440 4106 3490 et

2443 3527 2809 3601 principatus
2841 3531 3096 3586 novitate
3154 3529 3519 3593 ferociorem,
3579 3526 3751 3585 facile
3804 3525 4105 3581 intellexit

2443 3618 2761 3689 imperator
2789 3636 2900 3675 non
2934 3620 3045 3675 alia
3076 3620 3302 3674 ratione
3333 3617 3747 3672 adducendum
3782 3616 3856 3669 ad
3892 3614 4098 3684 subje-

2440 3708 2694 3763 otionem
2728 3726 2867 3781 erga
2918 3726 2981 3765 se
3010 3708 3269 3781 aliquam
3301 3709 3349 3763 si
3408 3722 3544 3762 eum
3606 3704 3897 3760 afﬁnitate
3947 3721 4101 3775 pra:-

2439 3803 2789 3869 occupatum
2822 3799 3152 3871 adoptionis
3178 3798 3352 3853 modo
3384 3796 3636 3868 quodam
3686 3794 3745 3849 in
3806 3792 4100 3848 familiam

2438 3886 2724 3945 insereret
2752 3906 2944 3945 suam.
2979 3888 3074 3945 Sic
3103 3888 3259 3944 enim
3294 3904 3357 3944 se
3404 3886 3490 3941 illi
3523 3883 3953 3955 suspicionem,
3984 3900 4103 3954 qua

2436 3980 2882 4035 abalienabatur
2910 3980 3016 4034 abs
3032 3974 3887 4048 se,dempturum,modestiam
3914 3975 4091 4028 istam

2435 4068 2630 4124 cultus
2660 4073 2717 4125 et
2746 4067 3055 4123 titulorum
3078 4084 3193 4123 non
3226 4066 3341 4122 alio
3384 4065 3499 4137 ipsi
3540 4062 3739 4119 animo
3772 4063 3847 4117 ab
3898 4063 4092 4133 impe-

2433 4163 2624 4213 ratore
2652 4156 2949 4230 praescribi
2985 4172 3162 4227 quam
3204 4161 3269 4210 ut
3326 4156 3730 4209 exauctoraret
3777 4152 3985 4219 ipsum
4036 4154 4097 4205 et

2422 4248 2558 4319 jure
2592 4248 2833 4303 ditionis
2867 4245 3064 4317 patrias
3098 4245 3227 4316 priv
3242 4242 3505 4299 aret.Ubi
3532 4240 3688 4295 enim
3722 4238 3773 4293 is
3805 4240 4101 4294 sensisset

2427 4337 2624 4392 vocari
2657 4352 2719 4391 se
2750 4337 2822 4390 ad
2858 4334 3137 4390 honorem
3170 4330 3540 4404 imperatorii
3588 4328 3872 4399 coniugii,
3928 4328 4090 4383 haud

2429 4425 2688 4497 amplius
2719 4424 3146 4479 formidaturus
3168 4421 3477 4476 videbatur
3505 4416 3645 4473 talia
3666 4417 4092 4486 imperatorem

2428 4514 2777 4580 machinari,
2810 4530 2943 4568 cum
2979 4517 3186 4567 natura
3221 4527 3334 4566 non
3361 4509 3508 4565 ferat
3537 4522 3772 4563 soceros
3819 4506 4092 4561 deterere

2426 4604 2772 4677 dignitatem
2809 4603 3187 4672 minuereque
3208 4616 3349 4671 opes
3375 4611 3727 4671 generorum
3755 4594 4091 4667 velle;quos

2424 4698 2627 4750 contra
2659 4692 2850 4765 patria
2892 4691 3178 4746 charitate
3235 4688 3725 4760 complectantur,
3760 4689 3818 4738 et
3877 4691 4088 4740 auctos

2417 4784 2666 4839 fortunis
2697 4798 2763 4837 ac
2796 4779 2987 4836 titulis
3040 4780 3218 4834 etiam
3278 4794 3461 4850 supra
3520 4774 3897 4831 hereditaria
3928 4774 4086 4830 bona

2417 4871 2733 4928 cumulatis
2765 4869 3027 4942 cupiant.
3074 4869 3192 4923 Hoc
3223 4867 3421 4924 animo
3480 4866 3799 4935 imperator
3832 4879 3904 4918 ac
3952 4880 4078 4934 spe,

2415 4962 2557 5017 viris
2588 4959 2988 5017 summatibus
3020 4958 3349 5029 iisdemque
3381 4951 3874 5027 prudentissimis
3922 4952 4080 5023 lega-

2415 5051 2605 5107 tiones
2638 5050 2709 5105 ad
2742 5049 3025 5105 Joannem
3055 5046 3528 5115 demandavit,ut
3546 5048 3605 5099 et
3633 5040 3899 5112 dignitas
3920 5041 4083 5112 ipso-

2415 5158 2547 5195 rum
2609 5138 2949 5195 conciliaret
3004 5135 3315 5207 promissis
3364 5134 3563 5202 ﬁdem,
3613 5134 3671 5186 et
3729 5128 4079 5201 eloquentia

2414 5229 2852 5300 dexteritasque
2888 5224 3175 5281 tractandi
3206 5228 3451 5279 cunctas
3480 5222 3742 5277 eluctata
3779 5218 4077 5290 suspicio~

2414 5337 2520 5376 nes
2552 5336 2681 5392 quae
2708 5314 3397 5388 obstarent,persuadere
3416 5313 3569 5384 quod
3590 5308 3916 5381 optabatur
3945 5313 4084 5363 tan-

2412 5412 2543 5467 dem
2579 5412 2796 5481 posset.
2832 5408 3038 5477 Itaque
3066 5421 3199 5461 cum
3239 5402 3570 5475 Acropolita
3601 5414 3865 5470 magnus
3916 5397 4078 5467 logo-

2410 5502 2592 5568 theta,
2627 5500 2767 5555 dum
2808 5499 3047 5560 viveret,
3079 5499 3207 5550 tum
3252 5492 3591 5566 Xiphilinus
3629 5492 3858 5559 Magne
3890 5488 4075 5542 eccle-

2412 5590 2509 5646 siae
2538 5604 2877 5645 ceconomus
2907 5587 2979 5643 ad
3013 5585 3191 5641 Lazos
3223 5585 3414 5649 missi,
3444 5587 3509 5638 ut
3537 5581 3817 5638 offerrent
3859 5577 4075 5633 Joanni

2411 5680 2650 5752 nuptias
2706 5676 2890 5734 tertiis
2938 5674 3311 5747 imperatoris
3368 5672 3503 5728 ﬁlim
3564 5666 3861 5732 Eudocim,
3923 5663 4072 5719 nihil

2410 5764 3076 5829 omiseruntindustria
3107 5770 3284 5839 atque
3343 5764 3513 5832 artis,
3546 5776 3663 5833 quo
3716 5755 3808 5815 vel
3868 5754 4069 5827 ipsum
