4210 6448
179 429 293 485 985

1231 435 1328 487 DE
1366 435 1738 490 MICHAELE
1774 434 2215 491 PALBOLOGO
2253 437 2386 491 LIB.
2427 438 2523 488 VI.

3473 426 3581 480 986

185 574 369 615 σοντες
400 550 457 608 δὶ
484 553 645 608 αὐτὸν
676 551 742 621 δὴ
775 555 864 608 καὶ
903 554 1033 618 τοὺς
1057 556 1177 628 περῖ
1226 555 1408 624 αὐτὸν,
1459 557 1698 618 ἐκείνους
1733 558 1826 629 μὶν
1860 562 1912 626 Α
1941 557 2122 631 γελίαν
2159 603 2172 628 ,
2229 559 2321 614 τὸν
2382 555 2440 612 δὲ
2487 555 2621 611 κατᾶ
2677 575 2796 610 τινα
2851 552 3240 628 πληροφορίαν
3269 550 3359 604 καὶ
3412 549 3593 603 πίστιν

189 643 393 718 ἐφεῖναι
422 647 502 714 τῷ
540 644 642 714 νέῳ
696 645 797 712 τὴν
853 644 988 716 πρὸς
1054 643 1278 718 βασιλέα
1338 643 1532 722 ἄφιξιν,
1591 645 1748 699 αὐτὸν
1781 644 1839 699 δὲ

188 733 384 792 πιστὰς
413 726 611 805 ἔχοντα
639 732 731 792 τὰς
771 729 995 793 ἐλπίδας
1026 733 1101 793 ὡς
1152 733 1239 786 ἐπὶ
1270 731 1461 794 καλοῖς
1493 733 1839 807 προσκαλού-

192 840 355 892 μενον
400 819 640 889 ἆπαντᾷν
703 822 835 892 μιτᾶ
886 821 1138 897 θάρρους.
1193 823 1254 878 Ὁ
1289 821 1384 894 μὲν
1435 821 1524 876 οὖν
1580 821 1833 897 βασιλεὺς

184 913 382 976 ταῦτα,
436 909 565 970 τοὺς
625 906 681 964 δὲ
752 911 879 980 μήτ’
937 909 1172 972 ἰκείνους
1222 909 1421 987 ἐφιίναι
1463 913 1525 965 τὸ
1580 914 1831 984 παράπαν

191 999 320 1069 μήτ’
351 997 511 1052 miro
563 1000 862 1072 προθυμεῖν
920 1001 1088 1067 ἣκειν·
1135 997 1374 1060 πολλοῖς
1415 1000 1515 1075 γαρ
1569 1000 1830 1074 πρότερον

187 1087 410 1161 χρόνοις
437 1086 567 1148 τοὺς
595 1086 654 1141 ὲκ
680 1087 937 1163 γειτόνων
979 1089 1114 1163 πρὸς
1173 1088 1296 1150 τοὺς
1346 1090 1615 1164 ἄρχοντας
1660 1088 1833 1143 αὐτῶν

187 1173 569 1248 ἰκγαμίζεσθαι
618 1175 708 1230 καὶ
755 1178 874 1230 καθ’
918 1177 1114 1239 αὐτοὺς
1169 1177 1325 1245 εἶναι,
1358 1178 1422 1231 τᾶ
1480 1177 1745 1252 βασιλέως
1780 1175 1831 1231 ἐν

183 1264 404 1337 ἄστροις
433 1264 827 1337 μανθάνοντας,
861 1265 950 1319 καί
980 1287 1042 1340 γε
1092 1267 1197 1342 πρὸ
1248 1271 1354 1320 τῶν
1414 1267 1504 1321 ἀπ’
1535 1267 1703 1335 αὐτῆς
1735 1287 1828 1320 κα-

184 1348 300 1406 λῶν
345 1352 434 1406 καὶ
489 1354 752 1430 μεγίστων
808 1354 877 1409 τὰ
930 1356 1065 1410 κατὰ
1120 1361 1256 1432 σφᾶς
1312 1355 1670 1429 αἱρουμὲνους
1732 1357 1829 1427 μὲ-

180 1460 326 1514 τρια.
382 1442 468 1502 Ὧς
525 1447 656 1516 γοῦν
713 1443 990 1504 ποικίλαις
1045 1441 1406 1516 συμϐουλίαις
1467 1445 1516 1498 οἱ
1574 1439 1826 1518 πρεσϐεις

188 1531 294 1584 οὐκ
324 1528 535 1593 ἔπειθον
588 1531 833 1605 λέγοντες
876 1533 1048 1586 πάντα
1087 1530 1308 1606 δεύτερα
1353 1535 1679 1605 τιθεμένομς
1726 1541 1826 1601 τῆς

184 1625 334 1695 σφῶν
371 1618 667 1689 Θελήσεως,
699 1620 838 1694 πρὺς
892 1621 1116 1695 βασιλέα
1167 1623 1493 1701 ὑπεστρεφον
1549 1620 1716 1695 μηδὲν
1765 1623 1828 1677 τὸ

183 1707 438 1781 παράπαν
479 1709 779 1770 ἀνύσαντες.
832 1710 908 1766 Οὐ
956 1712 1062 1782 μὴν
1116 1709 1170 1765 δὲ
1217 1711 1306 1765 καὶ
1341 1712 1392 1774 ἐς
1439 1710 1595 1770 τέλος
1643 1716 1829 1785 πειρᾷν

185 1793 446 1872 διαφῆκεν
481 1799 508 1852 ὁ
558 1797 835 1873 βασιλεὺς,
885 1799 1028 1854 ἀλλά
1074 1799 1571 1871 προσαποστὲλλων
1625 1801 1824 1874 συχνάς

1948 652 2053 700 τῶν
2087 647 2414 722 λεγομένων,
2463 649 2536 706 ὡς
2591 645 2677 699 ἐπὶ
2707 644 2920 703 τούτοις
2969 642 3059 695 καὶ
3105 647 3206 708 τῆς
3257 637 3589 706 Ἐκκλησίας

1946 730 2374 806 πρεσϐευούσης,
2403 732 2568 808 μηδὲν
2603 731 2803 792 εῗδυίας
2850 731 2986 785 κατὰ
3013 731 3073 783 τὸ
3123 728 3288 795 εἷκὺς,
3344 728 3417 788 ὡς
3448 725 3588 780 Exsi-

1946 845 2034 884 νος
2067 820 2243 879 ἔπειθε
2277 823 2471 898 λέγων,
2506 823 2586 900 ἐφ’
2640 825 2720 883 οἷς
2782 819 2839 872 ἂν
2895 819 2982 872 καὶ
3041 823 3125 889 [Ρ.
3182 818 3308 890 355]
3352 837 3587 888 συνομο-

1945 912 2140 986 λογοίη
2194 911 2498 987 ψεύδεσθαι,
2551 912 2686 965 ὥστε
2737 910 3002 984 παρέντας
3049 909 3143 968 τας
3196 906 3434 978 ὑποψίας
3489 906 3586 959 αὐ-

1939 1008 2055 1063 τοῖς
2112 1009 2231 1065 τοῖς
2286 1023 2563 1077 πραγμασι
2614 1001 2810 1076 κρίνειν
2880 998 2924 1052 εἰ
2982 994 3148 1051 παῖδα
3226 997 3337 1067 ἅμα
3408 1000 3582 1047 ποιεῖν

1941 1094 2144 1146 ἐκεῖνον
2171 1091 2259 1146 καὶ
2292 1092 2455 1146 κακὸν
2505 1088 2784 1165 βούλοιτο.
2836 1092 3016 1142 Ταῦτα
3067 1084 3321 1159 λέγοντες
3354 1081 3587 1150 ἔπειθον,

1940 1182 2028 1237 καί
2077 1182 2271 1256 ὅρκους
2331 1182 2595 1254 ταμόντες
2627 1181 2661 1248 ἧ
2718 1179 2827 1251 μὴν
2882 1177 2972 1232 καὶ
3027 1169 3278 1251 γαμϐρὸν
3339 1170 3585 1247 γενέσθαι

1937 1276 2033 1324 τοῦ
2069 1269 2335 1346 βασιλέως
2374 1272 2464 1326 τὸν
2521 1273 2776 1338 Ἰωάννην
2827 1267 2916 1321 καὶ
2966 1266 3100 1336 μετᾶ
3145 1262 3416 1318 πλείστων
3473 1265 3580 1316 τῶν

1934 1361 2140 1434 ἀγαθῶν
2174 1360 2476 1429 ἐπανήξειν,
2507 1357 2693 1418 καλῶς
2747 1355 2835 1410 καὶ
2883 1359 2989 1408 τῶν
3028 1352 3161 1425 ’περὶ
3212 1351 3270 1405 ἐκ
3331 1356 3471 1405 εῖνον
3500 1348 3590 1404 δε-

1943 1449 2328 1523 χθησοιιένων,
2389 1453 2595 1520 μακρᾶς
2645 1447 2776 1515 νηὸς
2807 1439 3087 1503 ἐπίϐάντες
3120 1442 3170 1502 ἐς
3200 1438 3362 1494 πόλιν
3412 1440 3583 1508 κατή-

1936 1557 2114 1609 γοντο.
2143 1536 2291 1591 Ἐπεὶ
2322 1533 2376 1589 δὲ
2421 1537 2448 1590 ὁ
2502 1533 2754 1609 βασιλεὺς
2789 1534 2880 1605 μὲν
2941 1529 3130 1604 ἔτυχεν
3163 1527 3248 1582 ἐπὶ
3286 1531 3387 1581 τοῦ
3442 1546 3579 1600 παρ-

1938 1625 2090 1685 όντος
2141 1624 2333 1694 ἀπὼν,
2394 1618 2683 1695 διατρίϐων
2746 1621 2797 1676 ὲν
2860 1616 3120 1688 Λοπαδίῳ
3173 1615 3309 1689 (ἐκεῖ
3361 1614 3460 1688 γὰρ
3519 1615 3586 1667 τὰ

1939 1715 2074 1768 κατᾶ
2108 1713 2378 1788 Σάγγαριν
2423 1711 2649 1766 διελθὼν
2701 1712 2788 1764 καί
2822 1710 2871 1784 γ’
2925 1709 3000 1768 ὡς
3055 1709 3121 1775 ἦν
3181 1704 3589 1780 κατασφαΛισά-

1939 1824 2097 1874 μενος
2131 1801 2320 1872 ἔστησε
2349 1803 2444 1869 τὴν
2497 1810 2742 1872 πορείαν,
2793 1799 2864 1859 ὡς
2923 1796 3124 1859 ἐκεῖθεν
3179 1794 3581 1867 κατοχυρώσων

183 1906 267 1946 κις
293 1889 355 1940 τὸ
391 1888 484 1958 μὶν
533 1887 772 1956 ἠπειλει,
804 1890 866 1942 τὸ
916 1887 1088 1942 δὲκαὶ
1137 1895 1254 1953 τοῖς
1300 1889 1388 1966 ἀφ’
1433 1891 1621 1944 ἑαυτοῦ
1660 1911 1821 1964 γενη-
1856 1921 1903 1986 Β
1932 1893 2019 1946 καὶ
2071 1894 2164 1952 τας
2218 1892 2354 1945 κατὰ
2380 1893 2477 1959 τήν
2535 1890 2840 1964 Ἀχυράους
2897 1889 3102 1960 ἂκρας(,
3160 1883 3361 1943 ἐκεῖνος
3393 1879 3450 1935 δὲ
3479 1886 3584 1936 τῶν

185 1975 439 2045 σομένοις
499 1975 722 2037 ἐκείνοις
779 1975 972 2038 καλοῖς
1026 1975 1300 2046 ἐδελέαζεν
1361 1977 1418 2032 ἂν
1485 1981 1647 2049 μόνον
1703 2001 1826 2032 πει-

185 2063 398 2127 σθέντες
452 2065 661 2133 ἥκοιεν.
723 2064 894 2127 Τἑλος
951 2066 1166 2120 στέλλει
1223 2068 1316 2121 τὸν
1373 2066 1672 2140 λυγοθέτην
1719 2059 1831 2122 τῶν·

183 2153 474 2208 οἷκειακῶν
530 2154 939 2228 Ἰατρόπουλον,
1000 2157 1094 2210 σῦν
1145 2155 1290 2227 αὖτῷ
1341 2153 1396 2210 δὲ
1442 2157 1532 2210 καὶ
1579 2164 1677 2225 τῆς
1709 2159 1833 2214 Ἐκ-

181 2240 417 2311 κλησὶας
449 2239 832 2318 πρεσϐύτερον,
864 2245 956 2299 τὸν
1006 2245 1098 2316 μὲν
1151 2245 1283 2300 κατᾶ
1340 2247 1506 2317 τιμὴν
1537 2250 1633 2300 τοῦ
1662 2267 1832 2321 προσ-

182 2331 532 2404 ηλουμένου
573 2333 664 2387 καὶ
720 2338 827 2388 τῶν
885 2333 990 2387 ἀπὸ
1037 2338 1132 2388 τοῦ
1182 2334 1452 2409 βασιλέως
1509 2333 1690 2389 καλῶν
1740 2337 1831 2410 ἀγα

177 2553 463 2624 juvenem
496 2553 784 2610 Joannem
817 2554 907 2610 vel
941 2557 1070 2628 ejus
1103 2555 1420 2612 familiares
1453 2573 1518 2612 ac
1568 2554 1836 2611 consilia-

188 2643 309 2698 rios
341 2642 696 2714 pellicerent,
732 2645 899 2699 illum
932 2646 1168 2716 quidem
1218 2647 1288 2700 ad
1343 2645 1830 2717 proﬁciscendum

189 2737 352 2787 metu
403 2733 556 2788 omni
612 2734 876 2804 deposito
935 2735 1532 2806 Constantinopolim,
1581 2733 1831 2789 summis

183 2821 306 2876 illic
339 2821 662 2878 honoribus
690 2823 1073 2891 dignandum,
1097 2823 1204 2878 hos
1238 2827 1429 2878 autem
1456 2825 1525 2877 ad
1560 2824 1613 2878 id
1637 2826 1829 2894 ipsum

184 2911 560 2966 suadendum
593 2927 700 2967 suo
725 2912 996 2983 principi.
1031 2915 1314 2968 Successu
1350 2919 1545 2968 tamen
1578 2913 1627 2966 is
1658 2930 1830 2968 cona-

183 3006 286 3055 tus
317 3005 442 3055 tum
465 3001 698 3071 quidem
733 3001 942 3057 caruit.
970 3006 1116 3056 Nam
1145 3018 1250 3057 nec
1282 3002 1494 3058 Lazice
1527 3001 1671 3057 aulis
1703 3018 1830 3074 pro-

181 3105 349 3144 ceres
379 3094 647 3145 auctores
674 3089 799 3144 ﬁeri
830 3090 1041 3146 Joanni
1065 3090 1376 3145 voluerunt
1399 3091 1627 3146 itineris
1669 3091 1827 3160 talis,

181 3195 290 3233 nec
325 3179 450 3249 ipse
479 3195 579 3249 per
610 3196 672 3234 se
720 3179 993 3251 princeps
1050 3181 1203 3237 522
1262 3179 1322 3234 in
1380 3180 1437 3234 id
1496 3181 1824 3252 propendit,

1937 1981 2104 2056 ὁρίων
2161 1988 2259 2048 τῆς
2311 1979 2562 2052 Ῥωμίων
2617 1973 2929 2043 ἐπιϐαίνων,
2981 1973 3188 2050 βουλὴν
3219 1973 3308 2026 καὶ
3359 1973 3411 2025 o't
3442 1972 3582 2043 πρὲ-

1943 2065 2087 2132 σ6εις
2147 2069 2418 2142 εὶσάγουσι
2476 2074 2592 2128 τοῖς
2642 2067 2777 2144 ἀμφῖ
2831 2067 2920 2120 τὸν
2981 2065 3233 2132 Ἰωάννην
3293 2061 3582 2123 ἀποθεσθαι

1939 2163 2130 2213 τοῦτον
2160 2160 2227 2213 τὰ
2257 2159 2454 2233 ἐρυθρὰ
2481 2157 2570 2212 καὶ
2620 2154 2868 2218 πεδίλοις
2906 2153 3126 2228 μέλασιν
3187 2149 3584 2220 ὑποδήσασθαι,

1943 2249 2016 2309 ὡς
2047 2246 2112 2316 δὴ
2147 2249 2346 2309 παντὸς
2380 2247 2534 2308 εὐθὺς
2569 2248 2713 2322 παρὰ
2763 2245 3031 2321 βασιλέως
3086 2237 3456 2318 γενησομένου
3487 2242 3582 2292 τοῦ

1941 2339 2056 2392 κατ’
2102 2339 2261 2392 αὐτὸν
2322 2335 2638 2410 ἐξιώματος.
2713 2338 2809 2389 Ἤν
2864 2333 2963 2409 γὰρ
3025 2333 3373 2407 συγκείμενον
3435 2327 3585 2406 σφίσι

1941 2556 2068 2624 ejus
2092 2555 2268 2622 socio,
2302 2571 2407 2611 nec
2435 2555 2808 2610 dubitaturos
2867 2551 3011 2624 ipsis
3068 2549 3300 2604 credere
3355 2543 3582 2618 pollici-

1942 2647 2262 2702 tationibus
2297 2663 2544 2718 quarum
2577 2645 2834 2700 Ecclesia
2863 2659 2988 2715 quae
3048 2640 3248 2696 fallere
3305 2637 3578 2700 nesciret,

1943 2757 2004 2796 se
2033 2740 2236 2794 vadem
2263 2738 2700 2810 quodammodo
2727 2735 3044 2802 exhiberet,
3071 2747 3309 2802 compos
3341 2729 3581 2784 eil‘ectus

1941 2835 2204 2884 votorum
2240 2831 2539 2898 Augustus
2573 2830 2680 2882 est.
2713 2829 2851 2879 Cum
2889 2823 3044 2879 enim
3111 2821 3282 2876 ambo
3339 2817 3423 2872 illi
3481 2831 3583 2886 pro

1942 2934 2004 2973 se
2028 2917 2277 2988 quisque
2303 2917 2802 2970 constestarentur
2823 2912 3043 2982 optima
3067 2909 3177 2963 ﬁde
3193 2923 3258 2961 ac
3288 2904 3585 2959 voluntate

1940 3006 2356 3075 imperatorem
2389 3019 2589 3058 vocare
2628 3001 2911 3056 Joannem
2969 2998 3030 3053 in
3090 2992 3578 3051 necessitudinem

1938 3095 2092 3151 528
2126 3094 2249 3160 ﬁlii,
2282 3098 2521 3164 paterno
2554 3091 2762 3146 deinde
2793 3089 2999 3144 aﬁectu
3029 3086 3194 3141 illum
3218 3082 3376 3140 omni
3399 3081 3582 3136 bono-

1938 3202 2067 3239 rum
2102 3199 2310 3256 genere
2344 3187 2678 3247 aucturum,
2739 3178 3021 3235 discussis
3073 3175 3324 3246 denique
3383 3171 3577 3241 suspi-

179 3284 319 3324 cnm
354 3268 745 3324 concordibus
778 3285 982 3324 omnes
1015 3271 1287 3324 sensibus
1321 3269 1579 3325 dicerent
1629 3286 1826 3325 exem-
1856 3304 1900 3370 Ο
1938 3275 2170 3329 cionum
2207 3273 2431 3328 umbris
2461 3272 2590 3327 Lazi
2624 3269 2790 3342 plane
2836 3269 3252 3331 assenserunt;
3315 3279 3378 3318 ac
3425 3261 3586 3332 jure-

181 3356 301 3427 plis
332 3373 397 3421 se
427 3357 767 3412 domesticis
797 3357 988 3412 doceri
1023 3375 1136 3412 non
1172 3359 1401 3429 evagari
1435 3358 1827 3413 afﬁnitatibus

181 3452 349 3499 extra
369 3445 608 3500 ditionis
638 3444 857 3500 limites
889 3446 1109 3516 patrias,
1144 3447 1243 3502 sed
1274 3463 1521 3517 sponsas
1555 3447 1610 3500 in
1640 3446 1833 3518 gentis

185 3537 458 3607 ejusdem
487 3536 837 3609 optimatum
869 3537 1144 3592 domibus
1176 3553 1431 3609 querere
1465 3553 1477 3590 :
1521 3537 1831 3608 imperato-

188 3627 348 3681 rium
381 3642 514 3682 vero
545 3642 732 3697 genus
779 3642 844 3680 ac
874 3627 1141 3698 stirpem,
1175 3626 1333 3682 velut
1365 3641 1459 3681 res
1487 3626 1630 3682 votis
1661 3643 1831 3682 acca-

196 3720 301 3786 ptu
337 3715 588 3786 propriis
620 3713 1060 3786 superiores,sic
1083 3716 1299 3770 intueri
1332 3721 1396 3770 ut
1419 3715 1618 3772 stellas
1640 3716 1832 3772 homi—

194 3821 301 3859 nes
334 3821 400 3860 ac
431 3803 554 3859 cceli
587 3803 780 3859 sidera
813 3805 1008 3859 mirari
1044 3805 1254 3873 solent,
1289 3821 1415 3876 qua:
1475 3805 1698 3861 scilicet
1751 3805 1834 3861 ita

191 3893 534 3965 suspiciunt
568 3898 632 3949 ut
661 3893 731 3947 ad
766 3898 1097 3949 contactum
1130 3910 1330 3949 eorum
1363 3911 1396 3949 a
1427 3899 1637 3950 natura
1660 3910 1833 3965 nega-

187 3988 319 4038 tum
356 4000 467 4038 non
502 3982 780 4055 aspirent.
810 3982 1085 4038 Viderent
1114 3983 1289 4052 igitur
1319 4000 1495 4054 quam
1551 4001 1662 4039 non
1698 3985 1835 4040 fuis-

188 4079 283 4129 set
313 4090 462 4144 opus
511 4074 911 4128 commendari
958 4075 1029 4128 ab
1077 4074 1427 4145 imperatore
1485 4075 1831 4131 modestiam

186 4163 263 4217 iis
296 4163 398 4232 qui
434 4179 589 4217 nunc
619 4161 945 4218 oblatorum
974 4163 1126 4218 ultro
1149 4163 1294 4234 ipsis
1327 4163 1608 4219 bonorum
1645 4167 1833 4220 maxi-

189 4268 426 4306 morum
459 4251 838 4324 splendorum
873 4269 986 4308 non
1021 4252 1361 4308 dubitarent
1393 4268 1662 4309 recusare
1692 4258 1832 4309 tan-

191 4357 376 4412 quam
415 4339 831 4396 mediocritatis
861 4341 1148 4412 ipsornm,
1183 4358 1298 4413 qua
1321 4342 1578 4396 contenti
1612 4348 1829 4414 essent,

183 4428 568 4484 excedentem
601 4429 864 4484 modum.
885 4428 1034 4500 Ergo
1067 4428 1243 4500 legati
1272 4429 1471 4484 omnia
1502 4429 1719 4486 frustra
1737 4448 1831 4486 ex-

184 4518 362 4589 perti,
385 4519 573 4574 redire
630 4519 866 4575 tandem
915 4520 984 4574 ad
1035 4519 1446 4590 imperatorem
1507 4538 1566 4576 re
1617 4523 1831 4577 infecta

181 4612 330 4664 sunt
362 4607 561 4664 coacti.
595 4608 709 4664 Nec
739 4613 931 4664 tamen
965 4607 1062 4663 ille
1119 4609 1310 4664 adhuc
1339 4610 1648 4680 despondit
1706 4611 1829 4666 ani-

1934 3365 2189 3435 jurando
2223 3381 2254 3418 a
2285 3362 2492 3435 legatis
2523 3365 2911 3432 accepto,quo
2944 3356 3179 3412 nomine
3212 3349 3582 3424 imperatoris

1942 3459 1998 3508 et
2029 3455 2425 3525 suaipsorum
2479 3451 2590 3506 ﬁde
2643 3453 2842 3504 sancte
2907 3445 3271 3518 spondebant
3342 3438 3582 3496 omnino

1945 3543 2066 3597 fore
2099 3548 2162 3597 ut
2191 3543 2446 3598 Joannes
2478 3536 3046 3608 Constantinopolim
3077 3532 3446 3607 proﬁciscens
3501 3527 3581 3582 ibi

1943 3632 2125 3686 ﬁliam
2159 3628 2532 3702 imperatoris
2559 3628 2796 3682 duceret
2826 3641 3086 3689 uxorem,
3119 3640 3184 3678 ac
3231 3637 3363 3676 mox
3411 3617 3582 3673 bonis

1943 3719 2381 3790 honoribusque
2436 3716 2774 3773 cumulatus
2833 3714 3228 3770 remitteretur
3311 3709 3578 3773 domum,

1943 3810 2186 3865 comites
2217 3823 2448 3880 quoque
2479 3823 2618 3862 suos
2665 3803 3013 3860 liberalitate
3068 3799 3314 3872 Augusti
3367 3798 3582 3852 ditatos

1943 3900 2230 3954 reducens
2260 3913 2483 3963 secum,
2509 3911 2652 3951 nave
2681 3892 2860 3950 simul
2881 3908 3084 3948 omnes
3108 3891 3281 3962 longa
3301 3901 3584 3943 conscen-

1945 4005 2236 4044 saversus
2269 3988 2471 4042 urbem
2528 3986 2844 4041 solverunt.
2903 3981 3188 4050 Quoniam
3246 3995 3378 4034 vero
3440 3979 3584 4033 forte

1943 4085 2083 4135 tunc
2115 4080 2360 4151 contigit
2399 4079 2599 4134 abesse
2652 4077 2724 4132 ab
2784 4077 2926 4130 urbe
2971 4075 3376 4144 imperatorem
3427 4085 3587 4124 com-

1947 4175 2266 4224 morantem
2298 4169 2365 4222 ad
2399 4165 2738 4237 Lapadium,
2770 4163 2966 4235 ibique
2997 4162 3286 4216 intentum
3322 4157 3402 4213 vel
3440 4174 3586 4229 prm-

1941 4261 2238 4315 vertendis
2273 4258 2503 4313 damnis
2530 4255 2617 4312 vel
2649 4255 2838 4311 ruinis
2883 4252 3224 4325 reparandis
3275 4249 3578 4321 regionum

1943 4351 2096 4406 circa
2125 4349 2425 4421 Sangarim
2457 4346 2588 4418 (hoc
2619 4346 2774 4402 enim
2809 4349 2873 4399 ut
2904 4347 3099 4414 ageret
3131 4341 3336 4396 itinere
3379 4355 3584 4395 versus

1940 4440 2072 4495 illas
2105 4444 2299 4511 partes
2331 4441 2626 4510 suscepto,
2665 4435 2906 4508 Lopadii
2965 4431 3404 4488 consistendum
3467 4431 3581 4486 sibi

1941 4531 2417 4601 putaverat,inde
2446 4527 2717 4584 videlicet
2745 4523 2958 4580 vicinia
2981 4522 3070 4578 sui
3104 4525 3423 4591 czeteraque
3448 4537 3583 4592 pro-

1942 4620 2201 4677 videntia
2232 4621 2572 4675 ﬁrmaturus
2604 4618 2883 4673 adversus
2911 4613 3025 4667 vim
3068 4611 3358 4667 Persicam
3414 4626 3584 4665 arces

182 4713 382 4766 mum.
413 4697 509 4753 ³εά
534 4697 665 4754 aliis
694 4714 762 4754 60
791 4702 964 4769 atque
1018 4696 1149 4754 εἶίίε
1206 4673 1594 4772 legationibus
1628 4704 1830 4758 Crebro
1867 4673 1911 4739 Β
1945 4673 2519 4765 illiusli—m—itissitas
2550 4707 2618 4761 ad
2681 4701 3055 4766 Acberaumi,
3094 4699 3270 4770 legati
3306 4698 3575 4768 Romam)

182 4789 580 4859 missitandis,
611 4788 748 4846 hinc
779 4795 993 4848 terrere
1026 4789 1122 4845 illo
1159 4791 1360 4861 minis,
1410 4792 1544 4847 inde
1601 4793 1834 4850 allicere

181 4877 525 4950 promissis,
557 4883 614 4934 et
644 4896 777 4936 cum
800 4881 1105 4937 universos
1136 4884 1260 4934 tum
1281 4879 1546 4951 singulos
1561 4882 1829 4952 privatim

178 4967 625 5024 accomnodatis
655 4971 726 5025 ad
759 4971 1044 5042 cujusque
1071 4985 1205 5042 spes
1237 4987 1303 5025 ac
1341 4975 1572 5042 captum
1610 4977 1833 5032 tentare

178 5058 564 5114 sermonibus
603 5076 718 5116 non
767 5060 1014 5129 destitit,
1072 5059 1354 5116 terribilia
1413 5059 1711 5119 intentans
1769 5067 1827 5120 ni

178 5147 470 5217 facerent,
503 5153 733 5206 montes
793 5167 1002 5207 aureos
1061 5148 1367 5222 pollicens,
1428 5151 1478 5206 si
1535 5153 1826 5223 audirent,

174 5238 380 5308 quoad
404 5239 641 5295 tandem
676 5239 855 5296 misso
887 5240 1025 5297 illuc
1049 5242 1345 5314 logotbeta
1369 5243 1824 5302 domesticorum

173 5325 502 5398 latropulo,
537 5328 629 5383 cui
671 5329 943 5392 comitem
977 5329 1242 5385 Ecclesiae
1276 5331 1678 5404 presbyterum
1731 5337 1824 5390 ad-

161 5417 393 5486 junxit,
427 5416 512 5472 sic
542 5434 742 5474 secum
775 5424 1076 5491 reputans,
1111 5418 1419 5492 logotbeta;
1475 5423 1822 5494 dignitatem

167 5506 492 5562 valituram
517 5507 586 5562 ad
621 5508 943 5565 faciendam
977 5510 1150 5565 ﬁdem
1187 5511 1397 5566 sinceri
1453 5512 1824 5585 imperatoris

166 5594 362 5651 animi
392 5594 448 5649 in
483 5597 896 5667 promittendis
926 5598 1099 5655 bonis
1151 5599 1491 5672 ingentibus
1547 5619 1674 5673 quae
1723 5604 1823 5660 tali

165 5684 500 5757 interprete
529 5685 1094 5757 oﬂ‘erret,cumulnm
1130 5705 1261 5746 vero
1292 5691 1693 5762 persuasionis
1714 5695 1822 5750 ad-

164 5775 435 5831 ditnram
468 5773 922 5834 ecclesiasticam
974 5778 1318 5851 gravitatem
1377 5781 1702 5838 elucentem
1759 5783 1817 5840 in

1939 4800 2222 4857 Joannem
2262 4801 2467 4854 Lazum
2511 4797 2886 4863 deducentes,
2937 4809 3004 4847 ea
3050 4789 3421 4862 imperatoris
3480 4788 3582 4842 ab-

1941 4891 2130 4945 sentia
2161 4890 2345 4944 obiter
2373 4886 2626 4958 cognita,
2655 4884 2753 4939 ubi
2779 4883 3031 4954 primum
3088 4880 3233 4934 ﬁnes
3282 4878 3579 4933 Romanos

1939 4977 2651 5052 attigerunt,occasionem
2684 4973 2819 5028 inde
2838 4975 3164 5043 opportune
3201 4971 3582 5039 sumpserunt

1937 5067 2288 5142 suggerendi
2323 5064 2533 5122 Joanni
2577 5062 2872 5134 eleganter
2929 5059 3219 5113 facturum
3279 5056 3470 5126 illum,
3531 5055 3580 5110 si

1936 5159 2130 5215 rubris
2158 5154 2570 5214 calceamentis
2627 5151 2927 5224 paulisper
2956 5149 3143 5204 exutis
3178 5149 3344 5220 nigra
3374 5147 3583 5202 indue-

1935 5254 2021 5304 ret
2051 5264 2235 5318 usque
2268 5248 2338 5302 ad
2373 5242 2744 5316 imperatoris
2789 5240 2944 5295 brevi
2989 5238 3250 5294 adfuturi
3300 5237 3578 5292 reditum.

1935 5341 2002 5396 Et
2031 5340 2079 5394 si
2113 5339 2264 5395 enim
2295 5339 2350 5392 in
2379 5337 2643 5392 discessu
2669 5336 3017 5388 conventum
3043 5330 3370 5401 interipsos
3396 5328 3585 5384 fuerat

1934 5430 2331 5501 profecturum
2363 5427 2651 5482 Joannem
2680 5439 2810 5478 cum
2847 5421 2957 5478 sibi
3007 5420 3197 5476 solitis
3243 5418 3577 5490 insignibus

1931 5518 2241 5590 despoticae
2275 5517 2607 5590 potestatis,
2646 5518 2840 5568 tamen
2872 5527 3112 5567 causam
3145 5525 3273 5566 esse
3304 5508 3575 5564 idoneam

1931 5606 2300 5664 disserebant
2334 5621 2437 5661 cur
2467 5605 2526 5658 in
2575 5619 2640 5658 eo
2698 5606 2824 5657 tum
2885 5600 3189 5673 quidpiam
3250 5598 3577 5654 remitteret

1930 5714 2064 5754 cum
2122 5697 2339 5754 foenore
2392 5693 2588 5768 gloriae
2647 5709 2781 5748 mox
2832 5695 3174 5764 recepturus
3251 5687 3572 5745 honoriﬁco

1927 5788 2176 5860 Augusti
2200 5785 2423 5860 judicio
2447 5785 2504 5840 id
2538 5784 2692 5857 quod
2717 5783 2916 5841 volens
2940 5784 3008 5840 ad
3041 5787 3277 5854 tempus
3302 5777 3581 5836 brevissi-
