4210 6448
647 343 750 396 987

1950 344 2251 402 GEORGII
2289 344 2749 399 PACEYMERB

3938 340 4050 394 988

639 466 730 520 καὶ
796 466 864 520 τὰ
927 473 1026 536 τῆς
1111 464 1426 529 δεσποτείας
1510 467 1716 523 ἐκεῖνον
1795 461 2648 546 ἆμφιϐαλλόμενοςΑήρεμεῖν,
2693 463 2838 521 ἀλλὰ
2902 465 2991 521 καὶ
3049 463 3202 530 αὖθις
3257 461 3493 528 σπονδὰς
3548 463 3753 525 ἰκείνας
3810 465 4053 539 συγχέας

640 550 915 626 σύμϐολα,
947 556 1064 628 ἅμα
1091 557 1170 628 τῷ
1209 554 1377 611 παῖδα
1423 558 1694 632 γενέσθαι,
1720 561 2031 631 περιφανῶς
2077 555 2288 619 ἐσαῦθις

642 642 970 712 χλεῗζεσθαι.
1005 645 1079 702 Τὸ
1121 643 1168 700 δ’
1216 644 1300 700 ἐπ’
1347 645 1595 722 ὶρυθροῖς
1651 641 2083 720 μεταλαμϐάνειν
2133 645 2201 700 τὰ
2230 645 2289 699 ἐκ

644 733 926 810 πορφύρας
955 732 1155 810 δίχροα
1189 737 1265 809 μή
1322 735 1412 791 καὶ
1470 735 1616 797 ὅλως
1672 735 1908 808 ἀπρεπὲς
1954 734 2012 809 ᾖ,
2043 736 2179 805 πρὸς
2209 738 2287 805 τῷ

644 821 736 876 καὶ
770 821 958 885 ἄλλως
990 820 1250 899 δυσχερὲς
1298 831 1526 902 φανῆναι
1557 830 1636 895 τῷ
1697 823 1930 898 βασιλεῖ.
1987 828 2162 878 Ταῦτα
2194 822 2288 878 λέ-

641 909 820 979 ξαντές
849 933 907 966 τε
944 913 1034 966 καὶ
1081 912 1374 987 πράξαντες
1435 918 1498 987 τῇ
1554 913 1712 969 πόλει
1772 913 2163 987 προσίσχουσι,
2193 909 2282 966 καὶ

637 999 774 1052 κατὰ
828 1000 918 1054 τὸν
981 999 1178 1073 λιμένα
1232 1002 1295 1057 τὸ
1348 1004 1517 1076 Κέρας
1590 996 1889 1064 ἀποϐάντες
1945 1001 2078 1072 νηὸς
2133 1000 2281 1070 ξενα-

635 1088 1219 1166 γοῦνταιπολυτελῶχ
1249 1089 1300 1146 ἔν
1348 1113 1456 1146 τισι
1505 1096 1623 1153 τοῖς
1678 1092 1816 1146 κατὰ
1860 1092 1960 1160 τὴν
2015 1089 2179 1144 πόλιν
2206 1089 2284 1142 oi.-

636 1178 865 1249 κήμασι.
924 1177 1029 1235 Καί
1075 1179 1495 1258 γ’ἐφ’ήμέρὰις
1552 1183 1641 1236 τὸν
1697 1180 1804 1235 ἀπὸ
1859 1187 1961 1250 τῆς
2009 1178 2279 1248 θαλάσσης

639 1266 1136 1340 ἀποσκευασάμενοι
1194 1265 1444 1345 θόρυϐον,
1505 1269 1728 1332 ἐντολὰς
1787 1266 2066 1342 δεξάμενοι
2127 1267 2281 1338 βασι-

637 1353 796 1422 λὲως,
829 1357 964 1429 πρὸς
991 1358 1052 1411 τὸ
1104 1355 1379 1414 Λοπάδιον
1412 1357 1674 1434 γίνονται.
1707 1359 1807 1415 Καὶ
1863 1355 1929 1427 δὴ
1979 1358 2046 1411 τὰ
2101 1355 2282 1411 εἲκότα

638 1443 1148 1520 φιλοφρονηθέντες,
1203 1449 1295 1520 ἅμ’
1343 1447 1490 1520 αὖτῷ
1546 1449 1760 1524 βασιλεῖ
1809 1446 1935 1518 πλῷ
1993 1447 2284 1521 χρησάμε-

636 1554 742 1599 νοι,
782 1535 879 1600 τήν
931 1533 1093 1589 πόλιν
1151 1533 1682 1610 καταλαμϐάνουσιν.
1741 1538 2000 1610 ’Ἡπειγον
2054 1536 2155 1609 γὰρ
2187 1533 2283 1586 αὐ-

635 1622 726 1675 τὸν
757 1627 918 1677 τοῦτο
953 1624 1048 1696 μὲν
1110 1626 1160 1678 οἱ
1189 1625 1356 1699 γάμοι
1415 1633 1512 1695 τῆς
1571 1625 1857 1700 θυγατρὸς,
1888 1628 2048 1678 τοῦτο
2107 1620 2163 1677 δὲ
2191 1621 2280 1676 καὶ

637 1710 696 1781 ἐκ
745 1708 947 1774 δύσεως
997 1714 1243 1789 Τόχαροι
1293 1715 1652 1789 ἀγγελθέντος,
1696 1713 2028 1789 ἐξέρχεσθαι,
2060 1711 2151 1772 οὕς
2181 1712 2282 1765 αὗ-

634 1799 724 1861 τὸς
761 1800 1037 1874 βασιλεὺς,
1070 1805 1251 1878 Νογᾶν
1300 1803 1532 1874 ἀξιώσας
1589 1803 1723 1858 κατά
1777 1807 1873 1857 τοῦ
1922 1796 2280 1876 σεϐαστοκρά-
2313 1837 2361 1902 Β

634 1909 794 1963 τορος
855 1890 1103 1946 Ἰωάννου
1138 1936 1152 1964 ,
1223 1892 1429 1948 ἐκείνου
1475 1894 1792 1966 πέμψαντος
1850 1888 2147 1966 ἐξεδέχετο.
2208 1892 2285 1960 τῷ

636 1978 772 2041 τὲως
801 1984 929 2052 γοῦν
966 1980 1137 2052 μηνὸς
1185 1982 1544 2056 Γαμηλιῶνος
1595 1980 1862 2056 λήγοντος
1910 1978 2129 2040 ἐπιστὰς
2156 1976 2282 2038 τοὺς

639 2068 854 2140 γάμους
897 2069 1066 2125 ἐτέλει
1095 2074 1162 2144 τῇ
1223 2070 1464 2147 θυγατρί.
1519 2069 1690 2130 ’Όλον
1745 2068 1792 2125 δ’
1821 2063 2284 2144 Ἐλαφηϐολιῶνα

639 2154 912 2232 διαγαγὼν
970 2158 1190 2235 ἐξήρτυε
1240 2158 1493 2234 δυνάμεις
1543 2159 1633 2216 καὶ
1691 2158 1828 2235 πρὸς
1891 2156 2075 2229 ἔξοδον
2127 2159 2282 2226 ἡτοι-

638 2247 858 2317 μάζετο.

635 2350 729 2410 λε’.
815 2354 1013 2432 ’ὈπωςΔ
1073 2355 1101 2410 ὁ
1136 2353 1436 2432 Πβασιλεὺς
1516 2354 1911 2432 μετεκαλέσατο
1985 2352 2279 2428 Τοχάρους

883 2427 1022 2482 κατά
1064 2423 1718 2505 τοῦ’σεϐαστοκρᾶτορος
1766 2426 2030 2497 Ἰαάννου,
2073 2423 2111 2428 ’⁷
2152 2423 2161 2428 ⁷
2293 2462 2308 2473 ο

713 2515 794 2586 [Ρ.
827 2516 1082 2590 356]Τῷ
1135 2518 1240 2593 γὰρ
1273 2513 1727 2595 σεϐαστοκράτορι
1783 2517 2003 2591 Ἰωάννῃ
2061 2511 2163 2570 οὐκ
2215 2512 2284 2582 ἦν

634 2749 795 2788 mum
846 2735 1238 2807 deposuisset.
1295 2736 1639 2810 Imperatori
1699 2733 1917 2808 quippe
1966 2733 2267 2788 decretum

629 2837 755 2877 esse
782 2821 1090 2894 Joannem,
1115 2826 1315 2881 statim
1351 2830 1524 2896 atque
1555 2825 1613 2880 id
1644 2821 2142 2879 necessitudinem
2167 2819 2270 2874 lilii

629 2911 903 2970 admotus
933 2914 982 2969 is
1013 2915 1123 2970 sibi
1157 2915 1302 2971 foret
1334 2917 1630 2987 desponsa
1659 2914 1771 2986 ipsi
1833 2913 2068 2984 propria
2127 2910 2268 2979 illia,

631 3001 942 3073 magnifice
973 3020 1180 3059 ornare
1210 3003 1285 3060 iis
1309 3003 1591 3075 symbolis
1623 3018 1910 3074 supremas
1942 3001 2268 3073 dignitatis:

631 3106 759 3160 quae
792 3090 1056 3163 despotis
1084 3093 1141 3147 in
1178 3092 1313 3149 aula
1343 3093 1715 3165 imperatoris
1748 3091 1926 3147 tribui
1967 3090 2258 3146 solebant.

2395 554 2666 631 ἐπεχείρει
2715 559 2833 617 τοῖς
2879 555 2956 627 μὴ
3005 555 3396 631 προσήκουσιν.
3454 551 3682 614 ’Ἄλλως
3714 551 3759 606 δ’
3790 552 4050 626 ἐπισχεῖν

2395 644 2554 699 αὐτὸν
2587 649 2696 699 τῶν
2752 641 3144 719 βουλευμάτων
3206 641 3460 718 βασιλεὺς
3516 643 3618 696 οὐκ
3647 637 3790 717 ἔχων
3821 642 3910 715 (τὸ
3941 641 4050 715 γαρ

2395 732 2734 807 θερμουργὸν
2793 731 2996 787 ἐκείνου
3051 732 3142 788 καὶ
3194 730 3417 797 αὔθαδες
3467 732 3632 808 μέχρι
3676 731 3763 786 καὶ
3812 728 3867 790 ἐς
3901 729 4050 783 ἀπο-

2391 822 2614 893 κήρυξιν
2655 820 2859 876 ἐκεῖνον
2905 823 2978 884 ὡς
3021 821 3334 892 ἂποστάτην
3382 819 3587 890 ἐτίθει),
3637 819 3685 874 εἴ
3717 822 3790 892 μή
3843 840 3906 891 γε
3937 820 4054 874 Το-

2393 908 2596 984 χάρους
2637 909 2920 985 ἐπαγαγὼν
2981 917 3149 965 πᾶσαν
3215 910 3306 983 μὲν
3365 912 3464 979 τήν
3522 909 3729 964 ἐκείνου
3788 907 4053 977 ληΐσεται

2392 997 2549 1052 αὐτὸν
2594 997 2638 1053 δ’
2691 998 2742 1054 ἐν
2805 1003 2973 1070 στενῷ
3037 1001 3363 1069 καταστήσει
3441 997 3772 1074 πραγμάτων
3830 1017 3891 1050 τε
3953 994 4056 1049 καὶ

2392 1085 2655 1158 ἐλπίδων,
2716 1087 2767 1143 εἴ
2819 1088 2953 1152 τὲως
3012 1086 3287 1161 διαδράσει
3342 1089 3434 1144 τὸν
3495 1085 3738 1143 κίνδυνον
3794 1086 3951 1140 ταῦτ’
3985 1083 4060 1138 ἐπ

2390 1176 2513 1230 νοῦν
2576 1177 2817 1254 στρέφων
2874 1178 3159 1254 Τοχάρους
3222 1175 3454 1252 ἐπῆγεν.
3516 1172 3780 1248 Εὕχαιρον
3843 1171 3890 1227 δ’
3953 1172 4057 1246 εἶχ

2389 1263 2479 1318 καὶ
2544 1265 2635 1318 τὸν
2712 1264 2985 1342 ἐφεστῶτα
3061 1271 3332 1341 χειμῶναο
3425 1269 3702 1340 χειμῶνος
3768 1261 3870 1338 γὰρ
3951 1261 4054 1315 καὶ

2391 1352 2617 1423 σύνηθες
2671 1352 2896 1418 ἐκείνοις
2954 1355 3280 1428 στρατεύειν·
3331 1354 3390 1408 ’ὸν
3439 1352 3529 1408 καὶ
3597 1343 4051 1423 προκαταλαϐεῖν

2389 1441 2669 1517 ἠπείγετο,
2702 1443 2777 1504 ὡς
2835 1443 2936 1514 ἔξω
2994 1443 3210 1506 πόλεως
3258 1437 3554 1515 συμϐαλεῖν
3608 1439 3908 1515 Τοχάροις.
3939 1439 4050 1494 Ἦν

2392 1526 2448 1583 δὲ
2479 1531 2582 1603 ἄρα
2610 1532 2671 1586 τὸ
2701 1531 3080 1606 μελετώμενον
3113 1530 3342 1605 μέλημα
3377 1531 3472 1603 μὶν
3501 1527 3686 1590 ἄλλως
3733 1527 4051 1601 στρατιώτῃ

2390 1622 2596 1693 πρέπον
2653 1620 2926 1690 ἐπιεικῶς,
2987 1627 3296 1697 Χριστιανῷ
3352 1619 3409 1676 δὲ
3478 1619 3569 1675 καὶ
3627 1616 3746 1673 λίαν
3805 1614 4048 1686 ἀπᾷδον⁸

2390 1704 2602 1770 ἀσεϐεῖς
2644 1711 2744 1785 γὰρ
2806 1710 2894 1765 ἐπὶ
2949 1710 3303 1786 Χριστιανοὺς
3359 1708 3589 1785 ἐξορμᾷν
3640 1709 3730 1762 καὶ
3764 1707 3815 1780 γ’
3847 1705 4046 1768 ἀθέους

2391 1796 2472 1876 ἐφ’
2502 1798 2640 1874 ἱερὰ,
2676 1799 2753 1872 μὴ
2784 1801 2871 1855 καὶ
2904 1804 3009 1855 τῶν
3045 1798 3253 1879 σφόδρα
3299 1801 3445 1864 θείου
3493 1793 3666 1876 φόϐου
3714 1794 4048 1869 ἆνεπιστρό-

2393 1909 2507 1964 φων
2564 1887 2628 1942 τὸ
2663 1883 2934 1960 τόλμημα
3086 1887 3248 1946 Ἀλλ’
3304 1887 3541 1951 ἱκείνους
3594 1888 3687 1960 μὶν
3758 1885 3948 1959 ἐξῆγεν
4010 1884 4046 1950 ἠ

2393 1975 2500 2032 ἀπὸ
2562 1976 2830 2050 βασιλέως
2889 1978 3110 2049 ἀξίωσις
3161 1980 3296 2052 πρὸς
3353 1982 3556 2052 Νογᾶν,
3614 1975 3702 2032 καὶ
3757 1975 3819 2028 τὸ
3864 1971 4047 2027 θέλειν

2390 2065 2603 2128 πάντως
2662 2066 2861 2122 ἐκεῖνον
2920 2067 3224 2147 ἐξαφανίσαι
3291 2069 3378 2124 καὶ
3440 2069 3628 2144 χώρας
3685 2060 3898 2125 ὲκείνας
3953 2063 4047 2116 καί

2387 2155 2480 2209 τὸν
2514 2152 2730 2230 ἔχθρόψ
2765 2156 2866 2212 οὐκ
2892 2158 2958 2226 ἦν
2988 2156 3045 2212 δὲ
3100 2155 3203 2232 ἄρα
3233 2156 3672 2234 καταῤῥᾳθυμεῖν
3702 2155 3803 2222 τὴν
3856 2149 4043 2220 δίκην,

2389 2242 2536 2299 ἀλλὰ
2572 2243 2897 2318 παλίμποῦς
2940 2243 3071 2301 οὖσα
3127 2248 3248 2302 τότε
3304 2244 3519 2319 μᾶλλον
3567 2243 3657 2300 καὶ
3713 2246 4047 2316 προηγεῖτο,

2388 2333 2464 2397 ὡς
2496 2335 2630 2405 μετὰ
2659 2334 2855 2411 μικρὸν
2887 2335 2914 2390 ὁ
2946 2331 3109 2412 λόγος
3141 2335 3273 2412 ἐρεῖ.
3306 2334 3520 2406 Τηνίκα
3551 2331 3608 2389 δὲ
3637 2335 4047 2406 Μουνυχιῶνος

2393 2422 2565 2498 μηνὸς
2598 2422 2880 2488 ἐνστάντος
2911 2424 3116 2491 ὶκεῖνος
3145 2425 3242 2499 μὲν
3282 2424 3419 2499 πρὸς
3448 2426 3548 2494 τὴν
3589 2417 3770 2494 ἔξοδον
3804 2423 4048 2490 ἡτοιμα-

2389 2515 2530 2586 ζετο,
2561 2511 2630 2569 οὐ
2656 2513 2816 2571 τόσον
2860 2519 2940 2589 τῷ
2985 2517 3106 2572 κατ’
3151 2515 3308 2574 αὐτὸν
3351 2513 3554 2586 πλήθει
3598 2512 3687 2568 καὶ
3733 2515 3856 2572 ταῖς
3886 2506 4049 2564 δυνά-

2426 2729 2518 2785 35.
2573 2735 2636 2791 Ut
2691 2737 2995 2809 imperator
3051 2734 3321 2809 Tacitum:
3367 2729 3717 2790 accersiuerit
3769 2703 4000 2785 contra

2806 2811 3076 2866 Joannem
3090 2808 3596 2864 sebauocratorm.

2451 2912 2640 2972 Causa
2653 2916 2829 2990 hujus
2850 2917 3237 2990 expeditionis
3256 2914 3549 2987 fuit,quod
3565 2913 4037 2981 Joannes,quem

2379 3026 2524 3066 suus
2545 3009 2847 3082 inquietus
2862 3010 3096 3066 animus
3111 3007 3628 3080 tranquillevivere
3641 3019 3756 3059 non
3771 3001 4042 3067 sinebat,

2378 3115 2583 3154 rursus
2616 3099 2829 3156 ﬁndere
2862 3117 3046 3172 nuper
3076 3097 3222 3154 inito
3268 3095 3482 3152 violato
3513 3092 3838 3150 conabatur
3869 3089 4048 3143 inva-

633 3177 956 3234 Doliturum
991 3186 1185 3237 autem
1218 3181 1354 3255 ipsi,
1375 3181 1716 3238 siJoannem
1737 3181 1960 3238 videret
1984 3197 2052 3236 ea
2081 3196 2183 3251 per
2207 3195 2269 3235 se
2377 3187 2516 3244 dere
2545 3205 2662 3244 non
2695 3205 2823 3245 sua.
2855 3187 2936 3244 Ea
2966 3205 3055 3244 res
3084 3189 3418 3258 Augustum
3452 3182 3656 3250 movit,
3683 3180 3839 3236 feros
3902 3178 4042 3247 ejus

629 3282 965 3338 occupasse,
1001 3285 1129 3341 qua:
1161 3270 1377 3326 habere
1408 3270 1576 3327 illum
1609 3287 1715 3327 suo
1747 3269 2050 3341 beneficio,
2075 3273 2133 3326 et
2161 3269 2275 3327 sibi
2307 3259 2349 3327 C
2389 3279 2761 3350 audacesque
2785 3277 3038 3348 impetus
3059 3289 3430 3347 compescere
3451 3271 3622 3328 aliter
3667 3284 3785 3324 non
3827 3264 4043 3322 valen-

626 3373 865 3428 sueeque
895 3375 1033 3431 erga
1063 3359 1228 3439 illum
1259 3360 1674 3417 benevolentire
1705 3360 1986 3433 imputari
2009 3362 2267 3433 cuperet.

625 3443 773 3506 Quin
806 3450 862 3500 et
892 3447 1111 3519 alioqui
1134 3465 1343 3520 parum
1369 3449 1804 3519 convenirejam
1825 3466 2084 3520 purpura
2107 3453 2267 3504 uten-

625 3537 740 3587 tem
767 3534 1052 3592 bicolores
1075 3554 1141 3592 ex
1171 3554 1337 3594 roseo
1359 3542 1416 3593 et
1436 3537 1842 3609 candido,quae
1867 3538 2110 3610 propria;
2133 3538 2269 3593 des-

630 3627 899 3694 potarum
935 3632 1152 3692 essent,
1183 3630 1375 3684 vestes
1399 3643 1724 3684 assumere.
1745 3627 1946 3699 itaque
1977 3643 2049 3682 ne
2069 3641 2270 3698 grava-

628 3714 791 3795 retur
821 3713 1076 3785 primum
1109 3732 1417 3773 occursum
1439 3715 1778 3790 imperatori
1808 3715 2082 3773 exhibere
2103 3715 2161 3771 in
2203 3729 2271 3769 eo

629 3797 811 3867 cultu,
854 3804 954 3874 qui
1007 3805 1343 3862 facultatem
1394 3806 1446 3863 ei
1495 3822 1609 3863 non
1660 3805 1995 3879 praeriperet
2047 3805 2268 3876 ipsum,

629 3891 782 3962 quod
817 3891 1039 3962 avebat,
1071 3894 1320 3952 insolitis
1350 3896 1591 3953 honoris
1624 3895 1960 3968 insignibus
1989 3896 2271 3951 decoran-

626 3979 706 4037 di.
763 3980 894 4037 Haec
951 3983 1211 4042 dicentes
1268 3987 1422 4044 στι
1484 3990 1870 4059 persuserunt
1916 3985 2070 4058 quod
2115 3983 2272 4040 vole-

622 4069 784 4141 bant,
837 4087 1092 4145 cumque
1123 4075 1405 4132 Lazorum
1439 4076 1703 4149 principe
1733 4092 1799 4132 eo
1832 4091 2007 4148 quem
2035 4077 2270 4148 optave-

624 4164 757 4214 rant
787 4163 958 4217 modo
1009 4165 1216 4222 vestito
1264 4168 1332 4222 ad
1391 4167 1596 4222 urbem
1647 4165 2025 4239 appulerunt,
2067 4181 2270 4222 excen-

625 4247 942 4320 dentesque
962 4269 992 4307 e
1018 4253 1147 4308 navi
1167 4254 1238 4310 ad
1265 4260 1500 4327 portum
1523 4257 1696 4312 Ceras
1718 4255 1938 4310 dictum
1962 4253 2273 4326 splendide
2320 4304 2322 4306 ,

624 4342 766 4422 sunt
797 4337 1053 4411 hospitio
1083 4345 1305 4415 excepti
1336 4344 1397 4401 in
1421 4344 1779 4402 suburbanis
1806 4342 2144 4412 domiciliis,
2169 4341 2270 4398 ubi

623 4442 726 4498 per
752 4426 977 4500 aliquot
1005 4430 1132 4487 dies
1163 4433 1362 4489 refecti
1394 4451 1425 4489 e
1457 4435 1776 4505 jactatione
1809 4433 1974 4490 navis
2004 4435 2062 4488 et
2093 4431 2269 4488 maris

623 4533 864 4585 nausea,
903 4520 1182 4578 mandato
1221 4524 1292 4578 ad
1352 4540 1415 4579 se
1468 4524 1739 4580 veniendi
1788 4523 1861 4578 ab
1917 4523 2267 4592 imperatore

2377 3371 2519 3437 tem,
2548 3369 2619 3425 ad
2642 3383 2776 3424 eum
2801 3366 3286 3439 proscribendum
3309 3368 3375 3421 ut
3403 3355 4044 3429 rebellem,Tocharos-

2380 3473 2495 3540 que
2512 3457 2571 3513 in
2593 3473 2726 3513 eum
2743 3453 3272 3527 immittendos,qni
3285 3447 3745 3509 vastitateterris
3762 3444 3879 3518 ipsi
3895 3443 4043 3500 sub-

2373 3546 2550 3617 jectis
2582 3545 2888 3602 inferenda
2917 3560 3054 3616 spes
3082 3558 3296 3617 resque
3328 3541 3517 3613 ipsius
3539 3541 3598 3600 in
3630 3541 3823 3594 artum
3857 3548 4040 3605 coge-

2379 3638 2530 3692 rent.
2561 3634 2608 3690 Τ
2613 3633 2727 3688 alia
2757 3635 3085 3688 versantem
3111 3630 3311 3686 animo
3342 3627 3586 3700 urgebat
3613 3624 3805 3681 hiems
3827 3618 4035 3676 immi-

2379 3737 2548 3792 nens,
2578 3720 2847 3792 ineptum
2879 3718 2960 3776 rei
2992 3735 3026 3774 a
3053 3718 3181 3775 suis
3237 3717 3504 3790 gerendas
3559 3718 3816 3782 tempus,
3865 3707 4027 3766 626

2382 3808 2653 3884 quamvis
2707 3811 3102 3882 opportunum
3135 3805 3445 3874 Tocharis,
3479 3802 3579 3875 qui
3630 3799 3912 3857 libentius
3965 3813 4043 3854 ea

2378 3901 2729 3972 tempestate
2750 3896 2983 3970 prodire
3036 3896 3106 3952 ad
3137 3894 3355 3952 bellum
3398 3891 3606 3949 solent.
3638 3892 3858 3947 Tamen
3920 3904 4040 3943 sua

2378 3993 2437 4046 et
2481 4002 2725 4046 suorum
2779 4001 2958 4043 causa
3004 3988 3346 4058 praevertere
3412 3980 3738 4054 oportebat,
3797 3980 4038 4032 mature

2379 4076 2738 4135 occurrendo
2767 4080 2931 4132 extra
2957 4070 3543 4140 urbemTocbaris,ut
3570 4069 3702 4124 illos
3730 4068 3878 4122 bene
3901 4065 4040 4120 ani—

2381 4172 2571 4226 matos
2593 4165 2915 4222 dimitteret
2943 4165 3016 4223 ad
3049 4163 3416 4236 diripiendas
3447 4161 3715 4231 ferroque
3745 4174 3811 4214 ac
3851 4157 4037 4213 ﬂam-

2379 4277 2478 4318 ma
2508 4258 2922 4316 deformandas
2950 4255 3160 4313 ditioni
3189 4254 3438 4311 Joannis
3469 4251 3740 4309 subditas
3795 4252 4032 4322 gentes.

2377 4347 2664 4422 Cogitatio
2686 4346 2808 4403 haec
2837 4350 2962 4403 erat
2990 4343 3256 4401 bellatori
3289 4342 3530 4414 quidem
3570 4340 3717 4396 forte
3766 4354 3881 4393 non
3938 4337 4036 4391 in-

2377 4455 2728 4511 congruens,
2762 4443 2822 4494 at
2850 4436 3250 4493 Christianum
3282 4434 3574 4490 dedecens
3605 4430 3691 4487 vel
3752 4427 4033 4484 maxime.

2379 4528 2599 4599 Impios
2677 4527 2833 4583 enim
2876 4527 2934 4582 in
2996 4523 3362 4582 Christianos
3408 4537 3662 4590 armare,
3716 4523 3774 4575 et
3821 4517 4037 4574 atheos

617 4611 854 4678 accepto
880 4610 1204 4681 Lopadium
1237 4612 1502 4685 profecti,
1535 4613 1750 4686 quibus
1777 4611 1975 4668 decuit
2017 4610 2262 4666 benevo-
2293 4628 2340 4694 υ
2371 4615 2804 4687 sacrilegosque
2829 4618 3092 4685 raptores
3113 4613 3171 4668 in
3186 4614 3425 4668 sacraet
3445 4606 4032 4681 templaimmitters,

618 4694 808 4750 lentiae
840 4697 1368 4769 signiﬁcationibus
1396 4703 1640 4759 admissi
1673 4701 2024 4772 tractatique
2068 4701 2139 4756 ab
2192 4715 2259 4754 eo
2371 4706 2602 4763 facinus
2658 4703 2768 4760 fuit
2796 4705 3055 4760 immane
3085 4704 3373 4774 quantum
3407 4697 3667 4755 alienum
3698 4714 3734 4752 a
3781 4694 4036 4750 timente

617 4790 776 4852 sunt,
808 4803 1057 4859 moxque
1089 4807 1223 4848 cum
1257 4791 1416 4864 ipsos
1447 4793 1577 4850 navi
1605 4792 1754 4849 vecti
1787 4807 1996 4849 rursus
2054 4789 2260 4846 urbem

2386 4794 2559 4853 Deum
2592 4797 2651 4850 et
2675 4793 2891 4850 Christi
2915 4791 3138 4849 cultore
3164 4789 3446 4861 principe.
3478 4789 3698 4844 Tamen
3731 4785 4032 4842 exercitus

617 4879 954 4933 tenuerunt.
991 4880 1328 4938 Festinabat
1357 4883 1512 4939 enim
1545 4882 1867 4956 imperator
1921 4886 2050 4937 tum
2105 4880 2261 4952 quod

622 4964 754 5018 filiae
790 4968 1024 5038 nuptias
1055 4971 1341 5028 conﬁcere
1371 4973 1814 5047 quamprimum
1846 4987 1877 5028 ο
1910 4989 1972 5028 re
2002 4972 2263 5034 duceret,

619 5050 743 5101 tum
779 5050 932 5119 quod
967 5052 1382 5110 nuntiarentur
1411 5072 1480 5111 ex
1509 5055 1784 5112 Occiduis
1835 5054 2105 5127 partibus
2161 5051 2265 5108 ad-

622 5141 855 5194 ventare
910 5139 1180 5210 Tochari,
1214 5161 1363 5217 quos
1395 5163 1430 5203 a
1471 5146 1632 5219 Noga
1693 5145 2111 5218 impetraverat
2168 5143 2266 5200 ad-

623 5240 826 5281 versus
858 5228 1144 5287 Joannem
1177 5234 1700 5291 sebastocratorem
1724 5234 1942 5291 auxilio
1961 5233 2072 5290 sibi
2092 5232 2267 5288 mitti.

621 5318 782 5371 Tunc
814 5318 993 5390 igitur
1015 5322 1344 5394 Septembri
1375 5339 1572 5381 mense
1603 5324 1907 5381 desinente
1965 5339 2268 5398 regressus

626 5405 685 5461 in
715 5406 915 5464 urbem
969 5411 1204 5484 nuptias
1256 5411 1385 5469 filis:
1441 5413 1717 5470 celebrat.
1767 5414 2072 5471 Octobrem
2132 5414 2271 5469 inde

625 5499 818 5554 totum
849 5503 1241 5577 comsumpsit
1275 5503 1460 5576 copiis
1491 5503 1860 5562 instruendis
1879 5503 2272 5579 expeditione-

629 5601 742 5657 que
772 5592 1128 5663 apparanda.

2377 4884 2643 4942 barbaras
2674 4881 2834 4938 illius
2856 4880 3049 4954 gentis
3070 4897 3104 4936 a
3132 4878 3295 4952 Noga
3328 4876 3602 4951 precibus
3656 4874 4037 4946 imperatoris

2379 4973 2525 5030 ﬂexo
2559 4973 2804 5040 missus,
2833 4974 2952 5044 jam
2985 4987 3016 5027 e
3041 4969 3260 5026 ﬁnibus
3279 4983 3558 5041 egressus
3577 4966 3704 5024 suis
3720 4964 3789 5021 ad
3815 4969 4035 5020 nutum

2378 5065 2619 5133 paratus
2643 5061 2857 5130 stabat,
2887 5062 2955 5116 ut
2996 5059 3057 5114 in
3103 5056 3389 5113 ditionem
3436 5054 3682 5112 Joannis
3731 5053 4037 5110 hostiliter

2378 5149 2750 5222 irrumperet.
2784 5150 2898 5206 Nec
2920 5147 3104 5218 hujus
3132 5144 3370 5203 sceleris
3398 5144 4032 5215 vindicta,quanqnam

2381 5239 2528 5295 alias
2558 5239 2818 5296 cunctari
2850 5238 3044 5305 solita,
3074 5236 3240 5291 tarde
3272 5251 3431 5290 nunc
3453 5232 3707 5290 occurrit
3735 5249 3751 5289 :
3799 5247 4032 5295 verum,

2382 5332 2449 5384 ut
2480 5344 2611 5385 mox
2643 5328 2891 5400 dicetur,
2923 5342 3100 5399 quam
3131 5323 3434 5380 celerrime
3473 5325 3892 5396 representata
3921 5326 4036 5385 est,

2383 5416 2551 5472 Tunc
2577 5433 2715 5490 ergo
2745 5417 2858 5475 sub
2890 5411 3546 5480 mediumNovembrem
3569 5410 4039 5485 procinctnsim-

2382 5509 2616 5579 perator
2645 5507 2704 5564 in
2744 5503 3170 5581 expeditionem
3211 5500 3562 5558 imminebat
3617 5516 3753 5559 cum
3808 5496 4036 5572 paratis

2382 5595 2592 5668 copiis,
2622 5596 2783 5654 haud
2813 5598 3048 5653 tantum
3078 5592 3293 5649 harum
3333 5589 3717 5648 multitudine
3765 5587 4036 5647 conﬁsus

2386 5690 2676 5760 quantum
2707 5684 2916 5744 robore
2946 5681 3292 5751 ferltatsqus
3317 5677 4036 5751 Tocharorum.Augusta
