4242 6438
192 404 297 459 989

1242 405 1338 456 DE
1377 403 1747 458 MICHAELE
1786 403 2229 458 PALEOLOGO
2265 407 2399 461 LIB.
2440 404 2514 462 Vl

3491 403 3605 458 990

198 548 349 601 μεσιν
380 530 468 601 [Ρ·
501 529 629 601 357]
660 526 786 583 δσον
820 524 1100 601 Τοχάροις
1128 524 1361 601 θαρῥῶνο
1412 527 1448 595 ἢ
1492 522 1538 580 δ’
1566 523 1847 600 Αὖγούστα
1874 528 1928 595 Α
1957 528 2024 598 τῇ
2081 524 2227 600 παρά
2276 532 2376 595 τῆς
2431 524 2751 600 Αὖγούστης
2810 526 3042 601 οχλήσει
3105 522 3197 582 καὶ
3252 526 3492 601 ταραχῇ,
3526 525 3601 587 ὡς

189 622 354 672 τοῦτο
418 616 513 689 μὶν
573 616 834 693 ἀφορῶσα
887 615 979 670 καὶ
1048 616 1183 689 πρὸς
1238 615 1301 669 τὸ
1357 621 1457 683 τῆς
1510 612 1848 683 ἐκστρατείας

190 704 507 779 παράλογόν
537 725 595 759 τε
640 704 731 759 καὶ
786 702 1166 779 παρακαίριον,
1214 706 1377 758 τοῦτο
1425 701 1483 757 δὲ
1528 703 1617 757 καὶ
1668 701 1845 777 ἀρῥω-

191 796 343 848 στίαν
407 793 756 864 ἐπικειμένην
823 794 1164 846 κατανοοῦσα
1216 795 1298 863 τῷ
1360 788 1574 865 βασιλεῖ
1633 789 1692 843 ἐκ
1743 792 1842 858 τῆς

188 883 325 937 κατά
379 882 441 936 τὸ
492 881 648 954 θὲρος
680 878 1019 954 δυσπραγίας
1061 875 1459 951 ἐπισυμϐἆσαν,
1512 879 1602 933 καί
1630 899 1679 932 τι
1730 882 1840 932 τῶν

192 965 520 1039 ἀϐουλήτων
582 970 909 1036 ὑπονοοῦσα,
969 968 1158 1043 ἐπεῖχέ
1208 989 1269 1023 τε
1324 969 1721 1041 σθεναρώτερον
1752 967 1841 1021 καὶ

195 1058 390 1129 ἐξιέναι
448 1056 547 1114 οὒκ
573 1057 676 1125 εἷά,
736 1058 836 1113 οὐκ
866 1056 1291 1130 ἀφωσιωμένως,
1346 1055 1422 1121 ὡς
1476 1057 1535 1110 ἂν
1560 1077 1643 1117 τις
1674 1054 1839 1124 εἷ’ποι,

186 1149 275 1202 καὶ
328 1148 389 1202 ἐκ
441 1146 704 1222 πλαγίου,
765 1145 890 1202 ἀλλ’
940 1146 1261 1207 ἐνπατικῶς
1291 1145 1418 1221 ἄγαν
1451 1146 1540 1200 καὶ
1572 1149 1837 1221 φανερῶς,

187 1238 263 1299 ὡς
322 1238 463 1311 μέγα
515 1258 569 1291 τι
642 1238 804 1291 κακὸν
865 1235 916 1306 ἐξ
989 1235 1225 1311 ἀνάγκης
1303 1234 1665 1309 προξενούσης
1736 1241 1837 1302 τῆς

187 1325 554 1400 ἐκστρατείας.
589 1326 709 1393 Καὶ,
767 1350 785 1375 ι
838 1324 899 1379 Τί
928 1326 1137 1395 παθὼν,
1188 1322 1395 1398 ἓλεγεν,
1445 1322 1681 1397 ἀφειδεῖς
1741 1325 1836 1395 μὲν

183 1416 466 1487 σώματος,
511 1410 747 1490 ἀφειδεῖς
782 1412 839 1468 δὲ
888 1413 978 1468 καὶ
1008 1413 1177 1482 αὐτῆς
1212 1416 1394 1482 ζωῆςς
1446 1413 1502 1467 ὃν
1566 1411 1613 1465 εί
1675 1414 1748 1483 μή
1782 1412 1833 1465 τί

184 1506 239 1579 γ’
291 1504 434 1560 ἄλλο
492 1504 567 1566 εἲς
597 1505 830 1577 ὑποψίας
884 1504 945 1559 ἂν
1005 1503 1189 1578 ἐνῆγεν
1248 1504 1351 1558 οὐκ
1380 1502 1583 1576 ἀγαθὰς
1612 1504 1701 1557 καὶ
1733 1501 1836 1557 δεί-

186 1614 331 1668 ματα
382 1593 585 1666 καίρια,
647 1593 772 1649 ἀλλ’
830 1593 922 1647 οὖν
980 1595 1015 1661 ἡ
1071 1593 1228 1653 νόσος
1258 1592 1392 1661 αὐτή
1425 1595 1514 1646 καὶ
1543 1593 1605 1646 τὸ
1640 1592 1716 1664 μή
1747 1592 1833 1646 εὐ-

183 1684 410 1759 ρώς-ειυς
443 1681 591 1756 ἔχειν
620 1682 801 1737 ἱκανὸν
844 1681 1077 1737 κωλύειν
1136 1680 1196 1735 ἂν
1249 1680 1548 1753 ἐνομίζετο.
1583 1705 1610 1732 ››
1659 1685 1747 1750 Τῷ
1777 1680 1834 1735 8t

178 1777 304 1835 ταῖς
334 1771 615 1842 ἀληθείαις
670 1771 807 1825 κατά
835 1775 959 1824 νοῦν
1005 1771 1097 1839 ἦν,
1155 1770 1279 1844 περὶ
1336 1768 1509 1840 ἐαυτῷ
1556 1766 1831 1824 δειλιῶντι

181 1862 443 1932 κάκείνῳ,
516 1861 617 1928 τὴν
673 1866 888 1931 Θρᾳκην
954 1852 1331 1913 καταλαϐόντα
1415 1857 1677 1930 συμμίξαι
1735 1859 1827 1929 μὲν

182 1904 443 1932 """"“"I"
526 1904 613 1928 “Ἶ’
679 1904 884 1931 νΓτ”“Ἷ’
956 1904 1255 1913 ”“”“’”’“”””’
1277 1904 1331 1912 ’⁷
1418 1904 1677 1930 ⁷⁷ΓἿ””“Ὶ’”’
1736 1904 1823 1929 Γν⁷

180 1955 305 2013 τοῖς
349 1950 628 2023 Τοχάροις
670 1950 761 2003 καί
810 1968 870 2023 γε
896 1946 1088 2022 λόγοις
1118 1948 1205 2002 καὶ
1246 1944 1521 2017 δεξιώσεσι
1551 1944 1832 2020 διεγεῖραι,
1869 1904 1913 1969 Β

187 2039 254 2094 οὗ
308 2039 417 2111 μὴν
462 2035 520 2093 δὲ
560 2036 652 2093 καὶ
699 2040 1197 2111 συνεκπρατεῦσαι,
1248 2034 1373 2090 ἀλλ’
1401 2035 1525 2089 ὅσον
1554 2033 1836 2110 ἐγχωροὼ

186 2128 456 2203 προϊόντα
512 2126 604 2181 σὺν
672 2125 850 2203 σφίσιν
885 2124 1117 2179 ἐκείνους
1167 2124 1261 2197 μὶν
1316 2130 1432 2186 τοῖς
1484 2123 1705 2188 οἰκείοις
1733 2145 1837 2179 πα-

189 2214 448 2291 ραδοῦναι
505 2215 593 2271 καί
645 2212 797 2286 τάξαι
849 2215 909 2269 τὸ
966 2215 1247 2284 ποιητέον,
1304 2213 1465 2268 αὐτὸν
1498 2211 1545 2267 δ’
1578 2214 1839 2289 ὑποστρέ-

187 2309 308 2378 ψαι.
342 2303 709 2380 Ἐτεκμηρίου
750 2301 806 2358 δὲ
852 2308 1019 2358 ταῦτα
1061 2302 1151 2357 καὶ
1205 2304 1269 2358 τὸ
1326 2302 1653 2372 συνεξελθεῖν
1703 2304 1840 2357 υίέσι

183 2415 246 2451 τε
291 2394 381 2450 καὶ
437 2388 748 2471 γαμϐροῖς,
804 2394 916 2466 ἅμα
974 2394 1063 2448 καὶ
1120 2392 1267 2463 αὐτῷ
1322 2391 1388 2462 δὴ
1446 2397 1527 2464 τῷ
1578 2392 1843 2467 πρότριτα

182 2480 655 2561 γαμϐρευσαμένῳ
707 2488 788 2555 τῷ
847 2484 1093 2556 Ἰωάννῃ.
1156 2480 1312 2539 Ἀλλ’
1340 2481 1493 2555 ὅμως
1530 2482 1633 2537 ὑπὸ
1656 2479 1844 2555 πολλῇ

186 2724 325 2765 vero
356 2712 640 2781 reputans
670 2725 848 2781 quam
882 2707 1071 2764 alieno
1124 2710 1387 2777 tempore
1433 2702 1844 2777 profectionem

189 2798 371 2856 talem
428 2800 741 2855 adornaret
796 2798 1137 2868 imperator,
1170 2812 1301 2868 quae
1338 2795 1425 2851 vel
1489 2794 1845 2851 benevalenti

191 2887 524 2962 periculosa
557 2888 706 2943 foret
737 2904 749 2943 :
786 2891 1005 2959 quanto
1027 2902 1165 2957 ergo
1198 2886 1386 2957 magis
1434 2884 1668 2939 inﬁrmo
1729 2900 1849 2938 cer-

190 2984 314 3034 tam
349 2977 601 3033 allatura
631 2976 949 3049 perniciem
982 2976 1277 3031 videretur
1322 2975 1481 3046 (nam
1514 2974 1849 3029 confractus

201 3065 484 3122 aerumnis
536 3064 836 3136 praeterita:
884 3064 1104 3120 aestatis
1126 3064 1198 3118 ab
1230 3062 1581 3133 imperatore
1615 3062 1851 3117 morbus

190 3154 301 3210 etsi
341 3154 635 3225 aliosipso
652 3152 877 3209 celante
923 3151 1165 3227 latebat,
1191 3156 1531 3223 perspectus
1575 3153 1847 3222 Augustae

187 3249 392 3300 tamen
422 3246 591 3313 erat),
622 3242 783 3298 omni
810 3258 918 3314 ope
940 3257 1237 3297 removere
1257 3242 1446 3296 virum
1489 3242 1561 3296 ab
1594 3240 1702 3295 hoc
1749 3240 1842 3294 iti-

188 3347 333 3388 nere
362 3330 736 3403 suscipiendo
768 3331 1111 3387 conabatur.
1150 3331 1210 3384 In
1245 3346 1360 3401 quo
1383 3346 1495 3385 non
1530 3329 1846 3384 artificioso

187 3422 439 3476 circuitu
465 3426 571 3476 aut
614 3436 718 3491 per
763 3420 1035 3492 obliquos
1084 3423 1386 3475 anfractus
1442 3420 1845 3491 grassabatur,

187 3513 288 3566 sed
315 3510 511 3583 palam
544 3511 866 3566 damnabat
886 3509 1199 3565 consilium
1233 3511 1433 3577 eundi,
1451 3510 1723 3580 clareque
1742 3509 1841 3563 de-

191 3602 506 3656 nuntiabat
534 3600 946 3672 gravissimam
980 3614 1083 3654 nec
1112 3600 1284 3655 aliter
1321 3616 1499 3671 quam
1532 3599 1692 3654 domi
1720 3614 1847 3669 per-

187 3690 488 3745 manendo
517 3688 848 3745 evitabilem
900 3688 1053 3745 526
1078 3690 1394 3759 perniciem
1440 3688 1552 3744 ista
1600 3688 1707 3759 ipsi
1752 3704 1849 3743 ex-

188 3779 491 3852 peditione
516 3778 670 3834 cudi.
700 3778 955 3849 Ejueque
1004 3780 1071 3834 ad
1111 3778 1293 3834 virum
1338 3778 1425 3833 hm
1466 3778 1683 3849 saepius
1743 3778 1845 3831 ite-

189 3877 332 3924 rata
375 3884 544 3923 voces
597 3872 797 3923 erant:
833 3869 971 3932 Quae
1018 3874 1097 3932 te,
1130 3867 1376 3933 malum,
1408 3868 1735 3938 praacipitat
1766 3866 1851 3920 in-

189 3959 477 4031 quietudo
535 3956 1043 4013 inconsultissima
1082 3958 1111 4013 ?
1162 3958 1299 4027 quin
1335 3958 1523 4028 parcis
1547 3973 1699 4028 aegro
1722 3972 1846 4011 cor-

188 4048 321 4119 pori
352 4046 511 4103 ‘icur
539 4047 778 4102 dubiam
811 4045 1207 4102 valetudinem
1236 4047 1295 4101 in
1327 4052 1550 4101 certum
1608 4046 1849 4101 exitium

186 4136 484 4209 proiicis?
510 4152 639 4207 qua
668 4135 815 4190 tanti
847 4135 1089 4191 demum
1144 4136 1251 4191 tibi
1293 4152 1384 4191 res
1424 4140 1528 4192 aut
1573 4150 1708 4207 spes
1762 4139 1854 4191 est

187 4241 371 4296 quam
406 4225 535 4279 vita
552 4223 1099 4293 manifestajactura
1135 4224 1799 4296 recteputesemendsm
1821 4222 1850 4277 ?

184 4312 327 4369 Ηωο
366 4312 450 4367 ita
499 4310 817 4384 pulsabant
852 4310 1222 4384 imperatoris
1264 4329 1457 4380 aures,
1492 4317 1558 4367 ut
1583 4313 1849 4367 animum

186 4418 430 4475 quoque
510 4404 948 4457 commoverent
1028 4401 1259 4468 intime,
1339 4406 1851 4474 perterrerentque

187 4492 437 4548 sinistro
510 4488 688 4546 etiam
762 4489 959 4545 omine
1032 4498 1090 4545 et
1162 4491 1553 4563 auguratione
1624 4491 1851 4547 infauta

185 4580 523 4637 tristissimi
572 4588 907 4635 successus.
959 4578 1072 4635 Sed
1122 4583 1181 4635 et
1225 4580 1349 4652 ipse
1394 4580 1581 4636 morbi
1635 4596 1849 4636 sensus

188 4686 298 4742 per
360 4667 562 4725 vitalia
591 4665 921 4740 grassantis
982 4666 1151 4724 facile
1199 4669 1430 4725 conscio
1488 4654 1928 4725 monstrabatD

187 4759 352 4815 haud
375 4757 527 4814 vires
581 4773 738 4813 nunc
767 4759 1076 4828 suppetere
1133 4756 1356 4812 militia:
1404 4756 1727 4829 praesertim
1762 4757 1851 4813 hi-

188 4850 388 4905 bernas
447 4846 750 4903 laboribus
810 4845 1088 4902 ferendis.
1122 4846 1309 4917 Igitur
1334 4852 1633 4919 utcunque
1663 4846 1850 4902 simu-

189 4938 351 4993 labat
383 4935 567 5007 aliud,
596 4949 794 4990 revera
825 4949 940 4990 non
974 4933 1129 4989 ultra
1166 4935 1475 4991 Thraciam
1521 4936 1854 4992 decreverat

184 5026 506 5101 progredi;
548 5022 1015 5095 destinabatque,
1067 5023 1208 5080 visis
1251 5023 1331 5080 ibi
1363 5024 1664 5096 Tocbaris,
1688 5029 1746 5081 et
1776 5026 1847 5081 ad

184 5133 313 5174 rem
348 5121 583 5172 strenue
605 5113 919 5186 gerendam
979 5113 1259 5170 animatis
1313 5130 1473 5187 cum.
1499 5114 1849 5172 allocutione

182 5212 316 5263 tum
340 5204 533 5273 donis,
565 5219 683 5259 non
705 5202 943 5275 quidem
978 5203 1047 5258 in.
1071 5201 1301 5260 hostem
1334 5220 1434 5261 eos
1478 5221 1615 5261 una-
1645 5220 1844 5261 secum

179 5293 531 5364 ducere,se_d
557 5297 867 5365 postquam
896 5307 997 5347 eos
1019 5295 1176 5348 esset
1204 5294 1521 5350 comitatus
1542 5294 1845 5367 aliquanto

180 5388 317 5457 ejus
350 5382 453 5438 vim
484 5382 698 5455 spatio,
731 5382 1175 5436 commendatos
1224 5383 1481 5456 suis,qui
1515 5399 1686 5456 porro
1708 5400 1842 5439 cum

183 5476 282 5543 iis,
318 5475 627 5545 pergerent
653 5474 712 5526 et
731 5468 855 5525 vice
875 5469 967 5524 sui
993 5470 1133 5541 quid
1168 5471 1291 5527 ﬁeri
1340 5471 1512 5528 vellet
1565 5472 1840 5545 precipe-

1959 610 2102 684 μηδὲ
2158 620 2275 675 τοῖς
2304 613 2459 673 ἐκτὸς
2511 615 2806 689 ἀγνοεῖσθα
2846 615 2913 669 τὰ
2958 612 3212 689 δρώμενα
3267 610 3605 689 διοῤῥωδοό-

1955 721 2052 771 σης
2078 704 2140 756 τὸ
2174 701 2403 775 μέλλον,
2435 704 2470 772 ἢ
2508 701 2721 775 μᾶλλον
2770 698 3252 780 προφοιϐαζούσης
3280 709 3381 771 τῆς
3413 705 3601 776 ψυχῆς

1954 789 2163 860 ἐκείνης
2197 791 2255 845 τὸ
2288 786 2726 864 συμϐησόμενον,
2781 790 3285 866 ἐπιτεταραγμένως
3344 792 3458 844 οἷον
3514 789 3602 843 καὶ

1950 880 2301 951 ἀνειμένως»
2362 880 2637 956 βασιλεὺς,
2685 884 2784 952 τὴν
2829 889 2927 950 τῆς
2981 879 3269 950 δεσποίνης
3330 877 3595 955 ὀρῥωδίαν

1951 970 2053 1023 οὐκ
2081 970 2278 1043 ἀγαθὸν
2313 970 2502 1024 οἶωνὸν
2554 970 2771 1045 κρίνων,
2828 977 2944 1033 τοῖς
2990 971 3295 1045 γνωρίμοις
3338 971 3595 1040 συνταξά-

1954 1079 2112 1129 μενος
2138 1057 2318 1131 ἕξεισι.
2370 1057 2564 1128 Καὶδή
2615 1057 2778 1134 μέχρι
2832 1055 3145 1134 Σηλυϐρίας
3179 1058 3337 1119 αὐτός
3388 1078 3447 1111 τε
3503 1057 3593 1111 καὶ

1948 1145 2136 1208 παῖδες
2193 1146 2387 1209 ’ίπποις
2447 1148 2727 1223 χρώμενοι
2782 1145 2965 1223 ᾔεσαν·
3029 1148 3143 1203 ἐπεὶ
3178 1145 3233 1203 δὲ
3280 1148 3344 1201 τὰ
3372 1150 3470 1210 τῆς
3503 1147 3591 1199 νό-

1947 1257 2044 1290 σου
2108 1234 2357 1291 ἐπεδίδου
2416 1239 2505 1291 καὶ
2593 1237 2692 1292 οὐκ
2743 1239 2810 1306 ἧν
2874 1235 3112 1312 βαδίζειν
3172 1236 3371 1291 ἐκεῖνον
3428 1238 3588 1308 πεζῇ,

1946 1323 2146 1379 ἐκεῖθεν
2190 1323 2430 1398 Θαλάσσῃ
2480 1326 2691 1395 καὶντῇ
2740 1324 3021 1400 διεγνώκει
3075 1325 3239 1401 μέχρι
3286 1321 3593 1378 Ῥαιδεστοῦ

1944 1420 2205 1486 χρῆσθαι.
2261 1415 2355 1470 Καὶ
2406 1416 2499 1487 ἅμ’
2550 1410 2830 1488 ἐμϐάντων
2872 1415 3230 1489 (ἠγγέλλοντο
3275 1414 3377 1489 γὰρ
3437 1411 3595 1487 ἐγγὺς

1946 1498 2092 1563 ὄντες
2142 1504 2231 1557 καὶ
2276 1503 2538 1577 Τόχαροι,
2590 1504 2678 1558 καὶ
2727 1503 2825 1559 οὐκ
2871 1505 2938 1573 ἦν
2989 1499 3385 1566 ἀναϐάλλεσθαι
3414 1503 3448 1571 ἢ
3487 1501 3595 1572 μὴν

1944 1591 2165 1662 ἀμελεῖν
2248 1592 2338 1646 καὶ
2418 1590 2506 1647 διὰ
2569 1594 2669 1661 τὴν
2726 1593 2886 1647 νόσον
2949 1594 3338 1667 ὑπερτίθεσθαι·
3402 1590 3593 1645 ἐκακο-

1945 1677 2248 1754 σπλάχγνει
2304 1681 2403 1755 γὰρ
2446 1683 2534 1736 καὶ
2584 1687 2692 1737 τῶν
2754 1682 2993 1757 ἐγκάτων
3055 1682 3347 1758 ἀρῥώστως
3396 1680 3591 1753 εἶχεν),

1942 1770 2055 1839 ἅμα
2084 1769 2264 1823 τοίνυν
2298 1764 2577 1842 ἐμϐάντων
2614 1772 2777 1825 αὐτοῦ
2815 1793 2874 1826 τε
2922 1772 3011 1825 καὶ
3041 1770 3249 1826 παίδων
3284 1768 3593 1845 στοχαστής

1942 1878 2023 1918 τις
2056 1857 2115 1911 ἂν
2144 1859 2290 1930 τότε,
2336 1860 2426 1913 καὶ
2481 1860 2617 1934 πρὸς
2664 1861 2763 1929 τήν
2795 1866 2902 1915 τῶν
2940 1859 3255 1933 μελλόντων
3287 1866 3487 1935 γνῶσιν
3538 1862 3594 1933 ἐξ

1943 1945 2229 2021 ἀγχινοίας
2281 1946 2495 2011 οἰκείως
2538 1945 2703 2025 ἔχων,
2755 1948 3033 2011 εὐσκόπως
3090 1950 3184 2023 ἅμ’
3223 1950 3274 2020 ἐξ
3305 1950 3474 2015 αὐτῆς
3527 1950 3591 2004 τὸ

1949 2033 2153 2107 μέλλον
2180 2033 2241 2089 ἂν
2267 2035 2623 2092 κατετόπασεν
2634 2084 2646 2095 .

1950 2188 2050 2252 λς’.
2111 2193 2293 2250 Ὃπως
2336 2186 2681 2267 *κινδυνεόων
2730 2191 2868 2267 κατά
2924 2188 3195 2267 θάλασσαν
3256 2192 3283 2246 ὁ
3348 2190 3600 2267 βασιλεὺς

2334 2259 2550 2336 ὕστερον
2580 2260 2812 2332 ἐξελθὼν
2846 2261 3213 2333 ἐτελεύτησεν.

2023 2394 2111 2466 [Ρ.
2148 2396 2275 2467 358]
2306 2392 2515 2471 Α’ίφνης
2545 2396 2646 2471 γὰρ
2696 2393 2874 2458 εὐδίας
2934 2395 3101 2467 οὔσης
3150 2398 3284 2468 πρὸς
3312 2395 3376 2452 τὸ
3406 2416 3601 2471 χειμε-

1956 2482 2216 2558 ριώτερον
2254 2479 2587 2555 μετέὅαλλεν
2647 2486 2673 2539 ὁ
2703 2487 2912 2561 καιρὸς,
2963 2486 3206 2550 θαλασσὰ
3253 2506 3313 2541 τε
3373 2488 3409 2555 ἡ
3466 2486 3603 2547 τέως

1958 2705 2074 2761 fere
2105 2704 2445 2777 nuptiarum
2478 2723 2508 2761 e
2530 2706 2657 2762 filia:
2692 2707 2947 2764 thalamo
3007 2710 3338 2780 abreptum,
3402 2724 3601 2764 secum

1960 2787 2236 2865 prodiens
2267 2795 2454 2864 duxit;
2490 2797 2644 2869 quod
2664 2814 2960 2869 nunquam
2995 2796 3230 2867 faceret,
3265 2797 3314 2852 si
3346 2797 3607 2871 hiemare

1958 2884 2019 2937 in
2054 2884 2421 2955 expeditione
2452 2885 2784 2957 cogitasset.
2850 2887 2998 2958 Ergo
3056 2887 3209 2943 inter
3267 2886 3397 2943 illas
3456 2904 3606 2958 quas

1959 2973 2077 3027 dixi
2113 2972 2409 3029 ominosas
2444 2974 2889 3031 reclamationes
2945 2977 3245 3048 Augustae,
3304 2993 3430 3047 quae
3491 2994 3606 3033 non

1960 3061 2042 3115 ita
2058 3062 2407 3133 tegebantur
2422 3062 2891 3134 penenetralibus
2908 3064 3076 3135 regiae
3090 3064 3229 3135 quin
3248 3065 3316 3119 ad
3340 3065 3607 3121 notitiam

1958 3155 2331 3205 externorum
2364 3157 2760 3222 erumperent,
2794 3153 3067 3209 turbatus
3117 3154 3360 3224 augurio
3412 3158 3469 3209 et
3516 3170 3610 3210 se-

1959 3244 2117 3294 creta
2139 3240 2543 3313 praesagitione
2567 3241 2781 3296 mentis
2804 3242 3239 3309 exhorrescens,
3265 3242 3610 3299 obﬁrmatus

1964 3333 2155 3384 tamen
2189 3329 2245 3383 in
2280 3331 2599 3401 proposito,
2636 3330 2758 3386 vale
2790 3331 3133 3387 necessariis
3163 3332 3339 3399 dicto,
3381 3333 3610 3404 egredi-

1959 3422 2059 3473 tur
2087 3419 2262 3486 urbe;
2288 3435 2355 3474 ac
2385 3418 2707 3491 Selyhriam
2760 3419 2903 3476 521
2936 3437 3123 3491 usque
3152 3420 3277 3488 ipse
3306 3437 3439 3476 cum
3474 3421 3611 3478 filiis

1960 3507 2131 3578 equis
2172 3513 2395 3577 vectus,
2454 3524 2584 3562 cum
2644 3508 2998 3563 invalescere
3038 3510 3309 3564 morbum
3370 3510 3613 3566 sentiret

1960 3612 2065 3651 nec
2095 3596 2289 3651 itineri
2322 3596 2586 3652 terrestri
2612 3598 2736 3667 jam
2798 3603 2954 3653 esset
3002 3614 3123 3668 par,
3182 3598 3329 3653 mari
3373 3604 3429 3654 et
3468 3615 3614 3655 nave

1958 3686 2213 3741 decrevit
2243 3702 2431 3756 usque
2461 3687 2532 3741 ad
2566 3685 2940 3741 Rhaedestum
2990 3687 3096 3741 uti.
3155 3688 3611 3743 Conscendenti-

1957 3775 2117 3830 tibus
2174 3776 2507 3846 supervenit
2581 3776 2826 3831 nuntius
2883 3776 3152 3831 indicans
3226 3778 3285 3831 in
3347 3777 3609 3847 proximo

1959 3881 2089 3921 esse
2118 3865 2432 3936 Tocbaros,
2458 3870 2523 3921 ut
2551 3866 2865 3922 cunctandi
2893 3867 3019 3937 jam
3053 3865 3309 3938 amplius
3361 3866 3609 3923 facultas

1958 3954 2121 4010 nulla
2149 3961 2412 4021 restaret,
2437 3956 2538 4011 sed
2605 3955 2983 4027 quantumvis
3025 3958 3346 4011 retardaret
3369 3956 3609 4012 morbus

1960 4043 2397 4113 ingravescens,
2428 4044 2656 4100 occasio
2705 4060 2923 4115 urgens
2970 4044 3301 4100 necessario
3332 4044 3610 4111 traheret,

1957 4133 2146 4187 Causa
2180 4133 2507 4204 languoris,
2553 4150 2670 4205 quo
2722 4133 2783 4188 in
2824 4133 2998 4189 horas
3058 4135 3247 4205 magis
3308 4134 3611 4205 magisque

1961 4220 2399 4291 debilitabatur,
2460 4223 2519 4276 in
2577 4221 2901 4277 visceribus
2974 4222 3127 4277 male
3182 4222 3407 4277 aii‘ectis
3466 4228 3612 4292 erat,

1959 4325 2213 4381 eumque
2244 4310 2449 4367 intime
2481 4311 2597 4366 acri
2632 4312 2958 4367 admonens
2990 4311 3079 4367 sui
3114 4328 3290 4367 sensu
3314 4311 3611 4368 turbabat.

1962 4416 2033 4455 ne
2062 4400 2210 4455 bene
2267 4415 2501 4472 sperare
2554 4405 2771 4472 posset.
2802 4399 2916 4457 Nec
2970 4400 3139 4456 illum
3201 4400 3615 4457 consternabat

1961 4488 2152 4544 solum
2179 4490 2375 4545 minax
2396 4505 2610 4545 mmror
2631 4488 2875 4561 auspicii
2894 4490 3129 4557 funesti;
3160 4490 3336 4545 nenio
3369 4489 3427 4545 in
3454 4489 3613 4545 illam

1961 4594 2094 4633 cum
2127 4594 2193 4635 eo
2219 4579 2562 4635 conscendit
2595 4594 2817 4645 navem,
2853 4578 2954 4651 qui
2987 4578 3142 4633 mala
3172 4576 3394 4633 solvere
3447 4577 3609 4633 illam

1960 4667 2098 4723 alite
2127 4672 2185 4723 et
2218 4684 2459 4723 cursum
2514 4668 2827 4723 exitiosum
2888 4667 3164 4723 inchoare
3225 4668 3612 4722 ominaretur.

1962 4757 2221 4821 Quorum
2258 4758 2431 4813 facies
2459 4756 2557 4813 illo
2593 4756 2809 4829 pallore
2856 4757 3137 4813 attonitas
3169 4757 3269 4828 qui
3328 4762 3616 4825 cerneret,

1963 4863 2079 4901 non
2112 4864 2253 4903 sane
2276 4846 2528 4902 oraculis
2559 4854 2754 4919 egeret
2776 4846 2846 4901 ad
2907 4846 3403 4917 praesentiendum
3458 4847 3614 4917 quod

1960 4937 2242 4992 instaret.
2291 4936 2447 4992 Suus
2504 4935 2717 5007 cuique
2766 4951 2946 5007 sagax
2995 4937 3231 4992 animus
3278 4940 3439 4991 vates
3489 4938 3614 4991 erat

1959 5028 2155 5081 certus
2185 5025 2485 5081 occursuri
2517 5040 2651 5079 mox
2677 5024 2820 5095 ipsis
2850 5024 3177 5092 infortunii,
3218 5023 3478 5081 vaticinii
3537 5024 3610 5079 ﬁ-

1960 5113 2089 5170 dem
2123 5114 2320 5170 statim
2353 5113 2582 5187 explere
2613 5112 3037 5185 incipientibus
3063 5113 3308 5169 eventis.

1955 5274 2045 5329 36.
2081 5274 2143 5331 Ut
2173 5276 2229 5330 in
2266 5276 2409 5329 mari
2453 5274 2813 5346 periclitatus_
2846 5273 3170 5347 imperator,
3204 5275 3406 5332 deinde
3455 5281 3610 5347 post-

2313 5363 2477 5417 quam
2515 5349 2826 5412 exrcendit,
2868 5350 2941 5403 sit
2976 5352 3247 5403 mortuus.

2022 5472 2168 5528 Nam
2191 5471 2387 5528 subito
2412 5488 2481 5528 ex
2510 5488 2717 5528 sereno
2748 5471 2808 5527 in
2839 5473 3144 5529 turbidum
3167 5477 3436 5530 mutatur
3454 5478 3603 5531 tem-

178 5568 349 5627 rent,
380 5563 507 5634 ipse
539 5558 838 5616 dimittere
865 5574 935 5614 ac
964 5559 1051 5615 sic
1080 5560 1287 5617 reverti
1340 5562 1605 5617 domum.
1656 5562 1841 5633 Hujus
1950 5578 2081 5633 pus,
2112 5566 2171 5617 et
2209 5576 2369 5617 mare
2413 5560 2579 5635 prius
2634 5561 3022 5634 tranquillum
3082 5563 3376 5633 efferatur,
3409 5563 3601 5621 valido

182 5654 390 5715 arcani
447 5649 675 5708 consilii
731 5649 971 5723 signum
1026 5648 1159 5721 fuit,
1192 5652 1349 5723 quod
1382 5668 1524 5722 _uua
1552 5667 1754 5710 secum
1781 5655 1841 5709 et
1947 5651 2345 5720 incumbente,
2372 5651 2566 5709 borea.
2597 5650 2713 5708 Nec
2758 5649 3057 5723 placidum
3099 5657 3297 5711 tenere
3354 5668 3597 5712 cursum

184 5744 350 5804 ﬁlios
372 5746 437 5800 et
465 5755 734 5816 generos,
763 5738 941 5797 etiam
972 5737 1171 5814 ipsum
1218 5738 1505 5800 Joannem
1555 5741 1838 5816 postridie
1946 5744 2175 5815 poterat
2202 5742 2370 5799 navis
2394 5741 2779 5816 imperatores
2806 5742 3045 5817 νείκεσε,
3102 5746 3205 5802 sed
3255 5746 3393 5805 feris
3452 5761 3597 5803 cou-
