4242 6438
656 358 759 412 991

1964 360 2261 416 GEORGII
2304 362 2765 421 PACHYMERE
3963 367 4077 418 902

655 478 866 555 ἥμερος
898 475 1203 553 ἐξηγρίαινε
1239 476 1498 555 λαμπροῦ
1528 480 1787 545 πεσόντος
1833 485 1929 538 τοῦ
1982 482 2302 555 ἀπαρκτίου,
2334 486 2383 553 Α
2415 488 2619 562 φθάσας
2670 488 2984 567 τετύφλωτο
3018 534 3035 560 ,
3096 490 3170 550 ὡς
3249 490 3323 561 μή
3392 488 3623 550 ἐντελεῖς
3680 490 3775 551 τὰς
3834 489 4079 562 ὑποψίας

652 568 868 623 καὶούκ
894 569 959 637 ἦν
1018 570 1117 637 τήν
1179 568 1304 630 τοὺς
1368 569 1612 644 βασιλεῖς
1675 572 1903 645 ἄγουσαν
1931 576 2057 625 ναῦν
2120 572 2303 626 εὐστα-

653 662 788 725 θεῖν,
821 657 948 711 ἀλλ’
982 656 1162 731 ὥσπερ
1196 658 1298 711 ὑπὸ
1328 658 1584 730 κυμάτων
1628 658 1829 734 ἀγρίων
1871 658 2303 733 ἐνοχλουμένην,

650 744 783 819 τῇδε
811 747 1027 800 κάκεῖσε
1054 747 1357 822 φερομένην
1404 748 1711 822 ἀνάγωγον,
1768 747 1935 820 μηδὲν
1989 750 2307 804 ὑπείκουσαν

650 841 771 896 τοῖς
828 835 1208 906 κελεύσμασιν,
1270 832 1566 909 αὔτανδρον
1627 839 1700 898 ὡς
1761 838 1877 913 εἶχε
1922 839 2308 908 καταποντίζε-

654 927 797 990 σθαι,
831 922 970 978 ὥστε
1001 924 1091 977 καὶ
1124 922 1394 986 πολλάκις
1430 925 1524 998 μὲν
1574 923 1931 990 καταδύεσθαι
1963 927 2068 982 οὐκ
2095 926 2309 991 ἐσαῦθις

655 1011 1057 1084 ἀναδυομένην,
1109 1013 1430 1076 τοσαυτάκις
1478 1012 1537 1069 δὲ
1582 1015 2029 1089 ἀπελπιζομένην
2081 1013 2306 1071 ἀναδύεί-

653 1107 771 1159 σθαι
814 1104 1004 1175 πάλιν,
1044 1106 1131 1159 καὶ
1177 1108 1381 1160 νουτῶν
1435 1106 1785 1181 ἀπορούντων
1835 1108 1923 1161 καὶ
1972 1102 2307 1183 κυϐερνήτου

650 1194 804 1256 ὅπως
856 1195 1156 1268 χρήσονται
1200 1196 1268 1266 τῇ
1319 1192 1579 1268 θαλάσσῃ.
1626 1196 1765 1251 Τότε
1812 1195 2025 1251 καὶτὸν
2082 1195 2308 1271 βασιλέα

649 1290 904 1360 προφανῆ
935 1284 1027 1337 τὸν
1085 1280 1336 1337 κίνδυνον
1385 1282 1677 1357 βλέποντα,
1728 1284 1973 1358 καὶπερὶ
2031 1286 2204 1357 ἐαυτῷ
2249 1306 2307 1340 τε

647 1372 737 1425 καὶ
790 1376 919 1425 πᾶσι
972 1376 1090 1434 τοῖς
1137 1371 1320 1425 παισίν
1369 1370 1740 1447 ὀρρωδοῦντα,
1792 1373 1962 1427 εἶπεῖε
2018 1373 2155 1447 πρὸς
2211 1373 2304 1427 τὸν

649 1455 989 1535 κυϐερνήτην
1026 1461 1099 1521 ὡς
1138 1460 1439 1533 ἀγωνιστέα
1483 1462 1571 1515 καὶ
1625 1464 1755 1537 ὑπὲρ
1806 1459 2057 1534 δύναμιν
2112 1462 2156 1516 εί
2205 1462 2303 1536 γὰρ

655 1551 730 1621 μὴ
787 1548 991 1620 κόσμον
1053 1550 1262 1612 πάντα,
1322 1548 1447 1603 ἀλλ’
1498 1550 1588 1603 οὖν
1646 1548 1927 1623 Ῥωμαίδα
1984 1557 2153 1604 πᾶσαν
2216 1548 2304 1603 ἐπὶ

652 1637 815 1710 ξύλου
845 1639 989 1713 ἄγειν
1052 1638 1264 1713 ὀλίγου,
1324 1637 1449 1700 τοὺς
1485 1639 1741 1713 βασιλέας
1790 1638 2012 1715 ἔχοντα.
2064 1640 2167 1696 Καὶ
2211 1639 2302 1693 τὸν

651 1728 898 1781 ἀπειπεῖν
981 1728 1075 1800 μὲν
1140 1728 1338 1797 ὀκνεῖν,
1420 1730 1495 1800 μὴ
1583 1729 1672 1783 καὶ
1734 1728 1979 1791 κίνδυνος
2054 1730 2305 1802 ἀντικρυς

2414 582 2652 647 ποιοῖτο,
2708 579 2770 631 τὸ
2802 575 2859 632 δέ
2888 600 2948 653 γε
2989 581 3084 631 τοῦ
3118 578 3423 651 Παχωμίου
3453 577 3660 652 χωρίον
3694 580 3755 632 τὸ
3791 580 4076 651 μόρσιμον

2415 664 2721 739 ἐξεπλήρου
2756 711 2767 723 .
2827 670 2915 727 Ὠς
2982 668 3084 741 γὰρ
3143 665 3315 721 ἐκεῖσέ
3370 688 3475 720 που
3529 668 3892 737 κατεσκήνουν
3952 669 4076 738 ἅμα

2420 754 2664 830 βασιλεῖς
2716 758 2805 810 καὶ
2867 758 3115 832 στρατὸς,
3174 757 3262 809 καὶ
3322 758 3355 825 ἡ
3411 758 3567 818 νόσος
3622 756 3864 811 ἐπέκειτο
3895 756 4073 811 πλέον

2415 840 2644 921 ἔφθασαν
2706 844 2763 900 δὲ
2818 847 2906 901 καὶ
2969 847 3020 900 οἱ
3076 846 3323 920 Τόχαροι
3382 846 3702 908 σπεύσαντες
3763 842 4073 917 συμϐαλεῖν

2422 932 2659 1009 βασιλεῖ,
2699 935 2917 1020 βασιλεῖ
2950 937 3044 1008 μὶν
3077 934 3171 989 οὐκ
3203 935 3271 1003 ἦν
3294 934 3408 989 οὔθ’
3434 935 3793 1008 ἱππαζομένῳ
3825 938 3905 1008 [Ρ.
3940 938 4075 1005 359]

2416 1023 2640 1094 ὁρᾶσθαι
2674 1020 2796 1077 οὔτε
2832 1025 2939 1095 μὴν
2973 1022 3191 1097 ὁμιλεῖν
3222 1022 3299 1084 εἷς
3339 1024 3495 1078 νόσον
3520 1023 3780 1096 κειμένῳ,
3841 1023 3931 1078 ὅτε
3978 1022 4071 1076 καὶ

2414 1112 2504 1166 τὸν
2538 1107 2851 1187 Νοέμϐριον
2898 1112 3263 1190 ὑπογράφοντι
3327 1107 3537 1185 συμϐὰν
3593 1113 3690 1174 τὰς
3744 1114 3847 1167 τοῦ
3899 1119 4071 1166 Νοκε-

2417 1202 2573 1272 ραίας
2631 1200 2943 1274 συμμῖξαι,
3010 1200 3255 1266 ἐπελθεῖν
3312 1200 3481 1255 εἴπεῖν
3541 1202 3751 1274 λέγεται
3812 1202 3887 1263 ὡς
3947 1198 4069 1255 ἰδοὺ

2416 1288 2751 1345 συνέκλεισεν
2802 1292 2830 1344 ὁ
2897 1285 3223 1364 Νοέμϐριος.
3276 1290 3347 1344 Τὸ
3406 1287 3453 1343 δ’
3506 1290 3572 1358 ἦν
3638 1292 3939 1359 ὑπονοηθὲν
3992 1290 4069 1350 ὡς

2416 1377 2759 1433 συνέκλεισαν
2814 1380 2868 1433 αἱ
2925 1379 3143 1451 πράξεις
3198 1383 3277 1451 τῷ
3330 1377 3565 1452 βασιλεῖ,
3613 1386 3711 1447 τῆς
3762 1382 3951 1453 ψυχῆς
4006 1378 4069 1431 τι)

2420 1467 2624 1540 μέλλον
2679 1464 3089 1537 ὁποδηλούσης.
3140 1470 3241 1523 Ἦν
3304 1466 3395 1521 οὖν
3455 1471 3522 1539 τῇ
3576 1472 3673 1522 τοῦ
3724 1466 3905 1541 ῥαΐσαι
3970 1474 4072 1533 τῆς

2414 1556 2574 1610 νόσου
2644 1555 2947 1631 προσδοκίᾳ
3015 1556 3092 1617 είς
3154 1551 3428 1618 ἀναϐολὰς
3487 1556 3653 1620 τιθεὶς
3708 1558 3770 1610 τὸ
3828 1556 4071 1629 ἐντυχεῖν

2416 1645 2660 1701 ἐπιστᾶσι
2712 1652 2829 1710 τοῖς
2885 1648 3211 1722 Τοχάροις·
3289 1646 3405 1701 ἐπεὶ
3474 1645 3532 1702 δὲ
3593 1650 3626 1716 ἡ
3687 1648 3848 1707 νόσος
3905 1646 4067 1718 ἐκρα-

2414 1740 2632 1789 ταιοῦτο
2662 1734 2752 1789 καί
2781 1740 2884 1807 «τῷ
2916 1736 3022 1789 ἀπὸ
3065 1736 3267 1805 ταύτης
3299 1734 3405 1790 ὂὲει
3430 1736 3519 1789 καί
3550 1738 3585 1804 ἡ
3620 1734 3727 1789 ἀπὸ
3758 1739 3856 1788 τοῦ
3888 1732 4070 1793 ἔθνους

650 1814 990 1918 ἐξαγγέλλοι,
1050 1819 1373 1918 προτρέπειν
1426 1816 1483 1873 δὲ
1507 1820 1601 1918 τὸν
1741 1820 1933 1873 ἑαυτοῦ
1968 1818 2134 1918 λόγον
2185 1823 2302 1880 τοῖς
2336 1855 2380 1918 Β
2418 1822 2662 1900 ὀῤῥωὸία
2709 1832 2974 1893 συνῆπται
3006 1824 3092 1893 (οὗ
3139 1826 3243 1899 γὰρ
3298 1826 3367 1893 ἦν
3411 1824 3599 1888 ἄλλως
3630 1824 3874 1893 ἐλπίζειν
3908 1825 3942 1893 ἦ
3991 1845 4071 1877 χι-

648 1906 981 1981 πράγμασιν,
1045 1907 1118 1968 ὡς
1170 1906 1460 1981 ἀναγκαῖον
1507 1908 1609 1976 ὃν,
1668 1907 1713 1963 εί
1774 1910 1849 1981 μή
1901 1909 2030 1971 Θεὸς
2078 1908 2303 1982 ἀρήγοι,

646 2000 835 2070 χανεῖν
866 1996 1003 2070 πρὸς
1041 1995 1312 2051 θάλασσαν
1345 2000 1565 2059 πάντας·
1604 1996 1747 2052 οὓτω
1794 1998 1885 2053 καὶ
1944 1999 2113 2073 τέχνη
2176 2017 2307 2051 ναυ-

644 2087 769 2154 τική
805 2089 948 2139 πᾶσα
975 2089 1083 2140 τῶν
1116 2083 1381 2140 κινδύνων
1440 2088 1640 2156 ἡττᾶτο
1689 2086 1867 2162 σφίσιν
1928 2086 1989 2142 ἐκ
2036 2092 2161 2161 χρῷ
2190 2107 2303 2143 κει-

653 2172 850 2247 μένων.
886 2174 1062 2237 Μόλις
1089 2178 1217 2251 γοῦν
1246 2172 1649 2252 διαμαχόμενοι
1708 2176 1848 2244 πρός
1896 2197 1955 2231 τε
2012 2180 2161 2249 κῦμα
2214 2173 2305 2229 καὶ

649 2265 920 2319 θάλασσαν
953 2264 1354 2341 ἀγριαίνουσαν,
1384 2268 1470 2321 καὶ
1528 2265 1804 2330 πολλάκις
1854 2265 2012 2343 ἐγγὺς
2055 2264 2305 2329 ἐλθόντες

648 2358 747 2409 τοῦ
806 2352 1143 2423 καταδῦναι,
1190 2358 1258 2421 τῆ
1318 2352 1608 2429 Ῥαιδεστῷ
1651 2356 1954 2429 ἡμιθνῆτες
2015 2354 2077 2411 ἐκ
2132 2351 2306 2434 φόϐου

648 2442 1063 2521 προσίσχουσιν.
1125 2448 1333 2501 Έκεῖσε
1360 2450 1487 2521 γοῦν
1543 2446 1623 2523 ἐφ’
1673 2447 1909 2523 ἡμέραις
1935 2453 2035 2517 τῆς
2058 2449 2306 2522 ταραχῆς

643 2532 928 2598 ἀνέσαντες
955 2535 1044 2589 καὶ
1076 2539 1193 2596 τοῖς
1220 2532 1417 2596 ’ίπποις
1461 2535 1618 2598 αὖθις
1647 2536 1992 2610 χρησάμενοι
2043 2532 2306 2607 ἐξεληλα-

645 2621 805 2687 κότες
832 2624 999 2699 μέχρι
1030 2622 1251 2694 καί“τῆς
1279 2621 1563 2698 Ἀλλαγῆς
1596 2624 1783 2701 χώρας
1813 2627 2182 2695 κατήντησαν.

726 2709 975 2786 Ἀλλαγή
1011 2710 1057 2767 δ’
1105 2713 1171 2782 ἦν
1223 2710 1400 2782 ἐκείνη
1451 2713 1570 2767 καθ’
1598 2714 1659 2783 ἣν
1704 2712 1793 2768 καί
1845 2714 1907 2769 τὸ
1962 2717 2060 2787 ζῇν
2109 2711 2312 2786 μεταλ·-

657 2797 871 2857 λάττειν
902 2799 1131 2877 εἵμαρτο
1170 2805 1249 2873 τῷ
1296 2806 1605 2877 κρατοῦντι·
1654 2801 1744 2857 καὶ
1794 2802 1822 2856 ὁ
1876 2802 1970 2875 μὶν
2007 2803 2312 2877 Παχώμιος

650 3037 827 3076 cussa
859 3020 1138 3076 ﬂuctibus
1170 3020 1284 3075 huc
1315 3019 1567 3076 subinde
1592 3025 1767 3091 atque
1789 3019 1929 3077 illuc
1950 3019 2310 3093 impingens,

653 3110 945 3182 planeque
967 3127 1038 3165 an
1074 3113 1390 3165 nautarum
1422 3110 1695 3182 ,imperia
1750 3115 2089 3180 contumax,
2158 3108 2306 3164 nihil

652 3200 866 3254 certius
900 3200 1230 3271 spondebat
1259 3215 1439 3270 quam
1482 3199 1811 3271 proximam
1875 3197 2306 3254 demersionem

651 3290 743 3345 sui
766 3292 1203 3361 vectorumque.
1239 3289 1382 3343 Nam
1409 3292 1467 3345 et
1495 3305 1646 3360 saepe
1677 3288 1761 3343 ita
1790 3288 2229 3359 deprimebatur
2244 3290 2308 3342 ut

653 3394 958 3450 nunquam
983 3382 1321 3453 speraretur
1350 3394 1674 3445 emersura,
1709 3384 1828 3433 tam
1881 3376 2074 3432 nautis
2126 3391 2303 3449 quam

652 3468 781 3539 ipso
839 3468 1233 3539 gubernatore
1282 3468 1693 3540 ignorantibus
1746 3483 1866 3539 qua
1909 3467 2149 3536 jam-vi
2205 3470 2307 3522 aut

650 3560 779 3611 arte
809 3556 993 3611 maris
1019 3557 1274 3612 furorem
1329 3556 1573 3613 eluctari
1616 3560 1877 3628 possent.
1921 3556 2087 3611 Tunc
2116 3554 2305 3626 impe-

652 3650 904 3700 ratorem
936 3646 1130 3700 ferunt
1173 3645 1497 3701 intuentem
1551 3644 1876 3717 periculum
1936 3660 2218 3714 presens,
2250 3646 2309 3699 et

652 3751 767 3805 quo
791 3734 915 3791 loco
946 3751 1067 3789 suis
1099 3733 1474 3806 ﬁliorumque
1504 3751 1639 3807 spes
1673 3733 1885 3790 salutis
1924 3738 2123 3790 essent
2170 3747 2305 3788 cum

651 3825 891 3879 horrore
924 3828 1314 3895 reputantem,
1342 3823 1634 3880 navarcho
1676 3823 1895 3879 dixisse
1948 3822 2307 3878 contenden-

654 3914 795 3968 dum
831 3913 882 3968 ei
915 3914 1119 3984 utique
1167 3930 1346 3985 supra
1392 3914 1547 3968 vires
1590 3928 1756 3979 esse;
1808 3912 1857 3967 si
1902 3911 2101 3967 minus
2147 3909 2306 3966 enim

656 4004 947 4058 mundum
979 4004 1134 4061 528
1159 4002 1521 4060 universum.
1546 4002 1882 4058 universam
1908 4007 2063 4057 certe
2097 4000 2307 4056 Roma-

654 4109 793 4147 nam
826 4109 948 4148 rem
981 4093 1191 4165 exiguo
1219 4092 1316 4149 illo
1339 4092 1497 4165 ligno
1537 4091 1823 4147 contineri
1846 4107 1962 4163 quo
1994 4090 2168 4146 ambo
2197 4090 2308 4146 im-

657 4182 954 4255 peratores
984 4182 1357 4239 veherentur.
1394 4186 1572 4237 Porro
1593 4180 1775 4244 hunc,
1801 4180 1960 4236 haud
1988 4180 2305 4251 sequidem

653 4271 744 4327 vel
788 4287 1055 4328 cessasse
1086 4272 1370 4329 hactenus
1416 4270 1503 4327 vel
1561 4271 1925 4327 omissurum
1984 4269 2308 4340 quidquam
2347 4313 2351 4316 ν

657 4361 719 4416 in
752 4365 1078 4440 posterum
1140 4366 1385 4417 conatus
1435 4360 1860 4431 industriaque
1910 4359 2309 4430 proﬁtentem,

658 4450 981 4519 addidisse,
1028 4449 1223 4507 verbis
1281 4466 1409 4522 quea
1441 4450 1586 4507 satis
1622 4451 1929 4522 appareret
1958 4447 2183 4504 nolenti
2214 4463 2309 4503 ex-

2414 1915 2674 1983 νηθέντας
2723 1912 2997 1990 ἀφανίζειν
3056 1914 3118 1968 τὸ
3174 1914 3311 1989 πρὸς
3365 1914 3549 1983 ποσὶν,
3609 1913 3819 1977 εἰωθὼς
3880 1912 4069 1972 ἄλλως

2415 2001 2692 2077 λῃστείαις
2749 2001 2957 2076 ἀποζῇν
2996 2044 3011 2070 ,
3084 2006 3182 2056 τοῦ
3240 2001 3511 2076 βασιλέως
3566 2001 4073 2075 μεταλλάξαντος),

2414 2090 2763 2166 ἀναγκασθεὶς
2795 2088 2861 2159 δὴ
2909 2088 2998 2146 διὰ
3024 2095 3192 2146 ταῦτα
3240 2092 3269 2145 6
3321 2089 3575 2166 βασιλεὺς
3618 2088 3709 2145 καί
3761 2090 3857 2144 ἀπ’
3907 2090 4078 2143 αὑτοῦ

2414 2178 2718 2252 σκίμποδος
2749 2187 2853 2249 τῆς
2885 2176 3083 2250 ὀδύνης
3116 2178 3331 2253 ὁμιλεῖν
3383 2181 3562 2255 σφίσιν
3613 2174 3776 2254 ἔγνω,
3836 2178 3929 2233 καὶ
3958 2183 4079 2239 τοῖς

2419 2271 2515 2343 μὶν
2547 2270 2811 2338 πλήθεσιν
2845 2266 3036 2332 ἄλλως
3070 2268 3121 2331 ἐς
3156 2269 3315 2344 χάριν
3370 2273 3570 2337 ποιεῖν,
3625 2269 3754 2331 τοὺς
3810 2266 3868 2323 δέ
3899 2268 3955 2342 γ’
3987 2265 4084 2340 ἄρα

2415 2378 2620 2434 χοντας
2649 2361 2797 2435 σφῶν
2831 2357 3130 2434 εἰσαγαγεῖν
3162 2379 3221 2412 τε
3260 2356 3352 2413 καὶ
3381 2359 3449 2413 τά
3499 2360 3849 2433 προσήκοντα
3909 2356 4086 2411 εἶπεῖν

2414 2467 2475 2503 τε
2504 2450 2596 2502 καί
2647 2449 2896 2505 ἀκοῦσαι.
2956 2448 3095 2505 Τότε
3148 2450 3335 2503 τοίνυν
3392 2448 3484 2502 καί
3530 2448 4090 2523 παρασκευασάμενος

2419 2537 2494 2599 ὡς
2541 2536 2707 2607 είκὸς,
2757 2537 2848 2593 καί
2896 2558 2957 2613 γε
3009 2536 3137 2599 τοὺς
3189 2537 3425 2600 οἰκείους
3482 2537 3563 2615 ἐφ’
3620 2538 3849 2612 ἑκάτερα
3904 2556 4087 2612 παρα-

2420 2627 2645 2696 στήσας,
2674 2625 2835 2688 αὐτὸς
2862 2625 2952 2681 καὶ
3006 2626 3097 2703 βίᾳ
3140 2630 3449 2701 καθήμενος
3494 2625 3581 2681 ἐπὶ
3612 2623 3951 2699 σκίμποδος,
4013 2625 4088 2686 ὡς

2420 2714 2449 2769 6
2480 2715 2668 2791 καιρὸς
2699 2712 2879 2770 ἐδίδου
2909 2716 3000 2770 καί
3043 2716 3111 2770 τὶ
3139 2716 3255 2771 κατ’
3300 2716 3464 2771 αὐτὸν
3522 2704 3819 2791 πράγματα
3874 2713 4086 2789 ἐνεχώ-

2420 2823 2573 2877 ρουν,
2633 2803 2846 2881 ὀλίγοις
2910 2804 3019 2860 τισὶ
3078 2804 3271 2880 λόγοις
3328 2806 3426 2873 τήν
3489 2804 3703 2860 ἐκείνων
3764 2804 4085 2881 ἀφωσιοῦτο

2421 3020 2745 3077 formidata
2767 3022 2979 3078 fuisset
3006 3021 3306 3079 successio
3328 3022 3459 3094 ejus
3489 3021 3550 3076 in
3576 3020 4085 3093 imperium.Ager

2420 3126 2592 3182 porro
2637 3110 2731 3166 cui
2769 3111 3070 3168 Pachomii
3103 3126 3318 3167 nomen
3354 3128 3389 3167 a
3438 3110 3674 3167 domino
3724 3110 4084 3177 adheserat,

2420 3200 2643 3272 vulgati
2675 3200 3100 3271 oraculi,cujus
3122 3200 3481 3274 ambiguitas
3501 3203 3849 3272 suspectum
3884 3201 4086 3256 reddi-

2416 3289 2582 3345 derat
2614 3289 3191 3357 Paohomium,latali
3218 3293 3425 3345 eventu
3449 3289 3626 3344 ﬁdem
3650 3288 4085 3359 explevit.Cum

2416 3375 2575 3433 enim
2599 3378 2682 3433 ibi
2706 3379 2839 3434 ﬁxis
2855 3378 3124 3435 tentoriis
3143 3379 3432 3435 hererent
3448 3378 3840 3450 imperatores
3864 3378 4088 3447 pariter

2415 3470 2474 3523 et
2500 3467 2814 3536 exercitus,
2847 3467 3191 3540 ingravatus
3240 3466 3458 3523 seniori
3509 3470 3775 3538 Augusto
3836 3466 4090 3521 morbus

2417 3559 2528 3612 est.
2566 3556 2781 3612 Eodem
2816 3573 2988 3627 porro
3021 3556 3183 3613 brevi
3228 3560 3611 3612 accurrernnt
3658 3555 3964 3611 festinatis
3998 3572 4089 3610 ac-

2418 3644 2518 3700 citi
2550 3642 2775 3699 nuntiis
2806 3644 3052 3701 Tochari
3078 3662 3091 3701 :
3127 3644 3227 3700 sed
3258 3644 3333 3700 ils
3361 3644 3475 3700 frui
3521 3659 3636 3698 non
3680 3642 3852 3697 licuit
3884 3648 4089 3715 Optato

2417 3733 2695 3805 utrinque
2718 3732 3423 3805 conspectu,imperatore
3451 3731 3804 3788 decumbere
3828 3732 3906 3787 ob
3933 3750 4088 3789 mor-

2418 3820 2559 3877 bum
2594 3825 2893 3888 coacto,ao
2923 3821 3073 3877 nein
3107 3836 3259 3893 equo
3282 3820 3520 3892 quidem
3550 3818 3779 3875 valente
3814 3835 3877 3875 se
3911 3820 4090 3875 sociis

2420 3910 3076 3981 ostendere,coramque
3099 3909 3329 3976 illos,ut
3347 3906 3805 3980 cuperet,atl'ari,
3844 3910 4088 3980 quando

2419 4003 2477 4056 et
2504 4000 2556 4055 ei
2589 4000 2837 4072 contigit
2867 4004 2934 4056 ut
2965 4001 3163 4055 nescio
3194 3999 3289 4055 cui
3330 3998 3530 4055 libello
3578 3998 4087 4069 subscriptionem

2416 4087 2478 4143 in
2508 4086 2659 4144 lecto
2688 4104 2990 4159 apponens
3018 4088 3265 4161 regiam,
3297 4088 3356 4141 in
3402 4084 3775 4158 expressioue
3799 4086 4092 4157 temporis

2420 4177 2573 4234 εεο
2606 4176 2802 4243 solita,
2837 4192 3103 4233 mensem
3153 4176 3254 4249 qui
3284 4180 3415 4232 tum
3444 4174 3505 4231 in
3537 4190 3715 4231 cursu
3764 4178 3920 4245 erat,
3977 4175 4088 4230 No-

2417 4266 2742 4337 vembrem,
2766 4264 2937 4339 litera
2963 4266 3013 4322 N
3032 4266 3394 4338 designaret,
3426 4262 3695 4336 apicibus
3716 4262 4085 4333 quibusdam

2420 4354 2719 4426 adjunctis
2748 4354 2847 4424 qui
2880 4354 3244 4426 reliquorum
3276 4354 3409 4424 ejus
3454 4350 3724 4409 vocabuli
3755 4351 4085 4409 elemento-

2423 4459 2553 4499 rum
2604 4442 2791 4499 vicem
2837 4442 3158 4515 explerent,
3219 4459 3286 4498 ac
3332 4442 3599 4499 chartam
3653 4441 3738 4497 ita
3785 4441 4088 4513 signatam

661 4555 867 4611 pressa
896 4540 1079 4595 irritis
1101 4539 1517 4612 experimenlis
1556 4544 1877 4595 conatuum
1920 4553 2317 4606 summorum,
2349 4537 2397 4603 D
2428 4533 2681 4590 reddens
2713 4532 2970 4591 diceret:
3002 4554 3031 4584 «
3062 4533 3206 4589 Ecce
3234 4532 3553 4589 conclusus
3575 4531 3914 4586 November
3945 4537 4089 4587 est.»

656 4630 830 4685 vitari
864 4629 1026 4684 nulla
1053 4630 1106 4685 vi
1150 4644 1344 4702 posse,
1407 4629 1524 4686 nisi
1578 4629 1735 4685 Deus
1791 4629 2117 4700 adjuvaret,
2177 4626 2322 4699 quin

660 4719 879 4790 pariter
908 4734 1111 4775 omnes
1159 4718 1360 4776 hiante
1409 4718 1556 4774 mari
1608 4718 2107 4785 absorberentur;
2168 4716 2315 4772 adeo

659 4809 855 4882 palam
886 4810 1039 4866 vinci
1082 4825 1318 4866 omnem
1363 4814 1548 4865 artem
1601 4809 1900 4864 nauticam
1948 4806 2318 4863 vehementia

659 4900 993 4972 ingruentis
1017 4899 1174 4955 mali.
1211 4900 1471 4955 Tandem
1504 4903 1767 4954 extrema
1798 4898 1895 4953 diu
1942 4895 2317 4952 contentione

659 4988 945 5046 obluctati
977 4990 1257 5045 ﬂuctibus
1289 5006 1355 5045 ac
1384 4988 1594 5059 ventis,
1627 4992 1684 5044 et
1714 5004 1865 5059 saepe
1905 4988 1977 5042 ad
2038 4986 2315 5042 ultimum

660 5079 1047 5135 demersionis
1077 5079 1296 5134 admoti
1329 5078 1671 5147 discrimen,
1734 5076 2111 5133 Rhedestum
2155 5079 2315 5131 metu

658 5168 983 5224 semineces
1005 5168 1313 5240 appellunt
1345 5166 1429 5222 Ibi
1463 5167 1672 5223 diebus
1705 5166 1908 5237 paucis
1938 5182 1967 5221 e
1991 5165 2317 5236 jactatione

658 5258 926 5324 recreati,
962 5257 1130 5330 equis
1157 5273 1395 5313 rursum
1441 5256 1733 5311 inscensis
1767 5254 2017 5324 pervecti
2071 5252 2314 5325 Allagcn

663 5353 822 5403 sunt.

733 5438 862 5493 Haec
894 5438 1174 5493 nimirum
1210 5436 1412 5508 Allage
1444 5435 1609 5491 locus
1642 5439 1789 5502 erat,
1843 5434 1944 5490 ubi
1986 5434 2111 5488 vitae
2144 5433 2319 5488 tinem

663 5529 1002 5601 imperatori
1035 5543 1419 5583 occursurum
1453 5523 1817 5583 irrevocabili
1859 5524 1999 5580 olim
2030 5523 2184 5579 Deus
2216 5523 2319 5577 de-

664 5624 820 5675 creto
849 5622 1155 5675 statuerat.
1186 5620 1379 5688 Atque
1409 5615 1506 5670 ille
1538 5615 1776 5686 quidem
1801 5618 2124 5671 excaecatus
2149 5617 2322 5667 antea

660 5709 1015 5766 Pachomius
1047 5708 1385 5766 ostenderat
1425 5722 1606 5777 quam
1658 5704 1824 5761 vanis
1873 5701 2320 5776 suspicionibus

2433 4624 2662 4690 Quibus
2689 4622 2880 4679 altiori
2914 4639 3091 4696 quam
3115 4639 3229 4695 quo
3258 4622 3388 4693 ipse
3440 4622 3690 4692 loquens
3726 4625 4089 4692 penetraret,

2426 4713 2764 4785 signiﬁcatu
2790 4712 3164 4769 indicabatur
3184 4716 3316 4768 acta
3338 4709 3680 4783 imperatori
3711 4715 3939 4766 cuncta
3958 4728 4090 4767 con-

2426 4802 2613 4871 clusa,
2638 4802 3026 4874 praesagiente
3048 4800 3106 4856 id
3139 4801 3332 4873 ipsius
3363 4800 3583 4865 anima,
3605 4802 3661 4853 et
3689 4798 3855 4854 istud
3888 4798 4087 4872 ipsum

2428 4892 2744 4964 augurium
2768 4892 2844 4947 iis
2862 4891 3054 4947 verbis
3077 4889 3620 4947 eﬂ‘erenteJnterim
3652 4891 4091 4959 exspectatione

2427 4982 2690 5039 melioris
2712 4981 2985 5037 redituris
3015 4980 3375 5037 valetudinis
3405 4978 3789 5034 diﬂ‘erebatur
3814 4994 4089 5051 congres-

2428 5088 2533 5129 sus
2565 5070 2896 5141 aﬂ‘atusque
2925 5070 3349 5127 Tocharorum.
3376 5069 3588 5124 Verum
3612 5066 3938 5124 imminuta
3971 5071 4089 5139 ejus

2428 5162 2509 5217 rei
2541 5178 2645 5233 spe
2676 5164 2916 5233 propter
2958 5159 3462 5231 ingravescentem
3495 5156 3555 5212 in
3607 5158 3733 5212 dies
3792 5158 4088 5223 morbum,

2429 5255 2488 5307 et
2519 5255 2677 5306 metu
2709 5249 2920 5319 majori
2951 5249 3367 5315 accedente,ne
3396 5262 3541 5319 gens
3574 5245 4090 5319 eil‘era,desperata

2430 5339 2623 5396 salute
2657 5336 3335 5412 principis,regiones,in
3358 5352 3507 5407 quos
3550 5338 3719 5391 erant
3740 5336 3873 5406 ejus
3904 5338 4088 5392 accitu

2430 5429 2706 5502 ingressi,
2770 5427 2947 5483 solita
2995 5427 3142 5499 ipsis
3191 5425 3514 5498 rapacitate
3591 5424 4085 5497 depraedarentur,

2431 5524 2666 5576 coactus
2692 5520 3013 5591 imperator
3034 5522 3124 5574 est
3152 5518 3463 5574 admittere
3492 5514 3564 5571 ad
3590 5515 3960 5575 audientiam
3993 5519 4086 5573 du-

2432 5625 2529 5665 ces
2560 5625 2627 5665 ac
2659 5608 2952 5680 primores
2980 5607 3407 5674 Tocharorum,
3442 5620 3659 5676 eosque
3690 5621 3723 5661 e
3753 5604 3979 5663 lectulo
4008 5606 4083 5663 al-

2430 5699 2616 5771 loqui.
2653 5699 2800 5771 Ergo
2832 5698 3043 5771 vulgus
3072 5697 3313 5771 quidem
3347 5694 3632 5765 militum,
3667 5696 3934 5753 nationis
3966 5697 4081 5767 ejus
