4242 6438
207 419 316 476 993

1273 421 1372 476 DE
1408 420 1774 476 MICHABLE
1812 418 2258 477 PALEOLOGO
2292 423 2424 477 LIB.
2466 424 2565 478 VI.

3511 438 3616 495 994

207 539 725 635 θεραπείανζχάριν
776 536 1068 635 {Livii-xciv
1120 539 1387 635 ἐκφαίνων
1564 544 1644 613 τῷ
1696 544 1851 635 Novi?
1890 545 1941 611 Α
1974 544 2137 635 ςεται.
2196 540 2376 635 Εὐθὺς
2433 544 2537 621 γὰρ
2594 548 2662 635 τὰ
2712 552 2808 635 τοὺ
2841 547 3161 608 δεσποτικοῦ
3210 558 3441 620 θανάτου
3484 560 3620 635 σύμ.

205 632 275 688 τὶ
332 632 451 686 κατ’
507 629 725 703 ἀξίωσιν
778 627 1138 699 ἐκτελέσαντι,
1200 631 1359 703 χάσιν
1407 627 1452 683 δ’
1484 627 1627 704 ἔχειν
1688 629 1866 683 κάκεί-

209 742 326 782 νοις
364 719 439 783 ὡς
466 718 765 793 προθύμως
814 718 901 773 ἐπὶ
966 719 1217 792 βοήθειαν
1273 719 1637 790 ἀπαντήσασι,
1670 715 1864 791 δυσχε-

212 812 416 888 ραίνειν
446 807 492 863 δ’
522 808 609 863 ἐπὶ
640 812 709 882 τῇ
740 809 884 881 νόσῳ
934 809 1018 862 δτι
1073 809 1149 881 μὴ
1198 810 1446 884 καθαρῶς
1497 809 1558 878 te
1600 809 1697 877 τήν
1732 807 1867 882 πρὸς

210 899 407 961 αὖτοὺς
454 899 705 972 ἐντυχίαν
756 897 1019 973 γίνεσθαι,
1072 897 1121 951 ἐν
1176 894 1359 951 ἐλπίσι
1405 895 1449 951 δ’
1503 892 1650 971 ἔχειν
1685 894 1865 972 ραίσαι

209 996 313 1057 τῆς
344 987 509 1043 νόσου
556 986 743 1041 καὶτά
770 987 909 1061 πρὸς
960 989 1136 1059 θυμοῦ
1183 984 1480 1057 ἐκτελέσαι,
1517 984 1572 1039 εὖ
1630 984 1867 1047 ἐκείνους

209 1081 468 1133 ποιοῦνεα
525 1076 600 1137 ὡς
657 1072 824 1147 ἄξιον.
878 1076 1043 1131 Ταῦτ’
1092 1073 1339 1136 εἰπόντος
1388 1073 1590 1129 ἐκείνου
1614 1074 1739 1135 τοὺς
1767 1080 1869 1128 Το-

193 1157 422 1242 ’χάρους
483 1172 679 1239 σχῆμα
746 1165 840 1237 μὲν
898 1162 1211 1238 ἀλγούντων
1271 1160 1622 1234 ἐνδείξασθαι,
1676 1170 1870 1239 σχῆμα

214 1254 274 1311 δὲ
301 1255 393 1310 καί
422 1253 757 1323 ἐλπιζόντων
816 1250 968 1314 αὖθις
1025 1252 1305 1329 ἐμφαίνειν
1363 1254 1436 1314 ὡς
1490 1250 1669 1329 ῥαΐσοι
1722 1274 1779 1307 τε
1808 1252 1869 1306 τὸ

211 1346 383 1406 πάθος
435 1344 552 1416 μετ’
582 1342 645 1396 οὑ
674 1339 819 1396 πολὺ
871 1340 961 1395 καί
1013 1361 1077 1417 γε
1108 1342 1283 1419 σφίσιν
1336 1337 1482 1396 ἔσται
1525 1342 1593 1396 τά
1622 1342 1727 1395 ἀπὸ
1772 1345 1871 1395 τοῦ

217 1433 488 1510 βασιλέως
542 1431 686 1486 καλὰ
744 1430 1103 1505 ὑγιαίνοντος.
1164 1430 1266 1487 Καὶ
1328 1432 1378 1485 oi
1440 1431 1533 1504 μὲν
1590 1434 1779 1496 ταῦτα,
1834 1433 1869 1499 ἡ

212 1522 374 1585 νόσος
431 1520 488 1576 δὲ
548 1518 796 1576 ἐπεδίδου
855 1519 944 1574 καὶ
999 1521 1068 1575 τά
1097 1520 1292 1589 ἑαυτῆς
1336 1519 1586 1596 πληροῦν
1620 1518 1870 1593 ἔμελλεν,

212 1616 305 1675 Ὠς
359 1616 488 1688 γοῦν
547 1613 582 1681 ἠ
641 1610 803 1684 κυρία
859 1607 1047 1680 ἐνέστη
1106 1610 1193 1664 καὶ
1253 1607 1364 1680 ἤδη
1392 1610 1460 1664 τὰ
1496 1613 1592 1664 τοῦ
1622 1608 1870 1679 θανάτου,

213 1703 307 1759 καὶ
368 1700 581 1773 μᾶλλον
635 1705 754 1763 τοῖς
812 1698 1041 1772 ἰατροῖς,
1100 1696 1448 1773 προσδόκιμοι
1498 1700 1587 1771 ἦν,
1644 1704 1725 1771 τῷ
1778 1700 1870 1772 μὲν

215 1792 528 1866 ἀκτουαρίῳ
558 1785 839 1860 Καϐασίλᾳ
888 1787 989 1843 οὐκ
1038 1786 1279 1862 ἀσφαλὲς
1324 1788 1385 1842 τὸ
1435 1789 1870 1861 ὑπομιμνήσκειν

1976 625 2117 684 ϐολα
2155 628 2548 723 εὐτρεπίζεται,
2598 633 2661 723 ἃᾼ
2690 634 2874 695 λαϐὼν
2907 643 2989 714 [Ρ.
3022 644 3148 717 360]
3207 647 3234 701 ὁ
3282 647 3455 723 ἱερεὺς
3511 625 3621 706 τίῖιν

1972 723 2069 774 τοῦ
2118 718 2332 796 κλήρου
2374 724 2463 776 καὶ
2496 720 2766 795 εύλαϐὧν,
2828 728 3132 796 στολισθεὶς
3167 736 3240 798 ὡς
3291 718 3419 807 ἔδει,
3480 761 3622 816 παρ-

1979 806 2181 862 ίσταταί
2240 810 2291 863 οἱ
2347 811 2622 876 ἀνωίστως
2671 816 2897 889 πάμπαν
2956 819 3120 893 μηδὲν
3172 821 3360 881 εἰδότι.
3420 806 3623 905 Ἐτυὶε

1978 895 2033 951 δὲ
2062 898 2197 973 πρὸς
2228 899 2321 953 τὸν
2344 907 2533 977 τοῖχον
2565 905 2705 980 ὁρῶν
2761 907 3034 982 βασιλεὺς,
3080 913 3168 966 καὶ
3197 915 3263 967 τά
3309 919 3428 980 καθ’
3459 895 3620 975 αὖτ’δν

1975 985 2064 1082 ςῆν
2141 987 2242 1082 γάρ
2293 990 2380 1043 καὶ
2424 991 2561 1069 ’τοὺς
2628 992 2931 1069 λογισμοὺς
2984 998 3316 1075 ἐρῥωμένος)
3374 1006 3449 1070 ὡς
3504 1008 3622 1082 εἶχε

1978 1071 2363 1149 διανοούμενος
2400 1123 2411 1135 .
2488 1083 2699 1137 Ἵστατο
2768 1091 2896 1159 γοῦν
2970 1089 2997 1142 ὁ
3055 1087 3416 1167 πρεσϐύτερος
3478 1071 3624 1172 παρά

1978 1162 2192 1255 eoi-cepa,
2250 1168 2316 1220 τα
2374 1168 2502 1242 ἅγια
2555 1167 2703 1245 δῶρα
2756 1180 2965 1249 κρατῶν
3028 1178 3080 1232 ἐν
3141 1182 3318 1254 χερσὶ,
3377 1184 3465 1238 καὶ
3523 1162 3622 1255 τῆν

1980 1250 2069 1304 ἀπ’
2118 1250 2326 1307 ἐκείνου
2375 1255 2464 1309 καὶ
2499 1257 2668 1328 μόνου
2721 1259 3049 1341 ἐπιστροφὴν
3249 1270 3406 1325 αὑτὸν
3456 1250 3624 1349 παρα·

1980 1337 2154 1395 δοκων
2188 1342 2269 1418 ἐφ’
2297 1344 2480 1399 ἱκανὸν
2514 1352 2733 1401 σιωπῶν
2753 1348 2964 1409 ἵστατο.
3005 1356 3067 1409 Ὀ
3101 1353 3156 1409 δὲ
3197 1354 3303 1411 sifts
3343 1381 3394 1413 τι
3442 1367 3624 1416 τοιοῦ-

1977 1450 2069 1484 τον
2148 1430 2478 1504 ὑπονοήσας,
2562 1434 2671 1491 εἷ’ἀε
2738 1441 2825 1494 καὶ
2904 1441 3091 1505 ἄλλως
3165 1445 3390 1510 ἐπελθὸν
3453 1451 3624 1524 αὐτῷ,

1981 1518 2287 1594 ἐπεγκλίνει
2334 1523 2471 1594 πρὸς
2514 1524 2607 1578 τὸν
2665 1523 3050 1604 πρεσϐύτερον,
3101 1534 3189 1587 καὶ
3249 1536 3343 1609 ἅμ’
3374 1536 3478 1593 εἶδε
3535 1518 3625 1594 καὶ

1982 1609 2097 1679 ἅμα
2127 1611 2340 1683 συνῆκε,
2372 1612 2450 1666 Τὸ
2482 1609 2681 1686 δρᾶμα,
2741 1617 2852 1687 καὶ,
2912 1618 3001 1690 Τί,
3061 1624 3215 1696 φησί,
3272 1629 3472 1695 τοῦτο;
3515 1634 3625 1684 Τοῦ

1981 1700 2111 1770 γοῦν
2170 1698 2359 1773 ἱερέως
2416 1700 2491 1761 ὡς
2551 1702 2680 1777 ὑπὲρ
2712 1704 2876 1759 αὑτοῦ
2907 1707 3190 1779 εὐξάμενοι
3240 1713 3491 1789 ιρέρουσιν
3552 1717 3628 1781 εἰς

1986 1786 2238 1861 βοήθειαν
2299 1787 2482 1843 καὶτὰ
2513 1787 2661 1864 δῶρα
2689 1794 2756 1847 τὰ
2801 1794 2878 1857 είς
2930 1796 3105 1871 ὑγείαν
3165 1786 3479 1859 συνοίσοντα
3534 1804 3628 1860 λέ-

212 1882 281 1936 τά
335 1884 437 1933 τοῦ
492 1875 747 1932 κινδύνου
800 1874 975 1932 ἐδόκει
1030 1877 1330 1950 (νομίζεται
1375 1877 1479 1951 γάρ
1510 1882 1625 1938 τοῖς
1657 1882 1871 1931 νοσοῦσι
1904 1917 1949 1982 Β
1982 1894 2193 1948 γοντος,
2245 1875 2404 1938 αὑτὸς
2454 1875 2717 1953 διακόψας
2764 1882 3071 1960 ἀναθαρρεῖ,
3131 1888 3221 1942 καὶ
3278 1898 3376 1961 τῆς
3435 1893 3627 1965 κλίνης

288 1972 301 1982 ι
403 1974 430 1982 ι.
613 1972 635 1982 -ο
743 1979 755 1982 -
850 1966 859 1982 ο
1038 1966 1063 1982 Il
1261 1966 1284 1982 Ἀ
1383 1966 1396 1982 1
1470 1966 1491 1982 Ἰ
1663 1968 1691 1982 ν
1786 1966 1799 1982 ﬁ
1861 1976 1867 1982 .
1994 1962 2005 1981 ’9
2055 1962 2065 1980 Ι
2420 1968 2433 1982 \
2492 1973 2519 1982 ι.
2622 1975 2643 1982 κ
2696 1970 2756 1982 μ’
3025 1974 3035 1982 .
3135 1978 3145 1982 _
3221 1978 3242 1982 Α.
3421 1979 3432 1982 -

213 1972 305 2026 καὶ
337 1974 500 2024 τοῦτο
538 1972 705 2041 μοῖρα
736 1966 992 2040 θανάτου,
1026 1966 1207 2042 ὥσπερ
1259 1966 1318 2021 ἃν
1353 1966 1399 2020 εἰ
1431 1966 1602 2021 αἴτιον
1657 1968 1723 2035 ἦν
1783 1966 1870 2021 ἐπὶ

212 2059 435 2119 τούτοις
491 2058 554 2112 τὸ
607 2056 783 2133 λέγειν
836 2061 937 2111 τοῦ
980 2056 1262 2132 γίνεσθαι),
1321 2056 1532 2132 ἀφεῖναι
1592 2054 1648 2110 δὲ
1704 2055 1867 2110 πάλιν

218 2148 477 2203 ἀπελθεῖν
500 2147 789 2220 ἀνέτοιμον
840 2144 902 2201 οὐ
933 2150 1040 2200 τῶν
1092 2143 1277 2198 καλῶν
1306 2142 1615 2217 ἐδοκίμαζε.
1664 2147 1757 2215 Τῷ
1784 2166 1870 2199 τοι

213 2235 536 2312 προσελθὼν
588 2239 671 2308 τῷ
727 2233 776 2307 ἐξ
829 2232 1037 2289 ἐκείνου
1089 2234 1307 2309 βασιλεῖ
1354 2230 1685 2307 Ἀνδρονίκῳ
1717 2232 1873 2309 ἐθάρ-

217 2326 300 2404 ῥει
353 2328 445 2381 τὸν
500 2324 662 2400 λόγον
694 2331 795 2393 τῆς
846 2325 1167 2401 ἀποφάσεως
1224 2324 1299 2385 ὡς
1356 2324 1419 2377 οὑ
1468 2324 1764 2399 βιώσοντος
1796 2320 1873 2377 ἔτι

207 2420 308 2471 τοῦ
344 2413 634 2490 βασιλέως.
666 2413 768 2470 Καὶ
828 2414 887 2476 ’ὀς
954 2410 1073 2468 οὐδ’
1121 2411 1281 2475 αὑτὸς
1342 2413 1784 2486 ὑπομιμνήσκειν
1812 2413 1875 2467 τὸ

210 2504 540 2560 ἀπευκταῖον
590 2502 830 2581 ἐθάρρει,
882 2502 1037 2576 ὅμως
1094 2500 1151 2557 δὲ
1206 2502 1304 2571 τήν
1362 2502 1675 2575 ὲτοιμασίαν
1718 2501 1876 2579 σοφί-

214 2712 512 2769 donativis
544 2712 768 2767 curavit
796 2709 1054 2767 deliniri:
1088 2726 1355 2783 proceres
1388 2715 1582 2766 autem
1607 2710 1667 2765 in
1698 2709 1861 2765 cubi-

212 2801 547 2870 oulum,ubi
578 2817 727 2872 aeger
760 2799 1170 2864 decumbebat,
1190 2800 1405 2854 accitos
1433 2799 1634 2854 audire
1666 2814 1862 2854 coram

212 2890 500 2963 aﬂ‘arique
532 2888 858 2945 constituit.
920 2889 980 2943 Id
1042 2903 1219 2959 quam
1270 2888 1710 2958 decentissime,
1763 2905 1865 2959 pro

212 2984 371 3037 statu
405 2979 679 3051 praesenti
711 2994 930 3045 rerum,
955 2982 1241 3050 apparatu
1273 2978 1359 3033 sic
1382 2982 1575 3033 actum
1603 2983 1710 3033 est.
1744 2977 1864 3032 Cir-

209 3070 593 3126 cumstabant
624 3066 903 3139 utrinque
935 3066 1251 3122 necessarii
1301 3082 1366 3122 ae
1399 3064 1716 3121 familiares
1748 3065 1861 3121 im-

210 3157 658 3232 peratoris.lpse
687 3156 1253 3228 connisu,quantum
1287 3156 1557 3211 debilitas
1598 3156 1861 3227 corporis

1982 1962 2282 2038 ἀνέγρεται,
2348 1968 2435 2020 καὶ
2492 1973 2643 2037 ζητεῖ
2694 1970 2890 2041 ζώνην,
2951 1974 3040 2028 καὶ
3096 1978 3158 2030 τὸ
3210 1978 3361 2053 ἅγιον
3416 1962 3629 2055 διέξεισι

1983 2047 2285 2124 σύμϐολον,
2337 2055 2425 2109 καὶ
2482 2058 2564 2125 τὸ,
2627 2084 2651 2109 ‹‹
2693 2058 2885 2135 Κύριε,
2937 2062 3091 2138 ῥῦσαί
3152 2087 3217 2139 με
3247 2047 3306 2123 ἐκ
3354 2078 3454 2140 τῆς
3488 2047 3629 2149 ὧρας

1982 2140 2201 2211 ταύτης,
2252 2166 2280 2193 ››
2326 2143 2515 2216 εἶ’πὼν,
2566 2148 2654 2200 καὶ
2704 2148 2769 2202 τά
2798 2149 2978 2205 εἰκότα
3009 2158 3437 2229 ποτνιασάμενος
3494 2140 3631 2235 πρὸς

1981 2230 2073 2283 τὸν
2127 2232 2403 2304 “ὶ“ψιστον,
2459 2235 2557 2303 τὴν
2617 2236 2779 2307 ἀμίαν
2816 2238 3119 2315 μετάληψιν
3152 2242 3389 2320 δέχεται,
3420 2251 3508 2303 καὶ
3538 2230 3633 2306 πε-

1986 2320 2090 2373 σὼν
2147 2319 2298 2385 αὖθις
2349 2322 2437 2376 καὶ
2490 2326 2673 2398 καιρὸν
2726 2327 2971 2403 ἐπισχὼν
3032 2332 3130 2399 τὴν
3183 2319 3369 2410 ψυχήν
3418 2338 3633 2417 ἀφίησι.

1985 2410 2088 2465 Καὶ
2116 2406 2184 2502 δὴ
2213 2409 2542 2502 τελευτήσας
2591 2413 2698 2489 οὐχ
2726 2416 2907 2502 ,ἧττον
2967 2426 3083 2483 τοῖς
3136 2427 3242 2477 τῶν
3263 2406 3565 2502 -.Τοχάρων

1983 2503 2089 2553 τῶν
2139 2498 2353 2553 οἷ’κείων
2384 2500 2671 2574 τετίμηται
2717 2501 2994 2581 δάκρυσιν.
3054 2511 3131 2567 Οὗ
3177 2512 3269 2567 τὸν
3326 2498 3513 2591 νεκρόν
3572 2498 3633 2573 τό

1974 2707 2257 2764 Cabasilaa
2287 2708 2445 2765 haud
2495 2711 2728 2768 animus
2761 2718 2957 2773 tamen
3007 2720 3218 2790 adfuit,
3270 2724 3620 2796 praevalente

1976 2803 2138 2853 metu
2197 2798 2560 2870 offensionis,
2622 2802 2920 2861 indicandi
2967 2809 3232 2882 Augusto
3290 2814 3616 2885 periculum

1974 2902 2172 2942 suum.
2210 2892 2353 2942 Nam
2385 2888 2583 2945 ethoc
2618 2892 2811 2949 fatalis
2835 2894 2977 2951 hora
3000 2897 3283 2971 ingruens
3306 2902 3511 2959 alTerre
3536 2922 3623 2961 so-

1974 2974 2133 3031 letin
2166 2975 2376 3047 primis
2412 2979 2648 3034 noxium
2683 2982 3052 3052 mortalibus,
3088 2994 3151 3044 ut
3183 2990 3407 3047 indices
3440 3010 3623 3065 quan-

1974 3066 2195 3120 tumvis
2232 3066 2538 3122 benevolos
2584 3069 2950 3128 imminentis
3000 3076 3218 3147 obitus,
3253 3085 3537 3153 tanquam
3572 3085 3620 3140 si

1978 3155 2318 3244 ejuscausa
2349 3162 2568 3225 essent,
2603 3175 2803 3215 exesos
2829 3162 2943 3218 fere
2975 3163 3415 3225 habeant.ldem
3450 3189 3621 3244 porro

209 3227 452 3317 l’ercbat,
486 3227 719 3302 erectus
748 3252 807 3300 et
838 3227 1051 3301 lectulo
1082 3244 1727 3316 insidens,obscquium
1763 3246 1859 3299 be-
1897 3250 1939 3317 ο
1981 3227 2306 3299 Cabasillas
2342 3244 2597 3316 ieligioni
2632 3250 2838 3305 merito
2869 3252 3119 3310 ducebat
3150 3256 3232 3312 sic
3264 3227 3620 3332 imparatum

210 3336 551 3392 nevolorum
584 3335 875 3390 sociorum
911 3336 983 3389 ad
1018 3333 1263 3388 amicam
1298 3333 1697 3388 invitationem
1732 3338 1861 3388 stu-

210 3426 369 3482 diose
402 3424 834 3481 occurrentium
868 3424 1132 3494 impense
1165 3423 1860 3494 commendavit,gratum

209 3516 269 3571 id
297 3514 408 3571 sibi
442 3520 498 3570 et
531 3513 776 3589 memori
809 3512 1007 3568 animo
1038 3512 1411 3568 condendum
1444 3513 1701 3567 ofﬁcium
1730 3529 1861 3584 pro-

213 3606 415 3660 ﬁtens.
454 3604 518 3658 In
551 3601 761 3674 primis
792 3618 855 3656 se
885 3606 1058 3673 Negas
1089 3602 1308 3673 gratias
1337 3617 1507 3673 agere
1531 3601 1864 3673 babereque

213 3693 501 3768 plurimas
534 3694 899 3747 contestatus
922 3691 1193 3761 est,quod
1217 3690 1269 3746 is
1300 3696 1418 3744 tam
1449 3696 1864 3763 prompte,tam

214 3782 441 3857 prolixe
472 3780 692 3854 petenti
727 3778 837 3835 sibi
872 3779 1027 3851 quod
1081 3783 1312 3849 optarat
1364 3780 1667 3834 annuisset
1699 3799 1713 3848 ;
1748 3796 1864 3853 quo

214 3871 481 3938 nomine,
508 3875 575 3924 ut
602 3869 750 3941 ipsis
782 3885 931 3940 quos
956 3868 1259 3939 spectabat
1288 3885 1566 3939 praesens,
1608 3869 1709 3940 qui
1742 3872 1862 3924 tam

219 3968 461 4019 strenue
485 3958 703 4015 auxilio
723 3958 1043 4023 venissent,
1077 3956 1269 4012 sicilli
1299 3957 1397 4028 qui
1446 3958 1697 4029 benigne
1754 3958 1862 4012 mi-

220 4052 420 4118 sisset,
452 4054 736 4105 aeternum
768 4064 831 4103 se
862 4048 1208 4103 obstrictum
1241 4047 1382 4102 fore.
1429 4047 1865 4104 Perincommo-

218 4144 360 4197 dum
396 4139 499 4194 tali
530 4135 776 4193 articulo
808 4135 920 4192 sibi
954 4137 1222 4192 morbum
1265 4136 1421 4190 hunc
1456 4136 1861 4203 intervenisse,

220 4232 361 4304 plus
391 4231 520 4284 ideo
552 4227 867 4283 molestum
904 4228 1056 4297 quod
1090 4226 1306 4298 quibus
1323 4226 1715 4282 destinaverat
1735 4228 1862 4283 ot'fi-

212 4320 325 4378 ciis
346 4317 699 4395 iudiciisque
729 4317 885 4373 530
914 4315 1034 4371 veri
1065 4315 1285 4371 amoris
1324 4314 1588 4385 excipere
1620 4332 1861 4388 genero-

212 4426 314 4467 sos
345 4407 537 4465 socios
566 4423 676 4462 sua
705 4421 885 4461 causa
913 4411 1032 4461 tam
1064 4404 1235 4477 longe
1278 4405 1568 4477 profectos
1625 4404 1860 4461 interim

214 4496 942 4573 prohiberetur.Ceterum
974 4511 1211 4567 sperare
1243 4494 1399 4549 brevi
1425 4495 1861 4565 remittendum;

214 4588 451 4659 sibique
475 4585 808 4642 valetudine
835 4589 1179 4656 recuperata
1208 4589 1464 4657 optatam
1504 4600 1638 4639 mox
1688 4585 1865 4641 facul-

214 4684 399 4735 tatem
424 4675 601 4731 aﬁ‘ore
629 4680 857 4746 gratam
904 4690 1071 4728 suam
1124 4690 1262 4745 erga
1293 4674 1453 4745 ipsos
1510 4674 1867 4731 voluntatem

218 4765 637 4823 consentaneis
665 4770 722 4819 et
744 4762 954 4818 merito
986 4762 1248 4835 ipsorum
1282 4767 1339 4817 et
1369 4780 1476 4818 suo
1525 4764 1721 4819 studio
1769 4765 1866 4820 be-

212 4855 441 4912 neﬁciis
473 4852 1017 4925 expromendiﬂae
1046 4869 1113 4908 eo
1145 4853 1348 4923 paucis
1382 4858 1438 4907 et
1467 4869 1616 4925 aegre
1648 4853 1865 4921 locuto,

220 4943 500 5002 Tocharii
541 4959 660 5015 pris
694 4958 759 4997 se
809 4940 1075 4998 tulerunt
1130 4940 1326 4998 dolere
1378 4958 1442 4997 se
1492 4942 1865 4998 incommodo

214 5032 505 5107 principis
534 5030 733 5096 amici,
763 5047 1098 5104 cupereque
1130 5048 1196 5087 ac
1225 5047 1460 5104 sperare
1516 5032 1673 5088 brevi
1730 5049 1864 5087 eum

214 5123 648 5180 restituendum
680 5121 741 5175 in
792 5118 1200 5177 salubritatem
1234 5120 1578 5193 pristinam;
1615 5124 1867 5193 tuncque

210 5229 278 5269 se
303 5209 611 5268 sinceriori
642 5214 1025 5283 percepturos
1053 5209 1270 5282 gaudio
1310 5209 1605 5281 promissa
1638 5211 1710 5265 ab
1738 5211 1865 5283 ipso

205 5303 385 5359 bona.
422 5302 509 5357 Ita
539 5300 647 5355 illi.
681 5299 968 5358 Caeterum
1013 5299 1257 5355 morbus
1287 5298 1423 5354 inde
1467 5316 1786 5372 augescens
1811 5299 1863 5355 vi

204 5409 329 5464 qua
358 5391 743 5464 grassabatur
773 5406 945 5459 saeva,
979 5389 1134 5444 baud
1169 5389 1415 5445 obscure
1446 5394 1778 5462 Augustum
1803 5392 1861 5445 in

207 5481 519 5538 interitum
555 5477 1135 5552 urgebat,adfuitque
1159 5494 1272 5533 non
1307 5478 1491 5535 multo
1523 5484 1655 5550 post
1685 5479 1864 5535 mini-

206 5588 302 5627 me
341 5570 541 5626 dubiis
609 5569 982 5641 agnoscenda
1032 5568 1269 5624 indiciis
1324 5585 1603 5641 suprema
1647 5574 1863 5641 aegroto

199 5661 357 5733 dies,
394 5660 633 5733 quando
663 5658 913 5715 medicis
945 5656 1091 5714 nihil
1119 5658 1324 5713 mitius
1353 5674 1531 5730 quam
1565 5664 1861 5716 maturum

197 5748 619 5807 decumbentis
652 5747 880 5804 obitum
916 5746 1109 5820 palam
1138 5747 1568 5820 eminentibus,
1600 5748 1862 5806 actuario

1976 3347 2045 3387 ex
2074 3335 2196 3388 vita
2245 3334 2523 3390 excedere
2572 3344 2901 3409 Augustum
2949 3343 3157 3400 sinere.
3192 3347 3379 3408 Quare
3411 3351 3615 3407 defun-

1973 3427 2206 3477 cturum
2244 3424 2354 3478 isto
2387 3441 2449 3479 se
2498 3442 2635 3496 erga
2681 3427 2847 3484 illum
2881 3431 3072 3489 olifcio
3122 3438 3367 3507 putavit,
3403 3441 3452 3495 si
3504 3441 3622 3498 lilio

1974 3513 2417 3583 successorique
2434 3514 2562 3584 ejus
2588 3517 2917 3575 Andronico
2939 3520 3256 3580 discrimen
3295 3528 3617 3585 denuntia—

1973 3604 2059 3655 ret
2086 3601 2270 3671 patris
2301 3605 2649 3672 extremum,
2690 3608 2842 3678 quod
2878 3616 2935 3664 et
2968 3612 3169 3668 statim
3220 3616 3373 3672 fecit.
3407 3618 3621 3676 Verum

1975 3704 2047 3744 ne
2081 3690 2451 3746 Andronicus
2485 3692 2721 3763 quidem
2752 3712 2935 3753 ausus
2983 3706 3073 3756 est
3104 3707 3222 3759 tam
3258 3705 3484 3762 tristem
3520 3726 3622 3781 pa-

1974 3779 2127 3834 renti
2162 3779 2365 3836 afferre
2399 3782 2695 3838 nuntium.
2729 3785 2951 3842 Tamen
3001 3790 3223 3862 aliquid
3274 3779 3627 3869 excogitavit

1970 3884 2083 3938 quo
2117 3885 2292 3923 suum
2345 3874 2669 3942 utcumque
2713 3873 3014 3931 silentium
3069 3880 3388 3953 suppleret.
3441 3886 3622 3942 Jussu

1972 3956 2197 4013 scilicet
2226 3959 2353 4029 ejus
2398 3959 2593 4015 subito
2646 3970 3003 4034 promuntur
3050 3967 3366 4029 Dominicse
3419 3979 3625 4033 mortis

1971 4048 2390 4120 symbola,quaa
2422 4052 2693 4107 sacerdos
2720 4054 2856 4109 eleri
2886 4055 3131 4128 palatini
3151 4065 3622 4137 venerabundus,

1978 4154 2090 4207 quo
2126 4155 2228 4209 par
2259 4145 2382 4195 erat
2410 4147 2619 4196 ornatu
2670 4144 2985 4215 accipiens,
3023 4148 3338 4221 improviso
3384 4171 3625 4225 prorsus

1976 4228 2046 4281 ad
2069 4228 2216 4284 581
2247 4228 2393 4283 nihil
2419 4230 2616 4285 minus
2636 4234 2993 4304 cogitantem
3009 4238 3336 4309 Augustum
3352 4246 3622 4301 accessit.

1972 4315 2108 4371 Erat
2167 4333 2319 4390 aeger
2360 4322 2500 4373 tunc
2537 4320 2682 4375 forte
2741 4323 2902 4378 vultu
2956 4327 3027 4380 ad
3080 4327 3359 4397 parietem
3400 4349 3625 4405 averso,

1972 4406 2131 4495 curis
2164 4413 2229 4461 ut
2258 4408 2577 4478 apparebat
2618 4410 3011 4469 familiaribus
3062 4414 3359 4475 intentus:
3391 4423 3628 4495 vigebat

1972 4494 2126 4551 enim
2160 4495 2356 4551 animo
2379 4513 2483 4552 nec
2508 4499 2576 4553 de
2611 4498 2918 4568 judicandi
2945 4504 3073 4573 ejus
3106 4511 3207 4562 aut
3236 4494 3626 4568 ratiocinandi

1900 4628 1945 4692 D
1977 4584 2175 4640 solerti
2206 4585 2530 4661 acrimonia
2557 4588 2884 4660 quidquam
2937 4594 3178 4650 morbus
3219 4597 3621 4657 imminuerat.

1981 4675 2185 4730 Stabat
2215 4674 2398 4747 igitur
2446 4676 2503 4731 in
2554 4679 2847 4734 contraria
2895 4688 3058 4753 parte
3108 4686 3411 4760 presbyter
3457 4707 3626 4747 sacra

1978 4764 2131 4819 dona
2163 4780 2340 4820 manu
2385 4765 2706 4837 sustinens,
2737 4774 2795 4823 et
2825 4770 2964 4824 dum
3014 4771 3112 4828 ille
3143 4792 3205 4829 se
3255 4783 3463 4848 sponte
3494 4797 3628 4836 con-

1975 4858 2248 4921 verteret,
2309 4858 2401 4910 sat
2456 4854 2627 4926 longe
2680 4868 2939 4930 tempore
2983 4861 3216 4919 silentio
3257 4874 3623 4939 exspectans.

1977 4943 2235 4998 Tandem
2272 4944 2609 5015 imperator,
2643 4946 2761 5002 sive
2806 4964 2921 5018 quo
2969 4952 3255 5009 excitatus
3304 4956 3473 5029 signo
3506 4960 3627 5015 sive

1974 5030 2259 5088 instinctu
2304 5033 2549 5106 propriae
2604 5036 2818 5091 mentis
2868 5038 3229 5109 admonitus,
3282 5046 3381 5100 ubi
3414 5047 3623 5104 faciem

1976 5121 2254 5178 aliorsum
2288 5122 2641 5190 retorsisset,
2674 5125 2799 5181 viso
2831 5129 3171 5202 presbytero
3215 5134 3415 5191 statim
3449 5137 3623 5193 intel-

1975 5210 2116 5267 lexit
2144 5228 2428 5283 quorsum
2463 5212 2511 5267 is
2535 5213 2808 5270 venisset.
2848 5218 3232 5292 Interrogavit
3253 5228 3451 5281 tamen
3483 5228 3623 5300 quid

1975 5301 2088 5357 sibi
2119 5318 2184 5356 eo
2213 5307 2441 5369 ornatu,
2477 5319 2543 5357 eo
2572 5308 2729 5359 statu
2756 5305 2947 5363 vellet.
2983 5308 3204 5380 Illoque
3236 5318 3624 5386 respondente

1974 5406 2101 5447 sese
2138 5396 2269 5461 post
2302 5408 2500 5462 preces
2532 5410 2639 5466 pro
2671 5394 2801 5463 ejus
2833 5394 3021 5451 salute
3064 5401 3225 5455 fusas
3248 5402 3423 5459 etiam
3457 5406 3623 5462 ulilia

1974 5480 2025 5536 ei
2051 5480 2312 5551 juvando
2343 5482 2634 5538 cll‘erenda
2654 5500 2821 5539 sacra
2844 5486 2997 5541 dona
3030 5492 3349 5562 putavisse,
3372 5511 3623 5566 quorum

1973 5572 2266 5644 perceptio
2298 5574 2367 5628 ad
2422 5574 2610 5629 morbi
2651 5591 2884 5646 quoque
2932 5578 3183 5637 valitura
3226 5584 3618 5645 exsulsionem

1972 5661 2140 5727 foret,
2167 5678 2280 5718 non
2313 5666 2647 5735 exspectato
2679 5663 2819 5718 dum
2855 5664 2910 5720 id
2946 5671 3134 5723 totum
3159 5675 3621 5746 pronuntiasset,

1971 5766 2120 5823 (eger
2149 5751 2344 5807 statim
2376 5751 2640 5809 excitans
2670 5769 2733 5809 se
2772 5753 2967 5827 ipsum
3019 5774 3202 5832 supra
3256 5761 3469 5821 lectum
3522 5784 3623 5825 ex-
