4210 6448
584 361 696 416 995
1644 362 1706 418 Ρ.
1748 360 2024 417 ΡΟΒΒΙΝΙ
2061 362 2246 419 0888]

2339 361 2680 420 'ATIONUM
2714 362 2853 418 LIB.
2890 365 2937 417 Ι.
3886 364 4001 420 996

579 483 750 557 τάχος
809 483 860 536 οἱ
921 482 997 570 εἰς
1047 486 1210 536 τοῦτο
1261 482 1550 570 τσχθέντες
1607 481 1978 570 συστείλαντες
2033 484 2223 546 νυκτὸς
2255 506 2306 570 Α
2337 483 2396 538 ὲκ
2445 489 2511 538 πῖ
2557 483 2837 558 στοιχείου
2866 483 3277 557 τριγράμματον
3307 482 3398 536 τὸν
3433 482 3515 536 ἐπ’
3554 481 3738 555 ἐκείνῳ
3770 482 3990 557 σύμϐοο

585 573 732 646 παρᾶ
784 571 884 639 τήν
935 569 1058 625 vim
1091 571 1287 644 μονὴν,
1316 569 1474 644 ἐγγύς
1499 590 1604 624 που
1643 574 1751 624 τῶν
1800 569 1912 624 ἐκεῖ
1951 571 2230 644 κειμένην,
2268 569 2303 570 '7
2345 572 2466 628 λον.
2529 570 2779 642 Δήλωσις
2838 571 2884 626 δ’
2945 575 3100 643 οἶμαι
3129 575 3298 624 ταῦτα
3353 576 3449 626 τοῦ
3503 594 3561 626 τε
3611 576 3728 627 κατ’
3759 573 4004 644 ἐπίκλην

588 660 1012 734 μεταιομίζουσι
1047 704 1059 717 .
1109 659 1210 715 Καὶ
1255 657 1430 724 οὕτως
1473 660 1768 734 ἀπέρχεται
1825 657 2081 735 βασιλεὺς
2142 663 2233 731 ζή-
2342 661 2491 733 αὐτῷ
2523 661 2822 735 λεγομένου
2853 659 3259 736 (Παλαιολόγος
3313 662 3464 736 γὰρ),
3524 666 3621 716 τοῦ
3676 661 3846 718 τόπου
3879 667 4004 718 καθ’

582 770 676 812 σας
748 749 841 822 μὲν
919 750 985 802 τὰ
1040 747 1323 820 σύμπαντα
1374 743 1470 818 Et;
1517 748 1858 818 πεντήκοντα
1911 747 2000 803 καὶ
2064 749 2229 821 ὀκτὼ,
2339 748 2397 804 δν
2429 743 2631 822 ἔμελλε
2656 749 2909 822 τελευτᾷν
2971 747 3088 823 (τοῦ
3147 748 3457 825 Ιιαχωμίου
3500 752 3601 824 γὰρ
3658 751 3719 805 τὸ
3779 753 3996 827 χωρίον

582 836 906 915 βασιλεύσας
938 834 994 892 δὶ
1032 839 1255 912 ἡμερῶν
1285 834 1518 892 δεουσῶν
1568 834 1739 891 εἴκοσι
1786 838 1852 891 τὰ
1898 835 2068 892 εἴκοσι
2111 840 2229 892 τὲσ-
2340 837 2576 914 ἐλέγετο)
2625 840 2714 894 καὶ
2770 848 2871 910 τῆς
2927 839 3294 895 ὲπιτελευτίου
3348 838 3434 894 ἐπὶ
3484 839 3704 901 τούτοις
3755 843 3991 914 ἡμέρας·

581 948 735 1002 cupa.
801 924 1104 981 Ὑποδεῖται
1163 928 1261 1000 μὲν
1320 927 1420 1002 γὰρ
1470 925 1534 980 τὰ
1561 933 1661 995 τῆς
1714 925 1993 1002 βασιλείας
2033 927 2232 1003 ἇρυθρά
2338 929 2523 1002 ἡμέρα
2551 929 2654 1004 γὰρ
2713 929 2779 998 ἧν
2840 930 3158 1004 Παρασκευή
3207 931 3326 993 καθ’
3374 929 3436 997 ἣν
3493 931 3640 984 ταῦτ’
3697 930 3995 1004 ἐπράττετο

577 1013 1058 1089 Ἑκατομϐαιῶνος
1115 1016 1348 1089 πρώτῃ,
1409 1015 1484 1078 ὡς
1543 1013 1794 1070 λέλεκται
1833 1058 1846 1084 ,
1897 1018 2114 1086 Θνήσκει
2172 1014 2237 1073 δι
2340 1015 2614 1087 ὶνδεκάτη,
2698 1019 2773 1082 ὡς
2846 1013 3082 1092 εἷ’ρηται,
3171 1017 3619 1094 Σκιροφοριῶνος
3673 1022 3770 1074 τοῦ
3827 1020 3994 1097 ρςψιρι

581 1109 1021 1182 Σκιροφοριῶνος
1105 1102 1386 1180 ἑνδεκάτῃ,
1463 1104 1646 1179 ἡμέρᾳ
1719 1110 2057 1181 Παρασκετῇ.
2129 1107 2228 1164 Καὶ
2339 1103 2520 1170 hanc.

579 1195 722 1251 οὕτω
769 1195 949 1249 καὶτὸ
989 1193 1073 1249 ἐπ’
1116 1194 1263 1268 αὐτῷ
1303 1199 1530 1267 σημεῖον
1583 1192 1907 1252 ἐτελειοῦτο.
1967 1198 2067 1254 Ἦν
2123 1197 2226 1271 γὰρ

577 1325 787 1398 surgit,
821 1341 1026 1380 zonam
1071 1322 1347 1395 postulat,
1377 1327 1647 1378 sanctum
1701 1323 2036 1393 symbolum
2087 1342 2223 1396 pro-
2334 1325 2589 1397 demptis
2617 1325 2823 1382 diebus
2853 1327 3082 1398 viginti.
3114 1326 3263 1382 Nam
3291 1325 3522 1398 imperii
3573 1325 3804 1398 insigne
3839 1345 3987 1396 pur-

578 1414 837 1482 nuntiat,
863 1413 1084 1469 addens
1116 1416 1172 1466 et
1203 1410 1386 1466 illud:
1423 1434 1450 1460 ‹‹
1485 1413 1688 1466 Libera
1716 1429 1828 1482 me,
1852 1413 2115 1481 Domine,
2150 1415 2222 1469 ab
2334 1430 2542 1484 puram
2574 1415 2767 1470 induit
2798 1416 2987 1486 prima
3015 1417 3106 1470 die
3137 1415 3432 1483 Januarii,
3466 1419 3534 1470 ut
3570 1415 3790 1470 dictum
3823 1417 3982 1472 582

574 1504 720 1558 hora
749 1502 880 1567 bac,
916 1524 942 1550 ››
969 1507 1091 1555 tum
1126 1500 1342 1572 quibus
1367 1516 1471 1571 par
1492 1506 1616 1555 erat
1637 1501 2012 1557 demissionis
2035 1502 2222 1573 signis
2332 1507 2456 1557 est:
2490 1503 2635 1559 obiit
2666 1508 2860 1558 autem
2895 1503 3207 1558 undecima
3263 1503 3623 1569 Decembris,
3673 1504 3766 1558 die
3797 1507 3978 1558 Pata-

571 1591 940 1647 Altissimum
966 1595 1312 1662 praesentem
1344 1593 1654 1645 veneratus
1686 1606 1914 1645 sacram
1956 1607 2220 1647 commu-
2331 1608 2516 1646 sceve.
2542 1596 2608 1646 Et
2641 1591 2724 1647 sic
2756 1591 3058 1663 impletum
3082 1596 3289 1646 eventu
3312 1597 3402 1646 est
3434 1593 3586 1662 quod
3613 1591 3990 1662 significasse

571 1681 806 1736 nionem
841 1679 1074 1750 accipit,
1107 1683 1164 1734 et
1194 1679 1250 1732 in
1288 1677 1564 1732 lectulum
1597 1678 1861 1750 relapsus
1884 1680 2093 1751 exiguo
2116 1697 2220 1735 su-
2331 1681 2512 1735 videri
2549 1685 2738 1752 potuit
2769 1681 3053 1752 sigillum,
3087 1681 3241 1751 quod
3293 1680 3575 1735 adbibere
3605 1696 3636 1734 0
3659 1681 3995 1751 bsignando

571 1774 801 1842 perstes
861 1766 1185 1835 intervallo,
1235 1765 1410 1839 paulo
1487 1771 1617 1838 post
1671 1767 1926 1823 animam
1987 1769 2222 1825 emittit.
2257 1761 2732 1825 Bconsueverat.
2788 1770 3162 1841 Exprimebat
3221 1775 3418 1824 autem
3475 1769 3530 1823 id
3582 1769 3984 1824 characterem

570 1859 753 1930 Cujus
780 1874 908 1913 mox
939 1856 1175 1929 cognita
1206 1872 1366 1911 mors
1400 1873 1515 1911 non
1574 1857 1770 1912 minus
1818 1857 2218 1913 Tocharorum
2332 1858 2648 1913 formatum
2683 1874 2751 1912 ex
2782 1859 2971 1912 tribus
3005 1858 3212 1927 ﬁguris
3241 1856 3513 1912 elementi
3557 1859 3737 1912 Graaci
3770 1863 3856 1922 πῖ,
3893 1860 3984 1912 in-

572 1965 750 2022 quam
785 1947 864 2020 ipi
899 1945 1270 2001 subditorum
1301 1945 1588 2001 honorata
1619 1946 1895 2017 lacrymis
1925 1952 2035 2002 est.
2081 1948 2224 2018 Ejus
2331 1946 2650 2014 dicantem,
2691 1953 2976 2017 quantum
3021 1947 3392 2017 interpretor,
3428 1949 3614 2018 primo
3658 1964 3987 2015 cognomen

572 2039 820 2093 cadaver
853 2037 1126 2092 festinato
1159 2035 1574 2106 compositum,
1627 2035 1845 2105 quibus
1894 2036 1949 2090 id
2001 2038 2220 2107 negotii
2332 2035 3983 2108 familiaipsius,quoderatPulzeologus;deindelocum

568 2128 772 2182 datum
803 2127 1010 2193 fuerat,
1036 2128 1212 2180 noctu
1249 2125 1319 2179 ad
1347 2141 1558 2179 novum
1595 2127 2013 2179 monasterium
2037 2125 2094 2179 in
2120 2124 2220 2180 illa
2330 2124 2426 2179 ubi
2459 2131 2581 2179 erat
2615 2126 2960 2190 moriturus,
2989 2117 3095 2195 'qui
3139 2125 3437 2179 Pacbomii
3473 2141 3610 2196 ager
3639 2125 3985 2192 dicebatur;

568 2217 780 2271 vicinia
809 2215 988 2271 situm
1021 2215 1346 2286 deportant.
1369 2213 1464 2268 Sic
1499 2212 1634 2267 hinc
1667 2213 1937 2284 migravit
1961 2214 2218 2285 impera-
2327 2213 2584 2284 denique
2605 2214 2757 2268 diem
2781 2214 2977 2268 obitus
3002 2230 3126 2284 quae
3145 2213 3460 2268 Parasceve
3495 2214 3981 2282 fuit,undecima,

566 2311 680 2377 tor,
711 2310 1022 2379 postquam
1048 2303 1287 2358 vixisset
1309 2302 1570 2358 omnimo
1593 2319 1778 2358 annos
1803 2308 1932 2358 octo
1955 2307 2012 2358 et
2043 2301 2218 2373 quin-
2327 2307 2395 2357 ut
2424 2304 2645 2359 dictum
2679 2309 2789 2368 est,
2823 2302 3157 2358 Decembris
3190 2304 3328 2358 anni
3357 2304 3520 2358 6791i

566 2395 875 2469 quaginta,
926 2394 1276 2466 imperasset
1333 2396 1530 2448 autem
1581 2397 1836 2462 quatuor
1875 2395 1934 2447 et
1980 2391 2215 2463 viginti,

1449 2754 1930 2906 ΡΕΤΒΙ
2033 2761 2678 2897 POSSlNl
2776 2765 2899 2895 S.
2994 2765 3108 2895 J.

617 3010 2068 3146 OBSERVATIONUM
2164 3007 3918 3173 PACHYMERIANARUM

2231 3240 2309 3284 AD

1379 3377 1810 3440 HISTORIAM
1870 3379 2154 3440 RERUM
2209 3377 2633 3438 MIGHAELIS
2694 3375 3157 3437 PALEOLOGI

1923 3547 2217 3634 LIBRI
2287 3545 2599 3634 TltES.

625 3865 891 3925 LIBER
917 3861 1276 3924 PRIMUS.
1317 3894 1382 3903 —
1415 3861 1810 3919 GLOSSARIUM
1839 3875 1856 3914 :
1888 3873 2010 3933 quo
2057 3855 2485 3914 declarantur
2540 3855 2904 3913 obscuriora
2961 3851 3146 3911 verba
3193 3860 3509 3931 usurpata
3567 3857 3639 3908 in
3689 3851 3964 3909 historia

546 3982 767 4024 rerum
799 3962 1133 4021 Michaelis
1164 3959 1503 4036 Palzlogi.

624 4089 891 4148 LIBER
946 4083 1435 4150 SECUNDUS.
1471 4115 1548 4125 --
1605 4081 1821 4139 NOTAE:
1883 4077 2109 4155 quibus
2165 4079 2298 4138 loca
2351 4079 2658 4154 perplexa
2710 4084 2823 4134 aut
2877 4075 3431 4152 quomodocunque
3487 4073 3960 4132 declarationis

540 4189 638 4246 vel
665 4185 1130 4246 emendationis
1160 4185 1417 4260 egentia
1447 4197 1572 4258 qua
1605 4179 2052 4257 illustrantur,
2088 4194 2214 4252 qua
2246 4180 2622 4252 opportunis
2651 4175 3057 4233 cautionibus
3086 4178 3498 4231 muniuntur.
3659 4185 3662 4188 '

615 4313 882 4371 LIBER
943 4308 1338 4369 TERTIUS.
1400 4338 1477 4350 —
1532 4303 2036 4364 CIIRONOLOGICUS
2073 4323 2087 4359 :
2121 4302 2234 4360 ubi
2275 4302 2674 4362 characteres
2732 4308 3082 4376 temporum
3136 4304 3208 4356 in
3259 4298 3376 4356 hac
3434 4294 3703 4354 historia
3749 4304 3967 4356 notati

539 4404 1062 4480 considerantur,
1118 4407 1274 4466 ordo
1331 4412 1656 4483 gtstarum
1697 4420 1914 4460 rerum
1969 4406 2365 4477 exquiritur,
2415 4404 2826 4458 extricantur
2879 4397 3182 4476 confusa:
3243 4396 3519 4471 denique
3549 4399 3618 4451 in
3674 4412 3962 4467 erpansa

537 4513 755 4571 tabula
813 4527 1137 4568 annorum
1192 4515 1326 4582 fere
1386 4507 1666 4581 triginta
1713 4501 1952 4578 epochte
2004 4499 2482 4576 praecipuorum
2531 4504 2869 4556 eventuum
2922 4515 2961 4553 α
3017 4495 3407 4571 Pachymere
3455 4500 3963 4550 memoratarum

527 4617 659 4670 suis
686 4615 875 4669 annis
904 4614 1315 4686 afﬂiguntur.

715 4736 1042 4797 (Rcvocatur
1072 4733 1258 4782 Lector
1289 4741 1400 4778 non
1429 4727 1496 4777 ad
1530 4725 1809 4776 columnas
1838 4727 2068 4780 nostias.
2101 4721 2197 4772 sed
2227 4721 2293 4772 ad
2326 4734 2580 4771 numeros
2614 4719 2755 4784 typis
2781 4718 3165 4783 grandioribus
3191 4717 3248 4766 in
3279 4721 3427 4766 textu
3458 4718 3776 4780 expressos.)

1634 5002 2111 5096 LIBER
2239 4997 2862 5095 PRIMUS.

2001 5202 2513 5264 GLOSSARIUM.

589 5509 931 5570 583-535
997 5507 1082 5578 [P.
1141 5505 1266 5576 363]
1328 5502 1669 5575 Ἀγιάσματα
1727 5517 1782 5573 p.
1847 5501 1976 5556 258.
2037 5503 2174 5555 Esse
2205 5500 2248 5567 C
2289 5496 2414 5553 tiati
2449 5495 2506 5550 in
2541 5512 2755 5566 corpus
2785 5499 2842 5549 et
2890 5491 3237 5560 sanguinem
3289 5487 3806 5578 CbristirDomini,
3844 5491 3948 5545 de-

514 5601 821 5675 ἁγιάσματα
849 5577 1170 5670 particulas
1203 5594 1322 5650 sive
1355 5590 1639 5664 reliquias
1672 5595 1796 5646 tum
1831 5591 2000 5663 panis
2039 5595 2166 5644 tum
2287 5591 2617 5643 monstrare
2649 5583 2942 5642 sull‘ecerit
2972 5598 3036 5636 ex
3074 5597 3188 5675 uno
3211 5583 3267 5634 et
3298 5577 3478 5633 altero
3531 5577 3652 5631 loco
3687 5578 3946 5649 l:turgiae

513 5672 634 5748 vini
667 5687 1045 5746 eucharistici
1088 5686 1196 5741 rite
1241 5681 1568 5740 consecrati
1614 5685 1670 5736 et
1721 5680 2170 5736 transaubstan-
2284 5679 2344 5735 S.
2378 5677 2600 5746 Basilii,
2635 5677 2732 5734 ubi
2761 5675 2913 5732 inter
2944 5672 3238 5732 orationes
3287 5687 3415 5742 qua;
3470 5675 3602 5742 post
3632 5685 3944 5726 consecra-
