  <div class='ocr_page' id='page_1' title='image "/cluster/home/n/w/nwhite01/storage/ocr_20150623/143/nnc1.0046980733/506.png"; bbox 0 0 4210 6448; ppageno 0'>
   <div class='ocr_carea' id='block_1_1' title="bbox 182 413 291 469">
    <p class='ocr_par' dir='ltr' id='par_1_1' title="bbox 182 413 291 469">
     <span class='ocr_line' id='line_1_1' title="bbox 182 413 291 469; baseline 0 0"><span class='ocrx_word' id='word_1_1' title='bbox 182 413 291 469; x_wconf 74' lang='lat'><strong>997</strong></span> 
     </span>
    </p>
   </div>
   <div class='ocr_carea' id='block_1_2' title="bbox 1650 400 2129 459">
    <p class='ocr_par' dir='ltr' id='par_1_2' title="bbox 1650 400 2129 459">
     <span class='ocr_line' id='line_1_2' title="bbox 1650 400 2129 459; baseline -0.008 0"><span class='ocrx_word' id='word_1_2' title='bbox 1650 400 2129 459; x_wconf 68' lang='lat' dir='ltr'><strong>GLOBSABIUM.</strong></span> 
     </span>
    </p>
   </div>
   <div class='ocr_carea' id='block_1_3' title="bbox 3472 415 3577 471">
    <p class='ocr_par' dir='ltr' id='par_1_3' title="bbox 3472 415 3577 471">
     <span class='ocr_line' id='line_1_3' title="bbox 3472 415 3577 471; baseline 0 0"><span class='ocrx_word' id='word_1_3' title='bbox 3472 415 3577 471; x_wconf 86' lang='lat'><strong>998</strong></span> 
     </span>
    </p>
   </div>
   <div class='ocr_carea' id='block_1_4' title="bbox 184 524 3585 636">
    <p class='ocr_par' dir='ltr' id='par_1_4' title="bbox 184 524 3585 636">
     <span class='ocr_line' id='line_1_4' title="bbox 184 524 3585 636; baseline 0.001 -43"><span class='ocrx_word' id='word_1_4' title='bbox 184 537 409 594; x_wconf 79' lang='lat' dir='ltr'><strong>tionem</strong></span> <span class='ocrx_word' id='word_1_5' title='bbox 438 536 571 590; x_wconf 89' lang='lat' dir='ltr'><strong>ante</strong></span> <span class='ocrx_word' id='word_1_6' title='bbox 609 528 1085 588; x_wconf 88' lang='lat' dir='ltr'><strong>communionem</strong></span> <span class='ocrx_word' id='word_1_7' title='bbox 1117 544 1150 584; x_wconf 90' lang='lat' dir='ltr'><strong>a</strong></span> <span class='ocrx_word' id='word_1_8' title='bbox 1179 528 1545 583; x_wconf 81' lang='lat' dir='ltr'><strong>sacrificante</strong></span> <span class='ocrx_word' id='word_1_9' title='bbox 1567 541 1822 600; x_wconf 87' lang='lat' dir='ltr'><strong>pronun-</strong></span> <span class='ocrx_word' id='word_1_10' title='bbox 1851 570 1903 636; x_wconf 67' lang='grc' dir='ltr'>Α</span> <span class='ocrx_word' id='word_1_11' title='bbox 1935 537 2157 577; x_wconf 80' lang='lat' dir='ltr'><strong>causam</strong></span> <span class='ocrx_word' id='word_1_12' title='bbox 2212 538 2311 594; x_wconf 87' lang='lat' dir='ltr'><strong>pro</strong></span> <span class='ocrx_word' id='word_1_13' title='bbox 2368 524 2523 579; x_wconf 88' lang='lat' dir='ltr'><strong>illius</strong></span> <span class='ocrx_word' id='word_1_14' title='bbox 2562 529 2822 598; x_wconf 86' lang='lat' dir='ltr'><strong>temporis</strong></span> <span class='ocrx_word' id='word_1_15' title='bbox 2854 531 3065 587; x_wconf 77' lang='lat' dir='ltr'><strong>ratione</strong></span> <span class='ocrx_word' id='word_1_16' title='bbox 3111 533 3443 593; x_wconf 81' lang='lat' dir='ltr'><strong>habuerunt.</strong></span> <span class='ocrx_word' id='word_1_17' title='bbox 3504 543 3585 595; x_wconf 85' lang='lat' dir='ltr'><strong>ita</strong></span> 
     </span>
     <span class='ocr_line' id='line_1_5' title="bbox 192 613 3507 636; baseline 0 0"><span class='ocrx_word' id='word_1_18' title='bbox 192 628 226 636; x_wconf 88' lang='lat'><strong>-.</strong></span> <span class='ocrx_word' id='word_1_19' title='bbox 320 630 329 636; x_wconf 85' lang='lat'><strong>.</strong></span> <span class='ocrx_word' id='word_1_20' title='bbox 678 625 689 636; x_wconf 78' lang='grc' dir='ltr'>ι</span> <span class='ocrx_word' id='word_1_21' title='bbox 726 619 738 632; x_wconf 76' lang='grc' dir='ltr'>ι</span> <span class='ocrx_word' id='word_1_22' title='bbox 830 635 835 636; x_wconf 63' lang='lat'><strong><em>,</em></strong></span> <span class='ocrx_word' id='word_1_23' title='bbox 882 635 923 636; x_wconf 31' lang='grc' dir='ltr'><strong>κγ</strong></span> <span class='ocrx_word' id='word_1_24' title='bbox 972 617 1177 636; x_wconf 29' lang='grc' dir='ltr'><strong>,ιρᾲειημ</strong></span> <span class='ocrx_word' id='word_1_25' title='bbox 1209 633 1220 636; x_wconf 74' lang='lat'><strong>-</strong></span> <span class='ocrx_word' id='word_1_26' title='bbox 1260 615 1315 636; x_wconf 51' lang='grc' dir='ltr'><strong>ιη*</strong></span> <span class='ocrx_word' id='word_1_27' title='bbox 1378 616 1393 636; x_wconf 70' lang='grc' dir='ltr'>ι</span> <span class='ocrx_word' id='word_1_28' title='bbox 1433 615 1555 636; x_wconf 20' lang='grc' dir='ltr'><strong>Διὶ-</strong></span> <span class='ocrx_word' id='word_1_29' title='bbox 1596 616 1613 636; x_wconf 66' lang='grc' dir='ltr'>ι</span> <span class='ocrx_word' id='word_1_30' title='bbox 1654 617 1724 636; x_wconf 26' lang='grc' dir='ltr'><strong>κε’.</strong></span> <span class='ocrx_word' id='word_1_31' title='bbox 1808 614 1826 636; x_wconf 69' lang='lat'><strong>1</strong></span> <span class='ocrx_word' id='word_1_32' title='bbox 1942 618 2078 636; x_wconf 69' lang='lat' dir='ltr'><strong>--..J-</strong></span> <span class='ocrx_word' id='word_1_33' title='bbox 2135 626 2216 636; x_wconf 60' lang='grc' dir='ltr'><strong>Α--</strong></span> <span class='ocrx_word' id='word_1_34' title='bbox 2264 613 2418 636; x_wconf 65' lang='grc' dir='ltr'><strong>μ-.11-</strong></span> <span class='ocrx_word' id='word_1_35' title='bbox 2456 614 2647 636; x_wconf 68' lang='grc' dir='ltr'><strong>--Ι-.Α.·-</strong></span> <span class='ocrx_word' id='word_1_36' title='bbox 2692 632 2783 636; x_wconf 20' lang='grc' dir='ltr'><strong>---κ</strong></span> <span class='ocrx_word' id='word_1_37' title='bbox 2834 635 2839 636; x_wconf 63' lang='lat'><strong><em>,</em></strong></span> <span class='ocrx_word' id='word_1_38' title='bbox 2880 618 2917 636; x_wconf 32' lang='grc' dir='ltr'><strong>γ’.</strong></span> <span class='ocrx_word' id='word_1_39' title='bbox 2973 624 2984 636; x_wconf 81' lang='grc' dir='ltr'><strong><em>ι</em></strong></span> <span class='ocrx_word' id='word_1_40' title='bbox 3090 622 3135 636; x_wconf 79' lang='grc' dir='ltr'><strong>-ι</strong></span> <span class='ocrx_word' id='word_1_41' title='bbox 3199 626 3218 636; x_wconf 63' lang='grc' dir='ltr'><strong>ρ</strong></span> <span class='ocrx_word' id='word_1_42' title='bbox 3286 626 3295 636; x_wconf 83' lang='grc' dir='ltr'>ι</span> <span class='ocrx_word' id='word_1_43' title='bbox 3497 628 3507 636; x_wconf 94' lang='grc'>.</span> 
     </span>
    </p>
   </div>
   <div class='ocr_carea' id='block_1_5' title="bbox 186 614 1832 694">
    <p class='ocr_par' dir='ltr' id='par_1_5' title="bbox 186 614 1832 694">
     <span class='ocr_line' id='line_1_6' title="bbox 186 614 1832 694; baseline -0.01 -12"><span class='ocrx_word' id='word_1_44' title='bbox 186 628 436 694; x_wconf 84' lang='lat' dir='ltr'><strong>tiantur,</strong></span> <span class='ocrx_word' id='word_1_45' title='bbox 460 638 579 677; x_wconf 87' lang='lat' dir='ltr'><strong>una</strong></span> <span class='ocrx_word' id='word_1_46' title='bbox 608 625 697 678; x_wconf 90' lang='lat' dir='ltr'><strong>est</strong></span> <span class='ocrx_word' id='word_1_47' title='bbox 724 619 782 673; x_wconf 91' lang='lat' dir='ltr'><strong>in</strong></span> <span class='ocrx_word' id='word_1_48' title='bbox 817 635 936 690; x_wconf 90' lang='lat' dir='ltr'><strong>qua</strong></span> <span class='ocrx_word' id='word_1_49' title='bbox 963 617 1180 672; x_wconf 88' lang='lat' dir='ltr'><strong>dicitur</strong></span> <span class='ocrx_word' id='word_1_50' title='bbox 1208 633 1222 672; x_wconf 92' lang='lat'><strong>:</strong></span> <span class='ocrx_word' id='word_1_51' title='bbox 1257 615 1332 669; x_wconf 80' lang='grc' dir='ltr'><strong>Σὺ</strong></span> <span class='ocrx_word' id='word_1_52' title='bbox 1372 616 1399 669; x_wconf 83' lang='grc' dir='ltr'>ὁ</span> <span class='ocrx_word' id='word_1_53' title='bbox 1432 615 1558 675; x_wconf 86' lang='grc' dir='ltr'><strong>Θεὸς</strong></span> <span class='ocrx_word' id='word_1_54' title='bbox 1586 616 1768 686; x_wconf 77' lang='grc' dir='ltr'><strong>ἡμῶν,</strong></span> <span class='ocrx_word' id='word_1_55' title='bbox 1804 614 1832 667; x_wconf 80' lang='grc' dir='ltr'>ὁ</span> 
     </span>
    </p>
   </div>
   <div class='ocr_carea' id='block_1_6' title="bbox 185 701 1830 788">
    <p class='ocr_par' dir='ltr' id='par_1_6' title="bbox 185 701 1830 788">
     <span class='ocr_line' id='line_1_7' title="bbox 185 701 1830 788; baseline -0.009 -20"><span class='ocrx_word' id='word_1_56' title='bbox 185 710 621 788; x_wconf 73' lang='grc' dir='ltr'><strong>προσδεξάμενος</strong></span> <span class='ocrx_word' id='word_1_57' title='bbox 663 707 730 762; x_wconf 77' lang='grc' dir='ltr'>τά</span> <span class='ocrx_word' id='word_1_58' title='bbox 760 703 907 782; x_wconf 81' lang='grc' dir='ltr'>δῶρα</span> <span class='ocrx_word' id='word_1_59' title='bbox 960 708 1146 775; x_wconf 71' lang='grc' dir='ltr'>ταῦτα,</span> <span class='ocrx_word' id='word_1_60' title='bbox 1191 715 1478 780; x_wconf 74' lang='grc' dir='ltr'>καθάρισον</span> <span class='ocrx_word' id='word_1_61' title='bbox 1522 705 1670 774; x_wconf 77' lang='grc' dir='ltr'>ἡμᾶς</span> <span class='ocrx_word' id='word_1_62' title='bbox 1726 701 1830 755; x_wconf 83' lang='grc' dir='ltr'><strong>ἀπὸ</strong></span> 
     </span>
    </p>
   </div>
   <div class='ocr_carea' id='block_1_7' title="bbox 185 787 1826 873">
    <p class='ocr_par' dir='ltr' id='par_1_7' title="bbox 185 787 1826 873">
     <span class='ocr_line' id='line_1_8' title="bbox 185 787 1826 873; baseline -0.008 -16"><span class='ocrx_word' id='word_1_63' title='bbox 185 787 388 863; x_wconf 73' lang='grc' dir='ltr'>παντὸς</span> <span class='ocrx_word' id='word_1_64' title='bbox 424 797 711 873; x_wconf 71' lang='grc' dir='ltr'>μολυσμοῦ</span> <span class='ocrx_word' id='word_1_65' title='bbox 750 796 947 870; x_wconf 75' lang='grc' dir='ltr'>σαρκὸς</span> <span class='ocrx_word' id='word_1_66' title='bbox 996 797 1084 848; x_wconf 75' lang='grc' dir='ltr'><strong>καὶ</strong></span> <span class='ocrx_word' id='word_1_67' title='bbox 1143 793 1465 866; x_wconf 77' lang='grc' dir='ltr'>πνεύματος,</span> <span class='ocrx_word' id='word_1_68' title='bbox 1496 792 1585 846; x_wconf 78' lang='grc' dir='ltr'><strong>καὶ</strong></span> <span class='ocrx_word' id='word_1_69' title='bbox 1618 787 1826 863; x_wconf 75' lang='grc' dir='ltr'><strong>δίδαξον</strong></span> 
     </span>
    </p>
   </div>
   <div class='ocr_carea' id='block_1_8' title="bbox 188 877 1831 966">
    <p class='ocr_par' dir='ltr' id='par_1_8' title="bbox 188 877 1831 966">
     <span class='ocr_line' id='line_1_9' title="bbox 188 877 1831 966; baseline -0.008 -20"><span class='ocrx_word' id='word_1_70' title='bbox 188 890 495 966; x_wconf 73' lang='grc' dir='ltr'><strong>ἁγιωσύνην</strong></span> <span class='ocrx_word' id='word_1_71' title='bbox 547 883 813 941; x_wconf 77' lang='grc' dir='ltr'>ἐπιτελεῖν</span> <span class='ocrx_word' id='word_1_72' title='bbox 847 883 898 937; x_wconf 77' lang='grc' dir='ltr'>ἐν</span> <span class='ocrx_word' id='word_1_73' title='bbox 949 877 1105 960; x_wconf 72' lang='grc' dir='ltr'><strong>φόϐῳ</strong></span> <span class='ocrx_word' id='word_1_74' title='bbox 1154 902 1270 949; x_wconf 90' lang='grc' dir='ltr'>σου,</span> <span class='ocrx_word' id='word_1_75' title='bbox 1306 879 1397 935; x_wconf 68' lang='grc' dir='ltr'>’ἕνα</span> <span class='ocrx_word' id='word_1_76' title='bbox 1426 880 1480 935; x_wconf 70' lang='grc' dir='ltr'>ἐν</span> <span class='ocrx_word' id='word_1_77' title='bbox 1508 882 1726 954; x_wconf 80' lang='grc' dir='ltr'>καθαρῷ</span> <span class='ocrx_word' id='word_1_78' title='bbox 1753 884 1831 952; x_wconf 80' lang='grc' dir='ltr'><strong>τῷ</strong></span> 
     </span>
    </p>
   </div>
   <div class='ocr_carea' id='block_1_9' title="bbox 192 968 1827 1055">
    <p class='ocr_par' dir='ltr' id='par_1_9' title="bbox 192 968 1827 1055">
     <span class='ocr_line' id='line_1_10' title="bbox 192 968 1827 1055; baseline -0.007 -21"><span class='ocrx_word' id='word_1_79' title='bbox 192 978 477 1055; x_wconf 74' lang='grc' dir='ltr'>μαρτυρίῳ</span> <span class='ocrx_word' id='word_1_80' title='bbox 520 980 622 1040; x_wconf 78' lang='grc' dir='ltr'><strong>τῆς</strong></span> <span class='ocrx_word' id='word_1_81' title='bbox 669 970 1027 1043; x_wconf 82' lang='grc' dir='ltr'>συνειδήσεως</span> <span class='ocrx_word' id='word_1_82' title='bbox 1074 974 1233 1044; x_wconf 74' lang='grc' dir='ltr'>ἡμῶν</span> <span class='ocrx_word' id='word_1_83' title='bbox 1285 968 1683 1046; x_wconf 72' lang='grc' dir='ltr'>ὑποδεχόμενοι</span> <span class='ocrx_word' id='word_1_84' title='bbox 1730 970 1827 1037; x_wconf 77' lang='grc' dir='ltr'><strong>τὴν</strong></span> 
     </span>
    </p>
   </div>
   <div class='ocr_carea' id='block_1_10' title="bbox 193 1058 1831 1144">
    <p class='ocr_par' dir='ltr' id='par_1_10' title="bbox 193 1058 1831 1144">
     <span class='ocr_line' id='line_1_11' title="bbox 193 1058 1831 1144; baseline -0.007 -20"><span class='ocrx_word' id='word_1_85' title='bbox 193 1066 391 1144; x_wconf 78' lang='grc' dir='ltr'><strong>μερίδα</strong></span> <span class='ocrx_word' id='word_1_86' title='bbox 416 1070 523 1122; x_wconf 80' lang='grc' dir='ltr'>τῶν</span> <span class='ocrx_word' id='word_1_87' title='bbox 556 1065 904 1139; x_wconf 80' lang='grc' dir='ltr'>ἁγιασμάτων</span> <span class='ocrx_word' id='word_1_88' title='bbox 951 1082 1068 1133; x_wconf 77' lang='grc' dir='ltr'>σου,</span> <span class='ocrx_word' id='word_1_89' title='bbox 1118 1060 1544 1132; x_wconf 58' lang='grc' dir='ltr'><strong>ἓνωθῶμενβῑς.</strong></span> <span class='ocrx_word' id='word_1_90' title='bbox 1602 1060 1704 1116; x_wconf 82' lang='grc' dir='ltr'><strong>Ηίο</strong></span> <span class='ocrx_word' id='word_1_91' title='bbox 1734 1058 1831 1131; x_wconf 77' lang='grc' dir='ltr'><strong>μὲ-</strong></span> 
     </span>
    </p>
   </div>
   <div class='ocr_carea' id='block_1_11' title="bbox 187 1150 1831 1234">
    <p class='ocr_par' dir='ltr' id='par_1_11' title="bbox 187 1150 1831 1234">
     <span class='ocr_line' id='line_1_12' title="bbox 187 1150 1831 1234; baseline -0.005 -22"><span class='ocrx_word' id='word_1_92' title='bbox 187 1180 271 1233; x_wconf 86' lang='grc' dir='ltr'><strong>ρις</strong></span> <span class='ocrx_word' id='word_1_93' title='bbox 307 1155 656 1234; x_wconf 79' lang='grc' dir='ltr'>ἁγιασμάτων</span> <span class='ocrx_word' id='word_1_94' title='bbox 699 1158 937 1210; x_wconf 86' lang='lat' dir='ltr'><strong>vocatur</strong></span> <span class='ocrx_word' id='word_1_95' title='bbox 978 1150 1287 1206; x_wconf 76' lang='lat' dir='ltr'><strong>manifeste</strong></span> <span class='ocrx_word' id='word_1_96' title='bbox 1327 1150 1613 1222; x_wconf 89' lang='lat' dir='ltr'><strong>particula</strong></span> <span class='ocrx_word' id='word_1_97' title='bbox 1653 1165 1831 1222; x_wconf 88' lang='lat' dir='ltr'><strong>quam</strong></span> 
     </span>
    </p>
   </div>
   <div class='ocr_carea' id='block_1_12' title="bbox 188 1246 1832 1331">
    <p class='ocr_par' dir='ltr' id='par_1_12' title="bbox 188 1246 1832 1331">
     <span class='ocr_line' id='line_1_13' title="bbox 188 1246 1832 1331; baseline -0.007 -17"><span class='ocrx_word' id='word_1_98' title='bbox 188 1258 443 1331; x_wconf 85' lang='lat' dir='ltr'><strong>quisque</strong></span> <span class='ocrx_word' id='word_1_99' title='bbox 471 1250 1035 1311; x_wconf 89' lang='lat' dir='ltr'><strong>communicantium</strong></span> <span class='ocrx_word' id='word_1_100' title='bbox 1062 1249 1309 1322; x_wconf 80' lang='lat' dir='ltr'><strong>percipit</strong></span> <span class='ocrx_word' id='word_1_101' title='bbox 1329 1266 1396 1304; x_wconf 80' lang='lat' dir='ltr'><strong>ex</strong></span> <span class='ocrx_word' id='word_1_102' title='bbox 1428 1265 1576 1321; x_wconf 89' lang='lat' dir='ltr'><strong>pane</strong></span> <span class='ocrx_word' id='word_1_103' title='bbox 1603 1265 1669 1303; x_wconf 83' lang='lat' dir='ltr'><strong>ao</strong></span> <span class='ocrx_word' id='word_1_104' title='bbox 1699 1246 1832 1303; x_wconf 87' lang='lat' dir='ltr'><strong>vino</strong></span> 
     </span>
    </p>
   </div>
   <div class='ocr_carea' id='block_1_13' title="bbox 188 1338 1830 1405">
    <p class='ocr_par' dir='ltr' id='par_1_13' title="bbox 188 1338 1830 1405">
     <span class='ocr_line' id='line_1_14' title="bbox 188 1338 1830 1405; baseline -0.007 -1"><span class='ocrx_word' id='word_1_105' title='bbox 188 1346 565 1405; x_wconf 83' lang='lat' dir='ltr'><strong>consecratis.</strong></span> <span class='ocrx_word' id='word_1_106' title='bbox 600 1342 780 1399; x_wconf 85' lang='lat' dir='ltr'><strong>Paulo</strong></span> <span class='ocrx_word' id='word_1_107' title='bbox 813 1340 1057 1396; x_wconf 75' lang='lat' dir='ltr'><strong>inferius</strong></span> <span class='ocrx_word' id='word_1_108' title='bbox 1094 1340 1153 1394; x_wconf 91' lang='lat' dir='ltr'><strong>in</strong></span> <span class='ocrx_word' id='word_1_109' title='bbox 1176 1339 1375 1395; x_wconf 88' lang='lat' dir='ltr'><strong>eadem</strong></span> <span class='ocrx_word' id='word_1_110' title='bbox 1428 1338 1685 1393; x_wconf 89' lang='lat' dir='ltr'><strong>oratione</strong></span> <span class='ocrx_word' id='word_1_111' title='bbox 1734 1353 1830 1393; x_wconf 45' lang='lat' dir='ltr'><strong>sa-</strong></span> 
     </span>
    </p>
   </div>
   <div class='ocr_carea' id='block_1_14' title="bbox 188 1425 1829 1506">
    <p class='ocr_par' dir='ltr' id='par_1_14' title="bbox 188 1425 1829 1506">
     <span class='ocr_line' id='line_1_15' title="bbox 188 1425 1829 1506; baseline -0.008 -13"><span class='ocrx_word' id='word_1_112' title='bbox 188 1437 395 1493; x_wconf 88' lang='lat' dir='ltr'><strong>cerdos</strong></span> <span class='ocrx_word' id='word_1_113' title='bbox 427 1450 638 1506; x_wconf 88' lang='lat' dir='ltr'><strong>rogans</strong></span> <span class='ocrx_word' id='word_1_114' title='bbox 669 1433 919 1486; x_wconf 89' lang='lat' dir='ltr'><strong>utdetur</strong></span> <span class='ocrx_word' id='word_1_115' title='bbox 950 1428 1385 1501; x_wconf 86' lang='lat' dir='ltr'><strong>participaturis</strong></span> <span class='ocrx_word' id='word_1_116' title='bbox 1406 1425 1829 1483; x_wconf 89' lang='lat' dir='ltr'><strong>Eucharistiam</strong></span> 
     </span>
    </p>
   </div>
   <div class='ocr_carea' id='block_1_15' title="bbox 191 1515 1831 1597">
    <p class='ocr_par' dir='ltr' id='par_1_15' title="bbox 191 1515 1831 1597">
     <span class='ocr_line' id='line_1_16' title="bbox 191 1515 1831 1597; baseline -0.007 -16"><span class='ocrx_word' id='word_1_117' title='bbox 191 1523 624 1597; x_wconf 88' lang='lat' dir='ltr'><strong>perseverantia</strong></span> <span class='ocrx_word' id='word_1_118' title='bbox 657 1520 715 1576; x_wconf 91' lang='lat' dir='ltr'><strong>in</strong></span> <span class='ocrx_word' id='word_1_119' title='bbox 748 1518 937 1591; x_wconf 86' lang='lat' dir='ltr'><strong>gratia</strong></span> <span class='ocrx_word' id='word_1_120' title='bbox 969 1533 1155 1590; x_wconf 91' lang='lat' dir='ltr'><strong>usque</strong></span> <span class='ocrx_word' id='word_1_121' title='bbox 1187 1518 1256 1572; x_wconf 92' lang='lat' dir='ltr'><strong>ad</strong></span> <span class='ocrx_word' id='word_1_122' title='bbox 1290 1522 1613 1572; x_wconf 86' lang='lat' dir='ltr'><strong>extremum</strong></span> <span class='ocrx_word' id='word_1_123' title='bbox 1655 1515 1831 1587; x_wconf 80' lang='lat' dir='ltr'><strong>spiri-</strong></span> 
     </span>
    </p>
   </div>
   <div class='ocr_carea' id='block_1_16' title="bbox 187 1603 1830 1682">
    <p class='ocr_par' dir='ltr' id='par_1_16' title="bbox 187 1603 1830 1682">
     <span class='ocr_line' id='line_1_17' title="bbox 187 1603 1830 1682; baseline -0.007 -13"><span class='ocrx_word' id='word_1_124' title='bbox 187 1620 342 1679; x_wconf 85' lang='lat' dir='ltr'><strong>tum,</strong></span> <span class='ocrx_word' id='word_1_125' title='bbox 377 1628 489 1682; x_wconf 86' lang='lat' dir='ltr'><strong>quo</strong></span> <span class='ocrx_word' id='word_1_126' title='bbox 512 1612 625 1665; x_wconf 87' lang='lat' dir='ltr'><strong>ista</strong></span> <span class='ocrx_word' id='word_1_127' title='bbox 654 1625 822 1665; x_wconf 82' lang='lat' dir='ltr'><strong>sacra</strong></span> <span class='ocrx_word' id='word_1_128' title='bbox 851 1606 1112 1679; x_wconf 78' lang='lat' dir='ltr'><strong>symbols</strong></span> <span class='ocrx_word' id='word_1_129' title='bbox 1144 1606 1263 1661; x_wconf 90' lang='lat' dir='ltr'><strong>sint</strong></span> <span class='ocrx_word' id='word_1_130' title='bbox 1293 1605 1372 1660; x_wconf 89' lang='lat' dir='ltr'><strong>illi</strong></span> <span class='ocrx_word' id='word_1_131' title='bbox 1409 1621 1511 1675; x_wconf 91' lang='lat' dir='ltr'><strong>pro</strong></span> <span class='ocrx_word' id='word_1_132' title='bbox 1536 1604 1742 1659; x_wconf 85' lang='lat' dir='ltr'><strong>viatico</strong></span> <span class='ocrx_word' id='word_1_133' title='bbox 1771 1603 1830 1658; x_wconf 90' lang='lat' dir='ltr'><strong>in</strong></span> 
     </span>
    </p>
   </div>
   <div class='ocr_carea' id='block_1_17' title="bbox 186 1693 1829 1767">
    <p class='ocr_par' dir='ltr' id='par_1_17' title="bbox 186 1693 1829 1767">
     <span class='ocr_line' id='line_1_18' title="bbox 186 1693 1829 1767; baseline -0.006 -10"><span class='ocrx_word' id='word_1_134' title='bbox 186 1705 369 1757; x_wconf 86' lang='lat' dir='ltr'><strong>vitam</strong></span> <span class='ocrx_word' id='word_1_135' title='bbox 422 1707 720 1764; x_wconf 74' lang='lat' dir='ltr'><strong>aeternam,</strong></span> <span class='ocrx_word' id='word_1_136' title='bbox 766 1696 848 1752; x_wconf 83' lang='lat' dir='ltr'><strong>sic</strong></span> <span class='ocrx_word' id='word_1_137' title='bbox 882 1695 1185 1767; x_wconf 82' lang='lat' dir='ltr'><strong>loquitur?</strong></span> <span class='ocrx_word' id='word_1_138' title='bbox 1224 1694 1323 1755; x_wconf 88' lang='grc' dir='ltr'><strong>Δὸς</strong></span> <span class='ocrx_word' id='word_1_139' title='bbox 1364 1695 1499 1765; x_wconf 78' lang='grc' dir='ltr'>ἡμῖν</span> <span class='ocrx_word' id='word_1_140' title='bbox 1535 1693 1699 1767; x_wconf 71' lang='grc' dir='ltr'>μέχρι</span> <span class='ocrx_word' id='word_1_141' title='bbox 1729 1699 1829 1760; x_wconf 81' lang='grc' dir='ltr'><strong>τῆς</strong></span> 
     </span>
    </p>
   </div>
   <div class='ocr_carea' id='block_1_18' title="bbox 188 1780 1831 1865">
    <p class='ocr_par' dir='ltr' id='par_1_18' title="bbox 188 1780 1831 1865">
     <span class='ocr_line' id='line_1_19' title="bbox 188 1780 1831 1865; baseline -0.005 -20"><span class='ocrx_word' id='word_1_142' title='bbox 188 1790 427 1865; x_wconf 70' lang='grc' dir='ltr'>ἐσχάτης</span> <span class='ocrx_word' id='word_1_143' title='bbox 466 1790 626 1861; x_wconf 80' lang='grc' dir='ltr'>ἡμῶν</span> <span class='ocrx_word' id='word_1_144' title='bbox 678 1787 951 1849; x_wconf 79' lang='grc' dir='ltr'><strong>ἀναπνοῆς</strong></span> <span class='ocrx_word' id='word_1_145' title='bbox 1002 1781 1164 1855; x_wconf 75' lang='grc' dir='ltr'>ἀξίως</span> <span class='ocrx_word' id='word_1_146' title='bbox 1186 1780 1545 1858; x_wconf 69' lang='grc' dir='ltr'>ὑποδέχεσθαι</span> <span class='ocrx_word' id='word_1_147' title='bbox 1592 1785 1691 1850; x_wconf 78' lang='grc' dir='ltr'><strong>τήν</strong></span> <span class='ocrx_word' id='word_1_148' title='bbox 1744 1780 1831 1837; x_wconf 83' lang='grc' dir='ltr'><strong>ἐλ-</strong></span> 
     </span>
    </p>
   </div>
   <div class='ocr_carea' id='block_1_19' title="bbox 186 1869 1831 1950">
    <p class='ocr_par' dir='ltr' id='par_1_19' title="bbox 186 1869 1831 1950">
     <span class='ocr_line' id='line_1_20' title="bbox 186 1869 1831 1950; baseline -0.007 -16"><span class='ocrx_word' id='word_1_149' title='bbox 186 1876 320 1935; x_wconf 71' lang='grc' dir='ltr'>πίδα</span> <span class='ocrx_word' id='word_1_150' title='bbox 349 1881 454 1932; x_wconf 79' lang='grc' dir='ltr'>τῶν</span> <span class='ocrx_word' id='word_1_151' title='bbox 486 1873 835 1950; x_wconf 81' lang='grc' dir='ltr'>ἀγιασμάτων</span> <span class='ocrx_word' id='word_1_152' title='bbox 880 1893 969 1927; x_wconf 91' lang='grc' dir='ltr'><strong>σον</strong></span> <span class='ocrx_word' id='word_1_153' title='bbox 1004 1873 1081 1933; x_wconf 60' lang='grc' dir='ltr'>εἴς</span> <span class='ocrx_word' id='word_1_154' title='bbox 1119 1869 1336 1949; x_wconf 74' lang='grc' dir='ltr'>ἐφόδιον</span> <span class='ocrx_word' id='word_1_155' title='bbox 1391 1877 1531 1940; x_wconf 83' lang='grc' dir='ltr'><strong>ζωῆς</strong></span> <span class='ocrx_word' id='word_1_156' title='bbox 1586 1870 1831 1940; x_wconf 72' lang='grc' dir='ltr'>αἷωνίου,</span> 
     </span>
    </p>
   </div>
   <div class='ocr_carea' id='block_1_20' title="bbox 185 1936 1905 2037">
    <p class='ocr_par' dir='ltr' id='par_1_20' title="bbox 185 1936 1905 2037">
     <span class='ocr_line' id='line_1_21' title="bbox 185 1936 1905 2037; baseline -0.009 -9"><span class='ocrx_word' id='word_1_157' title='bbox 185 1975 301 2027; x_wconf 89' lang='lat' dir='ltr'><strong>etc.</strong></span> <span class='ocrx_word' id='word_1_158' title='bbox 352 1968 493 2023; x_wconf 90' lang='lat' dir='ltr'><strong>Cum</strong></span> <span class='ocrx_word' id='word_1_159' title='bbox 534 1936 746 2022; x_wconf 42' lang='lat' dir='ltr'><strong>&#39;aut&#39;em</strong></span> <span class='ocrx_word' id='word_1_160' title='bbox 780 1964 1089 2037; x_wconf 75' lang='grc' dir='ltr'>ἁγιάσματα</span> <span class='ocrx_word' id='word_1_161' title='bbox 1143 1936 1513 2017; x_wconf 54' lang='grc' dir='ltr'><strong>Ῐῖιιεὴαγίσιὶεέ</strong></span> <span class='ocrx_word' id='word_1_162' title='bbox 1562 1936 1831 2033; x_wconf 71' lang='lat' dir='ltr'><strong>reliquias</strong></span> <span class='ocrx_word' id='word_1_163' title='bbox 1860 1936 1905 2000; x_wconf 66' lang='grc' dir='ltr'>Β</span> 
     </span>
    </p>
   </div>
   <div class='ocr_carea' id='block_1_21' title="bbox 188 2050 1832 2125">
    <p class='ocr_par' dir='ltr' id='par_1_21' title="bbox 188 2050 1832 2125">
     <span class='ocr_line' id='line_1_22' title="bbox 188 2050 1832 2125; baseline -0.007 -10"><span class='ocrx_word' id='word_1_164' title='bbox 188 2060 287 2115; x_wconf 89' lang='lat' dir='ltr'><strong>hic</strong></span> <span class='ocrx_word' id='word_1_165' title='bbox 316 2058 481 2125; x_wconf 82' lang='lat' dir='ltr'><strong>verti,</strong></span> <span class='ocrx_word' id='word_1_166' title='bbox 508 2055 654 2111; x_wconf 90' lang='lat' dir='ltr'><strong>nihil</strong></span> <span class='ocrx_word' id='word_1_167' title='bbox 686 2054 980 2109; x_wconf 85' lang='lat' dir='ltr'><strong>diversum</strong></span> <span class='ocrx_word' id='word_1_168' title='bbox 1015 2053 1087 2109; x_wconf 91' lang='lat' dir='ltr'><strong>ab</strong></span> <span class='ocrx_word' id='word_1_169' title='bbox 1113 2052 1240 2123; x_wconf 88' lang='lat' dir='ltr'><strong>ipsa</strong></span> <span class='ocrx_word' id='word_1_170' title='bbox 1271 2050 1637 2107; x_wconf 85' lang='lat' dir='ltr'><strong>Eucharistia</strong></span> <span class='ocrx_word' id='word_1_171' title='bbox 1660 2050 1832 2122; x_wconf 83' lang='lat' dir='ltr'><strong>signi-</strong></span> 
     </span>
    </p>
   </div>
   <div class='ocr_carea' id='block_1_22' title="bbox 190 2139 1831 2216">
    <p class='ocr_par' dir='ltr' id='par_1_22' title="bbox 190 2139 1831 2216">
     <span class='ocr_line' id='line_1_23' title="bbox 190 2139 1831 2216; baseline -0.008 -11"><span class='ocrx_word' id='word_1_172' title='bbox 190 2150 371 2205; x_wconf 81' lang='lat' dir='ltr'><strong>ficare</strong></span> <span class='ocrx_word' id='word_1_173' title='bbox 398 2145 553 2202; x_wconf 88' lang='lat' dir='ltr'><strong>volui</strong></span> <span class='ocrx_word' id='word_1_174' title='bbox 588 2170 604 2214; x_wconf 82' lang='lat'><strong>;</strong></span> <span class='ocrx_word' id='word_1_175' title='bbox 637 2144 855 2216; x_wconf 88' lang='lat' dir='ltr'><strong>quippe</strong></span> <span class='ocrx_word' id='word_1_176' title='bbox 905 2141 1007 2215; x_wconf 88' lang='lat' dir='ltr'><strong>qui</strong></span> <span class='ocrx_word' id='word_1_177' title='bbox 1064 2143 1337 2214; x_wconf 68' lang='lat' dir='ltr'><strong>proﬁtear</strong></span> <span class='ocrx_word' id='word_1_178' title='bbox 1384 2157 1515 2195; x_wconf 88' lang='lat' dir='ltr'><strong>cum</strong></span> <span class='ocrx_word' id='word_1_179' title='bbox 1576 2139 1831 2195; x_wconf 89' lang='lat' dir='ltr'><strong>catholi-</strong></span> 
     </span>
    </p>
   </div>
   <div class='ocr_carea' id='block_1_23' title="bbox 186 2231 1833 2305">
    <p class='ocr_par' dir='ltr' id='par_1_23' title="bbox 186 2231 1833 2305">
     <span class='ocr_line' id='line_1_24' title="bbox 186 2231 1833 2305; baseline -0.007 -11"><span class='ocrx_word' id='word_1_180' title='bbox 186 2240 275 2294; x_wconf 88' lang='lat' dir='ltr'><strong>cis</strong></span> <span class='ocrx_word' id='word_1_181' title='bbox 302 2237 578 2293; x_wconf 90' lang='lat' dir='ltr'><strong>omnibus</strong></span> <span class='ocrx_word' id='word_1_182' title='bbox 609 2235 721 2290; x_wconf 91' lang='lat' dir='ltr'><strong>sub</strong></span> <span class='ocrx_word' id='word_1_183' title='bbox 740 2232 1001 2305; x_wconf 87' lang='lat' dir='ltr'><strong>qualibet</strong></span> <span class='ocrx_word' id='word_1_184' title='bbox 1022 2248 1319 2287; x_wconf 88' lang='lat' dir='ltr'><strong>sacrarum</strong></span> <span class='ocrx_word' id='word_1_185' title='bbox 1343 2231 1665 2303; x_wconf 87' lang='lat' dir='ltr'><strong>specierum</strong></span> <span class='ocrx_word' id='word_1_186' title='bbox 1701 2246 1833 2301; x_wconf 89' lang='lat' dir='ltr'><strong>par-</strong></span> 
     </span>
    </p>
   </div>
   <div class='ocr_carea' id='block_1_24' title="bbox 184 2319 1833 2393">
    <p class='ocr_par' dir='ltr' id='par_1_24' title="bbox 184 2319 1833 2393">
     <span class='ocr_line' id='line_1_25' title="bbox 184 2319 1833 2393; baseline -0.007 -9"><span class='ocrx_word' id='word_1_187' title='bbox 184 2327 368 2387; x_wconf 84' lang='lat' dir='ltr'><strong>ticula</strong></span> <span class='ocrx_word' id='word_1_188' title='bbox 410 2331 600 2382; x_wconf 86' lang='lat' dir='ltr'><strong>totum</strong></span> <span class='ocrx_word' id='word_1_189' title='bbox 649 2322 853 2380; x_wconf 88' lang='lat' dir='ltr'><strong>christi</strong></span> <span class='ocrx_word' id='word_1_190' title='bbox 903 2337 1118 2393; x_wconf 85' lang='lat' dir='ltr'><strong>corpus</strong></span> <span class='ocrx_word' id='word_1_191' title='bbox 1162 2337 1314 2388; x_wconf 86' lang='lat' dir='ltr'><strong>esse,</strong></span> <span class='ocrx_word' id='word_1_192' title='bbox 1364 2321 1450 2392; x_wconf 88' lang='lat' dir='ltr'><strong>[P.</strong></span> <span class='ocrx_word' id='word_1_193' title='bbox 1498 2319 1624 2388; x_wconf 85' lang='grc'><strong>364)</strong></span> <span class='ocrx_word' id='word_1_194' title='bbox 1672 2323 1730 2373; x_wconf 90' lang='lat' dir='ltr'><strong>et</strong></span> <span class='ocrx_word' id='word_1_195' title='bbox 1770 2323 1833 2373; x_wconf 89' lang='lat' dir='ltr'><strong>ut</strong></span> 
     </span>
    </p>
   </div>
   <div class='ocr_carea' id='block_1_25' title="bbox 184 2418 1833 2489">
    <p class='ocr_par' dir='ltr' id='par_1_25' title="bbox 184 2418 1833 2489">
     <span class='ocr_line' id='line_1_26' title="bbox 184 2418 1833 2489; baseline -0.007 -7"><span class='ocrx_word' id='word_1_196' title='bbox 184 2424 450 2482; x_wconf 84' lang='lat' dir='ltr'><strong>Ecclesia</strong></span> <span class='ocrx_word' id='word_1_197' title='bbox 479 2423 634 2479; x_wconf 90' lang='lat' dir='ltr'><strong>canit</strong></span> <span class='ocrx_word' id='word_1_198' title='bbox 660 2422 813 2477; x_wconf 86' lang='lat' dir='ltr'><strong>inter</strong></span> <span class='ocrx_word' id='word_1_199' title='bbox 842 2436 1035 2489; x_wconf 86' lang='lat' dir='ltr'><strong>sacra,</strong></span> <span class='ocrx_word' id='word_1_200' title='bbox 1062 2424 1278 2475; x_wconf 79' lang='lat' dir='ltr'><strong>tantum</strong></span> <span class='ocrx_word' id='word_1_201' title='bbox 1300 2434 1413 2475; x_wconf 85' lang='lat' dir='ltr'><strong>esse</strong></span> <span class='ocrx_word' id='word_1_202' title='bbox 1431 2418 1528 2472; x_wconf 96' lang='lat' dir='ltr'><strong>sub</strong></span> <span class='ocrx_word' id='word_1_203' title='bbox 1553 2419 1833 2488; x_wconf 79' lang='lat' dir='ltr'><strong>fragmen-</strong></span> 
     </span>
    </p>
   </div>
   <div class='ocr_carea' id='block_1_26' title="bbox 187 2506 1829 2585">
    <p class='ocr_par' dir='ltr' id='par_1_26' title="bbox 187 2506 1829 2585">
     <span class='ocr_line' id='line_1_27' title="bbox 187 2506 1829 2585; baseline -0.009 -14"><span class='ocrx_word' id='word_1_204' title='bbox 187 2527 240 2571; x_wconf 90' lang='lat' dir='ltr'><strong>to</strong></span> <span class='ocrx_word' id='word_1_205' title='bbox 264 2517 532 2585; x_wconf 75' lang='lat' dir='ltr'><strong>quantum</strong></span> <span class='ocrx_word' id='word_1_206' title='bbox 562 2516 679 2568; x_wconf 87' lang='lat' dir='ltr'><strong>toto</strong></span> <span class='ocrx_word' id='word_1_207' title='bbox 710 2511 939 2579; x_wconf 78' lang='lat' dir='ltr'><strong>tegitur.</strong></span> <span class='ocrx_word' id='word_1_208' title='bbox 988 2508 1151 2564; x_wconf 89' lang='lat' dir='ltr'><strong>Unde</strong></span> <span class='ocrx_word' id='word_1_209' title='bbox 1202 2507 1479 2580; x_wconf 68' lang='lat' dir='ltr'><strong>quaelibet</strong></span> <span class='ocrx_word' id='word_1_210' title='bbox 1525 2506 1676 2561; x_wconf 84' lang='lat' dir='ltr'><strong>mica</strong></span> <span class='ocrx_word' id='word_1_211' title='bbox 1722 2507 1829 2558; x_wconf 83' lang='grc' dir='ltr'>τῶν</span> 
     </span>
    </p>
   </div>
   <div class='ocr_carea' id='block_1_27' title="bbox 186 2594 1832 2675">
    <p class='ocr_par' dir='ltr' id='par_1_27' title="bbox 186 2594 1832 2675">
     <span class='ocr_line' id='line_1_28' title="bbox 186 2594 1832 2675; baseline -0.003 -19"><span class='ocrx_word' id='word_1_212' title='bbox 186 2596 535 2675; x_wconf 45' lang='lat' dir='ltr'><strong>cymaeam</strong></span> <span class='ocrx_word' id='word_1_213' title='bbox 596 2600 795 2671; x_wconf 87' lang='lat' dir='ltr'><strong>utique</strong></span> <span class='ocrx_word' id='word_1_214' title='bbox 853 2596 1088 2671; x_wconf 74' lang='grc' dir='ltr'>ἁγίασμα</span> <span class='ocrx_word' id='word_1_215' title='bbox 1137 2603 1193 2653; x_wconf 92' lang='lat' dir='ltr'><strong>et</strong></span> <span class='ocrx_word' id='word_1_216' title='bbox 1259 2614 1392 2652; x_wconf 87' lang='lat' dir='ltr'><strong>vera</strong></span> <span class='ocrx_word' id='word_1_217' title='bbox 1468 2594 1832 2651; x_wconf 84' lang='lat' dir='ltr'><strong>Eucharistia</strong></span> 
     </span>
    </p>
   </div>
   <div class='ocr_carea' id='block_1_28' title="bbox 183 2684 1829 2757">
    <p class='ocr_par' dir='ltr' id='par_1_28' title="bbox 183 2684 1829 2757">
     <span class='ocr_line' id='line_1_29' title="bbox 183 2684 1829 2757; baseline -0.006 -8"><span class='ocrx_word' id='word_1_218' title='bbox 183 2696 299 2749; x_wconf 86' lang='lat' dir='ltr'><strong>est.</strong></span> <span class='ocrx_word' id='word_1_219' title='bbox 333 2691 484 2750; x_wconf 86' lang='lat' dir='ltr'><strong>Usus</strong></span> <span class='ocrx_word' id='word_1_220' title='bbox 514 2694 709 2746; x_wconf 87' lang='lat' dir='ltr'><strong>autem</strong></span> <span class='ocrx_word' id='word_1_221' title='bbox 725 2706 856 2745; x_wconf 92' lang='lat' dir='ltr'><strong>sum</strong></span> <span class='ocrx_word' id='word_1_222' title='bbox 881 2688 981 2745; x_wconf 90' lang='lat' dir='ltr'><strong>illa</strong></span> <span class='ocrx_word' id='word_1_223' title='bbox 1012 2688 1199 2743; x_wconf 85' lang='lat' dir='ltr'><strong>forma</strong></span> <span class='ocrx_word' id='word_1_224' title='bbox 1222 2684 1500 2757; x_wconf 88' lang='lat' dir='ltr'><strong>loquendi</strong></span> <span class='ocrx_word' id='word_1_225' title='bbox 1523 2688 1588 2739; x_wconf 93' lang='lat' dir='ltr'><strong>ut</strong></span> <span class='ocrx_word' id='word_1_226' title='bbox 1608 2700 1829 2740; x_wconf 90' lang='lat' dir='ltr'><strong>morem</strong></span> 
     </span>
    </p>
   </div>
   <div class='ocr_carea' id='block_1_29' title="bbox 181 2773 1829 2852">
    <p class='ocr_par' dir='ltr' id='par_1_29' title="bbox 181 2773 1829 2852">
     <span class='ocr_line' id='line_1_30' title="bbox 181 2773 1829 2852; baseline -0.006 -13"><span class='ocrx_word' id='word_1_227' title='bbox 181 2784 491 2839; x_wconf 83' lang='lat' dir='ltr'><strong>innueram</strong></span> <span class='ocrx_word' id='word_1_228' title='bbox 524 2781 858 2852; x_wconf 88' lang='lat' dir='ltr'><strong>antiquum,</strong></span> <span class='ocrx_word' id='word_1_229' title='bbox 890 2778 949 2833; x_wconf 90' lang='lat' dir='ltr'><strong>in</strong></span> <span class='ocrx_word' id='word_1_230' title='bbox 981 2794 1155 2850; x_wconf 89' lang='lat' dir='ltr'><strong>quem</strong></span> <span class='ocrx_word' id='word_1_231' title='bbox 1189 2776 1507 2832; x_wconf 88' lang='lat' dir='ltr'><strong>historicus</strong></span> <span class='ocrx_word' id='word_1_232' title='bbox 1547 2774 1655 2831; x_wconf 92' lang='lat' dir='ltr'><strong>hoc</strong></span> <span class='ocrx_word' id='word_1_233' title='bbox 1704 2773 1829 2830; x_wconf 90' lang='lat' dir='ltr'><strong>loco</strong></span> 
     </span>
    </p>
   </div>
   <div class='ocr_carea' id='block_1_30' title="bbox 181 2865 1826 2942">
    <p class='ocr_par' dir='ltr' id='par_1_30' title="bbox 181 2865 1826 2942">
     <span class='ocr_line' id='line_1_31' title="bbox 181 2865 1826 2942; baseline -0.005 -15"><span class='ocrx_word' id='word_1_234' title='bbox 181 2871 431 2942; x_wconf 76' lang='lat' dir='ltr'><strong>digitum</strong></span> <span class='ocrx_word' id='word_1_235' title='bbox 459 2870 734 2937; x_wconf 76' lang='lat' dir='ltr'><strong>intendit,</strong></span> <span class='ocrx_word' id='word_1_236' title='bbox 758 2868 1099 2940; x_wconf 78' lang='lat' dir='ltr'><strong>significans</strong></span> <span class='ocrx_word' id='word_1_237' title='bbox 1128 2872 1267 2921; x_wconf 89' lang='lat' dir='ltr'><strong>tunc</strong></span> <span class='ocrx_word' id='word_1_238' title='bbox 1298 2865 1536 2921; x_wconf 87' lang='lat' dir='ltr'><strong>solitum</strong></span> <span class='ocrx_word' id='word_1_239' title='bbox 1568 2865 1626 2919; x_wconf 89' lang='lat' dir='ltr'><strong>in</strong></span> <span class='ocrx_word' id='word_1_240' title='bbox 1674 2868 1826 2921; x_wconf 88' lang='lat' dir='ltr'><strong>Con-</strong></span> 
     </span>
    </p>
   </div>
   <div class='ocr_carea' id='block_1_31' title="bbox 182 2954 1825 3031">
    <p class='ocr_par' dir='ltr' id='par_1_31' title="bbox 182 2954 1825 3031">
     <span class='ocr_line' id='line_1_32' title="bbox 182 2954 1825 3031; baseline -0.005 -14"><span class='ocrx_word' id='word_1_241' title='bbox 182 2958 709 3031; x_wconf 86' lang='lat' dir='ltr'><strong>stantinopolitana</strong></span> <span class='ocrx_word' id='word_1_242' title='bbox 736 2956 996 3013; x_wconf 80' lang='lat' dir='ltr'><strong>Ecclesia</strong></span> <span class='ocrx_word' id='word_1_243' title='bbox 1018 2956 1199 3012; x_wconf 82' lang='lat' dir='ltr'><strong>fuisse</strong></span> <span class='ocrx_word' id='word_1_244' title='bbox 1222 2954 1501 3027; x_wconf 82' lang='lat' dir='ltr'><strong>reliquias</strong></span> <span class='ocrx_word' id='word_1_245' title='bbox 1519 2955 1672 3012; x_wconf 69' lang='grc' dir='ltr'><strong>διο</strong></span> <span class='ocrx_word' id='word_1_246' title='bbox 1696 2970 1825 3026; x_wconf 88' lang='lat' dir='ltr'><strong>par-</strong></span> 
     </span>
    </p>
   </div>
   <div class='ocr_carea' id='block_1_32' title="bbox 1935 613 3578 693">
    <p class='ocr_par' dir='ltr' id='par_1_32' title="bbox 1935 613 3578 693">
     <span class='ocr_line' id='line_1_33' title="bbox 1935 613 3578 693; baseline 0.012 -29"><span class='ocrx_word' id='word_1_247' title='bbox 1935 618 2079 666; x_wconf 87' lang='lat' dir='ltr'><strong>certe</strong></span> <span class='ocrx_word' id='word_1_248' title='bbox 2128 626 2216 665; x_wconf 91' lang='lat' dir='ltr'><strong>eos</strong></span> <span class='ocrx_word' id='word_1_249' title='bbox 2262 613 2421 667; x_wconf 88' lang='lat' dir='ltr'><strong>nulla</strong></span> <span class='ocrx_word' id='word_1_250' title='bbox 2449 614 2648 670; x_wconf 86' lang='lat' dir='ltr'><strong>salutis</strong></span> <span class='ocrx_word' id='word_1_251' title='bbox 2686 618 3020 676; x_wconf 77' lang='lat' dir='ltr'><strong>necessitate</strong></span> <span class='ocrx_word' id='word_1_252' title='bbox 3076 622 3135 677; x_wconf 84' lang='lat' dir='ltr'><strong>id</strong></span> <span class='ocrx_word' id='word_1_253' title='bbox 3185 626 3397 693; x_wconf 80' lang='lat' dir='ltr'><strong>fecisse,</strong></span> <span class='ocrx_word' id='word_1_254' title='bbox 3456 628 3578 683; x_wconf 89' lang='lat' dir='ltr'><strong>sine</strong></span> 
     </span>
    </p>
   </div>
   <div class='ocr_carea' id='block_1_33' title="bbox 1937 700 3429 785">
    <p class='ocr_par' dir='ltr' id='par_1_33' title="bbox 1937 700 3429 785">
     <span class='ocr_line' id='line_1_34' title="bbox 1937 700 3429 785; baseline 0.011 -31"><span class='ocrx_word' id='word_1_255' title='bbox 1937 700 2307 755; x_wconf 80' lang='lat' dir='ltr'><strong>controversia</strong></span> <span class='ocrx_word' id='word_1_256' title='bbox 2333 700 2659 758; x_wconf 86' lang='lat' dir='ltr'><strong>credendum</strong></span> <span class='ocrx_word' id='word_1_257' title='bbox 2689 715 2788 761; x_wconf 85' lang='lat' dir='ltr'><strong>est.</strong></span> <span class='ocrx_word' id='word_1_258' title='bbox 2823 707 2919 762; x_wconf 89' lang='lat' dir='ltr'><strong>Sic</strong></span> <span class='ocrx_word' id='word_1_259' title='bbox 2945 725 3113 767; x_wconf 84' lang='lat' dir='ltr'><strong>sacra</strong></span> <span class='ocrx_word' id='word_1_260' title='bbox 3144 715 3429 785; x_wconf 81' lang='lat' dir='ltr'><strong>synodus.</strong></span> 
     </span>
    </p>
   </div>
   <div class='ocr_carea' id='block_1_34' title="bbox 2012 820 3583 901">
    <p class='ocr_par' dir='ltr' id='par_1_34' title="bbox 2012 820 3583 901">
     <span class='ocr_line' id='line_1_35' title="bbox 2012 820 3583 901; baseline 0.015 -24"><span class='ocrx_word' id='word_1_261' title='bbox 2012 820 2407 901; x_wconf 75' lang='grc' dir='ltr'>Ἀδιαφορότης</span> <span class='ocrx_word' id='word_1_262' title='bbox 2458 845 2514 900; x_wconf 92' lang='lat' dir='ltr'><strong>p.</strong></span> <span class='ocrx_word' id='word_1_263' title='bbox 2565 830 2689 885; x_wconf 78' lang='lat' dir='ltr'><strong>28L</strong></span> <span class='ocrx_word' id='word_1_264' title='bbox 2724 831 2955 889; x_wconf 89' lang='lat' dir='ltr'><strong>Dudum</strong></span> <span class='ocrx_word' id='word_1_265' title='bbox 2990 841 3081 892; x_wconf 92' lang='lat' dir='ltr'><strong>est</strong></span> <span class='ocrx_word' id='word_1_266' title='bbox 3141 856 3272 895; x_wconf 89' lang='lat' dir='ltr'><strong>cum</strong></span> <span class='ocrx_word' id='word_1_267' title='bbox 3303 844 3583 901; x_wconf 88' lang='lat' dir='ltr'><strong>ecclesia-</strong></span> 
     </span>
    </p>
   </div>
   <div class='ocr_carea' id='block_1_35' title="bbox 1938 912 3576 999">
    <p class='ocr_par' dir='ltr' id='par_1_35' title="bbox 1938 912 3576 999">
     <span class='ocr_line' id='line_1_36' title="bbox 1938 912 3576 999; baseline 0.013 -31"><span class='ocrx_word' id='word_1_268' title='bbox 1938 912 2083 981; x_wconf 66' lang='lat' dir='ltr'><strong>stici,</strong></span> <span class='ocrx_word' id='word_1_269' title='bbox 2124 916 2442 985; x_wconf 63' lang='lat' dir='ltr'><strong>praesertim</strong></span> <span class='ocrx_word' id='word_1_270' title='bbox 2472 919 2730 986; x_wconf 88' lang='lat' dir='ltr'><strong>ascetici,</strong></span> <span class='ocrx_word' id='word_1_271' title='bbox 2770 923 3093 994; x_wconf 86' lang='lat' dir='ltr'><strong>scripturas</strong></span> <span class='ocrx_word' id='word_1_272' title='bbox 3141 926 3360 999; x_wconf 87' lang='lat' dir='ltr'><strong>aliquid</strong></span> <span class='ocrx_word' id='word_1_273' title='bbox 3416 934 3576 990; x_wconf 86' lang='lat' dir='ltr'><strong>inno-</strong></span> 
     </span>
    </p>
   </div>
   <div class='ocr_carea' id='block_1_36' title="bbox 1938 1002 3579 1089">
    <p class='ocr_par' dir='ltr' id='par_1_36' title="bbox 1938 1002 3579 1089">
     <span class='ocr_line' id='line_1_37' title="bbox 1938 1002 3579 1089; baseline 0.016 -36"><span class='ocrx_word' id='word_1_274' title='bbox 1938 1006 2145 1089; x_wconf 73' lang='lat' dir='ltr'><strong>varunt</strong></span> <span class='ocrx_word' id='word_1_275' title='bbox 2176 1002 2234 1089; x_wconf 89' lang='lat' dir='ltr'><strong>in</strong></span> <span class='ocrx_word' id='word_1_276' title='bbox 2260 1005 2496 1059; x_wconf 89' lang='lat' dir='ltr'><strong>notione</strong></span> <span class='ocrx_word' id='word_1_277' title='bbox 2523 1007 2677 1062; x_wconf 83' lang='lat' dir='ltr'><strong>vocis</strong></span> <span class='ocrx_word' id='word_1_278' title='bbox 2710 1005 3021 1085; x_wconf 78' lang='grc' dir='ltr'><strong>ἀδιαφορία,</strong></span> <span class='ocrx_word' id='word_1_279' title='bbox 3060 1031 3164 1085; x_wconf 90' lang='lat' dir='ltr'><strong>pro</strong></span> <span class='ocrx_word' id='word_1_280' title='bbox 3221 1034 3336 1089; x_wconf 88' lang='lat' dir='ltr'><strong>qua</strong></span> <span class='ocrx_word' id='word_1_281' title='bbox 3375 1024 3579 1078; x_wconf 83' lang='lat' dir='ltr'><strong>Noster</strong></span> 
     </span>
    </p>
   </div>
   <div class='ocr_carea' id='block_1_37' title="bbox 1940 1083 3580 1180">
    <p class='ocr_par' dir='ltr' id='par_1_37' title="bbox 1940 1083 3580 1180">
     <span class='ocr_line' id='line_1_38' title="bbox 1940 1083 3580 1180; baseline 0.018 -43"><span class='ocrx_word' id='word_1_282' title='bbox 1940 1083 2345 1180; x_wconf 19' lang='grc' dir='ltr'>ἀδιᾼαφορότητα</span> <span class='ocrx_word' id='word_1_283' title='bbox 2385 1091 2493 1147; x_wconf 90' lang='lat' dir='ltr'><strong>hoc</strong></span> <span class='ocrx_word' id='word_1_284' title='bbox 2541 1094 2662 1150; x_wconf 91' lang='lat' dir='ltr'><strong>loco</strong></span> <span class='ocrx_word' id='word_1_285' title='bbox 2688 1083 3078 1168; x_wconf 76' lang='lat' dir='ltr'><strong>posuit.Cum</strong></span> <span class='ocrx_word' id='word_1_286' title='bbox 3117 1083 3271 1160; x_wconf 78' lang='lat' dir='ltr'><strong>enim</strong></span> <span class='ocrx_word' id='word_1_287' title='bbox 3323 1108 3580 1180; x_wconf 90' lang='lat' dir='ltr'><strong>philoso-</strong></span> 
     </span>
    </p>
   </div>
   <div class='ocr_carea' id='block_1_38' title="bbox 1941 1177 3579 1262">
    <p class='ocr_par' dir='ltr' id='par_1_38' title="bbox 1941 1177 3579 1262">
     <span class='ocr_line' id='line_1_39' title="bbox 1941 1177 3579 1262; baseline 0.016 -32"><span class='ocrx_word' id='word_1_288' title='bbox 1941 1177 2042 1249; x_wconf 90' lang='lat' dir='ltr'><strong>phi</strong></span> <span class='ocrx_word' id='word_1_289' title='bbox 2073 1184 2295 1236; x_wconf 86' lang='lat' dir='ltr'><strong>veteres</strong></span> <span class='ocrx_word' id='word_1_290' title='bbox 2327 1182 2504 1237; x_wconf 71' lang='lat' dir='ltr'><strong>Graeci</strong></span> <span class='ocrx_word' id='word_1_291' title='bbox 2538 1185 2607 1239; x_wconf 88' lang='lat' dir='ltr'><strong>de</strong></span> <span class='ocrx_word' id='word_1_292' title='bbox 2639 1189 2898 1245; x_wconf 91' lang='lat' dir='ltr'><strong>moribus</strong></span> <span class='ocrx_word' id='word_1_293' title='bbox 2922 1198 3160 1262; x_wconf 80' lang='lat' dir='ltr'><strong>agentes</strong></span> <span class='ocrx_word' id='word_1_294' title='bbox 3187 1177 3341 1253; x_wconf 77' lang='lat' dir='ltr'><strong>inter</strong></span> <span class='ocrx_word' id='word_1_295' title='bbox 3362 1199 3579 1257; x_wconf 89' lang='lat' dir='ltr'><strong>bonum</strong></span> 
     </span>
    </p>
   </div>
   <div class='ocr_carea' id='block_1_39' title="bbox 1940 1267 3579 1360">
    <p class='ocr_par' dir='ltr' id='par_1_39' title="bbox 1940 1267 3579 1360">
     <span class='ocr_line' id='line_1_40' title="bbox 1940 1267 3579 1360; baseline 0.016 -40"><span class='ocrx_word' id='word_1_296' title='bbox 1940 1267 2249 1360; x_wconf 78' lang='lat' dir='ltr'><strong>etmalum</strong></span> <span class='ocrx_word' id='word_1_297' title='bbox 2299 1272 2556 1360; x_wconf 85' lang='lat' dir='ltr'><strong>medium</strong></span> <span class='ocrx_word' id='word_1_298' title='bbox 2600 1276 2875 1345; x_wconf 70' lang='lat' dir='ltr'><strong>quiddam</strong></span> <span class='ocrx_word' id='word_1_299' title='bbox 2931 1275 3224 1356; x_wconf 74' lang='grc' dir='ltr'>ἀδιάφορον</span> <span class='ocrx_word' id='word_1_300' title='bbox 3290 1296 3579 1360; x_wconf 86' lang='lat' dir='ltr'><strong>vocarent,</strong></span> 
     </span>
    </p>
   </div>
   <div class='ocr_carea' id='block_1_40' title="bbox 1942 1356 3577 1445">
    <p class='ocr_par' dir='ltr' id='par_1_40' title="bbox 1942 1356 3577 1445">
     <span class='ocr_line' id='line_1_41' title="bbox 1942 1356 3577 1445; baseline 0.017 -37"><span class='ocrx_word' id='word_1_301' title='bbox 1942 1356 2029 1445; x_wconf 83' lang='lat' dir='ltr'><strong>uti</strong></span> <span class='ocrx_word' id='word_1_302' title='bbox 2089 1356 2271 1429; x_wconf 66' lang='lat' dir='ltr'><strong>culpa</strong></span> <span class='ocrx_word' id='word_1_303' title='bbox 2326 1358 2411 1415; x_wconf 86' lang='lat' dir='ltr'><strong>ita</strong></span> <span class='ocrx_word' id='word_1_304' title='bbox 2456 1366 2512 1416; x_wconf 90' lang='lat' dir='ltr'><strong>et</strong></span> <span class='ocrx_word' id='word_1_305' title='bbox 2560 1363 2754 1421; x_wconf 81' lang='lat' dir='ltr'><strong>laudis</strong></span> <span class='ocrx_word' id='word_1_306' title='bbox 2804 1383 3030 1439; x_wconf 84' lang='lat' dir='ltr'><strong>expers,</strong></span> <span class='ocrx_word' id='word_1_307' title='bbox 3052 1370 3389 1445; x_wconf 81' lang='lat' dir='ltr'><strong>Christiani,</strong></span> <span class='ocrx_word' id='word_1_308' title='bbox 3425 1356 3577 1435; x_wconf 88' lang='lat' dir='ltr'><strong>docti</strong></span> 
     </span>
    </p>
   </div>
   <div class='ocr_carea' id='block_1_41' title="bbox 1942 1443 3577 1525">
    <p class='ocr_par' dir='ltr' id='par_1_41' title="bbox 1942 1443 3577 1525">
     <span class='ocr_line' id='line_1_42' title="bbox 1942 1443 3577 1525; baseline 0.017 -27"><span class='ocrx_word' id='word_1_309' title='bbox 1942 1443 2087 1500; x_wconf 87' lang='lat' dir='ltr'><strong>forte</strong></span> <span class='ocrx_word' id='word_1_310' title='bbox 2125 1448 2455 1519; x_wconf 84' lang='lat' dir='ltr'><strong>evangelica</strong></span> <span class='ocrx_word' id='word_1_311' title='bbox 2499 1450 2713 1508; x_wconf 86' lang='lat' dir='ltr'><strong>Christi</strong></span> <span class='ocrx_word' id='word_1_312' title='bbox 2760 1458 3072 1525; x_wconf 88' lang='lat' dir='ltr'><strong>sententia,</strong></span> <span class='ocrx_word' id='word_1_313' title='bbox 3108 1443 3577 1525; x_wconf 28' lang='lat' dir='ltr'><strong>verbum-etiam</strong></span> 
     </span>
    </p>
   </div>
   <div class='ocr_carea' id='block_1_42' title="bbox 1942 1532 3579 1612">
    <p class='ocr_par' dir='ltr' id='par_1_42' title="bbox 1942 1532 3579 1612">
     <span class='ocr_line' id='line_1_43' title="bbox 1942 1532 3579 1612; baseline 0.016 -26"><span class='ocrx_word' id='word_1_314' title='bbox 1942 1532 2193 1589; x_wconf 90' lang='lat' dir='ltr'><strong>otiosum</strong></span> <span class='ocrx_word' id='word_1_315' title='bbox 2226 1537 2532 1593; x_wconf 68' lang='lat' dir='ltr'><strong>reddenda:</strong></span> <span class='ocrx_word' id='word_1_316' title='bbox 2567 1541 2773 1597; x_wconf 81' lang='lat' dir='ltr'><strong>rationi</strong></span> <span class='ocrx_word' id='word_1_317' title='bbox 2811 1545 3128 1604; x_wconf 84' lang='lat' dir='ltr'><strong>obnoxium</strong></span> <span class='ocrx_word' id='word_1_318' title='bbox 3174 1566 3304 1608; x_wconf 87' lang='lat' dir='ltr'><strong>esse</strong></span> <span class='ocrx_word' id='word_1_319' title='bbox 3351 1556 3579 1612; x_wconf 87' lang='lat' dir='ltr'><strong>denun-</strong></span> 
     </span>
    </p>
   </div>
   <div class='ocr_carea' id='block_1_43' title="bbox 1941 1621 3579 1715">
    <p class='ocr_par' dir='ltr' id='par_1_43' title="bbox 1941 1621 3579 1715">
     <span class='ocr_line' id='line_1_44' title="bbox 1941 1621 3579 1715; baseline 0.016 -40"><span class='ocrx_word' id='word_1_320' title='bbox 1941 1621 2143 1715; x_wconf 79' lang='lat' dir='ltr'><strong>tiante,</strong></span> <span class='ocrx_word' id='word_1_321' title='bbox 2164 1623 2234 1715; x_wconf 52' lang='lat' dir='ltr'><strong>ab</strong></span> <span class='ocrx_word' id='word_1_322' title='bbox 2260 1621 2556 1715; x_wconf 63' lang='grc' dir='ltr'>άδιάφορον</span> <span class='ocrx_word' id='word_1_323' title='bbox 2597 1630 2732 1687; x_wconf 90' lang='lat' dir='ltr'><strong>vitio</strong></span> <span class='ocrx_word' id='word_1_324' title='bbox 2763 1644 3214 1694; x_wconf 76' lang='lat' dir='ltr'><strong>accensuerunt.</strong></span> <span class='ocrx_word' id='word_1_325' title='bbox 3238 1644 3395 1706; x_wconf 84' lang='lat' dir='ltr'><strong>Quod</strong></span> <span class='ocrx_word' id='word_1_326' title='bbox 3433 1662 3579 1715; x_wconf 70' lang='lat' dir='ltr'><strong>prte-</strong></span> 
     </span>
    </p>
   </div>
   <div class='ocr_carea' id='block_1_44' title="bbox 1940 1710 3587 1803">
    <p class='ocr_par' dir='ltr' id='par_1_44' title="bbox 1940 1710 3587 1803">
     <span class='ocr_line' id='line_1_45' title="bbox 1940 1710 3587 1803; baseline 0.016 -38"><span class='ocrx_word' id='word_1_327' title='bbox 1940 1710 2140 1765; x_wconf 81' lang='lat' dir='ltr'><strong>sertim</strong></span> <span class='ocrx_word' id='word_1_328' title='bbox 2161 1712 2219 1766; x_wconf 88' lang='lat' dir='ltr'><strong>in</strong></span> <span class='ocrx_word' id='word_1_329' title='bbox 2252 1712 2310 1769; x_wconf 93' lang='lat' dir='ltr'><strong>S.</strong></span> <span class='ocrx_word' id='word_1_330' title='bbox 2346 1714 2557 1771; x_wconf 86' lang='lat' dir='ltr'><strong>Basilio</strong></span> <span class='ocrx_word' id='word_1_331' title='bbox 2589 1727 2638 1774; x_wconf 86' lang='lat' dir='ltr'><strong>et</strong></span> <span class='ocrx_word' id='word_1_332' title='bbox 2670 1719 2802 1775; x_wconf 88' lang='lat' dir='ltr'><strong>aliis</strong></span> <span class='ocrx_word' id='word_1_333' title='bbox 2819 1722 2919 1792; x_wconf 90' lang='lat' dir='ltr'><strong>qui</strong></span> <span class='ocrx_word' id='word_1_334' title='bbox 2941 1722 3206 1793; x_wconf 78' lang='grc' dir='ltr'>ἀσκητικὰ</span> <span class='ocrx_word' id='word_1_335' title='bbox 3222 1710 3587 1803; x_wconf 77' lang='lat' dir='ltr'><strong>scripserunt</strong></span> 
     </span>
    </p>
   </div>
   <div class='ocr_carea' id='block_1_45' title="bbox 1942 1807 3580 1879">
    <p class='ocr_par' dir='ltr' id='par_1_45' title="bbox 1942 1807 3580 1879">
     <span class='ocr_line' id='line_1_46' title="bbox 1942 1807 3580 1879; baseline 0.016 -27"><span class='ocrx_word' id='word_1_336' title='bbox 1942 1815 2177 1855; x_wconf 85' lang='lat' dir='ltr'><strong>cernere</strong></span> <span class='ocrx_word' id='word_1_337' title='bbox 2225 1807 2345 1873; x_wconf 90' lang='lat' dir='ltr'><strong>est;</strong></span> <span class='ocrx_word' id='word_1_338' title='bbox 2400 1812 2570 1875; x_wconf 88' lang='lat' dir='ltr'><strong>prout</strong></span> <span class='ocrx_word' id='word_1_339' title='bbox 2614 1808 2759 1864; x_wconf 88' lang='lat' dir='ltr'><strong>alias</strong></span> <span class='ocrx_word' id='word_1_340' title='bbox 2792 1811 3033 1867; x_wconf 89' lang='lat' dir='ltr'><strong>memini</strong></span> <span class='ocrx_word' id='word_1_341' title='bbox 3064 1821 3341 1874; x_wconf 89' lang='lat' dir='ltr'><strong>annotare</strong></span> <span class='ocrx_word' id='word_1_342' title='bbox 3390 1838 3481 1877; x_wconf 88' lang='lat' dir='ltr'><strong>me</strong></span> <span class='ocrx_word' id='word_1_343' title='bbox 3508 1824 3580 1879; x_wconf 88' lang='lat' dir='ltr'><strong>ad</strong></span> 
     </span>
    </p>
   </div>
   <div class='ocr_carea' id='block_1_46' title="bbox 1941 1894 3577 1981">
    <p class='ocr_par' dir='ltr' id='par_1_46' title="bbox 1941 1894 3577 1981">
     <span class='ocr_line' id='line_1_47' title="bbox 1941 1894 3577 1981; baseline 0.017 -35"><span class='ocrx_word' id='word_1_344' title='bbox 1941 1894 2113 1964; x_wconf 86' lang='lat' dir='ltr'><strong>epist.</strong></span> <span class='ocrx_word' id='word_1_345' title='bbox 2147 1895 2207 1950; x_wconf 91' lang='lat' dir='ltr'><strong>S.</strong></span> <span class='ocrx_word' id='word_1_346' title='bbox 2238 1896 2349 1950; x_wconf 90' lang='lat' dir='ltr'><strong>Nili</strong></span> <span class='ocrx_word' id='word_1_347' title='bbox 2378 1898 2503 1955; x_wconf 85' lang='lat'>335.</span> <span class='ocrx_word' id='word_1_348' title='bbox 2536 1901 2613 1955; x_wconf 86' lang='lat' dir='ltr'><strong>Ex</strong></span> <span class='ocrx_word' id='word_1_349' title='bbox 2645 1900 2749 1957; x_wconf 86' lang='lat' dir='ltr'><strong>hoc</strong></span> <span class='ocrx_word' id='word_1_350' title='bbox 2782 1920 2893 1958; x_wconf 90' lang='lat' dir='ltr'><strong>usu</strong></span> <span class='ocrx_word' id='word_1_351' title='bbox 2925 1905 3306 1981; x_wconf 82' lang='lat' dir='ltr'><strong>Pachymeres</strong></span> <span class='ocrx_word' id='word_1_352' title='bbox 3338 1913 3445 1970; x_wconf 88' lang='lat' dir='ltr'><strong>hoc</strong></span> <span class='ocrx_word' id='word_1_353' title='bbox 3477 1934 3577 1972; x_wconf 86' lang='lat' dir='ltr'><strong>so-</strong></span> 
     </span>
    </p>
   </div>
   <div class='ocr_carea' id='block_1_47' title="bbox 1946 1982 3579 2069">
    <p class='ocr_par' dir='ltr' id='par_1_47' title="bbox 1946 1982 3579 2069">
     <span class='ocr_line' id='line_1_48' title="bbox 1946 1982 3579 2069; baseline 0.017 -34"><span class='ocrx_word' id='word_1_354' title='bbox 1946 1982 2217 2069; x_wconf 81' lang='lat' dir='ltr'><strong>lutiorem</strong></span> <span class='ocrx_word' id='word_1_355' title='bbox 2253 2003 2357 2041; x_wconf 89' lang='lat' dir='ltr'><strong>nec</strong></span> <span class='ocrx_word' id='word_1_356' title='bbox 2391 1988 2963 2060; x_wconf 63' lang='lat' dir='ltr'><strong>irreprohensibilem</strong></span> <span class='ocrx_word' id='word_1_357' title='bbox 3007 2001 3215 2069; x_wconf 83' lang='lat' dir='ltr'><strong>agendi</strong></span> <span class='ocrx_word' id='word_1_358' title='bbox 3258 2001 3579 2064; x_wconf 87' lang='lat' dir='ltr'><strong>libertatem</strong></span> 
     </span>
    </p>
   </div>
   <div class='ocr_carea' id='block_1_48' title="bbox 1938 2066 2625 2146">
    <p class='ocr_par' dir='ltr' id='par_1_48' title="bbox 1938 2066 2625 2146">
     <span class='ocr_line' id='line_1_49' title="bbox 1938 2066 2625 2146; baseline 0.016 -24"><span class='ocrx_word' id='word_1_359' title='bbox 1938 2066 2347 2146; x_wconf 70' lang='grc' dir='ltr'>ἀδιαφορότητα</span> <span class='ocrx_word' id='word_1_360' title='bbox 2378 2080 2625 2135; x_wconf 86' lang='lat' dir='ltr'><strong>vocavit.</strong></span> 
     </span>
    </p>
   </div>
   <div class='ocr_carea' id='block_1_49' title="bbox 2014 2158 3579 2254">
    <p class='ocr_par' dir='ltr' id='par_1_49' title="bbox 2014 2158 3579 2254">
     <span class='ocr_line' id='line_1_50' title="bbox 2014 2158 3579 2254; baseline 0.019 -42"><span class='ocrx_word' id='word_1_361' title='bbox 2014 2158 2204 2254; x_wconf 67' lang='grc' dir='ltr'>ᾼῖτιος</span> <span class='ocrx_word' id='word_1_362' title='bbox 2237 2181 2292 2235; x_wconf 82' lang='grc' dir='ltr'><strong>ρ.</strong></span> <span class='ocrx_word' id='word_1_363' title='bbox 2329 2166 2453 2221; x_wconf 75' lang='grc'>482.</span> <span class='ocrx_word' id='word_1_364' title='bbox 2485 2167 2646 2231; x_wconf 84' lang='lat' dir='ltr'><strong>Quod</strong></span> <span class='ocrx_word' id='word_1_365' title='bbox 2680 2171 2929 2242; x_wconf 78' lang='lat' dir='ltr'><strong>theologi</strong></span> <span class='ocrx_word' id='word_1_366' title='bbox 2980 2177 3164 2232; x_wconf 85' lang='lat' dir='ltr'><strong>Latini</strong></span> <span class='ocrx_word' id='word_1_367' title='bbox 3214 2181 3579 2254; x_wconf 80' lang='lat' dir='ltr'><strong>frequentius</strong></span> 
     </span>
    </p>
   </div>
   <div class='ocr_carea' id='block_1_50' title="bbox 1940 2251 3577 2337">
    <p class='ocr_par' dir='ltr' id='par_1_50' title="bbox 1940 2251 3577 2337">
     <span class='ocr_line' id='line_1_51' title="bbox 1940 2251 3577 2337; baseline 0.018 -35"><span class='ocrx_word' id='word_1_368' title='bbox 1940 2251 2285 2322; x_wconf 83' lang='lat' dir='ltr'><strong>principium</strong></span> <span class='ocrx_word' id='word_1_369' title='bbox 2315 2256 2611 2327; x_wconf 88' lang='lat' dir='ltr'><strong>appellant</strong></span> <span class='ocrx_word' id='word_1_370' title='bbox 2633 2260 2692 2314; x_wconf 90' lang='lat' dir='ltr'><strong>in</strong></span> <span class='ocrx_word' id='word_1_371' title='bbox 2725 2262 2939 2318; x_wconf 89' lang='lat' dir='ltr'><strong>divinis</strong></span> <span class='ocrx_word' id='word_1_372' title='bbox 2971 2251 3455 2337; x_wconf 86' lang='lat' dir='ltr'><strong>productionibus</strong></span> <span class='ocrx_word' id='word_1_373' title='bbox 3505 2278 3577 2331; x_wconf 86' lang='lat' dir='ltr'><strong>ad</strong></span> 
     </span>
    </p>
   </div>
   <div class='ocr_carea' id='block_1_51' title="bbox 1942 2338 3577 2422">
    <p class='ocr_par' dir='ltr' id='par_1_51' title="bbox 1942 2338 3577 2422">
     <span class='ocr_line' id='line_1_52' title="bbox 1942 2338 3577 2422; baseline 0.018 -30"><span class='ocrx_word' id='word_1_374' title='bbox 1942 2338 2117 2409; x_wconf 88' lang='lat' dir='ltr'><strong>intra,</strong></span> <span class='ocrx_word' id='word_1_375' title='bbox 2158 2342 2371 2399; x_wconf 62' lang='lat' dir='ltr'><strong>Graecis</strong></span> <span class='ocrx_word' id='word_1_376' title='bbox 2403 2349 2620 2416; x_wconf 88' lang='lat' dir='ltr'><strong>passim</strong></span> <span class='ocrx_word' id='word_1_377' title='bbox 2669 2347 2839 2403; x_wconf 71' lang='grc' dir='ltr'>αἴτιον</span> <span class='ocrx_word' id='word_1_378' title='bbox 2884 2356 2939 2408; x_wconf 88' lang='lat' dir='ltr'><strong>et</strong></span> <span class='ocrx_word' id='word_1_379' title='bbox 2968 2352 3143 2408; x_wconf 81' lang='grc' dir='ltr'><strong>αἰτίαν</strong></span> <span class='ocrx_word' id='word_1_380' title='bbox 3189 2358 3414 2418; x_wconf 89' lang='lat' dir='ltr'><strong>dicunt.</strong></span> <span class='ocrx_word' id='word_1_381' title='bbox 3465 2365 3577 2422; x_wconf 89' lang='lat' dir='ltr'><strong>Nec</strong></span> 
     </span>
    </p>
   </div>
   <div class='ocr_carea' id='block_1_52' title="bbox 1941 2428 3579 2511">
    <p class='ocr_par' dir='ltr' id='par_1_52' title="bbox 1941 2428 3579 2511">
     <span class='ocr_line' id='line_1_53' title="bbox 1941 2428 3579 2511; baseline 0.018 -31"><span class='ocrx_word' id='word_1_382' title='bbox 1941 2428 2287 2485; x_wconf 87' lang='lat' dir='ltr'><strong>vocabulum</strong></span> <span class='ocrx_word' id='word_1_383' title='bbox 2321 2448 2489 2488; x_wconf 87' lang='lat' dir='ltr'><strong>causa</strong></span> <span class='ocrx_word' id='word_1_384' title='bbox 2521 2453 2940 2511; x_wconf 75' lang='lat' dir='ltr'><strong>usquequaque</strong></span> <span class='ocrx_word' id='word_1_385' title='bbox 2961 2443 3111 2499; x_wconf 87' lang='lat' dir='ltr'><strong>abeo</strong></span> <span class='ocrx_word' id='word_1_386' title='bbox 3142 2463 3250 2502; x_wconf 82' lang='lat' dir='ltr'><strong>usu</strong></span> <span class='ocrx_word' id='word_1_387' title='bbox 3283 2450 3579 2510; x_wconf 84' lang='lat' dir='ltr'><strong>abhorret.</strong></span> 
     </span>
    </p>
   </div>
   <div class='ocr_carea' id='block_1_53' title="bbox 1940 2516 3573 2599">
    <p class='ocr_par' dir='ltr' id='par_1_53' title="bbox 1940 2516 3573 2599">
     <span class='ocr_line' id='line_1_54' title="bbox 1940 2516 3573 2599; baseline 0.018 -30"><span class='ocrx_word' id='word_1_388' title='bbox 1940 2516 1999 2571; x_wconf 79' lang='grc' dir='ltr'>Β.</span> <span class='ocrx_word' id='word_1_389' title='bbox 2033 2516 2285 2574; x_wconf 82' lang='lat' dir='ltr'><strong>Hilarius</strong></span> <span class='ocrx_word' id='word_1_390' title='bbox 2318 2521 2389 2576; x_wconf 92' lang='lat' dir='ltr'><strong>De</strong></span> <span class='ocrx_word' id='word_1_391' title='bbox 2419 2523 2608 2578; x_wconf 86' lang='lat' dir='ltr'><strong>Trinit.</strong></span> <span class='ocrx_word' id='word_1_392' title='bbox 2645 2525 2746 2582; x_wconf 89' lang='lat' dir='ltr'><strong>lib.</strong></span> <span class='ocrx_word' id='word_1_393' title='bbox 2779 2546 2856 2584; x_wconf 72' lang='grc' dir='ltr'>χι.</span> <span class='ocrx_word' id='word_1_394' title='bbox 2894 2534 3118 2587; x_wconf 84' lang='lat' dir='ltr'><strong>Patrem</strong></span> <span class='ocrx_word' id='word_1_395' title='bbox 3150 2543 3318 2593; x_wconf 90' lang='lat' dir='ltr'><strong>vocat</strong></span> <span class='ocrx_word' id='word_1_396' title='bbox 3347 2556 3573 2599; x_wconf 87' lang='lat' dir='ltr'><strong>causam</strong></span> 
     </span>
    </p>
   </div>
   <div class='ocr_carea' id='block_1_54' title="bbox 1942 2604 3573 2697">
    <p class='ocr_par' dir='ltr' id='par_1_54' title="bbox 1942 2604 3573 2697">
     <span class='ocr_line' id='line_1_55' title="bbox 1942 2604 3573 2697; baseline 0.02 -41"><span class='ocrx_word' id='word_1_397' title='bbox 1942 2604 2265 2697; x_wconf 50' lang='lat' dir='ltr'><strong>gativitatis</strong></span> <span class='ocrx_word' id='word_1_398' title='bbox 2312 2608 2471 2666; x_wconf 84' lang='lat' dir='ltr'><strong>Filii.</strong></span> <span class='ocrx_word' id='word_1_399' title='bbox 2523 2611 2626 2668; x_wconf 89' lang='lat' dir='ltr'><strong>lib.</strong></span> <span class='ocrx_word' id='word_1_400' title='bbox 2677 2631 2780 2686; x_wconf 84' lang='lat' dir='ltr'><strong>xu,</strong></span> <span class='ocrx_word' id='word_1_401' title='bbox 2836 2634 3012 2690; x_wconf 86' lang='lat' dir='ltr'><strong>agens</strong></span> <span class='ocrx_word' id='word_1_402' title='bbox 3057 2622 3127 2677; x_wconf 90' lang='lat' dir='ltr'><strong>de</strong></span> <span class='ocrx_word' id='word_1_403' title='bbox 3199 2630 3573 2697; x_wconf 85' lang='lat' dir='ltr'><strong>generatione</strong></span> 
     </span>
    </p>
   </div>
   <div class='ocr_carea' id='block_1_55' title="bbox 1941 2692 3572 2783">
    <p class='ocr_par' dir='ltr' id='par_1_55' title="bbox 1941 2692 3572 2783">
     <span class='ocr_line' id='line_1_56' title="bbox 1941 2692 3572 2783; baseline 0.019 -38"><span class='ocrx_word' id='word_1_404' title='bbox 1941 2692 2091 2783; x_wconf 53' lang='lat' dir='ltr'><strong>Filii,</strong></span> <span class='ocrx_word' id='word_1_405' title='bbox 2128 2698 2191 2750; x_wconf 85' lang='lat' dir='ltr'><strong>Et</strong></span> <span class='ocrx_word' id='word_1_406' title='bbox 2212 2710 2281 2750; x_wconf 75' lang='lat' dir='ltr'><strong>ea:</strong></span> <span class='ocrx_word' id='word_1_407' title='bbox 2308 2714 2494 2770; x_wconf 87' lang='lat' dir='ltr'><strong>causa,</strong></span> <span class='ocrx_word' id='word_1_408' title='bbox 2524 2702 2734 2775; x_wconf 90' lang='lat' dir='ltr'><strong>inquit,</strong></span> <span class='ocrx_word' id='word_1_409' title='bbox 2762 2709 3008 2777; x_wconf 79' lang='lat' dir='ltr'><strong>perfecta</strong></span> <span class='ocrx_word' id='word_1_410' title='bbox 3054 2692 3230 2783; x_wconf 69' lang='lat' dir='ltr'><strong>atque</strong></span> <span class='ocrx_word' id='word_1_411' title='bbox 3262 2716 3572 2775; x_wconf 84' lang='lat' dir='ltr'><strong>indemuta-</strong></span> 
     </span>
    </p>
   </div>
   <div class='ocr_carea' id='block_1_56' title="bbox 1942 2780 3577 2880">
    <p class='ocr_par' dir='ltr' id='par_1_56' title="bbox 1942 2780 3577 2880">
     <span class='ocr_line' id='line_1_57' title="bbox 1942 2780 3577 2880; baseline 0.019 -45"><span class='ocrx_word' id='word_1_412' title='bbox 1942 2780 2047 2837; x_wconf 86' lang='lat' dir='ltr'><strong>bili</strong></span> <span class='ocrx_word' id='word_1_413' title='bbox 2092 2800 2322 2880; x_wconf 78' lang='lat' dir='ltr'><strong>nascens</strong></span> <span class='ocrx_word' id='word_1_414' title='bbox 2368 2804 2579 2846; x_wconf 87' lang='lat' dir='ltr'><strong>necesse</strong></span> <span class='ocrx_word' id='word_1_415' title='bbox 2614 2798 2695 2848; x_wconf 86' lang='lat' dir='ltr'><strong>est</strong></span> <span class='ocrx_word' id='word_1_416' title='bbox 2742 2810 2813 2850; x_wconf 76' lang='lat' dir='ltr'><strong>ea:</strong></span> <span class='ocrx_word' id='word_1_417' title='bbox 2854 2812 3027 2859; x_wconf 89' lang='lat' dir='ltr'><strong>causa</strong></span> <span class='ocrx_word' id='word_1_418' title='bbox 3068 2780 3134 2855; x_wconf 73' lang='lat' dir='ltr'><strong>in</strong></span> <span class='ocrx_word' id='word_1_419' title='bbox 3173 2818 3354 2862; x_wconf 71' lang='lat' dir='ltr'><strong>causae</strong></span> <span class='ocrx_word' id='word_1_420' title='bbox 3401 2810 3577 2880; x_wconf 77' lang='lat' dir='ltr'><strong>ipsius</strong></span> 
     </span>
    </p>
   </div>
   <div class='ocr_carea' id='block_1_57' title="bbox 1934 2870 3576 2958">
    <p class='ocr_par' dir='ltr' id='par_1_57' title="bbox 1934 2870 3576 2958">
     <span class='ocr_line' id='line_1_58' title="bbox 1934 2870 3576 2958; baseline 0.017 -35"><span class='ocrx_word' id='word_1_421' title='bbox 1934 2870 2268 2958; x_wconf 86' lang='lat' dir='ltr'><strong>praprietate</strong></span> <span class='ocrx_word' id='word_1_422' title='bbox 2340 2882 2623 2935; x_wconf 86' lang='lat' dir='ltr'><strong>nascatur.</strong></span> <span class='ocrx_word' id='word_1_423' title='bbox 2690 2882 2748 2938; x_wconf 92' lang='lat' dir='ltr'><strong>S.</strong></span> <span class='ocrx_word' id='word_1_424' title='bbox 2825 2886 3188 2958; x_wconf 82' lang='lat' dir='ltr'><strong>Augustinus</strong></span> <span class='ocrx_word' id='word_1_425' title='bbox 3257 2870 3435 2951; x_wconf 48' lang='lat'><strong>587&#39;</strong></span> <span class='ocrx_word' id='word_1_426' title='bbox 3476 2898 3576 2953; x_wconf 93' lang='lat' dir='ltr'><strong>lib.</strong></span> 
     </span>
    </p>
   </div>
   <div class='ocr_carea' id='block_1_58' title="bbox 1939 2957 3579 3043">
    <p class='ocr_par' dir='ltr' id='par_1_58' title="bbox 1939 2957 3579 3043">
     <span class='ocr_line' id='line_1_59' title="bbox 1939 2957 3579 3043; baseline 0.019 -30"><span class='ocrx_word' id='word_1_427' title='bbox 1939 2957 2143 3025; x_wconf 74' lang='lat' dir='ltr'><strong>Quaest.</strong></span> <span class='ocrx_word' id='word_1_428' title='bbox 2168 2976 2401 3032; x_wconf 76' lang='lat' dir='ltr'><strong>uxxm,</strong></span> <span class='ocrx_word' id='word_1_429' title='bbox 2428 2976 2631 3039; x_wconf 75' lang='lat' dir='ltr'><strong>quaest.</strong></span> <span class='ocrx_word' id='word_1_430' title='bbox 2668 2971 2735 3025; x_wconf 82' lang='grc'><strong>16</strong></span> <span class='ocrx_word' id='word_1_431' title='bbox 2767 2988 2779 3025; x_wconf 88' lang='lat'><strong>:</strong></span> <span class='ocrx_word' id='word_1_432' title='bbox 2815 2957 2966 3041; x_wconf 84' lang='lat' dir='ltr'><strong>Quod</strong></span> <span class='ocrx_word' id='word_1_433' title='bbox 2992 2981 3179 3033; x_wconf 88' lang='lat' dir='ltr'><strong>autem</strong></span> <span class='ocrx_word' id='word_1_434' title='bbox 3221 2996 3410 3039; x_wconf 88' lang='lat' dir='ltr'><strong>rerum</strong></span> <span class='ocrx_word' id='word_1_435' title='bbox 3463 3004 3579 3043; x_wconf 90' lang='lat' dir='ltr'><strong>om-</strong></span> 
     </span>
    </p>
   </div>
   <div class='ocr_carea' id='block_1_59' title="bbox 180 3044 3584 3136">
    <p class='ocr_par' dir='ltr' id='par_1_59' title="bbox 180 3044 3584 3136">
     <span class='ocr_line' id='line_1_60' title="bbox 180 3044 3584 3136; baseline 0.009 -31"><span class='ocrx_word' id='word_1_436' title='bbox 180 3048 499 3105; x_wconf 87' lang='lat' dir='ltr'><strong>ticularum</strong></span> <span class='ocrx_word' id='word_1_437' title='bbox 530 3047 1054 3105; x_wconf 90' lang='lat' dir='ltr'><strong>eucharisticarum</strong></span> <span class='ocrx_word' id='word_1_438' title='bbox 1104 3044 1828 3136; x_wconf 12' lang='lat' dir='ltr'><strong>puerisrbaptizati‘scon-</strong></span> <span class='ocrx_word' id='word_1_439' title='bbox 1932 3047 2093 3103; x_wconf 77' lang='lat' dir='ltr'><strong>nium</strong></span> <span class='ocrx_word' id='word_1_440' title='bbox 2120 3064 2289 3107; x_wconf 84' lang='lat' dir='ltr'><strong>causa</strong></span> <span class='ocrx_word' id='word_1_441' title='bbox 2318 3055 2415 3123; x_wconf 87' lang='lat' dir='ltr'><strong>est,</strong></span> <span class='ocrx_word' id='word_1_442' title='bbox 2448 3058 2615 3112; x_wconf 85' lang='lat' dir='ltr'><strong>etiam</strong></span> <span class='ocrx_word' id='word_1_443' title='bbox 2663 3062 2946 3130; x_wconf 69' lang='lat' dir='ltr'><strong>sapientiae</strong></span> <span class='ocrx_word' id='word_1_444' title='bbox 2973 3082 3086 3122; x_wconf 62' lang='lat' dir='ltr'><strong>sum</strong></span> <span class='ocrx_word' id='word_1_445' title='bbox 3131 3084 3306 3128; x_wconf 89' lang='lat' dir='ltr'><strong>causa</strong></span> <span class='ocrx_word' id='word_1_446' title='bbox 3342 3083 3436 3130; x_wconf 87' lang='lat' dir='ltr'><strong>est.</strong></span> <span class='ocrx_word' id='word_1_447' title='bbox 3469 3080 3584 3136; x_wconf 83' lang='lat' dir='ltr'><strong>Nec</strong></span> 
     </span>
    </p>
   </div>
   <div class='ocr_carea' id='block_1_60' title="bbox 182 3132 1825 3207">
    <p class='ocr_par' dir='ltr' id='par_1_60' title="bbox 182 3132 1825 3207">
     <span class='ocr_line' id='line_1_61' title="bbox 182 3132 1825 3207; baseline -0.004 -12"><span class='ocrx_word' id='word_1_448' title='bbox 182 3138 508 3195; x_wconf 88' lang='lat' dir='ltr'><strong>sumendas</strong></span> <span class='ocrx_word' id='word_1_449' title='bbox 536 3138 694 3193; x_wconf 88' lang='lat' dir='ltr'><strong>dare.</strong></span> <span class='ocrx_word' id='word_1_450' title='bbox 731 3138 836 3193; x_wconf 89' lang='lat' dir='ltr'><strong>hoc</strong></span> <span class='ocrx_word' id='word_1_451' title='bbox 865 3137 1018 3192; x_wconf 90' lang='lat' dir='ltr'><strong>idem</strong></span> <span class='ocrx_word' id='word_1_452' title='bbox 1052 3144 1107 3192; x_wconf 89' lang='lat' dir='ltr'><strong>et</strong></span> <span class='ocrx_word' id='word_1_453' title='bbox 1138 3135 1500 3207; x_wconf 87' lang='lat' dir='ltr'><strong>Nicephorus</strong></span> <span class='ocrx_word' id='word_1_454' title='bbox 1528 3132 1825 3190; x_wconf 86' lang='lat' dir='ltr'><strong>Callistus.</strong></span> 
     </span>
    </p>
   </div>
   <div class='ocr_carea' id='block_1_61' title="bbox 1934 3146 3580 3236">
    <p class='ocr_par' dir='ltr' id='par_1_61' title="bbox 1934 3146 3580 3236">
     <span class='ocr_line' id='line_1_62' title="bbox 1934 3146 3580 3236; baseline 0.02 -45"><span class='ocrx_word' id='word_1_455' title='bbox 1934 3154 2179 3209; x_wconf 86' lang='lat' dir='ltr'><strong>unquam</strong></span> <span class='ocrx_word' id='word_1_456' title='bbox 2213 3146 2374 3236; x_wconf 61' lang='grc' dir='ltr'>ρεαδ</span> <span class='ocrx_word' id='word_1_457' title='bbox 2429 3147 2550 3202; x_wconf 89' lang='lat' dir='ltr'><strong>sine</strong></span> <span class='ocrx_word' id='word_1_458' title='bbox 2615 3149 2915 3222; x_wconf 83' lang='lat' dir='ltr'><strong>sapientia,</strong></span> <span class='ocrx_word' id='word_1_459' title='bbox 2984 3158 3167 3225; x_wconf 83' lang='lat' dir='ltr'><strong>Igitur</strong></span> <span class='ocrx_word' id='word_1_460' title='bbox 3234 3165 3580 3236; x_wconf 69' lang='lat' dir='ltr'><strong>sempiternae</strong></span> 
     </span>
    </p>
   </div>
   <div class='ocr_carea' id='block_1_62' title="bbox 186 3229 1832 3316">
    <p class='ocr_par' dir='ltr' id='par_1_62' title="bbox 186 3229 1826 3305">
     <span class='ocr_line' id='line_1_63' title="bbox 186 3229 1826 3305; baseline -0.005 -14"><span class='ocrx_word' id='word_1_461' title='bbox 186 3235 328 3292; x_wconf 82' lang='lat' dir='ltr'><strong>Hist.</strong></span> <span class='ocrx_word' id='word_1_462' title='bbox 386 3236 527 3290; x_wconf 83' lang='lat' dir='ltr'><strong>Eccl.</strong></span> <span class='ocrx_word' id='word_1_463' title='bbox 579 3250 714 3303; x_wconf 83' lang='lat' dir='ltr'><strong>xvu,</strong></span> <span class='ocrx_word' id='word_1_464' title='bbox 746 3250 795 3289; x_wconf 93' lang='lat' dir='ltr'><strong>c.</strong></span> <span class='ocrx_word' id='word_1_465' title='bbox 829 3234 919 3305; x_wconf 86' lang='lat'><strong>25,</strong></span> <span class='ocrx_word' id='word_1_466' title='bbox 952 3236 1201 3289; x_wconf 86' lang='lat' dir='ltr'><strong>testatur</strong></span> <span class='ocrx_word' id='word_1_467' title='bbox 1240 3233 1334 3288; x_wconf 89' lang='lat' dir='ltr'><strong>his</strong></span> <span class='ocrx_word' id='word_1_468' title='bbox 1383 3232 1603 3288; x_wconf 89' lang='lat' dir='ltr'><strong>verbis:</strong></span> <span class='ocrx_word' id='word_1_469' title='bbox 1638 3229 1826 3293; x_wconf 58' lang='grc' dir='ltr'>λἚθος</span> 
     </span>
    </p>
   </div>
   <div class='ocr_carea' id='block_1_63' title="bbox 1941 3229 3579 3316">
    <p class='ocr_par' dir='ltr' id='par_1_63' title="bbox 1941 3229 3579 3316">
     <span class='ocr_line' id='line_1_64' title="bbox 1941 3229 3579 3316; baseline 0.019 -34"><span class='ocrx_word' id='word_1_470' title='bbox 1941 3242 2055 3284; x_wconf 74' lang='lat' dir='ltr'><strong>suae</strong></span> <span class='ocrx_word' id='word_1_471' title='bbox 2097 3232 2392 3301; x_wconf 72' lang='lat' dir='ltr'><strong>sapientiae</strong></span> <span class='ocrx_word' id='word_1_472' title='bbox 2454 3251 2630 3292; x_wconf 67' lang='lat' dir='ltr'><strong>causa</strong></span> <span class='ocrx_word' id='word_1_473' title='bbox 2683 3244 2762 3295; x_wconf 89' lang='lat' dir='ltr'><strong>est</strong></span> <span class='ocrx_word' id='word_1_474' title='bbox 2833 3246 3189 3316; x_wconf 85' lang='lat' dir='ltr'><strong>sempiterna.</strong></span> <span class='ocrx_word' id='word_1_475' title='bbox 3241 3229 3579 3314; x_wconf 77' lang='lat' dir='ltr'><strong>Victorinus</strong></span> 
     </span>
    </p>
   </div>
   <div class='ocr_carea' id='block_1_64' title="bbox 182 3302 1832 3410">
    <p class='ocr_par' dir='ltr' id='par_1_64' title="bbox 182 3302 1831 3396">
     <span class='ocr_line' id='line_1_65' title="bbox 182 3302 1831 3396; baseline -0.004 -18"><span class='ocrx_word' id='word_1_476' title='bbox 182 3324 514 3396; x_wconf 70' lang='grc' dir='ltr'><strong>κεκράτηκεν</strong></span> <span class='ocrx_word' id='word_1_477' title='bbox 562 3320 623 3377; x_wconf 81' lang='grc' dir='ltr'><strong>ὲκ</strong></span> <span class='ocrx_word' id='word_1_478' title='bbox 648 3302 867 3377; x_wconf 75' lang='grc' dir='ltr'>πολλάῦ</span> <span class='ocrx_word' id='word_1_479' title='bbox 1041 3318 1281 3396; x_wconf 74' lang='grc' dir='ltr'><strong>βασιλίδι</strong></span> <span class='ocrx_word' id='word_1_480' title='bbox 1337 3322 1445 3374; x_wconf 79' lang='grc' dir='ltr'>τῶν</span> <span class='ocrx_word' id='word_1_481' title='bbox 1486 3317 1724 3387; x_wconf 87' lang='grc' dir='ltr'>πόλεων,</span> <span class='ocrx_word' id='word_1_482' title='bbox 1757 3318 1831 3380; x_wconf 83' lang='grc' dir='ltr'><strong>ὡς</strong></span> 
     </span>
    </p>
   </div>
   <div class='ocr_carea' id='block_1_65' title="bbox 1941 3302 3583 3410">
    <p class='ocr_par' dir='ltr' id='par_1_65' title="bbox 1946 3302 3583 3410">
     <span class='ocr_line' id='line_1_66' title="bbox 1946 3302 3583 3410; baseline 0.02 -40"><span class='ocrx_word' id='word_1_483' title='bbox 1946 3316 2101 3410; x_wconf 77' lang='lat' dir='ltr'><strong>Afer,</strong></span> <span class='ocrx_word' id='word_1_484' title='bbox 2150 3319 2435 3379; x_wconf 85' lang='lat' dir='ltr'><strong>adversum</strong></span> <span class='ocrx_word' id='word_1_485' title='bbox 2480 3325 2677 3383; x_wconf 80' lang='lat' dir='ltr'><strong>Arium</strong></span> <span class='ocrx_word' id='word_1_486' title='bbox 2726 3329 2829 3386; x_wconf 92' lang='lat' dir='ltr'><strong>lib.</strong></span> <span class='ocrx_word' id='word_1_487' title='bbox 2864 3302 3214 3407; x_wconf 42' lang='lat' dir='ltr'><strong>1:..‘Equalis</strong></span> 
     </span>
    </p>
   </div>
   <div class='ocr_carea' id='block_1_66' title="bbox 185 3407 1835 3487">
    <p class='ocr_par' dir='ltr' id='par_1_66' title="bbox 185 3407 1835 3487">
     <span class='ocr_line' id='line_1_67' title="bbox 185 3407 1835 3487; baseline -0.003 -21"><span class='ocrx_word' id='word_1_488' title='bbox 185 3408 405 3466; x_wconf 76' lang='grc' dir='ltr'>ἐπειδάν</span> <span class='ocrx_word' id='word_1_489' title='bbox 463 3408 612 3466; x_wconf 82' lang='grc' dir='ltr'>πολῦ</span> <span class='ocrx_word' id='word_1_490' title='bbox 668 3432 720 3465; x_wconf 87' lang='grc' dir='ltr'>τι</span> <span class='ocrx_word' id='word_1_491' title='bbox 790 3414 900 3465; x_wconf 80' lang='grc' dir='ltr'><strong>τῶν</strong></span> <span class='ocrx_word' id='word_1_492' title='bbox 960 3407 1196 3487; x_wconf 80' lang='grc' dir='ltr'>μερίδων</span> <span class='ocrx_word' id='word_1_493' title='bbox 1253 3414 1350 3463; x_wconf 79' lang='grc' dir='ltr'>τοῦ</span> <span class='ocrx_word' id='word_1_494' title='bbox 1418 3407 1689 3484; x_wconf 82' lang='grc' dir='ltr'>ἀχράντου</span> <span class='ocrx_word' id='word_1_495' title='bbox 1744 3407 1835 3462; x_wconf 80' lang='grc' dir='ltr'>καὶ</span> 
     </span>
    </p>
   </div>
   <div class='ocr_carea' id='block_1_67' title="bbox 187 3498 1834 3575">
    <p class='ocr_par' dir='ltr' id='par_1_67' title="bbox 187 3498 1834 3575">
     <span class='ocr_line' id='line_1_68' title="bbox 187 3498 1834 3575; baseline -0.003 -19"><span class='ocrx_word' id='word_1_496' title='bbox 187 3500 340 3565; x_wconf 76' lang='grc' dir='ltr'>θείου</span> <span class='ocrx_word' id='word_1_497' title='bbox 368 3499 621 3573; x_wconf 84' lang='grc' dir='ltr'>σώματος</span> <span class='ocrx_word' id='word_1_498' title='bbox 674 3503 773 3555; x_wconf 74' lang='grc' dir='ltr'><strong>τοῖ’)</strong></span> <span class='ocrx_word' id='word_1_499' title='bbox 826 3500 1025 3575; x_wconf 73' lang='grc' dir='ltr'>Κυρίου</span> <span class='ocrx_word' id='word_1_500' title='bbox 1081 3498 1172 3555; x_wconf 79' lang='grc' dir='ltr'>καὶ</span> <span class='ocrx_word' id='word_1_501' title='bbox 1232 3498 1365 3555; x_wconf 75' lang='grc' dir='ltr'>Θεοῦ</span> <span class='ocrx_word' id='word_1_502' title='bbox 1422 3499 1510 3553; x_wconf 80' lang='grc' dir='ltr'>καὶ</span> <span class='ocrx_word' id='word_1_503' title='bbox 1574 3499 1834 3570; x_wconf 80' lang='grc' dir='ltr'>Σωτήρος</span> 
     </span>
    </p>
   </div>
   <div class='ocr_carea' id='block_1_68' title="bbox 183 3585 1837 3664">
    <p class='ocr_par' dir='ltr' id='par_1_68' title="bbox 183 3585 1837 3664">
     <span class='ocr_line' id='line_1_69' title="bbox 183 3585 1837 3664; baseline -0.001 -21"><span class='ocrx_word' id='word_1_504' title='bbox 183 3593 351 3663; x_wconf 69' lang='grc' dir='ltr'>ἡμῶν</span> <span class='ocrx_word' id='word_1_505' title='bbox 410 3591 593 3661; x_wconf 78' lang='grc' dir='ltr'>Ἰησοῦ</span> <span class='ocrx_word' id='word_1_506' title='bbox 640 3591 883 3664; x_wconf 80' lang='grc' dir='ltr'>Χριστοῦ</span> <span class='ocrx_word' id='word_1_507' title='bbox 958 3588 1412 3663; x_wconf 76' lang='grc' dir='ltr'>ἐναπολειφθείη,</span> <span class='ocrx_word' id='word_1_508' title='bbox 1474 3585 1837 3661; x_wconf 77' lang='grc' dir='ltr'><strong>μιταστὲλλε-</strong></span> 
     </span>
    </p>
   </div>
   <div class='ocr_carea' id='block_1_69' title="bbox 186 3674 1834 3757">
    <p class='ocr_par' dir='ltr' id='par_1_69' title="bbox 186 3674 1834 3757">
     <span class='ocr_line' id='line_1_70' title="bbox 186 3674 1834 3757; baseline -0.002 -23"><span class='ocrx_word' id='word_1_509' title='bbox 186 3681 314 3734; x_wconf 77' lang='grc' dir='ltr'>σθαι</span> <span class='ocrx_word' id='word_1_510' title='bbox 343 3679 479 3741; x_wconf 79' lang='grc' dir='ltr'>τοὺς</span> <span class='ocrx_word' id='word_1_511' title='bbox 503 3680 681 3755; x_wconf 69' lang='grc' dir='ltr'>ἱερέας</span> <span class='ocrx_word' id='word_1_512' title='bbox 709 3676 905 3743; x_wconf 83' lang='grc' dir='ltr'>παῖδας</span> <span class='ocrx_word' id='word_1_513' title='bbox 939 3680 1209 3757; x_wconf 76' lang='grc' dir='ltr'>ἀφθόρους</span> <span class='ocrx_word' id='word_1_514' title='bbox 1252 3678 1311 3733; x_wconf 73' lang='grc' dir='ltr'><strong>ἐκ</strong></span> <span class='ocrx_word' id='word_1_515' title='bbox 1355 3677 1523 3740; x_wconf 77' lang='grc' dir='ltr'>τῶνὶς</span> <span class='ocrx_word' id='word_1_516' title='bbox 1570 3674 1834 3753; x_wconf 81' lang='grc' dir='ltr'>χαμαιδι-</span> 
     </span>
    </p>
   </div>
   <div class='ocr_carea' id='block_1_70' title="bbox 188 3766 1835 3847">
    <p class='ocr_par' dir='ltr' id='par_1_70' title="bbox 188 3766 1835 3847">
     <span class='ocr_line' id='line_1_71' title="bbox 188 3766 1835 3847; baseline -0.002 -22"><span class='ocrx_word' id='word_1_517' title='bbox 188 3767 466 3825; x_wconf 70' lang='grc' dir='ltr'>δασκάλου</span> <span class='ocrx_word' id='word_1_518' title='bbox 519 3769 852 3847; x_wconf 78' lang='grc' dir='ltr'>φοιτώντων,</span> <span class='ocrx_word' id='word_1_519' title='bbox 911 3769 1000 3823; x_wconf 83' lang='grc' dir='ltr'><strong>καὶ</strong></span> <span class='ocrx_word' id='word_1_520' title='bbox 1054 3768 1251 3830; x_wconf 75' lang='grc' dir='ltr'>ταύτας</span> <span class='ocrx_word' id='word_1_521' title='bbox 1299 3770 1510 3839; x_wconf 78' lang='grc' dir='ltr'>νήστεις</span> <span class='ocrx_word' id='word_1_522' title='bbox 1559 3768 1773 3831; x_wconf 76' lang='grc' dir='ltr'>ἐσθίειν.</span> <span class='ocrx_word' id='word_1_523' title='bbox 1806 3766 1835 3821; x_wconf 78' lang='grc' dir='ltr'>ὃ</span> 
     </span>
    </p>
   </div>
   <div class='ocr_carea' id='block_1_71' title="bbox 188 3852 1837 3933">
    <p class='ocr_par' dir='ltr' id='par_1_71' title="bbox 188 3852 1837 3933">
     <span class='ocr_line' id='line_1_72' title="bbox 188 3852 1837 3933; baseline -0.001 -21"><span class='ocrx_word' id='word_1_524' title='bbox 188 3856 257 3929; x_wconf 80' lang='grc' dir='ltr'>δὴ</span> <span class='ocrx_word' id='word_1_525' title='bbox 290 3858 381 3913; x_wconf 76' lang='grc' dir='ltr'><strong>καὶ</strong></span> <span class='ocrx_word' id='word_1_526' title='bbox 413 3857 538 3931; x_wconf 73' lang='grc' dir='ltr'>ἆμοὶ</span> <span class='ocrx_word' id='word_1_527' title='bbox 585 3856 859 3921; x_wconf 73' lang='grc' dir='ltr'>πολλάκις</span> <span class='ocrx_word' id='word_1_528' title='bbox 909 3857 1154 3933; x_wconf 76' lang='grc' dir='ltr'>νεωτέρῳ</span> <span class='ocrx_word' id='word_1_529' title='bbox 1200 3856 1406 3931; x_wconf 78' lang='grc' dir='ltr'>κομιδή</span> <span class='ocrx_word' id='word_1_530' title='bbox 1450 3877 1512 3933; x_wconf 80' lang='grc' dir='ltr'><strong>γε</strong></span> <span class='ocrx_word' id='word_1_531' title='bbox 1562 3852 1677 3911; x_wconf 74' lang='grc' dir='ltr'>ὄντι</span> <span class='ocrx_word' id='word_1_532' title='bbox 1717 3854 1837 3910; x_wconf 76' lang='grc' dir='ltr'><strong>ἐπι-</strong></span> 
     </span>
    </p>
   </div>
   <div class='ocr_carea' id='block_1_72' title="bbox 182 3942 1837 4023">
    <p class='ocr_par' dir='ltr' id='par_1_72' title="bbox 182 3942 1837 4023">
     <span class='ocr_line' id='line_1_73' title="bbox 182 3942 1837 4023; baseline 0.001 -21"><span class='ocrx_word' id='word_1_533' title='bbox 182 3942 383 4019; x_wconf 74' lang='grc' dir='ltr'>συνέϐη</span> <span class='ocrx_word' id='word_1_534' title='bbox 416 3949 685 4023; x_wconf 81' lang='grc' dir='ltr'>γενεσθαι,</span> <span class='ocrx_word' id='word_1_535' title='bbox 703 3954 855 4018; x_wconf 90' lang='lat' dir='ltr'><strong>etc.;</strong></span> <span class='ocrx_word' id='word_1_536' title='bbox 893 3948 1234 4005; x_wconf 81' lang='lat' dir='ltr'><strong>Consuetudo</strong></span> <span class='ocrx_word' id='word_1_537' title='bbox 1291 3966 1325 4003; x_wconf 89' lang='lat' dir='ltr'><strong>a</strong></span> <span class='ocrx_word' id='word_1_538' title='bbox 1372 3950 1540 4005; x_wconf 84' lang='lat' dir='ltr'><strong>multo</strong></span> <span class='ocrx_word' id='word_1_539' title='bbox 1599 3959 1837 4020; x_wconf 86' lang='lat' dir='ltr'><strong>tempore</strong></span> 
     </span>
    </p>
   </div>
   <div class='ocr_carea' id='block_1_73' title="bbox 180 4038 1835 4111">
    <p class='ocr_par' dir='ltr' id='par_1_73' title="bbox 180 4038 1835 4111">
     <span class='ocr_line' id='line_1_74' title="bbox 180 4038 1835 4111; baseline 0.001 -17"><span class='ocrx_word' id='word_1_540' title='bbox 180 4039 488 4111; x_wconf 81' lang='lat' dir='ltr'><strong>imperanti</strong></span> <span class='ocrx_word' id='word_1_541' title='bbox 516 4039 646 4094; x_wconf 83' lang='lat' dir='ltr'><strong>urbi</strong></span> <span class='ocrx_word' id='word_1_542' title='bbox 671 4040 803 4109; x_wconf 75' lang='lat' dir='ltr'><strong>fuit,</strong></span> <span class='ocrx_word' id='word_1_543' title='bbox 871 4041 931 4093; x_wconf 89' lang='lat' dir='ltr'><strong>ut</strong></span> <span class='ocrx_word' id='word_1_544' title='bbox 950 4055 1073 4093; x_wconf 88' lang='lat' dir='ltr'><strong>cum</strong></span> <span class='ocrx_word' id='word_1_545' title='bbox 1099 4040 1420 4111; x_wconf 87' lang='lat' dir='ltr'><strong>plusculum</strong></span> <span class='ocrx_word' id='word_1_546' title='bbox 1466 4038 1533 4093; x_wconf 89' lang='lat' dir='ltr'><strong>de</strong></span> <span class='ocrx_word' id='word_1_547' title='bbox 1584 4038 1835 4110; x_wconf 87' lang='lat' dir='ltr'><strong>partibus</strong></span> 
     </span>
    </p>
   </div>
   <div class='ocr_carea' id='block_1_74' title="bbox 181 4127 1834 4200">
    <p class='ocr_par' dir='ltr' id='par_1_74' title="bbox 181 4127 1834 4200">
     <span class='ocr_line' id='line_1_75' title="bbox 181 4127 1834 4200; baseline -0.001 -15"><span class='ocrx_word' id='word_1_548' title='bbox 181 4127 537 4185; x_wconf 85' lang='lat' dir='ltr'><strong>immaculati</strong></span> <span class='ocrx_word' id='word_1_549' title='bbox 555 4127 847 4200; x_wconf 84' lang='lat' dir='ltr'><strong>divinique</strong></span> <span class='ocrx_word' id='word_1_550' title='bbox 872 4129 1119 4197; x_wconf 88' lang='lat' dir='ltr'><strong>corporis</strong></span> <span class='ocrx_word' id='word_1_551' title='bbox 1150 4129 1373 4183; x_wconf 85' lang='lat' dir='ltr'><strong>Domini</strong></span> <span class='ocrx_word' id='word_1_552' title='bbox 1400 4133 1453 4184; x_wconf 87' lang='lat' dir='ltr'><strong>et</strong></span> <span class='ocrx_word' id='word_1_553' title='bbox 1488 4130 1583 4183; x_wconf 91' lang='lat' dir='ltr'><strong>Dei</strong></span> <span class='ocrx_word' id='word_1_554' title='bbox 1610 4137 1661 4184; x_wconf 89' lang='lat' dir='ltr'><strong>et</strong></span> <span class='ocrx_word' id='word_1_555' title='bbox 1705 4128 1834 4184; x_wconf 87' lang='lat' dir='ltr'><strong>Scr-</strong></span> 
     </span>
    </p>
   </div>
   <div class='ocr_carea' id='block_1_75' title="bbox 175 4216 1835 4289">
    <p class='ocr_par' dir='ltr' id='par_1_75' title="bbox 175 4216 1835 4289">
     <span class='ocr_line' id='line_1_76' title="bbox 175 4216 1835 4289; baseline -0.002 -14"><span class='ocrx_word' id='word_1_556' title='bbox 175 4221 391 4275; x_wconf 82' lang='lat' dir='ltr'><strong>vatoris</strong></span> <span class='ocrx_word' id='word_1_557' title='bbox 419 4218 603 4274; x_wconf 81' lang='lat' dir='ltr'><strong>nostri</strong></span> <span class='ocrx_word' id='word_1_558' title='bbox 627 4219 755 4273; x_wconf 80' lang='lat' dir='ltr'><strong>Iesu</strong></span> <span class='ocrx_word' id='word_1_559' title='bbox 787 4216 998 4273; x_wconf 82' lang='lat' dir='ltr'><strong>Christi</strong></span> <span class='ocrx_word' id='word_1_560' title='bbox 1026 4219 1302 4289; x_wconf 87' lang='lat' dir='ltr'><strong>reliquum</strong></span> <span class='ocrx_word' id='word_1_561' title='bbox 1328 4223 1482 4287; x_wconf 83' lang='lat' dir='ltr'><strong>esset,</strong></span> <span class='ocrx_word' id='word_1_562' title='bbox 1522 4219 1835 4273; x_wconf 80' lang='lat' dir='ltr'><strong>sacerdotes</strong></span> 
     </span>
    </p>
   </div>
   <div class='ocr_carea' id='block_1_76' title="bbox 171 4305 1833 4382">
    <p class='ocr_par' dir='ltr' id='par_1_76' title="bbox 171 4305 1833 4382">
     <span class='ocr_line' id='line_1_77' title="bbox 171 4305 1833 4382; baseline 0.001 -19"><span class='ocrx_word' id='word_1_563' title='bbox 171 4324 384 4382; x_wconf 82' lang='lat' dir='ltr'><strong>pueros</strong></span> <span class='ocrx_word' id='word_1_564' title='bbox 410 4309 762 4378; x_wconf 78' lang='lat' dir='ltr'><strong>incorruptos</strong></span> <span class='ocrx_word' id='word_1_565' title='bbox 793 4322 864 4362; x_wconf 74' lang='lat' dir='ltr'><strong>ex</strong></span> <span class='ocrx_word' id='word_1_566' title='bbox 902 4305 987 4368; x_wconf 18' lang='lat' dir='ltr'><strong>iis,</strong></span> <span class='ocrx_word' id='word_1_567' title='bbox 1017 4306 1114 4379; x_wconf 86' lang='lat' dir='ltr'><strong>qui</strong></span> <span class='ocrx_word' id='word_1_568' title='bbox 1171 4307 1241 4362; x_wconf 87' lang='lat' dir='ltr'><strong>ad</strong></span> <span class='ocrx_word' id='word_1_569' title='bbox 1268 4317 1653 4379; x_wconf 69' lang='lat' dir='ltr'><strong>praeceptorem</strong></span> <span class='ocrx_word' id='word_1_570' title='bbox 1690 4307 1833 4380; x_wconf 82' lang='lat' dir='ltr'><strong>infc-</strong></span> 
     </span>
    </p>
   </div>
   <div class='ocr_carea' id='block_1_77' title="bbox 171 4396 1830 4469">
    <p class='ocr_par' dir='ltr' id='par_1_77' title="bbox 171 4396 1830 4469">
     <span class='ocr_line' id='line_1_78' title="bbox 171 4396 1830 4469; baseline -0.001 -14"><span class='ocrx_word' id='word_1_571' title='bbox 171 4399 351 4455; x_wconf 75' lang='lat' dir='ltr'><strong>riori:</strong></span> <span class='ocrx_word' id='word_1_572' title='bbox 386 4396 517 4453; x_wconf 88' lang='lat' dir='ltr'><strong>ludi</strong></span> <span class='ocrx_word' id='word_1_573' title='bbox 544 4412 673 4452; x_wconf 89' lang='lat' dir='ltr'><strong>eum</strong></span> <span class='ocrx_word' id='word_1_574' title='bbox 699 4401 1059 4465; x_wconf 83' lang='lat' dir='ltr'><strong>accerserent,</strong></span> <span class='ocrx_word' id='word_1_575' title='bbox 1091 4398 1187 4468; x_wconf 90' lang='lat' dir='ltr'><strong>qui</strong></span> <span class='ocrx_word' id='word_1_576' title='bbox 1205 4397 1419 4469; x_wconf 78' lang='lat' dir='ltr'><strong>jejunii</strong></span> <span class='ocrx_word' id='word_1_577' title='bbox 1449 4397 1715 4469; x_wconf 81' lang='lat' dir='ltr'><strong>reliquias</strong></span> <span class='ocrx_word' id='word_1_578' title='bbox 1742 4414 1830 4453; x_wconf 90' lang='lat' dir='ltr'><strong>eas</strong></span> 
     </span>
    </p>
   </div>
   <div class='ocr_carea' id='block_1_78' title="bbox 175 4483 1825 4558">
    <p class='ocr_par' dir='ltr' id='par_1_78' title="bbox 175 4483 1825 4558">
     <span class='ocr_line' id='line_1_79' title="bbox 175 4483 1825 4558; baseline 0 -15"><span class='ocrx_word' id='word_1_579' title='bbox 175 4486 419 4543; x_wconf 80' lang='lat' dir='ltr'><strong>ederent.</strong></span> <span class='ocrx_word' id='word_1_580' title='bbox 484 4483 635 4553; x_wconf 83' lang='lat' dir='ltr'><strong>Quod</strong></span> <span class='ocrx_word' id='word_1_581' title='bbox 691 4484 910 4556; x_wconf 86' lang='lat' dir='ltr'><strong>quidem</strong></span> <span class='ocrx_word' id='word_1_582' title='bbox 955 4486 1099 4540; x_wconf 86' lang='lat' dir='ltr'><strong>mihi</strong></span> <span class='ocrx_word' id='word_1_583' title='bbox 1151 4502 1365 4557; x_wconf 88' lang='lat' dir='ltr'><strong>quoque</strong></span> <span class='ocrx_word' id='word_1_584' title='bbox 1444 4503 1825 4558; x_wconf 85' lang='lat' dir='ltr'><strong>sapenumero,</strong></span> 
     </span>
    </p>
   </div>
   <div class='ocr_carea' id='block_1_79' title="bbox 174 4574 1822 4645">
    <p class='ocr_par' dir='ltr' id='par_1_79' title="bbox 174 4574 1822 4645">
     <span class='ocr_line' id='line_1_80' title="bbox 174 4574 1822 4645; baseline 0.001 -13"><span class='ocrx_word' id='word_1_585' title='bbox 174 4594 307 4632; x_wconf 88' lang='lat' dir='ltr'><strong>cum</strong></span> <span class='ocrx_word' id='word_1_586' title='bbox 340 4591 481 4643; x_wconf 87' lang='lat' dir='ltr'><strong>puer</strong></span> <span class='ocrx_word' id='word_1_587' title='bbox 509 4574 802 4631; x_wconf 85' lang='lat' dir='ltr'><strong>admodum</strong></span> <span class='ocrx_word' id='word_1_588' title='bbox 827 4590 1019 4645; x_wconf 88' lang='lat' dir='ltr'><strong>essem,</strong></span> <span class='ocrx_word' id='word_1_589' title='bbox 1050 4576 1300 4645; x_wconf 88' lang='lat' dir='ltr'><strong>contigit.</strong></span> <span class='ocrx_word' id='word_1_590' title='bbox 1349 4576 1453 4632; x_wconf 89' lang='lat' dir='ltr'><strong>Hic</strong></span> <span class='ocrx_word' id='word_1_591' title='bbox 1508 4576 1822 4645; x_wconf 90' lang='lat' dir='ltr'><strong>Callistus;</strong></span> 
     </span>
    </p>
   </div>
   <div class='ocr_carea' id='block_1_80' title="bbox 1943 3405 3583 3499">
    <p class='ocr_par' dir='ltr' id='par_1_80' title="bbox 1943 3405 3583 3499">
     <span class='ocr_line' id='line_1_81' title="bbox 1943 3405 3583 3499; baseline 0.02 -39"><span class='ocrx_word' id='word_1_592' title='bbox 1943 3405 2156 3499; x_wconf 12' lang='lat' dir='ltr'><strong>major,</strong></span> <span class='ocrx_word' id='word_1_593' title='bbox 2181 3410 2362 3499; x_wconf 85' lang='lat' dir='ltr'><strong>Pater,</strong></span> <span class='ocrx_word' id='word_1_594' title='bbox 2404 3414 2546 3485; x_wconf 87' lang='lat' dir='ltr'><strong>quod</strong></span> <span class='ocrx_word' id='word_1_595' title='bbox 2575 3417 2695 3489; x_wconf 87' lang='lat' dir='ltr'><strong>ipse</strong></span> <span class='ocrx_word' id='word_1_596' title='bbox 2737 3418 2885 3477; x_wconf 77' lang='lat' dir='ltr'><strong>dedit</strong></span> <span class='ocrx_word' id='word_1_597' title='bbox 2933 3405 3047 3495; x_wconf 82' lang='lat' dir='ltr'><strong>ipsi</strong></span> <span class='ocrx_word' id='word_1_598' title='bbox 3087 3428 3292 3499; x_wconf 82' lang='lat' dir='ltr'><strong>omnia,</strong></span> <span class='ocrx_word' id='word_1_599' title='bbox 3321 3436 3376 3489; x_wconf 85' lang='lat' dir='ltr'><strong>et</strong></span> <span class='ocrx_word' id='word_1_600' title='bbox 3416 3405 3583 3493; x_wconf 74' lang='lat' dir='ltr'><strong>causa</strong></span> 
     </span>
    </p>
   </div>
   <div class='ocr_carea' id='block_1_81' title="bbox 1944 3495 3579 3582">
    <p class='ocr_par' dir='ltr' id='par_1_81' title="bbox 1944 3495 3579 3582">
     <span class='ocr_line' id='line_1_82' title="bbox 1944 3495 3579 3582; baseline 0.02 -32"><span class='ocrx_word' id='word_1_601' title='bbox 1944 3503 2026 3551; x_wconf 87' lang='lat' dir='ltr'><strong>est</strong></span> <span class='ocrx_word' id='word_1_602' title='bbox 2044 3495 2157 3568; x_wconf 88' lang='lat' dir='ltr'><strong>ipsi</strong></span> <span class='ocrx_word' id='word_1_603' title='bbox 2180 3498 2331 3555; x_wconf 80' lang='lat' dir='ltr'><strong>Ftlio</strong></span> <span class='ocrx_word' id='word_1_604' title='bbox 2360 3510 2420 3557; x_wconf 83' lang='lat' dir='ltr'><strong>ut</strong></span> <span class='ocrx_word' id='word_1_605' title='bbox 2454 3503 2547 3571; x_wconf 88' lang='lat' dir='ltr'><strong>sit,</strong></span> <span class='ocrx_word' id='word_1_606' title='bbox 2594 3510 2654 3561; x_wconf 87' lang='lat' dir='ltr'><strong>ut</strong></span> <span class='ocrx_word' id='word_1_607' title='bbox 2702 3508 2805 3564; x_wconf 89' lang='lat' dir='ltr'><strong>isto</strong></span> <span class='ocrx_word' id='word_1_608' title='bbox 2838 3511 2993 3569; x_wconf 88' lang='lat' dir='ltr'><strong>modo</strong></span> <span class='ocrx_word' id='word_1_609' title='bbox 3027 3515 3122 3571; x_wconf 86' lang='lat' dir='ltr'><strong>sit.</strong></span> <span class='ocrx_word' id='word_1_610' title='bbox 3183 3495 3377 3577; x_wconf 85' lang='lat' dir='ltr'><strong>Utitur</strong></span> <span class='ocrx_word' id='word_1_611' title='bbox 3415 3528 3474 3579; x_wconf 91' lang='lat' dir='ltr'><strong>et</strong></span> <span class='ocrx_word' id='word_1_612' title='bbox 3521 3525 3579 3582; x_wconf 86' lang='lat' dir='ltr'><strong>S.</strong></span> 
     </span>
    </p>
   </div>
   <div class='ocr_carea' id='block_1_82' title="bbox 1945 3588 3585 3672">
    <p class='ocr_par' dir='ltr' id='par_1_82' title="bbox 1945 3588 3585 3672">
     <span class='ocr_line' id='line_1_83' title="bbox 1945 3588 3585 3672; baseline 0.02 -31"><span class='ocrx_word' id='word_1_613' title='bbox 1945 3588 2262 3647; x_wconf 81' lang='lat' dir='ltr'><strong>Anselmus</strong></span> <span class='ocrx_word' id='word_1_614' title='bbox 2290 3596 2347 3648; x_wconf 89' lang='lat' dir='ltr'><strong>et</strong></span> <span class='ocrx_word' id='word_1_615' title='bbox 2378 3593 2706 3654; x_wconf 83' lang='lat' dir='ltr'><strong>Richardus</strong></span> <span class='ocrx_word' id='word_1_616' title='bbox 2751 3601 3079 3661; x_wconf 87' lang='lat' dir='ltr'><strong>Victorinus</strong></span> <span class='ocrx_word' id='word_1_617' title='bbox 3112 3606 3221 3665; x_wconf 88' lang='lat' dir='ltr'><strong>hoc</strong></span> <span class='ocrx_word' id='word_1_618' title='bbox 3298 3615 3469 3671; x_wconf 92' lang='lat' dir='ltr'><strong>modo</strong></span> <span class='ocrx_word' id='word_1_619' title='bbox 3497 3614 3585 3672; x_wconf 86' lang='lat' dir='ltr'><strong>lo-</strong></span> 
     </span>
    </p>
   </div>
   <div class='ocr_carea' id='block_1_83' title="bbox 1945 3678 3583 3765">
    <p class='ocr_par' dir='ltr' id='par_1_83' title="bbox 1945 3678 3583 3765">
     <span class='ocr_line' id='line_1_84' title="bbox 1945 3678 3583 3765; baseline 0.02 -34"><span class='ocrx_word' id='word_1_620' title='bbox 1945 3678 2181 3748; x_wconf 87' lang='lat' dir='ltr'><strong>quendi.</strong></span> <span class='ocrx_word' id='word_1_621' title='bbox 2214 3681 2488 3745; x_wconf 88' lang='lat' dir='ltr'><strong>Quamvis</strong></span> <span class='ocrx_word' id='word_1_622' title='bbox 2517 3689 2574 3741; x_wconf 90' lang='lat' dir='ltr'><strong>S.</strong></span> <span class='ocrx_word' id='word_1_623' title='bbox 2599 3687 2852 3747; x_wconf 87' lang='lat' dir='ltr'><strong>Thomas</strong></span> <span class='ocrx_word' id='word_1_624' title='bbox 2883 3692 3096 3765; x_wconf 88' lang='lat' dir='ltr'><strong>Opusc.</strong></span> <span class='ocrx_word' id='word_1_625' title='bbox 3129 3703 3332 3757; x_wconf 89' lang='lat' dir='ltr'><strong>contra</strong></span> <span class='ocrx_word' id='word_1_626' title='bbox 3360 3702 3583 3763; x_wconf 70' lang='lat' dir='ltr'><strong>Graecos</strong></span> 
     </span>
    </p>
   </div>
   <div class='ocr_carea' id='block_1_84' title="bbox 1945 3770 3585 3861">
    <p class='ocr_par' dir='ltr' id='par_1_84' title="bbox 1945 3770 3585 3861">
     <span class='ocr_line' id='line_1_85' title="bbox 1945 3770 3585 3861; baseline 0.02 -41"><span class='ocrx_word' id='word_1_627' title='bbox 1945 3782 2074 3861; x_wconf 70' lang='lat' dir='ltr'><strong>cap.</strong></span> <span class='ocrx_word' id='word_1_628' title='bbox 2102 3770 2152 3835; x_wconf 82' lang='grc'><strong>1,</strong></span> <span class='ocrx_word' id='word_1_629' title='bbox 2186 3770 2334 3861; x_wconf 67' lang='lat' dir='ltr'><strong>etin</strong></span> <span class='ocrx_word' id='word_1_630' title='bbox 2367 3772 2612 3831; x_wconf 88' lang='lat' dir='ltr'><strong>Summa</strong></span> <span class='ocrx_word' id='word_1_631' title='bbox 2645 3778 2671 3832; x_wconf 86' lang='grc'><strong>1</strong></span> <span class='ocrx_word' id='word_1_632' title='bbox 2709 3795 2765 3849; x_wconf 93' lang='lat' dir='ltr'><strong>p.</strong></span> <span class='ocrx_word' id='word_1_633' title='bbox 2798 3791 2979 3852; x_wconf 61' lang='lat' dir='ltr'><strong>quaest</strong></span> <span class='ocrx_word' id='word_1_634' title='bbox 3009 3784 3098 3853; x_wconf 90' lang='lat'><strong>33,</strong></span> <span class='ocrx_word' id='word_1_635' title='bbox 3131 3792 3243 3843; x_wconf 90' lang='lat' dir='ltr'><strong>art.</strong></span> <span class='ocrx_word' id='word_1_636' title='bbox 3304 3792 3350 3861; x_wconf 89' lang='lat' dir='ltr'><strong>l,</strong></span> <span class='ocrx_word' id='word_1_637' title='bbox 3383 3798 3443 3849; x_wconf 88' lang='lat' dir='ltr'><strong>et</strong></span> <span class='ocrx_word' id='word_1_638' title='bbox 3472 3795 3585 3852; x_wconf 86' lang='lat' dir='ltr'><strong>Eu-</strong></span> 
     </span>
    </p>
   </div>
   <div class='ocr_carea' id='block_1_85' title="bbox 1945 3856 3584 3947">
    <p class='ocr_par' dir='ltr' id='par_1_85' title="bbox 1945 3856 3584 3947">
     <span class='ocr_line' id='line_1_86' title="bbox 1945 3856 3584 3947; baseline 0.02 -37"><span class='ocrx_word' id='word_1_639' title='bbox 1945 3856 2153 3947; x_wconf 80' lang='lat' dir='ltr'><strong>genius</strong></span> <span class='ocrx_word' id='word_1_640' title='bbox 2182 3858 2277 3930; x_wconf 89' lang='lat' dir='ltr'><strong>IV,</strong></span> <span class='ocrx_word' id='word_1_641' title='bbox 2309 3861 2366 3916; x_wconf 91' lang='lat' dir='ltr'><strong>in</strong></span> <span class='ocrx_word' id='word_1_642' title='bbox 2398 3864 2606 3923; x_wconf 88' lang='lat' dir='ltr'><strong>concil.</strong></span> <span class='ocrx_word' id='word_1_643' title='bbox 2632 3866 2886 3927; x_wconf 86' lang='lat' dir='ltr'><strong>Floreat.</strong></span> <span class='ocrx_word' id='word_1_644' title='bbox 2919 3871 3004 3944; x_wconf 87' lang='lat' dir='ltr'><strong>(P.</strong></span> <span class='ocrx_word' id='word_1_645' title='bbox 3023 3873 3149 3947; x_wconf 83' lang='lat'><strong>365)</strong></span> <span class='ocrx_word' id='word_1_646' title='bbox 3180 3875 3239 3933; x_wconf 90' lang='lat' dir='ltr'><strong>in</strong></span> <span class='ocrx_word' id='word_1_647' title='bbox 3271 3856 3358 3937; x_wconf 74' lang='lat' dir='ltr'><strong>lit.</strong></span> <span class='ocrx_word' id='word_1_648' title='bbox 3392 3881 3501 3940; x_wconf 88' lang='lat' dir='ltr'><strong>Un.</strong></span> <span class='ocrx_word' id='word_1_649' title='bbox 3525 3890 3584 3942; x_wconf 92' lang='lat' dir='ltr'><strong>et</strong></span> 
     </span>
    </p>
   </div>
   <div class='ocr_carea' id='block_1_86' title="bbox 1943 3944 3586 4037">
    <p class='ocr_par' dir='ltr' id='par_1_86' title="bbox 1943 3944 3586 4037">
     <span class='ocr_line' id='line_1_87' title="bbox 1943 3944 3586 4037; baseline 0.018 -36"><span class='ocrx_word' id='word_1_650' title='bbox 1943 3944 2098 4003; x_wconf 91' lang='lat' dir='ltr'><strong>idem</strong></span> <span class='ocrx_word' id='word_1_651' title='bbox 2131 3949 2445 4008; x_wconf 89' lang='lat' dir='ltr'><strong>concilium</strong></span> <span class='ocrx_word' id='word_1_652' title='bbox 2478 3971 2624 4013; x_wconf 82' lang='lat' dir='ltr'><strong>sese.</strong></span> <span class='ocrx_word' id='word_1_653' title='bbox 2662 3958 2748 4029; x_wconf 82' lang='lat' dir='ltr'><strong>l5,</strong></span> <span class='ocrx_word' id='word_1_654' title='bbox 2780 3959 3048 4033; x_wconf 90' lang='lat' dir='ltr'><strong>doceant,</strong></span> <span class='ocrx_word' id='word_1_655' title='bbox 3081 3944 3234 4037; x_wconf 85' lang='lat' dir='ltr'><strong>quod</strong></span> <span class='ocrx_word' id='word_1_656' title='bbox 3259 3968 3586 4030; x_wconf 56' lang='lat' dir='ltr'><strong>Graecicau-</strong></span> 
     </span>
    </p>
   </div>
   <div class='ocr_carea' id='block_1_87' title="bbox 1943 4038 3584 4121">
    <p class='ocr_par' dir='ltr' id='par_1_87' title="bbox 1943 4038 3584 4121">
     <span class='ocr_line' id='line_1_88' title="bbox 1943 4038 3584 4121; baseline 0.018 -30"><span class='ocrx_word' id='word_1_657' title='bbox 1943 4052 2064 4091; x_wconf 88' lang='lat' dir='ltr'><strong>sam</strong></span> <span class='ocrx_word' id='word_1_658' title='bbox 2095 4038 2153 4092; x_wconf 91' lang='lat' dir='ltr'><strong>in</strong></span> <span class='ocrx_word' id='word_1_659' title='bbox 2204 4039 2491 4099; x_wconf 90' lang='lat' dir='ltr'><strong>Trinitate</strong></span> <span class='ocrx_word' id='word_1_660' title='bbox 2544 4046 2864 4118; x_wconf 89' lang='lat' dir='ltr'><strong>appellant,</strong></span> <span class='ocrx_word' id='word_1_661' title='bbox 2900 4068 2932 4107; x_wconf 91' lang='lat' dir='ltr'><strong>a</strong></span> <span class='ocrx_word' id='word_1_662' title='bbox 2978 4053 3202 4113; x_wconf 89' lang='lat' dir='ltr'><strong>Latinis</strong></span> <span class='ocrx_word' id='word_1_663' title='bbox 3232 4063 3499 4120; x_wconf 84' lang='lat' dir='ltr'><strong>securius</strong></span> <span class='ocrx_word' id='word_1_664' title='bbox 3530 4074 3584 4121; x_wconf 91' lang='lat' dir='ltr'><strong>et</strong></span> 
     </span>
    </p>
   </div>
   <div class='ocr_carea' id='block_1_88' title="bbox 1946 4126 2684 4203">
    <p class='ocr_par' dir='ltr' id='par_1_88' title="bbox 1946 4126 2684 4203">
     <span class='ocr_line' id='line_1_89' title="bbox 1946 4126 2684 4203; baseline 0.014 -24"><span class='ocrx_word' id='word_1_665' title='bbox 1946 4126 2158 4183; x_wconf 84' lang='lat' dir='ltr'><strong>melius</strong></span> <span class='ocrx_word' id='word_1_666' title='bbox 2185 4130 2527 4203; x_wconf 85' lang='lat' dir='ltr'><strong>principium</strong></span> <span class='ocrx_word' id='word_1_667' title='bbox 2552 4136 2684 4191; x_wconf 90' lang='lat' dir='ltr'><strong>dici.</strong></span> 
     </span>
    </p>
   </div>
   <div class='ocr_carea' id='block_1_89' title="bbox 2014 4225 3582 4315">
    <p class='ocr_par' dir='ltr' id='par_1_89' title="bbox 2014 4225 3582 4315">
     <span class='ocr_line' id='line_1_90' title="bbox 2014 4225 3582 4315; baseline 0.02 -34"><span class='ocrx_word' id='word_1_668' title='bbox 2014 4225 2237 4301; x_wconf 82' lang='grc' dir='ltr'>Αἶψηρὴ</span> <span class='ocrx_word' id='word_1_669' title='bbox 2294 4228 2464 4307; x_wconf 79' lang='grc' dir='ltr'>ἀγορή</span> <span class='ocrx_word' id='word_1_670' title='bbox 2527 4251 2581 4306; x_wconf 92' lang='lat' dir='ltr'><strong>p.</strong></span> <span class='ocrx_word' id='word_1_671' title='bbox 2640 4237 2766 4292; x_wconf 84' lang='lat'><strong>268.</strong></span> <span class='ocrx_word' id='word_1_672' title='bbox 2829 4240 3139 4315; x_wconf 87' lang='lat' dir='ltr'><strong>Sumptum</strong></span> <span class='ocrx_word' id='word_1_673' title='bbox 3212 4263 3280 4304; x_wconf 82' lang='lat' dir='ltr'><strong>ex</strong></span> <span class='ocrx_word' id='word_1_674' title='bbox 3327 4255 3582 4311; x_wconf 85' lang='lat' dir='ltr'><strong>Homero</strong></span> 
     </span>
    </p>
   </div>
   <div class='ocr_carea' id='block_1_90' title="bbox 1942 4315 3584 4417">
    <p class='ocr_par' dir='ltr' id='par_1_90' title="bbox 1942 4315 3584 4417">
     <span class='ocr_line' id='line_1_91' title="bbox 1942 4315 3584 4417; baseline 0.018 -48"><span class='ocrx_word' id='word_1_675' title='bbox 1942 4315 2107 4417; x_wconf 55' lang='lat' dir='ltr'><strong>Iiiad.</strong></span> <span class='ocrx_word' id='word_1_676' title='bbox 2137 4336 2212 4417; x_wconf 46' lang='lat'><strong>.1,</strong></span> <span class='ocrx_word' id='word_1_677' title='bbox 2257 4336 2329 4417; x_wconf 47' lang='grc' dir='ltr'>ν..</span> <span class='ocrx_word' id='word_1_678' title='bbox 2366 4322 2472 4376; x_wconf 76' lang='grc'><strong>276</strong></span> <span class='ocrx_word' id='word_1_679' title='bbox 2507 4339 2520 4377; x_wconf 88' lang='lat'><strong>:</strong></span> <span class='ocrx_word' id='word_1_680' title='bbox 2571 4320 2744 4417; x_wconf 36' lang='lat' dir='ltr'><strong>iii-59&#39;</strong></span> <span class='ocrx_word' id='word_1_681' title='bbox 2775 4324 3071 4405; x_wconf 74' lang='grc' dir='ltr'>ἐφώνησεν,</span> <span class='ocrx_word' id='word_1_682' title='bbox 3122 4337 3278 4391; x_wconf 81' lang='grc' dir='ltr'>Αὖσεν</span> <span class='ocrx_word' id='word_1_683' title='bbox 3328 4336 3584 4417; x_wconf 82' lang='grc' dir='ltr'>δ’άγορήν</span> 
     </span>
    </p>
   </div>
   <div class='ocr_carea' id='block_1_91' title="bbox 1940 4402 3587 4501">
    <p class='ocr_par' dir='ltr' id='par_1_91' title="bbox 1940 4402 3587 4501">
     <span class='ocr_line' id='line_1_92' title="bbox 1940 4402 3587 4501; baseline 0.022 -47"><span class='ocrx_word' id='word_1_684' title='bbox 1940 4402 2333 4501; x_wconf 27' lang='grc' dir='ltr'>αἰψηρήνρςυὶ</span> <span class='ocrx_word' id='word_1_685' title='bbox 2364 4426 2566 4468; x_wconf 89' lang='lat' dir='ltr'><strong>versus</strong></span> <span class='ocrx_word' id='word_1_686' title='bbox 2597 4413 2752 4471; x_wconf 88' lang='lat' dir='ltr'><strong>idem</strong></span> <span class='ocrx_word' id='word_1_687' title='bbox 2786 4402 3068 4490; x_wconf 83' lang='lat' dir='ltr'><strong>repetitur</strong></span> <span class='ocrx_word' id='word_1_688' title='bbox 3085 4424 3280 4498; x_wconf 85' lang='lat' dir='ltr'><strong>Odyss.</strong></span> <span class='ocrx_word' id='word_1_689' title='bbox 3320 4427 3371 4501; x_wconf 89' lang='grc' dir='ltr'><strong>β,</strong></span> <span class='ocrx_word' id='word_1_690' title='bbox 3406 4402 3587 4501; x_wconf 74' lang='lat' dir='ltr'><strong>priori</strong></span> 
     </span>
    </p>
   </div>
   <div class='ocr_carea' id='block_1_92' title="bbox 1941 4496 3579 4597">
    <p class='ocr_par' dir='ltr' id='par_1_92' title="bbox 1941 4496 3579 4597">
     <span class='ocr_line' id='line_1_93' title="bbox 1941 4496 3579 4597; baseline 0.017 -47"><span class='ocrx_word' id='word_1_691' title='bbox 1941 4496 2066 4597; x_wconf 60' lang='lat' dir='ltr'><strong>loco</strong></span> <span class='ocrx_word' id='word_1_692' title='bbox 2100 4498 2733 4597; x_wconf 72' lang='lat' dir='ltr'><strong>explicatscholiastes</strong></span> <span class='ocrx_word' id='word_1_693' title='bbox 2765 4514 2931 4566; x_wconf 83' lang='lat' dir='ltr'><strong>vetus</strong></span> <span class='ocrx_word' id='word_1_694' title='bbox 2962 4496 3204 4587; x_wconf 74' lang='grc' dir='ltr'>αἰψηρήν</span> <span class='ocrx_word' id='word_1_695' title='bbox 3235 4496 3334 4586; x_wconf 72' lang='grc' dir='ltr'><strong>τήν</strong></span> <span class='ocrx_word' id='word_1_696' title='bbox 3365 4496 3579 4597; x_wconf 65' lang='grc' dir='ltr'>ταχέως</span> 
     </span>
    </p>
   </div>
   <div class='ocr_carea' id='block_1_93' title="bbox 1949 4584 3584 4673">
    <p class='ocr_par' dir='ltr' id='par_1_93' title="bbox 1949 4584 3584 4673">
     <span class='ocr_line' id='line_1_94' title="bbox 1949 4584 3584 4673; baseline 0.02 -36"><span class='ocrx_word' id='word_1_697' title='bbox 1949 4584 2320 4661; x_wconf 82' lang='grc' dir='ltr'>ἀθροισεῖθαν.</span> <span class='ocrx_word' id='word_1_698' title='bbox 2350 4589 2435 4646; x_wconf 85' lang='lat' dir='ltr'><strong>Ab</strong></span> <span class='ocrx_word' id='word_1_699' title='bbox 2465 4591 2574 4648; x_wconf 92' lang='lat' dir='ltr'><strong>hoc</strong></span> <span class='ocrx_word' id='word_1_700' title='bbox 2607 4594 2877 4655; x_wconf 87' lang='lat' dir='ltr'><strong>dissentit</strong></span> <span class='ocrx_word' id='word_1_701' title='bbox 2910 4584 3474 4673; x_wconf 14' lang='lat' dir='ltr'><strong>Eustathius,vduni‘</strong></span> <span class='ocrx_word' id='word_1_702' title='bbox 3512 4584 3584 4669; x_wconf 87' lang='lat' dir='ltr'><strong>ad</strong></span> 
     </span>
    </p>
   </div>
   <div class='ocr_carea' id='block_1_94' title="bbox 171 4672 3580 4762">
    <p class='ocr_par' dir='ltr' id='par_1_94' title="bbox 171 4672 3580 4762">
     <span class='ocr_line' id='line_1_95' title="bbox 171 4672 3580 4762; baseline 0.009 -34"><span class='ocrx_word' id='word_1_703' title='bbox 171 4676 279 4747; x_wconf 86' lang='lat' dir='ltr'><strong>qui</strong></span> <span class='ocrx_word' id='word_1_704' title='bbox 312 4688 449 4729; x_wconf 88' lang='lat' dir='ltr'><strong>cum</strong></span> <span class='ocrx_word' id='word_1_705' title='bbox 473 4672 784 4729; x_wconf 87' lang='lat' dir='ltr'><strong>historiam</strong></span> <span class='ocrx_word' id='word_1_706' title='bbox 819 4673 1190 4745; x_wconf 78' lang='lat' dir='ltr'><strong>inscripserit</strong></span> <span class='ocrx_word' id='word_1_707' title='bbox 1230 4676 1563 4732; x_wconf 86' lang='lat' dir='ltr'><strong>Andronico</strong></span> <span class='ocrx_word' id='word_1_708' title='bbox 1611 4677 1828 4735; x_wconf 72' lang='lat' dir='ltr'><strong>Palaao-</strong></span> <span class='ocrx_word' id='word_1_709' title='bbox 1862 4673 1909 4739; x_wconf 90' lang='lat' dir='ltr'><strong>D</strong></span> <span class='ocrx_word' id='word_1_710' title='bbox 1940 4676 2242 4746; x_wconf 79' lang='lat' dir='ltr'><strong>geminum</strong></span> <span class='ocrx_word' id='word_1_711' title='bbox 2276 4677 2466 4735; x_wconf 89' lang='lat' dir='ltr'><strong>locum</strong></span> <span class='ocrx_word' id='word_1_712' title='bbox 2498 4685 2693 4754; x_wconf 82' lang='lat' dir='ltr'><strong>Odyss.</strong></span> <span class='ocrx_word' id='word_1_713' title='bbox 2750 4685 2801 4757; x_wconf 88' lang='grc' dir='ltr'>β.</span> <span class='ocrx_word' id='word_1_714' title='bbox 2863 4705 2996 4762; x_wconf 86' lang='lat' dir='ltr'><strong>pag.</strong></span> <span class='ocrx_word' id='word_1_715' title='bbox 3053 4693 3191 4749; x_wconf 74' lang='grc'><strong>1444</strong></span> <span class='ocrx_word' id='word_1_716' title='bbox 3258 4672 3352 4754; x_wconf 87' lang='lat' dir='ltr'><strong>ed.</strong></span> <span class='ocrx_word' id='word_1_717' title='bbox 3418 4700 3580 4758; x_wconf 81' lang='lat' dir='ltr'><strong>Rom.</strong></span> 
     </span>
    </p>
   </div>
   <div class='ocr_carea' id='block_1_95' title="bbox 172 4762 1833 4836">
    <p class='ocr_par' dir='ltr' id='par_1_95' title="bbox 172 4762 1833 4836">
     <span class='ocr_line' id='line_1_96' title="bbox 172 4762 1833 4836; baseline 0.002 -17"><span class='ocrx_word' id='word_1_718' title='bbox 172 4764 334 4836; x_wconf 88' lang='lat' dir='ltr'><strong>logo,</strong></span> <span class='ocrx_word' id='word_1_719' title='bbox 370 4762 549 4834; x_wconf 81' lang='lat' dir='ltr'><strong>hujus</strong></span> <span class='ocrx_word' id='word_1_720' title='bbox 570 4762 757 4818; x_wconf 89' lang='lat' dir='ltr'><strong>nostri</strong></span> <span class='ocrx_word' id='word_1_721' title='bbox 782 4762 1083 4819; x_wconf 80' lang='lat' dir='ltr'><strong>Michaelis</strong></span> <span class='ocrx_word' id='word_1_722' title='bbox 1109 4762 1230 4819; x_wconf 87' lang='lat' dir='ltr'><strong>tilio</strong></span> <span class='ocrx_word' id='word_1_723' title='bbox 1251 4769 1309 4819; x_wconf 90' lang='lat' dir='ltr'><strong>et</strong></span> <span class='ocrx_word' id='word_1_724' title='bbox 1330 4768 1681 4835; x_wconf 89' lang='lat' dir='ltr'><strong>successori,</strong></span> <span class='ocrx_word' id='word_1_725' title='bbox 1706 4784 1833 4824; x_wconf 89' lang='lat' dir='ltr'><strong>ma-</strong></span> 
     </span>
    </p>
   </div>
   <div class='ocr_carea' id='block_1_96' title="bbox 172 4852 1835 4925">
    <p class='ocr_par' dir='ltr' id='par_1_96' title="bbox 172 4852 1835 4925">
     <span class='ocr_line' id='line_1_97' title="bbox 172 4852 1835 4925; baseline 0.001 -16"><span class='ocrx_word' id='word_1_726' title='bbox 172 4853 460 4910; x_wconf 83' lang='lat' dir='ltr'><strong>nifestum</strong></span> <span class='ocrx_word' id='word_1_727' title='bbox 507 4861 595 4909; x_wconf 85' lang='lat' dir='ltr'><strong>est</strong></span> <span class='ocrx_word' id='word_1_728' title='bbox 625 4868 742 4923; x_wconf 92' lang='lat' dir='ltr'><strong>quo</strong></span> <span class='ocrx_word' id='word_1_729' title='bbox 776 4857 1039 4924; x_wconf 79' lang='lat' dir='ltr'><strong>tempore</strong></span> <span class='ocrx_word' id='word_1_730' title='bbox 1095 4852 1217 4909; x_wconf 69' lang='lat' dir='ltr'><strong>hinc</strong></span> <span class='ocrx_word' id='word_1_731' title='bbox 1256 4870 1384 4925; x_wconf 68' lang='lat' dir='ltr'><strong>quae</strong></span> <span class='ocrx_word' id='word_1_732' title='bbox 1436 4871 1591 4911; x_wconf 88' lang='lat' dir='ltr'><strong>nunc</strong></span> <span class='ocrx_word' id='word_1_733' title='bbox 1636 4860 1835 4911; x_wconf 88' lang='lat' dir='ltr'><strong>narrat</strong></span> 
     </span>
    </p>
   </div>
   <div class='ocr_carea' id='block_1_97' title="bbox 172 4941 1830 5014">
    <p class='ocr_par' dir='ltr' id='par_1_97' title="bbox 172 4941 1830 5014">
     <span class='ocr_line' id='line_1_98' title="bbox 172 4941 1830 5014; baseline 0 -15"><span class='ocrx_word' id='word_1_734' title='bbox 172 4942 575 5012; x_wconf 70' lang='lat' dir='ltr'><strong>Pachymeres</strong></span> <span class='ocrx_word' id='word_1_735' title='bbox 604 4958 671 4998; x_wconf 88' lang='lat' dir='ltr'><strong>co</strong></span> <span class='ocrx_word' id='word_1_736' title='bbox 694 4941 1020 5014; x_wconf 87' lang='lat' dir='ltr'><strong>ntigerunt,</strong></span> <span class='ocrx_word' id='word_1_737' title='bbox 1050 4942 1207 4998; x_wconf 88' lang='lat' dir='ltr'><strong>hunc</strong></span> <span class='ocrx_word' id='word_1_738' title='bbox 1249 4943 1441 4999; x_wconf 88' lang='lat' dir='ltr'><strong>adhuc</strong></span> <span class='ocrx_word' id='word_1_739' title='bbox 1491 4961 1713 5001; x_wconf 88' lang='lat' dir='ltr'><strong>morem</strong></span> <span class='ocrx_word' id='word_1_740' title='bbox 1750 4945 1830 5000; x_wconf 86' lang='lat' dir='ltr'><strong>vi-</strong></span> 
     </span>
    </p>
   </div>
   <div class='ocr_carea' id='block_1_98' title="bbox 166 5031 1833 5106">
    <p class='ocr_par' dir='ltr' id='par_1_98' title="bbox 166 5031 1833 5106">
     <span class='ocr_line' id='line_1_99' title="bbox 166 5031 1833 5106; baseline 0.001 -17"><span class='ocrx_word' id='word_1_741' title='bbox 166 5032 398 5106; x_wconf 78' lang='lat' dir='ltr'><strong>guisse.</strong></span> <span class='ocrx_word' id='word_1_742' title='bbox 426 5031 535 5098; x_wconf 85' lang='lat' dir='ltr'><strong>Qui</strong></span> <span class='ocrx_word' id='word_1_743' title='bbox 560 5031 797 5104; x_wconf 89' lang='lat' dir='ltr'><strong>quidem</strong></span> <span class='ocrx_word' id='word_1_744' title='bbox 832 5047 865 5086; x_wconf 87' lang='lat' dir='ltr'><strong>a</strong></span> <span class='ocrx_word' id='word_1_745' title='bbox 898 5031 1169 5104; x_wconf 80' lang='lat' dir='ltr'><strong>Dionysio</strong></span> <span class='ocrx_word' id='word_1_746' title='bbox 1198 5034 1502 5105; x_wconf 85' lang='lat' dir='ltr'><strong>Areopag.,</strong></span> <span class='ocrx_word' id='word_1_747' title='bbox 1536 5033 1833 5092; x_wconf 90' lang='lat' dir='ltr'><strong>Clemente</strong></span> 
     </span>
    </p>
   </div>
   <div class='ocr_carea' id='block_1_99' title="bbox 166 5119 1829 5192">
    <p class='ocr_par' dir='ltr' id='par_1_99' title="bbox 166 5119 1829 5192">
     <span class='ocr_line' id='line_1_100' title="bbox 166 5119 1829 5192; baseline 0.003 -15"><span class='ocrx_word' id='word_1_748' title='bbox 166 5120 541 5178; x_wconf 76' lang='lat' dir='ltr'><strong>Alexand.et</strong></span> <span class='ocrx_word' id='word_1_749' title='bbox 582 5119 715 5177; x_wconf 90' lang='lat' dir='ltr'><strong>aliis</strong></span> <span class='ocrx_word' id='word_1_750' title='bbox 765 5119 1196 5192; x_wconf 85' lang='lat' dir='ltr'><strong>antiquissimis</strong></span> <span class='ocrx_word' id='word_1_751' title='bbox 1244 5123 1517 5181; x_wconf 87' lang='lat' dir='ltr'><strong>Patribus</strong></span> <span class='ocrx_word' id='word_1_752' title='bbox 1564 5126 1829 5183; x_wconf 89' lang='lat' dir='ltr'><strong>testimo-</strong></span> 
     </span>
    </p>
   </div>
   <div class='ocr_carea' id='block_1_100' title="bbox 165 5210 1831 5282">
    <p class='ocr_par' dir='ltr' id='par_1_100' title="bbox 165 5210 1831 5282">
     <span class='ocr_line' id='line_1_101' title="bbox 165 5210 1831 5282; baseline 0.003 -14"><span class='ocrx_word' id='word_1_753' title='bbox 165 5212 340 5270; x_wconf 88' lang='lat' dir='ltr'><strong>nium</strong></span> <span class='ocrx_word' id='word_1_754' title='bbox 364 5211 562 5268; x_wconf 87' lang='lat' dir='ltr'><strong>habet.</strong></span> <span class='ocrx_word' id='word_1_755' title='bbox 591 5210 756 5268; x_wconf 89' lang='lat' dir='ltr'><strong>Unde</strong></span> <span class='ocrx_word' id='word_1_756' title='bbox 788 5211 917 5282; x_wconf 87' lang='lat' dir='ltr'><strong>ejus</strong></span> <span class='ocrx_word' id='word_1_757' title='bbox 970 5210 1285 5269; x_wconf 80' lang='lat' dir='ltr'><strong>honoriﬁce</strong></span> <span class='ocrx_word' id='word_1_758' title='bbox 1327 5214 1595 5271; x_wconf 89' lang='lat' dir='ltr'><strong>meminit</strong></span> <span class='ocrx_word' id='word_1_759' title='bbox 1634 5218 1831 5273; x_wconf 92' lang='lat' dir='ltr'><strong>conci-</strong></span> 
     </span>
    </p>
   </div>
   <div class='ocr_carea' id='block_1_101' title="bbox 166 5301 1829 5376">
    <p class='ocr_par' dir='ltr' id='par_1_101' title="bbox 166 5301 1829 5376">
     <span class='ocr_line' id='line_1_102' title="bbox 166 5301 1829 5376; baseline 0.004 -18"><span class='ocrx_word' id='word_1_760' title='bbox 166 5302 321 5358; x_wconf 88' lang='lat' dir='ltr'><strong>lium</strong></span> <span class='ocrx_word' id='word_1_761' title='bbox 374 5301 811 5369; x_wconf 84' lang='lat' dir='ltr'><strong>Tridentinum,</strong></span> <span class='ocrx_word' id='word_1_762' title='bbox 871 5317 1021 5357; x_wconf 90' lang='lat' dir='ltr'><strong>sess.</strong></span> <span class='ocrx_word' id='word_1_763' title='bbox 1069 5303 1161 5373; x_wconf 84' lang='grc'><strong>21,</strong></span> <span class='ocrx_word' id='word_1_764' title='bbox 1210 5318 1338 5376; x_wconf 88' lang='lat' dir='ltr'><strong>cap.</strong></span> <span class='ocrx_word' id='word_1_765' title='bbox 1372 5304 1427 5358; x_wconf 84' lang='grc'><strong>4.</strong></span> <span class='ocrx_word' id='word_1_766' title='bbox 1480 5305 1624 5361; x_wconf 91' lang='lat' dir='ltr'><strong>Cum</strong></span> <span class='ocrx_word' id='word_1_767' title='bbox 1672 5308 1829 5364; x_wconf 90' lang='lat' dir='ltr'><strong>enim</strong></span> 
     </span>
    </p>
   </div>
   <div class='ocr_carea' id='block_1_102' title="bbox 162 5389 1826 5464">
    <p class='ocr_par' dir='ltr' id='par_1_102' title="bbox 162 5389 1826 5464">
     <span class='ocr_line' id='line_1_103' title="bbox 162 5389 1826 5464; baseline 0.002 -16"><span class='ocrx_word' id='word_1_768' title='bbox 162 5391 533 5449; x_wconf 79' lang='lat' dir='ltr'><strong>definivisset</strong></span> <span class='ocrx_word' id='word_1_769' title='bbox 564 5389 841 5464; x_wconf 88' lang='lat' dir='ltr'><strong>parvulos</strong></span> <span class='ocrx_word' id='word_1_770' title='bbox 879 5396 1014 5447; x_wconf 86' lang='lat' dir='ltr'><strong>ante</strong></span> <span class='ocrx_word' id='word_1_771' title='bbox 1046 5391 1290 5449; x_wconf 88' lang='lat' dir='ltr'><strong>rationis</strong></span> <span class='ocrx_word' id='word_1_772' title='bbox 1312 5410 1482 5450; x_wconf 91' lang='lat' dir='ltr'><strong>usum</strong></span> <span class='ocrx_word' id='word_1_773' title='bbox 1516 5412 1629 5451; x_wconf 90' lang='lat' dir='ltr'><strong>non</strong></span> <span class='ocrx_word' id='word_1_774' title='bbox 1680 5396 1826 5453; x_wconf 87' lang='lat' dir='ltr'><strong>obli-</strong></span> 
     </span>
    </p>
   </div>
   <div class='ocr_carea' id='block_1_103' title="bbox 162 5480 1825 5554">
    <p class='ocr_par' dir='ltr' id='par_1_103' title="bbox 162 5480 1825 5554">
     <span class='ocr_line' id='line_1_104' title="bbox 162 5480 1825 5554; baseline 0.005 -18"><span class='ocrx_word' id='word_1_775' title='bbox 162 5481 296 5553; x_wconf 87' lang='lat' dir='ltr'><strong>gari</strong></span> <span class='ocrx_word' id='word_1_776' title='bbox 347 5482 419 5537; x_wconf 89' lang='lat' dir='ltr'><strong>ad</strong></span> <span class='ocrx_word' id='word_1_777' title='bbox 470 5481 909 5554; x_wconf 89' lang='lat' dir='ltr'><strong>perceptionem</strong></span> <span class='ocrx_word' id='word_1_778' title='bbox 941 5480 1365 5554; x_wconf 30' lang='lat' dir='ltr'><strong>‘Eucharistiaa,</strong></span> <span class='ocrx_word' id='word_1_779' title='bbox 1440 5484 1562 5541; x_wconf 70' lang='lat' dir='ltr'><strong>haec</strong></span> <span class='ocrx_word' id='word_1_780' title='bbox 1622 5486 1825 5545; x_wconf 86' lang='lat' dir='ltr'><strong>addit:</strong></span> 
     </span>
    </p>
   </div>
   <div class='ocr_carea' id='block_1_104' title="bbox 161 5570 1830 5645">
    <p class='ocr_par' dir='ltr' id='par_1_104' title="bbox 161 5570 1830 5645">
     <span class='ocr_line' id='line_1_105' title="bbox 161 5570 1830 5645; baseline 0.004 -18"><span class='ocrx_word' id='word_1_781' title='bbox 161 5572 353 5645; x_wconf 78' lang='lat' dir='ltr'><strong>Neque</strong></span> <span class='ocrx_word' id='word_1_782' title='bbox 384 5570 508 5627; x_wconf 86' lang='lat' dir='ltr'><strong>ideo</strong></span> <span class='ocrx_word' id='word_1_783' title='bbox 540 5575 723 5631; x_wconf 80' lang='lat' dir='ltr'><strong>tamen</strong></span> <span class='ocrx_word' id='word_1_784' title='bbox 757 5572 1083 5628; x_wconf 86' lang='lat' dir='ltr'><strong>damnanda</strong></span> <span class='ocrx_word' id='word_1_785' title='bbox 1113 5581 1189 5628; x_wconf 89' lang='lat' dir='ltr'><strong>est</strong></span> <span class='ocrx_word' id='word_1_786' title='bbox 1246 5573 1569 5645; x_wconf 81' lang='lat' dir='ltr'><strong>antiquitas,</strong></span> <span class='ocrx_word' id='word_1_787' title='bbox 1613 5578 1659 5632; x_wconf 84' lang='lat' dir='ltr'><strong>si</strong></span> <span class='ocrx_word' id='word_1_788' title='bbox 1704 5594 1830 5634; x_wconf 91' lang='lat' dir='ltr'><strong>eum</strong></span> 
     </span>
    </p>
   </div>
   <div class='ocr_carea' id='block_1_105' title="bbox 154 5660 1831 5734">
    <p class='ocr_par' dir='ltr' id='par_1_105' title="bbox 154 5660 1831 5734">
     <span class='ocr_line' id='line_1_106' title="bbox 154 5660 1831 5734; baseline 0.004 -15"><span class='ocrx_word' id='word_1_789' title='bbox 154 5677 377 5719; x_wconf 77' lang='lat' dir='ltr'><strong>morem</strong></span> <span class='ocrx_word' id='word_1_790' title='bbox 432 5661 494 5717; x_wconf 86' lang='lat' dir='ltr'><strong>in</strong></span> <span class='ocrx_word' id='word_1_791' title='bbox 541 5660 872 5733; x_wconf 80' lang='lat' dir='ltr'><strong>quibusdam</strong></span> <span class='ocrx_word' id='word_1_792' title='bbox 921 5662 1053 5718; x_wconf 88' lang='lat' dir='ltr'><strong>locis</strong></span> <span class='ocrx_word' id='word_1_793' title='bbox 1089 5662 1389 5734; x_wconf 83' lang='lat' dir='ltr'><strong>aliquando</strong></span> <span class='ocrx_word' id='word_1_794' title='bbox 1446 5669 1702 5723; x_wconf 84' lang='lat' dir='ltr'><strong>servavit.</strong></span> <span class='ocrx_word' id='word_1_795' title='bbox 1767 5670 1831 5727; x_wconf 91' lang='lat' dir='ltr'><strong>Ut</strong></span> 
     </span>
    </p>
   </div>
   <div class='ocr_carea' id='block_1_106' title="bbox 154 5751 1830 5831">
    <p class='ocr_par' dir='ltr' id='par_1_106' title="bbox 154 5751 1830 5831">
     <span class='ocr_line' id='line_1_107' title="bbox 154 5751 1830 5831; baseline 0.003 -20"><span class='ocrx_word' id='word_1_796' title='bbox 154 5751 315 5811; x_wconf 67' lang='lat' dir='ltr'><strong>enim</strong></span> <span class='ocrx_word' id='word_1_797' title='bbox 393 5751 740 5831; x_wconf 76' lang='lat' dir='ltr'><strong>sanctissimi</strong></span> <span class='ocrx_word' id='word_1_798' title='bbox 796 5751 890 5808; x_wconf 87' lang='lat' dir='ltr'><strong>illi</strong></span> <span class='ocrx_word' id='word_1_799' title='bbox 944 5753 1135 5809; x_wconf 86' lang='lat' dir='ltr'><strong>Patres</strong></span> <span class='ocrx_word' id='word_1_800' title='bbox 1180 5753 1271 5809; x_wconf 88' lang='lat' dir='ltr'><strong>sui</strong></span> <span class='ocrx_word' id='word_1_801' title='bbox 1324 5755 1463 5825; x_wconf 74' lang='lat' dir='ltr'><strong>[acti</strong></span> <span class='ocrx_word' id='word_1_802' title='bbox 1490 5756 1830 5829; x_wconf 85' lang='lat' dir='ltr'><strong>probabilem</strong></span> 
     </span>
    </p>
   </div>
   <div class='ocr_carea' id='block_1_107' title="bbox 1946 4766 3583 4865">
    <p class='ocr_par' dir='ltr' id='par_1_107' title="bbox 1946 4766 3583 4865">
     <span class='ocr_line' id='line_1_108' title="bbox 1946 4766 3583 4865; baseline 0.016 -46"><span class='ocrx_word' id='word_1_803' title='bbox 1946 4766 2028 4865; x_wconf 66' lang='lat' dir='ltr'><strong>sic</strong></span> <span class='ocrx_word' id='word_1_804' title='bbox 2107 4766 2791 4865; x_wconf 38' lang='lat' dir='ltr'><strong>adnotatz‘A-iipnpﬁv&#39;o‘t</strong></span> <span class='ocrx_word' id='word_1_805' title='bbox 2840 4778 2994 4865; x_wconf 10' lang='grc' dir='ltr'><strong>γεῖπεν</strong></span> <span class='ocrx_word' id='word_1_806' title='bbox 3056 4779 3153 4835; x_wconf 82' lang='grc' dir='ltr'><strong>οὐκ</strong></span> <span class='ocrx_word' id='word_1_807' title='bbox 3238 4781 3583 4865; x_wconf 76' lang='grc' dir='ltr'><strong>ἐπιθετικῶς,</strong></span> 
     </span>
    </p>
   </div>
   <div class='ocr_carea' id='block_1_108' title="bbox 1943 4853 3586 4951">
    <p class='ocr_par' dir='ltr' id='par_1_108' title="bbox 1943 4853 3586 4951">
     <span class='ocr_line' id='line_1_109' title="bbox 1943 4853 3586 4951; baseline 0.021 -49"><span class='ocrx_word' id='word_1_808' title='bbox 1943 4853 2004 4951; x_wconf 52' lang='lat' dir='ltr'><strong>Si;</strong></span> <span class='ocrx_word' id='word_1_809' title='bbox 2222 4854 2430 4951; x_wconf 52' lang='lat' dir='ltr'><strong>aiqanpiﬁ</strong></span> <span class='ocrx_word' id='word_1_810' title='bbox 2491 4857 2628 4951; x_wconf 65' lang='grc' dir='ltr'>ἐστιν</span> <span class='ocrx_word' id='word_1_811' title='bbox 2672 4862 2862 4951; x_wconf 15' lang='grc' dir='ltr'>Ῠάγορά</span> <span class='ocrx_word' id='word_1_812' title='bbox 2904 4872 3079 4951; x_wconf 59' lang='grc' dir='ltr'>στᾶσα,</span> <span class='ocrx_word' id='word_1_813' title='bbox 3139 4853 3586 4951; x_wconf 70' lang='grc' dir='ltr'><strong>ἐπιρῥηματικῶς</strong></span> 
     </span>
    </p>
   </div>
   <div class='ocr_carea' id='block_1_109' title="bbox 1942 4939 3585 5040">
    <p class='ocr_par' dir='ltr' id='par_1_109' title="bbox 1942 4939 3585 5040">
     <span class='ocr_line' id='line_1_110' title="bbox 1942 4939 3585 5040; baseline 0.018 -43"><span class='ocrx_word' id='word_1_814' title='bbox 1942 4939 1999 4997; x_wconf 59' lang='grc' dir='ltr'>δὲ</span> <span class='ocrx_word' id='word_1_815' title='bbox 2032 4940 2246 5040; x_wconf 49' lang='grc' dir='ltr'>μᾶλλον</span> <span class='ocrx_word' id='word_1_816' title='bbox 2276 4944 2392 5040; x_wconf 47' lang='lat' dir='ltr'><strong>sint</strong></span> <span class='ocrx_word' id='word_1_817' title='bbox 2421 4950 2517 5001; x_wconf 81' lang='grc' dir='ltr'><strong>τοῦ</strong></span> <span class='ocrx_word' id='word_1_818' title='bbox 2541 4950 2703 5040; x_wconf 53' lang='grc' dir='ltr'>ταχύ·</span> <span class='ocrx_word' id='word_1_819' title='bbox 2746 4954 2833 5007; x_wconf 82' lang='grc' dir='ltr'>καὶ</span> <span class='ocrx_word' id='word_1_820' title='bbox 2885 4948 3027 5011; x_wconf 82' lang='grc' dir='ltr'>ἔστιν</span> <span class='ocrx_word' id='word_1_821' title='bbox 3077 4939 3276 5033; x_wconf 71' lang='grc' dir='ltr'>ὅμοιον</span> <span class='ocrx_word' id='word_1_822' title='bbox 3461 4939 3585 5027; x_wconf 58' lang='grc' dir='ltr'><strong>τότέ</strong></span> 
     </span>
    </p>
   </div>
   <div class='ocr_carea' id='block_1_110' title="bbox 1942 5032 3584 5118">
    <p class='ocr_par' dir='ltr' id='par_1_110' title="bbox 1942 5032 3584 5118">
     <span class='ocr_line' id='line_1_111' title="bbox 1942 5032 3584 5118; baseline 0.022 -36"><span class='ocrx_word' id='word_1_823' title='bbox 1942 5052 2037 5104; x_wconf 82' lang='grc' dir='ltr'>μοι</span> <span class='ocrx_word' id='word_1_824' title='bbox 2069 5036 2212 5108; x_wconf 81' lang='grc' dir='ltr'>χάνῃ</span> <span class='ocrx_word' id='word_1_825' title='bbox 2246 5032 2425 5110; x_wconf 76' lang='grc' dir='ltr'>εὐρεῖα</span> <span class='ocrx_word' id='word_1_826' title='bbox 2454 5037 2629 5111; x_wconf 84' lang='grc' dir='ltr'>χθών.</span> <span class='ocrx_word' id='word_1_827' title='bbox 2657 5040 2833 5099; x_wconf 89' lang='lat' dir='ltr'><strong>Vides</strong></span> <span class='ocrx_word' id='word_1_828' title='bbox 2848 5043 2941 5100; x_wconf 85' lang='lat' dir='ltr'><strong>hic</strong></span> <span class='ocrx_word' id='word_1_829' title='bbox 2962 5032 3180 5107; x_wconf 88' lang='lat' dir='ltr'><strong>sentire</strong></span> <span class='ocrx_word' id='word_1_830' title='bbox 3209 5032 3584 5118; x_wconf 80' lang='lat' dir='ltr'><strong>Eusthatium</strong></span> 
     </span>
    </p>
   </div>
   <div class='ocr_carea' id='block_1_111' title="bbox 1940 5122 3587 5208">
    <p class='ocr_par' dir='ltr' id='par_1_111' title="bbox 1940 5122 3587 5208">
     <span class='ocr_line' id='line_1_112' title="bbox 1940 5122 3587 5208; baseline 0.018 -30"><span class='ocrx_word' id='word_1_831' title='bbox 1940 5122 2193 5179; x_wconf 88' lang='lat' dir='ltr'><strong>solutam</strong></span> <span class='ocrx_word' id='word_1_832' title='bbox 2225 5124 2566 5183; x_wconf 90' lang='lat' dir='ltr'><strong>concionem</strong></span> <span class='ocrx_word' id='word_1_833' title='bbox 2596 5131 2833 5188; x_wconf 87' lang='lat' dir='ltr'><strong>subitam</strong></span> <span class='ocrx_word' id='word_1_834' title='bbox 2865 5133 3001 5207; x_wconf 91' lang='lat' dir='ltr'><strong>dici,</strong></span> <span class='ocrx_word' id='word_1_835' title='bbox 3050 5139 3254 5198; x_wconf 90' lang='lat' dir='ltr'><strong>eadem</strong></span> <span class='ocrx_word' id='word_1_836' title='bbox 3292 5150 3587 5208; x_wconf 87' lang='lat' dir='ltr'><strong>sententia</strong></span> 
     </span>
    </p>
   </div>
   <div class='ocr_carea' id='block_1_112' title="bbox 1940 5215 3586 5302">
    <p class='ocr_par' dir='ltr' id='par_1_112' title="bbox 1940 5215 3586 5302">
     <span class='ocr_line' id='line_1_113' title="bbox 1940 5215 3586 5302; baseline 0.018 -32"><span class='ocrx_word' id='word_1_837' title='bbox 1940 5215 2109 5289; x_wconf 87' lang='lat' dir='ltr'><strong>quasi</strong></span> <span class='ocrx_word' id='word_1_838' title='bbox 2133 5215 2491 5274; x_wconf 88' lang='lat' dir='ltr'><strong>scriberetur</strong></span> <span class='ocrx_word' id='word_1_839' title='bbox 2518 5221 2754 5278; x_wconf 85' lang='lat' dir='ltr'><strong>solutam</strong></span> <span class='ocrx_word' id='word_1_840' title='bbox 2782 5226 2981 5294; x_wconf 86' lang='lat' dir='ltr'><strong>subito,</strong></span> <span class='ocrx_word' id='word_1_841' title='bbox 3024 5230 3279 5302; x_wconf 88' lang='lat' dir='ltr'><strong>epitheto</strong></span> <span class='ocrx_word' id='word_1_842' title='bbox 3327 5238 3586 5298; x_wconf 86' lang='lat' dir='ltr'><strong>adverbii</strong></span> 
     </span>
    </p>
   </div>
   <div class='ocr_carea' id='block_1_113' title="bbox 1940 5305 3588 5393">
    <p class='ocr_par' dir='ltr' id='par_1_113' title="bbox 1940 5305 3588 5393">
     <span class='ocr_line' id='line_1_114' title="bbox 1940 5305 3588 5393; baseline 0.018 -34"><span class='ocrx_word' id='word_1_843' title='bbox 1940 5321 2182 5361; x_wconf 88' lang='lat' dir='ltr'><strong>munere</strong></span> <span class='ocrx_word' id='word_1_844' title='bbox 2208 5305 2506 5379; x_wconf 83' lang='lat' dir='ltr'><strong>fungente,</strong></span> <span class='ocrx_word' id='word_1_845' title='bbox 2537 5314 2601 5365; x_wconf 91' lang='lat' dir='ltr'><strong>ut</strong></span> <span class='ocrx_word' id='word_1_846' title='bbox 2646 5310 2706 5367; x_wconf 90' lang='lat' dir='ltr'><strong>in</strong></span> <span class='ocrx_word' id='word_1_847' title='bbox 2750 5313 2850 5370; x_wconf 88' lang='lat' dir='ltr'><strong>illo</strong></span> <span class='ocrx_word' id='word_1_848' title='bbox 2874 5315 2987 5373; x_wconf 89' lang='lat' dir='ltr'><strong>alio</strong></span> <span class='ocrx_word' id='word_1_849' title='bbox 3033 5336 3227 5393; x_wconf 88' lang='lat' dir='ltr'><strong>versu,</strong></span> <span class='ocrx_word' id='word_1_850' title='bbox 3260 5333 3390 5384; x_wconf 88' lang='lat' dir='ltr'><strong>tunc</strong></span> <span class='ocrx_word' id='word_1_851' title='bbox 3418 5330 3588 5388; x_wconf 86' lang='lat' dir='ltr'><strong>tellus</strong></span> 
     </span>
    </p>
   </div>
   <div class='ocr_carea' id='block_1_114' title="bbox 1936 5396 3589 5484">
    <p class='ocr_par' dir='ltr' id='par_1_114' title="bbox 1936 5396 3589 5484">
     <span class='ocr_line' id='line_1_115' title="bbox 1936 5396 3589 5484; baseline 0.018 -34"><span class='ocrx_word' id='word_1_852' title='bbox 1936 5396 2080 5451; x_wconf 88' lang='lat' dir='ltr'><strong>mihi</strong></span> <span class='ocrx_word' id='word_1_853' title='bbox 2112 5396 2224 5452; x_wconf 86' lang='lat' dir='ltr'><strong>lata</strong></span> <span class='ocrx_word' id='word_1_854' title='bbox 2243 5396 2511 5470; x_wconf 80' lang='lat' dir='ltr'><strong>dehiscat,</strong></span> <span class='ocrx_word' id='word_1_855' title='bbox 2544 5400 2659 5457; x_wconf 83' lang='lat' dir='ltr'><strong>lata</strong></span> <span class='ocrx_word' id='word_1_856' title='bbox 2704 5404 2945 5476; x_wconf 89' lang='lat' dir='ltr'><strong>ponitua</strong></span> <span class='ocrx_word' id='word_1_857' title='bbox 2995 5426 3099 5483; x_wconf 89' lang='lat' dir='ltr'><strong>pro</strong></span> <span class='ocrx_word' id='word_1_858' title='bbox 3135 5412 3270 5471; x_wconf 83' lang='lat' dir='ltr'><strong>late.</strong></span> <span class='ocrx_word' id='word_1_859' title='bbox 3322 5421 3483 5484; x_wconf 90' lang='lat' dir='ltr'><strong>Quod</strong></span> <span class='ocrx_word' id='word_1_860' title='bbox 3530 5430 3589 5480; x_wconf 88' lang='lat' dir='ltr'><strong>et</strong></span> 
     </span>
    </p>
   </div>
   <div class='ocr_carea' id='block_1_115' title="bbox 1939 5487 3586 5576">
    <p class='ocr_par' dir='ltr' id='par_1_115' title="bbox 1939 5487 3586 5576">
     <span class='ocr_line' id='line_1_116' title="bbox 1939 5487 3586 5576; baseline 0.011 -32"><span class='ocrx_word' id='word_1_861' title='bbox 1939 5488 2203 5544; x_wconf 84' lang='lat' dir='ltr'><strong>imitatur</strong></span> <span class='ocrx_word' id='word_1_862' title='bbox 2234 5487 2535 5576; x_wconf 78' lang='lat' dir='ltr'><strong>Virgilius,</strong></span> <span class='ocrx_word' id='word_1_863' title='bbox 2562 5493 2700 5548; x_wconf 89' lang='lat' dir='ltr'><strong>dum</strong></span> <span class='ocrx_word' id='word_1_864' title='bbox 2724 5495 2794 5550; x_wconf 93' lang='lat' dir='ltr'><strong>de</strong></span> <span class='ocrx_word' id='word_1_865' title='bbox 2813 5496 2951 5569; x_wconf 90' lang='lat' dir='ltr'><strong>lupo</strong></span> <span class='ocrx_word' id='word_1_866' title='bbox 2970 5500 3071 5569; x_wconf 89' lang='lat' dir='ltr'><strong>ait,</strong></span> <span class='ocrx_word' id='word_1_867' title='bbox 3087 5507 3346 5576; x_wconf 84' lang='lat' dir='ltr'><strong>gregibus</strong></span> <span class='ocrx_word' id='word_1_868' title='bbox 3361 5520 3586 5567; x_wconf 86' lang='lat' dir='ltr'><strong>noctur.</strong></span> 
     </span>
    </p>
   </div>
   <div class='ocr_carea' id='block_1_116' title="bbox 1936 5574 3580 5669">
    <p class='ocr_par' dir='ltr' id='par_1_116' title="bbox 1936 5574 3580 5669">
     <span class='ocr_line' id='line_1_117' title="bbox 1936 5574 3580 5669; baseline 0.019 -42"><span class='ocrx_word' id='word_1_869' title='bbox 1936 5574 2395 5669; x_wconf 33' lang='lat' dir='ltr'><strong>nus-obambulat</strong></span> <span class='ocrx_word' id='word_1_870' title='bbox 2420 5596 2433 5645; x_wconf 85' lang='lat'><strong>;</strong></span> <span class='ocrx_word' id='word_1_871' title='bbox 2454 5582 2523 5669; x_wconf 72' lang='lat' dir='ltr'><strong>et</strong></span> <span class='ocrx_word' id='word_1_872' title='bbox 2556 5580 2635 5669; x_wconf 83' lang='lat' dir='ltr'><strong>de</strong></span> <span class='ocrx_word' id='word_1_873' title='bbox 2656 5582 2833 5638; x_wconf 66' lang='lat' dir='ltr'><strong>Enen</strong></span> <span class='ocrx_word' id='word_1_874' title='bbox 2862 5602 2875 5640; x_wconf 86' lang='lat'><strong>:</strong></span> <span class='ocrx_word' id='word_1_875' title='bbox 2909 5585 2974 5641; x_wconf 90' lang='lat' dir='ltr'><strong>Se</strong></span> <span class='ocrx_word' id='word_1_876' title='bbox 3018 5574 3327 5650; x_wconf 79' lang='lat' dir='ltr'><strong>matutinus</strong></span> <span class='ocrx_word' id='word_1_877' title='bbox 3367 5600 3580 5669; x_wconf 87' lang='lat' dir='ltr'><strong>agebat.</strong></span> 
     </span>
    </p>
   </div>
   <div class='ocr_carea' id='block_1_117' title="bbox 1937 5665 3585 5755">
    <p class='ocr_par' dir='ltr' id='par_1_117' title="bbox 1937 5665 3585 5755">
     <span class='ocr_line' id='line_1_118' title="bbox 1937 5665 3585 5755; baseline 0.015 -31"><span class='ocrx_word' id='word_1_878' title='bbox 1937 5665 2297 5724; x_wconf 87' lang='lat' dir='ltr'><strong>Crediderim</strong></span> <span class='ocrx_word' id='word_1_879' title='bbox 2333 5665 2605 5755; x_wconf 84' lang='lat' dir='ltr'><strong>equidem</strong></span> <span class='ocrx_word' id='word_1_880' title='bbox 2625 5668 3037 5746; x_wconf 79' lang='lat' dir='ltr'><strong>Pachymerem</strong></span> <span class='ocrx_word' id='word_1_881' title='bbox 3062 5683 3246 5755; x_wconf 86' lang='lat' dir='ltr'><strong>magis</strong></span> <span class='ocrx_word' id='word_1_882' title='bbox 3262 5665 3585 5748; x_wconf 70' lang='lat' dir='ltr'><strong>adhtssisse</strong></span> 
     </span>
    </p>
   </div>
   <div class='ocr_carea' id='block_1_118' title="bbox 1941 5754 3582 5849">
    <p class='ocr_par' dir='ltr' id='par_1_118' title="bbox 1941 5754 3582 5849">
     <span class='ocr_line' id='line_1_119' title="bbox 1941 5754 3582 5849; baseline -0.01 -33"><span class='ocrx_word' id='word_1_883' title='bbox 1941 5755 2119 5830; x_wconf 87' lang='lat' dir='ltr'><strong>priori</strong></span> <span class='ocrx_word' id='word_1_884' title='bbox 2151 5754 2466 5812; x_wconf 71' lang='lat' dir='ltr'><strong>sententia:</strong></span> <span class='ocrx_word' id='word_1_885' title='bbox 2497 5772 2625 5829; x_wconf 78' lang='lat' dir='ltr'><strong>quas</strong></span> <span class='ocrx_word' id='word_1_886' title='bbox 2673 5758 2916 5835; x_wconf 73' lang='grc' dir='ltr'>αἰψηρήν</span> <span class='ocrx_word' id='word_1_887' title='bbox 2952 5782 3153 5826; x_wconf 63' lang='grc' dir='ltr'><strong>νει-αα,</strong></span> <span class='ocrx_word' id='word_1_888' title='bbox 3176 5754 3179 5755; x_wconf 63' lang='grc'><strong><em>⁷</em></strong></span> <span class='ocrx_word' id='word_1_889' title='bbox 3205 5770 3407 5849; x_wconf 67' lang='grc' dir='ltr'>ἀγορᾶς</span> <span class='ocrx_word' id='word_1_890' title='bbox 3458 5779 3582 5837; x_wconf 60' lang='lat' dir='ltr'><strong>sive</strong></span> 
     </span>
    </p>
   </div>
  </div>
