4210 6448
646 370 754 425 999

646 489 875 547 συνόδου
905 494 1252 564 adjunctum
1288 494 1574 564 agnoscit.
1611 492 1663 547 is
1689 491 1846 546 enim
1879 493 1998 544 toto
2029 489 2138 544 hac
2161 505 2298 542 nar-

648 584 869 638 ratione
898 582 1042 638 satis
1074 582 1295 636 indicat
1319 598 1381 636 se
1425 582 1611 637 favere
1662 578 2006 652 patriarchas
2022 577 2285 645 Arsenio,

646 679 702 729 et
732 661 1324 742 injuste‘damnatum
1359 675 1618 742 putasse.
1655 668 1815 724 Unde
1843 662 2069 720 σύνοδον
2113 683 2148 721 a
2172 682 2290 736 qua

645 764 965 816 damnatus
998 764 1086 813 est
1108 755 1351 830 αἰψηρήν
1379 760 1662 826 vocando,
1696 758 1858 812 visus
1901 764 1988 811 est
2027 754 2287 810 indicare

645 847 1200 918 voluissejudicium
1217 847 1372 902 istud
1390 846 1990 918 ejuspraafestinatum
2006 843 2286 915 etcupide

642 937 933 1011 perlatum
966 937 1168 1003 fuisse,
1198 936 1256 990 in
1281 936 1524 1006 gratiam
1551 934 1923 1006 imperatoris
1944 932 2287 988 incumben-

640 1027 717 1081 tis
749 1027 807 1080 in
843 1025 1118 1080 ultionem
1165 1025 1399 1078 duritiei
1461 1024 1825 1094 patriarchaa,
1879 1023 2070 1093 potius
2102 1036 2280 1091 quam

639 1131 704 1170 ex
740 1115 920 1184 culpis
953 1115 1181 1168 merito.
1211 1113 1458 1167 Adhibet
1492 1118 1546 1166 et
1568 1112 1705 1166 alibi
1735 1112 1884 1166 hanc
1931 1110 2096 1178 quasi
2146 1126 2281 1180 pro-

641 1203 960 1258 verbialem
1004 1201 1316 1256 formulam
1363 1201 1763 1273 Pachymeres,
1815 1205 1880 1254 ut
1928 1200 2031 1254 lib.
2063 1215 2120 1264 v,
2149 1215 2276 1269 cap.

637 1292 728 1362 42,
765 1293 875 1347 sub
898 1292 1112 1359 finem;
1149 1290 1248 1345 ubi
1281 1306 1417 1344 cum
1451 1290 1623 1345 ambo
1655 1289 1823 1344 codd.
1858 1289 1898 1342 B
1927 1293 1982 1342 et
2007 1289 2052 1342 A
2101 1286 2280 1341 habe-

637 1386 765 1437 rent
798 1378 958 1433 λῦσαι
983 1376 1040 1432 δὲ
1074 1380 1353 1451 Ααιψηρήν
1399 1377 1626 1451 ἀγορὴν,
1689 1377 1997 1432 manifesto
2051 1376 2274 1442 mendo,

636 1487 815 1526 manu
850 1469 1176 1524 remedium
1199 1467 1508 1523 attulimus
1540 1468 1949 1532 rescribentes,
1997 1468 2062 1519 ut
2106 1480 2278 1535 opor-

634 1560 766 1628 tuit,
803 1561 958 1611 Αὖσεν
996 1554 1288 1630 δἀἷψηρήν
1320 1555 1546 1631 ἀγορὴν,
1572 1573 1639 1611 ea
1669 1555 1862 1624 verba,
1901 1557 1965 1608 ut
2013 1551 2276 1624 plerum-

632 1666 746 1720 que
777 1648 940 1716 solet,
974 1648 1031 1701 in
1064 1663 1310 1702 occursu
1342 1644 1785 1700 abhorrentium
1818 1661 1851 1698 a
1881 1640 2106 1713 vulgari
2140 1657 2272 1707 usu,

630 1752 833 1792 secure
855 1737 1158 1790 omittente
1189 1733 1465 1789 Vaticano
1495 1733 1713 1788 codice.

698 1861 1013 1923 Ἀκάθιστος
1075 1879 1127 1932 p.
1189 1860 1343 1913 257..
1395 1857 1811 1914 Celebrabatur
1864 1854 1970 1909 hoc
2056 1854 2269 1907 festum
2303 1871 2348 1933 Β

622 1950 906 2013 ἀκάθιστον
940 1950 1160 2004 dictum
1218 1951 1297 2017 τῷ
1353 1939 1618 2016 Σαϐϐάτῳ
1650 1949 1748 2011 τῆς
1798 1943 2053 2014 πέμπτης
2113 1936 2267 1994 E080-

626 2037 797 2113 μάδος
839 2044 939 2105 τῆς
971 2042 1425 2110 τεσσαρακοστῆς,
1486 2037 1566 2090 ait
1613 2034 1837 2089 Rituale
1895 2032 2264 2087 Graecorum:

625 2132 732 2186 hoc
771 2135 862 2186 est
893 2131 1125 2184 Sabbato
1163 2130 1377 2199 quinta:
1424 2125 1764 2180 hebdomatis
1797 2122 2263 2192 Quadragesimae.

621 2221 786 2278 Unde
817 2225 1196 2291 apparetquo
1221 2216 1508 2288 pertineat
1555 2214 1655 2269 illa
1704 2214 1920 2268 mentio
1967 2215 2075 2264 τῶν
2110 2211 2267 2278 συνή-

615 2310 720 2362 θων
752 2311 1013 2376 νηστειῶν
1068 2304 1440 2377 τελουμένων.
1489 2304 1760 2376 Origines
1814 2318 1984 2374 porro
2033 2301 2266 2356 institu-

615 2398 794 2454 tionis
817 2398 986 2453 istius
1019 2397 1147 2452 festi
1165 2396 1292 2451 fuse
1319 2396 1694 2449 disseruntur
1722 2393 1778 2446 in
1803 2391 2006 2446 eodem
2024 2388 2260 2445 Rituali.

609 2488 739 2544 Haec
779 2504 1010 2542 summa
1065 2491 1174 2541 est.
1239 2485 1499 2538 Profecto
1532 2483 1593 2537 in
1638 2481 1934 2537 Persidem
1983 2488 2263 2534 adversus

613 2578 907 2633 Chosroen
943 2574 1207 2636 Heraclio
1240 2574 1618 2646 imperatore,
1643 2570 1949 2643 Chaganus
1965 2569 2259 2641 Mysorum

612 2672 670 2722 et
724 2665 1072 2738 Scytharum
1131 2665 1270 2732 dux,
1329 2667 1502 2734 rupto
1550 2678 1683 2717 cum
1717 2658 1994 2716 Romanis
2027 2657 2258 2721 foedere,

611 2757 766 2813 536
795 2755 866 2810 ab
910 2754 1182 2812 Occiduis
1251 2751 1520 2824 partibus
1579 2766 1712 2804 cum
1770 2745 2258 2804 numerosissima

607 2845 864 2900 exercitu
919 2842 1170 2898 infestus
1225 2838 1794 2911 Constantinopolim
1848 2853 1908 2894 se
1964 2836 2256 2903 admovet,

610 2934 780 2989 obvia
810 2948 1055 3006 quaeque
1095 2932 1241 2986 finde
1269 2934 1510 2986 vastans
1537 2927 1793 2984 etmulta
1826 2925 2168 2997 blaspheme
2195 2924 2252 2980 in

611 3024 795 3084 Deum
833 3026 1085 3078 minans.
1113 3022 1326 3076 Eodem
1358 3025 1626 3092 tempore
1655 3018 1940 3073 Sarbarus
1972 3017 2192 3071 missus
2221 3032 2255 3071 a

605 3113 856 3168 Chosroe
888 3128 1020 3166 cum
1054 3110 1240 3183 copiis
1269 3109 1651 3173 validissimis
1673 3105 1998 3163 Orientales
2020 3103 2253 3178 provin-

600 3203 721 3258 cias
753 3201 866 3256 late
901 3200 1217 3273 populatus
1247 3204 1305 3254 et
1336 3199 1458 3270 ipse
1491 3197 1758 3254 alteraex
1787 3195 2246 3268 parteConstan-

600 3290 910 3364 tinopolim
944 3290 1300 3362 aggreditur,
1335 3292 1484 3344 ferro
1516 3287 1875 3357 flammaque
1908 3285 2244 3356 passimsaa-

595 3382 778 3437 viens.
805 3381 943 3436 Inde
969 3397 1038 3435 ex
1070 3379 1395 3452 composito
1424 3377 1660 3433 Barbari
1693 3379 1863 3431 ambo
1887 3381 2043 3430 terra
2062 3374 2242 3429 mari-

592 3487 705 3541 que
739 3471 945 3526 urbem
981 3468 1158 3524 simul
1193 3471 1552 3540 oppugnant.
1591 3466 1701 3522 Sed
1735 3482 1868 3520 cum
1910 3463 2245 3535 patriarcha

590 3559 831 3630 Sergius
865 3558 1147 3629 populum
1181 3557 1250 3610 ad
1286 3555 1588 3610 {idendum
1622 3553 1680 3607 in
1712 3551 1965 3622 Deiparze
1992 3552 2241 3622 patroci-

595 3649 691 3703 nio
725 3649 1036 3719 ipsamque
1068 3645 1453 3700 invocandam
1475 3661 1587 3698 non
1616 3643 1830 3696 frustra
1848 3647 2001 3694 esset
2027 3639 2240 3692 adhor-

587 3743 896 3806 tatus,tam
931 3735 1241 3792 manifesta
1273 3734 1358 3787 ira
1389 3733 1486 3788 Dei
1523 3733 1579 3787 in
1615 3736 1934 3801 utrumque
1962 3727 2237 3783 hostilem

584 3827 902 3883 exercitum
929 3825 1218 3891 incubuit,
1255 3828 1318 3878 ut
1349 3828 1409 3878 et
1436 3827 1750 3877 terrestres
1811 3817 1990 3891 copias
2049 3817 2235 3872 inter-

585 3919 829 3975 necione
863 3917 1218 3984 delerentur,
1253 3919 1307 3969 ct
1333 3913 1542 3968 classis
1567 3912 1843 3967 universa
1871 3916 2073 3965 exortu
2103 3925 2234 3982 pro-

576 4008 733 4064 cella:
767 4008 994 4071 subitae,
1030 4024 1096 4061 ex
1128 4007 1258 4061 sinu
1291 4005 1513 4060 Ceratis
1546 4001 1700 4057 dicto
1732 4002 1803 4056 ab
1828 4000 2234 4055 substructio-

575 4115 679 4153 nes
715 4098 915 4168 templi
973 4097 1229 4166 Deipara:
1264 4096 1320 4149 in
1353 4093 1549 4147 littore
1583 4092 1650 4144 ad
1688 4090 2044 4144 Blachernas
2108 4089 2229 4155 siti,

571 4186 742 4240 allisa
776 4187 1157 4255 frangeretur.
1191 4183 1249 4238 1n
1275 4182 1598 4253 gratiarum
1625 4179 1915 4234 actionem
1940 4193 2043 4248 pro
2069 4183 2232 4232 tanta

567 4275 810 4331 victoria
834 4273 1088 4347 populus
1115 4268 1647 4340 Constantinopolit
1670 4285 1818 4324 anus
1848 4273 2074 4322 noctem
2100 4284 2228 4339 per-

572 4363 838 4436 vigilavit
866 4363 921 4416 in
958 4362 1232 4416 laudibus
1265 4359 1541 4430 Deiparte,
1568 4362 1625 4412 et
1672 4355 2072 4412 anniversaria
2126 4357 2230 4411 de-

571 4454 775 4524 inceps
823 4452 1104 4522 religione
1135 4451 1282 4506 idem
1320 4454 1586 4520 repetens
1621 4446 1854 4500 initium
1889 4446 2048 4500 dedit
2092 4445 2228 4502 huic

577 4543 909 4612 t'estn,quod
933 4540 1139 4594 deinde
1160 4540 1213 4592 in
1251 4554 1529 4611 prennem
1545 4537 1823 4591 firmitate
1850 4534 2221 4591 “eststabili-

1707 374 1769 424 P.
1812 371 2088 427 POSSINI
2124 366 2742 423 OBBERVATIONUM
2780 369 2911 423 LIB.
2955 374 2998 424 Ι.

3915 378 4064 432 1000

2409 495 2842 559 oppugnantes,
2876 491 3002 562 jam
3045 493 3285 563 jamque
3335 499 3400 549 ut
3447 496 3765 567 sperabant
3794 503 4055 570 capturi.

2401 576 2654 646 Deiparae
2686 594 2854 632 suam
2889 579 3093 634 urbem
3161 582 3383 637 tuentis
3442 600 3550 655 ope
3605 587 3836 640 contriti
3883 593 4052 658 sunt,

2397 665 2654 734 primum
2681 665 2815 736 plus
2835 682 3015 738 quam
3047 667 3256 740 viginti
3281 670 3547 728 millibus
3571 673 3831 744 ipsorum
3853 693 3886 730 a
3908 677 4051 730 Bul-

2393 753 2551 823 garia
2582 753 2768 821 caesis,
2803 755 3019 811 deinde
3053 757 3373 813 lmdissimo
3403 761 3473 814 ad
3501 761 3878 819 Sostbenium
3907 783 4050 820 aau-

2395 841 2580 912 fragio
2638 841 2821 898 classe
2875 846 3134 901 maxima
3179 863 3249 901 ex
3299 853 3461 918 parte
3508 851 3729 908 deleta:
3782 854 4044 926 denique

2393 947 2545 986 saeva
2588 931 2741 988 fame
2771 933 3033 1004 ipsorum
3067 936 3325 1008 reliquiis
3351 943 3622 1010 usquead
3648 959 3814 997 esum
3839 945 4050 999 huma-

2394 1034 2602 1074 norum
2650 1021 3022 1091 cadaverum,
3093 1024 3236 1096 quin
3312 1034 3368 1082 et
3421 1035 3769 1097 stercorum,
3820 1035 4047 1089 adactis

2391 1109 2532 1163 dum
2566 1113 2649 1164 tot
2674 1110 2829 1166 mala
2858 1113 3027 1183 pauci
3053 1117 3400 1186 superstites
3422 1117 3755 1191 fungientes
3786 1138 3920 1177 cum
3948 1139 4041 1177 re-

2388 1196 2575 1252 siduis
2606 1199 2854 1270 navigiis
2889 1217 2990 1272 per
3019 1203 3272 1274 Egzseum
3303 1213 3568 1277 currunt,
3601 1208 3871 1265 immissa
3892 1211 4046 1264 divi-

2389 1286 2546 1341 nitus
2596 1289 2880 1359 grandine
2927 1293 3171 1363 ardenti,
3228 1297 3397 1366 cujus
3447 1298 3634 1353 fervor
3683 1299 3869 1370 picem
3921 1317 4040 1371 qua

2385 1376 2595 1430 tabula:
2629 1378 2863 1432 navium
2881 1379 3404 1451 agglutinabantur
3421 1386 3738 1456 liquefacit,
3764 1405 3900 1444 cum
3923 1407 4032 1444 sua

2386 1464 2464 1518 ibi
2498 1481 2702 1520 omnes
2724 1467 2911 1523 classe
2943 1470 3264 1542 perierunt,
3307 1474 3498 1530 tribus
3530 1481 3757 1532 tantum
3779 1478 4030 1534 navibus

2385 1555 2457 1608 ad
2519 1554 2704 1611 cladis
2736 1556 3018 1614 indicium
3081 1561 3322 1617 domum
3375 1564 3671 1621 reversis:
3717 1564 3817 1618 Διὶ
3865 1586 4032 1619 ταυτα.

2385 1644 2648 1713 (subjicit
2704 1645 2856 1701 idem
2906 1651 3126 1720 auctor)
3175 1649 3242 1702 τὰ
3301 1651 3542 1728 ὑπερφυῆ
3593 1653 3867 1725 οᾳυμάσιι
3923 1661 4024 1722 τῆς

2381 1730 2650 1807 πανάγνου
2698 1734 2786 1787 καὶ
2839 1738 3186 1809 Θεομήστορος
3230 1740 3328 1808 τὴν
3376 1745 3648 1816 παροῦσαν
3684 1743 3877 1816 ἑορτὴν
3910 1744 4028 1818 ἑορ-

2379 1823 2632 1893 τάζομεν.
2695 1823 3011 1886 Ἀκάθιστος
3071 1823 3129 1881 δὲ
3178 1833 3430 1902 εἴρηται,
3490 1829 3628 1885 διότι
3688 1828 4026 1903 ἀρθοστάδῃν

2377 1909 2500 1963 τότε
2531 1916 2633 1971 πᾶς
2666 1911 2693 1964 ὁ
2726 1910 2856 1976 λαὸς
2885 1915 3020 1968 κατὰ
3065 1917 3165 1984 τήν
3219 1916 3385 1972 νύκτα
3441 1917 3647 1989 ἐκείνην
3697 1919 3791 1974 τὸν
3849 1921 4022 1992 ὕμνον

2378 2003 2445 2071 τῇ
2477 2003 2577 2053 τοῦ
2628 2003 2810 2076 Λόγου
2865 2005 3030 2076 μητρὶ
3072 2001 3335 2078 ἔμελψαν,
3381 2006 3468 2062 καὶ
3511 2009 3594 2061 ὅτι
3637 2007 3688 2062 ἐν
3741 2013 3872 2061 πᾶσι
3915 2015 4030 2070 τοῖς

2377 2085 2572 2149 ἄλλοις
2632 2086 2806 2152 οἷ’κοις
2861 2092 3124 2159 καθῆσθαι
3181 2091 3234 2163 ἐξ
3292 2091 3444 2157 ἔθους
3501 2092 3689 2170 ἕχοτες
3726 2139 3740 2164 ,
3801 2095 3853 2149 ἐν
3908 2102 4028 2159 τοῖς

2374 2180 2605 2249 παροῦσι
2663 2181 2760 2243 τῆς
2818 2182 3167 2256 Θεομήτορος
3213 2182 3362 2256 ὀρθοὶ
3421 2183 3615 2246 πάντες
3665 2184 4018 2256 ιὶ›ι;>(›ιί›ι.ι.εοςίι⁵

2376 2266 2485 2323 hoc
2536 2274 2656 2324 est:
2723 2271 2955 2342 Propter
3009 2271 3126 2329 haec
3185 2276 3368 2330 omnia
3450 2279 3566 2330 tam
3618 2276 3954 2333 admiranda
3989 2295 4025 2332 a

2371 2359 2683 2414 castissima
2742 2361 2834 2415 Dei
2892 2360 3164 2418 Genitrice
3214 2381 3382 2434 opera
3449 2371 3640 2436 patrat
3696 2371 4031 2437 prasentrm

2370 2446 2517 2501 diem
2561 2449 2760 2517 [astam
2807 2450 3158 2506 celebramus.
3195 2455 3498 2508 Acathistos
3551 2471 3694 2520 vero,
3728 2455 3899 2525 quasi
3927 2473 4026 2511 ca-

2370 2552 2496 2591 rens
2542 2541 2801 2604 sessione,
2852 2539 3030 2595 dictus
3075 2553 3175 2612 est,
3208 2543 3348 2614 quod
3399 2545 3637 2615 populus
3713 2555 3822 2600 tota
3869 2555 4032 2601 nocte

2371 2625 2562 2682 stando
2628 2628 2896 2698 hymnum
2948 2630 3200 2700 Deiparaz
3255 2631 3529 2700 concinet,
3589 2634 3840 2706 quodque
3897 2653 4032 2690 eum

2371 2715 2521 2771 589
2545 2718 2604 2771 in
2634 2716 2765 2772 aliis
2795 2718 3006 2774 edibus
3037 2735 3106 2774 ea:
3133 2736 3283 2776 more
3313 2722 3511 2778 sedere
3549 2721 3739 2792 liceat,
3801 2725 3861 2778 tn
3895 2724 4026 2779 istis

2366 2804 2570 2861 divinae
2597 2805 2788 2861 Matris
2805 2809 2974 2864 erecti
3001 2824 3187 2864 omnes
3206 2814 3412 2868 stantes
3442 2813 3841 2869 auscultamus.

2438 2930 2795 3005 ’Δκτουᾶρίος
2839 2949 2892 3002 p.
2950 2933 3077 2988 530.
3137 2935 3325 2999 Quare
3382 2935 3479 2991 hic
3535 2935 3836 2993 Cabasilas
3898 2955 4021 3010 prae

2364 3021 2589 3077 ceteris
2639 3020 2992 3076 intellexerit
3048 3021 3358 3080 imminere
3415 3031 3660 3081 mortem
3712 3030 4015 3098 egrotanti

2362 3116 2646 3183 Augusto,
2707 3127 2825 3166 non
2875 3110 3050 3167 aliam
3104 3113 3476 3170 comminisci
3529 3114 4012 3172 verisimiliorem

2359 3217 2602 3256 causam
2643 3216 2813 3273 queo,
2845 3218 3024 3272 quam
3056 3203 3212 3272 quod
3246 3202 3382 3259 huic
3404 3219 3473 3259 ex
3503 3203 3697 3260 ofﬁcio
3719 3204 4007 3261 incubue-

2359 3290 2435 3344 rit
2487 3289 2799 3361 peculiaris
2842 3307 2981 3344 cura
3025 3293 3122 3342 τοῦ
3167 3287 3482 3360 νοσηλεύειν
3537 3291 3628 3345 καὶ
3675 3299 4014 3362 νοσοκομεῖν

2355 3371 2767 3441 imperatorem
2793 3371 2997 3426 morbo
3023 3370 3924 3445 laborantem,intima,inquam,
3955 3383 4017 3431 et

2354 3477 2479 3528 qua:
2507 3459 2620 3514 tale
2651 3464 2888 3532 tempus
2920 3461 3202 3531 postulat,
3233 3461 3504 3518 febrienti
3548 3463 3777 3535 corpori
3832 3464 4016 3518 mini-

2352 3548 2528 3605 steria
2557 3549 3196 3620 exhibendi.Curporro
3210 3550 3384 3606 talem
3403 3551 3744 3606 ministrum
3772 3550 4011 3605 ἀκτουά-

2353 3658 2467 3710 ριον
2489 3639 2873 3710 Pachymeres
2905 3645 3229 3704 vocet,uon
3266 3640 3431 3696 facile
3476 3648 3743 3695 occurret
3782 3659 4010 3711 praeoc-

2349 3728 2580 3799 cupatis
2609 3727 2882 3796 opinione
2913 3727 3237 3797 communi,
3271 3745 3448 3799 quam
3497 3736 3736 3785 secutus
3775 3733 4009 3786 Casau-

2348 3816 2724 3883 bonus,notis
2747 3816 2804 3871 in
2837 3815 3194 3872 Trebellium
3244 3817 3590 3885 Pollionem,
3623 3819 4010 3890 reprehendit

2346 3905 2938 3963 PreoniumGraecum
2956 3905 3623 3979 interpretemEutropii,
3647 3908 3800 3979 quod
3820 3925 4004 3978 quam

2346 3997 2403 4051 in
2457 3995 2557 4050 lib.
2616 4013 2674 4050 ιχ
2722 3994 2976 4050 Brevarii
3026 3995 3386 4066 Eutropiani,
3434 3997 3531 4051 ubi
3587 3998 3657 4051 de
3688 3996 3995 4053 Victorino

2345 4086 2559 4157 agitur,
2595 4085 2798 4139 Latine
2849 4085 3126 4154 scriptam
3172 4094 3460 4155 repererat
3491 4085 3738 4141 actuarii
3766 4103 3999 4154 vocem,

2343 4176 2472 4246 ipse
2495 4175 2694 4229 Graeca
2724 4173 3309 4247 ὑπομνηματογράφου
3343 4190 3458 4229 non
3504 4175 3840 4242 reddiderit,
3888 4177 3994 4231 sed

2341 4265 2638 4337 propriam
2671 4279 2799 4318 eam
2832 4263 2934 4318 viri
2970 4279 3182 4318 nomen
3215 4264 3526 4334 putaverit,
3559 4264 3617 4318 in
3641 4281 3757 4336 quo
3780 4281 3996 4320 secun-

2337 4356 2412 4410 do
2461 4356 2588 4409 sine
2639 4353 2818 4410 dubio
2868 4354 3139 4409 Paeonius
3184 4355 3459 4425 peccavit.
3497 4360 3594 4410 Est
3651 4355 3806 4410 enim
3869 4355 3995 4411 illle

2339 4462 2408 4500 ex
2439 4443 2696 4500 auctoris
2730 4447 2924 4498 mente
2951 4445 3259 4510 actuarius,
3292 4448 3358 4499 ut
3388 4460 3456 4499 ex
3499 4443 3730 4500 Aurelio
3761 4444 3995 4502 Victore

2337 4539 2395 4590 et
2421 4532 2708 4590 Trebellio
2766 4531 3044 4603 Pollione,
3106 4549 3254 4604 quos
3313 4533 3633 4605 Eutropius
3681 4535 3990 4604 exscribit,

568 4611 1324 4702 tumDuplicialioDeiparss
1341 4626 1794 4683 beneﬁcio.Nam
1812 4642 1946 4680 cum
1981 4631 2228 4695 postan-
2262 4611 2308 4674 D
2339 4623 2669 4678 clarissime
2693 4625 2851 4692 patet
2882 4638 2995 4675 non
3032 4623 3334 4693 proprium
3365 4625 3765 4694 persona,sed
3789 4624 3991 4696 appel-

568 4739 711 4777 num
725 4721 1089 4776 tricesimum
1107 4714 2222 4788 sextumimperiiConstantiniPogonati

570 4812 997 4867 Saracenorum
1021 4805 1486 4864 innumerabiles
1519 4805 1696 4876 copiae
1727 4805 2218 4876 Constantinopo-

560 4899 666 4955 lim
700 4905 823 4955 toto
878 4899 1187 4972 septennio
1245 4895 1790 4960 circumsedissent,
1824 4893 2076 4948 evidenti
2111 4910 2219 4964 ope

560 4991 887 5064 implorata:
923 5007 956 5046 a
981 4984 1649 5057 Constantinopolitanis
1685 4984 1741 5038 in
1774 4983 2058 5038 auxilium
2085 4983 2212 5038 Dei-

560 5098 715 5152 paraa
775 5081 1031 5151 primum
1093 5077 1418 5133 hiemantes
1459 5074 1647 5147 Cyzici
1697 5071 1912 5128 multos
1969 5089 2211 5127 suorum

558 5170 832 5233 amisere,
867 5187 1002 5224 mox
1033 5172 1191 5223 metu
1227 5167 1286 5220 in
1318 5165 1516 5236 fugam
1549 5163 1736 5218 classe
1795 5167 1926 5218 acta
1974 5162 2043 5216 ad
2105 5162 2214 5232 Sy—

552 5260 728 5315 lazum
754 5263 838 5329 [P.
859 5259 985 5330 366]
1003 5258 1314 5329 ingruente
1346 5253 1672 5309 saevissima
1707 5256 2056 5323 tempestate
2071 5251 2212 5305 sub-

555 5351 734 5405 mersi
794 5349 987 5404 cuncti
1028 5353 1189 5402 sunt.
1249 5345 1549 5400 Postremo
1599 5342 1706 5397 sub
1764 5342 1953 5396 Leone
2008 5342 2208 5396 Isauro

556 5440 769 5496 Iisdem
803 5437 1076 5494 Saraceni
1109 5434 1368 5491 victoriis
1415 5431 1651 5499 tumidi,
1696 5431 1851 5502 quod
1896 5435 2210 5486 Persarum

550 5546 733 5600 regnu
749 5546 802 5583 ni
823 5520 2208 5597 evertissent.Egyptum,Africam,Ethiopiam,

555 5620 742 5692 ipsam
778 5619 952 5673 etiam
991 5615 1329 5689 Hispaniam
1367 5610 1809 5667 incursionibus
1856 5614 2208 5677 vastassent,

555 5726 689 5768 cum
726 5707 886 5767 mille
925 5706 1278 5782 octingentis
1331 5703 1577 5762 navibus
1636 5699 2207 5774 Constantinopolim

2332 4712 2576 4769 lativum
2621 4709 2995 4779 vocabulum,
3056 4709 3184 4764 vita:
3236 4727 3424 4782 genus
3474 4717 3532 4767 et
3583 4713 3989 4769 conditionem

2330 4801 2686 4872 exprimens.
2722 4805 2799 4854 De
2834 4803 3038 4854 caetero
3084 4804 3414 4856 erraturum
3465 4801 3752 4858 contendo
3797 4802 3990 4859 fuisse

2328 4890 2646 4959 Paeonium,
2715 4889 2764 4943 si
2816 4886 3390 4965 ὑπομνηματογράφον
3425 4906 3529 4961 pro
3572 4891 3832 4947 actuario
3870 4909 3984 4964 po-

2328 4980 2564 5045 suisset,
2617 4994 2871 5032 errorem
2939 4994 3141 5034 eorum
3199 4978 3299 5049 qui
3331 4978 3586 5050 speciem
3619 4997 3723 5051 pro
3753 4997 3971 5053 genere

2327 5073 2638 5140 usurpant.
2671 5069 2970 5132 Quantum
3000 5066 3157 5122 enim
3187 5084 3256 5122 ex
3287 5068 3491 5123 multis
3538 5069 3822 5141 colligens
3868 5088 3982 5126 au-

2326 5165 2510 5225 tumo,
2545 5156 2785 5212 actuarii
2819 5155 3138 5211 universim
3172 5157 3471 5223 dicuntur,
3505 5159 3607 5229 qui
3649 5158 3982 5217 ministeria

2327 5247 2641 5304 humiliora
2668 5263 2812 5300 usus
2844 5245 3173 5317 quotidiani
3205 5262 3354 5318 opus
3377 5246 3472 5301 his
3507 5247 3861 5304 habentibus
3880 5252 3982 5306 ad-

2323 5341 2548 5406 hibent,
2593 5336 2798 5408 quales
2829 5335 2980 5391 servi
3031 5335 3380 5409 plerumque
3427 5339 3725 5396 veteribus
3775 5348 3971 5406 erant,

2322 5431 2478 5486 unde
2509 5445 2622 5484 non
2658 5443 2845 5497 usque
2876 5425 3019 5480 adeo
3049 5425 3319 5497 imperite
3350 5426 3502 5485 idem
3544 5429 3810 5485 Paeonius
3842 5424 3974 5483 δού-

2321 5516 2423 5573 λου
2445 5533 2644 5572 vocem
2688 5511 2998 5588 ἀκτουαρίῳ
3058 5514 3475 5584 ωἰ]υηχίῐ.8ιιὸ
3526 5517 3634 5572 hac
3666 5518 3971 5575 universa-

2320 5608 2483 5665 litate
2517 5603 2896 5661 familiarium
2929 5601 3978 5679 administrorumputocompreben-

2318 5717 2416 5758 808
2443 5693 3026 5765 commentarienses,
3083 5691 3717 5772 ὑπομνηματογράφους,
3767 5698 3872 5755 sed
3915 5703 3976 5756 et
