4210 6448
233 381 370 441 ιοοι

1695 379 2177 436 GNARIW.

3497 384 3635 438 1002

228 502 562 579 νοσοκόμοος
591 503 958 560 inﬁrmorum
992 504 1289 558 curatores
1335 507 1394 558 et
1453 502 1761 574 chirurgos
1817 505 1876 557 et
1905 504 1956 568 Α
1985 502 2228 558 hensus.
2269 502 2375 567 Qui
2408 502 2531 573 ipse
2560 503 2884 559 Salmasius
2917 504 3054 558 dum
3083 505 3324 576 subjicit
3355 507 3632 562 militares

227 598 436 652 horum
469 595 527 648 in
552 592 754 664 quavis
787 590 917 645 vitae
943 591 1291 646 necessitate
1329 596 1431 646 aut
1460 592 1874 647 commoditate

228 683 610 753 subadjuvas.
641 679 910 744 Qualium
941 695 1072 733 cum
1106 678 1418 748 plurimam
1434 697 1562 735 esse
1585 684 1877 751 oporteret

227 773 459 841 copiam
484 760 859 838 in'obsequio
891 771 1218 821 castrorum
1252 771 1674 836 Romanorum,
1705 784 1773 823 ex
1807 768 1875 821 iis

228 862 410 918 fuisse
471 876 584 913 non
645 873 821 927 parva
891 872 959 910 ex
1019 861 1182 926 parte
1237 857 1555 911 conflatum
1628 857 1877 912 arbitror

225 950 624 1006 actuariorum
657 961 890 1016 corpus,
945 945 1099 1014 quod
1159 944 1432 1000 Aurelius
1491 945 1689 1000 Victor
1718 944 1877 999 illam

223 1040 415 1110 ipsam
446 1035 724 1090 Victorini
759 1035 990 1106 tyranni
1019 1049 1118 1102 per
1149 1034 1544 1088 Attititianum
1561 1035 1876 1105 quemdam

224 1127 578 1189 actuarium,
604 1124 771 1192 cujus
803 1122 898 1176 ille
931 1138 1167 1176 uxorem
1215 1127 1604 1191 stupraverat,
1666 1139 1876 1193 procu-

225 1221 410 1270 ratam
461 1214 674 1268 cedem
735 1227 1092 1276 memorans,
1149 1211 1435 1266 describit
1493 1212 1585 1266 his
1643 1210 1873 1265 verbis:

225 1315 456 1368 Tantum
499 1308 898 1372 aetuariorum,
946 1324 1183 1377 quorum
1229 1308 1340 1364 loco
1387 1309 1730 1363 Attititianus
1779 1309 1875 1361 ha-

225 1404 479 1461 bebatur.
538 1399 597 1453 in
655 1398 910 1452 exercitu
957 1399 1226 1465 factiones
1284 1400 1487 1465 vigent,
1525 1407 1586 1452 ut
1630 1399 1879 1452 arduum

221 1489 534 1561 petentibus
565 1486 784 1540 malitia
810 1494 1150 1556 patraretur.
1187 1485 1363 1540 Genus
1401 1487 1706 1550 hominum,
1735 1503 1877 1556 prx-

221 1582 415 1634 sertim
455 1580 556 1632 hac
612 1578 952 1646 tempestate,
1010 1591 1273 1645 nequam,
1329 1577 1536 1638 venale.
1586 1576 1876 1643 callidum,

224 1670 575 1734 seditiosum,
638 1666 876 1721 habendi
933 1666 1196 1736 cupidum
1258 1675 1416 1734 atque
1458 1667 1526 1721 ad
1573 1666 1877 1736 patrandas

225 1759 448 1827 fraudes
477 1756 848 1828 velandasque
873 1771 1030 1825 quasi
1088 1773 1126 1809 a
1160 1765 1364 1810 natura
1410 1760 1639 1824 factum,
1698 1771 1873 1810 anno-

227 1865 313 1902 nae
347 1849 664 1911 dominans,
681 1861 846 1914 eoque
871 1845 979 1898 util
989 1861 1041 1898 ta
1057 1846 1384 1898 curantibus
1406 1850 1460 1897 et
1483 1844 1730 1913 fortunis
1751 1861 1874 1898 ara-

225 1945 408 1992 torum
465 1938 748 2004 infestum,
801 1934 1041 2004 prudens
1098 1933 1154 1987 in
1215 1942 1456 2003 tempore
1514 1935 1575 2005 [P
1607 1934 1731 2002 367]
1791 1933 1874 1987 his

222 2024 506 2095 largiendi
527 2039 764 2094 quorum
793 2020 1064 2078 vecordia
1087 2021 1396 2091 damnaque
1427 2038 1548 2090 opes
1579 2025 1873 2076 contraxe-

221 2117 316 2169 rit.
352 2115 482 2170 Haec
514 2112 786 2168 Aurelius
817 2112 1052 2179 Victor;
1085 2128 1211 2181 quae
1243 2117 1453 2166 cuncta
1481 2111 1697 2181 ὑπομνη
1713 2129 1874 2182 pato-

219 2201 474 2278 γράφοις,
527 2200 990 2255 amanuensibus
1049 2204 1150 2253 aut
1205 2201 1613 2270 exceptoribus
1672 2216 1872 2253 eorum

227 2308 356 2363 quas
389 2291 708 2352 dictantur,
741 2289 1048 2344 convenire
1078 2290 1176 2359 qui
1205 2289 1435 2359 dixerit,
1468 2307 1552 2344 nas
1575 2289 1626 2345 is
1659 2288 1874 2344 milites

225 2380 526 2435 Romanos
576 2377 776 2433 fecerit
833 2377 1010 2432 nimis
1063 2378 1369 2432 Iiteratos:
1413 2382 1537 2433 tum
1597 2384 1874 2449 praeterea

222 2467 483 2524 laboravi
541 2466 600 2520 in
673 2466 1032 2536 expedienda
1085 2466 1346 2531 ratione,
1407 2483 1513 2522 cur
1567 2466 1623 2521 id
1687 2483 1875 2538 genus

218 2572 465 2614 annonae
494 2557 883 2612 dominaretur
903 2555 930 2609 7
981 2572 1153 2624 quam
1206 2555 1694 2611 verisimillimam
1719 2557 1874 2613 540

227 2647 462 2715 reddat,
494 2645 593 2717 qui
627 2645 928 2715 paniﬁces,
955 2646 1224 2714 pistores,
1276 2651 1677 2716 opsonatores,
1732 2661 1873 2698 cau-

223 2751 434 2807 pones,
497 2750 737 2805 coquos,
799 2733 1102 2803 propolas,
1155 2734 1490 2804 pincernas,
1548 2737 1874 2788 castrorum

227 2823 512 2878 frumenti
545 2822 830 2877 menstrui
866 2822 1248 2886 dimensores,
1274 2827 1328 2877 et
1349 2827 1586 2877 caeteros
1614 2823 1666 2876 id
1690 2839 1876 2892 genus

222 2912 294 2966 ad
329 2910 770 2966 inserviendum
800 2910 1192 2964 militantibus
1227 2915 1581 2978 auctoratos,
1609 2910 1665 2963 in
1699 2910 1875 2964 istum

223 3016 537 3055 numerum
569 2999 1071 3070 compegerit.Ego
1101 3015 1238 3053 vero
1272 3015 1382 3051 non
1410 3015 1644 3068 parvam
1669 2999 1876 3052 talium

224 3099 636 3154 ministrorum
671 3104 892 3168 partem
947 3098 1128 3152 fuisse
1165 3097 1414 3152 arbilror
1445 3113 1729 3168 aegrorum
1781 3105 1877 3151 aut

224 3189 432 3244 morbo
465 3192 566 3242 aut
612 3187 853 3242 vulnere
901 3203 1210 3258 corporum
1266 3191 1587 3252 curatores,
1640 3186 1871 3240 chirur-

1981 592 2096 645 dici
2137 606 2237 645 eos
2279 591 2379 662 qui
2431 593 2772 646 missionem
2817 610 2850 647 a
2895 592 3104 648 militia
3153 601 3518 666 acceperant,
3571 603 3634 652 ut

1981 679 2322 735 consulares
2354 679 2632 734 dicuntur
2677 681 2774 751 qui
2836 683 3109 737 consules
3169 684 3421 752 fuerant,
3481 685 3628 739 mihi

1981 769 2216 839 quidem
2248 785 2360 823 non
2407 769 2718 839 persuadet
2747 786 2866 823 rem
2909 771 2989 824 ita
3040 787 3272 842 semper
3330 773 3628 840 habuisse,

1981 856 2091 912 etsi
2124 873 2238 911 non
2271 871 2478 928 negem
2536 858 2851 925 aliquando
2909 859 2966 912 id
3028 876 3136 914 usu
3192 861 3441 917 venisse.
3502 863 3626 918 Non

1980 945 2173 1010 credo,
2201 946 2472 1014 inquam,
2495 946 2724 1015 quoties
2753 947 2905 1016 apud
2930 948 3254 1017 quemlibet
3282 952 3627 1020 scriptorem

1979 1033 2248 1087 militaris
2280 1032 2505 1103 aliquis
2554 1034 2787 1101 dicitur,
2843 1034 3014 1089 toties
3070 1034 3317 1106 intelligi
3379 1037 3624 1092 militem

1979 1122 2309 1176 emeritum.
2345 1121 2485 1175 Nam
2520 1138 2670 1192 sepe
2690 1121 2969 1176 militaria
3002 1139 3070 1177 ea
3093 1130 3374 1178 vocantur
3407 1141 3529 1195 quze
3553 1128 3624 1180 ad

1982 1209 2198 1263 milites
2232 1212 2544 1279 pertinent,
2574 1215 2638 1263 ut
2666 1226 2829 1264 arma
2876 1215 2931 1265 et
2975 1211 3323 1266 vestimenta
3353 1218 3410 1266 et
3464 1213 3623 1283 equi,

1979 1304 2035 1353 et
2065 1298 2360 1364 calonum,
2391 1298 2662 1367 lixarum,
2697 1300 3058 1365 institorum,
3112 1303 3212 1371 qui
3262 1311 3453 1358 castra
3512 1303 3627 1358 fre—

1981 1393 2266 1458 quentant
2306 1393 2370 1441 ut
2418 1388 2704 1442 militibus
2757 1389 3096 1454 inserviant,
3152 1390 3426 1446 militaris
3455 1393 3630 1447 turba

1981 1475 2461 1544 dicitur.,Quidni
2493 1493 2628 1546 ergo
2653 1479 2752 1547 qui
2788 1478 3080 1532 militibus
3114 1495 3465 1550 quocunque
3518 1498 3626 1534 no-

1983 1565 2136 1618 mine
2167 1565 2522 1629 ministrant,
2554 1565 2758 1634 quales
2788 1572 2955 1620 erant
2987 1567 3251 1632 actuarii,
3281 1573 3344 1622 ut
3375 1571 3626 1623 ostendi-

1981 1669 2134 1720 mus,
2171 1652 2452 1706 militares
2485 1652 2598 1706 dici
2633 1653 2931 1723 potuerint
2955 1653 2982 1706 ?
3006 1658 3154 1709 Sane
3186 1655 3266 1709 ita
3312 1673 3508 1711 vocem
3562 1658 3626 1711 il-

1979 1741 2094 1795 lam
2130 1746 2467 1810 usurpatam
2502 1758 2533 1795 a
2589 1742 2871 1808 Pollione,
2931 1744 3212 1797 attentius
3265 1746 3440 1800 verba
3497 1748 3625 1816 ejus

1983 1831 2362 1900 perpendenti
2398 1835 2570 1901 patet.
2607 1831 2758 1895 Quia
2789 1831 2942 1884 enim
2977 1833 3245 1886 dicturus
3290 1838 3416 1887 erat
3468 1835 3626 1889 necis

1983 1935 2217 1974 causam
2250 1918 2545 1974 Victorino
2576 1920 2762 1973 fuisse
2797 1935 3034 1974 uxorem
3094 1921 3337 1975 actuarii
3392 1927 3626 1993 stupra-

1981 2013 2125 2075 tam,
2151 2007 2502 2079 praemittere
2521 2007 2688 2061 illum
2713 2010 3138 2079 opportuitnon
3156 2010 3408 2064 militum
3433 2012 3623 2067 solum

1981 2099 2081 2152 sed
2114 2097 2452 2152 militarium
2479 2099 2678 2164 etiam,
2704 2098 3009 2152 hominum
3036 2099 3238 2169 quovis
3263 2102 3454 2156 officio
3481 2103 3623 2156 mili-

1985 2188 2121 2240 tiam
2150 2186 2544 2256 sequentium,
2576 2203 2644 2240 ex
2665 2202 2779 2256 quo
2808 2203 3015 2257 genere
3035 2191 3276 2243 actuarii
3303 2195 3626 2258 erant,ma-

1981 2276 2272 2330 trimoniis
2290 2275 2735 2345 corrumpendis
2759 2291 2890 2329 eum
2915 2293 3143 2347 cperam
3170 2277 3420 2334 dedisse.
3438 2282 3624 2343 Quare

1978 2365 2313 2418 militarium
2344 2381 2450 2417 vox
2494 2365 2562 2417 ad
2618 2363 2789 2434 paulo
2844 2371 2972 2434 post
3011 2366 3310 2434 inductam
3339 2372 3624 2423 actuario-~

1981 2471 2105 2508 rum
2138 2452 2492 2507 mentionem
2524 2453 2775 2523 digitum
2812 2454 3078 2508 intendit.
3132 2456 3226 2509 lla:
3261 2457 3402 2510 mihi
3465 2460 3626 2514 fuere

1982 2542 2320 2612 auspicandi
2355 2558 2564 2607 causae,
2597 2542 2925 2597 Cabasilam
2959 2544 3103 2599 541
3144 2547 3312 2614 cujus
3371 2547 3462 2600 hic
3501 2565 3623 2603 me-

1984 2631 2154 2686 minit
2174 2631 2581 2702 Pachymeres,
2604 2629 2907 2700 νοσοκομον
2929 2637 2985 2686 et
3005 2632 3498 2689 valetudinarium
3525 2654 3627 2690 cu-

1983 2724 2232 2775 ratorem
2269 2719 2532 2773 MiCbaeli
2572 2719 2891 2790 Palaaologo
2917 2721 3622 2793 moribundoadhassisse;

1982 2809 2074 2864 cui
2108 2826 2240 2863 cum
2276 2809 2486 2862 intima
2518 2809 2647 2878 ejus
2692 2811 2973 2879 temporis
3005 2812 3341 2866 admoveret
3365 2814 3624 2869 ministe-

1983 2897 2088 2964 ria,
2115 2896 2282 2950 facile
2313 2896 2485 2966 signa
2517 2895 3012 2950 mortisinstantis
3027 2898 3330 2953 observare
3351 2902 3623 2968 potuerit.

1979 2986 2148 3040 Tales
2179 2986 2330 3038 enim
2366 2985 2817 3055 imperatoribus
2846 2987 3501 3058 Constantinopolitanis
3528 3008 3628 3061 per

1982 3076 2100 3130 haec
2133 3079 2396 3145 tempora
2430 3073 2762 3128 ministrare
2797 3074 3187 3144 consuevisse,
3249 3078 3348 3148 qui
3381 3081 3627 3136 actuarii

1983 3163 2219 3220 nomine
2251 3164 2308 3216 in
2346 3162 2619 3217 Palatinas
2653 3163 2962 3233 dignitatis
2993 3164 3273 3219 honorem
3323 3173 3517 3223 evecto
3570 3170 3626 3225 in

221 3294 350 3349 803’
387 3276 892 3349 pharmacopmos’
938 3238 1436 3343 vaietudinarios;
1485 3238 1746 3345 quam“,
1781 3292 1874 3331 as_
1905 3238 1948 3304 C
1991 3253 2124 3309 aula
2153 3257 2528 3308 versarentur
2553 3253 2822 3306 curandas
2852 3256 3247 3324 Augustorum
3288 3257 3629 3330 valetudini,

224 3367 442 3423 sectari
463 3366 695 3421 solitam
716 3365 1003 3420 exercitus
1018 3365 1311 3419 Romanos
1326 3364 1874 3420 numerosissimam

227 3455 675 3512 multitudinem
708 3472 776 3510 ex
805 3453 997 3509 ofﬁcio
1021 3459 1079 3508 et
1103 3453 1353 3525 publicis
1383 3453 1669 3524 impensis
1719 3459 1878 3508 extra

229 3559 466 3599 omnem
498 3543 884 3597 dubitationis
917 3541 1101 3597 aleam
1137 3548 1244 3597 est.
1279 3543 1466 3612 Atque
1497 3543 1642 3596 adeo
1673 3559 1741 3597 ex
1771 3543 1878 3598 hac

227 3632 638 3688 observatione
671 3637 810 3703 puto
849 3631 1039 3686 lucem
1072 3631 1293 3686 aﬂ‘undi
1327 3632 1398 3686 ad
1430 3630 1876 3702 intelligendum

229 3721 426 3776 locum
461 3721 775 3792 quemdam
809 3721 867 3775 in
902 3720 1135 3775 Novella
1175 3720 1493 3775 Justiniani
1554 3738 1720 3786 cxvn,
1783 3722 1877 3775 ubi

230 3818 614 3891 praescribeas
644 3817 963 3889 imperator
993 3834 1106 3888 qua
1137 3817 1489 3872 certitudine
1519 3818 1729 3872 debeat
1751 3835 1882 3872 mu—

230 3909 363 3963 lieri
399 3924 556 3962 mors
581 3907 687 3961 viri
716 3909 844 3976 ejus
868 3906 1183 3961 militatum
1210 3907 1447 3977 profecti
1482 3912 1769 3971 constare,
1821 3912 1885 3961 ut

233 4000 344 4054 rite
371 3997 559 4068 possit
590 3997 661 4052 ad
709 3996 921 4051 alteras
981 3995 1218 4066 nuptias
1273 3998 1544 4062 transire,
1605 3996 1882 4065 decernit,

231 4087 507 4159 siquidem
539 4088 598 4140 in
630 4086 1030 4140 scholariorum
1060 4083 1235 4139 classe
1270 4085 1358 4139 vir
1386 4085 1484 4139 ille
1534 4085 1820 4150 meruerit,
1854 4103 1888 4140 a

232 4179 439 4245 primis
469 4176 664 4230 schola:
694 4177 752 4229 in
805 4191 970 4245 quam
1010 4180 1246 4244 scriptus
1303 4176 1504 4242 fuerat,
1558 4180 1606 4228 et
1664 4176 1889 4246 insuper

235 4267 304 4321 ab
337 4264 621 4333 actuario,
665 4264 774 4318 hoc
833 4267 943 4331 est,
1003 4268 1067 4317 ut
1124 4263 1351 4334 opinor,
1386 4281 1420 4317 a
1470 4263 1742 4335 chirurgo
1800 4265 1888 4319 vel

238 4354 672 4411 valetudinario
735 4352 1026 4421 ministro,
1061 4353 1161 4422 qui
1224 4352 1488 4407 videlicet
1518 4353 1569 4406 ei
1620 4354 1889 4408 morienti

238 4444 516 4511 astiterit,
546 4443 921 4497 testimonium
940 4441 1319 4512 jurejurando
1378 4441 1669 4508 ﬁrmatum
1726 4443 1892 4497 reddi

239 4535 305 4589 de
333 4550 453 4604 ejus
480 4537 674 4587 morte.
708 4531 900 4585 Verba
932 4529 1076 4600 legis
1108 4530 1230 4584 haec
1253 4535 1428 4585 sunt:
1463 4529 1527 4585 Ei
1589 4527 1644 4582 δὲ
1675 4528 1887 4603 σχολά-

1987 3344 2155 3398 docet
2185 3358 2292 3397 nos
2323 3341 2484 3396 locus
2518 3340 2747 3411 Georgii
2779 3341 3123 3412 Acropolitaa
3162 3342 3221 3397 in
3255 3346 3415 3410 Hist.,
3451 3364 3506 3417 p.
3538 3348 3630 3411 34,

1986 3433 2078 3486 ed.
2112 3431 2251 3501 Reg.
2282 3448 2295 3485 :
2328 3426 2629 3501 Ἀντιλὲγει
2665 3424 2721 3480 δὲ
2765 3432 2881 3489 τοῖς
2917 3427 3232 3501 λεγομένοις
3263 3433 3291 3486 ὁ
3326 3431 3505 3506 ἰατρὸς
3539 3436 3632 3492 Νι.

1986 3519 2186 3580 κόλαος
2223 3561 2237 3584 ,
2295 3517 2430 3590 ἀνὴρ
2490 3515 2686 3584 ἥκιστα
2746 3517 2840 3588 μὶν
2901 3515 3230 3595 φιλοσοφίας
3297 3524 3584 3597 μετασχὼν
3618 3573 3631 3596 ,

1987 3605 2150 3678 ἄκρος
2205 3604 2262 3661 δὶ
2311 3607 2409 3673 τήν
2466 3603 2666 3659 οἶκειαν
2726 3605 2950 3680 τέχνην,
3008 3608 3095 3660 καὶ
3147 3609 3382 3679 μάλιστα
3412 3614 3510 3680 τὴν
3544 3612 3632 3670 διὰ

1988 3697 2177 3770 πείρας
2227 3695 2662 3770 γινωσκομένην.
2726 3694 2872 3750 Πάνυ
2931 3693 2987 3749 δὲ
3040 3697 3195 3760 οὗτος
3254 3701 3505 3774 ἠγαπᾶτο
3562 3710 3628 3778 τῇ

1994 3783 2260 3861 βασιλίδι,
2321 3784 2643 3858 ἀκτουαρίου
2689 3782 2745 3839 δὲ
2804 3785 2922 3860 εἶχε
2975 3789 3164 3859 τιμήν.
3221 3792 3300 3846 En
3360 3794 3632 3852 Nicolaus

1993 3876 2253 3933 medicus
2285 3878 2341 3929 in
2376 3881 2498 3931 arte
2528 3893 2636 3931 sua
2677 3876 2985 3943 excellens,
3017 3884 3075 3933 et
3131 3883 3452 3951 praesertim
3502 3888 3632 3956 ejus

1994 3967 2157 4039 praxi
2185 3971 2361 4037 atque
2401 3983 2510 4020 usu
2560 3967 2780 4032 dexter,
2831 3967 2890 4022 in
2938 3969 3219 4040 obsequio
3265 3978 3390 4028 erat
3442 3977 3639 4032 Irenes

1993 4059 2268 4128 Augustae
2295 4055 2540 4109 actuarii
2574 4056 2856 4126 dignitate
2881 4073 2892 4110 :
2930 4059 3134 4128 quidni
3162 4077 3361 4131 parem
3379 4081 3641 4134 operam,

1999 4145 2115 4217 pari
2148 4150 2586 4199 auctoramento
2610 4145 2788 4211 tituli,
2823 4146 3091 4202 Michaeli
3121 4155 3387 4221 Augusto
3419 4169 3644 4208 memo-

1998 4240 2160 4290 ratus
2192 4233 2301 4289 hoc
2333 4234 2456 4288 loco
2485 4234 2785 4290 Cabasilas
2809 4237 3107 4291 navaverit
3128 4237 3155 4291 ?

2071 4355 2338 4432 Ἀλλάγια
2369 4375 2424 4429 p.
2459 4358 2583 4413 3l0.
2640 4359 2702 4429 [P
2760 4359 2888 4431 368]
2946 4361 3048 4417 Hic
3108 4379 3302 4419 vocem
3363 4363 3651 4442 ἀλλαγίοις

1998 4450 2318 4503 Vaticanus
2350 4447 2747 4519 interpolator,
2781 4453 2844 4502 ut
2865 4450 3013 4504 solet
3042 4454 3278 4520 quando
3308 4472 3423 4510 non
3479 4457 3645 4513 intel-

2002 4538 2153 4609 ligit,
2187 4536 2405 4591 omitit.
2441 4535 2522 4590 Ne
2553 4553 2887 4607 quaeramus
2937 4539 3218 4610 originem
3279 4543 3455 4612 hujus
3485 4563 3654 4601 voca-

244 4641 363 4694 ριος
420 4618 505 4688 εἴη
566 4617 774 4679 ἐκεῖνος
834 4618 895 4670 οὗ
952 4618 1074 4689 περὶ
1131 4615 1388 4684 τελευτῆς
1421 4613 1881 4692 ἡάμφισϐήτησίς

2002 4604 2123 4681 buli
2158 4625 2215 4679 in
2249 4625 2448 4679 Graeca
2478 4604 2700 4695 lingua,
2730 4627 2986 4682 deterret
3005 4604 3208 4684 auctor
3235 4604 3380 4703 ipse:
3403 4635 3502 4704 qui
3537 4653 3652 4690 non

243 4709 379 4779 ἐστι,
440 4708 586 4781 παρὰ
636 4711 745 4760 τῶν
805 4707 1038 4779 πρώτων
1092 4713 1192 4773 τῆς
1242 4704 1456 4779 σχολῆς
1514 4705 1603 4758 καὶ
1661 4705 1890 4759 ἀκτουα-

247 4799 369 4872 ρίου
400 4798 704 4854 etc.Hosce
733 4797 1056 4869 generatim
1083 4797 1378 4851 actuarios
1414 4796 1755 4851 militarium
1791 4815 1891 4851 no-

246 4891 408 4945 mine
456 4888 799 4958 designatos
833 4903 865 4940 a
905 4885 1189 4940 Trebellio
1238 4885 1493 4940 Pollione
1544 4886 1892 4941 crediderim

244 4985 545 5058 equidem,
579 4986 720 5039 dum
777 4983 834 5038 in
895 4981 1043 5037 libro
1103 4983 1178 5037 De
1236 4984 1469 5050 triginta
1521 4984 1778 5054 tyrannis
1826 4984 1897 5038 de

249 5075 569 5138 Victorino,
603 5074 772 5143 cujus
805 5089 984 5142 supra
1016 5071 1281 5140 memini,
1312 5071 1396 5126 sic
1446 5071 1646 5126 scribit
1679 5089 1691 5125 :
1736 5073 1898 5127 Solus

249 5163 566 5221 Victorinus
597 5165 653 5218 in
685 5161 920 5233 imperio
963 5163 1245 5225 remansit,
1308 5160 1406 5231 qui
1453 5165 1504 5216 et
1560 5163 1697 5232 ipse,
1758 5163 1901 5234 quod

247 5254 626 5308 matrimoniis
682 5251 928 5305 militum
987 5258 1038 5304 et
1097 5249 1436 5304 militarium
1482 5250 1901 5318 corrumpendis

248 5359 479 5413 operam
536 5340 716 5408 daret,
747 5358 780 5394 a
837 5341 1072 5412 quodam
1125 5341 1398 5403 actuario,
1457 5341 1613 5410 cujus
1663 5357 1900 5394 uxorem

247 5436 637 5501 stupraverat,
669 5432 971 5496 composita
1021 5427 1263 5496 factione
1309 5428 1632 5497 Agrippinae
1678 5444 1898 5497 percus-

247 5540 366 5592 sus,
400 5528 508 5578 etc.
539 5523 601 5575 In
635 5520 728 5575 his
761 5518 1035 5574 Trebellil
1064 5518 1260 5574 verbis
1291 5518 1632 5574 alterutram
1658 5521 1902 5575 istarum

249 5628 460 5669 vocum
494 5612 742 5666 militum
769 5615 823 5664 et
853 5607 1189 5663 militarium
1220 5608 1584 5680 superﬂuam
1616 5625 1744 5666 esse
1797 5627 1903 5681 pu-

248 5701 399 5760 tavit
424 5700 832 5766 Casaubonus,
875 5699 1011 5769 jure
1056 5698 1115 5753 in
1165 5697 1275 5752 hoc
1303 5714 1338 5754 a
1366 5697 1653 5756 Salmasio
1710 5715 1905 5771 repre-

541 5822 814 5883 ΡΑτιιοι..
862 5819 975 5881 Gn.
1020 5816 1282 5880 CXLIII.

2004 4718 2250 4770 obscure
2305 4715 2525 4768 indicat
2583 4715 2956 4786 peregrinum
3009 4717 3062 4771 id
3099 4734 3229 4774 esse
3279 4723 3331 4775 et
3395 4740 3504 4778 usu
3538 4724 3657 4780 illic

2003 4805 2227 4876 vulgari
2303 4803 2558 4858 militum
2627 4805 2973 4876 plerumque
3032 4813 3366 4865 exterarum
3427 4813 3656 4869 tritum.

2005 4896 2122 4965 Ego
2153 4892 2730 4948 donecverisimilius
2756 4893 2977 4965 aliquid
2999 4897 3201 4952 afferat
3224 4901 3541 4970 quispiam,
3568 4923 3661 4959 su-

2007 4983 2202 5053 spicor
2231 4981 2513 5037 Gallicum
2548 4997 2677 5037 esse
2710 4987 2813 5037 aut
2869 4985 3264 5043 deformatum
3317 5006 3385 5044 ex
3416 4991 3656 5050 Gallico.

2008 5077 2153 5126 Nam
2170 5070 2315 5126 Galli
2337 5070 2694 5138 siveFranci,
2724 5077 2790 5127 ut
2812 5074 3188 5130 notissimum
3231 5082 3337 5144 est,
3387 5085 3662 5150 permulti

2012 5161 2080 5215 ab
2113 5161 2283 5216 annis
2306 5159 2487 5215 ferme
2509 5161 2778 5217 ducentis
2811 5163 3120 5219 occasione
3153 5183 3453 5224 sacrarum
3490 5187 3666 5243 expe-

2013 5250 2302 5304 ditionum
2337 5250 2392 5304 in
2427 5249 2545 5305 illis
2602 5251 2870 5320 partibus
2923 5253 3336 5312 militaverant.
3371 5259 3438 5312 Hi
3495 5278 3667 5332 porro

2012 5356 2144 5394 cum
2181 5339 2405 5394 soleant
2435 5340 2605 5393 sedes
2637 5340 2705 5393 ad
2732 5339 3162 5398 hibernandum
3182 5346 3667 5404 attributasmili~

2013 5429 2175 5483 tibus
2207 5430 2263 5482 in
2299 5427 2461 5499 pagis
2498 5433 2597 5482 aut
2628 5429 2861 5499 oppidis
2893 5431 3291 5501 allogiamenta
3315 5436 3433 5491 sive
3454 5440 3670 5508 allogia

2011 5534 2220 5574 vocare
2252 5517 2444 5586 (hodie
2476 5517 2679 5572 dicunt
2711 5519 2788 5573 les
2818 5520 3091 5591 logcmens
3122 5523 3187 5579 de
3215 5525 3667 5598 gensdeguerre),

2016 5625 2084 5663 oa
2108 5607 2493 5678 Pachymeres
2526 5606 2702 5662 unius
2737 5607 2943 5664 littere
2977 5612 3303 5670 mutatione
3334 5615 3542 5688 allagia
3577 5635 3671 5673 vo-

2019 5697 2257 5755 caverit.
2290 5696 2403 5752 Res
2425 5700 2625 5753 autem
2657 5698 2804 5755 satis
2836 5701 3046 5757 suadet
3075 5701 3224 5774 ipsa,
3271 5703 3386 5760 ista
3431 5722 3674 5779 corpora

3316 5828 3393 5886 32
