4210 6448
597 389 736 447 1003

1669 379 1732 431 Ρ.
1774 375 2048 430 POSSINI
2084 371 2694 432 OBSERVATIONUM
2730 378 2863 432 LIB.
2902 380 2948 431 1.

3871 365 4014 431 1001

601 509 821 568 diversi
855 504 1088 579 generis
1125 501 1378 558 militum
1412 496 1813 554 contuberniis
1871 500 1928 550 et
1983 492 2257 566 hospitiis
2285 494 2338 558 Α
2371 494 2654 552 vetuisset
2697 497 3044 552 nominatim
3091 512 3163 551 ne
3215 496 3388 552 etiam
3433 496 3560 568 ejus
3617 487 4022 554 confessorius

602 603 794 658 fuisse
824 596 1040 657 divisa,
1076 594 1158 647 ita
1217 595 1280 643 ut
1311 587 1716 658 Paphlagones
1747 586 1902 639 verbi
1935 585 2123 655 gratia
2152 599 2266 636 uno

608 693 667 747 in
722 687 934 758 oppido
984 683 1302 737 stationem
1354 677 1658 742 haberent,
1705 675 1958 728 Thraces
2019 673 2075 725 in
2133 671 2266 736 alio,

605 768 1449 849 Phryges,Macedones,Mysi,
1466 765 1639 819 Cares
1660 769 1716 818 et
1739 762 1948 832 reliqui
1974 760 2266 828 similiter,

613 875 789 938 atque
823 865 965 919 adeo
999 865 1082 914 tot
1107 863 1309 913 essent
1340 870 1585 923 corpora
1616 858 1756 922 quot
1787 851 2002 920 allogia
2033 851 2151 938 sive
2174 849 2272 902 ho-

611 937 790 1028 spitia
824 956 925 1007 aut
960 949 1085 1003 loca
1118 943 1381 1000 hibernis
1416 943 1720 1009 attributa,
1753 941 1906 994 unde
1957 937 2272 992 invaluerit

612 1051 676 1100 ut
709 1045 846 1114 ipsae
881 1039 991 1092 illa:
1025 1036 1284 1106 legiones
1316 1031 1534 1104 allogia
1556 1028 2268 1098 siveallagiadiccrentur.

610 1139 742 1188 Haec
769 1131 815 1187 si
851 1130 1044 1184 minus
1077 1122 1332 1194 cuipiam
1352 1119 1979 1188 arriserint,remittam
1999 1114 2270 1186 equidem

612 1224 744 1293 ejus
776 1235 954 1274 causa
988 1233 1100 1270 non
1136 1217 1374 1283 gravate
1421 1211 1490 1264 de
1545 1210 1765 1279 origine
1815 1224 1879 1261 ac
1931 1205 2269 1260 notatione:

617 1313 686 1367 de
720 1310 954 1365 notione
987 1305 1224 1376 quidem
1258 1300 1414 1354 vocis
1448 1315 1647 1352 vereor
1705 1302 1769 1350 ut
1827 1295 2071 1366 possim,
2135 1309 2266 1346 cum

616 1404 745 1471 ejus
779 1402 1076 1452 auctorem
1113 1393 1354 1447 habeam
1390 1389 1692 1443 idoneum.
1746 1386 2029 1455 Georgius
2061 1387 2268 1451 Acrop.

612 1507 661 1544 ο.
694 1489 787 1542 59.
815 1489 987 1547 Hist.,
1022 1500 1080 1553 p.
1113 1482 1184 1536 66
1231 1480 1301 1534 ed
1345 1479 1507 1548 Reg.,
1565 1477 1636 1530 de
1674 1476 1927 1544 quodam
1979 1475 2268 1528 Constan-

615 1578 740 1632 tino
773 1572 1104 1644 Margarite,
1141 1568 1395 1640 primum
1430 1566 1572 1619 dicit
1596 1565 1778 1618 fuisse
1811 1562 1973 1616 illum
2028 1556 2270 1632 ἄρχοντα

621 1661 891 1736 ἀλλογίου
924 1659 1105 1712 αὐτοῦ.
1144 1656 1426 1711 nimirum
1461 1654 1602 1724 imp.
1631 1650 1942 1736 Theodori;
1976 1654 2100 1736 tum
2139 1663 2269 1736 pag.

619 1735 901 1825 sequente
933 1750 988 1803 id
1023 1749 1217 1818 ipsum
1251 1745 1547 1815 explicans
1571 1742 1651 1795 ait
1675 1760 1687 1806 ;
1711 1740 1772 1794 Ὀ
1796 1735 1850 1790 δὲ
1882 1735 2132 1811 βασιλεὺς
2155 1735 2279 1789 Θεό-

627 1840 800 1915 δωρος
834 1841 1076 1913 ἄρχοντα
1100 1841 1199 1902 τῆς
1247 1831 1411 1885 αὐτοῦ
1465 1828 1820 1899 κατωνόμακε
1848 1826 2069 1902 τάξεως.
2127 1827 2279 1879 Con-

625 1912 956 1988 stantinum
991 1924 1358 1996 Margaritem
1385 1937 1559 1992 quem
1594 1925 1726 1973 ante
1760 1919 1983 1971 dixerat
2015 1912 2279 1984 ἀλλαγίου

629 2017 899 2095 βασιλέως
934 2017 1200 2089 ἀρχοντα,
1237 2028 1392 2067 nunc
1418 2015 1585 2064 vocat
1637 2005 1878 2079 ἄρχοντα
1921 2010 2020 2071 τῆς
2081 2004 2279 2073 τάξεως

628 2092 943 2185 βασιλικῆς.
1007 2105 1194 2176 Igitur
1247 2102 1399 2156 idem
1447 2097 1593 2166 τάξις
1639 2102 1696 2150 et
1755 2093 2044 2185 ἀλλάγιον.

623 2181 818 2254 autem
853 2202 908 2251 et
933 2192 1178 2267 τάγματα
1210 2191 1472 2261 legiones
1505 2192 1608 2243 aut
1639 2185 1907 2240 cohortes
1951 2181 2163 2238 Graecis
2195 2181 2280 2235 di-

621 2295 745 2344 ctas
779 2287 913 2358 quis
944 2284 1131 2340 nescit
1158 2281 1276 2352 (1)?

693 2377 846 2434 542
878 2366 1197 2428 Ἀλϐανῖται
1235 2387 1287 2438 ρ,
1320 2369 1447 2436 257,
1485 2366 1615 2437 Agit
1646 2366 1716 2418 de
1767 2362 1974 2417 vicinis
2033 2360 2282 2432 Dyrrha-

621 2467 752 2522 chio
787 2461 1040 2536 populis,
1075 2465 1176 2516 aut
1200 2459 1394 2530 potius
1429 2453 1794 2510 suburbanis
1827 2451 2082 2506 rusticis.
2117 2449 2281 2503 Alba-

625 2571 836 2611 norum
868 2552 1164 2623 regionem
1190 2549 1246 2602 iu
1266 2545 1605 2601 Macedonio
1630 2541 1977 2596 Ptolemaeus
1995 2536 2276 2609 agnoscit.

627 2645 798 2700 Porro
833 2641 1075 2711 antiqua
1105 2637 1442 2691 Macedonia
1476 2630 1787 2704 postremis
1819 2630 1976 2683 hisce
2009 2627 2275 2682 Orienta-

625 2732 699 2788 lis
730 2730 957 2801 imperii
981 2724 1339 2782 senescentis
1366 2720 1728 2791 temporibus
1754 2718 1808 2771 in
1828 2714 2282 2788 quatuordivisa

625 2829 820 2894 partes
855 2820 1113 2892 priscum
1141 2829 1349 2868 nomen
1383 2812 1440 2864 in
1475 2809 1600 2864 sola
1647 2803 2279 2894 mediterraneaﬂreti-

626 2893 856 2966 nuerat.
894 2912 1028 2962 Pars
1059 2920 1192 2959 vero
1220 2904 1348 2972 ejus
1379 2899 1625 2954 conﬁnis
1647 2896 1947 2951 Dalmatiae
1971 2900 2027 2948 et
2056 2893 2280 2964 Illyrico

622 2999 871 3056 Albania
895 2999 1020 3068 jam
1057 3000 1222 3056 tunc,
1249 2992 1332 3046 uti
1367 2996 1423 3044 et
1465 2988 1656 3055 hodie,
1691 2984 2134 3056 appellabatur;
2183 2982 2281 3036 ubi

629 3094 754 3144 erat
784 3081 1279 3156 Dyrrhachiensis
1306 3081 1530 3144 civitas,
1553 3077 1721 3146 cujus
1737 3089 1908 3128 casus
1932 3078 2097 3127 terra
2122 3075 2279 3125 motu

627 3194 838 3235 eversae
889 3175 983 3230 hic
1037 3175 1420 3228 memoratur;
1477 3168 1557 3220 Ex
1604 3164 1852 3219 Albania
1909 3177 2081 3232 porro
2129 3165 2283 3214 recte

626 3266 845 3340 gentile
881 3279 1090 3318 nomen
1119 3263 1402 3315 formatur
1433 3254 1741 3310 Albanitae.

696 3349 1024 3426 Ἀμηραλῆς
1071 3368 1126 3422 p.
1177 3348 1300 3403 508.
1362 3345 1608 3399 Videtur
1667 3355 1952 3412 usurpare
2013 3334 2275 3410 ἀμηραλῆ

626 3451 692 3500 ut
725 3443 1028 3516 proprium
1061 3439 1167 3494 viri
1204 3451 1437 3501 nomen,
1470 3447 1809 3504 quanquam
1830 3427 2076 3483 etvideri
2095 3427 2280 3497 possit

626 3532 1040 3605 appellativum
1072 3524 1422 3583 vocabulum
1450 3520 1772 3593 dignitatis,
1794 3518 2127 3588 praefectum
2155 3531 2275 3605 ma-

627 3603 1046 3686 ris—indicans;
1081 3616 1251 3687 cujus
1283 3617 1338 3669 et
1365 3608 1619 3667 notionis
1651 3614 1708 3663 et
1739 3605 1894 3661 vocis
1927 3621 2101 3660 usum
2135 3603 2278 3658 satis

629 3712 917 3767 celebrem
954 3707 1107 3778 apud
1143 3706 1249 3758 hos
1281 3702 1597 3772 scriptores
1629 3697 1970 3766 Neograecos
2004 3693 2196 3763 quivis
2219 3691 2276 3745 in

624 3802 699 3858 iis
723 3803 990 3856 versatus
1017 3795 1200 3860 novit,
1233 3798 1287 3847 et
1320 3793 1484 3846 docet
1512 3785 1803 3844 Meursius
1837 3785 2009 3838 verbo
2034 3780 2277 3853 Ἀμηρά-

625 3888 748 3952 λιος
779 3894 833 3945 et
864 3889 1135 3960 ’Λμηρᾶς.
1171 3888 1285 3954 Ego
1313 3882 1440 3936 sine
1468 3875 1804 3951 przejudicio
1840 3889 1958 3928 rem
1987 3874 2275 3943 integram

623 3981 683 4036 in
720 3980 911 4034 medio
945 3977 1230 4045 relinquo,
1260 3971 1596 4043 exprimens
1632 3969 1687 4019 in
1741 3964 2006 4019 versione
2061 3962 2278 4017 Latinis

619 4069 829 4125 litteris
859 4083 985 4122 eam
1022 4066 1210 4136 ipsam
1249 4076 1470 4125 vocem,
1497 4073 1672 4128 quam
1708 4054 1888 4108 lector
1920 4070 2022 4123 pro
2057 4069 2161 4105 suo
2185 4068 2275 4106 ar-

619 4160 794 4214 bitrio
825 4157 912 4212 vel
945 4155 1179 4228 proprie
1210 4151 1297 4205 vel
1329 4147 1676 4220 appellative
1709 4160 1943 4198 sumere
1976 4143 2204 4213 poterit.

688 4243 1081 4319 Ἀναδὲχεσθαι
1146 4239 1236 4294 καὶ
1304 4234 1550 4309 ἀναδοχή
1621 4252 1688 4305 ρ.
1761 4234 1906 4286 256.
1981 4233 2091 4319 Hoc
2153 4229 2276 4283 loco

621 4340 768 4394 duas
802 4316 1024 4408 [9369]
1090 4333 1221 4386 illas
1279 4345 1448 4382 voces
1508 4319 1782 4395 ἀναδοχῆς
1839 4327 1895 4374 et
1952 4316 2276 4390 ἀναδέχοιτο

622 4426 901 4500 peculiari
935 4423 1189 4495 quadam
1227 4414 1500 4487 usurpari
1562 4411 1959 4466 ecclesiastica
2017 4409 2274 4474 notione,

615 4497 788 4573 i‘acile
809 4513 1088 4570 attentius
1103 4509 1304 4566 omnia
1320 4500 1820 4572 circumspicienti
1839 4504 2017 4570 patet.
2036 4497 2278 4550 Videtur

2373 583 2668 656 Josephus
2701 587 2894 657 ipsum
2921 602 3133 640 arcano
3167 587 3539 641 confitentem
3565 586 3837 658 deinceps
3861 588 4027 642 audi-

2377 679 2581 728 retaut
2613 673 2957 730 absolveret.
2986 675 3042 728 ld
3078 679 3272 729 tamen
3306 675 3418 729 sibi
3451 675 3632 730 fuisse
3659 675 4024 747 prohibitum

2377 763 2631 829 negabat
2661 762 2973 833 Josephus.
3010 762 3161 817 Sane
3192 764 3413 818 scimus
3436 763 3870 818 dissimulando
3906 782 4034 836 per-

2378 851 2610 904 misisse
2643 851 3032 922 patriareham
3069 861 3127 906 ut
3158 854 3482 922 Augustus,
3516 851 3651 907 licet
3681 870 3712 907 a
3745 869 3805 907 se
3853 853 4034 908 inter-

2380 939 2570 994 dictus
2588 941 2789 1005 sacris,
2817 940 3014 1011 aliqua
3037 946 3231 995 tamen
3257 941 3705 1011 participatione
3731 958 4034 997 sacrorum

2382 1031 2662 1095 uteretur;
2697 1035 2762 1083 ut
2792 1031 3065 1084 distincte
3098 1029 3482 1100 Pachymeres
3507 1033 3703 1098 refert,
3755 1031 4036 1086 inconse-

2383 1118 2686 1187 quentiam
2721 1119 2848 1187 ejus
2871 1119 3007 1173 facti
3038 1135 3350 1183 excusans,
3401 1118 3441 1173 l.
3480 1135 3565 1186 ιιι,
3601 1136 3649 1174 ο.
3714 1120 3798 1173 14.
3846 1122 4036 1185 Quare

2387 1206 2508 1258 fieri
2545 1207 2732 1276 [otuit
2767 1211 2828 1260 ut
2859 1208 2985 1261 etin
3011 1207 3394 1278 relinquendo
3423 1207 3508 1261 illi
3541 1225 3650 1262 usu
3683 1208 3866 1262 libero
3900 1224 4036 1264 con-

2387 1294 2658 1348 fessionis
2728 1311 2951 1350 arcanse
3020 1296 3370 1366 conniverat,
3448 1312 3560 1351 non
3631 1296 4037 1352 interdicendo

2382 1383 2637 1453 Josepho
2667 1384 2796 1453 ejus
2827 1385 3184 1440 confessario
3216 1401 3288 1438 ne
3323 1385 3433 1456 ipsi
3464 1386 3816 1456 pmnitentiaa
3839 1402 4038 1441 sacra-

2384 1477 2645 1526 mentum
2679 1474 2950 1543 privatim
2985 1473 3370 1528 ministraret.
3421 1473 3570 1530 Vide
3627 1489 3754 1544 quaa
3797 1475 4039 1530 adnota-

2385 1577 2518 1614 mus
2552 1562 2721 1616 verbo
2751 1560 3138 1632 πνευματικός.

2459 1648 2724 1724 Ἀναφορά
2775 1668 2829 1722 p.
2881 1651 3005 1718 375,
3062 1647 3332 1725 Ἀναιρορά
3392 1651 3482 1704 hic
3543 1655 3712 1706 sonat
3764 1652 4036 1723 prolatio-

2389 1755 2535 1802 nem,
2571 1745 2634 1793 ut
2664 1739 2801 1793 alibi
2825 1739 3095 1812 προφορά.
3129 1740 3342 1794 Notum
3377 1740 3533 1794 enim
3566 1740 3905 1814 προφορικὸν
3948 1739 4041 1794 λό-

2387 1847 2484 1899 γον
2515 1829 2728 1898 opponi
2753 1824 3206 1899 ἐνδιαθέτῳερυᾱ
3241 1829 3563 1891 Grecosmt
3605 1831 3756 1899 apud
3804 1831 4038 1884 Latinos

2387 1917 2702 1987 opponitur
2733 1934 2922 1972 sermo
2978 1933 3115 1972 voce
3174 1917 3434 1988 prolatus
3494 1925 3686 1972 mente
3729 1924 4034 1989 concepto.

2389 2005 2585 2059 Videri
2618 2007 2790 2060 etiam
2823 2010 3012 2078 potest
3043 2007 3307 2060 adhibita
3329 2023 3436 2060 vox
3460 2023 3591 2078 quae
3621 2012 3858 2077 propter
3880 2024 4036 2062 com-

2392 2094 2739 2164 positionem
2775 2111 2840 2148 ex
2872 2095 3279 2166 praepositione
3310 2092 3430 2160 ἀνὰ,
3477 2096 3888 2166 repetitionem
3941 2102 4039 2151 aut

2393 2183 2850 2252 resumptionem
2871 2184 3262 2254 signiﬁcante,
3283 2185 3336 2237 in
3349 2189 3554 2239 nueret
3575 2184 3747 2238 istam
3776 2201 4037 2256 pronun-

2392 2271 2696 2326 tiationem
2728 2273 2878 2326 inter
2898 2273 3052 2328 548
3084 2289 3251 2327 sacra
3275 2273 3573 2344 publicam
3591 2273 3851 2329 nominis
3877 2290 4044 2346 papa:

2395 2375 2508 2412 non
2545 2377 2699 2414 nunc
2731 2361 2984 2431 primum
3014 2362 3366 2428 institutam,
3401 2362 3502 2416 sed
3537 2378 3669 2416 cum
3719 2362 3860 2416 olim
3910 2367 4045 2418 ante

2393 2448 2652 2502 schisma
2684 2450 2865 2503 fuisse
2897 2451 3134 2517 usitata,
3164 2466 3318 2503 nunc
3351 2449 3706 2505 restitutam.

2464 2537 2656 2608 Ἀνέμα
2686 2538 2890 2610 πύργος
2932 2556 2988 2609 p.
3049 2540 3174 2592 378.
3236 2539 3314 2593 De
3371 2539 3596 2594 Joanne
3655 2543 3837 2594 Vecco
3903 2541 4042 2611 agit.

2391 2627 2596 2682 Turris
2631 2628 2750 2680 haec
2781 2632 3035 2693 Anemze,
3077 2645 3227 2698 quae,
3254 2628 3352 2682 ubi
3385 2635 3440 2683 et
3465 2629 3622 2683 unde
3646 2630 3729 2683 sic
3762 2629 3925 2684 dicta
3952 2630 4044 2698 sit,

2393 2716 2560 2769 docet
2593 2718 2757 2770 Anna
2784 2720 3098 2782 Comnena,
3132 2717 3271 2770 1.Χιι
3306 2717 3619 2784 Alexiadis,
3653 2734 3707 2788 p.
3758 2717 3890 2786 364,
3945 2719 4042 2772 uni

2391 2811 2702 2875 postquam
2737 2805 3162 2876 deprehensam
3200 2806 3502 2861 Michaelis
3526 2807 3824 2861 Anemaain
3853 2807 4043 2877 impe-

2391 2899 2644 2948 ratorem
2678 2894 2942 2948 Alexium
2970 2895 3435 2964 conjuralionem
3458 2895 3677 2960 retulit,
3695 2901 3750 2949 et
3771 2911 3834 2950 se
3861 2895 4047 2965 ipsam

2391 2999 2628 3037 curasse
2661 2983 3104 3053 decretaaipsiin
3128 3000 3361 3054 pmnam
3380 2984 3780 3039 excaecationis
3793 2984 4044 3054 gratiam

2392 3073 2668 3126 damnato
2696 3073 2842 3140 ﬁeri,
2868 3073 3069 3126 subdit
3097 3075 3338 3127 ductum
3364 3089 3502 3128 eum
3528 3074 3709 3129 fuisse
3737 3074 3799 3128 in
3833 3073 4045 3128 turrim

2396 3177 2573 3232 prOpo
2607 3161 2884 3232 palatium
2919 3162 3287 3229 aediﬁcatam,
3321 3168 3378 3216 et
3429 3163 3508 3217 ibi
3546 3163 3814 3218 habitum
3849 3164 3908 3217 in
3943 3180 4046 3218 cu-

2312 3236 2354 3301 C
2399 3251 2875 3304 stodiu.Ascribit
2898 3251 3107 3304 deinde
3140 3251 3261 3304 haec
3291 3253 3486 3316 verba,
3523 3252 4046 3322 queindicantisti

2389 3340 2666 3408 deinceps
2693 3338 2816 3393 loco
2846 3340 3021 3392 turris
3053 3340 3274 3395 Anemse
3330 3339 3782 3412 appellationem
3844 3342 4046 3396 adhe-

2389 3429 2556 3483 sisse.
2588 3423 2757 3481 Οὔπω
2789 3423 2834 3479 δ’
2882 3426 3038 3487 οὗτος
3095 3433 3197 3495 τῆς
3225 3426 3444 3502 εἱρκτῆς
3505 3427 3892 3502 ἠλευθεροῦτο,
3955 3430 4047 3483 καὶ

2385 3514 2476 3568 τὸν
2535 3515 2836 3588 Γρηγὸριον
2898 3513 3049 3577 αὖθις
3100 3517 3135 3583 ἡ
3193 3519 3290 3568 τοῦ
3366 3515 3566 3588 ’Δνέμα
3631 3518 3776 3591 εἶχεν
3831 3517 4044 3591 εἱρκτῆ.

2391 3603 2599 3676 Πύργος
2633 3599 2678 3656 δ’
2708 3602 2774 3669 ἦν
2829 3623 2909 3663 τις
2955 3607 3061 3656 τῶν
3114 3603 3290 3678 ἀγχοῦ
3319 3608 3426 3657 τῶν
3479 3603 3531 3657 ἐν
3581 3604 3922 3679 Βλαχὲρναις
3964 3605 4047 3659 δι-

2386 3692 2628 3764 ακτόρων
2693 3689 3046 3762 διακειμένων
3095 3697 3298 3767 τειχῶν
3370 3699 3470 3761 τῆς
3542 3693 3751 3754 πόλεως
3789 3741 3802 3764 ,
3860 3696 3889 3748 ὁ
3948 3700 4047 3748 τοῦ

2388 3783 2596 3853 Ἀνεμᾶ
2625 3777 2992 3851 καλούμενος,
3041 3781 3221 3856 ὥσπερ
3268 3803 3318 3835 τι
3353 3779 3530 3855 λάχος
3573 3784 3673 3852 τὴν
3724 3783 4045 3857 ἐπωνυμίαν

2385 3871 2608 3939 ταυτηνὶ
2669 3868 3102 3944 κληρωσάμενος
3147 3867 3235 3923 διὰ
3281 3871 3342 3924 τὸ
3382 3871 3616 3945 πρώτως
3661 3873 3752 3926 τὸν
3811 3874 4045 3945 Ἀνεμᾶν

2385 3956 2734 4033 σιδηρόδετον
2788 3956 3029 4030 δέξασθαι
3089 3959 3178 4012 ἐπὶ
3233 3957 3407 4013 πολὺν
3459 3958 3509 4013 ἐν
3557 3959 3704 4032 αὐτῷ
3755 3979 4050 4037 χρονοτρι-

2387 4044 2629 4117 δήσαντα
2662 4047 2884 4121 χρότον.
2919 4054 3049 4103 Haec
3082 4050 3160 4104 ibi
3191 4053 3545 4121 Anna;quae
3579 4051 3661 4105 sic
3693 4052 3834 4106 olim
3865 4054 4047 4108 verti-

2391 4155 2562 4193 mus:
2598 4138 2848 4192 Nondum
2881 4138 2928 4192 is
2972 4154 3033 4192 eo
3075 4154 3296 4193 carcere
3346 4138 3616 4193 liberatus
3670 4143 3878 4207 fuerat,
3921 4159 4050 4197 cum

2385 4227 2564 4282 alium
2611 4230 2878 4297 hospitem
2921 4227 3244 4296 Gregorium
3287 4228 3406 4284 haec
3449 4243 3575 4298 quae
3618 4230 3776 4299 prius
3822 4236 4052 4288 Aricina?

2382 4319 2571 4386 fuerat
2603 4318 2766 4370 unius
2796 4316 3048 4371 custodia
3079 4320 3314 4387 excepit.
3347 4320 3542 4371 Turris
3563 4322 3743 4372 autem
3779 4326 3899 4374 erat
3933 4338 4050 4375 una

2387 4407 2642 4475 quaedam
2687 4421 2757 4459 ea:
2805 4406 2875 4459 iis
2920 4423 3039 4475 quae
3077 4421 3174 4475 per
3219 4405 3485 4459 manium
3531 4406 3779 4462 civitatis
3823 4419 4053 4477 partem

2392 4496 2829 4549 Btachernarum
2862 4497 3078 4564 regiam
3105 4494 3356 4564 proxime
3383 4500 3716 4564 spectantem
3753 4499 3918 4552 certis
3969 4501 4055 4552 in-

615 4613 812 4661 autem
845 4604 1008 4674 prius
1045 4597 1390 4654 vocabulum
1424 4588 1707 4662 ἀναδοχῆς
1738 4589 1794 4642 in
1825 4605 1890 4643 eo
1924 4587 2016 4641 hic
2049 4586 2274 4655 signiﬁ-
2311 4608 2356 4671 D
2393 4584 2645 4638 terualli:
2685 4584 2964 4654 dispositae
3007 4592 3154 4638 sunt.
3213 4585 3289 4637 Ea
3346 4586 3618 4653 insignem
3661 4601 3732 4639 ea:
3778 4601 3838 4640 eo
3888 4605 4054 4658 quem

617 4701 748 4750 catu
769 4693 928 4766 poni,
953 4689 1244 4746 utindicet
1262 4683 1689 4740 absolutionem
1713 4676 2201 4732 sacramentalem
2221 4674 2277 4728 in

612 4765 891 4840 tribunali
910 4777 1301 4836 confessionis
1320 4789 1542 4829 arcanae
1563 4766 1841 4839 impertiri
1859 4765 2280 4837 paenitentibus

614 4873 853 4929 solitam
881 4861 1720 4935 asacerdotejurisdictionem
1747 4858 1815 4910 ad
1842 4856 1896 4909 id
1923 4854 2279 4909 ordinariam

611 4964 700 5018 vel
735 4961 1065 5031 delegatam
1100 4957 1367 5011 habente.
1417 4949 1704 5005 Similiter
1753 4945 1991 5000 verbum
2025 4939 2281 5014 ἀναδέχε-

613 5053 732 5104 σθαι
760 5048 1040 5120 exprimit
1061 5046 1351 5101 actionem
1390 5041 1578 5111 ipsam
1614 5034 1932 5091 sacerdotis
1965 5032 2280 5088 absolven-

609 5143 709 5197 tis.
733 5139 1011 5196 Continet
1051 5141 1248 5190 autem
1283 5128 1570 5204 posterior
1602 5141 1739 5197 pars
1775 5124 1949 5193 hujus
1981 5121 2281 5176 sententiae

613 5231 898 5287 rationem
933 5227 1146 5298 prioris
1179 5243 1188 5277 :
1227 5224 1355 5278 ideo
1401 5219 1556 5274 enim
1605 5214 1812 5269 scribit
1842 5217 2042 5268 auctor
2092 5213 2284 5266 incre-

610 5323 811 5394 pitum
831 5317 1154 5387 Josephum
1181 5312 1350 5385 quasi
1377 5306 1730 5364 absolvisset
1754 5305 1810 5357 in
1838 5303 1959 5356 foro
1988 5301 2284 5356 conscien-

623 5392 1059 5479 tiaeAugustum
1089 5410 1293 5459 contra
1325 5400 1685 5454 voluntatem
1719 5392 2061 5463 patriarcha:
2087 5410 2101 5457 ;
2127 5392 2279 5461 quod

626 5507 940 5572 postquam
963 5489 1571 5550 excommunicaverat
1589 5486 1926 5554 Augustum
1953 5480 2284 5552 patriarcha

2394 4691 2693 4728 narramus
2723 4679 2920 4728 eventu
2949 4674 3379 4744 appellationem
3410 4673 3466 4726 in
3497 4689 3656 4728 omne
3685 4683 3894 4746 tempus
3922 4694 4056 4747 pro-

2389 4781 2569 4835 priam
2605 4773 2765 4817 nacta
2797 4772 2904 4816 est:
2941 4765 3110 4816 turris
3154 4763 3266 4833 ium
3305 4762 3518 4832 passim
3561 4764 3784 4819 Ammae
3839 4772 4056 4833 vocata,

2391 4862 2677 4924 propterea
2713 4852 2851 4922 quod
2883 4853 3149 4906 Anemam
3177 4855 3325 4921 ferro
3357 4855 3600 4906 vinctum
3628 4855 3872 4923 primum
3899 4872 4054 4910 acce-

2391 4942 2534 5013 perit
2561 4942 2762 5011 diugue
2795 4944 3059 4996 tenuerit.

2465 5031 2834 5102 ἈνιμοπύΛαι
2867 5048 2924 5101 ρ.
2956 5031 3077 5085 410.
3116 5035 3194 5084 De
3253 5030 3436 5084 Ieario
3494 5030 3579 5085 ait
3637 5032 3819 5088 fuisse
3877 5033 4051 5090 illum

2392 5121 2738 5194 κατάρχοντα
2767 5121 2934 5188 νήσου
2973 5118 3230 5192 μεγίστης
3257 5119 3317 5185 ἣν
3361 5117 3708 5190 ἀνεμοπύλας
3759 5119 3880 5182 ἔθος
3935 5129 4055 5185 τοῖς

2393 5210 2503 5263 ἐκεῖ
2531 5208 2737 5263 καλεῖν.
2773 5211 2895 5264 Νοιι
2928 5226 3055 5264 esse
3083 5209 3191 5264 hoc
3221 5226 3431 5264 nomen
3458 5209 3616 5264 illius
3652 5211 3863 5267 insulae
3916 5215 4051 5268 vul-

2394 5318 2530 5372 gare
2565 5300 2801 5370 ubique,
2835 5301 3002 5354 docet
3034 5299 3157 5370 ipse
3192 5305 3411 5365 auctor,
3447 5299 3584 5352 dum
3627 5301 3700 5354 ab
3748 5302 3964 5358 incolis
3993 5304 4049 5358 id

2396 5390 2626 5461 proprie
2660 5390 2933 5461 usurpari
2995 5387 3229 5442 solitum
3279 5389 3574 5443 admonet.
3614 5394 3698 5443 An
3759 5407 3965 5446 verum
3999 5405 4055 5449 et

2395 5480 2672 5535 omnibus
2705 5484 2909 5533 notum
2934 5478 3116 5548 hujus
3139 5476 3344 5532 insulae
3373 5493 3584 5533 nomen
3609 5478 3819 5550 Lipara
3852 5481 4052 5552 fuerit,

695 5716 772 5788 (1)
805 5713 888 5771 Cf.
923 5710 1154 5768 Possin.
1188 5706 1449 5764 Glossar.
1486 5700 1739 5758 alterum
1768 5694 2138 5770 (Andronio.)
2169 5711 2222 5751 v.
2250 5690 2501 5767 Ἀλλαγή
2535 5698 2680 5752 extr.
