4210 6448
211 411 332 469 1005

1661 403 2144 460 GLOBSARIUM.

3463 409 3601 464 1006

208 555 319 611 quae
348 541 574 609 septem
605 533 930 602 aut,utalii,
952 529 1470 587 deceszoliarum
1499 527 1826 583 insularum
1855 586 1858 592 ἰ

1963 523 2129 579 ἰιιὲναι
2190 532 2304 588 τοῖς
2349 529 2745 604 πεφρασμένοις
2779 531 2882 600 (ita
2934 529 3087 585 clare
3140 531 3313 586 ambo
3365 533 3596 589 codices

210 627 450 682 maxima
486 629 543 680 et
593 625 769 678 unica
835 624 985 676 inter
1043 636 1244 674 omnes
1303 618 1571 672 habitata
1630 618 1835 684 fertur,

214 718 291 785 [P.
323 716 449 785 370]
482 713 731 768 viderint
759 709 1082 782 peritiores.
1127 709 1243 779 Ego
1287 705 1494 778 ἐπέχω,
1537 705 1724 776 quoad
1753 706 1837 757 in-

210 805 412 860 dicium
445 802 768 858 occurrerit
800 797 1105 853 certius.Si
1137 797 1242 850 hoc
1275 795 1369 859 sit,
1391 799 1629 866 apparet
1661 809 1838 847 causa

211 910 300 949 cur
319 894 468 948 hanc
500 891 759 944 insulam
795 887 1174 955 Pachymeres
1219 882 1472 956 μεγίστην
1527 884 1835 937 maximam

208 982 424 1048 dixerit,
458 981 590 1034 licet
623 994 728 1032 nec
757 981 937 1032 Cretae
973 992 1074 1030 nec
1105 973 1315 1027 Siciliae
1379 971 1832 1040 comparabilem

210 1077 460 1140 respectu
496 1067 774 1122 videlicet
805 1067 876 1120 ad
923 1081 1023 1120 sex
1054 1071 1156 1118 aut
1211 1077 1416 1117 novem
1461 1061 1672 1116 lEolias
1729 1061 1837 1114 mi-

212 1175 388 1214 κλοπ-εδ.

270 1260 602 1334 Ἀντίδωρον
656 1280 710 1332 p.
755 1261 882 1316 561.
943 1259 1165 1314 Rursus
1212 1258 1283 1312 de
1338 1259 1541 1312 eodem
1591 1275 1646 1328 p.
1713 1257 1836 1311 407.

209 1354 436 1410 Erathic
481 1368 699 1416 merus,
745 1367 858 1404 non
913 1351 1287 1403 consecratus
1346 1352 1449 1400 aut
1509 1345 1565 1399 in
1624 1345 1840 1399 Christi

209 1459 406 1513 corpus
439 1455 756 1495 conversus
790 1437 980 1508 panis,
1015 1437 1115 1507 qui
1150 1435 1376 1490 cunctis
1396 1434 1725 1505 promiscue
1749 1436 1837 1488 in-

208 1538 286 1587 ter
313 1546 478 1586 sacra
507 1531 565 1583 in
599 1527 846 1583 ecclesia
903 1525 1371 1579 distribuebatur
1418 1524 1569 1593 apud
1593 1523 1838 1590 Graecos,

209 1621 285 1676 uti
313 1626 368 1673 et
399 1619 552 1689 apud
591 1619 843 1681 Latinos,
888 1615 1002 1668 ritu
1037 1613 1326 1683 hodieque
1358 1613 1614 1683 vigente,
1648 1612 1841 1665 dictus

209 1707 514 1781 ἀντίδωρον,
547 1707 699 1779 quod
732 1706 852 1760 vice
875 1705 1024 1760 sacri
1055 1704 1193 1759 doni
1214 1701 1840 1772 Eucharistiaa,dispo-

209 1799 428 1864 sitione,
463 1811 639 1867 quam
681 1793 1207 1864 exquisitissimam
1253 1790 1468 1845 Christi
1508 1805 1721 1860 corpus
1759 1806 1842 1843 re-

1942 615 2286 685 optimiBet
2319 626 2546 683 A,cum
2570 619 2964 688 fragmentum
3007 637 3039 673 a
3087 620 3321 675 Petavio
3366 621 3592 677 editum

1941 706 2346 778 πεφραγμένως
2395 708 2568 778 legat)
2608 705 3100 780 ἀναγινώσκοντας.
3180 709 3307 763 Haec
3385 711 3468 765 sic
3520 713 3597 766 ad

1943 794 2183 848 verbum
2236 801 2448 850 sonat:
2501 797 2563 852 Ut
2610 796 2833 850 omnino
2871 811 2978 849 non
3032 803 3352 852 accusantes
3388 801 3595 870 impie-

1943 883 2072 934 tatis
2113 883 2226 936 siv:
2279 884 2543 940 hwrescos
2586 886 2773 953 Italos,
2820 888 3111 954 petierint,
3166 887 3390 941 sublato
3441 893 3596 944 modo

1943 971 2312 1025 additamenta
2334 989 2360 1026 ε
2395 974 2660 1043 symbolo,
2687 975 2744 1027 in
2777 975 3011 1044 reliquis
3045 975 3336 1044 scripturis
3367 977 3422 1030 id
3465 995 3595 1033 con-

1939 1064 2202 1131 scriptum
2231 1063 2507 1130 habentes,
2531 1065 2700 1118 simul
2730 1065 2925 1134 cﬂcrre
2954 1081 3079 1118 cum
3105 1066 3237 1119 aliis
3267 1083 3386 1137 quae
3413 1083 3482 1121 ex
3527 1071 3600 1127 iis

1944 1150 2154 1204 chartis
2201 1151 2613 1218 pronuntiando
2655 1155 2912 1222 legerent.
2962 1153 3121 1208 Hanc
3153 1155 3325 1225 plane
3359 1161 3597 1212 senten-

1946 1238 2110 1303 tiam,
2184 1239 2354 1294 Paulo
2430 1239 2686 1295 claribus
2753 1242 3039 1295 duntaxat
3121 1243 3338 1312 verbis,
3418 1245 3597 1300 inter-

1947 1329 2192 1397 pretatio
2223 1331 2350 1397 ejus
2383 1329 2588 1400 capitis
2621 1334 2819 1384 nostra
2848 1330 3138 1400 exprimit.
3175 1331 3599 1388 Transitdeni-

1948 1432 2059 1486 que
2089 1418 2158 1470 ad
2192 1418 2711 1472 demonstrandum
2747 1419 2890 1472 nihil
2923 1435 3050 1474 esse
3084 1419 3277 1474 illiciti
3303 1422 3358 1474 in
3390 1424 3594 1477 admit-

1947 1505 2124 1558 tenda
2155 1507 2711 1561 commemoratione
2738 1508 2997 1562 nominis
3021 1525 3180 1579 papae
3211 1509 3268 1562 in
3308 1510 3598 1581 liturgicis

1949 1594 2382 1663 precationibus
2433 1595 2786 1651 Graecorum.
2847 1597 2917 1650 Et
2945 1598 3014 1650 de
3047 1597 3154 1651 hoc
3187 1599 3377 1668 capite
3403 1601 3486 1654 sic
3514 1601 3597 1654 lo-

1947 1681 2142 1749 quitur
2167 1684 2222 1736 in
2258 1683 2454 1738 codice
2485 1685 2793 1739 Barberino
2831 1702 2842 1737 :
2875 1683 3007 1736 Τινά
3045 1681 3088 1736 δ’
3142 1683 3290 1758 ἔχειν
3333 1688 3430 1753 τὴν
3481 1709 3595 1741 κοι-

1947 1767 2141 1821 νωνίαν
2179 1772 2212 1837 ἠ
2266 1769 2348 1822 ἐπ’
2397 1769 2695 1838 ἐκκλησίας
2728 1771 2972 1848 ἀναφορὰ
3001 1776 3096 1826 τοῦ
3129 1769 3417 1845 ὀνόματος,
3460 1775 3596 1830 ὅπου

212 1887 405 1958 quirit,
435 1857 550 1940 non
585 1857 944 1955 praeparatis,
980 1881 1430 1934 ministraretur.
1466 1879 1544 1934 De
1575 1857 1682 1933 hoc
1716 1879 1840 1933 fuse

1963 1879 2007 1930 (ε
2037 1859 2126 1912 καὶ
2179 1860 2253 1930 μή
2285 1859 2505 1921 πάπποις
2556 1857 2711 1922 ὄντας
2762 1862 2889 1922 τοὺς
2943 1860 3146 1925 ἄλλους
3195 1865 3400 1938 ἀνάγκη
3470 1889 3598 1938 μετ-

207 1982 258 2032 et
285 1976 509 2031 erudite
538 1974 792 2030 Jacobus
825 1971 970 2026 Coar
1000 1971 1138 2026 Grd.
1174 1970 1379 2035 Pried.,
1411 1968 1573 2023 Notis
1623 1969 1691 2022 ad
1727 1969 1838 2022 Eu-

209 2065 451 2136 cholog.,
487 2081 543 2135 p.
581 2063 704 2127 154,
737 2077 909 2132 quem
942 2061 1092 2114 vide.

276 2169 645 2226 Ἀντικανονία
677 2186 734 2240 p.
783 2169 908 2222 561.
961 2167 1122 2221 Hanc
1165 2182 1362 2220 vocem
1410 2183 1442 2220 a
1489 2165 1843 2236 Pachymere

210 2266 266 2315 P.
299 2261 401 2314 373
442 2263 786 2330 usurpatam
815 2258 883 2311 ad
945 2255 1396 2326 significandum
1442 2253 1839 2324 illegitimum,

204 2349 574 2419 irregularem
607 2351 665 2401 et
716 2345 899 2400 sacris
929 2345 1084 2401 544
1111 2344 1436 2398 canonibus
1483 2342 1840 2398 contrarium

207 2454 394 2500 usum,
430 2437 766 2506 conjectura
800 2433 1076 2497 divinavi,
1110 2449 1242 2487 cum
1271 2432 1500 2486 codices
1533 2448 1738 2486 omnes
1763 2432 1841 2486 ibi

202 2527 687 2581 manifestissime
727 2524 983 2595 corrupti
1031 2521 1202 2577 aliter
1257 2538 1361 2577 nec
1396 2521 1846 2592 intelligibiliter

201 2633 323 2672 eum
357 2616 554 2672 locum
587 2614 947 2668 exhiberent.
973 2612 1283 2666 Advertam
1307 2627 1540 2682 aequum
1578 2611 1842 2665 animum

202 2707 455 2777 prudens
491 2705 669 2759 lecter
697 2709 753 2758 et
782 2703 1023 2771 judicet.
1053 2703 1167 2757 Isto
1198 2702 1352 2772 quod
1375 2701 1625 2755 indicavi
1659 2701 1845 2770 capite

205 2794 333 2848 libri
365 2813 400 2850 v
431 2796 734 2848 disserens
787 2793 1105 2862 imperator
1153 2792 1305 2858 apud
1355 2789 1743 2860 patriarcham
1792 2793 1848 2843 et

201 2886 490 2955 synodum
525 2885 594 2937 de
617 2883 984 2937 concilianda
1014 2881 1164 2934 inter
1196 2879 1481 2934 Ecclesiae
1517 2879 1775 2933 Latinam
1791 2884 1849 2933 et

204 2975 461 3027 Graecam
499 2989 660 3042 pace,
693 2975 998 3024 enumerat
1045 2969 1236 3039 capita
1266 2970 1337 3022 de
1386 2969 1601 3038 quibus
1649 2984 1846 3022 conve-

207 3061 486 3116 niendum
521 3064 765 3125 esset,ut
787 3076 895 3129 pax
928 3057 1028 3111 illa
1051 3057 1428 3120 coalesceret;
1454 3062 1512 3110 et
1549 3057 1851 3111 contendit

205 3151 612 3204 demonstrare
646 3147 878 3201 nullum
913 3163 1114 3201 eorum
1151 3145 1262 3198 tale
1292 3162 1471 3199 essea
1494 3161 1606 3215 quo
1637 3144 1848 3199 admit-

205 3240 374 3294 tendo
407 3239 727 3292 abhorrere
752 3236 1066 3306 quisquam
1086 3233 1689 3306 debeatgmetuﬁculpze
1709 3251 1846 3289 con-

204 3328 540 3383 sciscendae.
579 3327 843 3380 Primum
875 3325 1028 3378 enim
1054 3322 1389 3397 λειτουργεῖν
1419 3343 1475 3376 τε
1504 3322 1594 3376 καὶ
1630 3345 1846 3394 μνημο-

202 3417 646 3487 va-Sm,quibus
679 3414 888 3476 verbis,
936 3419 1109 3485 prout
1154 3430 1221 3468 ea
1268 3413 1391 3468 suis
1440 3412 1582 3468 locis
1631 3415 1688 3466 in
1741 3413 1850 3469 hoc

201 3505 504 3563 Glossario
539 3521 910 3568 enarramus,
958 3502 1330 3574 significavit,
1383 3503 1560 3572 priori
1611 3504 1848 3573 quidem

204 3596 525 3650 admittere
558 3594 794 3669 Latinos
827 3593 883 3646 in
921 3592 1394 3647 communionem
1445 3609 1621 3646 sacrae
1655 3593 1852 3647 Litur-

201 3683 325 3752 giae,
361 3683 476 3738 hoc
510 3687 601 3738 est
631 3697 760 3736 eam
793 3681 935 3752 ipsis
971 3679 1356 3751 praesentibus
1384 3683 1436 3733 et
1465 3680 1858 3734 communiter

204 3772 520 3828 orantibus
552 3788 665 3827 non
703 3771 957 3824 aversari
993 3769 1315 3832 celebrare,
1349 3768 1528 3823 altera
1547 3785 1681 3823 vero
1705 3787 1860 3824 men-

204 3863 421 3917 tionem
461 3878 629 3932 papie
646 3861 833 3915 facere
867 3858 1158 3931 publicam
1181 3859 1237 3911 in
1253 3857 1542 3928 liturgicis
1559 3859 1856 3928 precibus:

205 3967 290 4020 ea,
315 3952 596 4023 inquam,
633 3951 807 4005 ambo
841 3964 969 4004 esse
1001 3947 1161 4002 licita
1181 3947 1424 4002 evicisse
1447 3947 1561 4002 sibi
1590 3949 1752 4002 visus
1775 3955 1866 4003 est

207 4043 563 4097 auctoritate
586 4039 873 4095 Manuelis
918 4037 1260 4110 patriarchae
1287 4054 1419 4091 cum
1446 4054 1551 4092 sua
1575 4039 1795 4109 synodo
1809 4044 1868 4093 et

206 4131 456 4186 Joannis
500 4132 669 4185 ducas
709 4126 1100 4198 imperatoris,
1157 4143 1306 4197 quos
1352 4126 1536 4182 missa
1582 4126 1867 4197 legatione

209 4219 307 4274 illa
340 4220 502 4275 ultro
538 4217 887 4291 promisisse
920 4215 1159 4287 papaz,si
1183 4215 1503 4270 abstineret
1532 4232 1566 4270 a
1588 4217 1866 4286 juvandis

210 4309 434 4364 Latinis
502 4309 606 4380 qui
668 4304 1171 4375 Constantinopoli
1261 4308 1400 4357 tunc
1473 4305 1864 4375 potiebantur.

1947 1947 2092 2022 ἐχειν
2124 1955 2240 2009 τοῖς
2271 1949 2692 2018 ἐκκλησιάζουσι
2742 1953 3164 2024 συνισταμένους
3213 1951 3598 2029 λειτουργοῦν-

1944 2057 2036 2096 τος
2064 2041 2161 2090 τοῦ
2205 2039 2415 2111 ἱερέως,
2448 2039 2536 2091 καὶ
2587 2040 2684 2106 τὴν
2719 2037 2954 2111 Τριάδος
3004 2043 3165 2114 χάριν
3198 2042 3594 2114 παραδιδόντος

1945 2138 2168 2194 κοινῶς.
2203 2137 2528 2191 Allatianus
2560 2137 2615 2190 in
2648 2137 2753 2192 hoc
2809 2143 3038 2192 tantum
3101 2141 3392 2211 discrepat
3439 2145 3591 2199 548

1948 2226 2097 2294 quod
2123 2225 2434 2280 articulum
2454 2226 2888 2296 praepositivum
2913 2227 3010 2293 τήν
3031 2233 3164 2282 ante
3185 2245 3377 2285 vocem
3392 2251 3454 2283 κο
3471 2253 3596 2285 ινω-

1945 2311 2061 2365 νίαν
2096 2332 2208 2369 non
2235 2315 2535 2380 babet;uti
2570 2333 2757 2386 neque
2788 2317 2962 2371 editio
2996 2317 3323 2374 Petaviana.
3363 2321 3586 2394 [P.371j

1947 2404 2120 2459 Porro
2152 2405 2367 2460 cubare
2399 2406 2457 2460 in
2505 2409 2714 2462 mendo
2763 2408 2937 2461 verba
2986 2407 3085 2461 illa
3117 2401 3238 2480 ἔχεν
3299 2410 3585 2462 κοινωνίαν

1945 2493 2029 2548 vel
2060 2494 2159 2560 τὴν
2191 2493 2476 2547 κοινωνίαν
2512 2495 2648 2551 inde
2678 2497 3055 2552 madifestum
3080 2503 3188 2567 est,
3214 2500 3365 2568 quod
3392 2499 3589 2554 infini-

1943 2582 2099 2637 tivus
2120 2578 2264 2655 ἔχειν
2292 2600 2403 2638 non
2440 2589 2632 2654 potest
2661 2585 2970 2652 cohaerere,
2997 2585 3154 2640 salva
3172 2588 3420 2657 syntaxi,
3455 2606 3588 2644 cum

1948 2672 2306 2726 nominativo
2337 2671 2601 2746 ἀναφορὰ,
2638 2673 2738 2743 qui
2762 2675 3047 2743 sequitur.
3082 2674 3245 2731 Unde
3267 2678 3391 2731 sine
3414 2679 3592 2733 dubio

1949 2760 2332 2831 Pachymeres
2365 2762 2643 2830 scrpserit
2664 2757 2780 2834 ἔχει
2827 2763 2884 2816 in
2937 2765 3240 2832 praesentis
3292 2766 3592 2821 indicativi

1954 2850 2123 2904 tertia
2146 2866 2413 2920 persona.
2449 2850 2597 2913 Quid
2630 2867 2766 2922 ergo
2793 2851 2939 2905 iltud
2972 2868 3004 2904 ν
3028 2853 3366 2908 redundans
3392 2855 3444 2908 in
3471 2873 3594 2910 om-

1952 2938 2125 2991 nibus
2177 2938 2633 3008 exemplaribus,
2682 2939 2738 2992 in
2787 2940 3101 2995 Barberino
3152 2958 3287 2996 vero
3329 2945 3595 2999 omnium

1951 3027 2173 3096 optimo
2209 3032 2488 3096 praeterea
2518 3027 2783 3083 articulis
2814 3028 2949 3096 τὴνς
2986 3030 3126 3100 quid
3162 3029 3306 3096 haec,
3332 3031 3594 3103 inquam,

1950 3115 2110 3169 aliud
2150 3115 2395 3170 dixerim
2429 3132 2606 3185 quam
2647 3117 2893 3187 vestigia
2923 3118 2981 3171 in
3015 3121 3371 3190 apographis
3402 3124 3599 3178 adhuc

1959 3205 2249 3258 exstantia
2298 3205 2624 3276 archetypas
2674 3207 3024 3276 scripturae?
3071 3213 3292 3263 Auctor
3334 3211 3604 3268 videlicet

1877 3269 1920 3335 θ
1962 3293 2044 3347 sic
2077 3292 2242 3346 initio
2275 3293 2603 3363 scripserit,
2632 3291 2750 3346 τίνα
2798 3290 2842 3346 δ’
2875 3292 2990 3368 ἔχει
3048 3295 3412 3350 ἀντικανονίαν
3441 3319 3453 3354 ;
3504 3319 3602 3370 pro

1956 3381 2176 3452 quibus
2215 3382 2604 3452 exscriptores
2659 3400 2962 3454 perperam
3025 3393 3347 3456 posuerunt
3392 3387 3512 3441 τίνα
3559 3387 3604 3444 δ’

1958 3466 2103 3543 ἔχειν
2137 3468 2444 3537 κοινωνίαν,
2476 3473 2663 3526 securi
2716 3470 3078 3542 σολοικισμοῦ
3117 3480 3172 3529 et
3218 3481 3604 3547 perturbatio-

1963 3560 2054 3614 nis
2085 3559 2504 3613 inextricabilis
2535 3561 2592 3615 in
2617 3578 2793 3631 quam
2828 3567 2950 3617 tota
2981 3565 3270 3620 sententia
3310 3583 3412 3638 per
3442 3571 3601 3625 istud

1962 3649 2225 3719 ipsorum
2257 3646 2553 3721 παρόραμα
2585 3650 2887 3721 implicata
2919 3660 3218 3722 remanet;
3253 3665 3316 3710 ut
3346 3659 3493 3712 nihil
3527 3661 3610 3713 di-

1965 3755 2092 3793 cam
2109 3740 2178 3792 de
2201 3740 2442 3794 taadiosa
2473 3740 2817 3810 repetitione
2840 3744 3103 3812 ejusdem
3139 3747 3396 3802 nominis
3418 3768 3611 3802 κοινω-

1965 3826 2054 3879 via
2084 3826 2266 3882 altero
2300 3827 2495 3883 statim
2531 3835 2664 3901 post
2693 3846 2882 3897 versu,
2916 3837 2975 3886 et
3006 3832 3244 3902 quidem
3290 3851 3469 3892 sensu
3526 3840 3610 3894 in-

1969 3916 2328 3972 sulsissimo.
2362 3917 2509 3983 Quid
2534 3917 2691 3972 enim
2715 3920 2906 3991 magis
2937 3917 3332 3995 ἀσυλλόγιστον
3355 3925 3495 3998 ﬁngi
3516 3945 3616 3999 ρο.

1971 4010 2273 4077 testquam
2291 4005 2398 4061 hoc
2415 4007 2584 4062 modo
2611 4010 3012 4078 argumentari
3038 4028 3049 4064 :
3078 4012 3250 4078 Quam
3277 4017 3426 4068 enim
3458 4017 3619 4074 habet

1970 4096 2407 4151 communionem
2438 4097 2681 4165 prolatio
2709 4097 2976 4165 nominis,
3016 4116 3141 4154 cum
3161 4102 3298 4158 alios
3327 4103 3424 4174 qui
3457 4124 3617 4176 papa:

1973 4200 2084 4239 non
2122 4189 2250 4238 sunt
2279 4199 2491 4239 necesse
2527 4184 2602 4239 sit
2643 4188 2986 4257 participare
3041 4195 3461 4249 communioni?
3503 4202 3614 4252 etc.

1976 4276 2100 4330 Non
2127 4291 2218 4329 me
2251 4275 2399 4329 fallit
2430 4275 2610 4330 videri
2643 4276 2817 4332 alicui
2868 4295 3040 4348 posse
3078 4297 3274 4337 vocem
3329 4284 3619 4340 κοινωνίαν

1978 4364 2155 4436 priori
2205 4364 2329 4418 loco
2370 4364 2622 4434 positam
2685 4368 2957 4437 usurpari
3007 4369 3062 4422 in
3113 4387 3179 4424 ea
3229 4374 3465 4431 notione
3509 4395 3627 4448 qua

1975 4452 2153 4506 κοινὸν
2191 4453 2497 4507 interdum
2531 4453 2881 4509 immundum
2911 4464 3103 4526 sonat,
3138 4465 3201 4514 ut
3232 4462 3523 4533 significet
3554 4469 3630 4521 la-

1981 4546 2102 4598 bem
2131 4558 2199 4599 ac
2227 4542 2527 4608 maculam,
2545 4545 2837 4599 sententia
2863 4547 2983 4613 jam
3009 4552 3302 4620 utcunque
3323 4551 3636 4626 tolerabili,

1987 4635 2087 4689 sed
2110 4650 2236 4704 quae
2254 4650 2367 4714 non
2397 4632 2549 4688 tollit
2565 4635 3142 4694 verisimilitudinem
3159 4639 3329 4713 longe
3349 4646 3633 4715 majorem

1990 4723 2420 4778 emendationis
2454 4727 2685 4787 nostrae,
2717 4725 2787 4779 ad
2821 4741 2999 4795 quam
3032 4727 3162 4783 ideo
3196 4732 3321 4798 fnon
3375 4734 3638 4790 dubitavi

1993 4814 2357 4868 conformare
2393 4813 2733 4868 editionem.
2784 4816 2844 4870 Si
2895 4817 3029 4886 quis
3079 4827 3304 4889 quaerat
3344 4826 3637 4893 quomodo

1995 4903 2310 4958 Vaticanus
2342 4904 2522 4957 codex
2553 4903 2709 4959 hunc
2741 4904 2935 4960 locum
2969 4913 3342 4978 expresserit,
3379 4914 3525 4968 sciat
3554 4920 3646 4968 to-

1996 4997 2122 5048 tum
2157 4993 2413 5047 omisse:
2450 4993 2532 5047 sic
2584 4993 2944 5066 plerumque,
2996 5015 3129 5052 cum
3187 5003 3329 5071 quid
3381 5005 3646 5076 ambigui

1998 5083 2271 5149 occurrit,
2307 5083 2548 5153 defungi
2581 5082 2810 5139 solitus.

208 4400 466 4454 ostendit
495 4416 570 4454 ex
604 4397 807 4452 codice
838 4394 1104 4449 Ecclesia
1140 4393 1210 4447 ad
1245 4392 1415 4447 ﬁdem
1449 4396 1577 4463 ejus
1600 4396 1678 4450 rei
1696 4403 1868 4465 gestae

207 4489 548 4543 faciendam
589 4485 835 4556 prolato.
873 4487 1246 4537 Demonstrat
1275 4482 1485 4537 deinde
1526 4487 1866 4540 eorumdem

210 4579 572 4633 auctoritate
612 4575 854 4630 Latinos
877 4577 1115 4644 propter
1138 4572 1495 4626 additionem
1530 4572 1871 4645 inSymbolo

209 4685 318 4722 non
354 4685 491 4724 esse
528 4664 845 4720 habendos
867 4661 1192 4729 haereticos,
1226 4677 1360 4714 cum
1412 4660 1495 4714 illi
1542 4662 1687 4716 nihil
1738 4670 1876 4720 tunc

211 4757 363 4812 aliud
401 4774 436 4811 a
481 4753 719 4811 Latinis
767 4751 1086 4822 exegerint,
1131 4749 1242 4804 nisi
1293 4754 1356 4802 ut
1413 4751 1877 4810 additamentum

211 4848 367 4901 istud
403 4863 439 4900 a
471 4842 765 4915 Symbolo
784 4840 1079 4904 tollerent,
1097 4838 1240 4892 nihil
1259 4838 1634 4908 prohibentes
1651 4843 1881 4911 quomi-

214 4953 321 4990 nus
354 4936 414 4991 in
451 4931 695 4989 caeteris
718 4930 1027 5000 scripturis
1059 4928 1112 4981 id
1141 4928 1455 4982 retinerent
1484 4933 1540 4983 et
1589 4929 1884 4999 legerent;

215 5026 368 5097 quod
404 5021 688 5081 ostendit
719 5019 1046 5074 doctrinam
1082 5016 1270 5088 ipsam
1304 5034 1368 5070 ac
1400 5018 1614 5088 dogma
1664 5037 1888 5092 nequa-

217 5132 392 5186 quam
430 5112 592 5184 ipsis
645 5108 1045 5178 displicuisse,
1094 5122 1158 5160 ac
1205 5115 1631 5176 consequenter
1669 5111 1886 5166 crimen

215 5204 306 5260 hic
339 5202 626 5267 haeresis,
653 5198 882 5269 judicio
915 5212 1143 5262 eorum,
1179 5212 1292 5251 non
1329 5195 1530 5250 fuisse.
1566 5196 1723 5253 Hanc
1753 5206 1889 5269 puto

215 5311 338 5350 esse
370 5289 751 5352 sententiam
790 5285 1024 5340 illorum
1058 5286 1390 5352 verborum,
1416 5285 1675 5356 alioquin
1711 5289 1891 5358 hujus

220 5380 535 5454 scriptoris
570 5391 742 5431 more
775 5390 840 5427 ac
865 5371 1140 5443 peculiari
1187 5372 1356 5441 genio
1403 5389 1543 5427 sane
1595 5376 1893 5446 perplexo-

220 5489 386 5527 mm;
427 5472 564 5527 Πῶς
611 5464 692 5536 μή
735 5464 1170 5534 κατηγοροῦντες
1229 5458 1374 5520 ὅλως
1432 5455 1674 5523 ἀσεϐείας
1736 5467 1895 5532 (huic

227 5563 346 5617 voci
379 5559 729 5616 Vaticanus
762 5552 1074 5607 substituit
1122 5547 1343 5621 αἳρεσιν,
1390 5568 1504 5605 non
1552 5553 1722 5624 male)
1771 5553 1897 5616 τοὺς

221 5649 513 5718 ,Ιταλοὺς,
580 5641 780 5712 ἠξίουν
832 5643 1226 5714 παραιροῦντας
1277 5641 1375 5706 τὴν
1431 5643 1751 5712 προσθήκην
1801 5649 1900 5698 τοῦ

224 5735 541 5817 συμϐόλου,
617 5733 678 5787 ἐν
737 5735 854 5791 ταῖς
890 5727 1112 5790 λοιπαῖς
1142 5728 1484 5802 ἀνάγραπτον
1520 5726 1769 5806 ἔχοντας,
1793 5755 1904 5788 συν.

2071 5206 2421 5277 Ἀντιλλάξας
2471 5228 2521 5280 ρ.
2575 5212 2695 5266 140.
2747 5213 2874 5284 Agit
2921 5215 2992 5268 de
3047 5216 3338 5274 militibus
3409 5221 3653 5276 Caesaris

2002 5299 2423 5353 insidiantibus
2458 5299 2586 5353 urbi
2618 5301 3309 5375 Constantinopolitanze,
3341 5325 3517 5379 quam
3543 5311 3650 5364 im-

2005 5387 2257 5458 provisio
2290 5388 2638 5459 intercipere
2669 5392 2974 5459 parabant,
3000 5409 3229 5451 summo
3253 5403 3560 5468 propterea
3581 5399 3658 5453 si-

2006 5476 2185 5530 lentio
2201 5481 2541 5547 agentes,ne
2566 5493 2775 5548 respon
2789 5481 3060 5536 santibus
3079 5499 3108 5536 e
3123 5500 3290 5539 muro
3307 5488 3662 5554 quibusdam

2009 5567 2415 5637 proderentur.
2443 5567 2620 5621 Codd.
2651 5568 2690 5621 Β
2715 5573 2772 5622 et
2793 5572 2837 5623 A
2863 5587 2997 5624 cum
3032 5572 3286 5644 simplici
3312 5572 3343 5627 λ
3368 5578 3660 5648 scribunt,

2011 5654 2196 5710 Vatic.
2246 5655 2498 5710 alterum
2533 5650 2564 5707 λ
2615 5657 2800 5712 addit.
2847 5660 3036 5715 Audio
3063 5661 3121 5716 in
3171 5662 3392 5736 vulgari
3445 5666 3660 5724 GPIBCiS

2015 5745 2191 5800 hodie
2224 5745 2443 5802 usitata
2474 5745 2676 5818 lingua
2709 5744 3027 5819 ἀντιλλάξας
3054 5751 3166 5806 dici
3204 5770 3306 5824 pro
3332 5752 3674 5825 ἆντηλλάξοις
