4210 6448
624 388 765 448 1007

1684 390 1747 441 Ρ.
1789 388 2067 443 ΡΟΒΒῙΝΙ
2106 388 2721 449 OBSERVATIONUM
2761 397 2903 454 LIB.
2946 398 2989 450 l.

3910 402 4061 463 1008

624 521 701 577 ab
734 509 1117 569 ἀνταλλάττω.
1154 513 1294 565 noto
1322 510 1449 580 jam
1482 509 1806 576 vocabulo;
1841 509 1995 579 quod
2045 509 2291 565 fortasse
2321 516 2373 578 Α
2407 527 2505 567 cos
2527 512 2773 585 aliquid,
2800 516 3031 572 etallini
3058 518 3172 574 sibi
3205 518 3547 576 Latinorum
3565 537 3673 577 usu
3704 538 4062 594 passosease

623 613 826 665 noster
878 600 1229 672 expresserit
1284 613 1448 652 more
1497 598 1784 668 populari.
1832 597 1889 650 Si
1940 599 2139 652 minus
2178 598 2286 653 hoc

625 697 840 770 placet,
873 689 1076 761 reponi
1119 693 1321 759 posset
1364 682 1795 756 ἀντικλαξάντων
1850 686 1921 739 ab
1978 683 2284 753 ἀντικλάζω

629 785 802 859 quasi
843 775 1211 851 ἀντικλάγγω.

701 880 1138 938 ⁹Λντιστατικῶς.
1181 892 1234 944 ρ.
1286 874 1408 928 480.
1467 874 1748 939 Habebat,
1813 878 1878 927 ut
1916 878 2174 945 apparet,
2224 874 2283 929 in

631 973 830 1027 animo
856 970 973 1022 haec
1001 963 1666 1034 scribensPachymeres
1701 962 1891 1016 locum
1909 962 2288 1032 Hermogenis

630 1061 755 1134 περὶ
816 1058 1077 1122 στάσεων,
1131 1055 1231 1109 ubi
1291 1052 1589 1125 explicans
1649 1054 1801 1123 quod
1855 1054 1932 1107 sit
1983 1051 2289 1112 ἀντίστασις

632 1150 877 1207 scribit:
913 1145 1123 1199 Γίνεται
1174 1140 1484 1201 ἀντίστασις
1526 1139 1650 1194 ὅταν
1700 1137 1997 1212 ὁμολογῶν
2028 1141 2055 1193 ὁ
2078 1140 2289 1215 φεύγνω

634 1236 993 1306 πεποιηκέναι
1040 1254 1094 1286 τι
1140 1232 1213 1291 ὡς
1254 1228 1497 1301 ἀδίκημα
1528 1229 1751 1299 ἀνθιστᾷ
1776 1226 1962 1302 ἕτερον
1989 1250 2040 1282 τι
2076 1228 2287 1303 εὐεργὲ-

631 1348 786 1400 τημα
820 1329 1007 1397 μεῖζον
1042 1319 1113 1375 δι’
1144 1320 1311 1374 αὐτοῦ
1348 1320 1445 1372 τοῦ
1496 1316 1836 1389 ἀδικήματος
1873 1318 2279 1392 πεπραγμένον.

634 1419 754 1474 Ηοο
786 1421 912 1472 est:
947 1413 1034 1467 Fit
1076 1409 1465 1471 ἀντιστατικῶς
1492 1411 1607 1464 sive
1657 1411 2013 1479 comparatio,
2075 1408 2290 1478 quando

636 1524 763 1563 reus
786 1505 1050 1573 conﬁtens
1080 1516 1136 1556 se
1166 1501 1363 1570 fecisse
1387 1499 1607 1569 aliquid
1636 1498 1778 1569 quod
1806 1498 2145 1567 maleﬁcium
2194 1514 2288 1552 vo-

635 1606 806 1663 cetur,
839 1593 1067 1667 opponit
1094 1605 1164 1644 ea:
1202 1588 1430 1642 adverso
1460 1588 1638 1651 maius
1694 1587 1917 1657 aliquod
1969 1586 2291 1654 beneﬁcium

636 1687 792 1755 cujus
834 1690 1025 1737 auctor
1070 1681 1244 1751 fuerit
1290 1678 1629 1743 male/icium
1682 1674 1829 1729 illud
1884 1675 2287 1730 committenda.

637 1775 826 1830 Veluti
850 1788 984 1828 cum
1001 1769 1345 1841 peregrinus
1378 1771 1680 1821 accusatos
1700 1766 1852 1836 quod
1886 1770 2091 1820 contra
2132 1763 2290 1836 leges

2392 606 2456 654 ut
2486 609 2848 659 armaturam
2880 606 3357 662 etinstrumenta
3386 608 4061 686 inferandiautpropnl-

2391 690 2560 743 sandi
2579 691 2695 747 vim
2727 708 2795 747 ea
2825 693 3248 765 signiﬁcarent,
3273 696 3444 751 docet
3471 697 3729 754 Thomas
3762 701 4045 773 Magister

2392 778 2449 832 id
2482 780 2915 851 reprehendens
2950 783 3037 837 bis
3066 783 3257 839 verbis
3290 800 3304 839 :
3336 784 3521 856 Ἅρμα
3575 784 3627 838 ἐν
3679 786 3725 857 ᾧ
3779 788 3830 840 οἱ
3873 786 4054 843 ἵπποι

2396 864 2723 942 ζεύγνυνται.
2757 869 2823 925 Οἱ
2856 867 2915 923 δὲ
2962 869 3049 924 ἐπὶ
3100 869 3288 925 ὃπλων
3338 868 3713 944 λαμϐάνοντες
3754 875 3815 929 οὐ
3864 876 4061 939 καλῶς

2392 959 2657 1030 χρῶνται.
2700 961 3037 1016 Percrebuit
3077 962 3134 1016 id
3168 968 3365 1019 tamen
3430 964 3597 1033 satis,
3640 971 3703 1020 ut
3749 968 4055 1025 adversus

2393 1048 2685 1117 ejusmodi
2735 1066 3045 1106 censuram
3104 1053 3255 1107 tueri
3306 1069 3367 1108 se
3424 1054 3718 1125 quispiam
3768 1058 4059 1129 exemplis

2394 1141 2590 1205 queat.
2621 1137 2838 1193 Omitto
2861 1156 2985 1209 quze
3011 1141 3353 1197 testimonia
3395 1142 3526 1213 ejus
3577 1144 3843 1201 notionis
3873 1147 4059 1203 refert

2396 1223 2964 1297 Meursius,quaeque
2986 1230 3142 1298 apud
3160 1229 3475 1300 scriptores
3498 1232 3675 1287 etiam
3698 1250 3811 1289 non
3833 1251 4061 1307 usque-

2396 1330 2629 1384 quaque
2661 1315 2945 1372 barbaros
2966 1317 3135 1373 facile
3158 1322 3791 1379 oceurrent.Admoneo
3814 1328 4056 1381 tantum

2395 1402 2832 1474 Pachymerem,
2865 1410 3167 1476 utcunque
3189 1406 3335 1462 alias
3386 1410 3813 1480 antiquarium,
3867 1412 4056 1484 hujus

2397 1495 2733 1563 εωτερισμοῦ
2782 1494 2964 1549 teneri
3022 1496 3353 1551 manifeste.
3407 1498 3532 1553 Duo
3595 1502 3725 1571 ejus
3774 1505 4056 1559 annotavi

2396 1579 2520 1635 loca
2549 1580 2606 1635 in
2641 1582 2857 1652 quibus
2887 1600 3086 1639 vocem
3120 1584 3337 1657 ἅρματα
3366 1589 3417 1642 si
3450 1588 3584 1655 quis
3615 1605 3826 1646 currus
3859 1592 4053 1648 inter-

2397 1674 2747 1741 pretaretur,
2780 1674 2851 1726 ab
2883 1675 3012 1743 ejus
3046 1682 3241 1730 mente
3271 1678 3593 1734 aberraret.
3653 1683 3715 1733 P.
3769 1680 3897 1749 434,
3963 1683 4051 1738 sic

2396 1758 2603 1813 scribit
2631 1762 2702 1814 de
2730 1760 2957 1816 Joanne
2987 1763 3139 1817 duca
3169 1764 3522 1835 imperatore
3556 1784 3569 1822 :
3606 1769 3953 1841 Κατωχύρου
3990 1770 4061 1824 τὰ

639 1880 877 1921 murum
902 1861 1065 1917 urbis
1098 1858 1527 1923 conscenderit,
1562 1857 1853 1911 fateturid
1887 1873 1919 1911 a
1951 1872 2012 1910 se
2044 1856 2282 1923 factum,

2400 1844 2634 1919 φρούρια
2666 1846 2799 1917 σίτῳ
2819 1848 2909 1901 καὶ
2942 1850 3199 1922 ἅρμασιν.
3228 1854 3376 1909 547
3422 1856 3627 1925 Specie
3673 1857 3804 1929 ipsa
3860 1861 4061 1931 prima

638 1956 738 2010 sed
774 1952 935 2009 addit
964 1966 1027 2005 se
1060 1949 1169 2003 hoc
1201 1948 1424 2019 agendo
1456 1962 1722 2001 servasse
1755 1945 2075 2012 civitatem,
2103 1946 2293 2015 repul-

640 2047 724 2103 sis
755 2044 1050 2108 hostibus,
1085 2040 1183 2110 qui
1214 2044 1357 2093 tunc
1391 2037 1543 2093 546
1570 2035 1729 2091 nullo
1760 2035 1970 2091 civium
2008 2035 2298 2090 sentiente

644 2148 882 2191 murum
913 2128 1111 2184 infesti
1144 2125 1321 2181 scalis
1372 2123 1624 2179 admotis
1670 2127 2108 2194 superaverant.
2150 2121 2296 2176 Hinc

648 2227 804 2294 patet
826 2220 928 2291 qui
969 2217 1103 2272 velit
1137 2215 1246 2270 hoc
1272 2214 1397 2269 loco
1430 2218 1649 2281 noster,
1683 2212 1822 2266 dum
1872 2212 1952 2265 ait
1996 2226 2198 2281 pacem
2223 2210 2296 2265 ab

646 2310 942 2383 Ephesino
973 2312 1030 2361 et
1054 2304 1184 2360 aliis
1214 2301 1604 2359 ἀντιστατικῶς
1628 2302 1910 2354 duntaxat
1952 2299 2295 2368 admissam,

646 2397 979 2456 conﬁtendo
1010 2394 1292 2449 nimirum
1318 2406 1447 2446 eam
1478 2388 1691 2443 malam
1723 2388 1979 2455 esse,sed
2006 2388 2294 2457 majorum

648 2488 939 2545 malorum
970 2483 1341 2539 vitandorum
1376 2495 1555 2533 causa
1589 2482 1739 2531 recte
1790 2476 2096 2531 toleratam
2138 2476 2297 2531 arbi-

646 2577 809 2634 trari.
844 2576 904 2631 In
937 2589 1051 2645 quo
1085 2570 1379 2649 detegitur
1412 2567 1661 2621 ultimus
1687 2569 1956 2636 receptus
2006 2564 2297 2663 schisma-

640 2670 773 2723 ticaa
804 2661 1205 2729 contumaciae,
1240 2661 1297 2712 et
1329 2655 1666 2711 declaratur
1706 2670 1883 2725 quam
1931 2670 2140 2725 parum
2183 2655 2301 2706 sin-

639 2773 772 2812 cera
803 2754 915 2808 ﬁde
948 2749 1209 2823 plerique
1238 2752 1382 2801 tunc
1417 2746 1749 2801 Graecorum
1786 2743 1961 2798 istam
2011 2757 2146 2797 cum
2188 2742 2297 2797 La-

645 2847 771 2899 tina
800 2841 1055 2897 Ecclesia
1081 2836 1457 2892 concordiam
1491 2835 1613 2888 sint
1636 2831 1908 2903 amplexi.

714 2933 1026 3003 Ἀποστολή
1064 2952 1118 3006 p.
1168 2932 1293 2988 124.
1333 2934 1489 2987 Inter
1542 2945 1751 2985 causas
1803 2944 1931 2999 quae
1986 2928 2299 2997 imperato-

643 3044 765 3084 rem
800 3024 1187 3095 Palaaologum
1227 3023 1535 3075 moverunt
1556 3018 1624 3072 ad
1662 3017 2071 3071 absistendum
2116 3025 2301 3087 ccepta

643 3114 1084 3190 oppugnatione
1132 3110 1344 3167 Galatea
1383 3107 1866 3185 obsidionemque
1934 3106 2297 3173 solvendam,

2405 1950 2645 2014 apparet
2677 1947 2981 2018 complecti
3000 1965 3131 2003 eum
3152 1951 3267 2005 duo
3290 1951 3540 2007 maxime
3556 1956 3886 2011 necessaria
3910 1974 4056 2028 prm-

2404 2032 2665 2088 sidiariis
2696 2035 2944 2102 arcium,
2977 2035 3255 2092 alimenta
3288 2043 3347 2093 et
3377 2056 3563 2095 arma.
3586 2044 3642 2096 Si
3678 2042 3813 2114 quis
3852 2049 4059 2101 tamen

2403 2122 2821 2177 contentiosior
2842 2140 3052 2180 currus
3082 2122 3257 2181 etiam
3290 2128 3348 2182 in
3384 2135 3665 2199 apparatu
3691 2133 4057 2189 tuendarum

2402 2210 2623 2265 arcium
2658 2229 2774 2267 non
2805 2213 3046 2269 inutiles
3078 2214 3373 2271 interdum
3398 2222 3501 2272 aut
3522 2219 3696 2275 etiam
3730 2221 3798 2275 ad
3833 2237 4052 2279 conve-

2401 2298 2650 2354 ctionem
2684 2308 3119 2358 commeatuum
3154 2306 3516 2362 necessarios
3547 2307 3641 2363 hic
3692 2317 4060 2367 memoratos

2402 2387 2561 2455 velit,
2590 2405 2674 2442 nae
2699 2389 2834 2444 huic
2860 2393 3227 2463 extorquebit
3250 2395 3631 2465 pertinaciam
3648 2399 3805 2467 quod
3828 2398 4058 2455 ibidem

2404 2490 2541 2530 mox
2590 2476 2715 2549 περὶ
2765 2477 3020 2551 ἁρμάτων
3059 2480 3297 2550 dicitur,
3337 2500 3405 2538 ea
3452 2500 3583 2540 esse
3632 2502 3701 2541 ex
3744 2503 3813 2542 eo
3838 2504 4063 2560 genere

2404 2581 2599 2621 rerum
2634 2569 2805 2639 cujus
2834 2586 3137 2641 nunquam
3162 2572 3382 2629 aﬂ‘atim
3408 2575 3710 2631 utentibus
3761 2578 3840 2632 sit
3861 2595 3875 2632 :
3898 2581 4065 2635 unde

2414 2672 2550 2709 mox
2581 2657 2837 2724 additur,
2886 2660 2941 2713 id
3003 2667 3368 2732 reputantem
3421 2663 3588 2719 illum
3641 2665 4061 2739 imperatorem

2403 2744 2663 2814 jussisse
2687 2747 2823 2800 addi
2863 2747 3141 2821 catalogis
3172 2752 3356 2821 gratis
3408 2755 3985 2825 suppeditandraum
4024 2773 4055 2813 e

2407 2832 2549 2888 ﬁsco
2574 2833 2745 2889 militi
2771 2851 2965 2891 rerum
2990 2854 3154 2893 arma
3174 2840 3366 2896 omnis
3395 2844 3626 2912 generis
3655 2848 3715 2899 et
3736 2862 3883 2901 usus
3916 2864 3930 2914 ;
3955 2847 4061 2902 ubi

2407 2923 2465 2977 in
2497 2922 2693 2980 Graeco
2722 2940 2791 2979 ex
2818 2942 2927 2981 vox
2957 2923 3104 2980 ὅπλα
3135 2930 3438 2985 manifeste
3468 2935 3533 2985 ut
3580 2949 3906 3006 synonyma
3958 2939 4062 2990 τοῦ

2407 3018 2651 3092 ἅρματος
2685 3022 2849 3093 prius
2882 3026 3186 3080 memorati
3222 3026 3432 3097 posita.
3488 3027 3829 3087 Clarissima
3872 3034 4060 3090 etiam

2406 3112 2609 3165 eadem
2644 3128 2751 3166 vox
2784 3110 2997 3183 ἅρματα
3027 3130 3131 3184 pro
3162 3112 3308 3167 ὅπλα
3340 3122 3626 3189 usurpata
3652 3123 3966 3192 reperitur.
3994 3140 4055 3194 p.

643 3210 951 3262 enumerat
982 3216 1251 3274 sparsam
1287 3199 1503 3252 tamam
1536 3195 1886 3250 auxiliorum
1921 3195 2106 3250 asede
2149 3212 2282 3266 apo-

739 3295 774 3307 ιι
894 3294 905 3305 ο
1144 3291 1155 3307 1
1250 3290 1495 3307 9,,_,,___.-
1561 3285 1811 3307 -ι.----ε-
1858 3284 2181 3307 _--I:_I-__.-_..
2236 3290 2282 3307 ,Α

2404 3198 2530 3260 419.
2560 3200 2655 3253 ubi
2691 3201 3073 3272 Paehymeres
3091 3202 3172 3257 ait
3194 3207 3448 3261 Nenetos
3466 3205 3781 3276 aliquando
3807 3210 4060 3266 ditiores

644 3295 851 3353 stolica
883 3294 1009 3364 jam
1069 3290 1503 3346 submissorum
1554 3285 1813 3341 obsessis
1858 3284 2186 3339 validorum
2232 3290 2287 3339 et

632 3386 759 3456 jam
792 3383 880 3452 [P.
920 3380 1047 3451 372]
1094 3376 1579 3437 adventantium;
1623 3369 1904 3442 ἆποστολή
1953 3373 2134 3444 igitur
2182 3374 2291 3429 hoc

637 3474 764 3530 loco
797 3470 943 3526 nihil
975 3469 1134 3524 aliud
1166 3461 1355 3538 quam
1406 3465 1604 3519 sedem
1647 3462 2024 3536 apostolicam
2076 3467 2288 3518 Roma-

639 3580 778 3620 nam
812 3565 985 3616 sonat

709 3650 1012 3726 Ἀπόφασις
1048 3666 1105 3719 p.
1152 3647 1281 3701 268.
1341 3643 1777 3700 Denuntiarunt
1816 3642 2159 3714 patriarcha:
2194 3643 2290 3697 da-

636 3742 1005 3798 mnationem
1041 3739 1226 3808 ipsius
1259 3740 1316 3790 et
1348 3733 1774 3805 depositionem
1821 3731 2045 3803 judicio
2086 3731 2286 3804 synodi

634 3836 954 3888 decretam.
990 3828 1152 3883 Unde
1180 3822 1615 3896 intelligiturin
1646 3821 1816 3876 titulo
1849 3838 1977 3892 cap.
2012 3820 2283 3889 sexti,qui

637 3923 720 3977 sic
755 3921 960 3976 habet:
1012 3917 1199 3974 Ὅπως
1262 3913 1631 3986 συναχθέντων
1694 3913 1805 3964 τῶν
1858 3909 2166 3983 ἀρχιερέων
2223 3906 2285 3961 τὸ

632 4010 843 4066 τὲλειον
902 4008 1129 4081 μήνυμα
1177 4002 1263 4056 καὶ
1321 3999 1407 4053 ἐπὶ
1450 4002 1629 4070 τούτῳ
1673 4001 1707 4067 ἡ
1754 3998 2021 4076 ἀπόφασις
2073 3996 2283 4072 γέγονε,

636 4118 831 4155 vocem
880 4095 1152 4169 ἀπόφασις
1210 4090 1652 4147 damnationem
1699 4106 1927 4146 sonare.
1979 4088 2109 4143 Scio
2169 4105 2284 4142 non

635 4206 765 4245 esse
796 4189 945 4241 hanc
970 4186 1272 4254 vulgarem
1307 4181 1486 4251 hujus
1518 4178 1783 4233 vocabuli
1818 4177 2135 4232 notionem.
2173 4178 2282 4233 Ta-

633 4295 768 4334 men
796 4275 1018 4346 aliquid
1053 4272 1247 4328 simile
1271 4270 1607 4341 significare
1637 4267 2285 4333 interdum,ostendunt

628 4368 757 4423 loca
788 4365 1170 4420 classicorum
1197 4366 1529 4423 auctorum,
1565 4355 1906 4425 vulgaribus
1938 4356 2109 4409 etiam
2144 4354 2279 4409 lexi-

627 4458 711 4514 cis
744 4442 948 4511 relata.
986 4453 1131 4508 Mihi
1164 4450 1382 4506 sufﬁcit
1403 4444 2276 4519 Hesychius,spudquemlego:

622 4541 937 4621 Ἀπὸφασις,
986 4539 1188 4613 κρίσις,
1237 4539 1441 4613 ψῆφος,
1482 4531 1605 4602 δίκη
1691 4536 1758 4589 Et
1828 4538 1993 4589 vetus
2053 4532 2276 4587 lexicon

2404 3285 2949 3360 splendidioresque
2978 3293 3388 3348 Genuensibus
3414 3294 3657 3361 fuisse,a
3677 3298 4058 3367 quibus,viee

2400 3392 2594 3430 rerum
2620 3377 3010 3433 humanorum
3024 3385 3247 3451 ,postea
3268 3381 3488 3437 divitiis
3501 3386 3763 3440 etcullus
3776 3387 4019 3458 magniﬁ
4032 3419 4055 3429 -

2399 3467 2588 3521 centia
2618 3469 2876 3537 superati
2911 3470 3049 3525 sint.
3088 3472 3235 3542 Ergo
3260 3472 4057 3543 prioremillamVenetorum

2402 3556 2837 3626 magniﬁcentia
2902 3574 3261 3627 memorans,
3341 3562 3424 3615 ait
3499 3578 3703 3617 eorum
3769 3561 4054 3639 συνέδριον

2397 3644 2506 3698 hoc
2536 3650 2624 3699 est
2671 3662 2958 3716 proceres,
2982 3648 3278 3718 patricios,
3312 3666 3377 3704 ex
3414 3650 3630 3721 quibus
3691 3654 3747 3706 in
3794 3669 3862 3707 ea
3905 3656 4058 3711 urbe

2397 3740 2636 3790 senatus
2668 3734 3193 3808 constantmlouﬂp
3211 3736 3301 3790 καὶ
3333 3738 3538 3811 ἅρμασι
3562 3740 3651 3793 καὶ
3708 3748 4056 3813 παρασκευαῖ

2394 3820 2627 3883 ἁπάσαις
2702 3826 3109 3882 Genuensibus
3184 3828 3323 3881 olim
3396 3830 3757 3899 praestitisse.
3805 3831 3909 3887 Hie
3978 3850 4057 3889 ne

2395 3909 2610 3985 ἅρματα
2650 3931 2859 3969 currus
2925 3914 3404 3987 interpretemur,
3452 3918 3744 3989 prohibet,
3792 3920 3840 3975 si
3895 3922 4051 3978 nihil

2396 4004 2576 4070 aliud,
2611 4009 2768 4059 certe
2798 4004 2947 4059 situs
2991 4006 3155 4060 urbis
3185 4006 3412 4061 Veneta:
3447 4008 3518 4061 ad
3544 4009 3725 4063 maris
3770 4014 4055 4068 aestuaria

2394 4102 2476 4155 sic
2509 4102 2710 4173 positae
2742 4108 2805 4157 ut
2837 4104 3064 4174 cymbis
3088 4121 3188 4175 per
3209 4121 3359 4171 eam,
3386 4122 3499 4160 non
3533 4106 3730 4161 rhedis
3752 4122 4051 4166 commee-

2392 4195 2508 4244 tur.
2542 4192 2733 4254 Quare
2760 4192 3075 4247 ridiculum
3109 4194 3759 4267 faceretPachymerem,
3783 4199 3879 4269 qui
3906 4216 4048 4256 eum

2392 4279 2583 4334 dicere
2606 4280 2830 4351 juberit
2861 4286 3161 4336 senatores
3195 4283 3332 4336 olim
3366 4283 3619 4339 Venetos
3651 4284 3710 4338 in
3742 4302 3849 4340 sua
3897 4289 4051 4345 urbe

2391 4369 2584 4439 specie
2612 4370 2928 4425 rhedarum
2962 4376 3019 4425 et
3051 4370 3490 4444 magnificentia
3518 4389 3799 4428 curruum
3836 4377 4045 4447 copias

2390 4459 2819 4514 ostentasse.Ut
2843 4460 3110 4513 omittam
3152 4477 3219 4515 ex
3242 4460 3372 4515 aliis
3400 4460 3582 4532 hujus
3601 4462 4044 4534 historimlocis,

2390 4548 2474 4616 [P.
2509 4549 2634 4617 375]
2668 4548 2823 4619 quod
2856 4548 2991 4601 alibi
3026 4549 3288 4618 observo,
3312 4566 3615 4621 apparere,
3652 4568 3721 4607 ne
3766 4553 3826 4606 in
3869 4555 4045 4608 urbi-

619 4607 895 4708 anonymi
924 4607 1226 4687 veditumra
1253 4607 1538 4681 Vulcanio
1571 4641 1589 4679 :
1620 4621 1924 4699 Απόφασις,
1960 4624 2270 4678 sententia.

2391 4638 2494 4691 bus
2530 4638 2766 4707 quidem
2803 4637 2862 4690 in
2896 4636 3070 4709 plano
3100 4644 3157 4693 et
3190 4638 3343 4693 sicco
3375 4640 3699 4707 aedificetis,
3729 4640 3923 4712 iisque
3948 4659 4043 4698 re-

688 4734 1165 4810 Ἀπροσποιοῦμαι
1200 4746 1254 4800 p.
1290 4727 1413 4781 496.
1446 4727 1698 4780 Verbum
1743 4724 1901 4779 istud
1954 4724 2092 4778 alibi
2151 4741 2265 4779 non

616 4824 915 4895 reperi.Et
943 4820 1288 4881 Vaticanus,
1324 4822 1383 4869 ut
1417 4812 2025 4879 soletinobscuris,et
2067 4812 2176 4867 hoc
2211 4816 2269 4865 et

615 4904 848 4970 comma
880 4928 1012 4965 cum
1045 4924 1112 4963 eo
1140 4911 1334 4961 totum
1369 4902 1876 4957 omisit.Czeterum
1904 4900 2084 4969 hujus
2110 4900 2265 4953 notio

614 5010 681 5059 ut
711 5002 1005 5058 contraria
1034 5000 1114 5068 τῷ
1145 4995 1558 5067 προσποιοῦμαι
1594 4992 1784 5059 debet,
1811 4990 2035 5061 opinor,
2055 4989 2260 5060 accipi.

612 5098 825 5148 Notum
851 5095 1047 5146 autem
1081 5103 1196 5141 non
1229 5084 1368 5155 quid
1398 5080 1807 5151 προσποιεῖσθαι
1834 5081 2258 5147 sit,assumere,

609 5184 950 5253 adjungere,
979 5180 1288 5232 admovere
1321 5172 1432 5229 sibi
1460 5191 1472 5240 ;
1508 5176 1572 5225 ut
1604 5170 1792 5225 solent
1824 5168 2117 5240 principes
2158 5186 2257 5225 eos

603 5290 719 5345 quo
753 5288 860 5327 sua
892 5268 1076 5341 gratia
1110 5267 1321 5338 dignos
1346 5266 1573 5334 putant.
1618 5260 1768 5331 Ergo
1801 5256 2253 5329 ἀπροσποιεῖσθαι

594 5365 705 5419 crit
735 5360 1043 5417 excludere
1076 5374 1141 5411 ac
1173 5354 1429 5424 rejicere.
1466 5350 1629 5415 Quod
1672 5349 1787 5403 huc
1820 5348 2253 5419 bellequadrat,

590 5459 656 5508 ut
684 5448 1019 5520 Acropolita
1040 5446 1231 5500 favore
1257 5458 1321 5497 ac
1354 5438 1753 5494 familiaritate
1775 5436 2149 5507 imperatoris
2172 5438 2249 5493 si-

584 5542 905 5615 gnificetur
934 5533 1245 5592 excidisse.

655 5641 911 5712 ..Αρματα
969 5635 1027 5691 Ιῃ
1080 5632 1315 5689 notione
1364 5628 1525 5685 vocis
1605 5625 1752 5700 ἅρμα
1825 5644 1941 5696 qua
2008 5646 2246 5686 currum

587 5728 886 5803 designari
918 5726 1117 5783 sciunt
1139 5719 1683 5788 omnes,innovasse
1709 5716 2063 5773 recentiores
2086 5718 2243 5775 Grai-

2380 4726 2513 4797 giis,
2552 4727 2914 4795 frequentem
2940 4742 3006 4781 ea
3040 4728 4040 4797 tempestatecurruum,rhedarum

2380 4819 2479 4869 aut
2510 4815 2879 4879 essedorum,
2932 4814 3237 4887 splendide
3287 4817 3612 4887 praesrtim
3660 4823 4038 4888 ornatorum,

2378 4930 2551 4967 usum
2606 4913 2810 4967 fuisse.
2859 4913 3009 4985 Ergo
3062 4913 3190 4967 sino
3234 4913 3414 4968 dubio
3454 4910 3681 4985 πλούτῳ
3703 4914 3792 4968 καὶ
3826 4916 4035 4991 ἅρμασι

2375 5002 2563 5057 divitis
2592 5009 2643 5058 et
2674 5004 2851 5056 armis
2882 5002 3225 5057 vertendum
3256 5003 3681 5059 fuit.Nimirum
3697 5007 3876 5061 armis
3896 5024 4033 5078 pre-

2374 5092 2519 5145 tiose
2550 5091 2771 5147 ornatis
2804 5092 3077 5162 instructi
3109 5090 3446 5162 gaudebant
3469 5109 3769 5165 apparere,
3805 5112 3969 5151 more
3997 5115 4034 5151 a

2373 5181 3050 5253 Satyricolaudato,dum
3066 5180 3386 5236 adducitex
3399 5180 3650 5238 heroicis
3662 5186 4033 5256 temporibus

2367 5270 2698 5342 exemplum
2734 5271 3047 5341 cujusdam
3082 5270 3335 5341 gemmis
3372 5287 3487 5326 non
3524 5272 3593 5327 ad
3628 5274 3890 5329 ornanda
3922 5292 4033 5346 po-

2363 5362 2516 5425 cula,
2552 5366 2615 5415 ut
2642 5360 2809 5415 Virro
2856 5361 3094 5432 quidam
3132 5358 3399 5430 faciebat,
3430 5365 3495 5416 ut
3526 5362 3945 5429 so!iti,sedeas
3966 5365 4028 5422 in

2361 5451 2582 5522 vaginae
2612 5450 2801 5504 fronte
2834 5449 3183 5520 ponere,hoc
3216 5455 3306 5505 est
3327 5450 3386 5505 in
3412 5451 4025 5525 capitulo,conspicuo

2360 5542 2633 5595 videlicet
2664 5539 2808 5606 loco,
2840 5540 3148 5594 ostendare
3175 5538 3407 5594 :alludit
3439 5542 3595 5596 enim
3620 5542 3765 5597 illud
3792 5541 4029 5616 Virgilii

2358 5630 2636 5684 stellatum
2646 5629 2871 5700 jaspide
2904 5629 3063 5699 fulva
3093 5644 3293 5683 ensem
3325 5628 3507 5686 Enen
3534 5632 3871 5689 tribuentis.
3906 5633 4024 5689 Sed

2358 5719 2478 5775 haec
2508 5716 2561 5771 ἐν
2591 5718 2865 5793 παρέργου
2913 5718 3085 5792 μέρει.
3119 5717 3367 5775 Summa
3419 5719 3518 5791 sit,
3562 5719 3776 5793 ἅρματα
3822 5722 3883 5778 in
3921 5720 4022 5780 his
