4210 6448
209 376 346 434 1009

205 503 433 559 duobus
468 504 846 576 Pacbymeris
879 504 1022 562 locis
1072 522 1176 578 pro
1219 504 1416 568 ὅπλοις
1467 509 1751 579 positum,
1796 510 1854 561 et
1883 508 1936 573 Α

201 609 364 648 arma
397 595 604 650 Latina
638 597 877 651 notione
908 596 1355 667 designare,nec
1388 599 1458 653 ad
1489 614 1698 654 currus
1729 596 1839 653 nisi

205 683 457 738 absurde
481 685 649 740 referi
689 703 859 756 posse
889 686 986 756 (1).

269 770 546 844 Ἀρπεδὼν
609 791 662 844 p.
721 775 845 828 293.
905 772 1077 835 Αὐτὸς
1137 775 1354 847 πέμψας
1412 775 1499 829 καὶ
1549 773 1838 848 ἁρπεδόσιν

196 857 459 924 ἐνδεῖσθαι
526 861 976 935 παρασκιυάσας.
1041 865 1169 920 Haec
1238 867 1371 920 licet
1443 866 1500 920 in
1562 871 1832 921 contextu

195 951 488 1019 disjuncta
518 952 601 1006 sic
627 953 884 1021 aptanda
924 959 1085 1007 sunt.
1129 954 1434 1025 Signiﬁcat
1477 955 1833 1010 Germanum

192 1039 583 1109 patriarcbam
619 1041 807 1095 valida
837 1042 908 1096 ad
951 1041 1145 1111 ipsum
1182 1042 1392 1097 throno
1437 1044 1832 1114 dejiciendum

190 1127 437 1182 conﬂata
489 1129 756 1196 factione,
819 1147 1166 1197 persuasum
1229 1132 1443 1202 supina
1489 1132 1833 1186 credulitate

187 1216 422 1270 studere
452 1216 564 1271 sibi
598 1217 1007 1288 imperatorem
1043 1235 1218 1290 quam
1237 1220 1509 1283 maxime,
1534 1222 1831 1275 confiden-

1666 383 2147 437 GLOSSARIUM.

3467 381 3602 433 iOlO

2035 505 2121 574 [Ρ.
2182 502 2308 571 374]
2367 497 2916 555 Αὐθεντοπουλεύειν.
2977 501 3126 554 Puer
3181 501 3453 572 princeps
3501 508 3603 559 aut

1949 592 2252 664 regnantis
2287 590 2444 644 illius
2477 607 2852 660 parvus,cum
2879 591 3225 659 procedente
3263 591 3320 643 in
3345 592 3595 660 primam

1949 680 2259 751 pueritiam
2294 679 2541 733 infantia
2567 679 2910 733 comitatum
2945 678 3239 732 natalibus
3263 695 3590 749 congruum

1948 770 2159 840 accipit
2190 773 2244 823 et
2279 768 2600 823 ministerio
2636 784 2700 822 ac
2724 767 3000 822 satellitio
3033 767 3452 832 circumdatur,
3496 768 3588 821 a5-

1946 857 2386 921 θεντοπουλεύειν
2451 859 2664 912 dicitur
2717 859 2946 920 Graecia:
2991 857 3229 925 recenti,
3261 859 3431 926 cujus
3473 877 3584 914 usu

1944 967 2050 1004 vox
2099 945 2306 1007 ποῦλος
2369 947 2757 1020 ὑποκοριστική
2823 953 2930 1002 est.
2992 947 3064 1002 Ut
3122 963 3260 1016 ergo
3328 944 3586 1016 αὐθέντης

1942 1038 2291 1096 dominum.
2343 1037 2424 1091 ita
2477 1034 2914 1095 αὐθεντόπουλος
2969 1053 3209 1107 parvum
3270 1039 3582 1092 dominum

1943 1131 2131 1182 sonat.
2167 1127 2307 1180 Hinc
2346 1125 2692 1196 intelligitur
2724 1127 2876 1196 quod
2911 1126 3120 1180 scribit
3150 1127 3376 1189 Noster,
3403 1143 3457 1196 p.
3490 1127 3582 1193 24,

1940 1217 2009 1268 de
2049 1215 2457 1270 Muzalonibus
2491 1215 2678 1268 tribus
2708 1215 2985 1270 fratribus
3004 1215 3306 1269 Theodoro
3336 1215 3587 1284 impera-

185 1307 272 1357 tsr
300 1304 593 1359 indicasse
622 1305 734 1375 ipsi
761 1323 909 1376 opus
937 1307 1046 1360 sibi
1081 1323 1210 1362 esse
1251 1308 1564 1378 donativis,
1616 1310 1830 1376 quibus
1937 1305 2042 1358 tori
2069 1304 2284 1369 charis,
2317 1305 2470 1374 quod
2505 1304 2578 1369 ei,
2622 1320 2754 1356 cum
2802 1303 3056 1374 primum
3111 1318 3254 1374 puer
3299 1302 3582 1357 familiam

185 1393 532 1463 spargendis
580 1395 1012 1448 adversantium
1083 1397 1487 1451 reconciliaret
1556 1398 1824 1451 animos.

187 1482 371 1544 Quam
400 1483 469 1536 ad
504 1498 649 1548 rem,
683 1482 738 1536 in
773 1483 1243 1539 dissimulatione
1290 1486 1615 1553 persistens
1673 1487 1826 1542 548

188 1569 441 1624 Michael
472 1573 788 1638 Augustus,
818 1588 1090 1626 nummos
1120 1573 1169 1626 ei
1195 1590 1375 1628 aereos
1399 1581 1826 1644 argenteosque

186 1659 523 1730 misit,quos
538 1660 677 1714 dum
694 1661 974 1715 solemnis
992 1661 1330 1716 litaniarum
1351 1679 1561 1732 pompa
1581 1663 1637 1717 in
1682 1664 1823 1717 festo

184 1746 520 1802 Palmarum
553 1750 1281 1819 procederet,.patriarcha
1305 1752 1554 1820 jactaret
1581 1750 1636 1804 in
1684 1769 1822 1806 con-

1937 1393 2323 1463 principalem
2360 1393 2575 1446 habere
2598 1392 2790 1462 coepit,
2833 1392 2888 1444 in
2936 1392 3192 1462 ephebos
3239 1393 3582 1447 bonorarios

1934 1485 2084 1538 datis
2119 1483 2393 1537 fuissent.
2428 1479 2658 1552 ’Ἀνδρας
2690 1481 2797 1534 οὐκ
2826 1480 3093 1553 εὐγενείας
3120 1482 3212 1550 μὲν
3248 1482 3576 1553 μετέχοντας

1930 1573 1992 1626 τὸ
2051 1573 2330 1644 παράπαν,
2393 1570 2466 1631 εἰς
2515 1569 2924 1633 παιδοπούλους
2957 1569 3012 1625 δὲ
3079 1570 3575 1626 αὐθεντοπουλευο-

1935 1663 2080 1733 μένῳ
2112 1659 2472 1734 τεταγμένους
2504 1660 2672 1730 αὐτῷ.

2001 1753 2152 1809 549
2232 1749 2671 1822 Αὐτοπρόσωπον
2761 1749 3167 1825 ἀντιφάρμακον
3245 1768 3326 1821 p.
3395 1752 3565 1805 212.

185 1837 393 1912 fertam
429 1838 676 1908 plebem.
714 1839 840 1893 Haec
869 1841 1020 1894 dona
1051 1846 1216 1895 vocat
1256 1845 1450 1894 noster
1500 1836 1818 1911 ἁρπεδόνας,
1851 1871 1897 1934 Β
1931 1840 2303 1897 Provorbium
2339 1841 2606 1894 indicans
2637 1840 2954 1895 efﬁcaciam
2991 1841 3308 1911 praesentiae
3342 1840 3397 1893 in
3449 1847 3571 1894 tra-

182 1942 308 1996 que
338 1943 448 1981 vox
478 1927 704 1998 proprie
731 1927 1023 1998 significat
1046 1928 1229 1983 lineas
1271 1933 1372 1983 aut
1422 1930 1588 1983 funes
1648 1930 1820 1984 hamo

178 2015 690 2085 praeﬁxos,quibus
724 2016 914 2086 pisces
944 2033 1090 2071 esca
1122 2017 1409 2071 inbiastes
1442 2017 1630 2071 infixa:
1657 2019 1822 2072 avide

173 2105 390 2158 voratis
423 2106 577 2175 capti
610 2105 927 2160 trahuntur
954 2107 1008 2159 in
1045 2107 1328 2176 piscantis
1363 2109 1821 2177 manum.Atque

171 2191 330 2246 haud
361 2193 483 2248 scio
515 2211 586 2248 an
621 2211 734 2248 non
770 2199 1072 2266 prOpterea
1103 2195 1318 2250 lineam
1353 2196 1591 2250 divitem
1613 2197 1820 2266 hujus~

169 2282 330 2336 modi
362 2282 649 2351 gratuitas
666 2283 970 2353 rapinasin
996 2284 1222 2356 plebem
1248 2285 1560 2340 ambitiose
1580 2302 1820 2356 sparsas

172 2368 393 2424 alicubi
422 2371 712 2425 vocaverit
745 2371 1052 2438 Marlialis,
1088 2374 1241 2443 quod
1277 2373 1369 2427 his
1427 2374 1588 2428 velut
1648 2373 1819 2429 lineis

171 2459 529 2529 piscatoriis,
563 2462 662 2516 sed
699 2462 891 2516 aureis
921 2467 977 2517 et
1009 2463 1478 2527 amabilioribus,
1515 2464 1818 2518 hominum

172 2547 370 2603 studia
428 2554 485 2604 et
536 2549 866 2605 voluntates
927 2553 1262 2622 capiantur.
1317 2555 1665 2624 Quanquam
1716 2569 1819 2607 nec

171 2639 380 2708 ignoro
414 2655 519 2694 nec
541 2639 808 2710 improbo
842 2657 971 2711 quae
1000 2639 1114 2696 alia
1145 2643 1357 2697 eruditi
1389 2643 1738 2713 interpretes
1761 2643 1816 2696 in

172 2743 311 2780 eum
344 2727 535 2781 locum
570 2733 1062 2784 commentantur.

241 2814 429 2888 Ἀρχή
484 2833 539 2886 p.
602 2816 685 2871 17.
743 2817 1044 2873 Sententia
1100 2819 1208 2874 loci
1259 2819 1437 2890 exigit
1488 2819 1668 2892 ἀρχήν
1725 2819 1817 2874 hic

169 2905 366 2958 vocari
403 2903 596 2959 aulam
631 2905 752 2960 sive
782 2906 1123 2963 comitatum
1157 2907 1548 2980 imperatoris,
1582 2913 1682 2962 aut
1719 2924 1817 2962 ur-

169 2992 304 3047 bem
339 2993 571 3064 imperii
603 2995 822 3049 sedem.

239 3079 480 3154 Ἀτηρόν
516 3099 571 3153 p.
605 3084 727 3138 150.
761 3083 870 3139 Pro
900 3082 1103 3157 ἀτηρόν
1149 3085 1260 3141 hoc
1319 3085 1443 3141 loco
1505 3086 1818 3141 Vaticanus

168 3171 353 3224 codex
383 3170 590 3225 scribit
613 3168 880 3243 λυπηρόνε
916 3175 1110 3228 notius
1143 3174 1199 3228 id
1233 3175 1630 3229 enim.Noster
1660 3174 1817 3229 vide-

165 3257 306 3314 licet
364 3265 627 3314 veterum
699 3262 1048 3333 scriptorum
1111 3263 1474 3319 abstrusiora
1536 3265 1819 3319 vocabula

165 3347 457 3403 libentius
489 3355 754 3420 usurpat.
792 3350 1114 3422 Hesychius
1146 3350 1345 3425 ἀτηρὸν
1390 3354 1624 3424 exponit
1682 3349 1815 3426 βλα-

165 3431 367 3508 ϐερόν.
430 3438 569 3493 Inde
625 3437 689 3492 fit
737 3437 1041 3512 ἀταρτηρός
1103 3458 1204 3512 per
1255 3442 1653 3513 epenthesim,
1710 3459 1817 3497 vox

164 3530 424 3581 Homero
482 3527 848 3598 Hesiodoque
907 3531 1306 3600 frequentata.
1359 3531 1702 3587 Eustathius
1742 3532 1812 3585 ad

162 3615 405 3671 Iliad.a
464 3616 746 3688 originem
807 3619 966 3673 vocis
1024 3617 1223 3691 ἆτηρόν
1284 3620 1445 3675 ducit
1499 3637 1532 3674 a
1580 3620 1814 3674 nomine

159 3704 260 3771 ἄτη
292 3720 467 3769 noxa,
520 3704 851 3769 calamitas,
895 3709 1199 3762 damnum.
1249 3711 1396 3764 Cave
1445 3710 1812 3779 obtemperes

158 3793 629 3849 Constantinoin
664 3796 1110 3865 Lexicojubenti
1145 3815 1245 3868 pro
1269 3795 1470 3869 ἀτηρός
1497 3798 1811 3852 rescribere

148 3882 408 3956 ἀτειρής.
446 3884 582 3948 Qua:
616 3885 761 3938 mihi
794 3902 972 3942 causa
1007 3887 1113 3940 fuit
1144 3886 1264 3941 haec
1295 3887 1402 3942 hoc
1433 3886 1558 3941 loco
1609 3887 1809 3941 admo-

156 3972 379 4038 nendi,
438 3971 655 4043 alioqui
713 3975 958 4030 tacituro
1018 3977 1089 4030 de
1145 3993 1282 4031 voce
1339 3973 1561 4050 ἀτηρός,
1623 3981 1687 4030 ut
1744 3993 1811 4030 ex

151 4060 385 4132 vulgari
419 4062 630 4117 veteris
664 4063 1006 4119 Hellenismi
1040 4065 1247 4120 notitia
1289 4065 1432 4120 satis
1483 4069 1808 4136 perspecta,

231 4146 544 4203 Αττάλλειν
575 4169 628 4222 p.
679 4153 765 4208 44.
820 4153 956 4225 Agit
1017 4154 1095 4209 ibi
1155 4154 1400 4222 loquens
1461 4154 1683 4210 Muzalo
1739 4156 1809 4209 de

159 4255 345 4308 puero
377 4238 603 4295 Joanne
637 4243 1116 4312 Augusto;quem
1143 4259 1208 4298 eo
1233 4243 1491 4298 subditis
1506 4242 1807 4297 amabilio-

155 4345 278 4382 rem
313 4328 503 4382 videri
536 4329 747 4384 debere
791 4331 892 4399 ait,
955 4333 1112 4400 quod
1173 4349 1276 4403 per
1333 4338 1562 4387 atatem
1617 4331 1806 4386 adhuc

152 4417 508 4487 simplicem,
542 4418 668 4474 sine
703 4419 856 4485 fuco,
901 4420 1110 4491 puerili
1154 4421 1468 4476 securitate
1510 4425 1802 4492 operetur.

153 4507 256 4561 Est
288 4502 831 4578 ἀττάλλειν,ἰηαυὶῐ
880 4509 1222 4564 Eustathius
1282 4513 1352 4565 ad
1412 4511 1574 4565 Iliad.
1636 4506 1686 4576 δ,
1747 4507 1805 4562 ἐκ

1932 1931 2161 1984 ctandis
2194 1930 2467 2001 negotiis,
2501 1931 2818 2001 praesertim
2845 1929 3407 1991 reconciliationum,
3443 1945 3568 1998 quae

1933 2018 2103 2090 longe
2118 2019 2292 2073 citius
2308 2024 2361 2073 et
2378 2018 2603 2073 facilius
2620 2036 2859 2073 acoram
2876 2019 3087 2073 affanle
3104 2023 3160 2072 et
3177 2035 3242 2072 os
3262 2034 3328 2072 ac
3343 2017 3572 2071 vultum

1933 2115 2136 2164 notum
2171 2108 2480 2163 exhibente
2503 2109 2912 2180 transiguntur
2933 2125 3104 2176 quam
3122 2108 3194 2161 ab
3212 2109 3452 2162 absente
3478 2124 3577 2176 per

1930 2195 2158 2252 litteras
2193 2202 2295 2252 aut
2324 2197 2738 2252 internuntios.
2779 2198 2892 2251 [loc
2923 2196 3199 2265 adagium
3229 2197 3284 2250 in
3321 2195 3576 2266 vulgatis

1931 2285 2376 2341 collectionibus
2400 2287 2660 2340 nondum
2695 2287 2905 2357 reperi.

2004 2374 2310 2447 Ἀῲικορέω
2341 2376 2526 2446 p.298.
2550 2375 2806 2430 Verbum
2843 2375 2948 2428 hoc
2975 2373 3046 2428 ab
3078 2373 3190 2428 alio
3223 2377 3570 2444 usurpatum

1927 2464 2122 2520 videre
2157 2481 2269 2518 non
2327 2463 2588 2518 memini.
2645 2465 2864 2518 Tamen
2927 2480 2994 2517 ex
3053 2454 3290 2531 vulgata
3341 2463 3570 2516 notione

1927 2555 2337 2608 vocabulorum
2372 2553 2629 2624 ἁψίκορος
2661 2558 2717 2608 et
2756 2550 3011 2624 ἁψιιορία
3045 2551 3287 2616 Platoni,
3337 2551 3566 2605 Plutar-

1927 2643 2036 2697 cho
2070 2649 2128 2698 et
2162 2645 2415 2699 Luciano
2447 2645 2742 2710 tritorum,
2769 2643 2934 2696 facile
2958 2641 3219 2712 intelligo
3244 2647 3402 2696 recta
3425 2658 3563 2695 ana—

1927 2733 2081 2802 logia
2105 2734 2422 2788 formatum
2464 2733 2702 2787 verbum
2750 2731 3052 2802 ἁψικορεῖν,
3089 2731 3243 2800 quod
3297 2734 3462 2784 sonet
3507 2730 3566 2783 in

1927 2822 2256 2876 satietatem
2289 2822 2402 2876 cito
2432 2822 2631 2876 venire
2681 2821 2760 2874 rei
2822 2824 2922 2874 aut
2973 2835 3227 2888 personis
3289 2817 3561 2887 alicujus.

1927 2914 2173 2981 Perapte
2205 2911 2273 2964 ad
2310 2910 2658 2965 sententiam
2697 2909 2828 2974 loci,
2869 2925 2984 2978 quo
3035 2907 3402 2977 significatur
3451 2906 3566 2959 cito

1925 3003 2236 3068 pertaesum
2273 2998 2602 3069 imperatori
2636 2997 2909 3052 Germani
2961 2995 3330 3067 patriarchae,
3386 3010 3560 3065 quem

1924 3086 2103 3157 paulo
2133 3095 2264 3142 ante
2291 3093 2453 3142 tanto
2485 3087 2681 3142 studio
2714 3092 3096 3157 promoverat.

1997 3170 2252 3250 Βαρϐάρα
2287 3194 2342 3247 p.
2373 3177 2499 3231 270.
2536 3177 2646 3231 Res
2669 3177 2887 3230 indicat
2918 3176 3215 3246 regionem
3249 3173 3566 3241 quamdam

1879 3259 1890 3282 ⁸
1926 3271 2026 3318 aut
2058 3272 2282 3337 partem
2317 3264 2969 3336 Constantinopolitanae
3003 3264 3164 3318 urbis
3206 3268 3307 3317 aut
3355 3263 3565 3316 subur-

1916 3354 2147 3409 biorum
2205 3357 2329 3424 ejus
2393 3356 2710 3409 Barbaram
2773 3354 2990 3408 dictam
3029 3394 3041 3417 ,
3105 3353 3251 3406 forte
3285 3369 3317 3405 a
3372 3351 3562 3404 vicino

1918 3442 2135 3513 templo
2170 3447 2227 3499 S.
2262 3444 2522 3498 barbarzr
2555 3443 2796 3514 martyri
2830 3439 3558 3497 dicato.SaneConstanti-

1916 3533 2109 3603 nopoli
2147 3533 2326 3587 fuisse
2357 3532 2641 3602 templum
2677 3532 2902 3586 celebre
2936 3533 2969 3584 S
2998 3531 3265 3584 Barbarae
3299 3531 3556 3593 nomine,

1914 3622 2082 3676 docet
2115 3622 2317 3676 Petrus
2352 3621 2586 3690 Gillius,
2617 3621 2656 3674 l.
2693 3637 2754 3685 ιι,
2789 3637 2835 3675 ο.
2870 3622 2906 3673 2
2937 3617 3358 3689 Topographiae
3408 3617 3556 3670 Con-

1916 3709 2350 3781 stantinopol.,
2416 3711 2569 3781 quod
2627 3709 2853 3763 videtur
2903 3707 3186 3762 collocare
3246 3705 3302 3759 in
3367 3706 3557 3775 prima

1916 3798 2170 3870 regione.
2224 3799 2371 3864 Quia
2426 3815 2560 3853 vero
2624 3798 2732 3852 hoc
2771 3793 3120 3868 κιλλύδριον,
3155 3796 3226 3850 de
3285 3811 3400 3866 quo
3461 3794 3556 3848 hic

1915 3891 2366 3963 agitur,dicitur
2397 3891 2574 3945 fuisse
2626 3890 2857 3944 mirifici
2908 3888 3150 3947 Nicolai.
3201 3887 3312 3941 hoc
3361 3890 3449 3941 est
3507 3885 3557 3940 ei

1914 3981 2170 4035 dicatum
2225 3985 2281 4034 et
2339 3996 2406 4034 ex
2459 3997 2523 4034 eo
2584 3983 3017 4050 nuncupatum,
3076 3975 3360 4046 suspicari
3427 3974 3561 4028 licet

1912 4071 2174 4142 proxime
2193 4070 2338 4124 illud
2358 4069 2674 4124 adhaesisse
2690 4068 2904 4138 templo
2921 4068 2977 4121 in
3001 4067 3274 4122 honorem
3293 4065 3558 4134 ejusdem

1912 4160 1964 4214 S.
1999 4158 2219 4213 Nicolai
2265 4176 2296 4212 a
2329 4158 2666 4213 Justiniano
2717 4157 2857 4210 olim
2915 4160 3199 4220 extructo,
3262 4160 3326 4208 ut
3385 4154 3559 4207 refert

1913 4249 2252 4319 ProcOpius,
2285 4247 2365 4313 1,1
2400 4249 2471 4303 De
2499 4247 2771 4316 aediﬁciis,
2803 4263 2852 4300 c.
2885 4247 2940 4299 6.

1983 4333 2387 4409 Βαρδαρειῶται
2423 4355 2477 4408 p.
2510 4335 3012 4405 321.Corrigenda
3057 4334 3203 4388 forte
3256 4333 3333 4387 sit
3380 4332 3560 4402 hujus

1910 4428 2065 4482 vocis
2098 4427 2410 4498 scriptura,
2474 4431 2696 4480 mutato
2730 4445 2772 4477 ει
2830 4425 2888 4478 in
2923 4444 2958 4492 ι,
3011 4440 3079 4478 ex
3109 4423 3350 4487 Codino,
3397 4438 3447 4475 c.
3499 4422 3553 4484 5,

1919 4516 2016 4571 ubi
2047 4522 2356 4586 postquam
2388 4515 2860 4570 Bardariotarum
2894 4513 3169 4567 vestitum
3203 4517 3256 4566 et
3290 4511 3560 4564 ministe-

148 4598 246 4647 τοῦ
315 4590 492 4662 ᾇττειν
551 4568 637 4649 uel
692 4568 979 4654 ἅλλεσθαι.
1029 4599 1187 4662 Quod
1251 4599 1402 4654 idem
1464 4568 1683 4670 repetit,
1732 4599 1803 4653 ad

1924 4605 2069 4659 rium
2104 4604 2401 4675 explicuit.
2429 4605 2500 4658 de
2533 4603 2604 4658 iis
2636 4602 2757 4656 haec
2779 4597 3358 4671 subjungitz'l‘ootooc
3388 4595 3558 4651 πάλαι

154 4684 330 4738 Iliad.
389 4703 432 4748 ι,
467 4685 688 4740 addens
747 4687 820 4741 ob
881 4687 1237 4757 euphoniam
1298 4689 1535 4759 dempto
1603 4705 1719 4743 uno
1774 4708 1803 4740 τ

147 4773 331 4828 scribi
366 4770 650 4840 ἆτάλλειν,
683 4776 838 4846 quod
874 4780 1067 4831 tamen
1127 4781 1332 4832 Noster
1393 4778 1483 4832 hic
1544 4795 1656 4833 non
1716 4782 1806 4833 est

147 4867 421 4917 secutus.
456 4862 639 4917 Sonat
672 4873 865 4918 autem
901 4865 957 4919 id
992 4867 1231 4920 verbum
1289 4881 1518 4922 movere
1568 4883 1632 4922 ac
1682 4883 1807 4938 pro-

148 4951 267 5006 fere
289 4967 359 5005 se
393 4951 574 5007 libere
626 4952 682 5006 in
736 4969 974 5009 omnem
1037 4960 1285 5025 partem,
1331 4961 1555 5011 natura
1607 4955 1807 5012 indul-

150 5041 372 5112 gendo,
401 5040 547 5095 citra
579 5046 804 5098 metum
839 5046 941 5097 aut
974 5048 1342 5114 respectum;
1392 5047 1545 5116 quod
1600 5051 1654 5101 et
1703 5045 1805 5101 be-

149 5131 406 5184 stiarum
439 5133 528 5183 est
557 5134 615 5184 et
647 5148 1146 5204 puerorum,quos
1174 5136 1432 5188 nondum
1467 5135 1615 5190 ratio
1648 5151 1805 5190 com-

151 5218 363 5291 pescit.
400 5219 766 5274 Vocabulum
804 5221 975 5292 plane
1010 5221 1452 5294 Pacbymeriani
1485 5224 1662 5295 genii,
1686 5223 1805 5294 pri-

152 5324 323 5362 scum
359 5306 728 5378 populariter
757 5310 1140 5381 loquentibus
1175 5315 1539 5381 musitatum,
1573 5330 1602 5369 e
1636 5313 1803 5369 scho-

152 5397 345 5453 liastis
382 5402 685 5467 poetarum
721 5399 788 5480 in.
811 5401 1118 5457 historiam
1149 5402 1476 5459 intextum:
1527 5405 1805 5476 qualibus

150 5485 244 5542 hic
277 5493 494 5542 auctor
526 5487 876 5546 delectatur.

220 5700 299 5772 (4)
333 5699 423 5758 Cf.
457 5701 719 5762 Glossar.
753 5705 1002 5764 alterum
1035 5724 1087 5764 v.
1123 5706 1657 5780 Ἀρματοφπ)λάκιον.

1915 4693 2118 4766 Πέρσας
2195 4690 2330 4745 κατὰ
2387 4692 2541 4764 γένος
2596 4691 2623 4744 ὁ
2681 4686 2936 4762 βασιλεὺς
3007 4686 3316 4760 μετοικίσας
3364 4684 3559 4741 ἐκεῖθεν

1915 4781 1990 4843 εἰς
2045 4781 2137 4835 τὸν
2218 4779 2519 4854 Βαρδάριον
2596 4778 2808 4842 ἐκάθισε
2863 4778 3130 4849 ποταμὸν,
3208 4776 3294 4854 ἀφ’
3351 4775 3411 4829 οὗ
3469 4774 3559 4829 καὶ

1917 4867 2287 4946 Βαρδαριῶται
2344 4873 2662 4925 καλοῦνται.
2715 4873 2826 4925 Hos
2877 4883 3076 4938 genere
3132 4872 3331 4922 Persas
3382 4868 3558 4936 impe-

1917 4966 2075 5017 rator
2132 4961 2259 5016 inde
2300 4959 2600 5016 translatos
2656 4958 2942 5015 constituit
2995 4973 3171 5030 prape
3215 4956 3560 5010 Bardarium

1917 5067 2171 5117 omnem,
2227 5066 2299 5106 ea:
2355 5067 2458 5121 quo
2509 5049 2826 5105 Badariotas
2872 5051 3174 5103 vocantur.
3235 5046 3554 5101 Bardarum

1917 5142 2071 5196 hunc
2101 5156 2330 5195 amnem
2393 5138 2647 5210 appellat
2707 5143 2874 5192 Anna
2903 5137 3221 5202 Comnena,
3254 5136 3291 5190 l.
3330 5152 3431 5207 l,p.
3466 5137 3556 5202 18,

1917 5225 2172 5296 υὺὶξθυω
2208 5225 2487 5280 describit
2512 5228 2568 5278 et
2617 5223 2676 5278 in
2737 5222 3043 5278 Thessalia
3074 5220 3340 5284 collocat,
3375 5221 3459 5275 uti
3504 5226 3561 5276 et

1917 5321 2270 5370 nostereum
2307 5311 2703 5368 memoransl.
2766 5328 2809 5377 ι,
2859 5328 2906 5366 ο.
2971 5312 3056 5365 10.
3121 5311 3262 5364 Eum
3329 5311 3560 5365 Nicetes

1920 5404 2087 5458 initio
2119 5402 2163 5457 l.
2195 5420 2259 5457 III
2285 5403 2514 5457 videtur
2572 5399 2788 5469 ’Ἂξειον
2850 5405 3072 5455 Axeum
3125 5416 3350 5454 vocare.
3401 5399 3563 5454 Veri-

1918 5492 2114 5549 simile
2145 5497 2234 5549 est
2264 5492 2852 5564 Pachymerem,cum
2873 5484 3285 5563 Βαρδαρειώτας
3303 5488 3560 5560 scripsit.
