4248 6438
649 373 784 430 1011

1716 384 1778 434 Ρ.
1821 378 2096 434 POSSINI
2131 376 2740 436 OBBEBVATIONUM
2776 383 2889 436 LIB
2950 383 2998 434 Ι.

3932 371 4066 431 1οη

652 497 710 551 id
746 499 967 569 gentile
988 515 1202 555 nomen
1236 516 1351 554 non
1386 515 1454 555 ex
1489 501 1765 556 Bardario
1809 499 2033 567 Codini,
2090 499 2190 553 sed
2244 513 2312 552 ex

2440 501 2740 574 originatio
2790 501 2896 557 ἀπὸ
2925 506 3025 557 τοῦ
3076 503 3204 576 βοᾷν
3255 506 3312 559 et
3360 498 3597 575 βοάζιιν,
3654 500 3811 556 unde
3863 497 4072 555 rectior

659 586 909 641 Bardaro
963 589 1133 642 Anna:
1167 588 1470 656 formasse;
1505 591 1659 644 unde
1691 594 1847 645 recta
1874 587 2142 659 analogia
2172 588 2310 658 Βαρ-

659 668 851 745 δαρεύς
890 673 1301 750 θῐ-Βαρδάρειος
1353 678 1532 734 ﬂuere
1583 686 1846 750 possunt.
1912 675 2050 731 Utut
2108 677 2185 730 sit
2240 674 2310 728 de

654 764 961 830 vocabulo,
995 767 1066 820 de
1097 783 1157 822 re
1190 768 1318 839 ipsa
1348 771 1595 834 constat,
1631 771 1861 839 gentem
1895 766 2046 820 hanc
2085 764 2310 835 origine

657 849 972 922 Persicam,
1007 855 1305 911 domicilio
1353 856 1679 926 Tessalam,
1723 857 1796 911 ab
1853 853 2310 926 imperatoribus

656 938 980 998 Bizantinis
1012 948 1114 998 aut
1144 944 1316 1000 etiam
1352 947 1695 1017 proceribus
1717 946 1927 1001 horum
1951 940 2309 1013 consangui-

656 1031 783 1083 neis
819 1031 1085 1087 adhiberi
1119 1033 1353 1090 solitam
1391 1035 1464 1090 ad
1523 1042 1746 1091 certum
1805 1050 1991 1106 genus
2049 1028 2313 1087 satellitii

653 1120 912 1189 propriis
947 1121 1285 1192 insignibus
1318 1123 1602 1191 distincti,
1638 1140 1703 1179 eo
1740 1124 1921 1179 ferme
1965 1121 2138 1176 modo
2196 1134 2313 1189 quo

657 1206 955 1280 principes
989 1211 1252 1283 Europaei
1287 1212 1764 1280 hodieﬂelvetiis
1799 1217 2069 1266 utuntur.

735 1306 836 1378 [P.
894 1308 1043 1382 275]
1112 1309 1587 1387 Βασιλογραφεῖον
1644 1329 1679 1382 p
1715 1354 1728 1366 .
1787 1311 1928 1364 492.
1989 1310 2077 1363 Ita
2125 1306 2312 1361 codd.

658 1410 903 1463 omnes,
976 1399 1152 1454 etiam
1214 1401 1572 1456 Vaticanus.
1642 1400 1805 1455 Unde
1864 1395 2315 1467 intelligendum

659 1483 882 1540 crimen
912 1486 1096 1542 libelli
1145 1493 1349 1544 contra
1398 1489 1814 1562 imperatorem
1878 1486 2103 1556 scripti,
2159 1482 2315 1547 lecti,

660 1571 847 1626 habiti
907 1575 1186 1644 peculiari
1248 1577 1533 1633 vocabulo
1607 1574 2065 1649 βασιλογραφεῖον
2137 1570 2319 1626 fuisse

661 1667 956 1732 vocatum,
991 1669 1047 1719 et
1070 1666 1119 1720 ei
1153 1667 1359 1722 mortis
1385 1683 1618 1738 poenam
1651 1667 2056 1722 constitutam.

739 1759 895 1816 550
951 1755 1249 1834 Βεϐράναις
1304 1781 1374 1836 p.
1435 1765 1557 1818 492.
1623 1765 1712 1818 Ita
1775 1761 2139 1818 concorditer
2195 1761 2318 1811 tres

2431 591 2701 664 analogia
2731 593 2928 663 potius
2962 591 3207 666 βοασμόν
3239 591 3572 647 formaverit
3612 605 3785 661 quam
3823 585 4072 661 βοασκόν.

2503 682 2712 760 Γαϐρᾶς
2759 707 2815 760 p.
2846 690 2972 746 282.
3027 690 3262 744 Invenio
3314 682 3495 761 Γάὸρα
3542 704 3754 742 nomen
3823 683 4076 739 civitatis

2429 775 2676 832 Persicae
2700 779 2855 849 apud
2878 778 3280 846 Ptolemaeum;
3303 794 3370 832 ex
3385 794 3501 848 qua
3523 776 3778 846 majores
3798 771 4077 828 Germani

2431 866 2798 935 patriarchae,
2840 869 2911 922 de
2963 884 3078 939 quo
3137 867 3231 922 hic
3294 866 3510 938 agitur,
3565 869 3725 919 ortos
3794 861 4079 933 oportuit.

2435 956 2724 1011 Caeterum
2785 957 2932 1013 ratio
2990 955 3310 1018 ἀντιθέσεως
3371 955 3628 1026 exigeret
3678 956 3742 1006 ut
3799 967 3834 1006 a
3891 949 4084 1004 Graba

2430 1043 2654 1113 gentile
2685 1061 2899 1100 nomen
2933 1047 3306 1112 formaretur,
3351 1045 3506 1116 quod
3567 1040 3954 1112 responderet
4008 1039 4085 1105 τῷ

2436 1131 2759 1201 Λάζος;(Ρ
2788 1135 2913 1204 376)
2973 1135 3086 1190 nisi
3144 1139 3344 1190 noster
3399 1126 3610 1205 Γαϐρᾶς
3659 1129 3718 1183 in
3761 1133 3924 1184 recto
3984 1141 4084 1196 pro

2437 1213 2675 1293 Γαϐρεύς
2703 1227 2806 1278 aut
2837 1217 3101 1297 Γαόραῖος
3135 1223 3416 1295 posuerit,
3458 1235 3668 1278 norma
3697 1217 3957 1289 quadam
3981 1230 4088 1270 sua

2440 1312 2698 1380 propria,
2731 1317 2797 1367 ut
2822 1317 2984 1368 amat
3015 1329 3148 1369 cum
3180 1311 3383 1384 paucis
3415 1309 3600 1382 loqui.

2507 1406 2823 1478 Γασμοῦλοι
2909 1415 2965 1465 et
3040 1406 3418 1482 Γασμουλικόν
3489 1425 3570 1480 p.
3633 1404 3779 1460 309-
3861 1399 4090 1472 νυιεαδ

2435 1493 2821 1566 Byzantinum
2855 1498 3144 1571 Hybridas
3162 1515 3232 1553 ex
3259 1497 3477 1552 Latinis
3500 1489 4090 1565 patribus,matribus

2435 1585 2649 1639 Graecis
2673 1590 2840 1641 natos
2871 1589 3018 1644 551
3047 1583 3401 1662 γασμούλους
3425 1599 3632 1640 vocare
3658 1581 4089 1642 consueverat,

2441 1676 2504 1726 ut
2533 1675 2704 1729 docet
2736 1693 2841 1731 nos
2864 1676 2972 1733 hoc
3001 1676 3125 1733 loco
3158 1677 3385 1731 Noster.
3419 1674 3589 1744 Origo
3642 1669 3779 1727 talis
3833 1665 4094 1738 appella-

2439 1761 2614 1817 tionis
2647 1764 2872 1821 incerta
2901 1765 3315 1838 est.Suspicari
3336 1770 3534 1820 tamen
3561 1762 3696 1817 licet
3735 1758 4003 1814 allusum
4038 1754 4094 1807 in

663 1847 838 1902 codd.
877 1850 991 1905 nisi
1024 1853 1181 1922 quod
1212 1852 1343 1909 Vat.
1379 1853 1449 1907 ad
1487 1845 1772 1926 βεϐράναις
1807 1850 1972 1906 addit
2016 1842 2316 1920 συμπίσσῃ,

2440 1866 2504 1904 ea
2527 1851 2596 1906 ad
2622 1869 2820 1908 vocem
2847 1855 3109 1910 Latinam
3140 1852 3572 1923 mulus'ﬁmcis
3593 1850 3766 1906 etiam
3787 1845 4098 1902 usitatam.

664 1936 886 1993 omissa
945 1956 1081 1996 voce
1137 1937 1293 1998 οὖσι.
1351 1941 1591 2011 Voluit,
1657 1941 1901 2014 opinor,
1965 1951 2178 2009 ponere
2225 1932 2318 1986 σὺν

670 2022 862 2099 πίσσῃ,
897 2033 963 2084 ut
998 2029 1355 2101 signiﬁcaret
1388 2033 1573 2103 picem
1634 2031 1893 2086 additam
1959 2024 2319 2083 membranis

674 2117 915 2171 urendis
964 2135 1145 2191 supra
1195 2125 1372 2192 caput
1428 2120 1724 2186 Caloidze;
1778 2118 1879 2190 qui
1945 2117 2030 2172 sic
2091 2113 2319 2186 capillis

673 2207 916 2264 ﬂamma
949 2211 1242 2283 applicata
1275 2214 1560 2284 correptis
1592 2216 1915 2268 excaecatus
1973 2209 2155 2264 miser
2209 2209 2316 2261 est.

672 2289 965 2370 Βεϐράναις
1024 2305 1163 2371 puto
1237 2301 1461 2356 dictum
1531 2319 1637 2374 pro
1697 2294 1994 2373 μιϐράναις
2058 2315 2127 2352 ex
2183 2309 2319 2350 voce

673 2385 882 2441 Latina
913 2391 1270 2446 membranae:
1302 2391 1443 2462 quid
1473 2390 1624 2446 enim
1660 2387 2154 2460 aliudsuspicer?
2177 2383 2320 2456 quin

672 2474 901 2532 nisime
933 2479 1252 2535 deterreret
1306 2497 1634 2536 consensus
1679 2480 1971 2547 codicum,
2025 2477 2318 2532 crederem

672 2580 868 2619 errore
889 2565 1273 2623 librariorum
1299 2569 1653 2640 scriptorum
1683 2561 1968 2641 βεὸράναις
2000 2582 2101 2636 pro
2128 2556 2323 2634 μεϐρά·

673 2672 813 2723 ναις,
849 2671 914 2710 eo
948 2656 1350 2727 deceptorum,
1379 2659 1532 2728 quod
1565 2658 1623 2712 in
1657 2657 1866 2729 primis
1889 2653 2322 2724 exemplaribus

679 2743 837 2798 unde
865 2749 1251 2817 exscripsere,
1286 2746 1348 2799 τὸ
1385 2745 1416 2820 β
1447 2764 1513 2802 ea
1567 2747 1757 2818 figura
1805 2747 2142 2817 pingeretur
2193 2757 2320 2812 quis

676 2849 885 2902 parum
923 2835 1108 2890 distat
1139 2853 1170 2891 a
1217 2856 1275 2907 μ.
1329 2836 1447 2891 Hoc
1508 2837 1632 2891 fieri
1678 2836 2025 2907 plerumque
2081 2831 2321 2887 solitum

677 2937 828 2989 esse,
863 2931 1080 2978 norunt
1114 2925 1222 2996 qui
1249 2926 1308 2980 in
1333 2927 1602 2982 codicum
1634 2925 1964 2981 Graecorum
1995 2939 2173 2978 manu
2197 2936 2322 2975 exa-

673 3015 936 3066 ratorum
994 3013 1239 3069 fectione
1270 3016 1485 3070 versati
1517 3020 1676 3086 sunt,
1702 3015 1915 3070 Locum
1942 3027 2112 3085 porro
2141 3009 2323 3073 hunc,

677 3105 743 3154 ut
777 3100 837 3156 in
864 3103 991 3157 cod.
1031 3104 1271 3159 duobus
1310 3105 1348 3159 B
1379 3108 1435 3160 et
1466 3109 1510 3158 A
1560 3103 1886 3176 legebatur,
1920 3099 2324 3160 mendandum

677 3206 745 3245 ex
773 3187 1057 3247 Vaticano
1088 3193 1309 3264 putavi,
1344 3194 1615 3249 restituto
1647 3194 1706 3248 in
1739 3193 1934 3247 locum
1986 3188 2146 3245 verbi
2205 3183 2318 3239 οὖσι

673 3281 752 3350 τῷ
786 3277 878 3332 σὺν
929 3277 1114 3349 πίσση,
1183 3284 1340 3353 quod
1400 3282 1502 3338 ille
1555 3281 1818 3354 suggerit
1870 3281 2018 3336 satis
2069 3279 2141 3334 ad
2201 3291 2324 3331 rem

675 3369 917 3426 faciens.

746 3452 956 3521 Βέκλας
1028 3478 1098 3532 p.
1149 3463 1257 3516 28.
1317 3461 1388 3515 Τὸ
1457 3455 1669 3534 συμϐὰν
1727 3458 1815 3514 ἐπὶ
1864 3461 1942 3529 τῷ
1993 3455 2164 3511 πάλαι
2222 3453 2323 3511 Βὲ-

678 3545 837 3609 xm.
863 3548 1182 3608 Notissima
1207 3556 1297 3607 est
1329 3554 1655 3624 impostura
1685 3549 2021 3620 Photii.qua
2042 3546 2134 3602 sui
2166 3561 2329 3600 revo-

675 3638 965 3695 cationem
999 3641 1071 3695 ab
1103 3641 1307 3697 exsilio
1332 3641 1670 3697 eblanditus
1690 3643 1781 3696 est
1802 3657 1834 3694 a
1855 3639 2095 3709 decepto
2117 3633 2328 3690 Basilio

677 3727 1030 3798 imperatore
1062 3728 1331 3785 fabulosa
1362 3730 1490 3800 ejus
1515 3729 1856 3801 genealogia
1886 3723 2215 3798 supposita,
2267 3723 2325 3776 in

679 3831 797 3885 qua
826 3815 1022 3886 ipsum
1059 3817 1343 3873 Basilium
1388 3819 1727 3889 prephetice
1760 3818 2136 3888 designatum
2169 3829 2327 3868 com-

679 3907 1108 3963 miniscebatur
1159 3909 1441 3966 vocabulo
1500 3911 1992 3980 Beclasjformato
2036 3925 2065 3962 e
2120 3903 2327 3977 primis

676 3995 894 4051 litteris
927 3999 1237 4053 nominum
1266 3999 1463 4055 Basilii
1487 4000 1830 4071 ipsius,tum
1856 3998 2034 4068 hujus
2058 3993 2328 4065 conjugis

678 4085 966 4153 Eudociaa,
1002 4086 1259 4143 filiorum
1296 4094 1574 4160 praeterea
1621 4088 1811 4160 ipsius
1852 4091 2125 4159 quatuor.
2172 4083 2325 4137 Con-

677 4175 945 4242 stantini,
1011 4175 1242 4243 Leonis,
1303 4178 1653 4242 Alexandri,
1714 4177 2015 4249 Stephani.
2076 4176 2154 4231 Ea
2199 4175 2326 4228 fuse

672 4268 991 4319 narrantur
1020 4282 1052 4319 a
1080 4264 1281 4321 Niceta
1311 4266 1370 4321 in
1408 4267 1540 4321 Vita
1590 4271 1645 4321 S.
1707 4267 1921 4339 Ignatii
1978 4263 2326 4337 patriarchae

673 4353 782 4408 ΟΡ.
818 4359 874 4409 et
895 4372 929 4410 a
957 4355 1355 4411 Constantino
1388 4355 1679 4412 Manasse.

742 4449 1032 4526 Βλάγκαρ.
1066 4454 1200 4509 365.
1231 4453 1301 4506 Τὸ
1335 4449 1393 4506 δὲ
1423 4453 1560 4527 πρὸς
1618 4453 1710 4508 τὸν
1762 4451 2007 4528 Βλάγκα.
2058 4453 2143 4509 Ita
2200 4451 2325 4507 cod.

669 4541 1029 4600 Allatianus.
1093 4544 1452 4600 Barberinus
1512 4563 1644 4600 vero
1682 4544 1744 4598 τὸ
1775 4545 1911 4618 πρὸς
1965 4547 2042 4614 νῷ
2101 4539 2325 4615 BMqu

2439 1937 2586 2008 Lego
2631 1942 2788 1997 enim
2850 1945 2908 1998 in
2943 1943 3172 1999 Basilio.
3210 1943 3404 2014 Eclog,
3451 1942 3516 1996 19
3555 1956 3567 1995 :
3610 1938 3710 1992 Rat
3745 1936 3773 1989 ὁ
3813 1927 4094 2007 μοολίων,

2439 2024 2528 2081 ἐὰν
2589 2025 2635 2082 δ’
2692 2029 2938 2105 ἀπειρίαν
3019 2030 3110 2085 καὶ
3160 2027 3433 2095 ἀσθένειαν
3495 2027 3595 2083 οὐκ
3651 2021 3924 2100 ἐκράτησε
3979 2022 4092 2074 τῶν

2443 2115 2690 2186 μουλῶνε
2724 2123 2792 2176 Et
2811 2124 3007 2189 mulio,
3040 2123 3091 2176 si
3108 2122 3175 2178 ob
3206 2120 3547 2192 imperitiam
3574 2118 3661 2174 vel
3691 2113 4092 2186 inﬁmitatem

2436 2209 2614 2262 mulos
2646 2217 2741 2264 aut
2771 2212 2952 2265 mulas
2993 2220 3174 2266 tenere
3196 2206 3684 2281 nequiverit.Quia
3715 2218 3858 2274 ergo
3892 2198 4097 2254 mulus

2441 2290 2647 2368 διγενὶς
2700 2303 2790 2353 est
2820 2300 3061 2366 animal,
3106 2317 3173 2355 ex
3204 2298 3623 2355 commistione
3665 2295 3928 2350 duarum
3963 2301 4099 2359 spe-

2439 2385 2662 2441 cierum
2697 2391 2925 2457 natum,
2957 2406 3024 2444 ex
3046 2390 3176 2459 ejus
3201 2386 3484 2443 vocabulo
3503 2383 3687 2441 Graeci
3712 2376 4102 2437 formaverint

2446 2491 2662 2531 nomen
2695 2494 2810 2548 quo
2841 2480 3236 2550 exprimerent
3274 2478 3432 2532 istud
3467 2491 3654 2548 genus
3693 2469 4099 2543 Hybridarum

2442 2567 2942 2639 Constantinopoli
2975 2573 3170 2623 ortum
3198 2584 3267 2622 ex
3297 2565 3587 2638 conjugiis
3603 2563 3942 2618 Graecarum
3963 2567 4097 2639 cum

2444 2653 2688 2710 Latinis.
2723 2636 3006 2712 Uni—versa
3037 2673 3207 2728 porro
3239 2636 3446 2711 talium
3485 2636 3656 2709 inatio
3708 2636 4098 2718 Γασμουλικόν

2443 2742 2769 2800 dicebatur.
2807 2746 3165 2819 Pachymer.,
3189 2764 3245 2819 p.
3280 2745 3402 2799 188:
3433 2745 3522 2813 Τῷ
3555 2738 3613 2794 δέ
3641 2758 3702 2814 γε
3727 2730 4102 2806 Γα’ᾳμουλικῷ

2441 2832 2533 2895 οὓς
2591 2833 2657 2903 δὴ
2718 2836 3059 2908 συμμίκτους
3115 2840 3150 2906 ὴ
3208 2841 3314 2890 τῶν
3371 2831 3596 2889 Ἰταλῶν
3643 2828 3814 2884 εἴπειε
3841 2824 4100 2903 γλῶσσα-

2442 2924 2570 2979 Non
2641 2926 3032 2982 dissimulabo
3107 2929 3460 2983 Vaticanum
3526 2922 3786 2979 codicem
3859 2918 3924 2971 in
3994 2913 4099 2969 hoc

2443 3015 2703 3070 secundo
2733 3015 2859 3071 loco
2889 3017 3052 3088 (nam
3085 3017 3243 3088 prior
3273 3034 3329 3088 p.
3359 3014 3488 3081 309,
3531 2999 3599 3066 in
3650 3027 3716 3066 eo
3765 3022 3883 3063 non
3938 3019 4098 3060 com-

2446 3103 2631 3174 paret)
2677 3105 3028 3160 vocabulum
3089 3105 3246 3161 istud
3279 3121 3384 3176 per
3444 3101 3767 3158 secundam
3829 3094 4097 3149 litteram

2445 3191 2742 3248 inchoare:
2779 3194 3067 3266 scriptum
3101 3194 3258 3250 enim
3292 3192 3528 3248 exhibet
3564 3191 3646 3260 τῷ
3707 3179 4099 3260 βασμουλικῷ.

2446 3281 2692 3353 Reperio
2724 3285 2899 3338 etiam
2926 3283 3182 3339 Nicetam
3215 3283 3556 3338 Choniatem
3605 3278 3711 3334 lib.
3759 3292 3827 3330 m
3877 3273 3944 3328 in
3985 3272 4104 3327 Ma-

2446 3371 3387 3440 nueleComneno,describentem
3401 3371 3556 3426 idem
3571 3382 3761 3441 genus
3775 3363 4100 3428 hominum,

2454 3458 2809 3533 βασμουΑοὺς
2857 3480 2972 3519 non
3022 3459 3381 3537 γασμούλους
3425 3474 3652 3516 vocare.
3704 3454 4103 3526 Pachymeres

2449 3556 2644 3608 tamen
2673 3553 2729 3608 in
2765 3557 3017 3627 utroque
3050 3553 3275 3610 meliori
3309 3551 3507 3608 codice
3565 3549 3849 3604 constans
3900 3546 3998 3597 est
4045 3538 4102 3593 ln

2447 3641 2557 3696 hoc
2607 3642 2845 3699 nomine
2904 3661 3008 3716 per
3064 3643 3299 3699 tertiam
3362 3642 3616 3696 litteram
3687 3630 4103 3706 auspicando.

2449 3729 2648 3786 Utrius
2668 3732 2981 3804 praevalere
2995 3724 3814 3798 debeatauctoritas,arbitrio
3828 3722 3937 3778 reli
3949 3733 4106 3790 nquo

2443 3822 2752 3889 prudentis
2784 3823 3040 3879 lectoris.

2515 3919 2928 3989 Γονικευθιίσης
2989 3937 3048 3992 p.
3120 3920 3244 3975 164.
3305 3918 3391 3973 Ita
3447 3916 3578 3973 cod.
3639 3918 3920 3983 uterque,
3957 3909 4001 3964 Β
4053 3911 4106 3961 εἰ

2444 4007 2506 4062 Δ.
2566 4007 2886 4065 Vaticanus
2917 4015 3161 4065 autem:
3224 4007 3409 4080 τρίτον
3457 4003 3589 4078 ὅπερ
3649 4001 3717 4071 ἦν
3767 3996 4108 4072 ἐξῃρημένον

2441 4100 2540 4163 τῆς
2571 4103 2674 4172 γῆς
2702 4102 2820 4159 τοῖς
2879 4097 3336 4171 Θεληματαρίοις.
3386 4098 3643 4170 Apparet
3700 4091 3958 4146 verbum
4001 4088 4108 4142 hoc

2447 4202 2576 4242 esse
2609 4188 3078 4260 agrimensorum
3103 4205 3241 4243 arva
3272 4184 3659 4242 dividentium
3680 4185 3738 4236 et
3755 4195 3867 4236 sua
3891 4178 4108 4247 cuique

2445 4277 2876 4349 assignantium
2904 4279 3134 4350 jugera.
3177 4277 3482 4349 Nusquam
3533 4271 3674 4329 alibi
3706 4270 3819 4324 hoc
3849 4274 4110 4323 vocabu-

2441 4365 2562 4422 lum
2597 4368 2837 4422 memini
2870 4385 2961 4423 me
2991 4368 3205 4440 legere.
3236 4365 3515 4438 Suspicor
3544 4366 3740 4418 autem
3779 4358 4107 4413 formatum

2446 4473 2479 4511 a
2505 4453 2664 4530 γόνος
2699 4457 3070 4529 signiﬁcante
3107 4454 3284 4528 μίτον,
3318 4455 3429 4511 hoc
3477 4457 3567 4510 est
3616 4449 3784 4505 ﬁlum
3838 4446 3970 4502 sive
4017 4446 4108 4500 fu-

2446 4547 2732 4620 niculum,
2768 4565 2881 4619 quo
2940 4547 3001 4602 in
3060 4546 3470 4620 designatione
3527 4541 3916 4616 praediorum,
3979 4553 4105 4609 qua:

665 4632 1074 4686 κοντοσκὲΑιον.
1111 4634 1434 4689 Vaticanus
1465 4635 1592 4690 sine
1626 4635 1917 4690 mentione
1939 4628 2318 4686 κοντοσκελίου

2443 4638 2658 4710 cuique
2710 4614 2802 4692 in_
2830 4637 3148 4709 partitione
3176 4614 3462 4693 terrarum
3507 4614 3960 4693 attribuuntur,
4024 4625 4106 4682 uti

664 4722 750 4777 sic
783 4722 976 4778 habet:
1011 4720 1080 4774 Τὸ
1116 4717 1172 4775 δὲ
1199 4721 1336 4796 πρὸς
1386 4722 1475 4776 τὸν
1512 4723 1783 4799 Βλάγχαν,
1813 4724 1869 4778 id
1930 4724 2186 4779 referens
2245 4721 2316 4776 ad

664 4829 865 4868 vocem
914 4813 1166 4884 νεώριον,
1226 4816 1448 4885 navale,
1510 4816 1785 4886 superius
1837 4815 2110 4886 positam.
2169 4813 2315 4879 Quid

664 4903 842 4958 fuerit
869 4903 962 4958 hic
983 4905 1196 4960 Blanca
1227 4903 1316 4960 vel
1351 4906 1610 4972 Btancas,
1652 4905 1710 4959 in
1768 4904 2170 4960 monumentis
2221 4911 2320 4958 aut

663 4992 1158 5064 descriptionibus
1187 4993 1857 5067 Constantinopolitanae
1884 4996 2047 5050 urbis
2064 4993 2317 5065 reperire

665 5083 932 5138 nondum
967 5085 1150 5156 potui.

736 5180 1034 5253 Βοασμούς
1067 5200 1124 5255 p.
1158 5183 1284 5238 355.
1303 5183 1397 5239 Sic
1430 5184 1693 5256 optimus
1725 5183 1906 5240 codex
1933 5183 2314 5252 Barberinus,

666 5273 842 5343 cujus
857 5273 1206 5328 auctoritate
1234 5273 1646 5345 corrigendum
1663 5278 1940 5346 putamus
1954 5273 2314 5329 Allatianum

668 5365 769 5434 qui
809 5361 1075 5435 βοασκούς
1138 5363 1292 5420 clare
1351 5363 1508 5434 legit.
1572 5364 1717 5418 Nam
1778 5363 2123 5430 Vaticanus,
2181 5362 2316 5418 licet

662 5454 722 5506 in
759 5452 865 5507 hoc
895 5452 1181 5508 vocabulo
1215 5453 1576 5519 balbutiens,
1610 5454 1797 5524 magis
1830 5453 1900 5507 ad
1935 5452 2312 5508 Barberinum

665 5542 934 5612 inclinat,
970 5544 1110 5598 dum
1148 5544 1233 5599 sic
1264 5543 1500 5598 exhibet
1562 5543 1719 5598 hunc
1776 5542 2015 5598 locum:
2079 5540 2184 5601 Οὓς
2246 5537 2312 5609 δὴ

669 5631 948 5706 βοασμοὺς
982 5631 1037 5685 οἱ
1069 5631 1245 5686 κοινοὶ
1279 5630 1551 5706 λέγουσιν.
1584 5635 1841 5704 Apparet
1870 5633 2080 5688 beatus
2119 5633 2314 5688 Graeca

660 5721 864 5794 lingua
889 5721 1114 5795 vulgari
1173 5720 1450 5798 βοασμούς
1511 5724 1718 5790 dictos,
1780 5727 1838 5778 ct
1894 5729 2167 5796 prompta
2223 5727 2314 5778 est

2446 4727 2809 4783 coloniarum
2845 4728 3192 4782 deductores
3218 4725 3428 4781 solent.
3485 4721 3648 4778 Unde
3689 4722 3832 4774 sunt
3893 4716 3988 4771 illi
4049 4717 4104 4770 in

2436 4817 2758 4889 Scripturis
2787 4821 2908 4871 tam
2942 4832 3094 4886 saepe
3126 4814 3392 4887 usurpati
3414 4809 3658 4867 funiculi
3681 4806 4102 4864 hereditatum

2436 4910 2458 4959 Ι
2511 4906 2703 4968 Paral.
2761 4908 3008 4975 xv1,18;
3065 4905 3266 4972 Josue,
3323 4919 3461 4969 xvu,
3520 4902 3556 4955 5
3609 4903 3668 4955 et
3729 4899 3825 4965 ili;
3887 4914 4013 4964 xxx,
4071 4895 4103 4948 9

2437 5001 2494 5051 et
2524 4997 2616 5065 29;
2650 4997 2801 5052 Psal.
2836 5013 3046 5063 Lxxvu,
3099 4996 3191 5064 54;
3224 5011 3338 5061 ειν,
3396 4991 3564 5063 Ηξθῒ
3626 4987 3788 5045 alibi.
3848 4987 4100 5044 Fundus

2440 5086 2587 5141 mihi
2623 5087 2971 5157 conjecturae
3004 5085 3328 5158 Hesychius
3378 5087 3468 5139 est
3521 5079 3707 5152 apud:
3725 5093 3911 5150 quem
3975 5077 4097 5148 lego

2443 5175 2604 5249 γόνον
2660 5174 2838 5248 μίτον.
2899 5179 3107 5233 Posset
3151 5175 3331 5230 etiam
3386 5173 3532 5228 forte
3589 5168 3844 5242 cuipiam
3913 5165 4095 5223 videri

2436 5266 2758 5324 deductum
2788 5268 3032 5323 verbum
3065 5262 3362 5340 γονικεύειν
3415 5279 3448 5318 a
3475 5277 3614 5317 voce
3672 5256 3834 5333 γυνῖα
3901 5259 4096 5316 focum

2437 5357 2836 5429 significante,
2870 5362 2936 5413 ut
2963 5353 3480 5428 Meursiusftradit,
3511 5351 3669 5423 quod
3705 5350 3765 5406 in
3797 5348 4096 5420 ejusmodi

2437 5448 2949 5518 assignationibus
2984 5463 3261 5519 agrorum
3297 5443 3550 5515 singulis
3577 5439 3862 5509 focis,hoc
3899 5447 3994 5497 est
4017 5441 4094 5495 fa-

2437 5536 2640 5605 miliis,
2673 5553 2780 5593 sua
2808 5543 2975 5593 terra
3000 5535 3242 5593 arabilis
3272 5534 3461 5606 portio
3492 5532 3810 5587 tribuatur.

2505 5631 2882 5708 Δαιταλευταί,
2943 5653 2999 5708 p.
3063 5637 3159 5690 161
3214 5635 3322 5690 ΡΓο
3379 5630 3752 5700 δαιταλευτςιί,
3814 5633 3976 5704 quod
4035 5631 4088 5687 in

2434 5725 2665 5781 duobus
2697 5725 2864 5782 codd.
2901 5730 2943 5779 B
2973 5729 3029 5781 et
3058 5725 3104 5780 A
3134 5723 3367 5796 legitur,
3390 5723 3712 5781 Vaticanus
3741 5720 3930 5782 habet
3988 5723 4086 5796 μά·
