4210 6448
160 407 298 464 1013

1616 399 2091 459 ΟιωΒΔΒΙΠΜ.

3425 386 3563 442 1014

156 549 357 605 τειροι,
383 530 536 601 quod
573 532 808 585 secutus
839 544 972 584 sum
1003 527 1064 584 in
1110 526 1589 599 interpretatione
1617 539 1798 580 voca-
1832 521 1884 587 Α
1915 536 2078 591 quam
2106 518 2296 576 valido
2346 518 2524 574 illisus
2575 517 2787 605 impetu
2837 512 3072 568 interiit.
3125 513 3277 567 Sane
3310 514 3559 605 mortem

158 619 278 674 buli
314 635 347 672 a
379 634 470 674 me
501 620 734 688 quidem
767 617 906 672 alibi
929 633 1044 672 non
1075 617 1206 672 visi.
1241 616 1549 686 Raperitur
1569 615 1804 684 quidem

159 704 442 766 δαιταλεύς
474 707 720 775 conviva,
763 706 1015 773 sodalis;
1065 707 1165 762 sed
1217 705 1482 776 ful'ginis
1514 711 1571 758 et
1598 703 1805 758 carbo-

158 813 322 861 num,
353 797 569 866 quibus
604 797 854 868 parietes
881 797 1224 866 deturpatos
1258 796 1328 850 ab
1361 795 1491 850 istis
1523 789 1803 844 δαιταλευ·

153 890 269 946 ταῖς
304 892 506 942 noster
536 886 823 957 queritur,
852 885 1068 941 mentio
1101 884 1296 956 aptius
1328 884 1387 939 in
1420 899 1636 954 coquos
1658 897 1803 951 qua-

159 975 310 1030 drat.

222 1074 513 1144 Διαϐαινᾶς
543 1098 598 1154 p.
650 1081 772 1136 466.
831 1080 1005 1136 Addit
1061 1079 1380 1136 Vaticanus
1429 1075 1518 1132 ἐπὶ
1554 1080 1645 1148 ’τῷ
1679 1082 1801 1129 Δια-

155 1163 316 1239 ϐαινᾷ
341 1167 516 1241 τόπῳ,
545 1171 701 1242 quod
752 1170 976 1226 indicat
1031 1170 1224 1225 locum
1267 1167 1582 1240 quemdam
1626 1166 1804 1221 fuisse

151 1259 300 1316 circa
331 1259 688 1325 Ternobum,
723 1259 809 1314 ita
837 1265 1122 1315 vocatum.

217 1368 277 1436 (P
335 1366 461 1436 377)
524 1367 844 1441 Διαφωνδῖν.
908 1365 1208 1436 Duplicem
1278 1365 1564 1420 habemus
1623 1362 1801 1432 hujus

145 1456 304 1511 verbi
365 1471 541 1510 usum
600 1455 756 1526 aqud
821 1454 1257 1526 Pachymerem,
1312 1453 1650 1509 inusitatem
1701 1454 1802 1505 aut

149 1563 348 1600 rarum
409 1550 725 1616 utrumque
765 1562 831 1601 ac
890 1549 1191 1616 propterea
1248 1543 1613 1598 enarratione
1649 1541 1798 1598 552

148 1635 529 1706 indigentem.
590 1635 753 1689 Prior
809 1637 1017 1702 exstat,
1076 1651 1131 1704 p.
1165 1634 1310 1702 ζ145.
1344 1633 1468 1687 Non
1526 1628 1799 1700 usurpari

149 1723 258 1779 hoc
315 1723 443 1779 loco
497 1724 737 1778 verbum
815 1718 1104 1798 διαφωνεῖν
1193 1723 1249 1775 in
1306 1720 1526 1791 vulgari
1581 1720 1796 1774 discre-

150 1813 326 1885 pandi
387 1817 489 1867 aut
542 1811 928 1867 dissentiendi
963 1811 1218 1878 notione,
1269 1811 1412 1866 satis
1472 1807 1797 1864 attendenti

150 1907 330 1974 patet.
362 1902 498 1973 Agit
528 1907 731 1957 auctor
760 1901 830 1957 de
862 1901 1197 1956 Latinorum
1231 1897 1792 1970 Constantinopolim

144 1992 539 2047 obtinentium
600 1991 854 2046 exercitu
932 1990 1334 2062 Daphnusiam
1391 1991 1794 2060 oppugnante,

143 2085 270 2134 tum
331 2097 464 2136 eum
526 2084 698 2149 capta
740 2085 828 2134 est
883 2077 1427 2149 Constantinopolis
1484 2078 1557 2132 ab
1601 2076 1796 2132 Alexio

143 2169 391 2224 Caesare.
447 2169 624 2240 Cujus
674 2167 775 2235 rei,
810 2168 951 2223 dum
1002 2167 1195 2223 adhuc
1221 2167 1406 2232 ﬁeret,
1442 2166 1600 2221 fama
1627 2164 1795 2236 quasi

140 2257 427 2313 divinitus
457 2259 525 2311 ad
553 2256 791 2336 latinos
825 2256 1184 2328 Daphnusias
1219 2261 1652 2329 oppugnatores
1677 2271 1798 2309 mo-

139 2351 339 2402 mento
390 2345 612 2419 perlata
654 2346 1049 2402 consternavit
1095 2345 1229 2402 illos
1275 2347 1514 2402 horrore
1548 2343 1792 2417 periculi

139 2437 199 2492 in
233 2452 352 2508 quo
372 2435 592 2491 versari
623 2436 940 2507 apparebat
962 2452 1169 2492 uxores
1191 2440 1249 2492 et
1277 2435 1494 2491 liberos
1528 2436 1792 2506 ipsorum

137 2525 644 2597 Constantinopoli
695 2524 952 2581 relictos.
1006 2524 1170 2581 Unde
1219 2526 1421 2580 statim
1473 2524 1791 2592 solverunt,

144 2613 521 2686 suppelias,si
555 2614 924 2685 pervenirent
952 2614 1011 2670 in
1061 2612 1793 2685 tempore,laturi.Nullum

144 2706 238 2760 hic
271 2704 556 2758 indicium
601 2703 993 2759 dissensionis
1023 2704 1177 2758 inter
1217 2704 1398 2776 ipsos.
1449 2704 1637 2767 Quare
1667 2719 1795 2758 ver-

142 2794 287 2848 bum
340 2787 814 2868 διτπεφωνήκεσαν
868 2792 1016 2847 male
1076 2793 1185 2848 hoc
1228 2792 1353 2849 loco
1381 2793 1795 2864 interpretare-

138 2887 261 2950 tur,
320 2883 422 2951 qui
479 2881 850 2937 discordibus
907 2881 1300 2938 tumultuatos
1359 2882 1666 2938 sententiis
1722 2881 1792 2935 ad

142 2970 325 3026 talem
361 2970 633 3025 nuntium
670 2971 908 3026 Latinos
963 2971 1201 3026 diceret.
1247 2971 1362 3027 Nec
1418 2970 1622 3025 dubito
1654 2970 1791 3040 quin

144 3063 376 3124 auctor,
413 3059 715 3114 studiosus
744 3059 1046 3115 affectator
1072 3060 1420 3116 eruditionis
1453 3060 1796 3130 antiqua,et

143 3155 384 3219 captare
416 3149 678 3217 gaudens
727 3149 995 3204 notiones
1012 3149 1342 3214 abstrusas,
1363 3148 1427 3201 τὸ
1478 3145 1795 3225 δαπεφωνή-

137 3257 298 3290 κεσαν
329 3237 693 3305 usurpaverit
724 3254 790 3293 eo
834 3254 1010 3293 sensu
1045 3254 1158 3309 quo
1189 3255 1220 3292 a
1267 3238 1418 3293 LXX
1454 3238 1704 3309 positum
1736 3237 1791 3291 id
1828 3243 1872 3310 α

139 3327 386 3382 verbum
441 3329 531 3380 est
576 3326 896 3381 Ezechielis
953 3343 1002 3381 c.
1040 3344 1252 3393 xxxvu,
1317 3328 1373 3381 11
1418 3343 1430 3380 :
1473 3322 1795 3385 ’Δπόλωλεν

143 3416 177 3482 ἡ
212 3411 378 3473 ἐλπὶς
407 3415 591 3485 ἡμῶν,
658 3410 1173 3490 διαπεφωνήκαμεν,
1226 3417 1380 3487 quod
1431 3416 1702 3485 vulgatus
1734 3431 1802 3470 ex

146 3504 489 3574 Originibus
520 3505 733 3560 vertit:
790 3506 962 3560 Periit
983 3523 1102 3575 spes
1132 3511 1320 3561 nostra
1353 3510 1406 3561 et
1461 3504 1668 3559 abcissi
1704 3521 1800 3559 su-

149 3609 300 3649 mus.
333 3597 434 3648 Est
469 3593 626 3648 enim
673 3594 730 3648 in
781 3596 1020 3649 Hebro
1076 3604 1218 3656 πη]
1266 3597 1574 3662 ηἰρωνθπα
1624 3611 1657 3649 a
1710 3604 1804 3654 Ἶτλ

152 3699 350 3753 ςαων,
383 3683 535 3753 quod
563 3687 654 3737 est
679 3683 1016 3739 abscindere
1041 3702 1053 3750 ;
1083 3688 1141 3738 et
1170 3684 1406 3738 additur
1423 3693 1510 3744 1:1
1543 3685 1678 3738 lanu
1706 3698 1804 3736 no-

155 3772 259 3834 bis.
321 3771 476 3843 quod
526 3772 641 3826 nisi
698 3773 978 3840 abundat,
1025 3778 1090 3827 ut
1119 3772 1256 3827 alibi
1290 3788 1405 3828 non
1438 3789 1588 3840 raro,
1623 3771 1806 3827 videri

154 3865 351 3932 potest
377 3876 445 3915 eo
507 3860 795 3932 pertinere
856 3866 920 3916 ut
949 3862 1314 3932 significetur
1360 3861 1568 3917 divisio
1626 3861 1810 3916 animi

156 3951 331 4022 quasi
360 3967 393 4004 ι
425 3965 486 4006 se
516 3949 666 4022 ipso,
696 3951 837 4019 sive,
891 3955 958 4006 ut
995 3951 1134 4006 alibi
1191 3950 1494 4023 Scriptura
1527 3949 1808 4022 loquitur,

157 4037 482 4095 contractio
513 4039 729 4108 cordis,
764 4040 956 4111 qualis
985 4040 1275 4112 contingit
1305 4041 1500 4095 subita
1519 4044 1577 4095 et
1600 4055 1813 4110 magna

157 4129 493 4184 calamitate
532 4128 997 4199 comprehensis,
1048 4130 1217 4200 cujus
1266 4128 1623 4200 depellenda
1652 4129 1816 4184 nulla

159 4223 262 4272 aut
295 4218 493 4273 tenuis
523 4234 657 4288 spes
689 4223 796 4273 est.
831 4217 1116 4273 Vatablus
1145 4220 1351 4274 vertit:
1385 4218 1596 4273 διιεσίδὶ
1622 4234 1816 4274 sumus

157 4307 339 4362 nobis.
397 4306 541 4362 Puto
594 4307 879 4380 Hesychia
921 4308 1078 4362 hunc
1123 4308 1316 4380 ipsum
1369 4308 1812 4377 LXXinterpre-

158 4402 286 4451 tum
322 4395 516 4452 locum
548 4397 920 4452 obversatum
975 4397 1191 4465 animo,
1225 4415 1356 4453 cum
1393 4394 1814 4473 διαπεφωνήκα-

165 4503 260 4553 μεν
289 4483 715 4554 interpretatur
755 4483 1090 4555 ἀπωλόμεθα
1135 4489 1560 4558 periimus,quas
1592 4493 1682 4543 est
1710 4505 1819 4542 vox

162 4572 629 4643 desperantium,
689 4578 747 4629 et
801 4575 860 4628 in
930 4590 1176 4630 occursu
1235 4577 1628 4632 ineluctabilis
1673 4576 1813 4632 mali

163 4677 441 4731 angorem
474 4663 674 4731 animi,
709 4664 810 4733 qui
846 4665 1019 4719 verbo
1079 4660 1367 4740 διαφωνεῖν
1426 4665 1810 4737 significatur,

164 4751 642 4822 exprimentium.
711 4753 892 4807 Graeci
957 4757 1148 4809 tamen
1211 4755 1585 4825 posteriores,
1618 4772 1684 4810 ex
1714 4755 1812 4811 illo

166 4841 416 4897 fortasse
471 4845 572 4896 aut
627 4841 765 4896 LXX
821 4843 1124 4898 Seniorum
1184 4849 1285 4898 aut
1344 4844 1607 4914 Hesychii
1664 4843 1810 4915 loco,

163 4931 346 4985 verbo
377 4924 667 5006 διαφωνεῖν
699 4932 1070 4986 exanimandi
1122 4937 1222 4988 aut
1261 4934 1594 5005 exspirandi
1628 4935 1813 4990 notio-

165 5033 303 5074 nem
340 5019 738 5089 subjecerunt.
771 5021 987 5076 Auctor
1045 5038 1374 5094 anonymus
1416 5024 1691 5078 Actorum
1727 5023 1816 5077 fu-

167 5107 402 5163 sissime
428 5108 784 5178 scriptorum
840 5109 903 5164 Β.
964 5111 1206 5166 Andreas
1255 5117 1640 5180 cognomento
1673 5112 1813 5180 Sali,

166 5213 298 5269 qua
358 5201 587 5252 exstant
643 5199 837 5254 Grtece
869 5199 925 5254 in
957 5200 1086 5256 cod.
1123 5199 1406 5256 Vaticano
1438 5202 1595 5269 1574,
1656 5219 1709 5270 p.
1759 5202 1815 5270 5,

167 5286 430 5342 referens
449 5288 762 5357 quamdam
788 5286 1007 5344 luctam
1035 5306 1135 5360 per
1165 5292 1460 5346 somnium
1494 5296 1815 5359 ostensam,

166 5392 286 5448 qua
310 5375 469 5431 idem
492 5377 553 5434 Β.
578 5379 843 5434 Andreas
873 5381 1256 5435 commissum
1281 5398 1478 5438 secum
1493 5381 1818 5453 Ethiopem

166 5466 457 5537 postravit
513 5467 843 5539 occiditque
890 5468 1032 5523 eliso
1063 5469 1192 5540 ejus
1221 5472 1291 5525 ad
1345 5475 1566 5542 petram
1609 5471 1818 5542 capite,

169 5556 255 5612 sic
287 5556 546 5613 scribit:
607 5557 839 5633 Ἔτυχεν
897 5556 1061 5612 αὐτοῦ
1117 5561 1444 5632 (ίΈῐὸὶορὶε)
1500 5561 1561 5614 τὸ
1601 5559 1817 5634 κρανίον

169 5641 246 5706 εἰς
310 5642 510 5718 πέτραν
547 5690 562 5715 ,
620 5647 707 5702 καὶ
778 5647 1122 5721 κατενεχθεὶς
1169 5649 1416 5722 παραυτᾶ
1471 5645 1772 5726 διεφώνησε
1806 5693 1819 5716 ,

167 5735 278 5793 hoc
309 5741 442 5793 est:
489 5739 645 5795 Forte
701 5755 868 5796 ruens
899 5738 1102 5796 incidit
1147 5743 1328 5812 capite
1358 5741 1418 5795 in
1472 5751 1703 5812 petram,
1755 5739 1824 5794 ad

1913 609 2070 664 illius
2103 609 2251 680 nigri
2312 606 2526 679 pugili-1
2556 599 2623 661 ex
2679 605 2778 658 illo
2810 619 2948 656 casu
3009 605 3270 656 secutam
3313 599 3562 653 indicari

1910 699 2084 752 verbo
2117 693 2418 772 διεφώνησε
2476 693 2732 750 ostendit
2781 691 3025 762 plausus
3071 690 3146 743 ibi
3209 689 3404 743 statim
3438 703 3564 742 me-

1914 795 2174 844 moratus
2208 787 2514 841 favitorum
2574 784 2837 851 Andreae,
2871 782 2968 853 qui
3034 779 3332 834 candidati
3379 794 3446 833 ea
3477 778 3563 832 vi-

1913 879 2075 933 sione
2115 877 2494 948 apparebant,
2545 879 2601 929 et
2661 871 2978 943 gratulatio
3055 875 3336 939 tanquam
3392 868 3562 937 plena

1910 967 2148 1021 victoria
2184 982 2321 1020 nece
2382 962 2693 1019 adversarii
2756 963 2982 1031 patrata
3017 974 3027 1011 :
3067 955 3268 1028 Κρὸτος
3300 952 3354 1008 δὲ
3392 953 3559 1028 μέγας

1911 1055 2121 1126 inquit,
2179 1057 2286 1107 τῶν
2328 1049 2704 1125 λευχειμόνων
2746 1048 2835 1102 καὶ
2885 1044 3030 1120 χαρὰ
3084 1041 3394 1119 γλυκυτάτη
3439 1043 3563 1097 τότε

1913 1141 2140 1215 ἐγένετο.
2175 1144 2300 1198 llaec
2332 1158 2443 1197 non
2470 1153 3044 1202 commemorassem,
3075 1134 3188 1189 nisi
3223 1133 3559 1189 necessaria

1911 1237 2109 1289 essent
2140 1232 2211 1287 ad
2256 1231 2437 1287 alium
2490 1226 2858 1300 Pachymeris
2908 1226 3093 1280 nostri
3138 1222 3332 1278 locum
3367 1221 3561 1277 decla-

1911 1322 2181 1389 randum,
2215 1337 2269 1392 p.
2301 1321 2420 1375 486.
2455 1318 2583 1389 Agit
2616 1319 2684 1372 de
2742 1316 2913 1387 Cotye
2943 1315 3223 1386 quodam,
3254 1312 3351 1381 qui
3376 1313 3556 1382 jussu

1910 1410 2281 1482 imperatoris
2340 1413 2642 1478 correptus
2701 1404 3114 1473 atortoribus,
3172 1419 3305 1457 cum
3362 1400 3556 1455 vinci-

1909 1503 2069 1554 retur
2098 1499 2240 1552 diris
2278 1496 2585 1568 suppliciis
2642 1493 3090 1560 excruciandus,
3149 1507 3348 1545 eorum
3406 1490 3559 1546 558

1908 1589 2034 1658 ipso
2070 1592 2223 1641 metu
2276 1586 2646 1640 exanimatus
2675 1581 2994 1638 conciderit
3050 1584 3336 1635 mortuus.
3392 1578 3556 1633 Unde

1908 1677 2106 1732 statim
2167 1676 2439 1730 eumdem
2518 1672 2679 1727 addit
2727 1672 2955 1741 pondus
3022 1667 3353 1723 miserabde
3411 1667 3551 1721 sub-

1906 1765 2093 1820 latum
2127 1769 2182 1819 et
2215 1764 2392 1818 humo
2445 1762 2790 1815 mandatum
2845 1759 3023 1814 fuisse
3058 1756 3264 1811 multis
3314 1771 3557 1810 cernen-

1828 1884 1876 1948 B
1909 1854 2085 1908 tibus.
2121 1851 2191 1908 Ut
2223 1869 2336 1906 non
2362 1851 2436 1906 sit
2463 1865 2699 1903 necesse
2731 1849 2799 1900 ad
2827 1844 3267 1917 intelligendum
3304 1847 3551 1898 mortem

1906 1943 2084 2014 hujus
2145 1942 2324 1996 verbo
2386 1935 2731 2013 διαφωνεῖνα
2790 1936 3139 2004 Pachymere
3207 1932 3554 2004 significari,

1902 2047 2199 2088 recurrere
2231 2031 2301 2085 ad
2336 2028 2682 2084 Vaticanum
2714 2025 3156 2096 paraphrastem
3184 2021 3550 2076 hunclocum

1901 2121 1984 2176 sic
2041 2121 2506 2187 exprimentem:
2566 2116 2628 2170 Ὀ
2688 2112 2744 2168 δὲ
2803 2113 2925 2186 πρὶν
2964 2108 3134 2171 δεθεὶς
3180 2110 3551 2181 κρεμασθῆναι

1897 2213 1977 2280 τῷ
2009 2203 2162 2285 φόϐῳ
2191 2208 2288 2274 τὴν
2323 2206 2507 2279 ψυχὴν
2541 2202 2918 2268 ἀποστίθησιν.
2955 2202 3071 2256 Hoc
3129 2204 3219 2255 est
3263 2218 3274 2255 :
3323 2201 3367 2253 Is
3424 2215 3546 2253 vero

1899 2301 2221 2371 priusquam
2248 2298 2461 2353 vinctus
2477 2295 2914 2367 suspenderelur,
2937 2301 3081 2346 metu
3103 2294 3357 2346 animam
3385 2289 3539 2357 effla-

1903 2391 2000 2444 vit.

1973 2482 2227 2556 Διδυμὸω
2285 2501 2341 2556 ρ.
2403 2483 2527 2538 364.
2610 2476 2880 2552 Διδυμοῦν
2951 2466 3052 2550 pro
3111 2476 3393 2546 geminare
3460 2474 3555 2530 vix

1901 2576 2055 2647 apud
2090 2580 2310 2630 veteres
2344 2573 2618 2644 reperias.
2672 2571 2778 2625 Sed
2815 2569 2976 2640 origo
3019 2571 3280 2639 apparet,
3314 2569 3368 2621 et
3400 2570 3556 2620 recte

1904 2669 2139 2721 constat
2168 2662 2460 2734 analogia.

1973 2763 2037 2833 (P
2072 2763 2201 2831 3'78)
2234 2758 2407 2814 δοκῶν
2467 2778 2520 2829 ρ.
2577 2759 2694 2813 148.
2749 2760 2827 2812 lta
2889 2758 3053 2812 codd.
3118 2760 3247 2810 Bet
3305 2760 3368 2808 A.
3447 2754 3555 2808 Va-

1899 2853 2133 2908 ticanus
2166 2856 2360 2905 autem
2428 2865 2587 2904 more
2617 2865 2722 2903 suo
2765 2847 2943 2901 libere
2996 2851 3232 2900 mutans
3264 2860 3390 2913 quae
3449 2843 3556 2896 ob-

1900 2941 2162 2997 scuriora
2213 2944 2401 3011 putat,
2434 2937 2461 2989 ὁ
2522 2941 2742 3010 πρῶτος
2783 2953 2885 3007 pro
2918 2935 2944 2986 ὁ
2976 2930 3148 2986 δοκῶν
3195 2932 3378 3003 ponit,
3439 2949 3553 2985 non

1904 3030 2054 3086 male
2086 3030 2439 3085 sententiam
2472 3028 2882 3098 interpretans.
2946 3025 3098 3079 Sunt
3155 3022 3311 3077 enim
3343 3023 3558 3076 Graecis

1900 3121 2074 3176 etiam
2118 3120 2410 3174 veteribus
2443 3117 2493 3168 ot
2549 3114 2856 3178 δοκοῦντες,
2888 3114 2986 3185 qui
3044 3113 3408 3176 auctoritate,
3441 3111 3561 3165 exi-

1910 3209 2272 3275 stimatione,
2300 3206 2587 3278 dignitate
2617 3207 2673 3259 in
2708 3203 2903 3274 aliqua
2929 3205 3098 3273 gente
3129 3205 3230 3254 aut
3252 3206 3397 3254 cmtu
3423 3198 3562 3252 emi-

1913 3301 2070 3363 nent,
2107 3296 2347 3367 antiqua
2399 3301 2456 3350 et
2498 3295 2697 3365 proba,
2751 3293 2851 3348 sed
2910 3290 3108 3345 ratiori
3167 3293 3224 3343 et
3279 3289 3408 3342 ideo
3465 3287 3558 3342 hic

1908 3405 2024 3443 non
2086 3388 2302 3442 frustra
2350 3383 2645 3440 declarata
2694 3381 2949 3437 notione.
2991 3377 3141 3432 Talis
3202 3383 3398 3431 autem
3430 3381 3557 3431 erat

1909 3477 2059 3532 inter
2079 3478 2187 3531 hos
2219 3473 2652 3530 thelematarios
2671 3488 2771 3527 seu
2805 3467 3162 3524 voluntarios
3181 3465 3553 3534 Cutritzaces,

1911 3583 2084 3638 quem
2120 3566 2390 3636 superius
2424 3564 2647 3627 Noster,
2685 3581 2739 3633 p.
2779 3561 2898 3625 138,
2933 3558 3031 3612 ubi
3083 3556 3337 3611 narravit
3367 3556 3554 3610 Caesa-

1913 3673 2032 3711 rem
2089 3653 2216 3715 τοὺς
2276 3651 2562 3711 δοκοῦντας
2621 3645 3039 3720 θεληματαρίων
3093 3661 3462 3708 convocasse,
3497 3643 3556 3698 in

1914 3746 1985 3800 iis
2018 3745 2198 3800 fuisse
2231 3743 2584 3816 praecipuum
2621 3741 3010 3801 demonstrat,
3044 3737 3185 3789 dum
3236 3733 3399 3787 illum
3436 3732 3558 3788 vice

1914 3852 1980 3890 ac
2013 3834 2250 3889 nomine
2282 3832 2544 3888 omnium
2578 3830 2842 3884 locutum
2878 3826 3074 3880 refert.

1987 3930 2121 4000 Δόξα
2171 3950 2226 4004 p.
2284 3931 2408 3985 275.
2465 3933 2589 3984 Vox
2646 3923 2772 3994 δόξα
2837 3924 2931 3979 hic
2990 3920 3267 3994 peculiari
3327 3919 3565 3975 notione

1918 4023 2172 4078 sumitur
2206 4038 2307 4092 pro
2337 4021 2604 4090 dogmate
2641 4017 2758 4071 sive
2815 4012 3083 4068 doctrina
3140 4027 3326 4078 sacra,
3387 4025 3566 4080 quam

1921 4112 2330 4167 inconcussam
2393 4112 2614 4173 tenere,
2676 4121 2778 4175 pro
2837 4119 2953 4173 qua
3003 4099 3216 4173 pacisci
3277 4097 3453 4152 vitam
3511 4101 3568 4151 et

1920 4201 2264 4272 sanguinem
2290 4195 2608 4255 Christiani
2631 4193 2891 4264 cujusvis
2916 4191 3171 4246 officium
3195 4192 3304 4243 est.
3337 4186 3568 4241 Vatica-

1921 4307 2034 4345 nus
2093 4289 2178 4345 sic
2234 4284 2568 4362 παραφράζει
2627 4284 2821 4339 locum
2850 4281 3044 4336 hunc:
3105 4275 3199 4336 Ei:
3230 4273 3281 4329 τί
3321 4273 3420 4347 γάρ
3479 4294 3564 4334 τις

1921 4375 2356 4445 σκανδαλισθείη.
2395 4376 2476 4428 ὅτι
2526 4370 2838 4445 μεταλλαγή
2890 4390 2970 4429 τις
3020 4369 3216 4440 γέγονε
3245 4370 3345 4432 τῆς
3396 4382 3572 4434 παρα-

1923 4465 2218 4538 δεδομένης
2274 4468 2408 4536 ἡμῖν
2467 4462 2675 4532 δόξης;
2737 4458 2862 4514 ἀλλ’
2922 4455 3076 4512 οὐδὲν
3115 4498 3128 4523 ,
3190 4457 3567 4529 χορηγοῦντος

1925 4554 2081 4624 Θεοῦ,
2114 4549 2543 4630 παραϐεϐασται,
2577 4559 2686 4609 etc.
2740 4551 2893 4605 infra
2922 4549 3023 4603 lib.
3058 4565 3133 4611 Vi,
3168 4563 3216 4601 c.
3254 4547 3277 4599 1
3316 4561 3567 4612 usurpa-

1923 4656 2016 4703 tur
2047 4647 2165 4702 hsac
2199 4649 2398 4701 eadem
2432 4662 2537 4699 vox
2569 4643 2769 4698 eadem
2805 4641 3041 4694 notione
3069 4637 3124 4692 in
3185 4635 3278 4689 his
3334 4633 3524 4689 verbis
3553 4649 3563 4686 :

1920 4736 1998 4794 Τὸ
2030 4731 2339 4810 παραϐῆναι
2374 4739 2506 4809 σφᾶς
2537 4734 2635 4802 τήν
2692 4732 2828 4805 πρὸς
2862 4728 3062 4783 ἐκεῖνον
3113 4724 3287 4798 (Θεὸν)
3337 4727 3564 4793 νομιζο-

1924 4828 2089 4899 μένην
2123 4824 2277 4896 δόξαν
2311 4825 2569 4900 ἀρχῆθεν.

1993 4923 2296 5000 Ἐγκόλπια
2357 4943 2412 4995 p.
2479 4924 2605 4978 265.
2693 4919 3086 4992 Intelligimus
3170 4915 3307 4970 hinc
3373 4929 3569 4968 sacras

1921 5017 2249 5081 icunculas,
2309 5014 2514 5086 quales
2573 5011 2858 5067 habemus
2917 5024 3116 5064 cereas
3157 5003 3382 5074 efﬁgies
3434 5001 3570 5070 agni

1923 5107 2047 5175 Dei,
2081 5110 2183 5160 aut
2214 5105 2271 5160 id
2313 5121 2496 5174 genus
2528 5117 2694 5157 sacra
2728 5098 2981 5154 amuleta
3013 5099 3244 5167 gestare
3302 5093 3372 5147 de
3424 5089 3570 5145 collo

1925 5213 2214 5269 suspensa
2245 5195 2472 5251 Graecos
2503 5191 2865 5248 Christianos
2897 5187 3121 5254 solitos,
3154 5188 3210 5240 et
3242 5184 3346 5238 hoc
3380 5179 3571 5251 speci«

1928 5305 2060 5343 men
2094 5292 2268 5358 atque
2298 5284 2580 5339 indicium
2645 5281 2826 5358 fuisse
2855 5278 3195 5332 Christiania
3249 5269 3571 5342 religionis,

1926 5378 2069 5432 Nam
2123 5356 2457 5431 eonomine
2512 5373 2624 5428 sibi
2674 5356 2812 5425 talia
2846 5368 2993 5423 mitti
3053 5367 3256 5421 Sultan
3293 5359 3572 5435 postulat,

1930 5477 1994 5525 ut
2024 5470 2107 5526 sic
2164 5469 2433 5540 probaret
2487 5483 2549 5521 se
2607 5463 3002 5519 Christianum
3054 5475 3200 5523 esse,
3242 5458 3309 5509 de
3344 5470 3457 5525 quo
3488 5449 3576 5503 vi-

1932 5561 2105 5616 debat
2131 5558 2406 5614 dubitari.
2444 5557 2604 5611 Patet
2657 5552 2812 5607 unde
2843 5550 3134 5621 ejusmodi
3168 5545 3443 5616 religiosa
3484 5557 3579 5609 ge-

1932 5650 2189 5706 stamina
2228 5643 2383 5720 ἐγκό)
2403 5665 2496 5698 πια
2527 5646 2822 5708 vocentur,
2859 5641 3009 5710 quod
3057 5638 3334 5692 nimirum
3368 5650 3397 5687 e
3429 5629 3576 5686 collo

1933 5744 2069 5811 apta
2098 5740 2156 5794 in
2181 5739 2376 5794 sinum
2402 5735 2740 5809 penderent.
2771 5730 2971 5787 Fuisse
2996 5736 3212 5794 autem,
3247 5725 3399 5797 quod
3435 5721 3576 5790 dixi,
