4248 6438
653 385 793 440 1015

1717 405 1778 454 Ρ.
1821 402 2095 458 POSBINI
2134 400 2750 456 OBSERVATIONUM
2787 401 2921 454 LIB.
2960 403 3007 453 ι.

3931 393 4066 448 1016

649 510 869 566 formas
909 519 1007 567 aut
1037 514 1260 587 efﬁgies
1290 521 1575 587 quasdam
1609 540 1807 580 sacras
1839 527 1912 580 iis
1964 527 2307 596 impressas,

2423 524 2574 592 quod
2639 527 3039 578 Cantacuzeno
3104 520 3318 575 dicitur
3394 515 3662 591 ἰμπιδοῦν
3718 518 3820 585 τήν
3878 515 4067 589 πρᾶξιν

653 600 967 655 manifeste
1003 603 1168 657 docet
1197 605 1407 661 Noster
1431 614 1625 680 -paulo
1659 619 1808 682 post,
1843 614 1982 668 dum
2017 616 2097 669 ait
2127 616 2314 670 Sulta-

655 702 797 740 nem
839 692 1088 759 petendo
1121 710 1212 748 res
1246 696 1392 751 tales
1455 715 1518 753 se
1551 700 1989 757 demonstrasse
2011 707 2118 755 τῶν
2155 704 2313 765 θείων

657 771 1069 846 ἐκτυπωμάτων
1113 829 1119 837 ,
1163 788 1545 854 προσκυνητήν
1622 790 1938 845 divinarum
2005 795 2315 860 formarum

657 870 1213 940 veneratoremErgo
1237 872 1336 927 illa
1361 873 2054 952 illaqumappellavitiepa‘i
2078 879 2315 952 περιάμ-

660 972 806 1022 ματα
851 960 908 1010 et
938 953 1228 1030 ἐγκόλπια,
1287 970 1453 1018 erant
1509 967 1709 1021 eadem
1772 972 1888 1030 θεῖα
1927 966 2310 1040 ἐκτυπώματα,

655 1057 941 1112 expressas
979 1063 1170 1102 rerum
1196 1066 1498 1107 sacrarum
1528 1055 1747 1125 formae,
1789 1057 2001 1112 Christi
2034 1059 2308 1113 nimirum

658 1136 762 1184 aut
793 1139 1154 1194 sanctorum.
1187 1142 1351 1195 Unde
1383 1159 1486 1211 per
1514 1143 1637 1199 haec
1677 1147 1880 1214 jurare
1909 1147 2114 1202 solitos
2144 1148 2311 1203 Chri-

658 1219 879 1276 stianos
902 1225 1228 1282 Orientales
1259 1230 1327 1282 ad
1359 1233 1735 1288 sanciendam
1779 1240 2077 1303 pactorum
2113 1237 2310 1304 ﬁdem,

659 1309 828 1364 docet
887 1315 1271 1372 Cantacuzeni
1332 1318 1520 1390 locus,
1575 1321 1612 1375 l.
1648 1340 1732 1389 ιιι,
1768 1340 1816 1377 c.
1854 1327 1939 1388 17,
1999 1342 2055 1396 ρ.
2087 1326 2188 1378 403
2219 1326 2306 1379 ed.

667 1404 827 1475 Reg»
882 1404 1211 1483 Συμϐάσεις,
1290 1416 1582 1487 inquiens,
1636 1415 1692 1471 δὲ
1771 1418 1982 1491 θέμενοι
2040 1420 2161 1492 περὶ
2217 1424 2312 1472 τοῦ

662 1493 865 1565 γάμου,
919 1499 1005 1550 καὶ
1078 1502 1212 1554 κατὰ
1268 1504 1328 1556 τὸ
1381 1505 1666 1576 Ῥωμαίων
1723 1504 1839 1569 ἔθος
1899 1505 1944 1560 δ’
2001 1507 2310 1582 ἐγκολπίων

664 1579 1075 1652 ἐμπεδώσαντες
1107 1591 1204 1656 τήν
1257 1593 1470 1666 πρᾶξιν.
1517 1598 1687 1651 Video
1720 1600 1875 1654 554
1933 1579 2085 1654 hunc
2121 1601 2310 1654 locum

663 1687 869 1741 parum
906 1677 1201 1734 efficacem
1255 1684 1443 1737 visum
1499 1684 1565 1739 iri
1628 1688 1696 1739 ad
1750 1688 2220 1742 conﬁrmandum
2255 1689 2357 1741 id-

670 1764 824 1831 quod
857 1764 1076 1830 dixi,de
1101 1769 1438 1839 juramento
1465 1773 1769 1830 ﬁrmandis
1794 1778 1977 1846 pactis
2010 1794 2111 1847 per
2132 1775 2316 1851 ἐγκόλ-

2424 618 2526 667 aut
2568 610 2662 670 τὰς
2691 604 3008 682 ςσυμϐάσεις
3054 606 3124 662 δι’
3172 607 3506 681 ἐγκολπὶων.
3554 609 3625 662 Et
3669 606 3805 678 quis
3836 606 3950 660 scit
3994 621 4066 659 an

2422 716 2536 754 non
2579 701 2713 754 inde
2766 700 2919 768 apud
2969 695 3370 752 Occidentales
3414 711 3650 766 quoque
3697 693 4067 749 Christianos

2419 787 2752 852 invaluerit,
2811 788 2965 858 quod
3027 786 3199 841 hodie
3230 787 3290 839 in
3350 801 3458 839 usu
3493 785 3758 838 videmus
3815 797 3968 847 esse,
4005 785 4070 834 ut

2421 895 2597 933 manu
2632 879 2848 949 pectori
2883 879 3120 933 admota
3148 877 3293 931 ﬁdes
3325 875 3482 931 verbi
3539 880 3642 929 aut
3671 873 3824 946 pacti
3855 871 4068 926 conﬁr-

2421 972 2617 1022 metur
2639 967 2666 1020 ?
2684 967 2827 1020 Tam
2862 963 3248 1021 universalem
3284 981 3454 1035 porro
3486 963 3666 1017 fuisse
3686 960 4069 1017 consuetudi-

2421 1071 2555 1110 nem
2589 1053 2982 1110 Orientalium
3023 1052 3486 1108 Christianorum
3534 1050 3805 1123 gestandi
3855 1049 4072 1119 hujus-

2419 1144 2580 1198 modi
2610 1142 2915 1214 religionis
2964 1142 3154 1213 signa,
3203 1146 3268 1196 ut
3305 1139 3712 1196 necessitatem
3744 1139 4074 1200 induceret,

2419 1257 2700 1311 apparere
2759 1244 2954 1310 potest
3009 1256 3077 1294 ex
3133 1255 3200 1294 eo
3233 1241 3386 1308 quod
3446 1238 3659 1293 Noster
3687 1235 3908 1303 innuit,
3941 1234 3981 1290 l.
4014 1250 4076 1301 ιι,

2418 1345 2468 1383 c.
2502 1330 2594 1393 25,
2628 1329 2904 1383 distribui
2958 1327 3140 1397 gratis
3197 1326 3397 1381 solitas
3427 1325 3720 1380 militibus
3777 1316 4081 1392 σεϐασμξας

2420 1415 2630 1476 εἰκόνας
2666 1433 2857 1471 sacras
2906 1418 3123 1482 icones;
3181 1432 3328 1486 quas
3378 1414 3646 1469 videlicet
3691 1431 3721 1468 e
3752 1411 3906 1468 collo
3946 1427 4077 1465 sus-

2422 1523 2638 1577 pensus
2671 1506 2727 1559 in
2764 1505 2897 1560 ﬁdei
2933 1522 2999 1560 ac
3053 1504 3355 1574 religionis
3411 1509 3693 1559 tesseram
3753 1505 4076 1572 portarent.

2421 1595 2584 1650 Dicet
2645 1598 2788 1649 forte
2847 1595 3132 1648 adversus
3189 1593 3473 1647 hactenus
3531 1595 3754 1646 statuta
3811 1589 4080 1660 argutior

2422 1685 2715 1754 quispiam
2742 1724 2756 1748 ,
2791 1684 2940 1740 555
3000 1683 3175 1736 istam
3203 1676 3511 1750 ἐμπέδωσιν
3542 1673 3865 1751 συμϐάσεων
3899 1675 4079 1749 γάμου

2423 1767 2490 1823 δι’
2525 1769 2862 1844 ἐγχολπίων,
2898 1773 3070 1841 cujus
3099 1774 3542 1826 Cantacuzenus
3574 1764 4081 1834 meminit,reierri

666 1869 765 1901 πια
820 1853 943 1907 dari
1001 1856 1198 1927 solito,
1259 1859 1305 1913 si
1362 1860 1544 1916 lector
1608 1864 1677 1918 de
1768 1866 1874 1919 isto
1931 1865 2312 1920 Cantacuzeni
2345 1874 2391 1938 Β
2426 1861 2946 1931 adjusjurandum
2993 1876 3109 1914 non
3141 1875 3334 1930 posse,
3385 1858 3666 1929 quoniam
3715 1857 3913 1911 statim
3949 1860 4081 1924 post

668 1940 1004 2000 testimonio
1027 1945 1254 2015 judicet
1286 1965 1354 2003 ex
1387 1953 1652 2007 versione
1682 1953 2066 2009 eruditissimi
2116 1954 2315 2009 Jacobi

673 2031 919 2088 Pontani
951 2037 1158 2090 nostri.
1195 2038 1248 2092 ls
1282 2039 1437 2094 enim
1474 2041 1619 2096 nihil
1646 2043 1724 2096 ibi
1759 2044 2024 2114 agnoscit
2057 2061 2311 2113 sacrum,

668 2123 738 2177 ad
801 2122 1028 2179 civilem
1112 2141 1385 2198 mereque
1449 2129 1769 2185 humanam
1848 2133 2312 2187 observationem

667 2217 878 2266 cuncta
909 2214 1284 2285 detorquens,
1315 2218 1454 2272 dum
1488 2219 1571 2273 sic
1603 2221 1779 2275 verba
1821 2223 1992 2275 modo
2024 2221 2315 2293 descripta

665 2300 868 2356 Latine
899 2303 1092 2358 reddit
1118 2321 1129 2358 :
1161 2305 1499 2361 Paciscente:
1528 2311 1773 2379 nuptias,
1813 2319 1865 2364 et
1894 2327 2042 2365 more
2072 2313 2314 2366 Romano

658 2392 928 2460 pronubis
941 2393 1246 2449 monilibus
1258 2395 1321 2450 de
1340 2397 1476 2451 collo
1493 2399 1775 2465 gestandis
1789 2403 1915 2454 acta
1930 2402 2315 2469 conﬁrmantes

661 2480 800 2534 Cum
837 2481 907 2535 ab
941 2482 1099 2536 omni
1126 2485 1586 2554 reprehendendi
1613 2505 1968 2559 quemquam
2001 2491 2311 2560 supercilio

662 2579 947 2634 abhorreo
981 2585 1205 2649 natura,
1233 2587 1354 2637 tum
1392 2584 1564 2654 hujus
1608 2586 1713 2640 viri
1750 2587 2040 2658 praecipua
2084 2604 2171 2642 me
2212 2590 2312 2642 du-

665 2668 804 2721 dum
837 2671 1326 2726 veneratio'valde
1358 2672 1618 2728 alienum
1655 2676 1789 2729 facit
1834 2677 1904 2730 ab
1939 2677 2062 2746 ejus
2093 2677 2313 2748 cogita-

660 2755 819 2809 tione
851 2756 1192 2827 sugillandi.
1222 2760 1444 2815 Tamen
1489 2763 1627 2831 quia
1659 2763 1872 2818 veritas
1917 2766 2145 2819 cunctis
2176 2764 2311 2819 aﬂ'e-

661 2845 854 2901 ctibus
885 2847 1146 2915 antistat,
1219 2866 1334 2904 non
1399 2868 1639 2920 possum
1692 2854 1983 2909 abstinere
2033 2855 2171 2926 quin
2221 2856 2312 2909 hic

664 2951 862 2989 meum
896 2937 968 2990 ab
988 2938 1116 3006 ejus
1149 2939 1438 2993 sententia
1459 2941 1753 2996 diversum
1781 2943 2069 3011 judicium
2104 2961 2312 3016 pr0po-

665 3040 824 3091 nam,
861 3026 1185 3096 praesertim
1219 3043 1353 3081 cum
1389 3027 1555 3083 illum
1607 3031 1835 3085 videam
1867 3047 1997 3102 quae
2042 3032 2099 3086 in
2134 3033 2311 3088 inter-

660 3116 985 3185 pretatione
1018 3117 1231 3188 posuit,
1267 3119 1443 3174 etiam
1478 3119 1535 3173 in
1568 3121 1734 3177 Notis
1765 3122 2059 3177 afﬁrmare
2091 3128 2314 3179 astrue-

2422 1948 2572 2003 idem
2607 1955 2810 2004 auctor
2861 1951 3336 2019 juramentorum
3369 1947 3461 2002 his
3515 1947 3932 2018 adjunctorum
3962 1943 4079 1996 dis-

2421 2038 2602 2093 tincte
2660 2038 2996 2092 meminerit
3051 2038 3144 2092 his
3201 2036 3395 2092 verbis
3447 2037 3544 2088 τοῦ
3575 2030 4082 2108 παρακοιμωμὲνου

2421 2121 2477 2178 δὲ
2551 2125 2641 2178 καὶ
2719 2126 2912 2197 ὅρκους
2979 2126 3311 2198 προσθέντος
3371 2121 3664 2200 φρικώδεις
3724 2120 3813 2175 ἐπὶ
3879 2119 4079 2190 τούτῳ.

2419 2217 2681 2270 Primum
2741 2217 3065 2287 respondeo
3121 2231 3320 2270 vocem
3377 2214 3706 2286 προσθέντος
3764 2213 3836 2267 ad
3883 2211 4082 2282 ὅρκους

2420 2300 2714 2379 φρικώδεις
2769 2303 3014 2360 relatam
3079 2305 3274 2375 potius
3341 2305 3690 2358 conﬁrmare
3758 2299 3920 2370 quod
3976 2314 4079 2351 nos

2419 2396 2676 2450 diximus
2710 2411 2723 2448 :
2758 2394 3053 2466 signiﬁcat
3081 2393 3238 2448 enim
3282 2392 3726 2464 Apocauchum,
3758 2389 3865 2461 qui
3903 2388 4078 2442 isthic

2419 2487 2704 2558 loquitur,
2736 2504 2870 2542 cum
2929 2486 3257 2540 vehementi
3314 2486 3508 2539 studio
3570 2482 3944 2538 incumberet
4007 2480 4076 2532 ad

2419 2576 2893 2648 persuadendum
2928 2573 3273 2646 patriarcha:
3325 2573 3482 2645 quod
3528 2571 3776 2636 volebat,
3811 2569 3885 2623 ad
3915 2567 4079 2638 prius

2418 2675 2563 2730 illud
2607 2674 3020 2744 jusjurandum
3066 2671 3280 2741 lenius,
3333 2675 3503 2743 gestu
3554 2675 3785 2724 tantum
3818 2671 3878 2720 et
3919 2669 4078 2719 tactu

2420 2762 2732 2838 ἐγκολπίων
2825 2763 3168 2828 exercitum,
3255 2760 3370 2816 alia
3462 2759 3739 2815 horibilia
3824 2749 4077 2828 φρικώδη

2420 2853 2780 2925 adjunxisse,
2811 2853 2942 2908 dira
2968 2853 3076 2908 sibi
3112 2852 3390 2906 nimirum
3423 2848 3804 2920 imprecando
3828 2847 3878 2900 si
3915 2844 4080 2899 falle-

2420 2949 2526 3008 ret,
2567 2944 2942 3014 quo:certius
2992 2942 3205 2996 faceret
3253 2941 3430 2995 ﬁdem
3484 2939 3802 2993 dictorum.
3861 2933 4083 2989 Deinde

2419 3034 2508 3088 aio
2540 3034 2684 3088 istas
2712 3032 3035 3087 horrendas
3067 3030 3494 3086 exsecrationes
3542 3033 3599 3084 et
3629 3025 3843 3098 capitis
3906 3025 4080 3078 devo-

2417 3123 2607 3179 tiones
2656 3123 2766 3191 sui,
2829 3122 2900 3176 ab
2958 3119 3307 3192 Apocaucho
3366 3123 3507 3174 tunc
3559 3118 3769 3181 factas,
3828 3130 3950 3168 non
4015 3112 4085 3166 ad

656 3205 1227 3277 requediligentius;
1258 3224 1325 3263 ea
1347 3209 1517 3280 porro
1541 3211 1658 3265 sint
1684 3211 2051 3279 ejusmodiut
2074 3212 2184 3266 nisi
2206 3229 2301 3268 co-
2334 3240 2377 3307 α
2421 3217 2588 3284 pacta
2637 3210 2921 3282 nuptialia
2985 3209 3363 3281 pertinuisse,
3415 3208 3514 3264 sed
3565 3208 3635 3262 ad
3683 3209 3898 3260 cetera
3958 3217 4085 3272 qua

655 3299 997 3363 arguantur,
1025 3294 1218 3350 locum
1238 3301 1432 3352 tenere
1456 3316 1630 3353 suum
1660 3317 1725 3354 ac
1757 3301 1987 3370 probari
2010 3307 2302 3372 nequeant

657 3398 784 3452 quae
846 3389 1045 3438 noster
1102 3385 1488 3457 Pachymeres
1545 3387 1639 3442 hic
1689 3389 1966 3444 afﬁrmat.
2024 3393 2306 3445 Accenset

656 3473 737 3527 ibi
755 3474 1032 3529 nimirum
1051 3474 1628 3548 Ροιιὶιιουεέγκόλπια
1658 3480 1902 3548 nuptiali
1932 3481 2302 3551 supellectili,

654 3563 860 3618 arrhas
918 3568 975 3618 et
1020 3566 1288 3635 pronuba
1348 3569 1720 3637 munuscula,
1772 3585 1838 3623 ea
1890 3570 2302 3640 interpretans,

652 3659 930 3730 qualibus
963 3663 1071 3728 vir,
1106 3663 1320 3733 inquit,
1354 3680 1610 3732 sponsam
1639 3682 1731 3719 seu
1757 3682 1987 3720 uxorem
2017 3667 2127 3720 sibi
2153 3670 2304 3736 futu-

651 3767 770 3804 ram
802 3751 1170 3821 oppignerare
1199 3756 1598 3823 quodammodo
1645 3759 1947 3811 consuevit.
1990 3758 2054 3811 Et
2086 3758 2303 3811 mirum

651 3840 852 3894 statim
890 3840 944 3893 in
978 3841 1062 3911 [P.
1097 3841 1224 3913 379]
1257 3842 1462 3897 talium
1496 3861 1688 3898 rerum
1743 3861 1984 3899 numero
2017 3845 2304 3900 nominari

651 3929 962 3996 annulum,
1026 3948 1233 3986 manus
1283 3932 1483 4003 utique
1515 3950 1581 3989 ac
1639 3933 1952 4005 digitorum
1985 3940 2307 4005 gestamen,

651 4036 768 4073 non
803 4019 970 4074 sinus
1024 4036 1088 4074 ac
1142 4023 1412 4090 pectoris,
1449 4028 1621 4092 prout
1669 4029 1793 4078 erat
1841 4029 2187 4089 necesse,ut
2235 4025 2305 4078 ad

650 4105 983 4180 ἐγκολπίων,
1022 4125 1216 4164 rerum
1270 4128 1298 4165 e
1330 4111 1475 4166 collo
1523 4113 1578 4166 in
1642 4114 1840 4167 sinum
1902 4113 2305 4184 pendentium,

652 4197 900 4254 classem
951 4201 1284 4255 referretur.
1350 4202 1564 4257 Contra
1603 4220 1670 4258 ea
1715 4220 1822 4258 nos
1873 4204 2124 4258 dicimus
2174 4219 2306 4258 cum

651 4298 850 4342 nostro
919 4289 1266 4361 Pachymere
1342 4291 1603 4362 vulgaris
1672 4309 1814 4347 usus
1865 4310 1929 4347 ac
1989 4292 2308 4364 promiscui

649 4374 923 4451 ἐγκόλπια
982 4379 1187 4443 fuisse,
1249 4379 1713 4452 plurimumque,
1777 4399 1972 4437 avero
2016 4382 2306 4452 aberrare,

652 4468 790 4524 tali'a
820 4468 1013 4523 solum
1047 4487 1080 4523 a
1108 4470 1299 4540 procis
1332 4470 1389 4524 in
1423 4471 1679 4540 conjugii
1715 4471 1929 4542 pignus
1947 4473 2143 4538 data,a
2166 4472 2308 4527 solis

651 4563 891 4628 accepta
920 4562 1258 4629 gestataque
1295 4559 1774 4629 nupturientihus
1835 4561 2017 4616 fuisse
2050 4562 2305 4616 feminis.

649 4657 933 4712 Prmterea
1008 4658 1419 4712 contendimus
1480 4657 1781 4730 religionis
1838 4659 1954 4714 ista
2026 4659 2308 4730 insignia,

651 4764 768 4803 non
803 4745 1106 4801 muliebris
1141 4750 1368 4801 tantum
1418 4751 1519 4802 aut
1567 4747 1754 4803 civilis
1787 4752 2028 4803 ornatus
2061 4749 2306 4805 monilia

650 4838 874 4903 fuisse;
907 4836 1120 4908 quippe
1181 4853 1307 4907 qua:
1366 4837 1481 4890 θεῖα
1511 4835 1895 4909 ἐκτυπώματα,
1927 4838 2146 4893 divinas
2175 4841 2303 4908 for-

648 4945 768 4981 mas
797 4929 1121 4998 impressas
1155 4931 1256 4982 aut
1286 4927 1612 4998 insculptas
1647 4929 2068 5000 praeferrent,et
2099 4929 2303 4983 merito

647 5017 866 5072 idcirco
909 5023 1258 5072 vocarentur
1287 5016 1406 5090 ἱερὰ
1443 5019 1800 5090 περιάμματα
1847 5034 2006 5073 sacra
2035 5019 2300 5084 amuleta,

645 5107 930 5162 Putemus
944 5111 1141 5162 autem
1160 5107 1532 5178 illum,cujus
1547 5111 1986 5163 Cantacuzenus
2010 5107 2300 5175 meminit,

640 5202 1022 5254 Romanorum
1079 5213 1289 5252 morem
1343 5196 1633 5269 Ῥωμαίων
1691 5193 1812 5259 ἔθος
1871 5215 1985 5252 non
2020 5199 2090 5253 ad
2133 5202 2302 5267 pacta

645 5289 936 5359 nuptialia
988 5289 1220 5360 proprie
1281 5291 1640 5358 restrictum,
1694 5291 1792 5344 sed
1846 5290 1916 5344 ad
1965 5305 2135 5344 omne
2188 5289 2301 5343 late

645 5379 1006 5450 pertinuisse
1038 5379 1492 5434 conventionum
1523 5395 1729 5450 genus,
1774 5379 1855 5433 ita
1886 5383 1949 5432 ut
1971 5395 2038 5433 ex
2061 5395 2302 5433 consue-

644 5469 852 5524 tudine
882 5469 2048 5540 Constantinopolitanorum,quicunque
2069 5468 2298 5538 quidvis

648 5559 897 5613 invicem
961 5559 1346 5630 promiterent
1385 5577 1452 5614 ac
1485 5557 1953 5630 'stipularentur,
2013 5574 2188 5611 manu
2224 5559 2292 5612 ad

649 5657 854 5721 pectus
905 5653 1144 5705 admota
1174 5656 1230 5706 et
1275 5651 1557 5705 reverenti
1633 5654 1854 5704 attactu
1915 5648 2295 5719 pendentium

649 5741 768 5799 illic
801 5757 1101 5796 sacrorum
1129 5741 1523 5798 amuletorum
1553 5738 1795 5811 polliciti
1818 5739 1993 5796 ﬁdem
2020 5739 2295 5801 facerent;

2416 3303 2767 3374 persuadere
2800 3300 3140 3371 patriarcha:
3172 3299 3465 3370 cupiebat,
3514 3312 3724 3368 nempe
3769 3311 3915 3349 vera
3957 3307 4086 3347 esse

2413 3411 2540 3464 quae
2555 3394 2623 3447 de
2638 3390 2900 3446 consiliis
2912 3391 3099 3460 magni
3115 3389 3419 3444 domestici
3436 3383 4087 3459 patriarchamdejicere

2413 3483 2624 3538 throno
2640 3480 3136 3536 meditantisfalso
3158 3479 3665 3534 etcalumniosead
3682 3479 3884 3547 ipsum
3911 3482 4088 3550 patri-

2415 3571 2653 3628 archam
2670 3569 3042 3641 detulerat;ej
3055 3585 3242 3640 usque
3257 3569 3566 3625 calumnia
3581 3568 3823 3623 ulﬁdem
3842 3569 4082 3627 faceret.

2415 3687 2482 3725 ac
2516 3686 2578 3724 se
2601 3668 2684 3723 illi
2710 3668 2914 3723 intime
2953 3667 3220 3738 jugendo
3259 3665 3481 3721 fraudis
3517 3666 3709 3720 omnis
3731 3671 3919 3737 atque
3943 3668 4089 3722 insi-

2417 3759 2644 3813 diarum
2666 3758 3034 3828 suspiciones
3050 3754 3765 3820 amoliretur,afﬁnitatem
3782 3755 4085 3811 obtulerat

2416 3865 2519 3920 per
2542 3847 2780 3918 nuptias
2806 3863 2924 3901 suae.
2947 3845 3079 3899 ﬁlia:
3104 3861 3237 3900 cum
3263 3845 3382 3899 ﬁlio
3408 3843 3773 3914 patriarcha;
3797 3844 3857 3898 in
3881 3861 4082 3916 quam,

2416 3943 2481 3992 ut
2513 3943 2603 3993 est
2634 3937 2879 4004 dictum,
2909 3937 3028 4004 jam
3063 3936 3236 3989 ambo
3267 3937 3708 3998 consenserant,
3739 3937 3800 3986 et
3831 3949 4085 3989 consen-

2416 4043 2549 4081 sum
2601 4025 2980 4080 ﬁrmaverant
3029 4020 3096 4076 δι’
3146 4019 3454 4097 ἐγχολπίων
3506 4038 3608 4093 per
3635 4027 3866 4077 tactum
3904 4041 4083 4080 sacra:

2418 4116 2624 4184 iconis,
2659 4130 2838 4184 quam
2874 4120 3117 4183 uterque
3163 4113 3428 4184 ipsorum
3477 4113 3548 4166 de
3580 4128 3740 4166 more
3773 4119 3918 4168 ante
3953 4130 4084 4185 pec-

2417 4208 2514 4258 tus
2548 4203 2866 4274 pendulam
2919 4208 3194 4274 gestaret.
3248 4202 3437 4265 Quare
3477 4207 3626 4255 recte
3684 4199 3810 4255 haec
3872 4202 4086 4258 ultima

2418 4293 2592 4347 verba
2623 4292 2917 4346 Ponianus
2950 4292 3009 4345 in
3045 4294 3307 4346 nostram
3340 4289 3690 4344 sententiam
3725 4291 3816 4343 sic
3855 4293 4040 4346 vertit
4069 4309 4082 4346 :

2418 4381 2737 4453 Apomucho
2767 4383 2994 4452 insuper
3020 4383 3183 4451 caput
3229 4395 3391 4434 suum
3419 4378 3708 4434 horrendis
3737 4381 4086 4435 exsecratio-

2417 4472 2579 4525 nibus
2603 4472 2916 4536 devovente,
2951 4472 3013 4523 ni
3042 4471 3294 4524 sincerus
3344 4471 3432 4523 sit.
3467 4469 3549 4522 En
3581 4483 3697 4538 quo
3739 4474 4086 4539 spectarent

2421 4558 2645 4633 ὴὶὅρκοι
2677 4555 2970 4636 φρικώδεις
3004 4558 3267 4630 adjuncti
3299 4553 3604 4630 ἐμπεδώσει
3636 4552 3707 4609 δι’
3739 4555 4083 4631 ἐγκολπίων,

2419 4679 2535 4718 non
2557 4663 2684 4733 jam
2719 4663 2790 4717 ad
2824 4660 3124 4732 sponsalia
3146 4661 3460 4730 ﬁrmanda,
3492 4660 3595 4714 sed
3648 4660 3719 4714 ad
3753 4659 4079 4718 delationis

2415 4752 2702 4806 sinceram
2745 4750 3049 4806 veritatem
3107 4749 3600 4821 persuadendam.
3659 4748 3938 4820 Dedique
3988 4752 4079 4806 ob-

2414 4845 2606 4896 servet
2636 4841 2895 4911 prudens
2925 4839 3110 4894 lector
3138 4839 3464 4894 evidentem
3499 4842 3556 4893 et
3599 4838 4076 4909 irrefragabilem

2413 4931 2787 5002 horum,quaa
2820 4930 3468 4994 dixi,conﬁrmationem
3518 4945 3586 4983 ex
3615 4928 3745 5000 ipso
3787 4927 3906 4984 loci
3940 4946 4077 4986 con-

2413 5025 2614 5091 spectu
2663 5019 2857 5092 palam
2903 5023 3250 5076 exstantem.
3302 5019 3579 5076 Refertur
3615 5017 3674 5072 in
3729 5015 3834 5073 illo
3896 5020 4080 5076 citato

2412 5111 2660 5165 historia
2709 5110 3098 5166 Cantacuzeni
3148 5109 3338 5180 capite
3386 5107 3744 5179 colloquium
3789 5125 4075 5166 arcanum

2411 5199 2752 5271 Apocauchi
2811 5217 2947 5254 cum
3010 5197 3390 5272 patriarcha:
3453 5198 3607 5254 inter
3659 5197 3717 5251 id
3779 5197 3884 5253 ille
3942 5199 4075 5254 huic

2411 5288 2542 5342 ﬁliai
2573 5289 2820 5360 propriae
2851 5305 2985 5343 cum
3021 5289 3149 5359 ejus
3172 5287 3291 5342 ﬁlio
3325 5285 3561 5357 nuptias
3591 5285 3810 5341 obtulit
3842 5302 3857 5340 :
3896 5287 4075 5358 patri-

2412 5379 2590 5434 archa
2646 5378 3010 5442 admittente,
3070 5382 3307 5449 pactum
3364 5378 3435 5430 ab
3496 5381 3747 5448 utroque
3793 5382 4073 5432 mutuum

2413 5465 2483 5521 δι’
2513 5465 2819 5541 ἐγκολπίων
2864 5469 3165 5522 ﬁrmatum
3196 5471 3286 5521 est
3317 5466 3387 5521 ad
3424 5465 3657 5521 duobus
3703 5465 3980 5536 patribus
4007 5467 4074 5522 de

2406 5558 2729 5613 liberorum
2759 5557 3031 5629 conjugio
3058 5557 3116 5612 in
3149 5556 3360 5611 horum
3394 5554 3661 5612 absentia
3685 5555 4072 5628 transigend-

2407 5650 2519 5703 bus
2569 5649 2704 5719 jure
2755 5653 3016 5720 paterno.
3053 5650 3235 5713 Quem
3289 5645 3381 5700 hic
3413 5661 3548 5717 ergo
3597 5645 3793 5701 locum
3852 5645 4070 5701 habere

2408 5741 2542 5810 post
2594 5737 2904 5794 arrharum
2962 5734 3322 5809 nuptialium
3381 5737 3485 5788 aut
3544 5731 3803 5804 pronnbi
3861 5730 4068 5789 annuli
