4248 6438
167 429 305 486 1017

1626 428 2109 484 GLOSBLBIUM.

3431 423 3570 479 1018

163 570 427 636 traditio,
463 585 641 640 quam
677 570 768 625 hic
796 569 1085 641 interpres
1117 570 1391 642 cogitavit
1413 570 1442 625 ‘I
1469 571 1579 625 Sed
1615 571 1683 625 de
1713 570 1808 625 his
1840 554 1891 617 Α
1923 553 2188 642 expedi”
2219 557 2308 608 θεῖ
2341 553 2507 642 Ῡοῖῖξθ
2537 549 2716 642 εἶσιτά,
2738 550 3047 642 ἀί⁹,ίυπ¹,¹²¹’
3067 546 3324 642 ῗτξθσιτῖίν
3346 566 3378 603 θ’
3408 553 3563 642 ’,θθίίο

168 657 305 730 plus
337 658 504 713 satis.

236 767 302 837 [P
332 764 682 840 380]Εἱρκτή
718 768 898 841 χήθης
939 784 996 838 p.
1055 769 1182 822 247.
1241 768 1365 823 Νοη
1427 767 1626 822 dubito
1675 766 1816 836 quin

169 857 289 910 haec
313 856 576 910 scribens
600 857 880 910 habuerit
908 855 966 910 in
986 858 1181 912 animo
1205 856 1589 927 Pachymeres
1611 857 1816 909 Proco-

166 943 242 1014 pii
272 943 466 998 locum
500 943 537 998 l.
564 961 582 998 ι
615 945 689 999 De
721 946 857 999 belle
889 945 1104 1000 Persico
1135 962 1184 998 c.
1218 946 1273 1011 5,
1333 945 1433 1000 ubi
1498 945 1568 998 de
1632 945 1816 999 Persis

165 1031 631 1087 deliberantibus
665 1033 806 1103 quid
842 1035 914 1088 de
948 1050 1081 1106 rege
1113 1035 1339 1089 Cabade
1372 1035 1600 1089 redacto
1631 1033 1689 1087 in
1722 1049 1814 1087 or-

164 1120 363 1176 dinem
394 1121 797 1186 decernerent,
831 1127 1034 1177 auctor
1062 1123 1184 1177 ait:
1243 1122 1310 1178 Οι
1360 1119 1416 1175 δὲ
1471 1127 1672 1175 κτεῖναι
1725 1118 1821 1173 ἄν-

166 1204 264 1281 δρα
318 1206 597 1282 βασιλείου
628 1207 861 1282 αἳματος
892 1208 1005 1264 οὐδ’
1040 1206 1300 1284 ἔγνωσαν,
1329 1207 1456 1264 ἀλλ’
1485 1207 1537 1263 ἐν
1571 1210 1818 1285 φρουρίῳ

163 1297 459 1370 καθεῖρξαι,
519 1296 652 1370 ὅπερ
707 1305 806 1366 τῆς
856 1297 1040 1368 λήθης
1098 1299 1284 1352 καλεῖν
1335 1297 1694 1370 νενομίκασιν·
1753 1298 1819 1365 ἦν

163 1383 261 1458 γάρ
292 1406 374 1445 τις
406 1385 630 1439 ὶνταῦθα
679 1382 980 1458 ἐμϐληθεὶς
1028 1386 1171 1460 τύχῃ
1200 1387 1298 1440 οὐκ
1327 1384 1402 1440 ἔτι
1454 1387 1625 1456 νόμος
1671 1386 1817 1461 σφίσι

162 1475 382 1547 γνήμην
441 1475 609 1528 αὐτοῦ
664 1475 819 1540 εἶναι,
875 1475 1022 1529 ἀλλὰ
1085 1477 1312 1538 θάνατος
1372 1477 1450 1547 τῷ
1509 1475 1817 1544 ὡνομακότι

163 1564 197 1629 ἡ
261 1562 450 1632 ζημία.
507 1564 600 1617 Διὸ
656 1565 746 1617 καὶ
779 1565 878 1632 τὴν
935 1564 1248 1636 ἐπωνυμίαν
1280 1563 1480 1632 ταύτην
1515 1565 1648 1638 πρὸς
1683 1569 1820 1635 Περ-

163 1653 268 1703 σῶν
305 1648 526 1726 ἔλαχεν.
567 1655 678 1708 lloc
709 1658 797 1709 est
827 1671 895 1709 ex
917 1655 1238 1709 novissima
1271 1655 1493 1725 optima
1523 1653 1817 1707 versione:

163 1742 507 1797 Abhorruere
564 1743 718 1798 556
795 1748 976 1798 tamen
1032 1760 1227 1798 eorum
1283 1742 1463 1796 animi
1513 1745 1581 1796 ab
1639 1743 1814 1812 eﬁ'un-

164 1829 338 1884 dendo
370 1833 515 1901 regio
542 1833 836 1902 sanguine,
865 1831 1110 1903 satisque
1169 1833 1481 1886 habuerunt
1538 1845 1824 1885 asservare

168 1919 439 1974 Cabadem
483 1920 544 1974 in
592 1922 822 1976 castello
869 1921 1187 1986 oblivionis,
1218 1925 1297 1975 ita
1354 1921 1502 1974 dicto
1558 1937 1630 1974 ea:
1680 1921 1818 1987 lege,
1851 1918 1897 1981 B

166 2023 294 2078 quz
322 2008 386 2062 de
410 2025 470 2063 eo
500 2011 594 2079 qui
623 2012 796 2079 fuerit
830 2010 965 2065 illuc
998 2011 1274 2077 coniectus
1330 2012 1672 2064 mentionem
1719 2026 1818 2062 un-

165 2113 334 2166 quam
362 2098 488 2165 ﬂeri
509 2101 676 2164 velat,
704 2115 865 2169 poma
923 2099 1092 2153 etiam
1139 2101 1377 2169 capitali
1411 2100 1479 2152 iis
1539 2101 1821 2167 proposita

164 2186 260 2254 qui
287 2184 467 2255 ipsius
488 2202 686 2242 nomen
706 2188 1060 2256 pertulerint.
1087 2188 1219 2255 Qui?
1238 2203 1412 2241 causa
1432 2187 1547 2257 fuit
1570 2187 1820 2258 appella-

164 2273 334 2329 tionis
363 2274 845 2344 ejusmodi.Vides
879 2277 936 2329 in
968 2276 1080 2342 his,
1118 2281 1182 2329 ut
1241 2293 1385 2342 rem,
1440 2275 1524 2330 sic
1566 2275 1820 2345 appella-

167 2361 389 2416 tionem
425 2360 645 2436 εἱρκτῆς
688 2359 832 2431 λήθη
868 2381 934 2418 ex
970 2364 1204 2418 Per-side
1227 2365 1474 2418 venisse.
1514 2368 1579 2417 Et
1641 2365 1820 2417 tuisse

163 2451 245 2505 ibi
277 2451 510 2507 videtur
529 2458 686 2507 certa
717 2455 1008 2518 custodia,
1043 2454 1096 2506 in
1134 2471 1309 2522 quam
1368 2453 1462 2522 qui
1517 2455 1816 2517 darentur,

164 2540 234 2594 de
268 2541 340 2595 iis
387 2541 745 2596 mentionem
797 2543 1007 2597 deinde
1071 2545 1282 2596 int‘trre
1340 2543 1515 2595 ullam
1574 2542 1818 2610 capitale

165 2629 332 2684 foret.
364 2629 493 2684 Pari
527 2630 792 2699 exemplo
825 2631 1147 2701 imperator
1184 2630 1399 2685 Michal
1432 2630 1817 2701 Palzrologus,

167 2719 292 2790 Qui,
316 2719 458 2772 dum
483 2724 638 2773 esset
664 2720 944 2789 privatus,
971 2721 1025 2772 in
1045 2721 1280 2774 Perside
1299 2720 1503 2776 fuerat.
1531 2726 1593 2773 ut
1613 2720 1820 2775 Noster

167 2809 336 2862 docet
368 2807 405 2862 l.
441 2825 480 2870 ι.
513 2808 745 2862 videtur
779 2808 1106 2863 imitatione
1141 2827 1285 2863 usus
1315 2826 1490 2880 quem
1520 2809 1598 2864 ibi
1625 2809 1816 2864 visum

169 2897 540 2966 probaverat,
569 2896 898 2952 instituisse
933 2903 995 2952 ut
1034 2915 1183 2968 quos
1243 2898 1524 2953 Niczeensi
1586 2898 1815 2953 cuidam

161 2984 392 3039 carceri
423 2984 842 3056 mancipasset,
868 2986 924 3040 in
959 2991 1302 3057 perpetuum
1338 2987 1417 3041 ibi
1461 2993 1818 3053 tenerentur,

169 3088 276 3128 nec
308 3072 624 3144 quisquam
648 3091 813 3129 orare
839 3092 940 3145 pro
986 3076 1058 3129 iis
1108 3082 1208 3130 aut
1264 3076 1506 3130 omnino
1556 3082 1820 3147 satagere

160 3161 252 3216 vel
300 3164 597 3217 mentione
655 3168 827 3217 tenus
885 3165 1142 3218 auderet.
1204 3169 1366 3218 Hanc
1433 3165 1818 3219 imitationem

1923 640 2154 712 προσιτά
2191 640 2526 710 accessibile,
2561 645 2624 694 ut
2674 635 2870 690 εἲσιτόν
2937 637 3225 709 signiticet
3253 636 3565 693 introduci-

1927 730 2056 794 bile,
2086 735 2149 784 ut
2169 731 2250 786 sic
2270 733 2480 798 dicam,
2508 731 2593 789 vel
2613 729 2893 783 introduci
2907 728 3156 799 dignum,
3182 730 3350 800 quasi
3369 728 3562 782 dicere

1923 817 2157 884 vellent,
2184 820 2534 890 quastiones
2569 835 2693 888 quae
2728 835 2759 873 a
2791 821 2977 873 Vecco
3019 823 3409 884 moverentur,
3447 833 3563 869 non

1925 926 2052 964 esse
2075 911 2279 980 dignas
2301 929 2426 982 qua:
2447 909 3026 966 introducerenturin
3051 911 3289 964 domum
3316 908 3439 974 Dei,
3458 906 3569 961 hoc

1925 1005 2014 1053 est
2072 999 2396 1055 ecclesiam.
2451 1003 2532 1054 An
2591 1001 2785 1070 potius
2840 997 3309 1053 existimabimus
3375 991 3565 1063 εἷσιτά,

1927 1088 2182 1157 positum
2224 1105 2326 1160 pro
2385 1086 2601 1155 εἰσιτὲα,
2660 1106 2725 1143 eo
2785 1104 2964 1141 sensu
3009 1090 3071 1139 ut
3126 1102 3336 1156 negare
3392 1083 3572 1138 velint

1925 1176 2349 1232 introducenda
2377 1178 2498 1232 haec
2524 1177 2704 1233 fuisse
2726 1177 2785 1232 in
2821 1177 3168 1242 Ecclesium,
3195 1174 3410 1246 quippe
3441 1189 3568 1243 quis

1929 1266 2058 1334 ejus
2090 1267 2346 1338 quietem
2382 1269 2710 1322 turbarent.

1996 1361 2302 1432 Ἕκκλητον
2353 1382 2406 1435 ρ.
2454 1366 2577 1420 375.
2629 1364 2731 1418 Hic
2789 1363 3100 1418 manifeste
3164 1361 3226 1415 τὸ

1927 1459 2097 1507 sonat
2119 1472 2215 1524 με
2242 1458 2660 1525 provocationis.
2700 1454 2968 1524 Alioquin
3006 1453 3197 1507 inanis
3236 1457 3391 1506 esset
3450 1465 3573 1519 quae

1927 1541 2164 1596 affertur
2195 1545 2340 1597 ratio
2372 1545 2440 1596 ad
2475 1544 2623 1600 557
2660 1543 2996 1596 leniendum
3041 1539 3103 1611 [P
3152 1541 3277 1611 381]
3333 1554 3575 1592 conces-

1928 1631 2112 1685 sionis
2144 1631 2323 1698 huius
2353 1631 2813 1686 incommodum.
2848 1631 3064 1700 Nempe
3111 1631 3266 1700 quod
3308 1627 3419 1682 tale
3447 1627 3572 1696 jus,

1928 1717 2062 1772 licet
2095 1737 2127 1773 a
2177 1720 2386 1775 Graecis
2437 1736 2806 1782 concessum,
2862 1719 3323 1789 haudquaquam
3376 1721 3571 1770 tamen

1929 1808 2393 1878 redigendumin
2419 1809 2643 1879 praxim
2666 1807 3000 1873 videretur;
3027 1806 3257 1861 nemine
3278 1803 3570 1859 verisimi-

1928 1896 2062 1953 liter
2091 1909 2361 1954 curaturo
2384 1900 2641 1953 conferre
2673 1915 2735 1953 se
2767 1895 3269 1967 Constantinopoli
3324 1895 3568 1950 Romam

1931 1986 2219 2042 laborioso
2251 1993 2308 2042 et
2357 1987 2685 2058 periculoso
2732 1991 2816 2042 tot
2865 1986 3114 2040 marium
3169 1985 3439 2055 trajectu,
3501 1983 3570 2034 ad

1930 2076 2087 2132 litem
2124 2095 2290 2132 suam
2317 2077 2721 2148 provocatione
2753 2076 2890 2130 illuc
2913 2076 3254 2130 translatam
3280 2074 3359 2127 ibi
3380 2088 3573 2142 perse-

1929 2167 2244 2235 quendam.
2269 2166 2370 2220 Est
2400 2182 2536 2235 ergo
2569 2166 2691 2219 sine
2719 2163 2894 2219 dubio
2916 2162 2976 2216 τὸ
3000 2157 3291 2229 ἔκκλητον,
3319 2162 3418 2230 jus
3439 2177 3572 2229 pro-

1925 2255 2240 2308 vocationis
2273 2253 2533 2324 ajudicio
2557 2253 2904 2324 patriarchas
2933 2249 3569 2320 Constantinopolitani

1926 2354 1980 2399 et
2015 2343 2260 2398 aliorum
2297 2343 2679 2397 Orientalium
2712 2343 2781 2396 ad
2808 2342 3138 2412 pontificem
3196 2341 3519 2394 Romanum
3552 2358 3565 2404 ;

3305 1358 3570 1428 ἔκκλητον

1927 2435 2095 2499 cujus
2121 2434 2274 2502 juris
2300 2433 2518 2503 agnitio
2554 2432 2951 2502 professioque
2976 2447 3156 2486 unum
3180 2433 3304 2483 erat
3338 2430 3569 2481 etri'nus

1926 2520 2232 2591 {ozecipuis
2266 2520 2549 2590 capitibus
2583 2536 2706 2589 quae
2765 2520 2832 2572 ad
2883 2517 3255 2572 ecclesiarum
3291 2515 3570 2569 consilia-

1926 2611 2142 2664 tit-nem
2195 2629 2225 2663 a
2270 2609 2488 2662 Grecis
2538 2608 2942 2677 exigebantur.
2978 2607 3055 2660 Ea
3085 2605 3276 2676 capita
3325 2604 3415 2657 his
3466 2603 3568 2655 tri-

1926 2700 2036 2753 bus
2069 2699 2257 2752 verbis
2283 2696 2742 2768 designabantur
2771 2695 2833 2747 τὸ
2884 2697 3177 2766 πρωτεῖον,
3236 2692 3297 2744 τὸ
3361 2689 3573 2760 μνημὸο

1926 2808 2103 2854 συνον,
2133 2787 2195 2841 τὸ
2227 2786 2509 2856 ἔκκλητον.
2564 2787 2855 2842 Primatus
2881 2802 3062 2855 papae,
3095 2785 3359 2853 ejusdem
3421 2781 3571 2834 inter

1926 2895 2092 2932 sacra
2117 2877 2347 2945 publica
2377 2875 2877 2942 commemoratio,
2911 2878 3204 2944 postremo
3230 2873 3332 2941 jus
3368 2869 3570 2940 appel-

1926 2966 2158 3021 lationis
2180 2969 2250 3020 ad
2275 2967 2542 3020 eumdem
2563 2982 2595 3018 a
2617 2963 2924 3019 sententiis
2951 2961 3310 3030 synodorum
3334 2964 3436 3014 aut
3468 2976 3566 3029 pa-

1927 3054 2336 3110 triarcharum.

1997 3151 2453 3223 Ἑλλησποντίας.
2490 3171 2544 3224 ρ.
2578 3154 2701 3207 396.
2751 3151 2920 3207 Venti
2983 3167 3218 3217 nomen,
3270 3153 3335 3204 ut
3393 3149 3568 3221 ἀπαρ-

164 3249 363 3305 innuit
397 3250 679 3321 particula
704 3251 1113 3307 similitudinis
1137 3251 1230 3318 ὡς,
1265 3254 1534 3308 indicans
1557 3254 1816 3308 Niczeen-
1848 3265 1890 3331 ρ
1927 3241 2097 3305 κτίας.
2133 3245 2353 3299 Ventus
2372 3243 2683 3299 Vehemens
2707 3242 2941 3296 “amab
2964 3240 3355 3310 Hellespomo-

162 3356 286 3394 sem
322 3340 650 3395 custodiam
685 3340 1005 3411 Palaaologo
1036 3341 1211 3396 fuisse
1272 3359 1374 3412 pro
1407 3359 1535 3396 arce
1590 3346 1690 3396 aut
1720 3359 1817 3397 ca-

163 3428 358 3497 stello,
380 3445 556 3499 quam
576 3429 758 3484 Persa:
778 3431 1705 3502 vocabantnomineequivalente
1726 3432 1819 3486 his

163 3517 381 3572 Graecis
403 3517 644 3573 vocibus
669 3517 928 3591 φρούριον
953 3517 1152 3588 λήθης.
1179 3521 1320 3574 Nam
1341 3538 1453 3576 non
1471 3526 1558 3575 est
1575 3521 1816 3575 audien-

163 3607 278 3662 dus
299 3607 755 3679 Christophorus
781 3613 1058 3678 Persona,
1084 3611 1226 3664 dum
1252 3610 1330 3665 ibi
1355 3609 1610 3685 φρούριον
1643 3607 1819 3678 λήθης

164 3696 372 3751 Latine
394 3695 586 3750 reddit
614 3697 922 3752 custodiam
953 3714 1078 3770 quae
1109 3699 1261 3753 lethe
1294 3700 1605 3764 vocabatur,
1648 3699 1818 3770 quasi

163 3781 311 3853 λήθη
352 3784 493 3839 lethe
523 3785 844 3854 Persicum,
881 3804 994 3842 non
1022 3787 1285 3842 Graecum
1337 3787 1683 3842 vocabulum
1720 3788 1816 3842 sit.

159 3872 330 3927 Haud
351 3873 526 3942 paulo
545 3876 895 3944 prudentius
915 3875 1155 3930 ultimus
1174 3885 1571 3947 lempore,non
1590 3877 1815 3946 merito,

160 3959 457 4030 interpres
481 3963 744 4033 Procopii
767 3961 1048 4018 Claudius
1073 3964 1377 4019 Maltretus
1406 3969 1603 4019 noster
1651 3964 1817 4038 φρού-

162 4067 282 4122 ριον
316 4046 496 4118 λήθης
523 4051 827 4107 castellum
855 4054 1148 4108 oblivionis
1183 4054 1377 4108 Latine
1422 4054 1692 4109 reddidit.
1756 4055 1815 4107 In

159 4154 280 4210 quo
312 4139 496 4194 videri
535 4141 722 4210 possit
751 4141 800 4195 si
832 4158 970 4195 casu
1005 4143 1259 4211 quodam
1296 4143 1586 4213 praeivisse
1615 4141 1813 4197 Pachi-

164 4244 382 4295 meres,
416 4229 557 4283 dum
589 4228 626 4283 l.
663 4247 738 4294 IV,
763 4230 833 4284 de
867 4230 980 4285 isto
1014 4232 1216 4286 eodem
1259 4248 1440 4303 agens
1496 4232 1814 4303 ergastulo,

163 4316 223 4371 in
259 4317 417 4387 quod
451 4333 520 4371 ea
578 4318 914 4373 conditione
973 4320 1282 4374 subibatur
1335 4325 1400 4375 ut
1447 4322 1611 4376 nefas
1663 4325 1816 4376 esset

159 4403 304 4458 illuc
355 4403 535 4460 semel
592 4404 1062 4462 introductorum
1149 4409 1444 4476 memisse,
1498 4409 1641 4463 illud
1717 4405 1812 4461 κᾶ-

160 4512 323 4567 στρον
356 4502 602 4548 castrum
633 4495 752 4550 sive
782 4498 1064 4551 castellum
1095 4496 1588 4568 ἀντονομαστικῶς;
1612 4497 1814 4570 appel-

2022 3339 2407 3415 Ἐναιθριάζειν
2460 3359 2520 3414 p.
2584 3342 2705 3394 405.
2768 3340 2891 3393 Non
2970 3343 3057 3394 est
3128 3338 3222 3393 hic
3301 3333 3571 3408 ἐλαιθριά-

1927 3437 2032 3501 ζειν
2080 3436 2178 3490 sul»
2221 3436 2309 3490 dio
2352 3451 2466 3490 esse
2501 3451 2513 3489 :
2578 3449 2809 3489 summa
2858 3431 3012 3485 enim
3051 3435 3269 3494 aestate,
3309 3433 3373 3482 ut
3428 3437 3570 3482 tunc

1924 3531 2066 3589 erat,
2097 3525 2420 3578 meridiano
2455 3523 2574 3578 sole
2607 3524 2883 3588 fervente,
2911 3522 3066 3576 haud
3096 3524 3251 3574 esset
3281 3517 3381 3572 illa
3411 3533 3570 3571 com-

1927 3615 2101 3667 moda
2132 3612 2323 3668 statio.
2362 3611 2808 3682 intelligendum
2853 3627 2989 3682 ergo
3048 3610 3456 3679 imperatorem
3492 3607 3560 3659 ad

1924 3718 2125 3755 auram
2157 3718 2187 3754 e
2220 3700 2660 3772 septentrionali
2693 3700 2836 3755 forte
2864 3704 3096 3771 patente
3132 3699 3385 3752 fenestra
3415 3695 3560 3748 flan-

1923 3793 2040 3842 tem
2077 3789 2255 3853 frigus
2288 3794 2575 3861 captasse.
2610 3794 2724 3844 Aut
2755 3790 2803 3844 si
2836 3788 3046 3859 frigore
3065 3787 3216 3841 aeris
3240 3800 3483 3840 cameras
3508 3784 3560 3838 vi

1923 3894 1955 3930 a
1978 3878 2104 3933 caeli
2126 3880 2329 3933 ardore
2352 3878 2574 3933 defensi
2598 3878 2813 3932 clausis
2835 3875 3102 3932 fenestris
3117 3874 3410 3936 utebatur,
3431 3869 3565 3924 ἐναι.

1923 3967 2156 4041 θριάζειν
2213 3987 2315 4041 pro
2366 3969 2691 4038 refrigerari
2745 3970 2997 4040 positum
3053 3966 3273 4030 fuerit;
3343 3978 3411 4017 ex
3494 3978 3561 4016 eo

1922 4061 2078 4132 quod
2115 4058 2462 4128 plerumque
2487 4059 2604 4126 ﬁat,
2633 4062 2697 4111 ut
2725 4074 2852 4127 quae
2885 4056 2996 4110 sub
3028 4054 3168 4109 caelo
3226 4056 3425 4122 aperto
3458 4051 3561 4120 ja-

1922 4156 2053 4207 cent
2086 4148 2521 4219 refrigerentur,
2557 4146 2840 4201 translato
2863 4163 2928 4201 eo
2960 4146 3133 4200 verbo
3155 4146 3328 4198 etiam
3367 4141 3435 4195 ad
3474 4157 3561 4193 re-

1922 4238 2358 4311 lrigerationem
2387 4251 2511 4305 quae
2544 4233 2712 4288 aliter
2743 4232 2951 4288 evenit.
2987 4234 3043 4287 L.
3071 4249 3148 4297 vr,
3191 4247 3240 4284 c.
3281 4229 3370 4295 29,
3400 4244 3561 4281 men-

1917 4331 1996 4383 tio
2031 4330 2093 4382 fit
2117 4322 2306 4383 ὕδατος
2339 4321 2812 4392 ἐξαιθριαζομὲνου
2869 4338 3027 4392 aqua
3083 4320 3182 4375 sub
3239 4317 3328 4371 dio
3386 4318 3561 4385 refrt-

1916 4425 2113 4489 geratw
2147 4434 2159 4483 ;
2195 4414 2371 4486 quod,
2390 4417 2448 4467 et
2470 4412 2516 4466 si
2544 4417 2684 4466 tunc
2712 4427 2944 4483 quoque
2967 4414 3140 4464 aestas
3161 4411 3306 4470 erat,
3332 4403 3560 4458 facilius

1917 4505 2269 4577 intelligitur
2293 4521 2395 4575 per
2424 4507 2654 4556 noctem
2688 4502 2929 4556 factum.
2959 4502 3029 4553 At
3057 4499 3164 4553 hoc
3188 4503 3311 4551 loco
3344 4496 3562 4548 diserta

158 4582 262 4638 lat.
298 4584 440 4638 Cum
474 4583 630 4638 enim
665 4584 734 4638 de
765 4583 1072 4641 Barlaamo
1126 4588 1404 4658 quodam,
1439 4587 1686 4658 inquieti
1746 4604 1811 4642 ac
1838 4632 1886 4696 D
1920 4600 1983 4652 ﬁt,
2013 4596 2127 4652 dici
2187 4594 2428 4660 mentio,
2490 4608 2624 4647 cum
2667 4591 3069 4661 designatione
3117 4586 3268 4642 hom
3315 4583 3563 4656 pomeri-

159 4669 418 4696 ..η-..-ηιξ
453 4669 669 4696 ἔκηε-,ξε
705 4671 939 4696 ικκηε..-
999 4673 1289 4696 _-L__I!-__L
1329 4675 1649 4696 .1-__-__:__.-
1705 4674 1778 4696 Ξ...
1935 4688 1972 4696 --

159 4669 422 4741 suspecti
452 4669 671 4742 ingenii
705 4671 964 4743 homine,
999 4673 1293 4729 retulisset
1325 4675 1654 4730 decrevisoe
1704 4674 1809 4728 im-

157 4762 491 4829 peratorem
516 4759 768 4815 eximere
798 4759 911 4815 sibi
933 4761 1114 4817 semel
1146 4779 1379 4818 omnem
1405 4763 1461 4817 in
1507 4768 1806 4834 posterum

156 4849 232 4904 de
288 4847 390 4902 illo
444 4852 668 4904 metum
714 4849 1197 4920 sollicitudinem,
1244 4868 1360 4923 quo
1420 4853 1476 4907 id
1534 4868 1808 4923 asseque-

157 4941 343 5004 retur,
377 4937 462 4993 ait
491 4937 837 5010 praecepisse
869 4940 1101 4995 cuidam
1134 4958 1164 4996 e
1197 4942 1310 4998 sibi
1343 4942 1650 4998 ﬁdissimis
1676 4959 1808 4997 eum

155 5025 414 5081 Nicaeam
447 5027 760 5094 abducere,
795 5044 861 5083 ac
883 5029 958 5083 ibi
993 5028 1099 5100 πρὸ
1127 5032 1223 5082 τοῦ
1255 5029 1330 5091 εἰς
1379 5030 1611 5102 κάπρον
1663 5029 1811 5084 εἰσα-

154 5117 347 5188 γαγεῖν
379 5120 657 5188 στερῆσαι,
689 5117 796 5169 τῶν
836 5113 1161 5192 ὀφθαλμῶν,
1217 5121 1548 5192 priusquam
1603 5121 1667 5176 in
1720 5137 1810 5175 ca-

154 5203 383 5260 stellum
415 5203 815 5273 indroduceret,
834 5207 1007 5261 oculis
1033 5210 1273 5279 privare.

233 5309 427 5366 Εἰσιτά
455 5329 512 5383 p.
544 5313 678 5374 478.
727 5311 908 5368 Multa
955 5321 1076 5370 toto
1139 5316 1247 5371 hac
1309 5322 1598 5372 commate
1651 5316 1810 5390 ἀνάρ-

158 5410 297 5464 τητα
325 5405 382 5455 et
412 5401 656 5457 invicem
701 5402 1024 5459 inconuexa
1081 5412 1395 5477 ponuntur.
1460 5406 1808 5478 Exprimun-

163 5493 263 5546 tur
293 5489 449 5545 enim
473 5490 742 5562 carptim,
768 5492 910 5547 solis
929 5493 1114 5548 initiis
1137 5496 1562 5551 sententiarum
1588 5495 1810 5551 deliba-

159 5577 259 5646 tis,
295 5595 423 5650 quae
458 5579 660 5648 Graeci,
695 5597 896 5652 pacem
931 5598 1063 5638 cum
1102 5586 1320 5641 Latinis
1348 5586 1499 5640 haud
1532 5602 1598 5640 ex
1615 5585 1810 5640 animo

161 5669 502 5741 probantes,
535 5669 593 5724 in
626 5670 867 5742 scriptis
899 5671 1067 5728 Vecci
1101 5673 1626 5746 reprehendebant.
1660 5674 1808 5741 Quid

159 5762 356 5815 autem
389 5757 486 5818 hic
522 5764 694 5817 sonet
721 5765 825 5817 aut
852 5760 994 5833 quid
1024 5762 1077 5820 si
1115 5780 1224 5822 vox
1279 5761 1474 5836 ιΐσιτᾶ,
1532 5763 1690 5820 haud
1747 5765 1809 5821 in

1918 4688 2125 4744 dianae.

1992 4781 2240 4854 Ἐνδυτή,
2305 4799 2361 4853 p.
2412 4779 2537 4834 385.
2595 4779 2767 4836 Recte
2816 4779 3111 4835 Meursius
3174 4778 3339 4832 docet
3412 4768 3563 4826 ἐνδυ-

1917 4875 2015 4945 τήν
2041 4892 2168 4931 esse
2199 4885 2541 4944 supremum
2575 4886 2751 4925 sacrae
2777 4887 2990 4926 mensae
3044 4868 3381 4923 instratum.
3445 4863 3565 4917 Pri-

1921 4982 2085 5020 mum
2119 4963 2276 5020 enim
2313 4958 2751 5014 insternebatur
2793 4976 2902 5013 arae
2951 4957 3106 5031 quod
3155 4955 3368 5011 dicitur
3415 4951 3564 5004 ἄντι-

1925 5056 2162 5126 μίνσιον,
2212 5068 2382 5110 sacra
2446 5068 2678 5126 mappa,
2727 5055 2867 5105 tunc
2925 5052 3158 5104 tantum
3234 5043 3564 5100 necessario

1922 5147 2276 5219 imponenda
2295 5145 2486 5216 altari,
2521 5143 2755 5214 quando
2796 5157 2911 5196 non
2943 5138 3251 5194 constabat
3299 5153 3369 5190 an
3421 5134 3564 5189 illud

1922 5237 2130 5292 fuisset
2150 5240 2582 5293 consecratum.
2609 5234 2797 5303 Supra
2823 5231 2991 5298 illud,
3021 5235 3121 5285 aut
3139 5245 3319 5301 supra
3342 5228 3562 5282 nudam

1921 5344 2080 5384 aram
2114 5334 2267 5383 certo
2327 5329 2641 5386 sacratam,
2692 5323 3112 5379 extendebatur
3168 5321 3225 5376 in
3283 5336 3567 5393 praepara-

1922 5408 2078 5464 tione
2128 5409 2382 5464 sacriﬁci
2434 5406 2705 5472 linteum,
2771 5404 2924 5476 quod
2987 5402 3364 5475 appellabant
3402 5398 3565 5454 κατά-

1922 5517 2113 5572 σαρκα,
2147 5515 2328 5570 supra
2377 5495 2532 5567 quod
2593 5493 2859 5549 videlicet
2913 5491 3128 5566 ἀμισως
3185 5509 3399 5565 corpus
3445 5488 3566 5545 sive

1921 5604 2054 5644 caro
2088 5587 2315 5645 Domini
2355 5586 2414 5640 in
2461 5583 2820 5640 eucharistia
2870 5589 3003 5656 post
3058 5585 3562 5642 consecrationem

1922 5693 2182 5749 prasens
2215 5674 2628 5734 reclinahatur.
2690 5673 2750 5729 Id
2794 5674 2986 5731 velum
3043 5676 3324 5748 corporale
3381 5675 3564 5732 Latini

1926 5783 2219 5827 vocamus.
2253 5766 2369 5825 Nec
2389 5763 2524 5839 plus
2547 5769 2670 5820 erat
2698 5762 2759 5819 in
2789 5763 2920 5835 ipsa
2944 5767 3245 5825 functione
3267 5764 3560 5823 sacriﬁcii.
