4248 6438
645 385 784 443 1019

642 596 801 671 δοτῇ,
825 600 1021 653 textus
1052 596 1401 667 plerumque
1446 592 1784 666 magniﬁci;
1844 593 1999 649 unde
2043 591 2102 646 in
2161 588 2294 645 illos

638 704 746 743 usu
798 686 1054 759 pretiosa
1106 684 1368 757 stragula
1435 684 1851 752 offerebantur,
1912 680 2107 752 qualis
2172 678 2295 733 haac

641 777 752 831 fuit
780 770 971 842 ἑνδυτή
1007 774 1079 829 ab
1112 774 1464 844 imperatore
1494 770 1772 829 Michaele
1808 768 2124 839 Palaeologo
2176 768 2293 839 pri-

644 883 809 922 mum
842 882 1056 938 magno
1106 863 1326 937 templo
1382 865 1438 918 S.
1497 862 1729 935 SOphiaa
1789 862 2026 930 donata,
2087 858 2295 914 deinde

641 956 817 1010 etiam
842 957 914 1010 ad
948 954 1283 1026 pontiﬁcem
1307 953 1639 1008 Romanum
1671 952 1874 1006 missa.
1902 948 2189 1007 Credibile
2209 952 2298 1003 est

641 1061 710 1099 ex
741 1044 851 1100 isto
895 1048 1085 1114 tapete
1115 1058 1295 1113 super
1325 1057 1489 1097 aram
1542 1040 1825 1111 explicato
1880 1038 2141 1110 speciose
2196 1053 2296 1108 pe—

651 1131 928 1203 pendisse
959 1131 1017 1185 in
1056 1132 1303 1186 frontem
1338 1128 1542 1184 altaris
1568 1127 1853 1192 ﬁmbrias,
1894 1126 2171 1181 tuborum
2196 1129 2298 1180 aut

642 1219 912 1275 nolarum
969 1218 1058 1275 vel
1120 1218 1295 1273 etiam
1347 1216 1641 1273 malorum
1693 1216 1901 1272 formis
1947 1216 2294 1282 distinctas;

646 1317 801 1370 unde
842 1315 1166 1388 Hesychius
1226 1310 1471 1383 ἒνδύταν,
1514 1314 1563 1369 si
1625 1313 1956 1369 forteidem
2018 1330 2153 1369 cum
2208 1307 2296 1365 ἐν·

644 1400 778 1475 δοτῇ
812 1403 912 1467 sit,
949 1401 1201 1457 αὐλωτόν
1234 1403 1464 1468 dixerit,
1522 1402 1816 1474 quomodo
1870 1398 2153 1460 αύλωτοὺς
2207 1419 2295 1476 φι-

647 1489 783 1562 μούς
817 1490 1015 1547 Pollux
1056 1495 1344 1546 memorat
1399 1489 1503 1545 lib.
1553 1507 1609 1555 x,
1670 1489 1766 1545 ubi
1809 1490 1877 1543 de
1936 1488 2297 1544 ornamentis

644 1595 953 1649 equorum.
988 1579 1320 1634 Ἐκαλοῦντο
1352 1574 1410 1631 δὲ
1447 1596 1610 1646 τινεςτ
1655 1578 1848 1648 inquit
1906 1577 2061 1635 558
2119 1573 2298 1630 αὐλω-

641 1667 727 1721 τοὶ
761 1666 921 1744 φιμοὶ
977 1664 1067 1720 διὰ
1112 1666 1175 1719 τὸ
1232 1662 1495 1729 κώδωνας
1551 1659 1697 1739 ἔχειν
1742 1664 2182 1739 ἐπηρτημένους,
2214 1665 2297 1726 οἷς

641 1753 1121 1829 ἐγχρεμετίζοντες
1189 1752 1354 1808 ’ίπποι
1431 1754 1578 1829 ἦχον
1652 1752 1871 1808 ἐποίουν
1957 1752 2297 1828 προσόμοιον

1719 384 1781 436 Ρ.
1819 378 2097 437 ΡωΒῙΝΙ
2130 374 2743 437 ΟΒΒΕΒῨΔἸἸΟΝΠΜ
2780 388 2911 441 LIB.
2953 388 2998 438 Ι.

642 515 715 565 At
747 512 878 581 post
935 507 1129 579 ipsam
1188 522 1291 562 ara
1345 504 1725 578 operiebatur
1778 499 2149 575 tapete'"sive
2205 496 2288 551 lv-

2413 506 2776 574 :onfeasoris,
2843 509 2946 581 qui
3025 523 3206 581 agens
3274 506 3348 560 de
3434 491 3815 571 ἀντιμινσίοις,

3927 370 4068 443 ἐφῆ

3940 497 4055 551 Κυ-

2398 592 2532 664 Ρίως
2562 591 2641 662 δί,
2699 597 2912 668 inquit,
2944 595 3027 649 ἐπ’
3062 594 3292 656 ἐκείναις
3318 595 3425 646 τῶν
3456 595 3736 665 τραπεζῶν
3788 592 4058 657 τίθενται,

2398 677 2458 741 ἃς
2490 682 2814 756 καθιέρωσις
2843 684 2954 758 οὐχ
3015 683 3143 759 ἠγία
3161 702 3270 736 σεν.
3320 681 3557 751 Proprie
3590 697 3715 736 vero
3752 695 3923 751 super
3983 690 4076 731 ea:

2398 787 2585 827 sacras
2631 791 2848 829 mensas
2890 777 3197 847 ponuntur,
3228 788 3362 844 quas
3403 774 3714 826 consecrato
3752 785 3865 824 non
3922 783 4063 821 san-

2397 864 2678 931 etiﬁcavit.
2713 848 2836 920 Non
2868 865 3051 936 igitur
3071 862 3339 919 absolute
3370 861 3510 916 dicit
3536 860 3841 916 Meursius
3877 857 3945 910 τὸ
3966 876 4065 909 κα-

2400 950 2640 1025 τασάρκα
2698 970 2877 1026 suprn
2924 951 3262 1024 ἀντιμίνσιον
3315 951 3519 1008 sterni.
3577 949 3710 1005 Vidi
3754 952 3959 1003 autem
4012 948 4073 1000 et

2402 1046 2672 1097 accurate
2701 1042 2980 1114 perpendi
3014 1042 3338 1097 indicatum
3373 1038 3603 1095 aGoare
3631 1042 3837 1093 contra
3860 1035 4059 1090 Meur-

2403 1128 2558 1185 sium
2590 1130 2893 1203 Symeonis
2934 1127 3483 1186 Thessalonicensis
3543 1126 3761 1191 locum,
3813 1123 3917 1195 qui
3975 1123 4061 1177 sio

2401 1218 2601 1289 habet,
2649 1237 2760 1276 arae
2806 1222 2879 1276 ad
2927 1218 3281 1276 sacrificium
3342 1219 3641 1274 instructa:
3701 1218 4061 1287 apparatum

2405 1324 2741 1365 memorans
2778 1326 2791 1364 :
2824 1307 3145 1382 Κατασάρκα
3177 1303 3235 1360 δὲ
3262 1307 3324 1360 τὸ
3373 1302 3675 1380 λεγόμενον
3736 1301 3917 1367 εὐθὺς,
3975 1298 4064 1354 καὶ

2406 1397 2521 1466 μετ’
2579 1395 2708 1450 αὐτὸ
2760 1395 3171 1473 τραπεζοφόρον
3231 1395 3513 1464 κέκτηται.
3602 1393 3753 1463 Quod
3834 1395 4067 1447 vocatur

2404 1488 2726 1551 catasarca,
2750 1489 2976 1553 statim;
3001 1488 3132 1556 post
3192 1484 3337 1540 illud
3367 1483 3831 1554 trapewphorum
3873 1480 4065 1534 habet.

2405 1574 2543 1645 Agit
2573 1575 2644 1629 de
2675 1592 2777 1630 ara
2806 1575 3012 1646 utique
3041 1577 3398 1630 consecrata.
3425 1575 3559 1639 Quae
3582 1573 3632 1627 si
3662 1570 3798 1627 talis
3824 1587 3945 1624 non
3980 1584 4068 1623 es-

2406 1668 2493 1717 set
2524 1667 2627 1718 aut
2658 1679 2788 1718 esse
2819 1680 2935 1718 non
2964 1664 3235 1729 sciretur,
3269 1679 3385 1718 non
3419 1666 3660 1733 negaret
3690 1658 4069 1729 superimpo-

2406 1752 2679 1807 sitionem
2717 1753 2868 1808 578
2902 1753 3293 1808 necessariam
3326 1748 3695 1821 ἆντιμινσίου.
3746 1753 3924 1804 Hunc
3980 1746 4068 1801 lo-

644 1843 818 1915 αὐλῷ.
856 1849 941 1901 Ita
970 1845 1087 1914 ille,
1126 1845 1197 1901 ad
1236 1861 1445 1901 sonum
1479 1845 1759 1910 referens,
1794 1844 2096 1916 quod.non
2135 1845 2294 1899 inve-
2328 1847 2376 1912 Β
2406 1858 2541 1897 cum
2582 1842 2888 1914 Symeonis
2945 1840 3435 1897 Thessalonicens
3493 1839 3646 1895 Goar
3706 1837 3791 1893 sic
3852 1836 4071 1891 vertit:

646 1934 972 1989 risimilitcr
1002 1935 1071 1990 ad
1108 1935 1361 2006 speciem
1396 1950 1626 2005 quoque
1652 1934 1952 2005 pertinuit.
1976 1932 2122 1988 Nam
2156 1933 2299 1988 alio-

645 2023 746 2094 qui
783 2020 1081 2089 κωδώνων,
1114 2029 1413 2096 utcunque
1452 2023 1782 2078 hinnitibus
1822 2022 2299 2093 responsantium

640 2130 824 2169 sonus
858 2130 972 2169 non
1001 2114 1256 2168 multum
1283 2114 1353 2167 ad
1376 2113 1530 2167 tibiis
1558 2116 1795 2168 cantum
1822 2113 2064 2167 accedit.
2091 2115 2301 2167 Forma

643 2217 780 2258 vero
811 2202 939 2257 tubi
972 2208 1074 2257 aut
1105 2200 1248 2256 nolte
1280 2201 1343 2255 in
1372 2200 1799 2272 appendicibus
1861 2199 2299 2271 ephippiorum,

644 2301 727 2357 uti
763 2305 821 2355 et
852 2300 1199 2356 militarium
1232 2299 1632 2371 chlamydum,
1654 2298 2006 2367 elegantiam
2035 2298 2105 2353 ad
2132 2315 2298 2370 aspe-

649 2396 808 2445 ctum
844 2390 1038 2445 habet.
1077 2391 1189 2445 Has
1217 2388 1574 2461 appendices
1631 2387 1937 2444 calliculas
1997 2388 2117 2444 sive
2175 2388 2298 2459 gal-

638 2476 853 2535 liculas
903 2479 1210 2548 vocabant,
1270 2494 1421 2549 quas
1507 2477 1717 2550 glossze
1805 2481 2030 2533 veteres
2093 2475 2298 2551 τροχάο

645 2558 740 2629 δας
766 2569 961 2625 Graece
986 2568 1474 2640 interpretantur,
1506 2584 1575 2623 ea
1618 2584 1755 2623 voce
1812 2569 2132 2624 rotundum
2192 2568 2300 2623 ali-

649 2657 792 2729 quid
826 2661 884 2712 et
914 2656 1167 2712 volubile
1197 2658 1577 2729 designantes
1612 2674 1625 2723 ;
1659 2656 1854 2727 qualia
1884 2666 2052 2713 erant
2098 2657 2302 2712 tintin-

644 2746 865 2801 nabula
894 2750 952 2802 et
984 2745 1387 2818 malogranata
1417 2763 1484 2801 ex
1508 2762 1611 2801 ora
1635 2746 1813 2801 vestis
1842 2746 2139 2801 Aaronicte
2198 2747 2300 2801 de-

644 2836 981 2907 pendentia,
1016 2836 1075 2901 tP
1117 2836 1246 2906 382)
1274 2836 1453 2891 Exod.
1481 2851 1676 2900 xxxxx,
1705 2830 1795 2891 23.
1828 2836 2028 2891 Passio
2059 2836 2118 2891 S.
2172 2840 2300 2891 Per-

645 2934 827 2995 petua;
859 2924 1202 2980 describens
1223 2924 1499 2980 vestitum
1535 2924 1840 2994 Pomponii
1864 2923 2097 2981 diaconi
2129 2927 2189 2979 in
2210 2924 2300 2979 vi-

646 3013 811 3071 sione
834 3014 1173 3086 apparentia
1191 3015 1263 3068 :E
1266 3021 1361 3069 rat
1382 3013 1608 3069 vestitus
1626 3014 1961 3069 distinctam
1979 3012 2296 3081 candidam,

649 3112 864 3167 habens
888 3112 1226 3183 multiplices
1254 3112 1563 3167 colliculos.
1622 3111 1750 3167 Hac
1807 3112 2060 3168 candida
2114 3110 2296 3166 videri

2411 1931 2712 1987 Interulam
2746 1947 2872 1987 vero
2918 1936 3137 1998 vestem,
3178 1946 3299 2003 qua
3355 1927 3425 1984 ad
3485 1943 3709 1983 carnem
3753 1924 3994 1989 dicitur,
4025 1928 4077 1979 ει

2411 2036 2649 2091 superne
2722 2021 2963 2077 mantile
3012 2019 3222 2090 adepta
3270 2026 3369 2074 est.
3431 2016 3572 2072 Tria
3626 2032 3741 2071 non
3833 2014 4022 2086 probo
4054 2047 4071 2076 ,

2409 2113 2562 2183 quod
2593 2109 2657 2164 τὸ
2684 2130 2822 2165 κατα
2860 2111 3030 2181 σάρκα
3081 2111 3400 2173 interulam,
3443 2109 3600 2181 quod
3657 2102 4076 2180 τραπεζοφόρον

2405 2200 2659 2272 mantile,
2720 2201 2872 2270 quod
2930 2200 3192 2266 κέκτηται
3242 2200 3446 2255 reddat
3499 2198 3700 2269 adepta
3744 2201 3869 2251 est:
3935 2209 4075 2249 nam

2406 2287 2663 2358 κέκτηται
2695 2290 2805 2345 hoc
2835 2287 2963 2346 loco
2988 2294 3075 2346 est
3102 2288 3346 2361 possidet
3378 2294 3478 2344 aut
3508 2285 3691 2342 habet.
3741 2282 4079 2355 Κατασάρκα

2406 2395 2621 2435 nomen
2654 2379 2959 2451 proprium
3000 2377 3111 2434 veli
3158 2378 3310 2435 sacri
3354 2376 3409 2431 in
3444 2392 3561 2448 quo
3618 2372 3839 2436 ἆμὲσως
3899 2369 4077 2428 recli-

2407 2468 2969 2523 natur‘eucharistia
3000 2468 3117 2524 sive
3150 2454 3361 2537 corpus
3389 2469 3446 2521 et
3476 2481 3610 2521 caro
3672 2461 3930 2527 Domini,
3983 2476 4078 2516 ec-

2408 2557 2737 2614 clesiastico
2758 2557 3040 2613 vocabulo
3063 2557 3349 2612 debuerat
3365 2553 3634 2626 exprimi.
3658 2551 3932 2623 Denique
3953 2569 4081 2623 τρα-

2406 2645 2711 2719 πεζοφόρον
2744 2646 2937 2702 velum
2962 2646 3157 2718 potius
3214 2651 3304 2701 est
3361 2662 3477 2717 quo
3546 2657 3803 2711 superne
3864 2645 4079 2696 sancta

2408 2740 2821 2808 conteguntur,
2849 2735 3022 2807 quale
3053 2736 3207 2802 quod
3244 2738 3441 2789 nostro
3470 2750 3631 2788 more
3680 2737 3867 2802 supra
3926 2728 4075 2784 cali-

2407 2841 2531 2879 cem
2563 2828 2665 2880 aut
2695 2840 2925 2880 sacram
2958 2823 3224 2897 pyxidem
3256 2822 3470 2879 Christi
3503 2836 3716 2891 corpus
3770 2822 3877 2873 aut
3939 2834 4084 2873 san-

2407 2913 2646 2985 guinem
2669 2913 3037 2969 continentes
3051 2929 3231 2983 supra
3247 2927 3404 2967 aram
3426 2907 3787 2967 extenditur.
3808 2905 4082 2962 Declarat

2407 3001 2516 3058 hoc
2549 3018 2682 3059 mox
2714 3001 3265 3059 Thessalonicensis
3296 3001 3515 3055 ibidem
3564 2997 3713 3062 Ὃτι,
3764 2995 4077 3068 inquiens,

2404 3088 2579 3165 τάφος
2625 3089 2734 3145 ἐστῖ
2793 3090 2883 3144 καὶ
2943 3089 3135 3165 θρόνος
3190 3089 3393 3158 Ἰησοῦ·
3471 3088 3823 3158 Significat:
3908 3102 4083 3140 sacra

648 3205 837 3271 potest
869 3174 1302 3261 fuisse'tvStSrac
1346 3193 1595 3261 αὐλωτος
1634 3201 1928 3273 Hesychii.
1986 3202 2069 3257 Ad
2131 3202 2303 3271 cujus

2414 3180 2771 3235 eucharistia
2802 3196 2982 3252 super
3013 3197 3173 3235 aram
3200 3179 3310 3234 isto
3341 3194 3516 3251 quem
3550 3174 3829 3231 describit
3890 3190 4083 3246 appa-

650 3291 897 3346 formam
928 3285 1145 3358 ἐνδυτή,
1188 3291 1617 3360 operimentum
1652 3307 1785 3358 arae,
1826 3297 1883 3346 et
1941 3290 2072 3362 ipsa
2119 3286 2305 3343 αὐλω-

646 3376 742 3440 τός
767 3377 936 3434 facile
969 3378 1164 3444 fuerit,
1199 3377 1512 3450 multiplici
1544 3380 1868 3451 appendice
1898 3379 2303 3436 callicularum

647 3467 948 3540 eleganter
972 3471 1199 3537 ornata,
1232 3468 1469 3523 insertis
1500 3469 1676 3523 etiam
1702 3468 1962 3541 speciose
1986 3469 2306 3524 unionibus

654 3564 718 3613 ut
742 3558 835 3612 hic
869 3558 1080 3613 Noster
1111 3561 1419 3613 memorat.
1446 3558 1686 3613 Diversa
1717 3576 1750 3614 a
1798 3559 2073 3631 superius
2132 3559 2306 3614 dictis

652 3645 777 3719 περὶ
837 3642 1060 3713 ἒνδυτῆς
1118 3644 1209 3699 καὶ
1264 3648 1361 3699 τοῦ
1430 3646 1743 3720 κατασάρκα
1828 3649 1995 3703 docet
2051 3648 2308 3703 Jacobus

651 3739 805 3791 Gonr
835 3739 903 3790 ad
940 3735 1367 3807 Euchologium
1422 3754 1479 3807 p.
1537 3738 1663 3805 627,
1720 3736 2038 3793 Meursium
2098 3735 2310 3809 corrigi

642 3826 869 3897 jubens
902 3840 915 3879 :
950 3826 1050 3879 sed
1088 3842 1205 3881 non
1253 3827 1596 3896 persuadet,
1639 3826 1918 3896 quoniam
1976 3826 2309 3896 quem'glau-

652 3916 757 3970 dat
789 3913 1039 3969 fundum
1075 3931 1193 3969 suae
1224 3915 1529 3970 sententiae
1598 3918 1939 3986 Symeonem
1997 3914 2314 3972 Thessalo—

661 4005 989 4069 nicensem,
1024 4009 1340 4076 postquam
1367 4004 1664 4070 consului,
1699 4004 1853 4060 haud
1889 4006 2176 4059 faventem
2200 4003 2313 4077 ipsi

660 4093 871 4163 reperi.
904 4091 1001 4147 Ait
1062 4092 1115 4146 in
1179 4109 1245 4148 eo
1304 4108 1500 4148 errare
1556 4092 1879 4149 Meursium
1938 4093 2093 4165 quod
2151 4112 2313 4145 κατα-

662 4180 834 4253 σάρκα
866 4198 979 4237 non
1014 4180 1233 4253 ἆμὲσως
1267 4199 1379 4238 arte
1433 4183 1625 4249 nudas,
1678 4182 1775 4238 sed
1838 4199 2021 4253 supra
2066 4180 2317 4254 ἆντιμίν-

665 4290 784 4323 σιον
820 4272 1006 4327 sterni
1036 4272 1278 4327 solitum
1330 4276 1576 4328 asserat.
1634 4272 1803 4343 Atqui
1862 4287 1977 4327 non
2028 4271 2137 4327 hoc
2168 4272 2318 4327 sim-

666 4360 899 4432 pliciter
954 4365 1056 4415 aut
1118 4361 1530 4417 universaliter
1581 4361 1869 4417 Meursius
1926 4360 2155 4429 asserit,
2216 4361 2317 4417 sed

665 4454 897 4504 tantum
932 4451 1171 4521 quando
1218 4467 1332 4506 non
1390 4451 1701 4507 constabat
1758 4451 1828 4505 de
1885 4449 2323 4507 consecratione

666 4539 869 4595 altaris
904 4558 918 4609 ;
951 4540 1121 4611 cujus
1155 4540 1365 4596 asserti
1396 4544 1606 4596 testem
1664 4539 1934 4612 producit
1989 4539 2319 4595 Manuelem

670 4627 1066 4700 patriarcham
1099 4629 1157 4684 in
1184 4629 1307 4685 haec
1338 4630 1517 4686 verba
1548 4646 1561 4683 :
1595 4627 1676 4682 Τὰ
1732 4627 2043 4700 ἀντιμίνσια
2101 4626 2201 4681 οὐκ
2247 4624 2323 4687 είς

668 4717 842 4777 πάσας
901 4715 1113 4793 ἀνάγκη
1181 4718 1390 4773 κεῖσθαι
1461 4717 1558 4779 τὰς
1630 4717 1789 4791 ἅγὶας
1838 4715 2106 4791 τραπέζας
2139 4760 2153 4785 ,
2196 4712 2324 4770 ἀλλ’

669 4805 746 4868 εἲς
808 4804 867 4867 ἃς
926 4805 989 4861 οὐ
1043 4805 1323 4882 γνώριμόν
1388 4804 1530 4861 ἔστιν
1583 4805 1691 4860 εἷ’τε
1736 4806 2132 4881 καθιερωμέναι
2188 4803 2322 4859 είσὶν

675 4897 784 4953 εἶτε
817 4894 901 4953 οὕ.
935 4900 1286 4955 Antimensia
1314 4914 1429 4954 non
1458 4900 1713 4955 omnibus
1734 4901 1946 4971 imponi
1972 4902 2145 4954 sacris
2170 4914 2329 4954 men-

668 4991 747 5045 sis
776 5005 986 5046 necesse
1015 4994 1113 5058 est,
1143 4989 1238 5045 sed
1269 4992 1329 5045 in
1358 5006 1448 5047 eas
1484 4989 1550 5044 de
1580 4990 1778 5061 quibus
1820 5005 1931 5044 non
1977 4992 2057 5043 est
2113 4992 2327 5055 notum,

668 5090 1003 5139 consecratae
1055 5080 1169 5136 sint
1219 5098 1409 5138 necne.
1479 5082 1656 5136 Addit
1709 5081 1912 5138 statim
1988 5080 2326 5135 rationem:

671 5180 752 5235 Τὰ
799 5181 903 5256 γὰρ
953 5180 1373 5255 καθιερωμένων
1434 5180 1607 5254 ἁγίων
1651 5181 1929 5254 τραπεζῶν
1988 5175 2153 5232 τόπον
2205 5174 2331 5232 ἐπέ-

674 5289 860 5343 χουσι.
912 5270 1261 5326 Antimensia
1308 5272 1457 5326 enim
1536 5278 1978 5325 consecratarum
2043 5284 2334 5324 sacrarum

679 5378 1008 5417 mensarum
1063 5362 1239 5417 locum
1289 5361 1555 5416 obtinent.
1607 5360 1770 5416 Unde
1835 5358 2179 5415 concludit:
2232 5355 2332 5411 Kal

675 5445 800 5512 ἔνθα
858 5447 963 5503 εἷ’σὶ
1018 5449 1291 5523 γνώριμοι
1351 5447 1753 5523 καθιερωμέναι
1790 5492 1803 5516 ,
1862 5446 1925 5500 οὐ
1984 5446 2144 5522 χρεία
2183 5446 2335 5501 ἀντι-

680 5544 904 5609 μινσῖων
948 5539 1077 5595 ἐκεῖ.
1120 5544 1187 5597 Et
1231 5543 1328 5596 ubi
1368 5550 1709 5613 perspectum
1756 5544 1833 5595 est
1883 5556 2013 5594 aras
2064 5555 2175 5595 esse
2214 5556 2341 5595 con-

675 5635 937 5701 secratas,
969 5648 1104 5703 opus
1151 5632 1503 5687 antimensiis
1580 5648 1690 5686 non
1749 5634 1827 5685 est
1896 5628 1998 5684 ibi.
2052 5629 2229 5683 Addit
2285 5632 2342 5683 et

2416 3276 2546 3327 ratu
2574 3271 2768 3327 oculis
2793 3271 3052 3327 fidelium
3087 3270 3386 3343 proposito
3405 3270 3552 3325 duos
3572 3266 3821 3323 indicari
3854 3266 4082 3322 Christi

2410 3361 2897 3431 status,jucentis
2921 3361 2980 3415 in
3009 3360 3278 3432 sepulcro
3313 3363 3370 3414 et
3400 3355 3852 3413 resurrectionis
3888 3354 4084 3427 gloria

2410 3449 2708 3520 conspicui
2732 3453 3013 3522 tanquam
3029 3450 3087 3505 in
3106 3449 3337 3504 throno.
3355 3447 3553 3519 Pergit
3568 3446 3723 3501 idem
3742 3444 4085 3515 declarans,

2411 3536 2515 3593 Καὶ
2562 3538 2624 3591 τὸ
2678 3538 2771 3610 μὶν
2818 3539 3171 3613 (κατατάρκα)
3222 3536 3361 3591 ἐστὶν
3417 3535 3492 3597 ὡς
3540 3530 3733 3588 σινδὼν
3864 3553 4082 3607 περιει-

2414 3627 2593 3695 Λήθην
2625 3627 2837 3701 νεκρός.
2890 3630 2962 3682 Ac
3001 3633 3289 3683 catasarca
3337 3626 3576 3698 quidem,
3627 3627 3741 3679 sive
3787 3625 4087 3693 corporale
4146 3670 4155 3683 .

2411 3715 2696 3770 sindaacm
2727 3721 3088 3787 repraesentat
3127 3732 3235 3785 qua
3264 3718 3517 3769 mortuus
3548 3713 3804 3769 Christus
3854 3713 4085 3767 involu-

2414 3813 2504 3861 tus
2532 3809 2629 3860 est.
2678 3804 2755 3859 Τὸ
2808 3800 2866 3858 δὲ
2922 3804 2996 3864 ὡς
3058 3800 3220 3875 δόξης
3284 3796 3582 3877 περιϐολὴ,
3642 3801 3716 3861 ὡς
3756 3800 3851 3854 καὶ
3906 3800 3938 3855 ’ὃ
3995 3799 4085 3853 ἐπὶ

2413 3892 2594 3965 τούτῳ
2664 3891 2716 3945 ἐν
2787 3896 2866 3963 τῷ
2938 3890 3174 3956 τίθεσθαι
3244 3890 3497 3968 ἐμφαίνει
3569 3888 3811 3962 ψαλμὸς.
3874 3888 4085 3964 Κύριος

2418 3978 2755 4053 ἔϐασίλιυσε,
2805 3980 3009 4055 λέγων,
3078 3981 3404 4056 εὐπρέπειαν
3438 3976 3725 4035 ἰνεδῦσατο
3774 3980 3928 4035 Illud
3958 3996 4086 4036 vero

2420 4073 2554 4146 (hoc
2585 4076 2674 4127 est
2724 4071 3157 4146 τραπεζοφόρον)
3212 4071 3503 4142 ut_glori37
3546 4071 3787 4123 amictus
3839 4068 4087 4137 (partim

2420 4161 2515 4217 hic
2547 4161 2712 4216 addit
2736 4162 2807 4217 de
2837 4177 2945 4216 suo
2976 4162 3266 4231 interpres
3297 4159 3495 4215 nescio
3527 4160 3751 4230 quare),
3790 4155 3878 4211 uti
3910 4161 3966 4212 et
3999 4158 4097 4227 qui

2422 4251 2553 4305 dum
2572 4253 2969 4321 superponitur
2997 4251 3240 4321 (sanctis
3290 4249 3507 4319 velum)
3539 4246 3669 4303 cani
3716 4246 3868 4301 solet
3931 4247 4093 4299 Psal-

2421 4358 2543 4395 mus
2565 4340 2922 4409 demonstrat,
2945 4340 3166 4395 dicens:
3206 4340 3473 4394 Dominus
3517 4337 3796 4405 regnavit,
3836 4334 4097 4391 decorem

2425 4428 2625 4484 induit.
2660 4433 2955 4483 Hactenus
2985 4426 3528 4483 Thessalonicensis
3561 4444 3575 4492 ;
3611 4441 3677 4479 ex
3709 4424 3934 4495 quibus
3965 4426 4096 4494 ejus

2427 4518 2623 4574 verbis
2672 4522 2913 4589 apparet
2963 4516 3108 4571 nihil
3163 4515 3418 4575 Meursio
3493 4512 4095 4570 Thessalonicensem

2433 4606 2753 4673 adversari,
2782 4608 2879 4662 sed
2915 4606 3110 4677 potius
3139 4604 3403 4661 refellere
3444 4603 3641 4676 ipsum
3703 4602 4096 4673 interpretem

2432 4695 2791 4767 Euchologii,
2825 4696 2883 4750 in
2918 4712 2983 4751 eo
3012 4695 3166 4767 quod
3200 4694 3271 4750 ad
3304 4692 3571 4749 ordinem
3607 4690 3847 4747 lotionis
3911 4708 4095 4747 sacrae

2434 4801 2674 4847 mensae,
2709 4802 2764 4855 p.
2822 4785 2928 4839 627
2956 4778 3369 4859 τραπεζοφόρον
3402 4779 3645 4837 mantile
3685 4779 3869 4835 fuisse
3934 4782 4099 4845 dicit,

2434 4873 2581 4930 illud
2650 4878 2929 4946 printerca
2991 4872 3357 4930 confundens
3432 4886 3566 4926 cum
3644 4864 3860 4940 ἑνδυτῇ,
3942 4869 4099 4941 quod

2437 4962 2523 5019 illi
2558 4963 2901 5034 neutiquam
2933 4962 3349 5026 concesserim,
3373 4960 3486 5016 nisi
3519 4963 3729 5015 testem
3761 4958 3996 5016 laudet.

2511 5072 2575 5148 [P
2604 5071 2732 5143 383)
2763 5068 2977 5145 Ἐνορία.
3007 5088 3062 5141 p.
3098 5072 3219 5125 452.
3254 5071 3411 5134 Quae
3433 5085 3539 5125 nos
3567 5068 3737 5123 hodie
3756 5066 3940 5139 vulgo
3960 5068 4099 5125 dice-

2442 5178 2603 5218 ceses
2659 5176 2958 5228 vocamus,
3018 5157 3227 5233 ἐνορίας
3285 5157 3467 5214 Graeci
3525 5157 3749 5221 dicunt,
3829 5158 4101 5227 regiones

2442 5248 2701 5322 episcopi
2735 5251 3025 5320 cujusque
3068 5248 3276 5304 ditioni
3338 5265 3406 5304 ac
3462 5246 3735 5319 potestati
3789 5246 4098 5301 ordinaria

2444 5338 2677 5412 proprie
2707 5339 3008 5410 subjectae
3045 5355 3059 5406 ;
3093 5354 3229 5394 nam
3256 5337 3527 5393 dioecesis
3544 5334 3893 5392 vocabulum
3931 5335 4103 5392 latius

2447 5428 2587 5486 olim
2622 5428 2877 5500 patebat.

2522 5532 2967 5609 Ἐξαυτωρειανοί
3028 5554 3087 5609 ρ.
3145 5537 3214 5591 66
3287 5534 3431 5606 Πρὸς
3492 5532 3587 5605 μὶν
3646 5536 3752 5586 τῶν
3847 5532 4104 5605 Εβαυτῶ·

2453 5628 2679 5701 ριιανῶν
2740 5621 3110 5699 πατριάρχην.
3171 5626 3283 5680 Hoc
3337 5630 3427 5680 est
3484 5623 3794 5678 Arsenium
3868 5625 4105 5694 patriar-

678 5722 838 5779 aliud
895 5724 1304 5782 testimonium
1370 5722 1688 5795 Nicephori
1760 5718 2155 5792 Homologetm
2222 5718 2344 5775 sive
2451 5716 2643 5773 chain.
2682 5714 2774 5772 Sic
2804 5715 2922 5773 duo
2955 5714 3150 5781 codd.,
3200 5711 3483 5770 Vaticano
3542 5713 3873 5780 omittente,
3910 5720 3979 5766 ut
4026 5726 4102 5764 so-
