4248 6438
199 403 327 462 1021

204 618 307 672 cha
321 617 558 688 quidem
573 615 1104 671 Exautorianorum
1121 615 1443 670 distinctus
1465 631 1499 669 a
1520 613 1854 684 patriarcha

205 706 546 777 simpliciter
598 709 654 759 et
696 703 813 756 κατ’
841 702 1044 776 ἐξοχὴν
1096 705 1178 758 sic
1230 704 1402 758 dicto.
1453 702 1857 758 Exauctoriani

205 794 303 865 qui
355 795 710 858 dicerentur,
762 791 1058 863 suspicari
1092 790 1229 845 licet
1265 808 1330 845 ex
1382 791 1475 845 his
1503 807 1628 862 qua
1678 790 1856 845 tradit

207 883 500 939 Meursius
537 884 714 939 verbo
767 879 1115 952 ἑξαυτωρεία,
1166 879 1263 935 ubi
1317 881 1486 935 docet
1550 897 1612 934 ex
1675 880 1856 935 Suida

205 970 552 1047 ἐξαυτωρείαν
631 971 747 1026 dici
814 968 1120 1042 ἐλευθερίαν
1198 967 1304 1022 ἀπὸ
1380 967 1656 1041 στρατείας
1728 970 1856 1023 mis-

205 1063 416 1116 sionem
462 1078 496 1116 a
526 1060 758 1114 militia.
813 1059 975 1122 Quod
1012 1064 1069 1113 et
1115 1058 1312 1112 innuit
1361 1059 1464 1113 Leo
1508 1058 1565 1112 in
1607 1058 1853 1112 Tacticis

208 1149 397 1204 Const.
427 1151 522 1213 20,
571 1149 856 1203 militares
888 1147 1156 1201 dividens
1187 1147 1244 1200 in
1277 1148 1393 1201 duo
1434 1163 1667 1217 genere.
1699 1146 1852 1198 Ὅσοι

211 1241 304 1290 τοῦ
333 1240 563 1309 στρατοῦ
616 1236 741 1302 εἱσι,
787 1238 868 1290 ait
913 1234 1002 1288 καὶ
1046 1233 1166 1288 ὅσοι
1208 1240 1307 1303 τῆς
1360 1231 1663 1308 λεγομένης
1705 1233 1853 1303 ἐξαυ-

211 1325 458 1398 τωρείας.
512 1325 654 1381 Hinc
714 1323 977 1380 videlicet
1025 1320 1432 1396 ὶξαυτωρειανοί
1501 1324 1855 1378 vocabuntur

212 1416 310 1487 qui
341 1414 566 1470 emeriti
601 1418 702 1469 aut
732 1413 864 1468 aliis
911 1413 1138 1468 idoneis
1169 1413 1366 1467 causis
1397 1411 1657 1483 legitime
1689 1411 1853 1466 missi

210 1522 242 1560 a
272 1505 484 1560 militia
515 1502 773 1559 militum
808 1501 1126 1573 privilegiis
1155 1502 1510 1572 gaudebant.
1547 1504 1700 1556 Inter
1730 1517 1856 1572 quea

209 1594 496 1666 suspicari
545 1594 682 1648 licet
731 1596 789 1646 et
838 1591 948 1647 hoc
999 1591 1203 1657 fuisse,
1259 1595 1326 1645 ut
1379 1591 1566 1645 ubivis
1597 1593 1858 1660 agerent,

211 1701 323 1739 non
356 1700 391 1738 a
415 1683 527 1738 loci
558 1683 854 1754 episcopo,
889 1681 992 1736 sed
1024 1698 1056 1734 a
1092 1679 1424 1750 patriarcha
1455 1680 1511 1733 in
1547 1680 1700 1736 560
1736 1677 1857 1749 spi-

213 1771 521 1826 ritualibus
570 1771 910 1842 penderent.
963 1769 1154 1830 Quare
1203 1773 1414 1837 praesto
1451 1767 1745 1822 habebant
1775 1768 1861 1820 vi-

1652 403 2111 462 GLOBSABIUH

200 527 276 583 let
303 527 363 583 in
403 525 691 584 obscuris.
743 525 1050 581 Manifeste
1080 525 1176 580 hic
1209 528 1565 580 memoratur
1595 524 1837 595 patriar-
1867 527 1922 592 Α

3459 402 3604 459 1022

2021 527 2275 602 Ἐπᾶχειν
2310 547 2363 601 p.
2414 531 2540 586 256.
2579 532 2823 586 Videtur
2869 531 2976 584 hoc
3011 529 3136 583 loco
3182 524 3399 599 ἐπέχειν
3452 539 3597 580 nove

1963 618 2220 686 positum
2273 636 2376 690 pro
2405 636 2651 676 coercere
2679 625 2730 674 et
2757 621 3028 687 castigare
3078 618 3255 672 verbis
3285 616 3470 686 aspire
3497 613 3608 668 ali-

1960 721 2140 776 quem.
2228 707 2372 762 Vide
2425 725 2592 764 voces
2663 705 3018 781 ἀναδέχεσθαι
3077 712 3135 761 et
3214 700 3605 774 πνευματικός.

1961 813 2095 851 nam
2126 812 2192 851 ex
2219 797 2296 851 ibi
2319 797 2493 853 dictis
2517 799 2735 869 patebit
2760 797 2901 853 ratio
2923 793 3422 866 interpretationis
3447 807 3606 846 mers.

2031 890 2094 956 [Ρ
2152 885 2278 960 384]
2341 889 2651 942 Ἐπευκτεῖν
2716 905 2770 959 ρ.
2821 886 2946 941 288.
3002 885 3152 956 Lego
3206 883 3300 937 hic
3345 880 3605 947 ἐπευκτη-

1962 973 2192 1045 σάμινος
2269 994 2301 1030 a
2369 978 2544 1032 verbo
2624 975 2896 1029 ἐπευκτεῖν
2977 973 3119 1028 satis
3189 972 3474 1026 inusitato
3545 967 3608 1022 ill

1960 1065 2222 1134 quidem,
2257 1082 2372 1120 non
2404 1071 2601 1120 tamen
2637 1065 2988 1119 abhorrente
3019 1080 3051 1116 a
3082 1060 3227 1132 stylo
3261 1060 3440 1129 hujus
3473 1057 3611 1112 scri-

1960 1154 2143 1222 ptoris
2175 1153 2511 1224 antiquarii,
2558 1153 2607 1208 si
2640 1155 2774 1224 quis
2818 1151 2990 1219 alius,
3031 1155 3088 1205 et
3131 1149 3388 1204 fastidire
3418 1146 3605 1212 obvia,

1960 1242 2170 1296 sectari
2204 1242 2329 1296 avia
2364 1241 2717 1313 palmarium
2761 1239 3044 1312 putastis.
3098 1239 3262 1293 Forte
3297 1237 3353 1291 in
3387 1236 3609 1306 legerat

1961 1330 2113 1399 apud
2149 1330 2298 1385 LXX
2336 1330 2545 1385 Jerem.
2579 1347 2673 1394 xx,
2707 1327 2939 1396 ἰπευκτὴ
2989 1326 3190 1400 ἡμέρα,
3242 1325 3351 1381 hoc
3400 1328 3509 1388 est,
3544 1327 3610 1377 ut

1963 1419 2282 1490 Hesychius
2325 1420 2764 1491 interpretatur,
2829 1415 3166 1488 ἐπιθυμητή,
3240 1419 3305 1470 ut
3369 1413 3606 1480 Suidas,

1957 1503 2128 1580 εὒχῆς
2155 1506 2292 1576 ἀξία.
2325 1508 2478 1564 Satis
2509 1509 2618 1563 hoc
2650 1507 2731 1562 illi
2767 1507 3134 1562 fundamenti
3166 1504 3342 1560 fuerit
3373 1503 3444 1557 ad
3470 1518 3605 1555 ver-

1964 1595 2100 1650 bum
2132 1593 2405 1649 ἐπευκτεῖν
2454 1597 2884 1660 fabricandum,
2917 1601 2981 1650 ut
3011 1594 3126 1649 alia
3155 1592 3377 1664 passim
3424 1590 3610 1644 multa

1961 1685 2098 1739 Nam
2133 1687 2272 1757 quid
2302 1686 2418 1756 :hic
2445 1686 2629 1751 aliud,
2663 1685 2818 1755 quod
2849 1686 2922 1738 ad
2972 1699 3090 1738 rem
3126 1681 3320 1745 faciat,
3371 1676 3610 1733 commi-

1968 1773 2311 1828 niscemur?
2356 1775 2542 1829 Codex
2590 1774 2738 1829 σοι
2793 1772 3146 1827 Barberinus
3199 1768 3376 1823 habet
3419 1763 3610 1818 ἐπαικ-

210 1861 433 1915 carium
466 1858 830 1930 patriarchae,
874 1858 946 1912 ad
979 1873 1154 1928 quem
1187 1857 1284 1911 illo
1317 1857 1561 1911 absente
1594 1872 1853 1910 recurre-

1972 1860 2298 1933 τησάμενος,
2351 1862 2678 1918 Allatianus
2731 1859 3205 1931 ἐπικτησάμενος,
3251 1856 3566 1912 Vaticanus
3595 1896 3608 1920 ,

209 1953 356 2003 rent.
407 1949 554 2013 Quia
581 1963 716 2003 vero
767 1947 863 2002 ubi
897 1951 1023 2002 erat
1067 1946 1408 2017 imperator,
1456 1950 1520 1999 ut
1569 1951 1709 2000 tunc
1744 1950 1857 2000 Ma-

209 2037 445 2110 gnesiae,
480 2053 734 2109 magnus
765 2041 891 2091 erat
919 2036 1433 2091 exautorianorum
1464 2051 1770 2098 numerus,
1802 2037 1861 2089 et

210 2143 338 2182 cum
368 2126 486 2181 illis
520 2124 964 2197 propatriarcha
995 2125 1266 2195 proprius
1297 2123 1582 2193 ipsorum,
1604 2125 1674 2178 ad
1699 2123 1860 2180 hunc

211 2216 548 2286 congregati
583 2230 849 2286 proceres
878 2213 1122 2268 mittunt
1152 2218 1217 2267 ut
1245 2211 1663 2283 patriarcham,
1689 2214 1860 2283 cujus

211 2310 332 2361 erat
361 2304 638 2368 vicarius,
671 2308 992 2359 accerseret
1021 2302 1233 2368 Nicaea,
1265 2303 1417 2372 quod
1449 2301 1576 2372 ejus
1599 2318 1774 2372 opera
1804 2306 1860 2357 et

213 2395 559 2450 auctoritate
591 2394 893 2464 praesentis
925 2409 1018 2448 res
1049 2394 1119 2446 de
1140 2408 1257 2462 qua
1279 2393 1639 2446 tractabatur
1669 2397 1861 2460 egeret

213 2490 346 2539 Haec
377 2483 740 2555 opinababar
769 2483 826 2537 in
861 2483 986 2537 loco
1019 2481 1314 2552 perplexo,
1346 2481 1532 2535 donec
1565 2480 1701 2550 quid
1736 2497 1859 2535 cer-

216 2574 331 2628 tius
363 2572 636 2638 occurrit,
688 2589 802 2626 non
836 2572 1104 2626 nesciens
1155 2576 1352 2625 tamen
1387 2580 1510 2640 post
1562 2574 1794 2640 captam
1828 2588 1860 2623 ιι

215 2661 435 2715 Latinis
466 2659 1036 2730 Constantinopolim
1083 2664 1140 2713 et
1171 2663 1417 2714 mortem
1467 2658 1713 2712 Joannis
1757 2658 1859 2713 Ca-

218 2749 447 2815 materi,
481 2749 590 2804 sub
622 2766 738 2820 quo
772 2748 1101 2820 patriarcha
1123 2748 1303 2803 Graeci
1336 2764 1404 2802 ex
1434 2764 1502 2801 ea
1530 2747 1673 2801 urbe
1705 2746 1861 2818 pulsi

215 2856 316 2910 per
356 2839 596 2893 Latinos
628 2842 788 2902 sunt,
841 2836 1090 2893 electum
1127 2837 1198 2891 ab
1249 2835 1458 2890 iisdem
1510 2835 1726 2891 Graecis
1757 2835 1862 2890 im-

212 2928 356 3000 perii
390 2928 590 2983 sedem
637 2927 840 2982 Nicaea
871 2926 1229 2982 habentibus
1273 2925 1662 2996 patriarcham
1693 2923 1861 2980 titulo

213 3015 604 3072 nihilominus
630 3015 1375 3087 Constantinopolitanum,
1408 3015 1510 3084 qui
1542 3015 1724 3068 sacris
1747 3030 1862 3086 prae

208 3106 445 3175 sideret,
471 3106 813 3161 Michaelem
838 3105 1281 3169 Auctorianum,
1302 3119 1476 3174 quem
1507 3103 1604 3157 alii
1629 3103 1863 3158 Sauria-

209 3212 351 3250 num
399 3203 605 3250 vocant
655 3213 670 3264 ;
724 3194 866 3265 quin
925 3194 1101 3249 etiam
1151 3192 1460 3248 Arsenium
1512 3191 1620 3246 hoc
1669 3191 1858 3263 capite

217 3288 635 3352 memoratum,
670 3284 771 3354 qui
819 3301 851 3337 a
880 3282 1164 3338 Michaelo
1214 3283 1536 3337 Autoriano
1566 3280 1856 3352 septimus

214 3374 481 3429 eamdem
505 3371 956 3445 patriarchalem
978 3372 1182 3427 Nicaeae
1207 3371 1407 3426 sedem
1433 3373 1622 3425 tenuit
1643 3370 1866 3440 reperio

216 3461 613 3518 Autorianum
666 3478 899 3532 quoque
949 3461 1174 3516 dictum
1204 3501 1216 3515 .
1265 3460 1374 3515 Sed
1427 3459 1566 3532 quid
1613 3459 1734 3514 haec
1796 3458 1864 3513 ad

218 3551 568 3625 πατσιάρχην
617 3549 1111 3624 Ἐξαυτωρειανῶν,
1160 3550 1230 3604 de
1279 3565 1392 3620 quo
1440 3549 1537 3602 hic
1585 3548 1801 3602 mentio
1841 3546 1869 3601 ?

219 3643 602 3712 quaerendum
646 3640 830 3712 igitur
875 3639 1152 3710 amplius,
1203 3637 1316 3692 nisi
1350 3639 1483 3710 quis
1522 3639 1871 3707 conjecturae

219 3749 251 3786 a
286 3747 379 3784 me
413 3731 574 3800 prius
609 3729 924 3801 propositas
956 3727 1452 3798 acquiescendum
1487 3732 1655 3799 puter
1685 3728 1784 3797 (a).

287 3818 647 3875 Ἐπαλαστὲω
734 3836 790 3890 p.
873 3818 1003 3872 298.
1091 3817 1221 3871 Οῖον
1293 3814 1479 3869 ἑαυτὸν
1561 3811 1872 3884 ἐπαλαστή-

216 3929 334 3970 σας.
389 3906 608 3979 Bepetii
643 3911 696 3961 et
730 3905 768 3961 l.
821 3923 872 3971 ν,
908 3922 959 3962 c.
992 3907 1046 3960 6.
1098 3906 1224 3960 Non
1260 3905 1426 3976 posui
1482 3906 1588 3960 hoc
1628 3906 1868 3961 verbum

214 4000 275 4053 in
311 3998 422 4054 hoc
453 3995 716 4067 catalogo
751 4001 813 4050 ut
851 3995 1125 4051 lectorem
1162 3995 1426 4050 decerem
1459 3996 1598 4065 quid
1631 3993 1869 4062 valeret,

213 4088 470 4158 (conﬁdo
515 4085 670 4140 enim
714 4086 773 4140 id
807 4085 1004 4155 ipsum
1038 4101 1106 4140 ex
1154 4084 1384 4138 Homeri
1432 4083 1680 4139 lectione
1720 4085 1869 4138 didi-

214 4177 396 4241 cisse,
429 4175 585 4244 apud
638 4190 810 4244 quem
844 4167 1063 4242 Ὀδυσσ,
1099 4193 1153 4239 α,
1182 4189 1235 4227 ν.
1283 4172 1393 4227 252
1422 4171 1645 4244 legerit.
1677 4171 1782 4226 Τὸν
1826 4166 1872 4223 δ’

214 4263 645 4333 ἐπαλαστήσασα
674 4259 962 4336 προσηύδα
1006 4259 1230 4322 Παλλὰς
1279 4262 1508 4330 Ἀθήνη.
1554 4263 1658 4317 Ubi
1694 4262 1860 4335 Didy.

215 4373 356 4413 mus
387 4355 644 4427 exponit,
696 4351 784 4406 ἐπὶ
837 4356 953 4413 τοῖς
994 4348 1297 4426 λεχθεῖσιν,
1349 4350 1423 4412 ὡς
1473 4349 1733 4412 ἀλαστοῖς
1781 4349 1870 4404 καὶ

216 4442 422 4504 δεινοῖς
471 4440 587 4497 οὖσι
634 4486 648 4510 ,
702 4439 1190 4514 δεινοπαθήσασα),
1240 4443 1341 4497 sed
1393 4445 1457 4496 ut
1521 4443 1871 4498 admoneam

214 4537 289 4591 de
329 4534 504 4607 genio
540 4533 934 4605 Pacbymeris,
969 4549 1143 4604 quem
1177 4531 1431 4587 delectat
1453 4532 1630 4588 verba
1659 4533 1745 4587 vel
1779 4548 1872 4586 se-

1966 1957 2029 2006 ut
2062 1953 2117 2006 in
2151 1952 2446 2007 similibus
2479 1952 2648 2021 solet,
2701 1969 2804 2023 pro
2835 1967 2902 2007 eo
2949 1950 3101 2021 quod
3137 1964 3252 2003 non
3301 1943 3607 2008 intellexit,

1964 2041 2078 2095 alia
2124 2041 2324 2096 omnia
2379 2057 2485 2096 nec
2535 2040 2836 2096 sententias
2886 2044 3280 2095 consentanea
3328 2033 3611 2102 subjecit.

1961 2130 2335 2185 Manifestum
2391 2138 2585 2186 autem
2635 2135 2724 2184 est
2771 2133 3043 2183 neutram
3107 2127 3346 2181 illarum
3401 2135 3612 2176 vocum

1963 2219 2077 2274 huc
2109 2221 2420 2290 quadrare,
2444 2219 2560 2274 Nec
2583 2218 2742 2274 aliud
2765 2218 3023 2274 occurrit
3044 2216 3201 2287 quod
3255 2215 3325 2269 ad
3356 2215 3612 2266 mentem

1964 2308 2220 2363 auctoris
2259 2309 2644 2364 tolerabiliter
2690 2323 2749 2362 se
2770 2305 3196 2374 accommodet,
3234 2317 3412 2373 quam
3465 2297 3618 2352 ἐπευ-

1962 2416 2061 2464 κτη
2073 2397 2320 2467 σάμενος.
3077 2457 3087 2468 ι

2036 2482 2333 2550 Ἐπίὸοσις,
2396 2503 2452 2557 p.
2511 2487 2640 2540 286.
2709 2484 2858 2540 Κατὰ
2909 2482 3072 2556 λόγον
3142 2476 3460 2539 ἐπιδόσεως.
3530 2477 3619 2532 Si-

1965 2578 2206 2649 gniﬁcat
2249 2594 2361 2631 non
2395 2577 2758 2631 ordinarium
2794 2579 2851 2630 et
2881 2574 3186 2645 proprium
3224 2571 3409 2625 fuisse
3459 2569 3616 2623 hunc

1965 2666 2371 2721 Proconnesias
2394 2665 2656 2721 ecclesiis
2684 2669 3003 2737 pastorem,
3033 2663 3132 2718 sed
3164 2661 3272 2716 hoc
3307 2661 3366 2714 in
3397 2676 3464 2714 ea
3485 2676 3620 2730 pro-

1965 2761 2228 2826 tempore
2277 2754 2535 2810 ofﬁcium
2567 2754 2898 2809 exercuisse
2927 2769 2993 2808 ex
3053 2749 3468 2806 commissione
3518 2751 3622 2802 aut

1967 2845 2355 2916 delegatione,
2400 2849 2462 2899 ut
2519 2843 2861 2913 loquuntur,
2923 2841 3185 2912 precario
3244 2843 3304 2895 et
3378 2853 3618 2892 conces-

1967 2935 2152 3002 sione,
2201 2951 2328 3007 quae
2379 2933 2472 2988 hic
2523 2929 2768 2993 ἐπίδοσις
2820 2937 3098 2999 vocatur;
3156 2929 3242 2984 uti
3278 2931 3334 2984 et
3380 2945 3437 2998 p.
3489 2927 3617 2990 360,

1969 3024 2069 3078 ubi
2105 3026 2176 3078 de
2207 3023 2461 3095 quodam
2497 3023 2702 3078 Latino
2724 3023 2995 3092 episcOpo
3027 3018 3322 3091 quondam
3357 3019 3621 3072 Crotona

1970 3111 2271 3180 scribitur,
2320 3111 2577 3165 voluisse
2622 3110 3034 3181 imperatorem
3067 3103 3156 3159 καὶ
3202 3101 3492 3170 ἐκκλησίαν
3543 3097 3623 3154 δι-

1973 3196 2122 3253 δόναι
2181 3199 2233 3253 οἱ
2288 3203 2368 3270 τῷ
2427 3198 2584 3272 λόγῳ
2645 3205 2746 3267 τῆς
2807 3193 3100 3257 ἐπιδόσεως
3157 3195 3230 3255 ὡς
3289 3190 3623 3267 σχολάζοντι

1974 3296 2073 3359 τῆς
2118 3287 2404 3363 λαχούσης
2441 3292 2832 3346 commendare
2878 3288 2986 3358 ipsi
3030 3285 3324 3342 ecclesiam
3369 3282 3622 3338 admini-

1975 3380 2264 3435 strandam
2313 3396 2383 3435 ea:
2427 3380 2801 3447 delegatione,
2852 3393 2962 3432 non
3009 3375 3305 3432 ordinaria
3345 3374 3624 3445 potestate,

1975 3471 2174 3524 cumis
2217 3469 2461 3525 ecclesiae
2489 3484 2654 3540 quam
2703 3467 2920 3522 dudum
2969 3466 3153 3536 fuerat
3198 3463 3446 3529 sortitus,
3478 3477 3618 3516 cura

1969 3575 2095 3630 Jam
2120 3561 2355 3612 vacaret.

2051 3645 2395 3716 Ἐπικόμπια
2453 3665 2507 3716 p.
2570 3647 2706 3702 294.
2763 3647 2849 3701 Ita
2901 3645 3037 3700 cod.
3098 3642 3272 3699 Allat.
3309 3684 3326 3705 ,
3385 3655 3456 3695 ex
3511 3656 3628 3711 quo

1979 3735 2176 3808 putavi
2209 3734 2621 3807 corrigendum
2670 3735 2932 3799 Barber.,
2983 3733 3082 3804 qui
3141 3725 3434 3804 ἔπιγκόπια
3465 3729 3630 3783 exhi-

1981 3826 2095 3880 bet.
2144 3823 2336 3889 Vatic,
2369 3823 2522 3878 clare
2567 3821 2862 3878 Allatiano
2893 3820 3208 3878 eonsentit.
3241 3820 3386 3874 Sunt
3427 3822 3625 3872 autem

1980 3907 2284 3982 ἐπικάμπια
2332 3926 2402 3964 ea
2448 3926 2572 3981 quas
2626 3909 2700 3965 ab
2747 3908 2883 3965 aliis
2954 3899 3290 3980 ἑπικὸμϐρια
3347 3907 3632 3960 vocantur

1981 4016 2014 4054 a
2047 3998 2298 4054 Meursio
2345 3997 2601 4053 laudatis
2633 4014 2700 4053 eo
2729 3998 2927 4064 verbo,
2956 4013 3165 4068 nempe
3201 3992 3499 4061 sudariola
3528 3995 3632 4046 aut

1981 4087 2136 4142 linea
2184 4091 2508 4159 segmenta,
2559 4103 2687 4157 quas
2737 4086 2937 4158 ligatis
2986 4086 3148 4140 intus
3193 4088 3349 4140 certo
3381 4095 3629 4138 numero

1981 4176 2310 4232 nummulis
2353 4175 2610 4231 materia
2645 4175 2884 4231 diversis
2917 4175 2976 4229 in
3023 4174 3251 4243 plebem
3303 4171 3629 4227 confertam

1973 4266 2347 4337 jaciebantur
2396 4264 2874 4320 solemnitatibus
2913 4263 3109 4319 certis.
3140 4262 3231 4318 Jo.
3282 4264 3631 4317 Cantacuze-

1982 4371 2116 4422 nus,
2178 4353 2217 4410 l.
2271 4370 2312 4422 1,
2362 4370 2410 4409 c.
2462 4353 2552 4419 41,
2585 4371 2643 4426 p.
2699 4355 2800 4408 t25
2847 4354 2940 4409 ed.
2984 4356 3125 4424 Reg.
3174 4351 3258 4423 Τῇ
3284 4347 3468 4421 ἡμέρᾳ
3508 4346 3634 4408 καθ’

1980 4443 2042 4510 ἣν
2102 4443 2129 4495 ὁ
2182 4438 2438 4516 βασιλεὺς
2475 4439 2718 4515 χρισθεὶς
2763 4439 2920 4512 ἔξεισι
2952 4444 3052 4496 τοῦ
3104 4442 3258 4506 ναοῢ,
3309 4435 3457 4512 παρά
3485 4453 3633 4495 τινος

1979 4534 2089 4585 τῶν
2144 4533 2549 4604 συγκλητικῶν,
2597 4529 2657 4584 ’ὀν
2713 4525 2772 4583 ἃν
2833 4524 3087 4604 βασιλεὺς
3143 4525 3346 4593 ὲθὲλοι,
3408 4522 3484 4585 είς
3539 4522 3633 4576 τὸν

215 4605 358 4680 mel—
373 4627 679 4695 poetarum
713 4622 973 4694 cuipiam
1019 4626 1284 4676 veterum
1335 4626 1618 4692 usurpata
1646 4622 1705 4675 in
1737 4637 1864 4676 ora-

1980 4617 2158 4692 δῆμον
2241 4619 2520 4695 ῥίπτονται
2582 4620 2614 4673 ἂ
2667 4615 2917 4694 λέγουσιν
2976 4610 3356 4692 ἐπικόμϐρια·
3414 4610 3636 4667 δύναται

209 4713 382 4769 tione
413 4729 520 4767 sua
578 4727 792 4783 ponere
834 4731 848 4778 ;
903 4726 1032 4780 qua:
1082 4727 1199 4765 una
1248 4727 1316 4764 ex
1365 4709 1563 4765 causis
1607 4714 1698 4765 est
1741 4710 1870 4780 ejus

213 4801 625 4858 obscuritatis.
675 4800 782 4855 Sed
835 4800 1030 4855 ethoc
1078 4804 1288 4868 praeter
1340 4798 1569 4853 Homeri
1619 4798 1872 4854 auctori-

219 4896 404 4947 tatem
437 4894 629 4955 novat,
665 4894 730 4944 ut
757 4889 1004 4944 verbum
1048 4890 1204 4960 apud
1239 4887 1405 4943 illum
1439 4891 1714 4944 neutrum
1749 4888 1875 4959 ipse

214 4981 476 5038 activum
564 4979 762 5050 faciat,
845 4979 971 5035 Non
1060 4979 1217 5034 enim
1303 4977 1497 5047 ἑαυτὴν
1562 4975 1869 5048 ἐπαλαστή-

215 5087 357 5120 σασα
399 5071 686 5124 Homerus
717 5070 917 5138 posuit
966 5071 1034 5122 ut
1065 5067 1294 5124 Noster.
1345 5067 1416 5122 Et
1463 5066 1646 5138 siqui
1691 5068 1748 5121 id
1783 5082 1870 5121 re-

211 5157 351 5224 fert,
413 5155 663 5228 simplex
720 5173 956 5229 quoque
1013 5156 1241 5228 hujus,
1300 5153 1655 5224 ἀλαστήσας,
1715 5156 1870 5211 idem

212 5248 493 5318 princeps
546 5253 853 5319 poetarum
908 5245 1174 5302 absolute
1206 5247 1335 5302 sine
1365 5246 1649 5318 regimine
1699 5262 1876 5302 casus

212 5335 418 5408 posuit
451 5335 620 5392 Iliad.
659 5356 730 5408 μ,
753 5354 804 5390 ν.
855 5337 977 5404 165,
1012 5337 1109 5390 ubi
1162 5335 1310 5395 ἅσιος
1355 5331 1692 5409 Ὑρτακίδης.
1739 5379 1750 5392 .
1798 5379 1810 5392 .
1860 5377 1874 5393 ,

210 5424 532 5494 ἀλαστήσας
586 5418 715 5485 ἔπος
749 5421 910 5493 ηὔδα,
947 5443 1064 5482 non
1105 5430 1301 5481 autem
1335 5424 1519 5478 ἑαυτὸν
1565 5422 1876 5493 ἀλαστήσας

211 5520 282 5570 nt
312 5515 409 5570 hic
443 5514 688 5570 Michael
722 5515 1086 5589 Palasologus
1119 5532 1154 5571 a
1185 5513 1877 5588 Pachymereiuducitur.

279 5678 353 5739 (α)
386 5674 486 5742 Hic
505 5676 658 5742 locus
689 5673 824 5742 citra
853 5689 1068 5742 causam
1103 5677 1267 5742 nimis
1299 5678 1537 5727 turbavit
1567 5675 1841 5742 hominem

1973 5677 2282 5742 tumjgnam
2316 5678 2360 5726 si
2392 5677 2759 5742 ἐξαυτωρεωινοί
2785 5677 3011 5742 dividas,
3025 5679 3346 5742 paribusque
3376 5677 3426 5737 ἐξ

1981 4707 2038 4764 δὲ
2093 4713 2253 4764 τοῦτο
2312 4705 2656 4781 ἀποδέσμους
2710 4710 2857 4770 τινὰς
2913 4707 2964 4764 ἐν
3011 4707 3239 4771 ὀθονίων
3263 4706 3516 4778 τμήμασι
3550 4699 3636 4756 δε-

1982 4797 2292 4873 δεμένους,
2370 4795 2521 4853 ἔνδον
2594 4795 2826 4873 ἔχοντας
2904 4796 3223 4870 νομίσματα
3291 4796 3469 4869 χρυσᾶ
3527 4794 3636 4845 τῶν

1986 4888 2281 4966 βασιλικῶν
2347 4887 2506 4964 τρία”
2542 4887 2632 4943 καὶ
2708 4886 2758 4960 ἐξ
2835 4886 3072 4964 ἀργύρου
3144 4888 3380 4940 τοσαῦτα
3451 4883 3487 4952 ἢ
3546 4877 3638 4935 καὶ

1985 4977 2185 5050 πλείω,
2217 4976 2307 5033 καὶ
2343 4972 2580 5042 ὀϐολοὺς
2623 4977 2727 5032 ἀπὸ
2761 4975 2976 5052 χαλκοῦ
3023 4975 3338 5037 τοσούτους.
3373 4973 3491 5028 Hoc
3551 4973 3641 5025 est

1988 5085 2057 5125 ex
2107 5069 2372 5125 versione
2435 5068 2678 5124 Pontani
2738 5069 2971 5123 nostri:
3023 5068 3121 5123 Die
3179 5081 3284 5137 quo
3339 5065 3639 5135 imperator

1988 5163 2181 5213 unctus
2240 5158 2501 5229 alainplo
2559 5157 2698 5224 exit,
2758 5157 2825 5213 ab
2878 5157 3068 5229 aliquo
3099 5158 3214 5228 ejus
3261 5155 3634 5226 Optimatium,

1987 5265 2118 5319 qum
2164 5246 2234 5302 ad
2288 5248 2386 5302 hoc
2432 5247 2676 5318 elegerit,
2737 5249 2796 5302 in
2845 5248 3109 5319 populum
3174 5246 3459 5313 iaciuntur
3517 5255 3636 5313 quae

1988 5339 2181 5391 vocant
2227 5336 2554 5407 epicombia.
2603 5337 2752 5392 Sunt
2799 5345 2986 5392 a'utem
3031 5334 3296 5407 fasciculi
3341 5332 3637 5402 segmentis

1992 5427 2176 5482 linteis
2200 5426 2427 5499 illigata
2473 5426 2729 5482 habentes
2759 5425 3102 5482 numismata
3132 5441 3306 5482 aurea
3332 5428 3636 5494 imperata-

1990 5517 2084 5572 ria
2111 5518 2244 5579 tria.
2275 5514 2500 5573 totidem
2529 5525 2786 5587 argentea
2817 5525 2915 5572 aut
2959 5518 3147 5588 ptura.
3175 5524 3227 5572 et
3255 5513 3438 5572 obolos
3465 5523 3637 5572 aereos

3468 5676 3636 5725 Αύτω-

280 5711 353 5739 ,..,
386 5711 486 5726 ...ν
507 5711 658 5752 ,τυ-..-
689 5711 824 5726 cm-
853 5711 1068 5749 ξηαπ...
1106 5711 1537 5750 ..πατέω-νυ...
1567 5711 1841 5726 ..πη-υ...
1872 5711 2124 5748 πωπω,
2159 5711 2282 5727 .......
2316 5711 2360 5726 ..
2392 5711 2758 5742 εφη-,μων
2785 5711 3011 5735 νων-..
3036 5711 3346 5742 ...ην-..μυ
3376 5711 3426 5737 ,ς
3468 5711 3634 5725 η-.--

215 5738 426 5804 ρεοιανί,
450 5753 548 5806 qui
575 5755 644 5790 ea:
671 5737 1081 5791 Aurea-sanorum
1107 5739 1318 5802 faenilia
1351 5741 1516 5798 «aut,
1548 5741 1726 5790 omnis
1759 5745 2046 5792 evanescot
2069 5739 2362 5791 difﬁcultas
2385 5752 2686 5793 ωτηιιιυι
2715 5743 2770 5792 in
2799 5745 2892 5791 not
2917 5740 2990 5791 ad
3020 5739 3396 5792 Iumentum
3423 5737 3643 5791 Arrenii
