4210 6448
630 364 768 420 1023

1706 370 1769 420 Ρ.
1810 366 2083 421 POBSINI
2117 360 2729 417 ΟΒΒΒΒΝΔἸἸΟΝΠΜ
2768 365 2899 417 LIB.
2940 365 2985 415 Ι.

3889 366 4033 423 1024

628 488 869 545 totidem.
922 493 1054 545 Hec
1102 489 1219 546 ille.
1268 492 1347 545 Ex
1414 490 1632 561 quibus
1684 489 1871 545 obiter
1920 487 2127 560 collige
2178 502 2263 541 cui

2387 504 2470 558 γει
2520 482 2577 539 δὲ
2618 484 2708 539 καὶ
2755 484 2861 539 ἆπὸ
2912 485 3202 548 ἐλάττονος
3247 488 3417 559 τιμῆς
3448 484 3523 549 εἲς
3572 485 3812 560 μιίζονα,
3846 488 4032 559 δηλα-

630 578 758 632 auri
806 595 919 632 non
952 579 1056 633 fiat
1089 579 1144 633 in
1192 584 1391 633 nostro
1444 578 1897 649 Pacbymeriano
1948 576 2075 631 loco
2108 591 2269 629 men-

633 666 736 731 tio,
772 668 870 721 sed
905 672 1316 737 argenteorum
1351 668 1633 721 duntaxat
1664 682 2063 736 aereorumque
2096 681 2273 719 num-

632 756 952 810 mulorum.
997 756 1170 810 Aurei
1200 756 1422 810 scilicet
1470 755 1697 810 nummi
1727 755 2136 827 largitionibus
2164 753 2271 806 im-

627 848 964 915 peratorum
998 862 1173 899 causa
1204 849 1261 900 et
1304 844 1542 901 nomine
1578 845 1742 900 factis
1774 844 2224 899 reservabantur
2254 858 2266 895 :

627 929 749 984 haec
784 937 979 986 autem
1016 932 1404 1002 patriarchica
1435 937 1575 1003 erat,
1610 951 1725 989 non
1754 932 2127 1005 imperatoris
2158 930 2275 1002 epi-

628 1018 994 1074 combiorum
1028 1021 1278 1091 sparsio.

706 1124 1082 1200 Ἐπιλυγάζειν
1144 1147 1214 1200 p.
1274 1131 1380 1185 353
1416 1171 1428 1183 .
1487 1130 1569 1185 Τὰ
1620 1128 2027 1204 ὡμολογημένα
2083 1124 2273 1182 ἐπιλυ-

624 1215 841 1288 γάζετο.
903 1220 1022 1273 Duo
1083 1218 1290 1273 ultima
1347 1220 1522 1274 verba
1576 1220 1736 1275 Vatic
1787 1222 1858 1274 de
1890 1235 2051 1273 more
2096 1235 2271 1290 παρα-

624 1301 841 1378 φρᾶζων
921 1306 1013 1360 his
1084 1306 1212 1362 aliis
1269 1314 1659 1364 commutat:
1726 1308 1793 1362 τὰ
1866 1306 2275 1383 συμπεφωμὲνα

625 1392 1038 1462 ἐπεσχεπάζεειο.
1123 1396 1428 1467 Signiﬁcat
1510 1403 1713 1453 auctor
1789 1398 1944 1452 hunc
2012 1398 2272 1468 legatum

625 1482 801 1538 c'ralis
833 1484 1047 1538 Serbiae
1080 1485 1489 1541 dissimulasse
1522 1488 1577 1540 in
1614 1488 1917 1541 tractando
1950 1487 2113 1557 prius
2144 1503 2275 1540 con-

629 1578 800 1626 venta
842 1578 897 1627 et
947 1573 1230 1645 stipulata
1275 1577 1429 1630 inter
1477 1576 1886 1646 imperatorem
1933 1582 1990 1631 et
2033 1575 2271 1640 eralem,

624 1666 819 1717 astuto
852 1662 951 1717 illa
1001 1662 1235 1718 silentio
1269 1663 1533 1733 legendo,
1568 1682 1637 1720 ne
1684 1665 1976 1719 mentione
2010 1666 2159 1719 facta
2200 1664 2271 1717 il-

622 1750 816 1804 lorum
866 1767 933 1805 ea
978 1757 1103 1805 rata
1158 1751 1373 1807 habere
1421 1752 1737 1808 videretur.
1787 1751 1936 1825 Λύγη
1982 1753 2272 1822 interpre-

2379 572 2446 643 δὴ
2480 574 2585 629 ἀπὸ
2617 576 2925 630 ἐπισκοπῶν
2980 575 3057 639 εἷς
3107 576 3476 650 μητρόπολιν,
3521 578 3554 642 ἢ
3588 578 3780 652 ἀνδρὸς
3829 580 4033 654 ἀρετήν

2377 663 2411 731 ἢ
2465 663 2626 718 πόλιν
2679 668 2888 736 τιμῶν,
2944 668 3069 720 Haec
3126 667 3207 721 ibi
3268 667 3518 739 aliaque,
3586 669 3644 723 in
3699 671 3917 740 quibus
3980 673 4034 726 si

2379 753 2471 809 cui
2506 754 2652 808 forte
2683 755 2732 809 is
2766 759 2970 810 auctor
2999 756 3265 811 videatur
3312 762 3663 828 potestatem
3705 759 3814 815 hoc
3846 761 4031 814 verbo

2378 841 2693 900 indicatam
2742 845 3050 899 extendere
3083 843 3261 900 latius
3308 861 3484 915 quam
3520 853 3584 901 ut
3613 848 3797 917 possit
3827 848 4023 903 conti-

2380 933 2504 988 neri
2538 933 2691 988 intra
2742 934 3027 989 terminos
3057 934 3239 988 sacris
3289 934 3617 992 canonibus
3649 942 3704 991 et
3733 937 4029 1009 exemplis

2379 1022 2835 1077 orthodoxorum
2871 1022 3222 1093 principium
3255 1024 3481 1078 dudum
3506 1025 3671 1091 ﬁxos,
3706 1030 3914 1096 priesto
3938 1031 4034 1081 est

2380 1110 2591 1167 idonea
2642 1113 2701 1168 in
2748 1114 3108 1169 contrarium
3153 1114 3458 1183 exceptio:
3507 1130 3716 1185 nempe
3768 1116 4031 1171 hominis

2379 1202 2757 1269 schismatici,
2810 1204 3038 1274 qualem
3072 1220 3133 1258 se
3176 1203 3508 1260 Demetrius
3542 1206 3633 1260 hic
3676 1207 3880 1261 eodem
3912 1207 4031 1261 isto

2379 1291 2598 1364 scripto
2623 1292 2816 1365 palam
2849 1293 3127 1359 declarat,
3152 1293 3559 1350 auctoritatem
3587 1296 3731 1350 nihil
3764 1296 4032 1368 legitime

2382 1382 2756 1452 priescribere
2784 1384 2986 1439 contra
3018 1381 3340 1437 doctrinam
3370 1383 3737 1438 catholicam.

2451 1480 2763 1554 Ἐπίσχεσις
2815 1498 2871 1553 p.
2932 1483 3057 1535 2‘25.
3108 1481 3244 1553 Agit
3293 1482 3364 1535 de
3416 1485 3715 1537 sacerdote
3775 1483 3873 1554 qui
3935 1489 4028 1537 at-

2379 1572 2706 1625 tentaverat
2748 1571 3090 1627 benedicere
3131 1572 3353 1642 nuptiis
3386 1572 3512 1626 sine
3544 1573 3817 1627 facultate
3857 1574 4032 1628 char-

2381 1659 2725 1732 tophylacis,
2776 1661 2869 1715 cui
2902 1661 3031 1715 ideo
3082 1661 3140 1715 in
3188 1679 3419 1731 poenam
3472 1663 3782 1733 suspensio
3815 1680 3849 1717 a
3890 1664 4032 1717 fun-

2383 1749 2574 1804 ctione
2638 1750 2949 1805 sacerdotii
2998 1751 3257 1821 irrogata
3307 1752 3405 1806 sit.
3460 1752 3563 1807 Est
3623 1768 3758 1823 ergo
3802 1749 4033 1823 ἐπίσχε-

619 1839 782 1894 tibus
836 1838 1071 1895 Homeri
1103 1845 1192 1894 est
1236 1836 1290 1892 ἐν
1326 1836 1427 1911 ἴσῳ
1477 1845 1556 1910 τῷ
1604 1838 1810 1915 ἠλύγη,
1845 1839 1875 1893 8
1922 1839 2030 1894 ἐστι
2075 1838 2263 1909 σκέπη,

2381 1856 2462 1897 σις
2491 1838 2884 1895 ecclesiastica
2933 1839 3188 1905 notione,
3223 1841 3376 1911 quod
3408 1841 3565 1910 juris
3595 1842 3859 1896 canonici
3888 1858 4033 1896 con-

619 1927 762 1983 σκιά.
799 1927 959 1983 Unde
992 1933 1080 1983 est
1128 1930 1280 1986 502
1315 1927 1541 2003 λυγαῖον
1581 1932 1644 2002 [Ρ
1673 1931 1798 2002 385]
1841 1933 1957 2003 φῶς
2006 1932 2265 2003 maligna

622 2019 739 2073 lux.
778 2018 920 2072 llinc
969 2014 1315 2091 ὶπιλυγάζειν
1369 2018 1583 2074 valebit
1628 2020 1970 2087 obsecurare,
2031 2020 2270 2092 caligine

623 2108 923 2179 o/Tundere,
960 2109 1167 2163 artifici
1200 2109 1430 2165 silentio
1463 2109 1732 2165 ivolvere.

716 2214 1250 2288 Ἐπιστημονάρχης
1342 2234 1423 2287 p.
1504 2218 1658 2272 261.
1742 2217 2268 2291 Ἑπιστημονσρχης

619 2319 732 2358 vox
785 2308 875 2359 est
947 2306 1272 2375 composita
1330 2322 1399 2361 ex
1473 2303 1790 2377 ἐπιστήμων
1848 2312 1907 2362 et
1967 2306 2138 2381 ἀρχὴ.
2194 2309 2265 2363 ad

620 2392 1076 2463 significandum
1140 2394 1462 2467 principem
1497 2397 1857 2467 cognitorem
1895 2439 1910 2465 ,
1963 2397 2071 2452 hoc
2130 2401 2263 2464 est,

622 2496 757 2537 eum
815 2482 908 2537 cui
968 2482 1025 2537 in
1086 2483 1292 2555 primis
1350 2486 1741 2556 cognoscendi
1802 2487 1873 2541 de
1931 2502 1992 2541 re
2070 2485 2269 2557 aliqua

609 2571 719 2641 jus
773 2572 1089 2643 competit.
1128 2574 1357 2645 ‘Aptum
1420 2574 1769 2630 vocabulum
1836 2575 1904 2630 ad
1966 2574 2263 2647 explican-

617 2660 754 2715 dam
790 2661 1120 2732 principum
1156 2668 1256 2717 aut
1286 2663 1737 2735 magistratuum
1773 2664 2142 2720 saecularium
2172 2663 2264 2719 in-

617 2750 1038 2806 terventionem
1070 2751 1131 2805 in
1157 2752 1398 2823 synodis
1431 2757 1531 2808 aut
1560 2754 1804 2809 cmtibus
1826 2752 2262 2809 ecclesiasticis.

614 2837 741 2893 Non
773 2838 931 2893 enim
965 2839 1038 2895 iis
1067 2841 1387 2911 praesident
1409 2846 1475 2896 ut
1496 2842 1731 2913 judices
1754 2859 1887 2898 cum
1906 2844 2040 2914 jure
2064 2843 2266 2898 suffra-

614 2925 695 2996 gii
729 2926 986 2994 decisivi,
1019 2929 1121 2983 sed
1173 2928 1471 2986 intersunt
1502 2936 1564 2985 ut
1596 2936 1800 2999 testes,
1827 2932 1949 2987 solo
1980 2932 2261 3004 cognitio-

613 3014 708 3070 nis
758 3016 1187 3087 approbatricis
1245 3018 1488 3075 arbitrio
1541 3020 1790 3076 decretis
1851 3020 2261 3076 auctoritatem

612 3105 1000 3172 conferentes,
1052 3111 1105 3161 et
1140 3107 1212 3161 ad
1261 3107 1697 3179 exsecutionem
1739 3110 1919 3164 robur
1950 3110 2261 3164 saeculares

2374 1926 2512 1982 eulti
2572 1931 2988 2001 suspensionem
3041 1930 3195 1986 503
3242 1937 3471 1996 vocant,
3525 1931 3778 2001 speciem
3831 1930 4024 1985 eccle-

2375 2017 2625 2073 siasticas
2681 2026 2954 2083 fcensum
3032 2020 3639 2075 excommunicatione
3714 2020 4032 2075 minorem-

2372 2108 2532 2170 Quod
2567 2111 2738 2162 etiam
2777 2108 3039 2163 indicant
3067 2109 3243 2163 verba
3272 2125 3404 2162 mox
3437 2108 3784 2179 sequentia:
3819 2110 4032 2163 Τοῦτο-

2372 2196 2477 2269 γὰρ
2510 2196 2610 2250 οὐκ
2640 2192 2787 2265 ἔδοξε
2812 2200 3058 2250 τοιοῦιον
3092 2198 3126 2265 ἢ
3153 2218 3205 2250 τι
3254 2194 3395 2250 ἄλλο
3431 2195 3648 2271 μέτριον
3682 2200 3761 2267 τῷ
3805 2194 4035 2270 βασιλεῖ

2372 2284 2657 2360 ἀγγελθὲν,
2707 2283 2832 2341 ἀλλ’
2885 2286 3192 2362 ἀφορισμὸς
3237 2286 3507 2361 ἄντικρυς.
3563 2288 3791 2351 Quibus
3839 2288 4027 2356 signi-

2372 2376 3029 2448 ﬁcatur_imperatorem
3060 2393 3119 2431 re
3151 2377 3264 2431 sibi
3297 2379 3568 2431 nuntiata
3597 2376 3677 2431 ita
3710 2376 4028 2445 exarsisse,

2374 2468 2545 2540 quasi
2598 2485 2714 2524 non
2765 2468 3075 2540 suspensio
3124 2468 3293 2538 illud,
3346 2470 3448 2524 sed
3493 2469 4030 2524 excommunicatio

2373 2559 2563 2628 major
2612 2558 2867 2625 fuisset,
2928 2558 3343 2613 contundendo
3402 2558 3626 2630 species
3683 2558 4030 2629 gradusque

2372 2665 2755 2703 censurarum
2806 2648 3239 2704 canonicarum.
3283 2647 3603 2703 Vaticanus
3647 2646 3819 2702 solita
3843 2647 4028 2702 liber-

2370 2741 2489 2793 tate
2533 2737 2690 2792 hunc
2738 2737 2929 2792 locum
2979 2736 3337 2812 παραφράζει,
3390 2753 3494 2807 pro
3548 2736 3663 2790 illis
3696 2735 3893 2790 verbis
3950 2735 4027 2794 ὡς

2369 2823 2691 2898 πρόστιμον.
2738 2868 2753 2882 .
2805 2866 2817 2879 .
2865 2866 2878 2879 .
2921 2823 3200 2898 ἐπίσχεσις
3253 2823 3344 2892 ἦν,
3391 2826 3475 2880 sic
3525 2825 3833 2879 scribens:
3894 2822 4025 2877 Ἐσ-

2369 2912 2616 2987 χόλαστο
2659 2918 2761 2981 τῆς
2804 2910 3105 2984 ἱερωσύνης
3156 2912 3302 2987 παρὰ
3343 2916 3441 2966 τοῦ
3471 2912 3820 2986 πατριάρχου
3882 2912 4030 2985 πρὸς

2366 3002 2581 3073 καιρόν.
2612 3008 2694 3059 De
2721 3020 2827 3058 suo
2860 3003 3024 3057 addit
3056 3002 3408 3058 mentionem
3440 3002 3775 3073 patriachze.

2439 3100 2503 3171 [ll
2556 3100 2683 3170 386]
2729 3096 3105 3172 Ἑταιρῖαρχοι
3155 3117 3209 3170 p.
3256 3101 3380 3155 321.
3433 3098 3577 3161 Τοὺς
3611 3096 3697 3152 ἰπὶ
3726 3104 3828 3166 τῆς
3876 3097 4027 3151 εἰσα-

608 3193 921 3262 potestatis
970 3194 1378 3268 adjungentes.
1416 3196 1521 3252 Ubi
1569 3198 1893 3253 notandum
1934 3198 2245 3269 primatum

2374 3195 2552 3263 γωγῆς
2585 3188 2678 3252 οὓς
2725 3187 3111 3263 ἓταιριάρχους
3160 3186 3442 3262 λέγουσιν.
3497 3190 3663 3256 Hinc,
3709 3194 3923 3261 praeter
3954 3206 4027 3246 ea

606 3279 789 3336 istum
816 3282 1209 3353 (cognitionis,
1234 3284 1333 3356 qui
1356 3291 1683 3357 competere
1719 3286 2107 3359 principibus,
2141 3303 2255 3342 non

609 3367 1027 3427 ecclesiasticis
1059 3371 1155 3427 hic
1185 3374 1418 3443 dicitur,
1453 3391 1583 3430 esse
1613 3382 1880 3447 respectu
1916 3383 2255 3431 ceterorum

611 3458 703 3513 sui
753 3458 1001 3525 ordinis,
1053 3460 1161 3515 hoc
1209 3466 1300 3517 est
1344 3462 1647 3531 laicorum,
1681 3466 1834 3521 inter
1861 3482 2008 3537 quos
2051 3466 2258 3537 primis

609 3546 755 3617 ipsis
785 3550 1055 3603 convenit
1116 3549 1256 3606 talia
1308 3569 1499 3608 nosse.
1564 3553 1853 3610 Alludunt
1909 3557 2090 3627 igitur
2143 3556 2258 3609 haec

612 3638 798 3692 nostri
832 3637 1089 3694 auctoris
1120 3642 1296 3696 verba
1319 3643 1390 3696 ad
1410 3648 1662 3699 veterem
1696 3645 2041 3700 memoriam
2074 3645 2258 3700 histo-

612 3724 709 3779 ria
740 3725 1174 3794 ecclesiasticae,
1225 3745 1354 3800 qum
1386 3729 1823 3787 Constantinos.
1874 3732 2257 3805 Theodosios,

611 3814 941 3871 Marcianos
992 3822 1095 3872 aut
1125 3818 1197 3873 ab
1226 3818 1321 3876 his
1353 3820 1568 3877 missos
1612 3821 1873 3894 legitime
1914 3825 2260 3894 praesedisse

608 3904 878 3960 conciliis
926 3906 1101 3962 fidem
1135 3908 1292 3978 facit,
1326 3909 1438 3966 isto
1471 3912 1753 3968 nimirum
1788 3929 1963 3985 quem
2015 3914 2257 3985 exposui

610 3994 804 4049 modo.
842 3997 1027 4058 Quare
1056 4012 1163 4052 vox
1209 3996 1479 4071 βασιλέως
1511 4000 1605 4057 hic
1648 4002 1967 4058 universim
1994 4008 2053 4059 et
2091 4004 2259 4059 inde-

611 4084 777 4141 finite
806 4088 1119 4155 sumenda,
1150 4094 1443 4160 quatenus
1475 4110 1590 4149 non
1624 4093 1776 4149 hanc
1808 4094 2260 4150 determinatam

611 4190 942 4246 personam,
964 4178 1064 4232 sed
1090 4194 1505 4253 quemcunque
1526 4182 1596 4237 ad
1628 4183 1927 4255 imperiale
1959 4184 2259 4255 fastigium

609 4272 872 4321 evectum
905 4267 1147 4324 indicat.
1184 4270 1561 4345 Participium
1590 4279 1783 4330 autem
1808 4276 1857 4330 ei
1888 4276 2256 4347 adjunctum,

605 4352 1019 4428 δικαιουμένου,
1056 4361 1450 4434 designatjus
1480 4364 1616 4419 talis
1647 4365 2004 4436 cognitionis
2030 4370 2087 4421 ct
2113 4383 2261 4437 prie—

609 4440 795 4501 sentis
830 4448 1063 4502 arbitrii
1097 4450 1153 4504 in
1198 4452 1620 4508 ecclesiasticis
1661 4454 1927 4521 coetibus,
1962 4472 2074 4509 usu
2106 4454 2259 4509 anti-

2366 3296 2497 3351 qua;
2544 3279 2615 3333 de
2662 3279 2771 3333 hac
2818 3294 2954 3335 voce
3006 3284 3170 3333 notat
3229 3279 3565 3348 Meursius,
3629 3278 4027 3349 intelligimus

2363 3371 2796 3426 introductores
2873 3370 2993 3426 sive
3072 3369 3523 3425 admissionales
3592 3371 4026 3440 imperatorum

2366 3459 2759 3516 haeteriarchos
2785 3458 2996 3527 dictos,
3029 3459 3185 3529 quod
3219 3474 3428 3529 nempe
3462 3458 3682 3512 tribuni
3717 3459 4027 3529 praetoria-

2366 3566 2601 3615 norum,
2658 3549 2876 3620 quibus
2929 3548 3162 3619 proprie
3213 3548 3268 3601 id
3306 3564 3515 3602 nomen
3567 3548 3861 3611 convenit,
3899 3546 4027 3619 ple-

2366 3654 2618 3709 rumque
2667 3639 2781 3693 isto
2814 3637 3147 3691 admittenti
3199 3638 3271 3691 ad
3305 3636 3626 3707 principem
3662 3636 3855 3691 ofﬁcio
3891 3636 4027 3690 fun-

2365 3730 2661 3799 gerentur.

2434 3821 2797 3898 Ἑτεροθαλής
2870 3840 2929 3894 p.

2364 3914 2564 3980 αὐτῶν,
2617 3931 2827 3987 nempe
2875 3914 3121 3969 Joannis
3183 3918 3240 3969 et
3306 3913 3649 3969 Theodosia
3700 3913 4027 3967 liberorum

3006 3825 3131 3879 292.
3200 3823 3314 3890 Τὴν
3397 3822 3696 3895 ἒτιροθαλῆ
3771 3818 4026 3894 ἀδελφὴν

2343 4004 2607 4060 Marthae
2640 4003 2858 4059 sororis
2901 4003 3293 4074 imperatoris.
3326 4002 3464 4069 Cap.
3500 4002 3770 4073 sequenti
3805 4002 3875 4055 de
3924 4018 4029 4055 ea-

2364 4092 2496 4146 dem
2531 4090 3001 4161 Nostongonissa
3049 4089 3296 4161 loquens
3329 4089 3539 4146 Noster
3570 4090 3746 4143 habet
3780 4088 4023 4154 iterum,

2363 4181 2454 4235 καὶ
2511 4186 2611 4248 τῆς
2670 4179 2845 4233 αὐτῶν
2902 4180 3259 4253 ὲτιροθαλοῦς
3322 4185 3421 4247 τῆς
3500 4176 3970 4253 Νοστογγονίσσης
4010 4222 4023 4235 .

2366 4271 2512 4336 Quid
2566 4272 2642 4326 sit
2672 4270 2780 4326 hoc
2830 4270 2954 4326 loco
2987 4265 3338 4340 ὲτεροθαλής,
3388 4269 3542 4325 clare
3592 4269 3761 4324 docet
3812 4269 4025 4322 Eusta-

2364 4359 2529 4414 thius
2563 4360 2633 4414 ad
2688 4360 2857 4415 Iliad.
2890 4377 2951 4431 χ,
2987 4377 3042 4430 ρ.
3081 4358 3221 4413 1283
3271 4359 3362 4412 ed.
3397 4362 3559 4413 Rom.
3593 4354 3788 4415 Παῖδες
3817 4356 4030 4428 πατρὸς

2369 4446 2445 4517 μὴ
2524 4447 2864 4518 ὁμομήτριοι
2946 4443 3285 4517 ἑτεροθαλεῖς
3360 4444 3635 4519 λέγονται,
3716 4446 3853 4501 Filii
3923 4463 4027 4515 pa-

610 4547 726 4601 quo
774 4540 831 4588 et
861 4544 1099 4606 patrum
1136 4538 1403 4595 Ecclesiae
1456 4548 1718 4596 veterum
1753 4558 2067 4610 consensu,
2104 4541 2260 4613 prin-
2291 4562 2335 4626 Ι)
2368 4539 2471 4592 tri:
2505 4537 2769 4608 ejusdem,
2802 4537 2893 4592 sed
2922 4538 3116 4592 matris
3146 4536 3400 4592 diversae.
3436 4535 3547 4590 Res
3582 4552 3751 4607 porro
3784 4536 3842 4589 in
3874 4552 4027 4605 pra:-

606 4620 840 4691 cipibus
870 4630 1231 4696 competens.
1271 4628 1518 4699 Reperio
1552 4647 1726 4686 usum
1756 4631 1867 4686 hoc
1895 4630 2176 4687 vocabulo
2198 4630 2258 4685 in

607 4711 811 4765 eadem
846 4713 1081 4771 notione
1114 4715 1476 4773 Demetrium
1510 4718 1939 4776 Chomatenum
1968 4719 2256 4791 archiepi-

606 4815 853 4871 900pum
888 4802 1175 4876 Bulgariaa
1208 4806 1265 4860 in
1298 4808 1789 4879 responsionibus
1819 4811 1889 4866 ad
1925 4809 2259 4865 Constanti-

605 4907 747 4945 num
782 4893 1105 4950 Cabasilam
1158 4896 1664 4970 archiepiscopum
1702 4899 2259 4972 Dyrrhachiensem,

605 4978 806 5037 relatis
840 5000 873 5036 a
925 4983 1273 5041 Leunclavio
1306 4986 1342 5040 l.
1379 5004 1412 5042 v
1450 4988 1611 5044 Juris
1652 4988 1848 5058 Graeco
1895 4988 2163 5058 Romani,
2200 5006 2256 5060 p.

599 5068 705 5123 3l6
738 5074 795 5124 et
828 5087 921 5141 sq.
953 5073 1048 5128 ed.
1088 5074 1597 5133 Francofurtensis
1635 5094 1730 5132 an.
1776 5080 1952 5146 164ος
1987 5078 2069 5133 ibi
2099 5077 2257 5133 enim

605 5157 728 5213 haec
776 5157 1058 5231 leguntur
1110 5180 1123 5218 :
1175 5163 1235 5219 Ὁ
1300 5161 1554 5238 βασιλεὺς
1610 5165 1709 5239 γὰρ
1770 5167 1859 5219 οἷα
1914 5165 2095 5227 κοινὸς
2150 5169 2257 5217 τῶν

605 5243 918 5316 ὶκκλησιῶν
974 5248 1470 5327 ἐπιστημονάρχης
1521 5252 1610 5307 καὶ
1660 5252 1734 5307 ὢν
1778 5255 1869 5308 καὶ
1922 5252 2258 5327 ὀνομαζόμε-

604 5357 695 5399 νος
754 5338 842 5393 ναὶ
898 5339 1207 5404 συνοδικαῖς
1283 5344 1534 5419 γνώμαις
1580 5343 1855 5401 ἐπιστατεῖ
1905 5345 1995 5401 καὶ
2049 5345 2113 5401 τὸ
2164 5349 2261 5399 x6-

606 5447 700 5504 ρος
785 5431 1006 5495 ταύταις
1090 5434 1375 5511 χαρίζεσαι
1410 5454 1424 5467 ο
1526 5434 1985 5507 ἑκκλησιαστικᾶς
2086 5437 2264 5506 τάξεις

609 5516 884 5594 ῥυθμίζει,
942 5524 1031 5578 καὶ
1090 5524 1374 5597 νομοτεθιῖ
1433 5521 1540 5600 βίῳ
1591 5526 1682 5581 καὶ
1731 5527 1983 5599 πολιτείᾳ
2010 5531 2109 5582 τοῦ
2156 5527 2261 5601 βή-

610 5628 803 5681 ματος,
853 5612 941 5668 ναὶ
994 5615 1102 5688 μὴν
1135 5615 1225 5669 καὶ
1278 5611 1455 5679 δίκαις
1481 5613 1793 5672 ἐπισκόπων
1842 5618 1931 5674 καὶ
1978 5618 2262 5693 κληρικῶν

600 5695 695 5753 καὶ
744 5702 880 5777 πρός
936 5724 998 5782 γε
1052 5707 1411 5782 χηρευουσῶν
1466 5706 1674 5785 ψήφοις
1729 5706 2059 5781 ἐκκλησιῶν.
2113 5704 2268 5763 Ἐνά-

2371 4626 2519 4681 senti
2556 4628 2639 4680 sic
2685 4642 2745 4681 se
2776 4625 3006 4691 habuit,
3040 4630 3104 4679 ut
3154 4624 3371 4679 diserte
3403 4625 3584 4678 tradit
3634 4623 4031 4695 Pachymeres

2368 4714 2478 4769 sub
2510 4715 2687 4769 finem
2723 4731 2770 4769 c.
2808 4715 2893 4769 19.
2930 4713 3346 4777 Tarchaniota,
3378 4713 3468 4766 vir
3496 4712 3733 4767 Marthae
3768 4718 3826 4766 et
3854 4727 3924 4767 ex
3957 4728 4030 4766 ea

2368 4809 2535 4875 pater
2581 4802 2825 4859 Joannis
2858 4809 2915 4858 et
2945 4802 3309 4871 Theodosius,
3343 4819 3411 4857 ex
3461 4802 3657 4874 priore
3694 4818 3871 4856 uxore
3921 4817 4029 4871 ge—

2366 4896 2573 4947 nuerat
2624 4898 2791 4948 antea
2822 4892 3340 4963 Nostongonisam,
3394 4891 3486 4945 cui
3520 4892 3751 4947 videtur
3782 4891 3853 4945 ad
3900 4890 4028 4944 dis-

2366 4982 2709 5039 tinctionem
2762 4986 3093 5036 maternum
3136 4980 3369 5035 familiae
3412 4996 3627 5035 nomen
3678 4979 4025 5036 adhaesisse.

2367 5077 2502 5129 Hinc
2534 5088 2599 5127 eo
2632 5072 2962 5127 notavimus
2993 5072 3135 5142 quia
3165 5070 3223 5124 in
3254 5069 3597 5141 vulgaribus
3629 5069 3834 5125 lexicis
3862 5068 4027 5122 haud

2370 5163 2515 5217 satis
2542 5160 2809 5217 disertim
2832 5160 3182 5232 exprimitur
3206 5158 3325 5214 haec
3356 5158 3531 5214 istius
3556 5159 3713 5215 notio
3731 5155 4027 5213 vocabuli.

2444 5256 2684 5334 Εὐλογία
2726 5278 2782 5331 p.
2817 5260 2941 5316 407,
2994 5258 3115 5313 Etsi
3145 5257 3325 5312 videri
3380 5262 3575 5329 potest
3603 5275 3772 5329 agere
3822 5262 4032 5312 auctor

2375 5349 2444 5405 de
2493 5349 2897 5405 benedictione
2942 5365 2975 5404 a
3024 5344 3357 5419 patriarcha
3408 5351 3540 5417 post
3590 5346 4027 5418 perceptionem

2372 5439 2641 5506 amiciori,
2692 5439 2803 5494 hoc
2860 5442 2973 5505 est,
3006 5441 3072 5492 ut
3119 5451 3226 5491 suo
3284 5434 3408 5491 loco
3462 5435 4027 5499 demonstravimus,

2374 5528 2535 5600 panis
2566 5528 2851 5596 benedicti,
2907 5524 3270 5597 accipienda,
3302 5530 3499 5580 tamen
3532 5524 3916 5581 verisimilius
3941 5529 4035 5579 est

2375 5612 2630 5693 εὐλογίας
2672 5616 2955 5674 vocabulo
3006 5614 3217 5687 panein
3269 5612 3466 5684 ipsum
3514 5614 3892 5671 benedictum
3937 5612 4032 5668 hic

2377 5706 2723 5779 signiﬁcari,
2770 5701 2915 5763 υιῑν
2966 5700 3057 5759 διὰ
3094 5699 3245 5756 δυοῖν
3291 5700 3612 5762 historicus
3653 5702 4031 5777 expresserit,
