4248 6438
189 403 331 463 1025

189 636 306 692 quo
333 620 601 690 ejusdem
634 616 813 672 unius
844 617 926 672 rei
961 615 1241 671 vocabula
1274 617 1646 673 continuans.
1683 616 1842 671 Reti-

191 709 293 763 nui
342 724 511 779 porro
564 706 768 761 Latine
821 721 1032 760 nomen
1083 704 1339 773 eulogia},
1373 705 1589 776 quippe
1639 706 1700 760 in
1737 704 1845 759 hac

195 796 436 851 notione
482 795 707 849 Latinis
738 792 1133 849 ecclesiastico
1174 794 1570 849 scribentibus
1616 795 1847 849 tritum.

192 885 383 941 Unum
416 884 592 939 altero
624 882 961 953 exemplum
996 898 1026 937 e
1079 881 1351 953 plurimis
1385 883 1604 954 passim
1645 898 1847 937 occur-

192 974 373 1040 suris,
402 989 472 1028 ex
503 973 739 1027 decreto
770 970 855 1025 Pii
890 987 1052 1042 papa
1075 972 1206 1040 ejus
1232 972 1492 1025 nominis
1526 972 1849 1043 primi,quo

195 1068 439 1135 putatur
484 1062 638 1116 hunc
672 1076 847 1115 usum
900 1060 1166 1115 sanxisse
1220 1060 1509 1114 benedicti
1572 1060 1738 1130 panis
1788 1061 1847 1114 in

193 1152 442 1208 ecclesia
472 1148 865 1205 distribuendi
900 1148 994 1204 his
1032 1149 1132 1219 qui
1170 1149 1238 1203 ad
1255 1149 1627 1204 Eucharisliae
1652 1165 1847 1219 peree-

194 1242 455 1313 ptionem
488 1238 675 1312 parati
707 1254 822 1293 non
851 1242 1068 1292 essent.
1110 1237 1172 1292 ld
1200 1238 1285 1292 sic
1335 1237 1513 1292 habet
1570 1237 1850 1292 Concilio-

194 1347 321 1385 rum
377 1333 536 1384 tomo
569 1328 613 1398 Ι,
648 1344 705 1399 p.
762 1326 867 1381 234
897 1327 986 1381 ed.
1025 1326 1165 1398 Reg.
1200 1327 1275 1380 De
1302 1325 1688 1382 oblationibus
1727 1341 1854 1397 quae

195 1419 505 1489 oferuntur
531 1433 567 1471 α
603 1416 827 1488 populo,
874 1423 927 1471 et
954 1414 1460 1471 consecrationibus
1508 1430 1634 1487 qua?
1661 1432 1853 1486 super-

194 1512 345 1573 sunt,
376 1506 462 1561 vel
507 1505 831 1575 depanibus
864 1520 997 1575 quos
1041 1505 1294 1572 deferunt
1334 1503 1519 1573 ﬁdeles
1567 1503 1637 1558 ad
1673 1506 1851 1561 eccle-

196 1598 364 1665 siam,
396 1596 477 1650 vel
508 1605 655 1650 certe
683 1593 754 1648 de
782 1591 917 1659 suis,
937 1592 1223 1663 presbyter
1249 1594 1641 1648 convenienter
1659 1596 1851 1663 partes

199 1686 408 1740 incisas
461 1683 659 1738 habeat
692 1684 752 1737 in
787 1698 910 1737 vase
956 1680 1135 1736 nitido
1161 1686 1212 1735 et
1259 1681 1628 1748 convenienti,
1652 1685 1709 1736 ut
1738 1690 1855 1754 post

198 1775 505 1829 missarum
548 1773 844 1840 solemnia,
905 1771 1001 1841 qui
1049 1770 1457 1826 communicare
1499 1788 1605 1827 non
1645 1773 1858 1841 fuerint

1660 404 2138 462 GLOBBABIUH.

188 533 328 588 dum
383 532 442 585 et
488 524 791 601 ἇντιδώρου
837 529 896 583 et
942 523 1190 599 εὐλογίας
1238 527 1517 583 distincte
1571 528 1841 585 meminit

1965 530 2087 583 ιο.τᾶ
2147 532 2308 601 σῶμα
2363 528 2565 605 φυὴ....

3458 404 3598 462 1026

2625 528 2781 603 ἑτέρα
2827 527 2883 583 δὲ
2934 528 3071 582 κατὰ
3126 531 3274 587 νοῦν.
3335 528 3453 584 ὅθεν
3514 527 3605 583 καὶ

1952 614 2153 693 εὐφυὴς
2206 618 2232 669 ὁ
2295 615 2350 669 εὖ
2410 613 2554 691 ἔχων
2614 616 2689 679 εἰς
2744 616 2807 671 τὸ
2866 613 3077 671 εἶδὲναι,
3107 618 3283 674 Vides
3318 618 3413 673 hic
3453 617 3608 673 clare

1954 706 2556 779 distinguiduplicem
2599 706 2717 762 vim
2764 707 2923 762 verbi
2980 705 3203 783 εὐφυής,
3249 725 3499 779 quarum
3532 707 3605 762 ad

1956 795 2170 851 mentis
2220 795 2600 851 acrimoniam
2654 813 2790 864 una,
2833 796 2904 850 ad
2956 798 3217 867 corporis
3294 812 3360 851 ac
3408 794 3606 850 vultus

1956 884 2209 955 speciem
2245 887 2529 957 pertineat
2558 884 2946 939 altera.Juxta
2964 884 3212 955 priorem
3229 899 3605 955 nequaquam

1956 974 2051 1029 hic
2080 974 2490 1045 Pachymerem
2528 973 2789 1028 locutum
2820 974 3051 1039 suadet,
3092 975 3244 1044 quod
3297 974 3347 1028 si
3398 972 3607 1027 incon-

1958 1079 2210 1134 sequens
2244 1063 2765 1134 promptitudinem
2797 1064 3021 1134 ingenit
3059 1063 3251 1117 nimiae
3271 1079 3335 1116 ac
3368 1061 3609 1116 morbo-

1958 1166 2046 1205 sas’
2094 1152 2286 1206 cardis
2338 1152 2779 1206 effervescentis;
2821 1157 3105 1221 tanquam
3140 1150 3441 1223 proprium
3467 1151 3605 1205 eire-

1958 1246 2116 1296 ctum
2177 1242 2500 1313 assignare,
2558 1243 2875 1313 praesertim
2926 1258 3057 1296 cum
3111 1258 3245 1297 mox
3277 1242 3455 1296 addat
3482 1257 3603 1295 rem

1960 1330 2134 1403 plane
2154 1330 2534 1399 contrariam,
2558 1348 2765 1402 nempe
2792 1332 3069 1403 [uligines
3095 1347 3165 1385 ea:
3193 1332 3296 1385 isto
3319 1330 3497 1385 cordis
3519 1330 3607 1383 in-

1960 1420 2151 1473 cendio
2195 1436 2421 1473 cursum
2470 1422 2529 1474 in
2586 1422 2871 1474 cerebrum
2963 1423 3205 1489 perlatas
3252 1419 3487 1473 rationis
3550 1420 3611 1473 in

1961 1510 2169 1563 Joanne
2196 1509 2426 1577 Augusto
2457 1524 2614 1562 usum
2644 1508 3009 1578 perturbasse.
3039 1507 3169 1562 Haec
3188 1507 3342 1562 enim
3366 1512 3455 1562 est
3476 1522 3610 1561 sen-

1961 1596 2143 1650 tentia
2187 1599 2494 1651 verborum
2549 1596 2826 1650 illorum:
2861 1594 3217 1669 Οὐστέγοντος
3261 1598 3359 1648 τοῦ
3416 1593 3614 1667 μορίου

1961 1682 2023 1736 τὸ
2073 1681 2242 1745 πάθος
2296 1683 2574 1737 κάντεῦθεν
2632 1682 3031 1758 ἐκτρεπομένου
3086 1687 3183 1737 τοῦ
3243 1683 3476 1751 εἰκότος,
3537 1683 3613 1743 ὡς

1967 1769 2107 1845 μηδὲ
2155 1772 2469 1846 χρησίμους
2516 1770 2788 1833 πολλάκις
2844 1772 3177 1844 ἀναπέμπειν
3208 1776 3287 1843 τῷ
3330 1770 3615 1849 εγκεφάλῳ

198 1865 407 1933 parati,
431 1860 684 1931 eulogias
720 1862 877 1918 504
906 1862 1059 1915 omni
1086 1861 1179 1915 die
1196 1860 1476 1915 Domintco
1490 1870 1541 1915 et
1568 1862 1624 1915 in
1664 1860 1858 1915 diebus
1886 1896 1934 1961 Β
1966 1860 2060 1922 τὰς
2092 1859 2463 1927 ἀναπνεύσεις,
2496 1863 2645 1928 Quin
2679 1867 2735 1917 et
2767 1864 2906 1917 dum
2951 1869 3157 1933 reputo
3196 1862 3611 1934 Pachymerem

199 1954 361 2023 festis
386 1950 586 2007 exinde
617 1951 917 2019 accipiant,
950 1964 1076 2020 quae
1098 1966 1224 2003 cum
1261 1949 1659 2005 benedictionis
1697 1952 1855 2021 prius

201 2042 409 2113 faciat.
429 2041 559 2096 Hinc
578 2041 713 2096 Pius
733 2056 885 2111 papa
906 2044 962 2095 et
978 2040 1307 2111 martyr,Ex
1324 2039 1545 2109 quibus
1559 2040 1720 2095 vides
1751 2056 1857 2095 cur

204 2129 483 2186 exclusus
517 2128 967 2201 participatione
998 2127 1240 2199 eulogia
1276 2127 1332 2181 in
1356 2128 1501 2183 festo
1538 2128 1595 2183 S.
1623 2128 1855 2201 Georgii

202 2220 449 2274 Michael
485 2224 788 2291 Augustus
810 2218 1043 2285 dixerit,
1086 2214 1311 2291 ἀνέορτα
1360 2214 1728 2291 ἒωρτάσαμεν,
1775 2222 1855 2289 fe-

201 2314 352 2364 stum
380 2310 647 2379 infestum
685 2307 1105 2363 celebravimus.
1150 2306 1267 2361 Hoc
1299 2310 1419 2361 est:
1472 2322 1588 2361 non
1629 2306 1688 2362 id
1722 2308 1856 2361 feri-

208 2415 346 2453 mus
377 2398 530 2469 quod
568 2397 693 2451 fieri
752 2396 898 2452 festo
938 2396 1032 2450 die
1082 2396 1152 2450 ad
1194 2396 1321 2465 ejus
1352 2395 1674 2467 legitimam
1710 2396 1856 2451 cele-

206 2486 535 2543 brationem
572 2487 658 2541 fas
685 2491 775 2540 est
806 2490 861 2539 et
906 2501 1050 2539 usus
1090 2483 1525 2539 ecclesiasticus
1558 2485 1854 2555 poscebat.

276 2609 524 2685 Εὖφυής.
582 2626 639 2681 p.
691 2610 780 2664 32.
829 2611 924 2666 Sic
954 2608 1364 2679 Pachymeres,
1398 2625 1636 2663 causam
1666 2609 1856 2663 morbi

203 2717 322 2772 quo
354 2700 516 2772 gravi
573 2704 631 2753 et
678 2697 852 2769 longo
900 2697 1191 2751 laboravit
1245 2698 1565 2768 imperator
1599 2698 1857 2753 Joannes

211 2787 794 2852 Lascarisindicans,
824 2786 1063 2857 scripsit
1089 2785 1187 2840 :Tb
1216 2781 1260 2838 δ’
1305 2784 1395 2853 ἦν,
1449 2785 1524 2846 ὡς
1571 2780 1765 2856 ἔοικεν,
1799 2785 1857 2839 ἐκ

207 2876 405 2945 ζέσεως
464 2876 694 2943 φυσικῆς
754 2870 1047 2949 ἒγκαρδίου
1083 2915 1096 2928 .
1153 2874 1303 2927 Ὃθεν
1341 2915 1354 2941 ,
1416 2874 1591 2945 οἶμαι,
1650 2874 1739 2927 καὶ
1794 2874 1857 2929 τὸ

192 2964 399 3042 -εὖφυὶς
448 2963 635 3035 ἐκείνῳ
691 2962 781 3017 καὶ
834 2963 963 3038 ὑπὶρ
1011 2963 1073 3017 τὸ
1129 2969 1412 3038 προσῆκον
1444 2963 1533 3033 ἦν.
1567 2969 1700 3021 Haec
1752 2982 1855 3037 ego

204 3058 265 3110 in
303 3056 456 3110 hunc
486 3055 727 3109 modum
755 3057 1040 3108 verteram
1070 3070 1082 3109 :
1129 3053 1305 3125 Origo
1337 3055 1455 3115 eius
1504 3054 1860 3109 versimiliter

204 3144 593 3215 imputabatur
612 3144 863 3198 naturali
893 3144 1313 3215 eﬂ'ervescentiae
1339 3143 1519 3199 cordis
1543 3161 1556 3210 ;
1592 3160 1759 3215 quam
1804 3148 1856 3199 et

197 3250 436 3289 causam
465 3235 517 3288 ei
544 3235 717 3304 fuisse
746 3249 876 3288 reor
927 3234 1145 3287 ruboris
1201 3234 1262 3286 in
1319 3234 1477 3287 vultu
1530 3232 1847 3301 ﬂagrantis.
1882 3262 1925 3329 C

194 3326 387 3394 Super
410 3322 523 3387 his,
556 3322 857 3393 editajam
883 3320 1059 3393 priori
1091 3321 1849 3394 parteillaPachymerianas

194 3412 482 3480 historias,
513 3414 889 3467 convenitme
909 3412 1065 3466 viret
1096 3411 1383 3483 dignitate
1408 3410 1851 3467 illustrissimus

194 3508 255 3557 et
286 3502 524 3573 ingenio
548 3518 613 3557 ac
644 3501 1008 3556 eruditiones
1026 3500 1615 3571 praestansjdemque
1638 3501 1851 3555 huma-

195 3589 487 3645 nissimus
519 3606 584 3644 ac
618 3588 727 3645 mei
752 3588 923 3661 longe
954 3606 1136 3661 supra
1168 3590 1445 3644 meritum
1496 3606 1742 3644 amans:
1794 3594 1853 3644 et

200 3678 401 3733 mirari
426 3694 487 3733 se
537 3677 679 3732 dixit
710 3678 867 3749 quod
915 3676 978 3729 τὸ
1027 3676 1239 3749 εὐφυὲς,
1300 3694 1415 3748 quo
1472 3678 1645 3749 vulgo
1692 3678 1851 3750 inge-

200 3768 370 3822 nium
405 3766 723 3831 industria,
757 3767 910 3821 bona
940 3764 1196 3832 indoles;
1230 3766 1287 3821 in
1307 3766 1572 3821 classicis
1605 3767 1852 3822 auctori.

190 3856 304 3911 bus
338 3855 633 3927 signatur,
666 3871 773 3927 ego
806 3856 877 3910 ad
913 3854 1110 3909 vultus
1144 3856 1417 3911 ruborem
1478 3855 1851 3911 contulerim.

198 3946 348 4001 Huic
379 3960 487 4017 ego
518 3944 726 4016 gratiis
754 3943 975 4016 prolixe
1005 3944 1249 4011 habitis,
1282 3950 1339 3999 et
1370 3961 1436 3999 ex
1470 3962 1603 4000 vero
1635 3944 1856 4016 signiﬁ-

204 4039 337 4089 catu
373 4021 674 4089 docilitate
701 4049 827 4088 mea
860 4034 926 4087 ad
956 4034 1486 4105 obtemperandum
1534 4040 1690 4089 recta
1732 4051 1853 4089 mo-

199 4124 508 4190 nentihus,
542 4123 773 4177 ostendi
808 4122 950 4193 quid
985 4126 1225 4177 secutus
1259 4140 1291 4176 a
1340 4129 1478 4177 nota
1523 4124 1679 4177 vocis
1728 4124 1858 4193 ejus

198 4214 440 4267 notione
484 4212 871 4265 deﬂexissem.
916 4212 985 4265 Et
1054 4210 1153 4265 ille
1204 4228 1295 4265 me
1345 4211 1567 4279 audito,
1617 4212 1857 4265 innuere

191 4318 311 4356 non
344 4305 436 4355 est
456 4304 732 4373 gravatus
766 4300 880 4354 sibi
915 4300 1334 4355 satisfactium.
1390 4300 1533 4364 Quia
1568 4316 1700 4354 vero
1721 4317 1853 4354 eru-

191 4389 336 4444 ditis
370 4404 604 4461 quoque
640 4388 773 4443 aliis
804 4388 1124 4443 lectoribus
1176 4388 1367 4443 simile
1416 4389 1720 4459 quidpiam
1762 4405 1858 4443 oc-

195 4495 374 4533 cursu
402 4479 533 4547 ejus
564 4476 674 4531 loci
707 4480 1024 4531 venturum
1060 4476 1115 4530 in
1151 4482 1407 4532 mentem
1441 4482 1532 4532 est
1562 4477 1859 4543 credibile,

1967 1950 2213 2006 lectione
2258 1950 2625 2022 antiquitatis
2678 1952 2915 2022 plenum
2970 1951 3163 2021 potius
3215 1952 3273 2005 in
3307 1951 3614 2006 scribendo

1972 2040 2260 2112 respicere
2292 2041 2434 2111 quid
2466 2041 2619 2111 apud
2656 2044 2923 2095 auctores
2954 2040 3163 2095 viderit
3193 2057 3369 2111 quam
3409 2057 3617 2095 curare

1969 2132 2113 2203 quid
2156 2132 2350 2187 minus
2377 2132 2504 2202 ipso
2534 2131 2707 2187 tritus
2741 2132 2797 2185 in
2832 2131 3011 2187 veteri
3061 2131 3389 2187 eruditione
3438 2131 3619 2185 lector

1966 2220 2371 2275 intellecturus
2396 2220 2593 2275 statim
2623 2220 2713 2290 sit,
2747 2219 2804 2274 in
2840 2218 3056 2289 animo,
3082 2236 3216 2274 cum
3248 2218 3370 2273 hmo
3402 2219 3616 2274 chartas

1967 2309 2243 2373 illineret,
2274 2308 2549 2364 habuisse
2576 2309 2752 2363 simul
2778 2308 2911 2364 illos
2942 2308 3177 2363 Homeri
3208 2324 3413 2363 versus
3438 2308 3617 2364 iliad.

1970 2398 2018 2467 δ,
2052 2402 2211 2455 Τοῖοῑ
2240 2420 2323 2452 τοι
2359 2396 2603 2455 Μενὲλαο
2643 2399 2871 2467 μιάνθην
2911 2396 3100 2469 αἵματι
3154 2398 3324 2472 μηροὶ
3377 2397 3621 2474 εὐφυέες,

1967 2488 2146 2544 simul
2179 2488 2470 2543 Plutarchi
2494 2506 2561 2543 ex
2584 2489 2754 2544 libro.
2792 2489 2917 2549 Πῶς
2948 2487 3006 2540 ἃν
3040 2508 3121 2547 τις
3149 2485 3396 2540 αἴσθοιτο
3429 2487 3622 2541 ἑαυτοῦ

1966 2578 2375 2651 προκόπτοντος
2410 2575 2492 2629 ἐπ’
2521 2577 2708 2650 ἀρετῇ,
2743 2578 2937 2633 locum
2961 2578 3117 2632 hunc
3148 2578 3455 2647 dejuvene
3487 2594 3624 2649 pro-

1969 2667 2193 2739 gressio
2216 2668 2341 2736 jam
2377 2667 2434 2721 in
2467 2668 2661 2722 studio
2692 2667 2956 2722 virtutis:
2980 2663 3157 2722 Ἀλλὰ
3204 2665 3295 2719 καὶ
3336 2685 3620 2739 προσαγο-

1967 2754 2172 2828 ρευθεὶς
2206 2755 2287 2832 ὑφ’
2321 2754 2505 2828 ἑτέρου
2552 2753 2721 2828 tat-Str;
2766 2758 2836 2827 τῇ
2881 2753 3229 2830 προσηγορίᾳ
3270 2752 3625 2829 (φιλοσόφου)

1969 2843 2214 2919 φράσειεν
2264 2842 2326 2897 ἃν
2376 2844 2579 2923 εὐφυὴς
2628 2846 2767 2912 νὲος,
2820 2843 2948 2897 ὥστ’
2998 2843 3169 2897 εἰπεῖν
3208 2840 3491 2916 μειδιάσας
3537 2845 3628 2899 καὶ

1969 2931 2340 3003 ὑποπλησθεὶς
2368 2932 2732 3008 ἐρυθήματος,
2774 2930 2846 2987 Οὔ
2884 2931 2969 2996 τίς
2995 2954 3080 2988 τοι
3134 2933 3253 2997 θεός
3304 2932 3447 3005 εἶμι,
3497 2950 3631 2990 cum

1963 3022 2021 3077 in
2047 3023 2234 3095 primo
2264 3029 2563 3078 cruentam
2596 3024 2966 3091 rubedinem,
3001 3024 3060 3079 in
3093 3022 3277 3079 altero
3320 3040 3603 3079 verecun-

1964 3112 2102 3167 dum
2139 3112 2410 3167 ruborem
2440 3112 2627 3178 faciei,
2670 3113 2989 3183 conjuncta
3033 3128 3169 3168 cum
3198 3112 3481 3168 vocabulo
3512 3110 3606 3165 εὖ·

1964 3202 2105 3271 φυής
2141 3202 2383 3267 videret,
2414 3200 2558 3256 illud
2593 3204 2649 3257 in
2683 3218 2791 3257 sua
2823 3201 3139 3274 scriptione
3190 3202 3459 3273 posuisse
3490 3203 3612 3257 ani-

1967 3308 2059 3347 mo
2089 3290 2388 3345 indicandi
2412 3291 2798 3362 conspicuum
2824 3291 3093 3346 ardorem
3125 3290 3325 3346 vultus
3354 3291 3611 3363 ﬂagran-

1958 3380 2059 3447 tis,
2092 3379 2326 3451 qualem
2360 3380 2417 3433 in
2448 3379 2674 3435 Joanne
2708 3378 2933 3435 Lascari
2965 3396 3032 3435 ex
3054 3380 3247 3435 cordis
3278 3380 3613 3437 inﬂamma-

1961 3469 2145 3535 tione,
2182 3472 2248 3523 ut
2290 3468 2582 3535 credebat,
2617 3474 2808 3523 ortum
2842 3469 3276 3525 observaverat.

2033 3590 2344 3666 Εὐχὲλαιον
2397 3610 2452 3664 p.
2492 3593 2618 3649 5H.
2652 3594 2734 3648 Ad
2783 3610 2981 3650 vocem
3028 3590 3319 3668 εὗχὲλαιον
3349 3594 3471 3649 haec
3508 3611 3616 3650 an-

1958 3688 2118 3739 notat
2162 3682 2611 3739 Meursius:Sic
2646 3682 2933 3737 dicebatur
2960 3684 2996 3751 ἡ
3048 3680 3352 3745 ἀκολουθία
3392 3699 3512 3754 ςυστ
3554 3686 3616 3738 in

1956 3771 2379 3827 consecratione
2430 3773 2539 3827 olei
2627 3771 2962 3842 psallebatur
3018 3789 3053 3827 a
3115 3776 3312 3844 septem
3360 3774 3615 3829 sacerdo-

1960 3860 2127 3917 libus.
2188 3861 2467 3915 Eruditus
2502 3860 2792 3931 interpres
2808 3859 3147 3932 Euchologii
3180 3861 3335 3916 notis
3365 3862 3435 3917 ad
3461 3859 3618 3935 εὐχέ-

1961 3946 2117 4003 λαιον
2152 3967 2208 4021 p.
2234 3950 2328 4004 451
2364 3949 2449 4005 sic
2470 3949 2673 4004 scribit
2700 3966 2712 4003 :
2745 3952 2963 4004 Passim
3000 3954 3185 4005 autem
3221 3967 3415 4006 rursus
3448 3949 3616 4025 εὐχέ-

1962 4036 2116 4093 λαιον
2146 4043 2368 4093 vocatur
2404 4041 2567 4109 quasi
2594 4038 2742 4093 dicas
2790 4040 2920 4110 (non
2965 4039 3074 4095 olei
3119 4042 3617 4110 consecrationem,

1963 4138 2021 4183 ut
2084 4128 2315 4183 barbare
2389 4128 2672 4184 Meursius
2741 4130 2799 4181 in
2861 4127 3154 4199 Glossario)
3228 4129 3420 4184 oleum
3486 4147 3619 4185 cum

1964 4218 2245 4283 oratione,
2276 4216 2591 4286 compositis
2624 4216 2694 4269 ad
2723 4214 2963 4270 invicem
2996 4214 3167 4287 εὐχῆς
3208 4224 3259 4270 et
3306 4213 3493 4268 ἐλαίου
3522 4233 3617 4271 vo-

1961 4308 2136 4360 cibus.
2172 4304 2584 4376 Hascille;qui
2624 4320 2822 4359 vereor
2869 4308 2934 4360 ut
2986 4310 3105 4360 tam
3158 4304 3326 4359 facile
3386 4310 3622 4376 praestet

1963 4394 2300 4466 aequitatem
2324 4411 2442 4449 sum
2456 4409 2723 4449 censurae
2736 4394 3215 4464 quamMeursius
3230 4394 3301 4448 ab
3327 4393 3585 4465 interprc
3600 4425 3619 4434 -

1965 4484 2187 4539 tatione
2226 4500 2336 4538 sua
2376 4482 2661 4537 barbarici
2738 4487 2936 4538 notam
2998 4482 3175 4538 eluat.
3226 4482 3372 4537 Nam
3424 4499 3623 4537 revera

200 4584 332 4640 quae
363 4566 447 4621 illi
482 4566 801 4637 respondit,
827 4566 1019 4638 palam
1048 4567 1139 4620 hic
1170 4582 1456 4637 exponere
1498 4582 1685 4637 operae
1729 4583 1861 4637 pre-
1892 4617 1933 4640 η
1967 4577 2088 4627 tota
2118 4571 2462 4627 casremonia
2483 4588 2547 4625 ac
2571 4570 2721 4625 ritus
2742 4570 2944 4626 multis
2960 4570 3325 4627 orationibus
3356 4588 3423 4627 ac
3443 4571 3622 4627 bene-

194 4656 349 4711 tium
384 4654 625 4727 putavit.
657 4655 782 4711 Non
817 4672 907 4710 me
937 4654 1079 4710 latet
1110 4652 1298 4726 ιύφυὲς
1359 4655 1699 4725 adaptatum
1758 4655 1857 4709 ho-

198 4746 347 4801 mini
403 4743 756 4816 plerumque
805 4759 1014 4799 sonare
1063 4742 1127 4796 τὸ
1179 4739 1453 4811 δέξιὸντοῦ
1508 4746 1605 4796 νοῦ
1642 4742 1747 4795 ’καὶ
1803 4741 1859 4796 εὖ

188 4832 434 4906 πεφυκὸς
466 4831 606 4904 πρὸς
648 4830 937 4902 τὸμαθεῖν,
982 4832 1341 4887 industriam
1401 4838 1458 4888 et
1516 4833 1856 4888 facilitatem

193 4922 518 4994 quamdam
568 4920 719 4976 acris
769 4920 1013 4991 ingenii.
1073 4921 1183 4976 Sed
1231 4927 1288 4976 et
1338 4922 1459 4977 scio
1506 4921 1859 4993 Hesychium

191 5008 365 5083 εὖφυῆ
394 5009 689 5083 explicare
707 5026 809 5081 per
839 5006 1042 5081 ὡραῖον
1061 5009 1641 5066 formosum.Formas
1666 5016 1860 5066 autem

199 5105 430 5172 partem
462 5100 521 5155 in
555 5099 719 5154 vultu
754 5099 887 5171 quis
920 5107 1089 5170 neget
1121 5099 1393 5154 ruborem
1427 5115 1564 5154 ense
1594 5100 1620 5154 ‘t
1643 5100 1859 5171 etquid

202 5189 363 5244 aliud
397 5189 469 5244 ad
496 5188 743 5245 formam
798 5189 1103 5259 pertinens
1128 5186 1188 5241 ἐκ
1246 5186 1440 5255 ζέσεως
1487 5194 1717 5264 φυσικῆς
1766 5187 1860 5262 ἐγ-

198 5275 449 5352 καρδίου,
497 5294 567 5334 ea:
594 5278 856 5353 naturali
883 5280 1099 5347 fervore
1138 5278 1340 5346 cordis,
1384 5295 1558 5348 quam
1610 5281 1861 5334 ruboren

200 5368 297 5425 hic
329 5367 445 5423 dici
478 5367 761 5425 exsistere
820 5366 1216 5423 verisimiliter
1249 5367 1623 5423 comminisci
1657 5368 1863 5440 potui?

200 5458 380 5513 Recte
407 5456 756 5513 Eusthatius
788 5458 859 5512 ad
892 5455 1053 5512 Iliad.
1089 5458 1325 5530 ῇ,ρ.172
1358 5456 1861 5526 θά.Ηοω.⁹Ρητὲον

200 5546 275 5607 ὡς
310 5541 467 5614 διττή
518 5547 553 5615 ἡ
605 5545 737 5619 ipsi],
792 5547 827 5614 ἠ
884 5544 980 5617 μὲν
1034 5544 1174 5599 κατὰ
1218 5543 1285 5599 τὰ
1334 5543 1575 5605 iubam.
1620 5542 1862 5616 δεξιότης

200 5636 334 5690 οὖσα
364 5636 655 5708 σωματικὴ
699 5634 791 5689 καὶ
825 5634 901 5696 εἷς
940 5633 1136 5689 ταυτὸν
1181 5633 1394 5703 ἥκουσα
1438 5638 1517 5705 τῷ
1566 5632 1858 5694 κάλλει....

200 5725 294 5803 ἀφ’
358 5723 429 5793 ἧς
475 5725 564 5780 καὶ
631 5723 928 5800 πρόσωπον
976 5725 1287 5801 εὐφυὲς.....
1342 5723 1434 5779 καὶ
1481 5724 1619 5793 αὗτή
1680 5725 1773 5797 μὲν
1821 5727 1858 5795 ἠ

1967 4661 2323 4715 dictionibus
2368 4666 2645 4714 constans
2714 4676 2829 4731 quo
2904 4660 3356 4715 consecrabatur
3403 4660 3621 4729 oleum,

1974 4746 2262 4822 εὐχὲλαιον
2306 4752 2566 4803 vocatur.
2614 4746 2859 4802 Videtur
2880 4752 3074 4803 autem
3128 4752 3621 4804 auctornotarum

1976 4831 2045 4885 ad
2077 4827 2499 4899 Euchologium
2532 4828 2689 4881 tdem
2723 4827 2831 4882 hoc
2863 4827 2988 4883 loco
3020 4844 3253 4899 passus,
3299 4829 3452 4899 quod
3515 4829 3625 4883 hu-

1976 4919 2236 4975 manitus
2278 4916 2344 4991 [P
2400 4917 2526 4987 387]
2586 4917 2906 4989 contigisse
2964 4916 3141 4973 refert
3191 4916 3417 4973 Gellius
3468 4917 3505 4972 l.
3547 4934 3628 4973 vn

1975 5007 2229 5065 Noctium
2278 5008 2605 5073 Atticarum,
2624 5022 2673 5061 c.
2696 5006 2785 5073 l7,
2808 5006 3194 5078 grammatico
3208 5006 3446 5063 cuidam
3472 5005 3626 5062 cele-

1977 5097 2065 5153 bri
2118 5114 2150 5151 a
2192 5112 2255 5151 se
2302 5096 2664 5166 interrogato
2710 5096 2781 5150 de
2831 5095 3070 5150 notione
3128 5095 3287 5151 vocis
3335 5097 3625 5151 obnoxius.

1982 5203 2097 5258 quo
2129 5185 2215 5241 sic
2244 5185 2323 5239 ibi
2347 5184 2570 5239 Gellius
2602 5184 2843 5239 scribit:
2881 5185 3001 5253 Qua
3028 5200 3156 5241 vero
3188 5184 3292 5240 ille
3311 5186 3634 5255 grammati-

1977 5293 2070 5333 cus
2099 5277 2357 5346 ﬁnitione
2386 5290 2521 5329 usus
2551 5283 2654 5338 est,
2680 5290 2745 5329 ea
2772 5273 2980 5329 videtur
3015 5274 3076 5329 in
3105 5275 3275 5330 verbo
3302 5279 3417 5329 tam
3436 5276 3630 5329 mutti-

1975 5366 2113 5440 ptici
2143 5382 2315 5421 unam
2347 5365 2720 5420 tantummodo
2776 5364 3195 5435 usurpationem
3240 5364 3361 5435 ejus
3396 5372 3629 5421 notasse.

1976 5457 2069 5513 Sic
2101 5456 2258 5512 enim
2293 5459 2349 5510 et
2370 5454 2432 5509 P.
2466 5454 2637 5521 Goar,
2666 5470 2799 5509 cum
2832 5454 3030 5525 plures
3066 5449 3357 5526 εὐχελαίου
3406 5452 3631 5525 species

1978 5546 2217 5609 fuerint,
2248 5545 2451 5600 omnia
2482 5544 2552 5599 ad
2588 5560 2765 5599 unam
2800 5542 3002 5609 trahit,
3031 5558 3159 5597 eam
3193 5560 3309 5615 qua
3334 5541 3523 5597 oleum
3558 5541 3630 5597 ad

1978 5634 2317 5692 unctionem
2362 5632 2732 5689 infirmorum
2796 5632 3155 5705 parabatur;
3187 5648 3221 5687 a
3269 5648 3387 5704 qua
3435 5635 3631 5687 tamen

1978 5726 2104 5798 ipse
2154 5722 2294 5780 alibi
2349 5722 2639 5779 diversam
2681 5728 2972 5781 memorat
3022 5739 3079 5795 p.
3121 5722 3247 5794 441,
3301 5721 3473 5793 cujus
3502 5716 3637 5774 ἁκο-
