4248 6438
586 378 728 435 1027

1663 377 1727 430 Ρ.
1767 372 2049 427 POSBINI
2073 369 2698 428 OBSERVATIONUM
2734 374 2866 426 LIB.
2906 375 2953 428 Ι.

3868 370 4008 428 1028

586 497 814 556 λουθίαν
846 496 966 555 sive
990 495 1248 553 ofﬁcium
1280 511 1347 551 ac
1374 494 1829 551 consecrationis
1879 494 2055 549 ritum
2115 492 2238 549 edi-
2262 496 2324 561 Α
2353 492 2517 549 nulla
2562 498 2787 550 restare
2829 493 3081 561 vestigia
3132 493 3412 566 Zeuxippi
3443 497 3699 554 testatur
3727 496 4004 565 Gylliusl.

585 595 716 646 tum
749 604 810 644 se
842 587 1058 643 vidisse
1100 586 1200 652 ait,
1218 584 1327 640 etsi
1361 601 1479 639 sua:
1498 583 1824 639 collectioni
1850 599 1964 638 non
1988 598 2231 639 curave-

586 681 667 734 rit
736 678 995 732 inserere
1038 679 1277 747 propter
1309 672 1707 744 suspicionem
1738 672 2052 743 cujusdam
2086 672 2144 725 in
2169 687 2236 728 eo

585 763 1043 835 ἐθελοθρησκείας
1075 769 1133 821 et
1161 762 1623 835 superstitionis.
1655 762 1822 817 Certe
1852 762 1961 817 hoc
2003 778 2237 832 quoque

586 859 759 927 cujus
791 855 885 910 hic
912 854 1299 925 Pochymeres
1322 852 1593 906 meminit
1620 847 1934 923 εὐχὲλαιον,
1987 855 2114 905 tum
2164 849 2237 905 ab

586 945 687 1000 illo
738 960 857 1000 non
908 943 1205 997 immerito
1248 940 1446 1006 Goari,
1509 946 1783 1009 suspecto
1813 938 2107 994 euchelaao
2132 955 2236 1010 pro

586 1032 860 1101 mortuis,
886 1048 1065 1103 quam
1115 1028 1297 1085 Graeci
1341 1034 1555 1083 vocant
1591 1025 1816 1095 τελετὴν
1864 1025 2051 1081 ἐλαίου
2100 1026 2235 1101 ὑπὲρ

581 1124 692 1175 τῶν
724 1116 1127 1191 κοιμηθέντων,
1162 1127 1283 1172 tum
1315 1134 1349 1173 a
1379 1117 1814 1173 consecratione
1848 1115 1960 1171 olei
2012 1133 2116 1187 pro
2146 1116 2235 1171 in-

584 1212 799 1279 ﬁrmis,
834 1208 1144 1264 manifeste
1201 1206 1501 1261 diversum
1553 1210 1665 1261 est.
1713 1205 1863 1271 Quin
1894 1206 2094 1261 docuit
2145 1222 2238 1261 me

585 1298 1014 1357 eruditissimis
1046 1295 1300 1351 Allatius
1333 1311 1445 1349 usu
1476 1294 1803 1350 obtinuisse
1832 1295 1987 1365 apud
2010 1294 2238 1350 Grecos

586 1393 652 1444 ut
680 1388 923 1459 quidam
956 1386 1107 1440 ritus
1140 1381 1404 1456 εὖχὲΛαια
1425 1388 1725 1452 vocentur,
1759 1382 1818 1437 in
1838 1383 2053 1453 quibus
2103 1383 2235 1437 nul-

581 1476 677 1533 lus
719 1476 831 1531 olei
886 1492 1031 1530 usus
1081 1473 1416 1540 intervenit,
1458 1472 1545 1527 uti
1596 1471 1849 1542 exempli
1897 1472 2087 1542 gratia
2131 1470 2238 1525 ali-

585 1564 1071 1639 quando,inquit,
1104 1561 1308 1617 ﬂorem
1334 1566 1433 1615 aut
1456 1560 1752 1615 ramulum
1798 1560 1986 1615 sancti
2035 1559 2240 1629 cujus-

586 1655 745 1728 piam
779 1651 1023 1724 reliquis
1058 1656 1160 1706 aut
1200 1649 1443 1722 imagini
1485 1648 1788 1720 praecipuae
1828 1648 2239 1717 {venerationis

586 1744 892 1800 admotum
921 1742 991 1796 ad
1024 1756 1244 1812 aegrum
1276 1740 1569 1807 deferunt,
1601 1738 1700 1808 qui
1721 1738 2019 1792 conﬁdens
2051 1737 2237 1792 sancti

585 1834 716 1904 ejus
750 1832 1019 1903 precibus
1044 1828 1263 1901 juvari,
1295 1844 1361 1883 eo
1410 1825 1674 1894 ﬂosculo,
1701 1842 1865 1881 ramo
1908 1830 2011 1880 aut
2057 1826 2233 1880 etiam

2346 584 2560 638 rudera
2608 582 2669 639 in
2693 583 2852 636 στοάν
2912 586 3185 653 porticum
3232 582 3560 650 elrormata,
3605 586 3777 654 juxta
3816 602 4000 655 quam

2340 672 2548 743 spatiis
2608 674 2806 728 vacuis
2850 678 3015 744 septo
3060 672 3443 727 circumdatis
3496 672 3817 729 multitudo
3878 675 4003 730 haec

2339 766 2643 831 captorum
2669 762 2823 817 bello
2858 762 3231 829 Latinorum,
3278 778 3455 833 quam
3491 761 3655 818 urbis
3704 763 3993 817 ordinarii

2340 865 2603 906 carceres
2633 851 2833 906 minus
2864 856 3160 922 caperent,
3202 850 3483 905 conclusa
3528 858 3665 906 tnnc
3714 852 3893 907 fuerit
3940 858 3999 907 et

2340 939 2459 995 haec
2490 957 2525 995 a
2555 946 2755 995 nostro
2783 945 2883 1007 τῆς
2916 940 3220 1008 Ζευξίππου
3252 939 3530 1010 (subaudi
3557 943 3740 1006 στοᾶς)
3773 937 3992 1015 φυλακή

2338 1035 2562 1085 vocata.
2620 1030 2715 1084 Sic
2746 1030 2921 1084 hodie
2976 1030 3130 1101 apud
3189 1028 3513 1098 Algerium,
3572 1045 3643 1083 ex
3689 1029 3869 1083 veteri
3910 1030 3997 1084 ιοι

2338 1120 2575 1175 caesaria
2623 1118 3017 1174 deformatum
3065 1134 3300 1187 nomen,
3353 1134 3387 1173 a
3427 1118 3632 1188 piratis
3686 1118 3841 1189 capti
3890 1133 3997 1172 cu-

2343 1208 2681 1263 stodiuntur
2715 1207 2772 1263 in
2805 1206 3034 1276 balneo,
3066 1207 3158 1262 uel
3186 1208 3386 1275 bagno,
3422 1211 3595 1277 prout
3616 1206 3688 1261 ab
3739 1206 3998 1277 expertis

2343 1295 2679 1351 didicimus.

2414 1398 2652 1466 Ζυγῆνοι
2708 1394 2769 1447 ἱῑι
2801 1393 2975 1449 titulo
3042 1393 3230 1464 captis
3260 1392 3351 1461 42,
3386 1390 3423 1445 l.
3485 1409 3547 1459 II,
3583 1392 3664 1464 (p.
3688 1393 3746 1462 6)
3770 1391 3835 1445 τὰ
3863 1392 4003 1444 κατὰ

2339 1480 2473 1542 τοὺς
2508 1482 2798 1554 ζυγήνους,
2846 1487 2905 1537 et
2944 1482 3221 1537 similiter
3254 1480 3313 1535 in
3346 1481 3515 1535 titulo
3548 1498 3596 1536 c.
3648 1482 3733 1548 13,
3789 1479 4000 1534 ἀπολο-

2344 1570 2439 1643 γία
2484 1574 2593 1623 τῶν
2643 1571 2905 1643 ζυγήνων.
2943 1576 3080 1625 Esse
3135 1570 3244 1625 hoc
3293 1586 3499 1624 nomen
3535 1586 3653 1624 non
3689 1571 3997 1641 proprium

2345 1662 2559 1731 gentis,
2620 1664 2720 1717 sed
2780 1661 3216 1732 appellativum,
3268 1666 3334 1715 ut
3393 1658 3622 1733 ἀγρόται
3706 1662 3855 1717 505
3944 1667 4004 1715 et

2348 1753 2608 1823 χωρῖται,
2668 1750 2889 1820 quibus
2946 1751 3091 1805 istos
3149 1748 3297 1805 alias
3357 1750 3662 1805 vocabulis
3718 1750 4004 1821 indigitat

2348 1844 2569 1904 Noster,
2603 1839 2909 1894 manifeste
2943 1842 3106 1910 parte
3152 1856 3221 1894 ex
3267 1839 3382 1894 ﬁne
3413 1839 3625 1910 capitis
3661 1840 3749 1907 43,
3776 1838 3877 1894 ubi
3911 1840 3997 1894 sic

579 1888 766 1977 linteo
811 1888 1072 1975 dolentia
1123 1888 1259 1974 sibi-
1290 1916 1556 1971 membra
1609 1888 1914 1985 contingit.
1982 1914 2117 1980 Hoc,
2172 1918 2233 1969 ut

2347 1888 2569 2001 legitur,
2606 1928 2666 1983 in
2725 1888 3014 1984 Allatiairio
3072 1929 3256 1983 Ταῦτα
3312 1927 3434 2002 περὶ
3486 1888 3624 1988 ιτοὺς
3674 1888 3773 1981 10,6
3836 1932 4003 2002 ζυγοῦ

582 2012 684 2083 qui
714 2010 859 2065 vidit
891 2009 1003 2063 ﬁde
1046 2006 1441 2079 dignissimus
1491 2009 1768 2073 testatur,
1802 1999 2091 2077 εὐχὲλαιον
2129 2021 2234 2076 ap-

584 2100 826 2174 pellant.
864 2099 1065 2169 Neque
1125 2096 1219 2151 hic
1252 2094 1439 2150 ἒλαίου
1489 2095 1846 2150 mentionem
1917 2092 2118 2167 κυρίως
2170 2110 2235 2149 ac

582 2190 836 2262 proprie,
869 2188 968 2243 sed
987 2188 1261 2257 μυστικῶς
1294 2190 1351 2241 et
1389 2185 1635 2255 ﬁgurate
1691 2183 1960 2253 usurpari
2002 2186 2234 2253 putant,

583 2284 880 2351 quatenus
911 2276 1021 2332 olei
1044 2275 1311 2345 symbolo
1340 2274 1465 2343 Dei,
1491 2290 1619 2345 quas
1650 2272 1742 2327 his
1774 2272 1987 2328 ritibus
2018 2272 2235 2344 implo-

579 2372 765 2437 ratur,
826 2365 1236 2421 misericordia
1291 2364 1705 2436 designaretur
1769 2368 1825 2417 et
1886 2356 2069 2416 ἔλαιον
2126 2359 2233 2414 ἐντὶ

579 2453 737 2510 ἐλέου
768 2455 1039 2512 sumitur.

656 2576 959 2646 Ζευξίππου
1042 2572 1261 2653 φυλακή
1340 2592 1396 2647 p.
1473 2575 1597 2630 549.
1668 2574 1804 2647 Agit
1876 2575 1947 2629 de
2008 2575 2233 2631 Latinis

579 2668 770 2739 captis
800 2669 870 2722 ad
899 2662 2065 2737 Belidagrama,quosConstantinopolim
2099 2664 2236 2719 due-

571 2761 665 2812 tos
697 2762 754 2811 et
774 2756 895 2811 illic
926 2760 1255 2811 ostentatae
1288 2752 1466 2825 plebi,
1519 2752 1735 2807 deinde
1782 2751 1865 2806 ait
1909 2752 2232 2808 historicus

569 2844 630 2899 in
682 2845 839 2899 hunc
890 2860 1064 2913 quem
1124 2846 1338 2897 vocant
1401 2846 1501 2907 τῆς
1568 2839 1871 2910 Ζευξίππου
1955 2840 2231 2911 Zeuxippi

574 2949 869 2989 carcerem
904 2934 1086 2987 fuisse
1118 2931 1446 2986 conclusos.
1476 2928 1719 2983 Nullum
1776 2927 1890 2982 vidi
1944 2927 2227 2982 idoneum

576 3028 876 3078 auctorem
930 3021 1030 3094 qui
1068 3021 1252 3075 fuisse
1285 3016 1795 3089 Constantinopoli
1826 3033 2119 3071 carcerem
2144 3017 2228 3072 sic

578 3112 809 3165 dictum
842 3110 1063 3165 doceat.
1085 3108 1427 3178 Procopius,
1459 3106 1537 3161 1.1
1572 3111 1647 3161 Pe
1681 3106 1804 3161 bell.
1842 3109 1998 3159 Pera.
2060 3122 2118 3176 p.
2159 3106 2231 3159 70

571 3200 662 3255 ed.
700 3204 838 3270 Reg,
863 3204 920 3253 et
948 3197 989 3253 l.
1032 3200 1168 3253 item
1204 3215 1222 3251 ι
1262 3202 1341 3252 De
1373 3198 1533 3267 cedif.
1578 3211 1636 3265 p.
1659 3195 1729 3249 23
1767 3190 2058 3268 βαλανείου
2109 3195 2233 3249 bal-

568 3291 664 3344 nei
718 3290 931 3360 publici
987 3287 1262 3342 meminit
1307 3287 1464 3357 quod
1512 3284 1541 3337 ὁ
1574 3281 1870 3355 Ζεύξιππος
1901 3289 2225 3339 vocaretur.

569 3379 936 3449 Nicephorus
968 3379 1108 3433 item
1132 3375 1544 3449 Callisti.l.1x,
1578 3391 1629 3429 ο.
1657 3374 1713 3443 9,
1738 3390 1790 3445 p.
1825 3374 2027 3428 697ed.
2050 3373 2233 3430 Paris.

571 3464 842 3539 δημόσιον
874 3465 1105 3538 λουτρὸν
1139 3461 1439 3541 περιφανές
1487 3483 1545 3516 τε
1575 3462 1664 3516 καὶ
1717 3460 1991 3535 μέγιστον,
2042 3463 2233 3533 publi-

569 3575 697 3613 cum
737 3558 1032 3612 lavacrum
1079 3556 1446 3626 conspicuum
1495 3558 1549 3608 et
1594 3552 1928 3617 maximum,
1970 3550 2062 3604 τὸν
2097 3551 2232 3604 Ζεύ-

568 3647 764 3717 ξιππον
798 3646 983 3700 fuisse
1012 3644 1387 3699 nominatum
1420 3641 1620 3696 tradit.
1654 3640 1939 3695 Thermas
1970 3657 2004 3695 a
2025 3640 2233 3695 Severo

565 3734 831 3790 conditas
890 3734 999 3790 has
1067 3734 1263 3789 ferunt
1328 3733 1388 3787 in
1449 3730 1671 3802 templo
1726 3727 1851 3789 Διὸς
1932 3726 2235 3800 Ζευξίππου

568 3822 730 3878 Jovis
762 3838 948 3895 equos
972 3822 1245 3894 jugentis
1290 3837 1391 3877 seu
1448 3836 1627 3875 curru
1686 3819 2021 3887 subjunctis
2066 3820 2237 3887 equis

565 3917 753 3968 tracto
779 3912 1076 3979 vehentia,
1112 3911 1269 3983 quod
1317 3908 1619 3978 Ζευξίππου
1667 3923 1783 3963 vox
1832 3907 2078 3972 indicat,
2122 3908 2235 3963 for-

566 4009 726 4060 tasse
768 4004 852 4059 sic
898 4003 1059 4058 dicto
1111 4002 1211 4074 qui
1260 4000 1364 4056 tali
1410 3999 1605 4071 specie
1638 3998 1873 4069 Jupiter
1909 3997 2049 4053 olim
2077 3998 2136 4052 in
2166 4014 2235 4054 eo

569 4094 793 4167 templo
834 4094 1068 4149 efﬁctus
1150 4092 1461 4147 videretur.
1531 4090 1610 4145 Ex
1664 4088 1842 4143 veteri
1906 4105 2078 4159 porro
2132 4087 2233 4143 illo

574 4186 708 4240 fano
740 4184 1092 4239 vocabulum
1126 4181 1438 4238 recentiori
1472 4180 1863 4235 Thermarum
1898 4179 2142 4235 aediﬁcio
2180 4179 2234 4235 ei

569 4276 856 4346 adjuncto
889 4272 1213 4329 adhaesisse
1236 4274 1500 4342 apparet.
1529 4273 1746 4340 Estque
1768 4268 1823 4322 id
1852 4267 2233 4323 verisimilius

568 4381 748 4435 quam
793 4364 947 4435 quod
984 4362 1083 4417 alii
1112 4361 1514 4428 suspicantur,
1550 4376 1583 4414 a
1609 4358 1815 4413 Zeuxis
1858 4358 2100 4429 pictoris
2139 4361 2231 4413 ta-

570 4454 746 4523 bulis,
782 4452 987 4524 quales
1020 4450 1140 4506 illic
1190 4454 1546 4522 prostarent,
1592 4448 1785 4503 locum
1840 4446 2229 4503 nominatum.

568 4542 793 4599 Statuis
846 4541 1005 4596 enim
1065 4544 1121 4596 et
1174 4538 1362 4611 signis
1421 4538 1607 4592 fuisse
1655 4536 1892 4591 videtur
1940 4535 2231 4609 insignior

2345 2016 2790 2092 διαπραξάμενοι.
2851 2023 2931 2075 En
3011 2035 3163 2089 quos
3240 2019 3508 2091 ζυγήνους
3582 2018 3828 2087 dixerat,
3870 2020 4001 2089 Jam

2342 2106 2470 2169 τοὺς
2502 2111 2599 2161 τοῦ
2632 2107 2796 2182 ζόγου
2854 2114 3038 2177 vocat,
3103 2109 3212 2165 hoc
3263 2114 3374 2177 est,
3399 2110 3611 2180 jugum
3654 2110 4005 2165 incolentes.

2345 2198 2701 2254 Barberinus
2779 2203 2978 2253 tamen
3061 2201 3120 2253 et
3186 2198 3510 2254 Vaticanus
3574 2215 3776 2254 vocem
3838 2201 4007 2271 ζυγή-

2344 2308 2471 2350 νους
2497 2288 2589 2343 hic
2622 2303 2851 2360 quoque
2885 2288 3164 2343 retinent.

2415 2382 2762 2461 Ἦμιάνδριοι
2830 2404 2887 2458 p.
2963 2387 3087 2442 351.
3170 2387 3318 2451 Quid
3396 2386 3556 2441 aliud
3635 2382 4007 2460 ἡμιανδρίους

2344 2478 2809 2549 interpretemur
2854 2477 2915 2532 in
2964 2476 3245 2532 comitatu
3297 2476 3547 2548 virginis
3599 2477 3772 2548 regiae
3822 2494 4004 2547 quam

2346 2566 2655 2622 semiviros
2685 2565 3010 2633 eunuchos,
3040 2565 3373 2621 ministrare
3427 2565 3486 2619 in
3519 2565 3754 2621 Oriente
3785 2566 4005 2637 princi-

2346 2656 2520 2727 pibus
2554 2655 2788 2710 feminis
2817 2654 3022 2709 solitos
3048 2655 3076 2709 ?

2416 2751 2683 2827 Θεραπεία
2733 2770 2789 2824 p.
2820 2754 2945 2807 214.
2989 2757 3129 2808 Orat
3174 2754 3494 2824 imperator
3524 2753 4005 2808 excommunica-

2344 2849 2443 2899 tus
2496 2843 2887 2913 patriarcham
2941 2844 3038 2895 τοῦ
3072 2839 3274 2912 δεσμοῦ
3325 2841 3414 2894 ὸντ
3462 2840 3645 2908 ἱκέτην
3674 2840 3884 2894 ἀνεῖναι
3916 2842 4004 2895 καὶ

2348 2928 2710 3005 μετεγνωκότι
2741 2932 2840 2999 τὴν
2894 2928 3179 3005 θεραπείαν
3211 2928 3430 3003 ἐπάγειν
3462 2931 3529 2998 ἣν
3565 2930 3769 2991 ἐκεῖνος
3806 2931 4008 3004 βούλε-

2342 3041 2453 3077 ται.
2502 3022 2604 3076 Hic
2661 3019 2918 3091 θεραπεία
2993 3020 3349 3091 peculiarem
3420 3026 3480 3075 et
3540 3021 4011 3076 ecclesiasticam

2345 3110 2522 3165 habet
2591 3110 2913 3178 notionem,
2965 3108 3309 3180 signiﬁcans
3380 3124 3558 3179 opera
3604 3124 3736 3179 qua:
3800 3114 4015 3165 vocant

2342 3198 2669 3269 satisfactio,
2704 3203 2845 3270 puta
2887 3198 3138 3268 jejunia,
3185 3197 3633 3253 humiliationes
3678 3203 3738 3253 et
3785 3199 4013 3253 similia

2346 3288 2427 3343 rei
2461 3288 2657 3359 magni
2715 3292 2774 3341 et
2805 3286 3024 3358 publici
3056 3287 3325 3342 criminis
3355 3287 3423 3341 ad
3469 3286 3872 3357 expiationem
3916 3305 4013 3343 ca-

2341 3377 2612 3433 nonicam
2656 3376 2893 3448 injungi
2927 3376 3104 3431 solita
3134 3376 3313 3431 veteri
3345 3376 3621 3431 Ecclesia
3664 3376 4013 3447 disciplina.

2342 3468 2530 3531 Quare
2553 3464 2811 3538 θεραπεία
2844 3466 2937 3520 hic
2966 3466 3023 3519 id
3060 3466 3259 3535 ipsum
3290 3470 3378 3520 est
3411 3466 3565 3536 quod
3604 3465 3799 3519 Latini
3834 3466 4022 3521 eccle—

2341 3556 2590 3612 siastici
2638 3556 2959 3625 scriptores
3011 3554 3399 3625 paenitentiam
3446 3559 3689 3621 vocant;
3722 3555 3807 3609 uti
3839 3558 4019 3627 pleni-

2340 3649 2537 3710 tentes,
2572 3645 2671 3715 qui
2736 3643 2938 3713 culpas
2985 3644 3247 3715 expiant,
3305 3643 3643 3714 suppliciis,
3676 3642 4021 3715 θεραπευταί

2343 3733 2593 3803 Philoni,
2627 3733 2687 3788 S.
2725 3732 2942 3789 Basilio
2972 3738 3030 3789 et
3058 3732 3191 3788 aliis
3223 3733 3443 3789 Grecis
3473 3732 3771 3788 dicuntur.
3810 3736 4019 3791 TaIem

2342 3825 2496 3896 apud
2522 3822 2938 3892 Pachymerem
2968 3838 3100 3878 esse
3131 3822 3541 3894 signiﬁcatum
3587 3822 3767 3893 hujus
3817 3825 4004 3891 vocis,

2339 3915 2711 3970 demonstrat
2758 3912 2915 3983 quod
2960 3911 3116 3968 infra
3162 3913 3368 3968 eodem
3426 3913 3614 3983 capite
3665 3913 4005 3981 patriarcha

2342 4002 2681 4074 imperatori
2709 3999 2992 4075 θεραπείαν
3024 3999 3279 4075 πράττειν
3324 3998 3673 4074 προσέταττε.
3702 4002 3773 4055 Et
3826 4004 4006 4074 paulo

2342 4097 2475 4165 post
2498 4092 2620 4146 haec
2653 4091 2999 4162 patriarchae
3030 4091 3100 4145 ad
3156 4092 3575 4161 imperatorem
3630 4092 3809 4146 verba
3863 4093 4008 4148 reci-

2342 4186 2583 4238 tantur:
2632 4176 2934 4253 Θεραπείαν
2988 4178 3133 4233 ποίει
3176 4176 3267 4232 καὶ
3316 4176 3584 4249 δέξομαιε
3637 4181 3707 4235 ad
3760 4183 4010 4236 verbum

2337 4275 2431 4340 fac
2486 4272 2881 4341 paenitentiam
2938 4274 2990 4326 et
3041 4271 3336 4340 accipiam.
3369 4268 3535 4325 Unde
3582 4287 3717 4325 mox
3768 4277 4013 4327 vocatur

2342 4359 2659 4421 ἆντίποινος
2690 4358 2969 4434 θεραπεία,
3002 4364 3059 4414 et
3090 4358 3324 4415 additur
3356 4375 3485 4414 eam
3522 4361 3779 4430 quadam
3812 4378 4008 4432 mqua-

2340 4451 2504 4506 litate
2539 4449 2891 4521 respondere
2925 4448 3197 4521 gravitati
3232 4448 3499 4503 criminis
3531 4449 3766 4505 debere.

2411 4547 2499 4620 [P.
2548 4546 2679 4617 388]
2734 4543 3044 4620 Ἱερολογία
3100 4562 3157 4617 p.
3214 4546 3343 4600 225.
3404 4544 3555 4609 Quid
3609 4546 3688 4602 sit
3736 4546 3854 4603 hoc
3887 4549 4009 4605 loco

573 4649 754 4705 quam
788 4631 1010 4687 tabulis
1038 4647 1050 4684 :
1077 4629 1207 4684 vide
1238 4645 1366 4700 qua
1399 4643 1470 4683 ne
1502 4626 1611 4681 loci
1636 4627 1764 4696 ejus
1788 4630 1997 4680 ornatu
2032 4626 2232 4697 exquio

2344 4632 2631 4709 ἱερολογία
2660 4641 2718 4691 et
2747 4631 3060 4709 ἱερολοχεῖν
3097 4634 3303 4690 merito
3336 4635 3640 4706 queritur.
3673 4635 3783 4691 Vir
3816 4638 4009 4693 erudi-

570 4722 861 4778 sitissimo
903 4719 1140 4792 collegit
1187 4735 1217 4773 e
1264 4717 1563 4772 veteribus
1618 4715 1825 4770 Petrus
1858 4714 2085 4782 Gyllius
2115 4714 2155 4771 l.
2189 4732 2232 4769 ιι

576 4814 651 4869 De
702 4815 881 4885 pogto.
918 4809 1155 4866 Constat:
1186 4817 1251 4875 t.,
1283 4824 1333 4863 c.
1393 4809 1449 4876 7,
1502 4805 1602 4861 ubi
1656 4805 1946 4877 prolivum
1998 4805 2234 4861 exhibet

574 4902 915 4973 catalogum
948 4904 1281 4955 statuarum
1312 4895 1434 4951 illic
1473 4895 1814 4951 eiecturum.
1849 4896 2231 4964 Frequentari

577 4991 822 5048 solitum
846 5006 1136 5046 concursu
1169 4986 1535 5042 curiosorum
1568 4983 1791 5039 indicat
1832 4983 2232 5041 Nazianzenus

572 5086 725 5136 orat.
756 5081 849 5147 25,
887 5079 985 5133 ubi
1028 5078 1395 5147 Zeuxippum
1452 5078 1759 5145 propterea
1807 5078 1976 5127 vocat
2023 5089 2232 5129 novam

564 5170 918 5236 Jerusalem,
955 5168 1112 5239 quod
1147 5164 1365 5235 templo
1416 5181 1449 5218 a
1488 5163 1542 5217 S.
1599 5161 1811 5217 Helena
1866 5161 1923 5214 in
1965 5161 2232 5217 Calvario

566 5261 805 5316 condita
852 5259 904 5313 ei
974 5274 1121 5311 nova
1178 5253 1510 5309 Jerusalem
1550 5256 1753 5307 vocato
1808 5250 2121 5321 splendore
2168 5268 2235 5308 ae

571 5349 1015 5421 magniﬁcentia
1049 5363 1166 5401 non
1198 5345 1447 5400 cederet.
1483 5342 1672 5406 Quare
1703 5340 1867 5396 solus
1922 5340 2233 5413 Pachyme-

570 5457 663 5497 res
718 5438 967 5495 articulo
1045 5437 1184 5491 fem.
1240 5433 1476 5505 generis
1530 5436 1632 5498 τῆς
1692 5428 1991 5497 Ζευξίππου
2062 5427 2236 5505 φυλα-

566 5532 669 5601 κήν
719 5530 951 5595 dixerit,
1011 5543 1126 5581 non
1188 5523 1360 5596 plane
1417 5521 1698 5593 comperi.
1753 5518 2105 5591 Suspicabar
2133 5538 2237 5593 po-

567 5621 915 5679 sterioribus
966 5614 1359 5688 temporibus,
1401 5612 1663 5684 collapsa
1713 5626 1831 5665 aevo
1876 5615 2042 5681 parte
2085 5611 2239 5666 anti-

568 5727 820 5785 quarum
870 5707 1220 5765 balnearum
1256 5705 1415 5767 (nam
1450 5706 1585 5758 ante
1617 5700 1725 5756 hos
1770 5704 2009 5756 centum
2052 5721 2238 5765 annos

2339 4732 2457 4796 tus,
2491 4726 2679 4781 editor
2711 4730 2766 4780 et
2820 4724 3146 4779 illustrator
3196 4723 3535 4795 Euchologii
3587 4725 3710 4779 sive
3759 4726 4009 4782 Ritualis

2341 4816 2696 4883 Graecorum,
2729 4810 3039 4887 ἱερολογίας
3070 4829 3239 4869 sacra
3284 4813 3523 4882 registra
3576 4814 4011 4887 interpretatur

2342 4910 2400 4961 et
2428 4899 2742 4975 ἱερολογεῖν
2775 4906 2837 4958 in
2865 4904 3113 4971 registra
3143 4918 3444 4958 recensere.
3475 4902 3835 4961 Describens
3859 4907 4008 4962 enim

2343 4996 2403 5049 in
2450 4992 2805 5065 Euchologio
2838 5010 2903 5063 p.
2944 4992 3054 5047 268
3102 4995 3161 5047 et
3214 4993 3603 5063 sequentibus
3654 4996 4006 5064 opusculum

2343 5084 2436 5138 cui
2473 5082 2678 5137 tilulus
2704 5088 2795 5137 est
2825 5080 2988 5150 Τάξις
3018 5086 3117 5148 τῆς
3167 5079 3323 5154 ἁγίας
3378 5080 3643 5155 Μεγάλης
3694 5080 4005 5153 ἐκκλησίας.

2344 5174 2465 5228 Ι]ωο
2495 5189 2562 5228 ex
2592 5189 2658 5227 eo
2688 5173 2865 5227 verba
2894 5173 2966 5227 de
2990 5165 3622 5245 chartophylaceﬁxwv
3654 5167 3713 5225 δὲ
3732 5173 3833 5233 τὰς
3868 5175 4003 5247 ἱερο-

2344 5262 2534 5336 λογίας
2592 5263 3012 5332 τὼμνηστειῶν,
3065 5259 3367 5335 ἱερολογῶν
3418 5258 3613 5321 αὐτᾶςε
3672 5261 3759 5317 sic
3812 5265 4003 5319 Latine

2345 5353 2572 5409 reddit:
2610 5352 2787 5407 Sacra
2826 5353 3054 5422 insuper
3103 5352 3344 5419 registra
3389 5351 3894 5409 matrimonion
3924 5370 4004 5426 pe-

2340 5459 2435 5498 nes
2465 5457 2521 5496 se
2554 5440 2735 5509 habet,
2770 5456 2897 5512 qua?
2917 5448 3217 5511 postquam
3263 5439 3325 5494 in
3372 5440 3609 5510 registra
3656 5445 4003 5499 recensuerit.

2347 5532 2495 5588 Huic
2524 5530 2878 5601 expositioni
2915 5547 3083 5585 meus
3102 5546 3192 5585 me
3216 5534 3378 5585 vetat
3398 5536 3604 5585 auctor
3626 5538 4003 5602 acquiescere.

2348 5621 2491 5676 dum
2540 5618 2636 5673 hic
2680 5620 2887 5675 scribit
2906 5618 3214 5690 προνόμιον
3244 5618 3430 5674 fuisse
3465 5618 3937 5691 chartophylacis
3955 5624 4003 5673 ut

2354 5716 2503 5769 nutu
2530 5708 2941 5781 arbitratuque
2984 5710 3280 5767 duntaxat
3299 5708 3633 5780 ipsiusisto
3654 5725 4001 5782 quacunque
