4210 6448
153 350 287 438 ⁸1029

1620 369 2093 428 θιοεεΑιισυ.

3410 381 3550 442 1οω

162 503 389 558 domum
437 501 561 557 sint
589 496 913 564 Hierologiae
944 493 1165 548 fierent.
1222 491 1542 564 Hesychius
1590 491 1793 565 προνό-
1824 496 1877 561 Α
1907 495 2149 551 ecclesia
2180 497 2286 552 rite
2318 499 2691 556 matrimonio
2714 503 3069 573 junguntur;
3122 504 3179 559 id
3238 509 3390 577 quod
3441 511 3548 566 du-

170 611 255 663 μια
283 607 410 646 esse
443 591 609 645 docet
634 587 703 639 τὰ
732 581 1064 659 ὀφειλόμενα,
1105 586 1180 652 τῷ
1240 581 1529 652 ἀξιώματι,
1588 583 1796 638 decora

168 686 256 735 aut
281 679 583 750 privilegia
615 691 743 746 quer
774 672 985 727 eximie
1000 672 1286 726 debentur
1307 672 1478 726 alicui
1501 672 1792 742 dignitati.

159 767 516 839 Splendidus
546 767 601 819 in
637 763 843 835 primis
876 777 942 814 ac
975 760 1310 831 praecellens
1333 760 1797 831 chartopbylacis

154 857 325 927 magis
348 861 539 910 tratus
571 859 694 908 est:
751 851 839 904 cui
904 854 1208 919 propterea
1262 849 1354 902 vix
1393 855 1481 904 est
1520 855 1584 903 ut
1636 849 1794 903 credi

156 946 332 1017 possit
389 943 735 998 attributum
795 939 921 992 vice
988 935 1294 1009 προνομίου
1360 943 1416 991 et
1470 938 1790 992 honoraris:

153 1034 536 1106 praerogativa
572 1044 815 1100 pensum
841 1043 906 1080 ac
943 1027 1196 1080 laborem
1229 1043 1344 1081 non
1386 1025 1577 1080 solum
1613 1042 1792 1096 penes

153 1140 207 1178 se
232 1120 483 1177 habendi
507 1122 742 1190 registra
759 1117 1269 1181 matrimoniorum,
1290 1116 1390 1170 sed
1416 1116 1590 1170 etiam
1608 1132 1786 1170 manu

149 1211 370 1283 propria
399 1207 769 1272 conficiendi,
801 1203 1043 1259 nomina
1077 1204 1426 1258 nubentium
1460 1206 1519 1259 in
1552 1206 1786 1272 registra

147 1298 484 1364 recensendo,
519 1303 585 1352 ut
632 1296 786 1350 idem
848 1294 1137 1363 interpres
1191 1292 1470 1364 loquitur,
1531 1295 1782 1348 reddens

148 1387 482 1444 vocabulum
507 1381 830 1457 ἱερολογῶν,
858 1399 974 1453 quo
990 1381 1285 1452 propriam
1311 1382 1781 1453 chartophylacis

150 1478 498 1533 functionem
530 1474 766 1530 Gnaeus
797 1471 1050 1540 scriptor
1080 1470 1415 1525 declaravit.
1451 1471 1625 1542 Atqui
1661 1471 1780 1524 haec

150 1567 373 1638 quidem
407 1579 654 1619 munera
686 1561 840 1617 566
865 1559 1011 1613 nihil
1043 1559 1430 1614 honorificum
1463 1565 1566 1613 aut
1612 1564 1776 1614 tanto

150 1656 366 1726 fastigio
397 1655 634 1722 dignum
670 1650 945 1705 habentia
976 1650 1268 1703 actuarios
1302 1650 1494 1718 potius
1526 1665 1590 1704 ac
1650 1648 1778 1703 vul-

150 1763 302 1818 gares
334 1744 559 1799 scribas
586 1741 671 1796 vel
706 1740 777 1794 ad
811 1754 1111 1793 summum
1172 1738 1448 1792 tabularii
1508 1739 1779 1792 custodes

1904 585 2043 638 dum
2078 590 2209 639 ante
2239 603 2330 641 me
2359 588 2635 642 docuerat
2666 590 3028 661 Nicephorus
3052 593 3377 664 Bryennius
3431 599 3545 652 Cse-

1904 689 2001 726 sar
2030 675 2140 728 sub
2175 674 2347 729 finem
2373 675 2582 730 libriin
2607 676 3328 739 Commentariorumame
3363 702 3551 758 nuper

1905 760 2219 829 editorum,
2253 763 2350 816 ubi
2384 780 2629 820 narrans
2659 765 2997 838 illegitimas
3058 773 3296 841 nuptias
3346 780 3549 830 contra

1903 866 2074 904 omne
2108 851 2190 904 fas
2222 857 2538 907 attentatas
2571 871 2603 907 a
2659 856 2960 911 Botaniate
2994 859 3259 914 invasere
3319 863 3548 933 imperii

1902 954 2034 992 cum
2069 939 2253 994 Maria
2283 942 2544 1010 Augusta
2575 945 2821 1014 conjuge
2854 945 3150 1001 Michaelis
3181 954 3351 1004 Duce:
3405 952 3549 1007 solio

1901 1028 2193 1083 deturbati
2222 1029 2412 1084 adhuc
2468 1031 2736 1096 viventis,
2771 1035 2962 1100 refert,
3012 1052 3144 1090 cum
3171 1039 3295 1108 jam
3348 1042 3548 1110 sponsi

1900 1119 2072 1172 ambo
2089 1119 2145 1172 in
2171 1117 2472 1174 ecclesiam
2490 1121 2806 1188 venissent,
2836 1125 3194 1180 sacerdotem
3216 1129 3313 1198 qui
3333 1131 3401 1183 ad
3419 1145 3548 1186 eam

1899 1207 2176 1263 unionem
2236 1211 2625 1279 peragendam
2687 1217 2924 1280 paratus
2986 1214 3169 1269 fuerat
3218 1216 3268 1286 (ὁ
3323 1215 3545 1287 μέλλων

1894 1296 1994 1363 τὴν
2043 1295 2329 1366 μνηστείαν
2386 1294 2625 1366 τελέσαι)
2675 1299 2978 1371 collegisse
3037 1319 3098 1357 se
3145 1309 3203 1358 et
3258 1313 3547 1376 quantum

1895 1383 2108 1455 piaculi
2141 1385 2528 1440 conscisceret
2549 1395 2596 1439 et
2625 1392 3016 1457 reputantem,
3033 1391 3080 1443 si
3103 1391 3425 1461 bigamum,
3445 1412 3550 1449 cu-

1887 1473 1989 1541 jus
2019 1473 2196 1526 etiam
2229 1474 2488 1528 secunda
2538 1491 2682 1528 uxor
2703 1475 2894 1530 adhuc
2927 1479 3162 1545 viveret,
3221 1497 3357 1536 cum
3410 1500 3538 1538 mu-

1894 1560 2033 1615 liere
2063 1561 2232 1630 cujus
2265 1561 2399 1616 item
2461 1564 2709 1618 maritus
2760 1564 2952 1620 adhuc
3010 1575 3308 1638 superstes
3367 1576 3542 1642 esset,

1892 1648 2284 1703 ecclesiastica
2307 1650 2710 1705 benedictione
2730 1654 3132 1724 conjungeret,
3165 1656 3227 1730 [P
3249 1659 3374 1730 389]
3398 1676 3537 1715 cun-

1892 1742 2110 1791 ctatum
2143 1754 2272 1791 esse
2304 1739 2535 1808 prodire
2568 1756 2635 1792 ex
2667 1739 2854 1808 altari;
2878 1747 3014 1797 tunc
3041 1751 3235 1800 autem
3260 1748 3532 1803 concilia-

152 1836 398 1889 deceant.
453 1833 644 1901 Longe
707 1829 879 1883 aliter
942 1825 1477 1928 Thessalonicensis
1532 1830 1778 1928 Symeon
1813 1864 1860 1928 B
1891 1829 2075 1880 torem
2094 1826 2238 1928 597
2268 1826 2685 1928 sacrilegarum
2726 1830 3066 1898 nuptiarum
3096 1833 3384 1890 lsaacium
3419 1837 3543 1891 Can-

149 1923 276 1994 quid
327 1919 692 1975 auctoritatis
751 1919 903 1971 circa
934 1915 1310 1970 matrimonia
1366 1914 1786 1986 chartophylax

153 2010 460 2066 exercuerit
492 2008 714 2062 indicat
745 2006 836 2060 his
884 2006 1112 2060 verbis:
1172 2004 1270 2058 Καὶ
1321 2003 1388 2056 τὰ
1443 2007 1550 2055 τῶν
1594 2004 1782 2075 γάμων

146 2097 388 2170 νομίμως
423 2097 698 2173 φροντίζει
737 2092 997 2167 γίνεσθαιο
1037 2096 1100 2151 Ut
1149 2095 1397 2162 legitime
1440 2093 1788 2148 celebrentur

146 2188 495 2243 matrimonia
524 2193 702 2241 curat.
735 2188 913 2239 Porro
963 2183 1332 2238 institutione
1389 2181 1622 2246 Christi,
1683 2181 1784 2252 qui

148 2275 577 2332 matrimonium
605 2291 673 2329 ex
702 2272 854 2329 civili
879 2276 1183 2328 contractu
1226 2273 1284 2326 in
1345 2275 1781 2325 sacramentum

146 2366 337 2429 evexit,
374 2371 440 2418 ut
472 2363 526 2418 id
561 2364 670 2416 rite
704 2365 1066 2432 perpetretur
1097 2376 1245 2430 opus
1273 2364 1362 2414 est
1389 2374 1555 2413 sacra
1586 2357 1785 2428 aliqua

150 2451 519 2508 ecclesiastici
555 2450 809 2504 ministri
845 2449 1162 2512 iunctione,
1196 2464 1332 2517 qua,
1368 2454 1430 2500 ut
1484 2447 1784 2501 Evaristus

147 2541 561 2612 antiquissimae
596 2539 854 2610 pontifex
875 2537 1045 2608 epist.
1074 2538 1142 2590 ad
1176 2537 1434 2608 episcOp.
1490 2535 1783 2590 Africanos

152 2631 421 2703 loquitur,
478 2631 764 2683 nubentes
803 2642 898 2682 suo
955 2636 1194 2696 tempore
1243 2625 1679 2690 saeerdotatiter,
1728 2634 1788 2679 ut

147 2737 249 2775 mos
301 2724 403 2785 est,
451 2734 571 2772 cum
628 2718 876 2787 precibus
918 2723 970 2770 et
1026 2715 1392 2770 oblationibus
1423 2731 1455 2768 a
1509 2715 1786 2769 sacerdote

147 2811 546 2866 benedicuntur.
583 2807 772 2878 Hujus
814 2806 1235 2861 benedictionis
1280 2807 1520 2860 effectus
1549 2807 1645 2876 qui
1681 2805 1778 2873 sit,

143 2901 299 2954 docet
320 2899 567 2956 Siricius
599 2898 736 2952 item
764 2896 1039 2968 pontifex,
1067 2895 1319 2966 epistola
1351 2897 1418 2949 ad
1453 2894 1775 2949 Himerium

142 2988 649 3056 Tarraconensem,
681 3003 729 3039 c.
764 2986 820 3054 4,
849 2985 946 3038 ubi
977 2986 1368 3054 interrogatus
1399 2986 1446 3037 si
1484 2983 1778 3053 desponsa-

139 3086 236 3131 tam
267 3077 378 3131 atii
401 3077 651 3148 puellam
681 3075 822 3129 alter
851 3073 915 3127 in
962 3076 1380 3127 matrimonium
1439 3076 1607 3141 possit
1637 3072 1779 3128 acci-

139 3182 274 3236 pere,
306 3168 622 3236 respondet
653 3182 666 3218 :
703 3165 808 3218 Hoc
847 3179 913 3218 ne
943 3164 1038 3232 ﬁat
1066 3163 1240 3217 modis
1272 3164 1526 3216 omnibus
1560 3163 1772 3217 inhibe-

134 3233 267 3323 mus,
297 3233 427 3325 quid
456 3253 559 3308 illa
611 3253 930 3319 benedictio,
988 3269 1153 3323 quam
1209 3256 1471 3322 nupturae
1525 3253 1773 3306 sacerdos
1808 3233 1848 3298 ι’]

138 3347 361 3416 imponit
409 3345 560 3416 apud
617 3345 822 3414 ﬁdeles,
884 3344 1176 3414 sacrilegii
1223 3345 1401 3397 instar
1438 3351 1532 3410 est,
1583 3343 1632 3396 si
1659 3344 1779 3397 ulla

134 3434 561 3502 transgressione
578 3433 834 3487 violetur.
854 3436 1013 3486 Hanc
1027 3431 1489 3487 benedictionem
1518 3448 1777 3503 praesen-

136 3526 284 3580 tibus
315 3527 374 3580 in
411 3526 662 3580 ecclesia
683 3524 914 3595 sponsis
937 3541 969 3578 a
1000 3525 1302 3578 sacerdote
1334 3525 1582 3579 conferri
1625 3524 1775 3577 anti-

139 3615 400 3685 quissimi
438 3631 541 3684 per
570 3631 774 3669 omnes
813 3612 1089 3667 ecclesias
1152 3614 1331 3666 moris
1387 3619 1495 3667 est.
1555 3613 1777 3667 Concil.

141 3704 400 3774 Carthag.
429 3722 509 3771 1v,
545 3719 672 3757 can.
706 3719 845 3755 xm:
907 3702 1141 3770 Sponsus
1195 3711 1246 3755 et
1277 3718 1477 3771 sponsa
1532 3718 1655 3755 cum
1688 3702 1776 3756 be-

139 3792 416 3848 nedicendi
471 3795 585 3847 sint
633 3809 665 3846 a
721 3790 1012 3859 sacerdote,
1073 3807 1106 3844 ιι
1152 3791 1473 3861 parentibus
1530 3793 1641 3845 suis
1696 3791 1780 3846 vel

142 3883 539 3953 paranymphis
572 3883 894 3952 oﬂerantur.
922 3879 1068 3942 Quia
1096 3895 1230 3934 vero
1263 3880 1526 3951 episcopi
1561 3888 1648 3934 est
1680 3881 1776 3934 de-

139 3970 356 4042 signare
388 3971 778 4026 sacerdotem.
821 3984 992 4041 quem
1048 3969 1421 4039 potissimum
1473 3969 1611 4023 velit
1671 3970 1779 4023 ista

139 4077 289 4115 sacra
318 4061 477 4116 circa
508 4061 786 4130 conjuges
819 4058 1162 4112 caremonia
1210 4058 1469 4126 defungi,
1527 4059 1778 4129 patriar-

139 4149 245 4203 chaa
273 4147 909 4218 ConstantinOpolitani
945 4148 1094 4201 hanc
1118 4148 1348 4218 pr0prie
1378 4164 1576 4201 curam
1613 4149 1778 4202 char-

135 4239 414 4311 t0phylaci
450 4239 577 4293 sive
609 4235 955 4291 cancellario
989 4253 1098 4290 sua
1148 4235 1666 4306 demandaverant,
1720 4241 1783 4290 ut

137 4329 212 4379 vel
242 4327 365 4397 ipse
393 4344 500 4398 per
531 4342 658 4382 sese
689 4326 923 4395 sponsis
955 4325 1062 4379 hoc
1095 4325 1267 4378 modo
1299 4325 1780 4388 benediceret,vel

136 4420 490 4472 sacerdotem
525 4415 768 4485 eligeret
794 4414 894 4484 qui
944 4413 998 4466 id
1049 4414 1282 4478 faceret,
1340 4414 1480 4467 adeo
1514 4421 1578 4466 ut
1636 4415 1782 4468 citra

135 4505 246 4573 ejus
276 4521 596 4560 assensum
631 4520 697 4557 ac
721 4504 959 4574 jussum
1014 4501 1210 4556 nullus
1246 4503 1549 4572 presbyter
1580 4502 1634 4556 id
1671 4505 1780 4558 rite

1893 1931 2078 1969 sarem
2114 1915 2292 1969 alium
2323 1915 2497 1970 istius
2536 1915 2660 1970 loco
2692 1920 3048 1975 sacerdotem
3074 1923 3446 1995 submisisse,
3480 1924 3538 1985 ὃς

1890 2002 1978 2054 καὶ
2007 2003 2105 2069 τὴν
2138 2001 2446 2076 ἱερολογίαν
2483 2000 2745 2072 ἐτέλεσεν,
2791 2010 2887 2077 qui
2917 2011 3188 2079 nuptialis
3211 2014 3348 2067 ritus
3371 2029 3543 2070 δίει-θ-

1889 2095 2133 2146 moniam
2159 2095 2389 2162 peregit.
2425 2097 2554 2147 Hzec
2605 2094 2912 2151 Briennius
2960 2097 3169 2167 Caesar,
3221 2102 3317 2170 qui
3368 2103 3544 2172 paulo

1891 2185 2021 2234 ante
2056 2181 2412 2235 functionem
2445 2182 2710 2236 eamdem
2743 2185 2918 2239 verba
2968 2182 3210 2260 εὐλογεῖν
3266 2191 3543 2261 designa-

1889 2269 2162 2339 vernt,',de
2193 2275 2336 2324 astu
2372 2286 2436 2324 ac
2470 2270 2758 2341 fscrupulo
2809 2275 3022 2343 prioris
3075 2278 3396 2334 sacerdotis
3457 2280 3546 2334 sic

1891 2358 2194 2413 scribens:
2251 2359 2576 2432 Συναγαγὼν
2639 2360 2824 2414 ἑαυτὸν
2858 2362 2945 2414 καὶ
2998 2363 3159 2437 γνοὺς
3212 2364 3318 2434 ὅπη
3377 2371 3545 2421 κακοῦ

1890 2445 2102 2521 φέρεται
2150 2447 2402 2520 μοιχείαν
2458 2449 2571 2518 ἅμα
2620 2447 2707 2501 καὶ
2764 2437 3060 2524 τριγαμίαν
3123 2453 3388 2528 εὐλογῶν,
3441 2458 3541 2512 ubi

1891 2533 2133 2609 εὐλογεῖν
2178 2538 2332 2591 idem
2361 2544 2450 2592 est
2481 2541 2636 2607 quod
2670 2538 2971 2614 ἱερολογεῖν
3001 2559 3013 2596 :
3067 2549 3389 2612 utrumque
3441 2564 3543 2600 au-

1893 2631 2010 2679 tem
2045 2626 2335 2696 signiﬁcat
2367 2642 2599 2680 sacrum
2637 2627 2800 2682 illum
2852 2630 3029 2685 ritum
3091 2649 3206 2703 quo
3266 2637 3543 2692 sacerdos

1897 2715 2024 2769 illos
2073 2732 2320 2785 sponsos
2371 2716 2429 2769 in
2481 2718 2926 2773 matrimonium
2977 2723 3318 2794 conjungit;
3369 2741 3542 2795 quem

1893 2804 2360 2859 benedictionem
2394 2805 2463 2858 ab
2497 2807 2757 2876 antiquis
2790 2808 3208 2866 ecclesiasticis
3239 2812 3541 2884 scriptori-

1891 2894 2002 2948 bus
2037 2893 2237 2947 Latine
2294 2901 2562 2948 vocatum
2600 2895 2877 2966 vidimus,
2918 2899 2976 2952 in
3019 2916 3136 2970 quo
3196 2907 3392 2956 tamen
3455 2910 3544 2959 est

1890 2986 2166 3051 praeterea
2212 2983 2644 3037 observandum
2685 3001 2812 3039 esse
2859 2992 2917 3040 et
2965 2987 3140 3042 aliam
3185 2991 3542 3046 benedictio-

1891 3087 2022 3125 nem
2051 3070 2396 3140 nuptialem,
2423 3089 2548 3142 qute
2581 3074 2975 3145 conjungibus
3003 3093 3104 3147 per
3134 3080 3328 3149 verba,
3362 3085 3425 3135 ut
3456 3081 3542 3135 lo-

1888 3159 1988 3231 qui
2014 3160 2228 3226 solent,
2261 3160 2333 3213 de
2366 3161 2638 3226 presenti
2673 3168 2794 3217 rato
2814 3165 2937 3232 jam
2974 3167 3346 3222 matrimonio
3382 3186 3416 3224 a
3441 3187 3540 3224 sa-

1889 3250 2119 3303 cerdote
2153 3248 2440 3320 copulatis
2473 3249 2622 3304 solet
2653 3251 2912 3306 adhiberi
2944 3271 2957 3320 ;
2990 3254 3060 3308 de
3102 3271 3218 3326 qua
3266 3256 3543 3329 intelligi-

1891 3347 1983 3392 tur
2014 3338 2114 3392 illa
2147 3339 2393 3409 quaestio
2426 3355 2603 3410 quam
2629 3341 2882 3413 theologi
2916 3350 3170 3412 movent,
3203 3347 3284 3401 An
3314 3352 3387 3401 sit
3414 3364 3543 3418 pec-

1887 3436 2067 3483 catum
2136 3444 2523 3483 consummare
2596 3431 3010 3486 matrimonium
3074 3443 3206 3489 ante
3280 3437 3540 3493 Ecclesiae

1890 3518 2348 3584 benedictionem,
2381 3524 2488 3571 etc.
2526 3518 2669 3573 Vide
2701 3520 2980 3576 Sanchez.
3031 3521 3068 3577 l.
3132 3540 3214 3593 ιιι,
3249 3524 3402 3596 disp.
3455 3527 3539 3580 12.

1890 3610 2173 3661 Caeterum
2208 3607 2368 3677 prior
2401 3607 2498 3661 illa
2522 3609 2592 3661 dc
2625 3625 2741 3679 qua
2776 3609 3034 3664 diximus
3085 3613 3413 3669 benedictio
3463 3620 3546 3669 est

1892 3713 2016 3767 quas
2051 3696 2144 3750 hic
2175 3692 2488 3769 ἳερολογίας
2541 3703 2598 3751 et
2655 3696 2955 3772 ἱερολογεῖν
3006 3702 3304 3758 vocabulis
3361 3705 3546 3775 expri-

1892 3788 2091 3840 mitur.
2127 3786 2250 3840 Huc
2285 3785 2418 3840 facit
2469 3787 2705 3858 Georgii
2748 3790 3093 3860 Acropolitas
3154 3790 3339 3861 locus,
3398 3795 3544 3849 Hist.

1890 3895 1948 3930 n.
2005 3877 2106 3931 33:
2162 3874 2444 3948 Πληροῦσι
2507 3876 2605 3941 τὴν
2665 3880 2772 3929 τῶν
2827 3875 3038 3932 παίδων
3095 3880 3404 3956 συνάφειαν.
3447 3886 3544 3935 τοῦ

1888 3963 2233 4038 πατριάρχου
2261 3969 2540 4039 Γερμανοῦ
2591 3966 2660 4019 τὰ
2711 3973 2807 4034 τῆς
2856 3966 3168 4042 ’ίερολογίας
3205 3969 3540 4034 τελέσαντος.

1887 4058 2020 4126 Agit
2051 4058 2121 4111 de
2174 4056 2400 4127 nuptiis
2450 4056 2736 4111 Theodori
2784 4057 3046 4114 Junioris
3093 4060 3356 4115 Lascaris
3406 4078 3539 4117 cum

1887 4146 2104 4200 Helena
2138 4145 2252 4199 tilia
2280 4145 2490 4199 Asanis
2518 4145 2809 4217 Bulgaria:
2841 4149 3011 4218 regis.
3037 4150 3196 4204 Adde
3218 4157 3272 4204 et
3295 4149 3537 4206 titulum

1889 4252 2016 4290 can.
2049 4235 2594 4290 6Neocaasariensis
2637 4237 2857 4290 recitati
2895 4253 2926 4291 a
2983 4238 3247 4292 Mattheo
3281 4238 3541 4294 Blastare

1887 4324 2063 4378 verbo
2118 4323 2335 4396 γάμος,
2378 4323 2478 4393 qui
2519 4324 2603 4377 sic
2664 4324 2877 4379 habet:
2936 4324 3069 4398 Περὶ
3128 4328 3223 4378 τοῦ
3281 4327 3356 4398 μὴ
3416 4347 3541 4380 συνε

1890 4413 2131 4465 «taceat
2163 4415 2240 4480 τῷ
2265 4408 2583 4484 διγαμοῦντι
2614 4411 2706 4464 τὸν
2741 4411 3198 4486 ἱερολογήσαντα.

1961 4497 2386 4573 Ἰχνηλάτης(1)
2419 4517 2475 4570 ρ.
2526 4502 2647 4555 464.
2705 4501 3048 4556 Καθικετεύει
3093 4501 3152 4557 ἐκ
3206 4508 3313 4558 τῶν
3377 4503 3542 4580 ἰχνη-

135 4609 188 4647 ac
216 4593 475 4666 legitime
514 4598 711 4664 posset
739 4608 928 4662 agere.
983 4591 1101 4646 Hoc
1133 4597 1222 4644 est
1269 4592 1421 4661 quod
1459 4593 1628 4646 docet
1685 4592 1779 4646 hic

1893 4589 2058 4644 λάτου
2115 4583 2524 4660 παραϐολικῶν,
2579 4600 2708 4645 etc.
2762 4593 2853 4645 Ait
2907 4593 3343 4664 imperatorem,
3401 4613 3535 4650 cum

137 4682 347 4745 Noster,
375 4685 527 4738 dum
562 4683 644 4736 ait
690 4679 993 4754 προνόμιον
1027 4696 1156 4734 esse
1216 4680 1686 4752 chartOphylacis
1715 4681 1777 4734 τὸ

134 4777 460 4845 προτροπαῖς
523 4769 724 4823 ἐκείνου
790 4769 883 4830 τὰς
951 4767 1262 4842 ἱερολογίας
1331 4767 1598 4840 γίνεσθαι,
1666 4787 1776 4826 non

133 4862 239 4916 sine
265 4863 543 4931 facultate
599 4874 662 4913 ac
708 4857 970 4912 mandato
1027 4873 1142 4927 ejus
1202 4856 1452 4911 adhiberi
1504 4861 1714 4927 sponsis
1746 4876 1779 4913 α

130 4950 382 5007 sacerdote
412 4950 536 5005 ulto
567 4948 849 5018 nuptiales
883 4947 1302 5001 benedictioaes.
1337 4948 1523 5012 Quare
1556 4946 1652 5001 ille
1681 4947 1774 5008 τὰς

129 5041 221 5090 τῶν
268 5039 458 5114 ἱερέων
513 5037 575 5098 ὃς
628 5033 758 5110 δίχα
806 5041 906 5103 τῆς
952 5039 1048 5088 τοῦ
1090 5032 1508 5111 χαρτοφύλακος
1539 5054 1770 5110 προτρο-

129 5133 222 5195 πῆς
263 5128 541 5206 νυμφίους
584 5124 884 5199 ἱερολόγεε,
945 5126 1193 5180 sacerdos
1241 5125 1460 5195 quidam
1514 5129 1608 5196 qui
1633 5131 1773 5182 citra

127 5221 431 5274 mandatum
483 5235 554 5272 ac
584 5219 784 5270 nutum
841 5215 1284 5286 charlophylacis
1340 5216 1555 5284 sponsis
1616 5217 1773 5271 bene-

130 5307 347 5376 ἀίειν-αι,
379 5305 801 5379 suspensionis
833 5309 904 5359 ob
939 5305 993 5359 id
1030 5322 1200 5376 poena
1249 5309 1339 5360 est
1371 5306 1675 5371 multatus,
1709 5311 1774 5360 ut

130 5412 244 5452 mox
272 5398 668 5466 Pachymeres
705 5393 1031 5464 subjungit.
1091 5393 1188 5447 Est
1246 5393 1426 5465 igitur
1482 5393 1770 5467 ἱερολογία

128 5497 272 5542 sacra
293 5486 520 5542 functio
557 5483 882 5540 sacerdotis
913 5483 1068 5538 circa
1101 5499 1368 5554 sponsos,
1435 5486 1670 5555 quando
1703 5487 1760 5540 in

189 5702 256 5778 tt)
283 5703 363 5759 Ct'.
398 5701 668 5760 Glossar.
704 5698 869 5756 alter.
899 5716 957 5756 ν.
991 5695 1355 5773 Ἰχνηλάτης.

1891 4682 2105 4735 videret
2133 4682 2412 4748 quosdam
2466 4678 2795 4735 inconsulto
2846 4681 2970 4736 zelo
3016 4683 3347 4754 improbare
3397 4701 3536 4740 con-

1891 4768 2146 4824 cordiam
2181 4784 2311 4822 cum
2347 4767 2570 4822 Latinis
2612 4768 2840 4840 initam,
2898 4772 3237 4844 congregari
3281 4773 3536 4842 jussisse

1889 4860 2187 4930 episcopos
2221 4873 2425 4912 omnes
2451 4861 2507 4911 et
2539 4859 2900 4927 monachos;
2933 4865 3057 4916 tum
3091 4863 3287 4933 ipsum
3321 4862 3380 4917 in
3435 4863 3534 4918 illo

1886 4963 2166 5003 consessu
2194 4947 2451 5000 medium
2479 4946 2799 5002 orationem
2823 4948 3156 5019 inchoasse,
3180 4952 3438 5022 rogando
3461 4968 3531 5007 ex

1887 5038 2192 5094 lchnelatze
2227 5037 2595 5102 Parabolicis,
2629 5039 2800 5108 cujus
2857 5038 2967 5094 loci
3029 5041 3100 5094 ad
3132 5042 3240 5096 hoc
3295 5048 3530 5113 tempus

1883 5127 2195 5199 opportuni
2226 5127 2532 5198 plerosque
2560 5126 2821 5198 ipsorum
2853 5130 3139 5185 recordari
3175 5131 3522 5196 conﬁdebat,

1885 5234 1955 5272 ne
2012 5218 2205 5287 potius
2268 5215 2510 5270 mallent
2567 5215 2787 5270 imitari
2845 5219 3008 5272 avide
3061 5219 3525 5289 praefestinantes

1879 5323 2055 5378 quam
2092 5304 2362 5377 prudenti
2397 5305 2676 5375 patientia
2711 5308 3109 5363 maturitatem
3143 5309 3524 5363 occasionum

1879 5401 1935 5450 et
1959 5412 2151 5450 rerum
2184 5398 2519 5464 exspectare
2551 5396 2831 5449 cessando
2856 5396 3079 5452 solitos.
3128 5397 3343 5452 Multos
3375 5398 3523 5464 dies,

1880 5503 1950 5541 ne
1972 5486 2161 5539 dicam
2194 5482 2616 5552 hebdomadas,
2659 5484 2715 5538 in
2771 5485 2945 5558 hujus
2976 5503 3108 5542 sum
3135 5485 3244 5542 loci
3276 5486 3531 5542 medita-
