4210 6448
609 365 764 425 ε1031
1684 368 1750 422 P.
1788 365 2062 422 roum
2094 366 2260 424 0881

2367 366 2716 423 'ATIONUH
2752 369 2890 423 LIB.
2929 371 2975 423 Ῑ.
3897 366 4042 423 me:

612 494 774 549 tione
791 493 1080 548 venatus.
1113 489 1295 561 Cujus
1324 504 1459 545 cum
1492 488 1858 560 intelligendi
1891 505 2009 544 una
2040 504 2175 561 spes
2209 492 2267 545 et
2294 491 2351 557 Α,
2379 490 2605 546 Persica
2637 497 2690 547 et
2718 491 2988 560 Arabica,
3019 508 3169 564 quas
3200 490 3382 548 fuisse
3417 490 3677 546 diversas
3734 491 4040 563 ponimus,

616 582 765 639 ratio
797 582 911 636 sita
940 584 1097 635 esset
1133 578 1192 633 in
1224 578 1434 633 notitia
1481 577 1785 649 scriptoris
1828 578 1887 633 in
1918 594 1985 633 eo
2024 577 2272 645 laudati,
2380 593 2495 633 non
2529 595 2643 634 una
2690 595 2889 634 revera
2940 584 2998 636 et
3048 580 3258 635 eadem
3313 580 3490 635 fuerit
3549 580 3763 634 versio.
3816 579 4044 635 Dicitur

611 677 801 727 totum
828 685 917 725 me
946 667 1078 723 dedi
1108 666 1547 738 investigationi
1597 665 1846 721 istorum
1874 658 2269 735 Μραὸολικῶν
2378 666 2533 722 enim
2558 667 2653 723 hic
2682 671 2910 724 tantum
2941 668 3160 724 librum
3185 668 3347 724 hunc
3368 668 3619 724 exlndia
3645 668 3707 723 in
3731 668 4035 724 Persidem

610 758 939 834 ’ἰχνηλάτου
961 757 1057 812 hic
1082 754 1949 825 memoratorum,ignotissimi
1972 759 2097 810 tum
2124 755 2271 809 mihi
2376 754 2633 811 delatum
2668 774 2701 812 a
2738 762 2967 825 Persae,
3002 757 3082 812 ita
3141 762 3206 812 ut
3256 758 3411 828 quod
3446 757 3685 812 additur
3740 758 3811 812 de
3841 761 4041 812 trans-

611 847 1024 921 operis,quoad
1039 842 2272 915 eruditissimusjuxtahumanissimusque
2376 842 2673 900 lationsin
2705 846 2971 918 linguam
3004 846 3337 915 Arahicam,
3373 846 3553 901 tribui
3588 846 3775 901 eidem
3836 846 4034 901 Perzoi

614 939 722 993 Leo
755 934 999 990 Allatius
1028 932 1057 985 ὁ
1087 929 1226 985 πάνυ
1250 932 1445 1002 primo
1497 931 1803 997 indicium,
1844 931 2059 988 deinde
2090 932 2269 987 etiam
2374 938 2620 1003 queatet
2638 934 2882 1007 intelligi
2901 952 3133 991 versum
3149 936 3225 990 ab
3250 935 3572 991 eoArabice
3589 933 3832 989 Chosroi
3864 936 4038 990 obla-

609 1025 838 1097 copiam
869 1021 1091 1094 perrari
1121 1022 1251 1091 ejus
1286 1024 1343 1076 et
1404 1020 1626 1075 Latinis
1684 1036 1924 1091 prorsus
1983 1019 2269 1075 hactenus

609 1112 889 1185 incogniti
921 1109 1329 1166 commentarii
1374 1108 1530 1163 fecit.
1563 1107 1772 1163 Totum
1806 1108 1971 1162 avide
2002 1108 2222 1180 perlegi
2249 1122 2264 1163 :

610 1213 754 1283 quin
782 1210 989 1277 etiam,
1023 1208 1183 1279 quod
1216 1206 1300 1263 sic
1332 1207 1610 1278 eapedire
1661 1206 1854 1261 visum
1886 1211 1996 1274 est,
2056 1207 2265 1278 raptim

612 1300 927 1356 Latinitate
953 1298 1236 1352 donatum
1270 1295 1331 1351 in
1375 1295 1587 1349 harum
1647 1294 2132 1350 Observationum
2165 1311 2266 1366 ap-

611 1388 919 1462 pendicem
946 1386 1190 1456 conjeci.
1226 1384 1310 1439 Ibi
1341 1384 1581 1446 videbit,
1616 1382 1663 1438 si
1693 1383 2103 1453 tantijudicet,
2135 1388 2267 1438 stu-

611 1480 817 1534 diosus
843 1475 1021 1531 lector
1072 1490 1247 1545 quem
1304 1474 1437 1542 ejus
1484 1473 1578 1526 hio
1628 1471 1903 1543 indigitat
1951 1472 2267 1542 imperator

609 1568 827 1630 locum,
862 1562 1274 1619 dissertatione
1307 1561 1643 1632 parabolica
1673 1566 1856 1627 sexta,
1891 1577 2007 1631 qua
2037 1560 2265 1615 fabellis

611 1659 682 1711 ad
720 1657 778 1710 id
813 1654 966 1726 aptis
998 1651 1221 1707 sultitia
1274 1651 1604 1705 traducitur
1660 1666 1862 1705 eorum
1914 1666 2063 1720 quos
2118 1649 2264 1721 ipsis

611 1745 808 1802 statim
854 1741 1107 1797 exordiis
1167 1739 1478 1811 longorum
1542 1740 1907 1810 negotiorum
1949 1738 2263 1810 impatiens

2373 1025 2498 1075 tum
2526 1026 2582 1076 et
2612 1022 2914 1093 vulgatum
2948 1025 3007 1079 in
3040 1024 3277 1079 Perside
3309 1022 3624 1086 fuisse,ubi
3656 1023 3803 1078 forte
3826 1022 4035 1094 lingua

2350 1110 2620 1173 Arabica
2649 1127 2765 1166 non
2787 1112 3087 1183 incognita
3116 1111 3285 1181 vulgo
3321 1111 3516 1166 fuerit.
3552 1111 3768 1166 Verum
3790 1128 4030 1166 omnem

2371 1198 2819 1270 ambiguitatem
2853 1200 3003 1255 tollit
3039 1202 3191 1272 quod
3215 1202 3283 1255 ad
3315 1200 3533 1255 calcem
3562 1200 3756 1271 operis
3780 1200 4031 1270 subjun-

2371 1286 2530 1357 gitur
2561 1289 2633 1342 ab
2661 1288 2791 1359 ipso
2823 1289 3019 1344 Graeco
3051 1289 3370 1359 interprete
3390 1292 3677 1360 Symeone
3708 1289 3865 1357 Setb,
3900 1293 4038 1360 post

2371 1376 2637 1446 quintam
2674 1378 2964 1433 decimam
3016 1377 3500 1433 Dissertationem
3556 1377 3877 1448 ascriptum
3935 1378 4030 1431 bis

2371 1473 2542 1544 plane
2570 1476 2800 1529 verbis:
2835 1476 3017 1530 Ταῦτα
3063 1475 3131 1528 τὰ
3182 1475 3239 1527 ιε’
3284 1475 3552 1546 τμήματα
3585 1474 3612 1526 ὁ
3644 1473 3809 1549 σοφὸς
3841 1471 4032 1547 ἰατρὸς

2369 1562 2590 1635 Περζωὶ
2636 1557 2927 1633 μετέϐαλεν
2980 1561 3039 1615 ἐκ
3079 1570 3178 1631 τῆς
3230 1559 3463 1630 Ἰνδικῆς
3515 1561 3593 1623 εἷς
3646 1562 3747 1628 τὴν
3793 1559 4034 1634 Περσίδα

2370 1645 2676 1717 διάλεκτον,
2732 1650 3101 1723 μετακομίσας
3160 1650 3219 1705 ἐκ
3275 1658 3374 1719 τῆς
3438 1650 3632 1713 Ἰνδίας
3664 1656 3757 1727 .τῷ
3812 1649 4034 1723 βασιλεῖ

2366 1739 2608 1813 Χοσρόῃ.
2666 1741 2758 1793 Ἐκ
2816 1738 2874 1794 δὲ
2925 1747 3027 1809 τῆς
3087 1746 3355 1810 Περσικῆς
3417 1738 3493 1800 εἰς
3546 1740 3645 1807 τήν
3707 1741 3857 1796 569
3914 1744 4027 1792 τῶν

612 1834 763 1891 568
788 1831 1001 1900 abripit
1032 1829 1276 1884 aviditas
1302 1829 1375 1883 ad
1408 1829 1553 1883 ﬁnes
1587 1844 2017 1899 successusque
2050 1845 2258 1898 praevo-

2367 1823 2611 1901 Ἀράϐων
2666 1824 3079 1901 μετεϐλήθησαν
3126 1829 3401 1905 γλῶσσαν,
3459 1828 3519 1882 ἐκ
3559 1825 3615 1882 δὲ
3645 1828 3744 1895 τῆς
3774 1822 4028 1900 Ἀράϐων

609 1923 849 1979 randos.
882 1920 987 1975 Hic
1016 1919 1310 1990 agendum
1344 1917 1490 1972 mihi
1524 1921 1662 1987 puto
1692 1918 1760 1972 de
1806 1918 2041 1972 nomine
2089 1915 2252 1989 ἰχνη-

612 2009 807 2081 λάτης,
837 2010 992 2082 quod
1017 2024 1151 2062 cum
1185 2012 1467 2077 tanquam
1501 2006 1799 2077 proprium
1833 2006 2007 2060 istius
2040 2006 2125 2060 vel
2150 2024 2258 2061 au-

610 2099 789 2154 ctoris
820 2097 904 2152 vel
926 2096 1121 2167 operis
1159 2100 1429 2165 ponatur,
1463 2096 1652 2148 neutri
1687 2100 1881 2149 tamen
1936 2110 2003 2148 ex
2034 2095 2259 2166 origine

608 2185 911 2251 convenit;
955 2200 1082 2254 quae
1117 2182 1259 2236 mihi
1285 2182 1590 2236 fuitcausa
1621 2180 1765 2235 illud
1800 2182 1872 2236 ab
1908 2182 2036 2250 ejus
2086 2181 2257 2236 titulo

609 2275 669 2329 in
708 2275 907 2330 Latina
936 2270 1415 2343 interpretatione
1465 2270 1823 2326 removendi.
1874 2270 2110 2326 Primus
2160 2287 2258 2325 vo-

610 2362 886 2418 cabulum
917 2358 1227 2435 ίχνηλάτης
1260 2376 1326 2415 ac
1366 2359 1524 2414 hunc
1572 2358 1789 2413 librum
1842 2359 2257 2431 appellandum

613 2451 884 2508 adhibuit
911 2453 1145 2506 Graecus
1170 2448 1329 2505 illius
1352 2448 1645 2520 interpres
1670 2449 1919 2520 Symeon
1942 2448 2098 2516 Setb,
2133 2449 2255 2504 imi-

611 2546 789 2610 tatus,
826 2546 889 2595 ut
919 2541 1043 2611 ipse
1068 2540 1170 2606 ait,
1199 2539 1300 2594 sed
1332 2555 1400 2593 ex
1437 2542 1599 2610 parte
1652 2540 1956 2607 duntaxat,
2008 2539 2259 2594 Arabem

612 2630 1072 2697 innominatum,
1107 2617 1208 2701 qui
1229 2646 1298 2685 ex
1321 2629 1548 2684 Persica
1570 2627 1841 2695 dialecto,
1865 2627 1925 2683 in
1950 2645 2123 2699 quam
2152 2630 2260 2685 has

612 2719 977 2791 parabolicas
1010 2718 1455 2773 dissertationes
1479 2722 1719 2773 Perzoes
1750 2734 1818 2772 ex
1843 2717 2057 2773 Indicis
2088 2718 2261 2789 origi-

615 2813 790 2866 nibus
822 2809 1223 2875 transtulerat,
1258 2808 1494 2863 Arabice
1524 2807 1655 2862 illas
1682 2807 1954 2876 reddens,
1994 2808 2152 2879 operi
2185 2807 2261 2861 ti-

614 2900 804 2955 tulum
831 2897 1112 2971 imposuit
1133 2899 1524 2967 compositum
1548 2913 1616 2951 ex
1637 2898 1977 2953 nominibus
2008 2897 2259 2951 duarum

616 3002 1027 3061 personarum,
1085 3002 1335 3056 quarum
1394 2984 1663 3055 dialogus
1724 2986 2002 3055 majorem
2063 2984 2264 3055 implet

618 3082 844 3149 partem
877 3074 1305 3131 dissertationis
1337 3072 1536 3144 prima:
1559 3078 1625 3127 ut
1645 3074 1716 3128 ad
1738 3074 2058 3129 secundum
2085 3074 2261 3128 etiam

616 3165 970 3222 extenditur.
1003 3165 1217 3219 Earum
1249 3154 1448 3218 Indica
1502 3163 1787 3217 vocabula
1837 3179 1964 3234 quis
2023 3164 2261 3232 fuerint,

614 3264 910 3318 nescimus
938 3286 950 3327 ;
983 3278 1234 3333 quorum
1266 3265 1463 3316 tamen
1514 3264 1580 3315 ut
1631 3260 1997 3332 propriorum
2028 3260 2263 3317 retineri

612 3369 795 3409 sonus
812 3357 868 3407 et
889 3351 1134 3405 aliarum
1171 3349 1382 3405 litteris
1412 3349 1657 3422 exprimi
1700 3350 1982 3405 debuerat
2030 3349 2264 3421 lingua-

611 3458 764 3497 rum.
801 3446 881 3496 Ac
915 3457 986 3495 ne
1016 3440 1117 3495 illa
1141 3438 1383 3511 quidem
1416 3444 1820 3495 memorantur
1871 3455 2000 3510 quis
2033 3439 2092 3493 in
2154 3456 2265 3493 sua

609 3530 1087 3601 interpretatione
1115 3528 1340 3584 Persica
1354 3528 1549 3600 posuit
1571 3529 1831 3583 medicus
1853 3533 2112 3583 Perzoes.
2139 3527 2262 3581 Pri-

613 3636 746 3675 mus
777 3620 982 3682 Arabs,
1014 3617 1112 3687 qui
1144 3618 1441 3673 secundus
1470 3618 1759 3689 interpres
1789 3619 1876 3686 [P.
1902 3618 2029 3689 390]
2079 3617 2263 3671 fuisse

611 3709 864 3776 dicitur;
899 3724 1012 3764 non
1047 3708 1242 3763 solum
1267 3706 1416 3762 duos
1448 3707 1593 3761 istos
1617 3705 2064 3762 interlocutores
2118 3706 2260 3759 Ara-

610 3797 758 3853 bicis
790 3814 859 3853 ex
890 3795 1115 3868 origine
1144 3795 1384 3851 vocibus
1415 3794 1748 3865 indigitavit
1796 3794 1956 3850 hisce
1990 3793 2167 3865 Cylile
2207 3798 2264 3848 et

609 3888 823 3954 Dimne,
853 3902 1056 3940 verum
1095 3884 1272 3939 etiam
1305 3884 1466 3954 operi
1499 3883 1833 3954 quindecim
1892 3884 2262 3939 dissertatio-

612 3993 747 4031 num
776 3974 1049 4030 universo
1081 3974 1319 4029 easdem
1345 3989 1450 4044 pro
1480 3973 1653 4028 titulo
1676 3972 2013 4044 praeposuit.
2042 3972 2105 4026 ld
2123 3988 2259 4026 con-

605 4070 725 4120 stat
770 4082 838 4120 ex
877 4062 1385 4120 admonitiuncula
1444 4062 1732 4117 Allatiano
1786 4062 1971 4118 codici
2005 4062 2259 4132 praefixa,

607 4171 787 4226 quam
816 4154 908 4208 hic
958 4152 1406 4209 describendam
1439 4152 1575 4205 duxi
1605 4169 1619 4206 :
1654 4144 1877 4205 Βιϐλίον
1938 4150 2265 4225 φυσιολογιο

603 4242 700 4297 κὸν
762 4242 1157 4315 μετακομισθὲν
1215 4238 1276 4294 ἐκ
1330 4246 1431 4307 τῆς
1485 4236 1679 4301 Ἰνδίας
1723 4238 1812 4293 καὶ
1865 4236 2017 4293 δοθὲν
2049 4243 2127 4309 τῷ
2161 4240 2262 4313 βα-

605 4330 754 4387 σιλεῖ
808 4328 1024 4404 Χοσρόῃ
1074 4326 1127 4383 ἐν
1188 4326 1407 4404 Περσίδι
1456 4327 1601 4403 παρά
1650 4350 1793 4390 τινος
1843 4329 2058 4401 Περζωὶ
2092 4331 2262 4406 σοφοῦ

602 4421 694 4475 καὶ
752 4417 939 4494 ἰατροῦ
996 4420 1094 4487 τὴν
1168 4418 1371 4493 τέχνην
1400 4464 1414 4489 ,
1481 4416 1571 4473 καὶ
1642 4418 1961 4493 μετενεχθὲν
2026 4418 2101 4479 εἰς
2161 4418 2260 4485 τὴν

602 4505 853 4581 Ἀράϐων
926 4507 1178 4583 γλῶσσαν
1216 4552 1229 4578 ,
1306 4506 1454 4579 παρὰ
1524 4503 1581 4560 δὶ
1657 4508 1885 4579 Συμεὼν
1962 4505 2262 4581 μαγίστρου

2365 1918 2492 1991 παρ’
2547 1919 2707 1989 ἡμῶν
2763 1918 2838 1980 είς
2894 1920 2996 1986 τὴν
3053 1916 3379 1987 Ἑλληνίδα,
3439 1916 3531 1971 καὶ
3590 1916 3693 1971 εἶσὶ
3726 1918 4027 1989 παρ’ἡμῖν

2366 2006 2535 2081 μέχρι
2577 2012 2674 2074 τῆς
2723 2008 2963 2081 σήμερον
3015 2006 3091 2070 εἰς
3137 2005 3319 2080 ὠφὲλε
3348 2027 3408 2060 αν
3462 2010 3570 2059 τῶν
3622 2004 4025 2079 ἀναγινωσκόν-

2361 2115 2491 2150 των.
2530 2098 2643 2152 Ηοο
2668 2102 2756 2151 est
2781 2098 2851 2152 ad
2883 2099 3125 2153 verbum
3155 2115 3167 2151 :
3203 2099 3307 2151 Ha:
3349 2097 3416 2150 15
3466 2098 3731 2151 sectione:
3787 2097 4017 2165 sapiens

2366 2185 2619 2240 medicus
2648 2186 2877 2241 Persae:
2930 2186 3217 2242 transtulit
3265 2201 3336 2240 ea:
3391 2184 3586 2239 Indica
3635 2186 3693 2239 in
3743 2184 4028 2240 Persicam

2364 2273 2667 2329 dialectum
2696 2291 2730 2328 a
2758 2291 2817 2330 se
2844 2274 3163 2346 deportata:
3193 2292 3266 2329 ea:
3296 2274 3453 2329 India
3490 2275 3611 2342 regi
3640 2273 3894 2329 (ἰήσει-οἰ.
3935 2277 4027 2329 8.1:

2366 2361 2589 2418 Persica
2617 2379 2743 2418 vero
2770 2363 2834 2417 in
2890 2363 3181 2419 Arabicam
3229 2380 3400 2418 versa:
3450 2362 3705 2433 linguam
3750 2371 3899 2430 sunt,
3953 2380 4031 2417 ex

2364 2451 2603 2507 Arabica
2629 2453 2850 2508 demum
2879 2470 2913 2507 a
2941 2452 3102 2509 nobis
3150 2455 3209 2509 in
3264 2452 3532 2509 Grecam.
3584 2454 3649 2507 Et
3702 2462 3835 2506 sunt
3881 2452 4034 2522 apud

2364 2558 2461 2597 nos
2491 2558 2665 2612 usque
2694 2544 2754 2596 in
2786 2542 3121 2597 hodiernum
3147 2542 3291 2597 diem
3351 2542 3422 2597 ad
3478 2541 3781 2596 utilitatem
3839 2541 4033 2609 legen-

2366 2630 2533 2686 tium.
2570 2632 2654 2686 Ita
2685 2631 2786 2686 ibi.
2823 2630 2985 2686 Unde
3018 2632 3394 2687 manifestum
3422 2636 3510 2686 est
3542 2629 3835 2685 Persicam
3894 2645 4029 2700 quas

2367 2718 2585 2773 dicitur
2616 2720 3046 2791 Arabicamque
3074 2720 3404 2775 versionem
3428 2719 3613 2773 fuisse
3636 2713 3810 2789 plane
3835 2718 4027 2772 diver-

2368 2824 2488 2864 sas.
2521 2811 2662 2862 Cum
2706 2812 2925 2875 autem,
2974 2812 3037 2863 ut
3084 2824 3153 2863 ex
3203 2807 3369 2879 prius
3418 2808 3715 2876 descripto
3755 2806 4028 2876 ejusdem

2369 2898 2675 2969 Symeonis
2721 2897 2961 2970 prologo
3017 2903 3267 2965 constat,
3319 2897 3530 2953 titulus
3590 2897 3765 2967 Cylile
3826 2896 4027 2950 Dimne

2377 2994 2628 3049 Arabicae
2658 2996 2946 3051 versionis
2976 2997 3247 3067 proprius
3280 2995 3473 3063 fuerit,
3518 2995 3600 3049 uti
3650 2998 3707 3049 et
3737 2994 3871 3064 ipsa
3928 2993 4035 3047 illa

2368 3084 2653 3139 vocabula
2690 3085 2935 3140 Arabica
2965 3102 3032 3140 ex
3063 3086 3290 3157 origine
3341 3090 3644 3155 putantur,
3705 3084 4032 3138 dicendum

2376 3177 2465 3228 est
2502 3178 2559 3228 et
2590 3174 2789 3229 Indica
2815 3175 3133 3246 archetypa
3154 3180 3212 3230 et
3239 3175 3533 3230 Persicam
3558 3191 3591 3229 a
3620 3179 3831 3229 Persae
3887 3188 4032 3228 con-

2375 3263 2670 3317 cinnatam
2704 3262 3246 3334 interpretationem
3277 3264 3364 3319 vel
3414 3263 3673 3318 caruisse
3733 3261 3907 3317 titulo
3944 3262 4036 3317 vel

2368 3351 2535 3407 aliter
2578 3351 2864 3423 inscripta
2923 3353 3289 3423 apparuisse.
3350 3352 3514 3407 Unde
3572 3351 3764 3423 quivis
3825 3369 4041 3423 azquu

2370 3441 2731 3496 concesserit
2755 3441 2948 3508 nobis,
2966 3441 3065 3513 qui
3100 3459 3211 3497 non
3228 3441 3744 3513 interpretationes
3766 3441 4039 3495 Graecam

2368 3534 2470 3584 aut
2504 3530 2842 3595 Arabicam,
2875 3532 2974 3585 sed
3010 3547 3157 3602 opus
3188 3531 3383 3603 ipsum
3400 3535 3530 3586 ortu
3549 3531 3737 3601 primo
3758 3530 4039 3585 Indicum

2369 3618 2577 3674 Latine
2610 3620 2938 3683 reddimus,
2982 3636 3223 3675 necesse
3255 3637 3370 3675 non
3420 3620 3601 3675 fuisse
3630 3618 3891 3673 Arabicae
3934 3624 4043 3674 aut

2369 3710 2581 3764 Graecae
2614 3708 3103 3764 nomenclationis
3138 3709 3353 3764 habere
3386 3708 4039 3777 rationem,prazsertim

2367 3812 2502 3851 cum
2536 3813 2605 3851 ea
2631 3796 2779 3867 parti
2810 3802 3042 3852 tantum
3094 3799 3308 3869 operis,
3343 3798 3453 3854 hoc
3488 3802 3578 3853 est
3606 3796 3842 3852 duabus
3881 3798 4040 3852 dun-

2368 3886 3421 3955 taxatdissertationibus,conveniat,
3437 3887 3656 3957 quibus
3678 3888 3956 3941 Coronati
3983 3891 4044 3941 et

2366 3986 2751 4056 Vestigatoris
2782 3986 3073 4058 colloquia
3110 3980 3453 4041 recitantur.
3490 3984 3737 4050 Quaesivi
3769 3999 3840 4039 ex
3900 4001 4039 4039 ma-

2366 4074 2567 4145 gistris
2601 4076 3101 4148 Arabiczelinguze
3124 4092 3194 4131 an
3241 4076 3417 4145 Cylile
3468 4080 3526 4129 et
3574 4076 3773 4129 Dimne
3827 4073 4033 4129 Grece

2367 4161 2686 4239 στεφανίτην
2744 4163 2835 4217 καὶ
2892 4162 3228 4238 ΐχνηλάτην,
3286 4164 3394 4219 hoc
3448 4168 3539 4219 est
3596 4162 3801 4218 Latine
3864 4179 4033 4218 coro-

2366 4257 2555 4307 natum
2584 4257 2642 4307 et
2670 4254 3049 4324 vestigatorem
3080 4254 3508 4323 significarent.
3571 4252 4039 4323 Responderunt

2369 4341 2427 4395 in
2462 4340 2636 4412 Cylile
2665 4342 2897 4411 quidem
2938 4358 3257 4414 agnoscere
3319 4357 3381 4396 se
3439 4340 3659 4411 aliquid
3716 4341 3878 4412 quod
3937 4356 4037 4397 ca-

2368 4444 2516 4485 rona:
2564 4429 2862 4485 notionem
2913 4431 3196 4496 redoleat,
3230 4431 3288 4485 in
3322 4430 3527 4485 Dimne
3557 4428 3705 4483 nihil
3769 4428 4036 4499 reperire

2371 4520 2525 4589 quod
2558 4519 2626 4572 ad
2660 4519 2889 4591 vestigii
2924 4519 3319 4590 signiﬁcatum
3352 4522 3573 4587 vergat.
3622 4522 3699 4572 Ex
3758 4533 3878 4587 quo
3914 4517 4038 4573 for-

603 4579 695 4654 καὶ
754 4579 1066 4675 φιλοσδφου
1116 4600 1207 4651 τοῦ
1255 4596 1371 4664 Σήθ
1415 4595 1492 4656 εἷς
1522 4598 1621 4663 τήν
1657 4594 1941 4665 Ἐλλήνων
1976 4579 2259 4650 διάλεκτον

2372 4611 2530 4662 tasse
2562 4608 2849 4679 suspicari
2879 4607 3051 4663 liceat
3082 4609 3363 4662 mendum
3397 4606 3780 4678 exscriptoris
3814 4606 3877 4661 in
3916 4606 4042 4662 ista

608 4683 1363 4761 μεταϐληθὶννχαλούμινον
1424 4679 1705 4759 Ἀραϐιστὶ
1768 4685 1861 4757 μὲν
1922 4682 2124 4739 Κυλίλε
2171 4684 2261 4737 καὶ

606 4778 774 4851 Διμνὲ
810 4822 823 4845 ,
884 4775 1202 4844 Ἑλληνιστὶ
1263 4772 1319 4828 δὲ
1369 4771 1701 4851 Στεφανίτης
1758 4775 1845 4828 καὶ
1903 4771 2258 4848 Ἰχνηλάτηιμ

601 4878 763 4949 Ἔχει
824 4870 882 4928 δὲ
935 4872 1136 4946 μύθους
1181 4870 1553 4943 παμπόλλους
1599 4871 1690 4925 καὶ
1740 4876 1903 4925 πᾶσιν
1954 4870 2264 4944 ἀνθρώποις

607 4960 949 5041 ὠφελίμους.
985 4968 1117 5017 Haec
1148 4962 1271 5029 ibi;
1315 4978 1442 5033 quea
1488 4961 1573 5016 sic
1624 4960 1826 5016 Latine
1871 4967 2116 5015 sonant:
2168 4962 2257 5015 Li-

604 5055 698 5109 ber
725 5053 1138 5125 physiologica:
1169 5052 1390 5107 delatus
1420 5067 1489 5105 ea:
1519 5050 1676 5105 India
1704 5058 1754 5105 et
1777 5050 1935 5104 datus
1966 5048 2088 5118 regi
2118 5048 2259 5104 Cho-

603 5145 718 5197 sroi
746 5144 804 5196 in
838 5144 1069 5197 Perside
1098 5158 1132 5196 a
1161 5140 1399 5213 quodam
1428 5140 1903 5210 Persae,sapiente
1930 5148 1984 5193 et
2023 5137 2255 5205 medico,

604 5242 901 5295 translatus
953 5242 1121 5294 etiam
1179 5240 1243 5293 in
1301 5238 1544 5293 Arabum
1592 5237 1941 5307 linguam,a
1993 5235 2259 5305 Symeone

601 5346 727 5387 vero
754 5332 1020 5400 magistra
1048 5332 1100 5383 et
1128 5328 1447 5400 philosopho
1459 5328 1850 5395 cognominata
1871 5324 2004 5379 Selii
2016 5324 2074 5378 in
2105 5324 2257 5381 Grae-

601 5436 790 5475 corum
820 5419 1113 5474 dialectum
1144 5432 1451 5483 conversus,
1482 5425 1707 5472 vocatu:
1741 5414 1979 5469 Jrabice
2039 5414 2257 5485 quidem

606 5509 782 5581 Cylile
811 5518 861 5564 et
892 5513 1111 5576 Dzmne,
1147 5506 1329 5564 Grece
1357 5521 1483 5561 vero
1513 5504 1859 5575 Stephanitae
1878 5506 1930 5557 et
1950 5502 2256 5559 Iehnelale:

604 5600 772 5654 Habet
799 5608 979 5653 autem
1012 5597 1243 5666 fabulas
1260 5596 1567 5668 permultas
1584 5598 1639 5650 et
1660 5593 1917 5649 omnibus
1937 5594 2258 5649 horninibus

600 5689 781 5745 utiles.
808 5687 993 5744 Video
1022 5703 1093 5745 ex
1112 5685 1207 5743 bis
1225 5687 1420 5743 verbis
1438 5688 1659 5742 restem
1676 5681 1921 5739 dubium
1952 5680 2253 5750 lectori,an

2374 4697 2681 4768 peregrina
2698 4714 2836 4752 voce
2865 4697 3185 4763 reddenda,
3219 4698 3373 4751 sicut
3402 4697 3643 4751 omnino
3701 4696 3903 4751 inesse
3942 4695 4033 4749 vi-

2371 4787 2544 4842 detur
2571 4787 2628 4841 in
2664 4785 2950 4857 particula
2976 4785 3088 4852 καί,
3123 4792 3297 4857 prout
3317 4785 3419 4840 illa
3433 4802 3568 4840 cum
3597 4784 3868 4840 Arabicis
3890 4802 4035 4841 con-

2362 4877 2637 4948 jungitur
2662 4878 2923 4944 vocibus,
2947 4893 3080 4932 cum
3104 4876 3303 4933 Greca
3328 4877 3425 4945 sit,
3446 4874 3733 4932 Credibile
3746 4880 3837 4931 est
3870 4877 4035 4931 enim

2369 4975 2611 5030 Sethum
2642 4975 2994 5031 scribentem
3042 4974 3256 5031 Graecis
3312 4973 3754 5030 characteribus
3815 4974 4035 5029 Arabi-

2368 5079 2499 5119 cum
2534 5063 2772 5119 titulum
2822 5060 3027 5118 Κυλίλε
3052 5083 3113 5117 ου
3145 5063 3311 5134 Διμνὲ
3344 5063 3617 5134 posuisse
3652 5079 3665 5116 :
3720 5061 3869 5117 illud
3922 5080 4032 5117 au-

2365 5157 2481 5208 tem
2515 5172 2601 5219 ου,
2634 5169 2764 5224 quae
2795 5153 3005 5225 copula
3043 5157 3133 5209 est
3187 5152 3501 5208 Arabibus.
3556 5150 3793 5207 Graecus
3842 5150 4036 5206 libra~

2366 5240 2566 5295 riusin
2597 5237 2686 5292 καί
2717 5241 3085 5295 converterit.
3118 5240 3312 5294 Refert
3334 5239 3720 5295 doctissimus
3763 5238 4032 5293 Altatius

2364 5329 2617 5384 diatriba
2647 5330 2717 5383 de
2754 5334 3109 5401 Symeonum
3170 5329 3408 5400 scriptis
3460 5345 3517 5398 p.
3573 5329 3673 5382 184
3733 5327 4040 5399 prodiisse

2365 5417 2628 5473 Ferraria
2656 5418 2911 5473 “.1584
2942 5419 3259 5489 quamdam
3294 5417 3476 5488 hujus
3506 5417 3700 5488 operis
3733 5416 4037 5487 interpre-

2363 5507 2645 5562 tationem
2686 5506 2949 5563 Italicam
2986 5507 3190 5562 multis
3222 5506 3366 5562 locis
3406 5507 3699 5571 mutilam,
3734 5505 3792 5561 in
3847 5506 4030 5575 cujus

2364 5595 2606 5669 prologo
2630 5595 3255 5669 legaturhunclibrum
3281 5612 3348 5651 ex
3378 5596 3575 5651 indica
3596 5595 3652 5651 id
3686 5597 4026 5667 Agarenam

2362 5685 2627 5759 linguam
2661 5702 2695 5742 a
2726 5685 2863 5743 lea
2889 5690 3109 5742 Damno
3153 5689 3445 5743 Saracena
3499 5700 3733 5743 versum
3796 5684 4026 5752 fuisse;
