4248 6438
216 372 356 429 1033

1680 381 2169 439 GLOSSARIUM.

3494 405 3630 461 1034

220 493 467 549 ridiculo
487 512 710 567 errore,
734 513 803 553 ex
824 514 891 554 eo
917 502 1050 554 nato
1075 501 1227 571 quod
1252 501 1399 557 liber
1419 501 1572 557 idem
1596 503 1668 557 ab
1686 503 1873 558 Arabe
1902 505 1955 569 Α
1990 504 2514 567 Ιίὶιοιδωεαενεεὶηο
2536 515 2741 571 addito
2756 520 3431 590 appellantur,vocabulo
3455 529 3628 584 etiam

223 584 539 655 interprete
560 586 739 657 Cylite
769 604 806 641 υ
826 588 1360 662 Dimneinscriptus
1386 591 1578 646 fuerit.
1607 592 1666 645 Id
1691 592 1881 647 valere

232 678 424 745 potest
451 675 520 728 ad
556 677 1062 747 comprobandum
1098 696 1295 733 meum
1328 679 1642 735 consilium
1679 680 1879 735 alienae

225 764 297 817 ab
348 764 685 834 originibus
735 766 1228 823 nomenclationis
1261 770 1640 837 removendis,
1672 786 1743 823 ne
1790 786 1879 824 se-

231 851 451 906 militer
478 854 710 907 errandi
744 854 999 924 cuipiam
1025 856 1371 928 simpliciori
1396 860 1633 915 daretur
1653 861 1879 913 occasio

227 942 315 1012 [P.
369 942 493 1007 391]
556 943 966 1000 existimatum
1018 946 1267 1001 fortasse
1301 947 1621 1007 ichnelatcn
1665 964 1879 1002 nomen

232 1047 361 1086 esse
392 1031 672 1096 auctoris,
704 1032 802 1101 qui
836 1033 1062 1104 primus
1093 1034 1201 1089 hoc
1232 1035 1585 1107 opusculum
1617 1037 1882 1091 condidit.

231 1136 367 1175 cum
402 1120 457 1174 id
493 1120 620 1176 sine
643 1126 799 1176 certo
832 1123 1138 1194 scriptoris
1170 1126 1407 1179 nomine
1438 1126 1658 1180 editum
1694 1125 1752 1179 in
1788 1126 1879 1180 In-

225 1210 323 1264 dia
353 1209 607 1282 Symeon
640 1210 777 1265 Seth
811 1210 1044 1277 innuat,
1078 1213 1219 1267 dum
1252 1214 1458 1269 scribit
1490 1214 1659 1269 initio
1681 1216 1881 1285 prasta-

219 1297 397 1352 tionis
457 1314 615 1352 sum:
674 1298 737 1351 ἸΙ
796 1302 1042 1373 παροῦσα
1104 1294 1297 1372 βίϐλος
1348 1299 1550 1377 ἐγράφη
1604 1301 1698 1373 μὲν
1732 1303 1877 1371 παρὰ

220 1388 403 1461 σοφῶν
447 1385 555 1439 ἀπό
585 1406 643 1440 τε
694 1385 880 1457 μύθων
931 1388 1021 1441 καὶ
1062 1384 1422 1463 παραλαϐὼν,
1470 1392 1615 1445 hunc
1673 1392 1880 1446 librum

221 1477 585 1546 compositum
637 1476 809 1546 fuisse
838 1495 875 1532 a
905 1479 1250 1547 sapientibus
1278 1495 1347 1534 ea:
1387 1481 1602 1550 fabulis
1633 1485 1685 1535 et
1712 1497 1876 1548 para-

227 1565 407 1629 bolis,-
452 1566 606 1635 quod
646 1566 867 1620 indicat
915 1567 1145 1621 nullum
1189 1567 1239 1622 ei
1288 1568 1471 1623 fuisse
1520 1570 1875 1640 inscriptum

225 1654 545 1725 singularis
577 1656 835 1710 auctoris
881 1672 1119 1725 nomen,
1145 1658 1397 1729 jureque
1428 1658 1557 1713 ideo
1607 1673 1699 1712 me
1732 1658 1876 1713 illud

220 1744 495 1814 specimen
507 1744 797 1815 sapientiae
811 1746 1075 1800 Indorum
1098 1751 1347 1801 veterum
1371 1749 1879 1819 nuncupare570

218 1832 505 1905 potuisse.
532 1834 642 1888 Sed
675 1835 746 1889 de
774 1833 868 1889 hic
891 1835 1018 1905 jam
1051 1834 1183 1905 plus
1216 1834 1401 1891 satis:
1434 1835 1551 1891 alia
1600 1837 1756 1892 enim
1786 1853 1878 1891 vo-

221 1926 382 1977 cant.

291 2012 675 2092 Καϐαλλάριοι
722 2036 780 2091 p.
836 2020 960 2075 328.
998 2020 1235 2076 Retinui
1280 2022 1583 2076 caballarii
1619 2023 1872 2077 vocabu-

220 2108 347 2164 lum
379 2110 440 2163 in
472 2109 761 2177 versione,
792 2110 1010 2165 idcirco
1033 2112 1185 2182 quod
1218 2110 1547 2166 existimavi
1570 2111 1726 2166 haud
1747 2112 1874 2169 sine

224 2214 407 2252 causa
428 2196 845 2266 Pachymerem
872 2200 987 2253 ista
1006 2216 1140 2254 voce
1164 2200 1255 2255 hic
1275 2216 1449 2255 usum
1471 2200 1666 2271 potius
1694 2218 1869 2272 quam

219 2287 366 2358 ipsis
397 2287 706 2342 notissima
738 2293 794 2342 et
816 2289 984 2343 obvia
1014 2288 1247 2343 ἱππέων.
1272 2290 1491 2360 Nempe
1520 2291 1873 2346 caballariu:

221 2377 651 2431 consuetudine
675 2378 798 2447 jam
834 2382 959 2432 tum
1003 2377 1164 2433 illius
1194 2379 1479 2450 temporis
1520 2396 1634 2434 non
1668 2397 1871 2450 quem-

216 2464 365 2524 libet
394 2467 679 2538 equitem,
712 2467 812 2520 sed
842 2466 1133 2538 insignem
1168 2476 1223 2523 et
1253 2469 1593 2539 primarium
1627 2471 1874 2524 sonabat

215 2560 459 2625 eratque
510 2555 590 2626 (id
625 2556 779 2625 quod
814 2555 1106 2627 hodieque
1138 2556 1195 2611 in
1232 2557 1435 2612 Italica
1485 2557 1686 2628 lingua
1734 2560 1869 2615 inde

216 2643 462 2698 ductum
505 2645 861 2715 perseverat)
888 2646 943 2699 in
970 2640 1036 2699 eo
1059 2647 1232 2701 verbo
1257 2646 1581 2701 nobilitatis
1603 2649 1869 2718 quaedam

216 2732 543 2803 emphasis,
579 2734 823 2788 minime
854 2735 1207 2790 conveniens
1237 2735 1423 2806 equiti
1456 2738 1737 2807 gregario.
1765 2741 1872 2792 Ita-

212 2838 330 2893 que
359 2838 494 2877 cum
516 2826 725 2878 Noster
745 2823 1012 2893 ejusdem
1061 2823 1240 2893 hujus
1283 2823 1450 2881 initio
1481 2825 1691 2895 capitis
1715 2825 1871 2880 hunc

1989 596 2200 651 Graecis
2256 600 2495 656 usitato.
2532 603 2785 675 Usurpat
2816 614 2871 662 et
2898 609 3032 663 alibi
3066 616 3271 668 Noster
3305 617 3634 677 καθοσιώσιν

1992 682 2099 738 hac
2131 687 2391 756 notione,
2424 689 2461 744 Ι.
2495 709 2550 760 v,
2583 709 2633 747 c.
2671 696 2734 748 19
2760 712 2770 748 :
2796 696 2897 751 Καὶ
2928 698 2990 749 τὸ
3027 705 3209 770 μεῖζον
3236 701 3514 770 ἐκρίνοντο
3546 706 3635 759 καὶ

1990 770 2067 833 εἷς
2116 774 2443 836 καθοσίωσιν
2471 796 2484 845 ;
2517 787 2574 835 et
2606 799 2655 836 c.
2688 784 2790 839 20:
2826 784 2987 839 Ἀλλ’
3036 789 3138 842 οὐκ
3185 785 3395 844 ἔπειθον
3446 791 3634 848 πολλὰ

1990 857 2364 935 λιπαροῦντες,
2398 864 2528 920 ἀλΛ⁹
2582 866 2833 944 ἄντικρυς
2894 873 3165 949 ἐκρίνοντο
3213 885 3313 947 τῆς
3360 881 3495 953 πρὸς
3529 882 3629 956 βα-

1989 945 2145 1038 σιλέα
2190 954 2589 1017 καθοσιώσεως.
2625 963 2885 1033 Denique
2917 945 2982 1018 ut
3034 965 3148 1021 alia
3178 945 3448 1025 om-ittar'n
3482 945 3628 1038 loca,

1990 1037 2027 1091 Ι.
2061 1056 2134 1102 VI,
2170 1057 2219 1095 c.
2265 1044 2364 1098 2/1:
2399 1044 2750 1121 Ὑπαγαγαὼν
2804 1051 3127 1125 (Μακάριον)
3187 1053 3309 1129 δίκῃ
3358 1037 3630 1112 καθοσιώέ

1985 1146 2120 1188 σεως
2187 1130 2263 1189 ὼς
2334 1132 2466 1195 τοὺς
2534 1132 2784 1199 δυτικοὺς
2836 1136 3107 1214 ἄρχοντας
3169 1146 3306 1199 κατὰ
3356 1146 3630 1219 βασιλὲως

1988 1212 2343 1290 διεγείραντα.

2061 1342 2238 1412 Κάνης
2273 1348 2345 1417 (1)
2381 1365 2435 1419 p.
2468 1350 2593 1406 241.
2631 1353 2753 1409 Non
2784 1355 3027 1411 dubium
3063 1358 3205 1429 quin
3238 1360 3346 1415 hoc
3372 1361 3496 1417 loco
3520 1360 3634 1417 Κά-

1985 1451 2085 1498 νης
2117 1450 2328 1490 nomen
2363 1438 2439 1492 sit
2470 1441 2771 1512 principis,
2805 1461 2837 1498 a
2868 1461 2983 1515 quo
3018 1447 3213 1517 Nogas
3245 1466 3377 1504 cum
3414 1452 3636 1507 Tocha-

1988 1522 2068 1574 ris
2098 1522 2316 1578 missus
2350 1526 2541 1582 fuerat
2572 1535 2628 1584 et
2649 1548 2681 1585 a
2708 1534 2877 1602 cujus
2902 1534 3184 1602 dominio,
3206 1545 3267 1591 ut
3299 1540 3473 1609 paulo
3497 1546 3631 1596 ante

1988 1611 2134 1665 dixit
2165 1611 2503 1685 historicus,
2539 1620 2788 1675 deﬁcere
2819 1622 3155 1694 incipiebat,
3196 1628 3339 1683 571
3376 1646 3514 1685 suas
3544 1648 3635 1686 res

1989 1715 2167 1770 agens
2200 1706 2255 1755 et
2304 1704 2414 1757 sibi
2450 1709 2678 1776 proprie
2710 1710 3013 1765 vindicans
3059 1730 3188 1784 qure
3232 1716 3381 1771 bello
3434 1720 3637 1789 acqui-

1988 1790 2172 1843 rebat.
2207 1791 2272 1861 [Ρ
2293 1794 2419 1864 392]
2455 1796 2661 1865 Agitur
2686 1814 2821 1869 ergo
2848 1799 2939 1854 hic
2971 1803 3039 1857 de
3068 1806 3436 1860 Tartarorum
3472 1809 3633 1878 prin-

1907 1879 1954 1941 B
1984 1877 2129 1949 cipe,
2166 1880 2264 1950 qui
2299 1899 2548 1954 magnus
2575 1886 2760 1943 Canes
2800 1889 3087 1961 hodieque
3116 1877 3486 1964 appellaturi
3519 1897 3627 1951 lib.

1980 1984 2034 2036 ν,
2067 1987 2117 2023 c.
2149 1970 2202 2035 5,
2257 1973 2533 2028 scribitur
2576 1975 2683 2031 hoc
2729 1980 3075 2036 vocabulum
3109 1999 3212 2054 per
3252 2003 3265 2035 ι
3297 1985 3625 2041 etintlecti-

1980 2060 2075 2111 tur
2106 2058 2268 2120 Κάνις
2304 2059 2531 2124 Κάνιδος
2571 2086 2584 2116 ι

2050 2197 2292 2274 Κάστρον
2344 2221 2399 2275 ρ.
2441 2205 2566 2261 303.
2614 2209 2689 2263 De
2743 2212 2981 2267 Barbam
3015 2217 3071 2268 et
3115 2215 3319 2270 Tzuila
3368 2218 3625 2290 szcan-

1978 2290 2122 2343 dala:
2157 2292 2226 2344 ab
2260 2292 2603 2362 imperatore
2638 2301 2983 2356 mandatum
3021 2305 3214 2374 refert,
3250 2307 3457 2361 ambos
3489 2309 3627 2379 πρὸς

1976 2378 2200 2431 Νεκειίαν
2261 2378 2572 2455 ἀπαγαγὼν,
2637 2386 2741 2459 πρὸ
2797 2392 2893 2441 τοῦ
2966 2389 3057 2451 εἷς.
3109 2390 3337 2466 κάστρον
3413 2394 3625 2471 εἶστκγα-

1975 2473 2109 2541 γεῖντ
2170 2476 2423 2542 στερῆσαι
2474 2478 2578 2525 τῶν
2636 2474 2959 2550 ὀφθαλμῶν.
3018 2481 3197 2537 Video
3254 2484 3345 2539 hic
3394 2485 3624 2556 κάστρον

1978 2574 2079 2627 pro
2114 2559 2236 2626 ipsa
2260 2562 2401 2615 urbe
2434 2564 2622 2618 Nicaea
2646 2583 2816 2635 posse
2834 2569 3015 2641 accipi
3045 2588 3056 2624 :
3083 2589 3216 2626 nam
3239 2573 3621 2632 Justinianus

1975 2645 2210 2702 Novella
2264 2651 2382 2725 128,
2416 2668 2612 2707 vocem
2656 2654 2886 2729 κάστρον
2935 2675 3320 2732 synonymam
3369 2665 3492 2719 voci
3528 2664 3621 2719 πό-

1977 2730 2064 2797 λίς
2110 2735 2334 2792 videtur
2376 2738 2660 2809 indicare,
2694 2745 2833 2800 dum
2886 2749 3092 2803 scribit
3136 2748 3189 2802 ἐν
3220 2756 3336 2811 ταῖς
3386 2751 3617 2807 πόλεσιν

1973 2820 2098 2891 ἤτοι
2146 2824 2419 2899 κάστροις.
2471 2832 2631 2895 Quod
2667 2833 2714 2888 si
2772 2835 3072 2907 recipitur,
3125 2855 3336 2895 sensus
3386 2841 3497 2897 loci
3541 2845 3620 2899 sit

215 2912 277 2966 in
331 2911 571 2965 modum
626 2912 851 2978 scribit,
903 2911 965 2967 Ὀ
1012 2906 1386 2984 καϐαλλάριος
1434 2911 1682 2981 Ἀλὲξιος
1734 2912 1868 2986 ἀνὴρ

1978 2914 2222 2983 iussisse
2250 2916 2658 2987 imperatorem
2688 2927 2953 2979 excmcari
2981 2926 3349 2985 Barlaamum
3378 2934 3618 2988 ethui-

210 2994 478 3073 γεννάδας
518 2998 607 3051 καὶ
658 2995 933 3073 ἀνδρικός,
983 3001 1406 3071 intelligendus
1454 3008 1543 3057 est
1591 3004 1719 3071 ejus
1757 3004 1868 3057 viri

220 3088 589 3144 nobilitatem
640 3088 1086 3161 claritatemque
1132 3090 1244 3145 isto
1291 3092 1527 3146 nomine
1577 3093 1865 3162 signasse.

213 3178 330 3232 Nec
364 3176 507 3232 mihi
534 3183 625 3233 est
656 3178 1000 3234 incredibile
1032 3184 1321 3235 trecentos
1354 3181 1498 3235 istos
1530 3199 1595 3235 ex
1614 3198 1679 3236 eo
1702 3183 1866 3252 equi-

1975 3002 2091 3057 lam
2138 3003 2197 3057 in
2231 3005 2438 3061 itinere
2493 3009 2834 3081 priusquam
2881 3014 3132 3072 Niceam
3186 3019 3495 3078 intrarent.
3552 3026 3619 3079 Et

1975 3098 2115 3147 sunt
2145 3094 2409 3164 exempla
2431 3097 2711 3155 similium
2742 3105 3191 3162 excmcalionum
3224 3109 3413 3165 obiter
3446 3113 3616 3167 facta-

1975 3199 2128 3246 rum,
2182 3188 2246 3237 ut
2295 3186 2559 3243 Basilacii
2611 3192 2680 3243 ad
2732 3190 2924 3247 locum
2981 3195 3340 3268 Clempinam
3395 3203 3614 3257 dictum

214 3272 344 3321 tum
394 3283 606 3339 genere
639 3266 840 3337 fuisse,
874 3267 973 3338 qui
1021 3285 1130 3322 usu
1166 3269 1336 3324 hodie
1370 3269 1591 3324 militiae
1631 3250 1863 3326 Gallica:
1896 3250 1937 3315 (ἶ
1981 3288 2157 3344 prope
2189 3275 2405 3330 fontem
2442 3278 2514 3331 ab
2546 3278 2654 3334 hoc
2686 3296 2825 3336 casu
2857 3250 3070 3339 deinde
3102 3250 3618 3366 nomi—na—tu'mvt‘ip-‘i;

210 3358 477 3410 maistre:
528 3356 794 3428 magistri
842 3356 958 3411 dici
1009 3358 1241 3417 solent:
1293 3375 1542 3430 quorum
1592 3360 1861 3416 videlicet

213 3447 630 3517 unusquisque
670 3446 816 3503 alios
864 3447 1093 3518 equites
1144 3449 1253 3503 sub
1299 3465 1361 3504 se
1413 3455 1703 3505 merentes
1752 3451 1859 3505 du-

214 3542 354 3590 ctal.

280 3629 659 3702 Καδδηνάλιοι
701 3651 759 3688 n.
791 3633 917 3690 209.
954 3634 1041 3688 Ita
1070 3638 1412 3691 constanter
1441 3637 1721 3692 scribitur
1751 3637 1860 3693 hoc

219 3724 573 3779 vocabulum
607 3723 666 3778 in
697 3723 888 3778 tribus
914 3724 1083 3779 codd.
1110 3726 1168 3779 in
1202 3724 1311 3780 hoc
1334 3731 1391 3780 et
1412 3726 1542 3781 aliis
1561 3728 1741 3797 hujus
1776 3728 1860 3782 hi-

215 3808 411 3871 storiae
461 3812 627 3879 locis,
662 3814 819 3868 unde
852 3830 965 3868 non
1008 3814 1241 3869 videtur
1279 3815 1671 3871 dubitandum
1718 3818 1858 3888 quin

212 3920 414 3959 vocem
460 3903 630 3958 nobis
683 3902 962 3957 usitatam
1005 3904 1317 3958 cardinalis
1366 3906 1451 3959 sic
1492 3910 1631 3959 tunc
1684 3908 1862 3963 Graeci

212 3993 337 4047 suis
357 3991 571 4047 litteris
592 3992 1008 4063 exprimerent.
1042 3992 1156 4047 Nec
1180 3993 1238 4047 id
1268 3993 1678 4065 imputandum
1699 3997 1863 4065 igno-

211 4083 355 4138 tioni
413 4084 543 4151 ejus
593 4080 843 4153 originis
873 4098 940 4136 ex
972 4082 1260 4137 vocabulo
1308 4084 1496 4138 cardo.
1532 4089 1672 4139 Nam
1719 4086 1865 4142 hanc

209 4171 370 4225 haud
422 4171 683 4242 ignotam
736 4170 997 4225 declarat
1040 4172 1453 4243 Pachymeres,
1512 4173 1551 4227 l.
1604 4192 1659 4239 ν,
1709 4192 1758 4230 c.
1808 4177 1862 4231 8.

212 4260 313 4314 ubi
350 4260 421 4314 de
453 4260 807 4331 imperatore
839 4260 1069 4323 scribit,
1112 4259 1210 4315 Καὶ
1247 4261 1448 4334 χρυσὸν
1478 4261 1708 4334 πέμπων
1738 4260 1867 4318 καδ-

221 4346 533 4419 δηναλίοις,
581 4347 892 4425 στρόφιγξιν
927 4349 955 4403 ὁ
983 4346 1196 4418 ’Έλλην
1240 4347 1384 4403 εἷ’τιοι
1426 4350 1501 4411 ὡς
1552 4354 1722 4425 θήρας
1776 4351 1867 4408 οὕ-

222 4453 327 4507 σης
354 4441 454 4492 τοῦ
502 4438 716 4493 πάππα.
748 4438 857 4494 Ubi
888 4439 1053 4494 vides
1091 4456 1288 4495 vocem
1337 4442 1582 4496 cardinis
1623 4445 1869 4515 exprimi

225 4528 428 4584 Graeco
455 4527 739 4583 vocabulo
768 4526 1110 4603 στρόφιγγος.

1972 3380 2052 3420 σις
2104 3360 2455 3434 Βασιλακέου,
2502 3374 2567 3422 ut
2612 3369 2721 3424 fert
2773 3373 2940 3428 Anna
2986 3378 3302 3447 Comnena,
3355 3360 3619 3439 1.ῐ.Ἠὶ8

1970 3454 2165 3505 tamen
2202 3456 2354 3524 apud
2391 3472 2481 3509 me
2512 3457 2707 3513 obstat
2737 3460 2995 3531 primum
3023 3465 3176 3531 quod
3209 3465 3267 3521 in
3303 3467 3401 3523 illo
3428 3470 3614 3539 justi-

1972 3539 2133 3594 niani
2157 3541 2280 3596 loco
2306 3544 2589 3613 particula
2609 3544 2735 3613 ἤτῑο
2760 3566 2873 3605 non
2899 3553 3235 3622 expositive,
3262 3558 3360 3611 sed
3386 3559 3617 3631 disjun-

1972 3629 2121 3686 ctivc
2153 3632 2333 3686 videri
2365 3639 2555 3705 potest
2581 3646 2886 3710 usurpata,
2921 3646 2977 3695 et
3008 3642 3090 3697 sic
3121 3629 3491 3703 contrarium
3514 3668 3619 3721 po-

1971 3719 2090 3773 tius
2130 3722 2395 3778 ostendet
2439 3740 2450 3778 :
2504 3742 2713 3799 nempe
2759 3725 2951 3790 πόλεις
2997 3737 3053 3786 et
3097 3731 3300 3807 κέστρα
3356 3719 3616 3795 diversas

1974 3825 2066 3864 res
2098 3827 2246 3866 esse.
2280 3814 2500 3870 Deinde
2531 3817 2712 3886 quod,
2747 3822 3046 3893 utcunque
3078 3823 3223 3880 forte
3267 3826 3521 3885 minores
3560 3833 3618 3885 et

1975 3900 2301 3956 mediocres
2333 3903 2508 3958 urbes
2541 3911 2864 3962 castrorum
2901 3911 3181 3967 vocabulo
3213 3914 3528 3987 designatae
3560 3919 3619 3974 in

1974 3990 2205 4044 terdum
2240 3992 2474 4058 fuerint,
2508 3992 2566 4049 id
2600 3999 2797 4052 tamen
2830 4016 2945 4054 non
2965 4000 3195 4056 videtur
3215 4004 3336 4059 fieri
3358 4006 3624 4077 potuisse

1977 4078 2037 4132 in
2068 4078 2254 4135 Nicma
2285 4081 2429 4136 urbe
2452 4084 2728 4151 maxime,
2753 4092 2811 4142 et
2837 4104 2983 4158 qum,
3010 4092 3148 4146 dum
3179 4108 3212 4148 ι
3232 4094 3456 4151 Latinis
3478 4095 3622 4150 Con-

1978 4166 2395 4239 stantinopolis
2417 4173 2747 4243 tenebatur,
2765 4176 2934 4231 sedes
2954 4177 3268 4235 Orientalis
3290 4180 3623 4240 Graecorum

1978 4256 2209 4328 imperii
2244 4257 2438 4313 fuerit.
2479 4262 2736 4333 Denique
2771 4265 2926 4335 quod
2963 4282 3094 4322 cum
3131 4272 3468 4339 prmeedens
3502 4290 3629 4345 par-

1980 4345 2247 4417 ticipium
2283 4347 2601 4422 ἀπαγαγών,
2652 4352 3036 4411 indicativum
3080 4360 3357 4428 praeteriti
3402 4365 3627 4434 tempo-

1983 4435 2085 4503 ris,
2141 4436 2432 4508 signiticet
2464 4440 2627 4510 prius
2678 4442 2967 4499 abductos
3000 4445 3251 4506 Nicaeam
3306 4450 3453 4505 duos
3494 4451 3626 4508 illos

1985 4540 2161 4595 quam
2195 4534 2647 4597 excaecarentur,
2682 4531 2737 4585 id
2776 4536 3006 4589 tantum
3044 4536 3263 4592 factum
3295 4540 3504 4597 debere
3536 4542 3626 4595 vi-

283 4631 599 4689 Καθοσίωσι
660 4652 716 4706 p.
784 4602 921 4689 284.7
973 4634 1367 4696 Καθοσιώσεως
1428 4631 1685 4709 ἔγκλημα
1749 4646 1866 4703 τοῖς

1978 4615 2186 4668 deatur
2232 4613 2479 4689 intelligi
2514 4620 2829 4690 puisquam
2886 4623 2944 4676 in
2993 4641 3184 4680 arcem
3220 4627 3340 4683 sive
3390 4630 3623 4703 κάστρον

212 4723 341 4798 περὶ
373 4724 464 4777 τὸν
500 4720 954 4798 Φραγγόπουλον.
999 4724 1066 4778 Ηί
1115 4727 1371 4780 accusati
1408 4733 1567 4793 sunt,
1603 4736 1666 4783 ut
1718 4731 1871 4786 clare

216 4816 391 4869 docet
421 4819 625 4870 auctor
672 4814 729 4867 in
764 4815 1286 4886 consequentibus,
1342 4819 1766 4888 conjurationis
1809 4823 1868 4877 in

216 4904 662 4975 imperatorem,
688 4920 863 4975 quem
897 4905 1225 4961 interﬁcere
1248 4907 1641 4978 decreverant,
1665 4916 1728 4965 ut
1758 4912 1868 4982 ipsi

210 4991 359 5048 fassi
402 4994 561 5047 sunt.
604 4990 750 5046 Hine
791 4991 1147 5063 intelligitur
1195 4986 1451 5066 ἔγκλημα
1489 4996 1870 5059 καθοσιώσεως

208 5080 328 5136 dici
360 5080 581 5136 crimen
633 5081 784 5137 lassa
818 5083 1174 5153 majestatis,
1208 5088 1266 5138 et
1295 5084 1533 5156 quidem
1577 5088 1633 5141 in
1682 5089 1870 5159 primo

206 5171 422 5244 capite,
468 5176 533 5227 ut
563 5171 754 5227 solent
788 5171 975 5244 loqui.
1026 5174 1111 5227 Ad
1144 5172 1254 5229 hoc
1314 5174 1694 5232 indicandum
1743 5180 1870 5235 ideo

208 5262 693 5327 accommodatur
735 5260 1118 5324 καθοσιώσῑως
1146 5264 1523 5336 vocabulum,
1564 5269 1701 5338 quia
1740 5271 1871 5326 vitae

204 5369 596 5426 personmque
627 5352 963 5423 principum
990 5370 1080 5408 res
1108 5371 1287 5409 sacrae
1311 5362 1471 5423 sunt,
1490 5374 1637 5429 quas
1658 5360 1871 5417 violare

211 5441 594 5515 sacrilegium
614 5442 873 5498 immane
894 5442 993 5498 sit.
1016 5443 1181 5500 Unde
1200 5446 1424 5517 passim
1449 5450 1743 5519 maiestati
1768 5452 1872 5507 im-

209 5536 548 5604 peratorum
581 5531 892 5603 copulatur
934 5534 1286 5602 adjunctum
1323 5552 1539 5606 sacras;
1576 5544 1633 5594 et
1669 5556 1870 5597 corum

275 5711 355 5785 (1)
384 5710 470 5768 Cf.
506 5676 768 5767 Glossar:
804 5710 970 5768 alter.
1005 5728 1059 5768 ν.
1095 5713 1281 5778 Κάνις.

486 5832 753 5892 Pansa.
802 5832 915 5893 Gn.
960 5831 1222 5896 CXLIII.

1981 4700 2270 4767 perpetuae
2294 4699 2571 4752 custodire
2594 4700 2853 4769 ipsorum
2877 4705 3236 4762 destinatum
3264 4699 3627 4767 includeren-

1980 4789 2095 4838 tur.
2135 4790 2304 4840 Docet
2335 4792 2527 4841 autem
2556 4790 2923 4862 Noster§alibi
2948 4793 3147 4849 Nicaeae
3176 4796 3356 4852 fuisse
3379 4799 3437 4853 in
3474 4800 3626 4856 hunc

1982 4890 2153 4929 usum
2181 4875 2483 4931 castellum
2512 4880 2847 4934 contravim
2876 4884 3192 4950 munitum,
3219 4888 3491 4958 quodqui
3515 4890 3625 4945 sub

1981 4964 2187 5019 issent.
2244 4981 2437 5021 eorum
2488 4967 2558 5021 de
2610 4968 2956 5027 liberatione
3003 4974 3089 5028 vel
3141 4977 3381 5032 verbum
3436 4980 3627 5037 dicere

1981 5054 2226 5125 capitale
2258 5054 2425 5121 foret,
2480 5058 2636 5112 unde
2668 5057 2854 5132 εἱρκτή
2890 5057 3068 5129 λήθης
3101 5080 3293 5121 carcer
3332 5068 3629 5125 oblivionis

1979 5144 2399 5211 vocabatur,ad
2436 5163 2611 5218 quem
2646 5164 2841 5204 vocem
2876 5167 3005 5223 qua
3037 5156 3451 5214 annotavimus
3481 5160 3631 5229 vide,

1981 5232 2031 5287 si
2062 5233 2207 5288 tanti
2238 5238 2326 5289 est
2357 5235 2448 5305 (2).

2054 5356 2233 5413 Κὲλλα
2291 5378 2346 5432 p.
2380 5361 2505 5417 2i5.
2538 5363 2773 5424 Ἐκεῖνος
2832 5366 2885 5436 (ὁ
2915 5367 3287 5444 πατριάρχης)
3349 5374 3625 5446 Ἀρσὲνιος

1980 5446 2134 5511 εὐθὺς
2184 5450 2282 5518 τὴν
2332 5448 2534 5504 κέλλαν
2603 5450 3000 5527 ὑποδυόμενος.
3052 5459 3207 5516 Cella
3273 5479 3405 5534 ergo
3464 5466 3629 5521 cubi-

1980 5540 2181 5596 culum
2214 5542 2431 5597 dicitur
2463 5560 2576 5599 non
2612 5547 3038 5605 monachorum
3076 5552 3292 5620 solum,
3316 5556 3494 5613 sedet
3517 5556 3631 5613 alie

2056 5721 2131 5795 (2)
2160 5719 2223 5778 Cl
2255 5720 2512 5779 Glosssr.
2546 5722 2712 5781 alter.
2744 5742 2797 5782 v.
2830 5726 3077 5805 Κάπρον

3264 5855 3340 5914 33
