4248 6438
623 379 760 436 1035

617 595 796 652 sterio
829 591 1030 648 fuisse.

685 679 1021 756 ΚεΛλύδριον
1046 696 1102 752 p.
1137 678 1262 733 270.
1287 675 1556 732 Cellulam
1599 672 1766 728 verti.
1806 672 1909 728 Est
1936 666 2264 743 κελλόδριον

615 770 1032 850 ὑποκοριστικόν
1094 769 1151 823 in
1205 767 1377 822 tertio
1421 763 1835 821 diminutionis
1879 763 2082 833 gradu.
2117 761 2264 816 Puto

609 870 806 921 autem
841 856 1162 932 signiﬁcari
1207 853 1492 910 sacellum
1543 851 1637 907 cui
1671 853 1950 922 adjuncta
1979 855 2137 904 esset
2167 850 2264 904 do.

611 951 908 1009 muncula.
943 950 1003 1003 Id
1058 946 1269 1001 suadet
1323 941 1542 997 mentio
1573 945 1628 995 8.
1680 939 1924 1006 Nicolai,
1949 940 2042 994 cui
2075 938 2267 993 dicata

607 1042 876 1097 videlicet
917 1039 1075 1092 esset
1124 1031 1383 1089 aedicula.
1437 1031 1586 1086 Nota
1611 1034 1700 1085 est
1741 1044 1810 1084 ex
1839 1027 2265 1083 vetustissimis

611 1127 997 1200 scriptoribus
1027 1125 1186 1179 cellae
1215 1120 1527 1192 usurpatio
1561 1135 1664 1192 pro
1697 1121 1822 1173 loco
1854 1115 2127 1189 religioso
2159 1131 2265 1169 cu-

605 1220 870 1290 juspiam
903 1213 1086 1272 cultui
1120 1212 1331 1266 dicato.

687 1320 887 1380 Κελτοί
922 1340 978 1394 p.
1007 1319 1132 1375 486.
1165 1317 1330 1374 Unde
1356 1317 1556 1370 essent
1582 1312 1640 1368 hi
1675 1313 1777 1383 qui
1809 1312 1960 1369 σειιὶ
1987 1311 2270 1367 vocaban-

614 1423 712 1472 tur
742 1407 1271 1478 Constantinopoli,
1304 1406 1472 1459 docet
1499 1403 1818 1457 Vaticanus
1852 1401 2269 1473 paraphrastes

617 1507 774 1560 hunc
834 1502 1026 1556 locum
1077 1497 1161 1552 sic
1204 1493 1581 1565 exprimens:
1633 1492 1785 1548 572
1831 1489 1930 1542 Τὸν
1977 1486 2034 1542 δὲ
2095 1486 2265 1544 Κότυν

615 1598 733 1654 τοῖς
780 1588 1119 1665 ιΑλαμάνοις
1165 1581 1292 1645 δοὺς
1334 1577 1710 1654 κρεμαννύειν,
1766 1585 1878 1636 otc.
1933 1581 2079 1651 Ergo
2129 1577 2271 1634 Celti

620 1679 963 1754 Pacbymeri
991 1677 1267 1732 dicuntur
1295 1669 1628 1727 Alamanni.

692 1787 858 1860 Κέρας
907 1804 958 1857 p.
1021 1784 1147 1838 524.
1204 1779 1347 1833 Κατά
1399 1778 1489 1832 τὸν
1539 1777 1734 1848 λιμένα
1785 1775 1846 1829 τὸ
1906 1775 2078 1848 Κέρας
2132 1774 2268 1831 ἀπο-

1690 372 1751 422 Ρ.
1793 369 2068 424 ΡΟΒΒΙΝῘ
2106 367 2726 430 OBBBRVATIONUM
2766 375 2899 430 LIB.
2943 378 2986 430 Ι.

615 524 748 565 rum
784 522 798 561 :
827 517 964 561 nam
996 496 1332 574 patriarcha
1363 473 1519 550 ‘tunc
1551 509 1666 550 non
1709 492 1942 549 videtur
1969 492 2029 548 in
2064 507 2274 549 mona-
2304 498 2356 564 Α

3917 381 4055 438 1036

2381 495 2647 566 jucunde
2696 499 2989 559 audirent.
3042 503 3129 557 Ad
3185 502 3503 561 blanditias
3553 503 3954 563 titillationem
4002 514 4056 564 et

2377 583 2756 658 γαργαλισμόν
2789 588 2990 645 referri
3023 591 3470 662 proverbialiter
3501 610 3534 648 a
3576 596 3874 651 veteribus
3907 597 4051 652 stri-

2380 675 2608 728 cturam
2642 676 3039 733 auricularum
3069 680 3298 735 aﬂ'rictu
3332 683 3614 752 pinnulae,
3639 685 4047 740 demonstrare

2379 764 2710 819 accuratius
2743 766 2922 821 debeo
2956 773 3193 839 propter
3235 786 3476 826 causam
3528 788 3704 843 quam
3740 789 3874 829 mox
3897 776 4049 830 refe-

2379 865 2527 904 ram.
2582 852 2878 911 Lucianus
2921 855 3072 912 libro
3106 855 3236 930 Περὶ
3292 855 3578 932 ὀρχήσεως
3628 878 3743 916 non
3791 863 3967 936 longe
4010 881 4043 919 a

2380 940 2670 1013 principio
2717 945 3016 1000 Cratinum
3066 946 3295 1002 inducit
3344 957 3774 1006 successentem
3829 953 4048 1024 Lyciuo

2381 1030 2534 1099 quod
2568 1031 2796 1087 sederet
2831 1034 2888 1088 in
2921 1035 3174 1090 Theatro
3205 1041 3476 1107 spectans
3509 1038 3794 1096 saltantes
3829 1048 3887 1095 et
3913 1058 4049 1097 cum

2377 1116 2676 1188 voluptate
2708 1122 2956 1177 audiens
2987 1123 3270 1178 tibiarum
3326 1129 3536 1181 cantus
3569 1131 3627 1181 et
3674 1128 3950 1185 mollium
3985 1147 4050 1185 ac

2379 1204 2730 1264 lascivorum
2775 1211 3106 1267 carminum
3160 1229 3386 1269 sonos:
3441 1214 3684 1284 Κάθησαι
3738 1214 4052 1271 καταυλού-

2385 1312 2544 1364 μενος
2579 1293 2878 1369 θηλυδρίαν
2907 1294 3192 1372 ἄνθρωπον
3226 1300 3368 1375 ὁρῶν
3405 1299 3591 1372 ἐσθῆσι
3629 1300 3909 1375 μαλακαῖς
3961 1304 4052 1359 καὶ

2379 1378 2611 1454 ᾅσμασιν
2667 1384 2994 1447 ἀκολάστοις
3043 1384 3495 1463 ἐναϐρυνόμενον,
3545 1392 3637 1445 καὶ
3699 1393 4048 1466 μιμούμενον

2381 1470 2614 1545 ἐρωτικὰ
2665 1476 2815 1532 57³
2865 1474 3061 1550 γύναια
3108 1481 3216 1530 τῶν
3268 1477 3462 1551 παλαι,
3521 1479 3616 1541 τας
3681 1480 4045 1557 μαχλοτάτας

2382 1559 2624 1636 Φαίδρας
2683 1564 2771 1617 καὶ
2831 1565 3179 1639 Παρθενόπας
3234 1568 3326 1621 καὶ
3374 1566 3641 1632 Ῥοδόπας
3696 1572 3891 1641 τινας,
3953 1574 4045 1626 καὶ

2377 1654 2545 1704 ταῦτα
2601 1655 2776 1707 πάντα
2843 1655 2945 1708 ὑπὸ
3021 1655 3328 1729 κρούσμασι
3401 1658 3490 1711 καὶ
3551 1659 3900 1734 τερετίσμασι
3956 1663 4049 1716 καὶ

2380 1737 2560 1794 ποδῶν
2578 1742 3088 1816 κτύπῳ,θιο.Τυω
3119 1748 3293 1818 paulo
3324 1754 3482 1820 post:
3507 1750 3750 1820 Κάθησαι
3781 1753 3850 1804 τὰ
3882 1751 4052 1824 ὅμοια

620 1834 1028 1943 ϐάν-τέςηνῆ-ός.
1078 1872 1213 1943 Agit
1263 1871 1334 1925 de
1390 1834 1617 1925 Joanne
1669 1867 1951 1922 Lazorum
2013 1865 2274 1937 principe

2384 1841 2669 1893 πεπονθώς
2693 1837 2810 1894 τοῖς
2859 1834 2928 1887 τα
2955 1834 3068 1888 ὦτα
3115 1839 3300 1910 πτερῷ
3343 1838 3662 1910 κνωμένοις.
3713 1841 3794 1895 Ex
3827 1843 4052 1913 quibus

2386 1923 2686 1943 ___,.._,_
2728 1941 2750 1943 μ
2807 1929 2818 1943 ι
2867 1930 2878 1943 ,
3066 1927 3102 1943 ,.
3448 1929 3460 1943 .
3559 1935 3567 1943 .
3621 1935 3630 1943 .

623 1961 1189 2034 Constantinopolim
1231 1957 1560 2030 appellente
1614 1956 1684 2010 ad
1725 1959 1960 2027 portum
1994 1954 2155 2009 Ceras
2187 1955 2274 2008 di-

625 2066 806 2115 ctum.
869 2050 1084 2107 Κόλπον
1133 2051 1330 2106 sinum
1381 2047 1637 2120 appellat
1683 2047 2001 2118 Procopus,
2036 2047 2073 2101 l.
2125 2063 2144 2100 ι
2203 2047 2278 2101 De

624 2145 902 2217 aediﬁciis,
935 2160 986 2198 c.
1019 2143 1074 2208 5,
1108 2139 1392 2211 originem
1441 2138 1618 2192 etiam
1653 2135 1910 2190 nominis
1959 2136 2229 2191 indicans
2259 2155 2273 2202 ;

625 2234 792 2307 Ἀμσὶ
846 2233 936 2286 τὸν
992 2226 1225 2297 κόλπον,
1283 2228 1383 2293 ait,
1444 2225 1576 2298 ὅπερ
1637 2225 1809 2296 Κέρας
1871 2223 1924 2275 οἱ
1982 2221 2278 2298 ἐπιχώριοι

627 2321 897 2397 Κεροὲσσῃ
953 2322 1019 2391 τῇ
1067 2316 1338 2384 Βύζαντος
1396 2312 1563 2384 μητρὶ
1620 2316 1717 2366 τοῦ
1772 2313 1872 2380 τῆς
1923 2311 2142 2373 πόλεως
2196 2311 2280 2366 οἷ-

625 2415 814 2469 κιστοῦ
878 2405 1186 2479 ἐπωνύμως
1223 2401 1445 2463 καλοῦς.
1519 2407 1638 2457 Hoc
1689 2407 1777 2457 est
1823 2418 1890 2457 ex
1942 2419 2093 2456 nova
2150 2419 2280 2458 vcr-

628 2507 794 2560 sione
826 2500 1048 2557 Claudii
1096 2496 1396 2552 Maltreti:
1450 2495 1619 2551 Circa
1647 2495 1836 2548 sinum
1880 2496 1946 2548 ab
1999 2494 2281 2564 indigenis

626 2596 832 2650 dictum
860 2595 1055 2655 Ceras,
1087 2586 1164 2642 de
1198 2585 1422 2641 nomine
1449 2584 1711 2639 demessa:
1768 2588 1967 2638 matris
2015 2585 2284 2655 Byzaniis

629 2683 726 2756 qui
757 2682 953 2737 urbem
981 2675 1253 2733 condidit.

701 2775 786 2843 (P.
828 2769 954 2839 393)
1013 2762 1272 2819 Κλὲπτειν
1330 2781 1385 2835 ρ.
1443 2762 1568 2818 352.
1626 2765 1785 2818 Inter
1841 2763 2048 2817 sordes
2107 2762 2283 2818 cralis

631 2860 846 2917 Serbise
871 2859 1142 2911 numerat
1158 2852 1428 2906 illantum
1454 2854 1512 2904 et
1528 2848 1981 2904 tumultuarium
1999 2850 2280 2918 cibatum,

632 2949 796 3005 nulla
819 2943 1108 3001 munditie
1134 2957 1498 3006 mensarum,
1531 2938 1690 2993 nullo
1722 2939 1926 2994 ordine
1947 2940 2281 2994 ministerii;

631 3037 860 3092 cunctis
895 3050 995 3105 pro
1034 3049 1096 3087 se
1125 3045 1360 3102 quoque
1412 3029 1687 3082 aviditate
1736 3030 2057 3094 venatoria,
2111 3029 2282 3098 quid-

631 3127 770 3198 quid
801 3122 970 3196 quasi
1002 3121 1204 3176 furtim
1245 3118 1634 3187 arripuerant,
1687 3118 2041 3171 vorantibus.
2080 3118 2281 3172 Talem

632 3216 952 3288 quamdam
999 3211 1243 3266 subesse
1296 3206 1584 3277 intelliget
1615 3206 1910 3260 notionem
1942 3207 2115 3261 verbo
2145 3205 2278 3259 κΑὲ-
2310 3213 2353 3280 (ς

630 3325 781 3360 πτειν
832 3305 941 3359 hoc
992 3303 1116 3357 loco
1159 3300 1368 3370 posito,
1416 3298 1465 3352 si
1499 3296 1634 3367 quis
1687 3301 1939 3352 mentem
1982 3298 2286 3352 sententiae

632 3392 1011 3468 perapexerit.
1164 3439 1166 3441 ,

702 3480 981 3553 Κλίμάκες
1017 3497 1072 3552 p.
1133 3478 1256 3532 411.
1307 3475 1431 3530 Non
1492 3473 1754 3529 dubitavi
1812 3475 2020 3530 Latine
2067 3480 2288 3533 vertere

630 3577 805 3628 scalas
852 3573 1150 3642 equestres,
1202 3567 1311 3621 hoc
1361 3569 1473 3630 est,
1533 3580 1600 3618 ex
1651 3580 1937 3633 equorum
1991 3565 2286 3635 ephippiis

634 3662 909 3731 utrinque
933 3655 1243 3731 pendulas,
1267 3653 1579 3708 veceutiori
1615 3652 1915 3723 equitandi
1948 3653 2282 3724 disciplina.

632 3758 773 3807 Nam
808 3748 1062 3805 heroicis
1096 3743 1460 3815 temporibus
1491 3741 1722 3796 Graeciaa
1767 3741 2030 3812 Latiique
2063 3742 2286 3799 instru-

633 3845 899 3897 mentum
922 3837 1077 3892 istud
1110 3850 1226 3905 quo
1254 3834 1430 3904 pedes
1452 3831 1850 3901 cquitantium
1884 3832 2283 3905 sustinentur,

635 3949 743 3986 usu
777 3931 1069 4001 ignotum,
1102 3938 1314 3978 nomen
1357 3937 1470 3975 non
1503 3918 1732 3976 habuit.
1793 3919 2032 3976 Postera
2058 3927 2199 3977 astas
2230 3927 2288 3978 et

633 4037 756 4078 rem
785 4025 841 4076 et
871 4013 1221 4071 vocabulum
1253 4010 1493 4066 invenit.
1526 4009 1742 4064 Graecis
1782 4009 2020 4079 quidem
2052 4009 2283 4067 citerio-

633 4111 714 4165 ris
745 4107 848 4163 aevi
893 4106 951 4160 id
1010 4095 1314 4160 ἀναϐολεΰς
1364 4098 1588 4153 dictum
1648 4103 1757 4167 est,
1819 4099 2040 4154 Latinis
2101 4101 2280 4155 scala.

631 4199 951 4266 Utriusque
982 4192 1148 4248 testis
1180 4190 1408 4258 Suidas,
1441 4179 1771 4247 Ἀναϐολεὺς
1814 4182 1892 4255 δὲ,
1924 4188 2221 4260 inquiens,
2245 4191 2279 4260 ἠ

625 4282 774 4358 ποιρά
801 4280 1095 4354 Ῥωμαίοις
1148 4275 1420 4352 λόγομὲνη
1477 4272 1671 4329 σκάλα.
1701 4276 1782 4330 Ex
1831 4293 1944 4345 quo
1999 4279 2281 4336 vocabulo

624 4395 771 4434 suas
796 4375 891 4430 hic
941 4369 1218 4442 κλίμακας
1267 4369 1655 4439 Pacbymeres
1707 4369 1904 4421 traxit.
1959 4368 2071 4423 Res
2121 4371 2278 4424 enim

619 4468 836 4522 clamat
878 4461 1008 4534 ipsa
1064 4475 1234 4532 agere
1263 4457 1428 4511 illum
1479 4459 1550 4510 de
1599 4456 1944 4527 stapedibus
1991 4459 2111 4512 sive
2159 4465 2278 4514 sta-

618 4556 785 4627 pedis
818 4558 921 4609 aut
969 4549 1195 4621 stapiis,
1229 4564 1378 4619 quas
1410 4545 1645 4601 subices
1698 4546 1990 4615 pedaneos
2017 4549 2268 4604 Budaeus

615 4647 780 4700 dixit.
830 4644 945 4713 Ego
995 4639 1165 4694 scala:
1217 4652 1452 4702 nomen,
1502 4635 1836 4690 testimonio
1889 4637 2080 4691 Suidaa
2131 4645 2266 4694 ante

618 4736 804 4790 multa
828 4735 951 4804 jam
986 4729 1201 4786 StBOUia
1230 4729 1288 4782 in
1312 4727 1420 4780 hac
1454 4726 1688 4781 notione
1712 4726 1934 4781 Latinis
1957 4728 2264 4800 usitatum,

613 4822 866 4897 κλίμαξιν
902 4818 1375 4891 Pachymerianis
1424 4815 1742 4886 rependere
1792 4815 1987 4871 debui.
2023 4817 2126 4873 Est
2163 4836 2266 4873 au-

609 4921 725 4971 tem
770 4914 916 4968 ratio
967 4911 1024 4965 in
1079 4912 1352 4981 promptu
1387 4921 1490 4959 cur
1539 4904 1729 4973 stapia
1775 4905 1934 4960 scala
1978 4905 2134 4961 dicta
2165 4909 2262 4978 sit,

607 5003 764 5075 quod
813 4998 1082 5055 videlicet
1132 4992 1498 5050 inscendenti
1549 5007 1768 5063 equum
1813 4991 2035 5048 homini
2094 4996 2263 5052 scalae

603 5095 787 5148 vicem
825 5091 1081 5165 praestet.

673 5179 954 5245 Κνώμενοι
989 5194 1044 5248 p.
1107 5173 1232 5228 368.
1293 5173 1483 5245 Πτερῷ
1533 5167 1596 5222 τὸ
1652 5173 1747 5222 τοῦ
1795 5165 1986 5245 λόγου,
2034 5170 2100 5226 τὰ
2150 5174 2263 5228 ὦτα

595 5268 900 5342 κνωμένοις
950 5265 1206 5338 ἐῴκεσαν.
1251 5265 1452 5333 Erant,
1485 5262 1699 5332 inquit,
1751 5263 2083 5333 patriarcha
2122 5274 2178 5321 et
2209 5269 2261 5323 ei

597 5366 943 5420 assistentes
976 5357 1257 5431 episc0pi,
1293 5357 1360 5411 ad
1417 5353 1775 5410 mentionem
1810 5354 1956 5424 ipsis
1997 5362 2260 5415 reconci-

595 5453 858 5509 liationis
889 5468 1022 5508 cum
1056 5447 1261 5504 Latina
1312 5444 1570 5500 Ecclesia
1621 5443 1859 5512 factam,
1895 5444 2123 5503 similes
2184 5451 2257 5508 iis

590 5544 809 5614 quibus
841 5539 1106 5596 auricula
1141 5553 1346 5609 pennas
1379 5534 1607 5590 ati‘rictu
1651 5532 1765 5587 leni
1797 5533 2129 5606 stringitur,
2172 5546 2254 5595 et-

587 5635 633 5688 si
673 5648 870 5688 revera
905 5631 958 5684 id
992 5629 1182 5684 obiter
1205 5631 1261 5681 et
1303 5622 1719 5696 perfunctorie,
1771 5639 1888 5676 non
1940 5627 2158 5696 autem,
2196 5636 2256 5686 ut

577 5723 765 5778 videri
801 5715 1505 5790 volebant,gratiticantes
1547 5711 2168 5784 imperatori,libenter
2198 5725 2255 5777 et

2386 1923 2695 1979 manifeste
2727 1929 2886 1996 patet
2920 1943 2932 1981 ε
2969 1927 3173 1982 audire
3205 1944 3338 1983 cum
3371 1929 3672 2001 voluptate
3723 1932 4054 1989 cantilenas

2387 2017 2444 2066 et
2478 2028 2858 2068 numerosum
2912 2016 3220 2087 strepitum
3271 2017 3642 2086 saltantium,
3704 2023 4052 2094 caeterisque

2389 2101 2622 2156 aurium
2657 2102 2882 2157 deliciis
2916 2104 3090 2171 afﬁci,
3126 2123 3158 2160 a
3191 2105 3445 2162 Luciano
3493 2108 3608 2162 dici
3658 2110 3781 2180 pati
3819 2127 3943 2165 rem
3979 2113 4053 2166 si.

2391 2189 2587 2244 milem
2624 2190 2695 2245 iis
2728 2193 2946 2264 quibus
2979 2193 3256 2250 auriculae
3289 2212 3482 2266 penna
3520 2197 3873 2269 striguntur.
3903 2203 4053 2255 Con-

2392 2277 2661 2334 ﬁrmatur
2689 2280 2742 2336 id
2776 2282 2966 2353 ipsum
3000 2284 3329 2340 evidentius
3357 2301 3425 2340 ex
3477 2285 3589 2341 alio
3632 2287 3900 2356 ejusdem
3941 2288 4054 2343 Lu-

2391 2367 2542 2422 ciani
2573 2367 2720 2439 loco,
2755 2370 2813 2425 in
2845 2371 2996 2427 libro
3029 2371 3159 2445 Περὶ
3192 2367 3460 2441 διαϐολῆς
3493 2377 3570 2430 De
3598 2376 3916 2447 calumnia,
3952 2378 4052 2432 ubi

2392 2459 2472 2513 ait
2509 2475 2521 2512 :
2555 2454 2685 2512 Οἶδα
2729 2462 2857 2534 γοῦν
2888 2479 3039 2521 τινας
3073 2459 3245 2523 οὕτως
3313 2458 3492 2531 ἡδέως
3539 2463 4057 2539 γαργαλιζομένους

2389 2545 2459 2600 τὰ
2515 2546 2628 2600 ὦτα
2701 2546 2805 2600 ὑπὸ
2871 2551 2978 2602 τῶν
3058 2544 3334 2604 διαϐολῶν
3396 2551 3576 2626 ὥσπερ
3636 2551 3765 2614 τοὺς
3828 2560 4056 2630 πτεροῖς

2392 2636 2728 2706 κνωμένους.
2763 2637 2887 2694 Seio
2917 2638 3091 2710 igitur
3136 2641 3412 2712 quosdam
3455 2647 3574 2698 tam
3616 2646 3878 2699 suaviter
3905 2645 4052 2701 deli-

2393 2727 2512 2781 niri
2539 2726 2732 2782 solitos
2753 2727 2950 2782 auditu
2970 2729 3471 2799 calumniarum,ul
3491 2731 3538 2786 ii
3556 2733 3758 2803 quibus
3777 2737 4060 2792 aurisz

2390 2832 2573 2888 penna
2602 2818 2975 2888 stringuntur.
3018 2823 3151 2873 Haec
3200 2820 3497 2875 afferenda
3547 2822 3895 2878 testimonia
3938 2825 4059 2880 fue-

2394 2910 2553 2960 runt.
2591 2910 2653 2961 ut
2682 2905 3222 2978 interpretationem
3250 2908 3431 2980 hujus
3473 2910 3909 2967 Pachimeriani
3946 2912 4059 2968 loci

2397 2999 2661 3050 nostram
2695 3000 2998 3052 tueremur
3022 2998 3304 3052 advcrsus
3337 3000 3693 3054 contrariam
3727 3001 3775 3055 ΘῘ
3813 3009 4056 3058 senten-

2393 3084 2532 3138 tiam
2561 3085 2959 3157 paraphrastes
2997 3087 3285 3158 Vaticani,
3315 3088 3411 3158 qui
3465 3106 3570 3161 pro
3601 3089 3696 3144 his
3729 3106 3862 3162 qua:
3894 3094 4054 3164 apud

2399 3177 2660 3227 nostrum
2692 3179 2986 3230 auctorem
3011 3175 3069 3230 in
3119 3176 3351 3231 duobus
3400 3178 3640 3248 Optimis
3674 3181 3987 3237 codicibus
4018 3183 4054 3237 Β

2397 3266 2454 3316 et
2486 3267 2526 3314 Α
2573 3261 2854 3334 leguntur
2900 3265 2971 3319 de
3016 3264 3346 3336 patriarcha
3393 3270 3450 3321 et
3490 3267 3764 3324 Patribus
3813 3273 4053 3342 synodi,

2397 3351 2604 3423 Πτερῷ,
2651 3351 2712 3404 τὸ
2768 3355 2864 3404 τοῦ
2913 3348 3106 3427 λόγου,
3149 3353 3216 3409 τὰ
3268 3351 3380 3408 ὦτα
3431 3356 3736 3428 κνωμένοις
3787 3356 4056 3431 ἐῴκεσαν,

2393 3441 2477 3496 sic
2523 3442 2715 3497 reddit
2749 3459 2760 3498 :
2794 3439 2860 3498 Οί
2919 3439 2978 3495 ὐέ
3037 3439 3153 3497 οὔδ’
3210 3440 3397 3520 ἄκροις
3466 3444 3564 3500 ὠσὶ
3628 3445 3837 3502 ἀκοόσα
3899 3451 4058 3519 ἤνει-

2392 3549 2582 3604 χοντο.
2617 3530 2719 3586 Ilii
2747 3541 2930 3587 autem
2958 3549 3028 3588 ne
3056 3537 3286 3590 summis
3324 3535 3540 3607 quidem
3571 3537 3806 3593 auribus
3853 3540 4057 3596 audire

2390 3620 2753 3676 sustinebant.
2817 3621 3127 3694 Perperam
3181 3625 3446 3693 omnino,
3482 3629 3546 3680 ut
3595 3643 3748 3698 saepe
3790 3626 3967 3701 alias,
4003 3637 4059 3686 et

2393 3713 2596 3765 contra
2628 3712 2884 3767 auctoris
2915 3717 3171 3767 mentem
3224 3713 3456 3786 locique
3511 3716 3882 3784 sententiam,
3921 3735 4056 3790 qua:

2391 3798 2564 3870 plane
2595 3800 2774 3871 exigit
2827 3801 2919 3856 hic
2970 3802 3219 3874 intelligi
3264 3804 3656 3874 patriarcham
3708 3811 3763 3861 et
3817 3808 4054 3878 episco-

2391 3905 2520 3961 pos,
2547 3890 2630 3958 (P.
2655 3891 2783 3957 394)
2815 3896 2879 3945 ut
2911 3892 3250 3963 imperatori
3286 3894 3781 3963 gratiﬁcarentur,
3819 3899 3915 3952 cui
3950 3901 4054 3954 ob-

2391 3977 2598 4034 sistere
2654 3996 2770 4035 non
2828 3987 3117 4051 poterant,
3167 3981 3483 4038 simulasse
3543 3984 3797 4039 libenter
3844 3989 4054 4043 audire

2390 4068 2546 4139 quod
2579 4070 2630 4124 is
2661 4070 3024 4141 proponebat
3045 4073 3115 4127 de
3147 4071 3404 4128 ineunda
3434 4089 3566 4128 cum
3628 4074 3848 4130 Latinis
3884 4094 4048 4148 pace,

2388 4173 2522 4212 cum
2558 4173 2752 4214 revera
2781 4158 2942 4215 intus
2973 4160 3031 4214 in
3062 4161 3260 4216 animo
3292 4162 3347 4217 id
3372 4172 3784 4218 aversarentur
3811 4170 3870 4218 et
3906 4183 4050 4221 non-

2390 4245 2501 4300 nisi
2526 4247 2924 4317 perfunctorie
2950 4248 3526 4317 audirent,intimum
3544 4256 3600 4306 ct
3628 4267 3831 4307 verum
3862 4254 4052 4310 animi

2386 4351 2626 4390 sensum
2661 4337 2985 4407 exprimere
3017 4355 3132 4394 non
3176 4341 3478 4411 audentes,
3532 4357 3640 4396 nec
3670 4343 3818 4397 adeo
3849 4342 3910 4398 id
3949 4362 4049 4400 ne-

2385 4425 2707 4480 cessarium
2760 4430 3058 4497 putantes,
3091 4429 3246 4500 quod
3294 4429 3659 4485 conﬁderent
3691 4447 3812 4485 rem
3850 4435 3925 4488 ad
3951 4451 4048 4488 ex-

2383 4519 2637 4570 tremum
2674 4531 2951 4572 successu
2979 4519 3321 4575 carituram.
3352 4519 3458 4574 His
3487 4537 3556 4575 ex
3586 4522 3897 4578 occasione
3948 4525 4050 4578 ad-

2303 4595 2624 4677 Djungam
2680 4606 2875 4662 locum
2934 4608 2983 4663 II
3044 4609 3115 4663 ad
3145 4609 3296 4663 Tim.
3356 4626 3434 4680 Iv,
3465 4611 3524 4678 3,
3579 4610 3678 4664 ubi
3722 4610 3791 4666 ﬁt
3822 4615 4044 4669 mentio

2377 4694 2686 4750 hominum
2713 4697 3064 4766 κνηθομένων
3096 4698 3197 4765 τὴν
3219 4697 3412 4766 ἀκοήν,
3445 4698 3555 4753 hoc
3586 4705 3698 4768 est,
3736 4706 3806 4755 ut
3837 4703 4044 4775 vulga-

2377 4787 2473 4838 tus
2503 4785 2799 4855 eleganter
2826 4786 3020 4852 vertit,
3067 4789 3450 4862 pgrurientium
3496 4789 3750 4855 auribus,
3785 4785 4039 4843 ἰσοδυνα-

2380 4876 2497 4944 μεῖν
2550 4872 2688 4928 huic
2737 4879 3008 4930 enarrato
3056 4874 3166 4932 hoc
3217 4876 3342 4932 loco
3387 4877 3652 4932 formulae
3720 4894 3788 4933 ex
3841 4888 4039 4936 mente

2376 4962 2662 5036 Hesycbii.
2708 4964 2852 5019 Nam
2906 4965 2955 5020 is
3001 4965 3101 5020 ubi
3151 4965 3519 5038 exposuisset
3571 4965 3912 5038 κνηθόμενοι
3945 4971 4042 5038 τήν

2375 5051 2566 5122 ἀκοήν,
2604 5070 2706 5125 per
2744 5053 2866 5109 haec
2895 5056 3108 5111 verba:
3163 5053 3467 5124 Ζητοῦντὲς
3520 5076 3573 5109 τι
3631 5057 3860 5111 ἀκοῦσαι
3921 5059 4036 5120 καθ’

2373 5139 2602 5216 ἡδονήν,
2671 5150 2970 5217 quaerentes
3027 5147 3249 5218 aliquid
3305 5147 3505 5203 audire
3551 5150 3622 5202 ad
3692 5150 4031 5220 voluptatem

2374 5242 2572 5307 postea
2593 5237 2862 5308 κνώμενοι
2887 5240 3310 5311 interpretatur
3333 5239 3703 5312 aequivalenti
3747 5239 4034 5297 vocabulo

2369 5326 2725 5399 κνηθόμενοι,

2439 5451 2647 5507 Κόκκοι
2683 5472 2738 5525 p.
2775 5455 2898 5509 489.
2945 5457 3101 5518 Quos
3131 5454 3292 5509 dicat
3340 5454 3432 5511 hic
3488 5456 3879 5529 Pachymeres
3907 5456 4034 5511 Coc-

2367 5559 2456 5598 cos
2507 5545 2845 5611 monachos,
2898 5544 3220 5599 Vaticanus
3263 5543 3393 5615 ipse
3440 5546 3674 5600 videtur
3722 5544 4026 5616 ignorasse

2365 5633 2781 5706 paraphrastes
2817 5651 2829 5688 :
2866 5651 3000 5689 nam
3036 5633 3146 5688 hoc
3177 5634 3418 5688 verbum
3443 5635 3643 5690 omisit
3678 5652 3690 5688 ε
3728 5643 3793 5689 ut
3821 5642 4025 5689 cetera

2365 5726 2484 5779 fere
2532 5739 2661 5795 quas
2723 5740 2836 5780 non
2888 5722 3169 5795 intelligit
3217 5723 3511 5779 transilire
3573 5724 3902 5781 consuevit.
3943 5723 4019 5778 Ns
