  <div class='ocr_page' id='page_1' title='image "/cluster/home/n/w/nwhite01/storage/ocr_20150623/143/nnc1.0046980733/526.png"; bbox 0 0 4248 6438; ppageno 0'>
   <div class='ocr_carea' id='block_1_1' title="bbox 212 336 348 392">
    <p class='ocr_par' dir='ltr' id='par_1_1' title="bbox 212 336 348 392">
     <span class='ocr_line' id='line_1_1' title="bbox 212 336 348 392; baseline -0.015 0"><span class='ocrx_word' id='word_1_1' title='bbox 212 336 348 392; x_wconf 77' lang='grc'><strong>1037</strong></span> 
     </span>
    </p>
   </div>
   <div class='ocr_carea' id='block_1_2' title="bbox 1677 334 2156 389">
    <p class='ocr_par' dir='ltr' id='par_1_2' title="bbox 1677 334 2156 389">
     <span class='ocr_line' id='line_1_2' title="bbox 1677 334 2156 389; baseline -0.013 0"><span class='ocrx_word' id='word_1_2' title='bbox 1677 334 2135 389; x_wconf 77' lang='lat' dir='ltr'><strong>GLOBSARIUM</strong></span> <span class='ocrx_word' id='word_1_3' title='bbox 2144 370 2156 383; x_wconf 94' lang='lat'><strong>.</strong></span> 
     </span>
    </p>
   </div>
   <div class='ocr_carea' id='block_1_3' title="bbox 3488 333 3632 391">
    <p class='ocr_par' dir='ltr' id='par_1_3' title="bbox 3488 333 3632 391">
     <span class='ocr_line' id='line_1_3' title="bbox 3488 333 3632 391; baseline 0.028 -4"><span class='ocrx_word' id='word_1_4' title='bbox 3488 333 3632 391; x_wconf 85' lang='lat'><strong>1038</strong></span> 
     </span>
    </p>
   </div>
   <div class='ocr_carea' id='block_1_4' title="bbox 213 453 1889 534">
    <p class='ocr_par' dir='ltr' id='par_1_4' title="bbox 213 456 1865 534">
     <span class='ocr_line' id='line_1_4' title="bbox 213 456 1865 534; baseline -0.005 -18"><span class='ocrx_word' id='word_1_5' title='bbox 213 460 515 534; x_wconf 89' lang='lat' dir='ltr'><strong>proprium</strong></span> <span class='ocrx_word' id='word_1_6' title='bbox 549 458 604 513; x_wconf 88' lang='lat' dir='ltr'>id</span> <span class='ocrx_word' id='word_1_7' title='bbox 642 472 851 514; x_wconf 88' lang='lat' dir='ltr'><strong>nomen</strong></span> <span class='ocrx_word' id='word_1_8' title='bbox 885 459 1111 529; x_wconf 82' lang='lat' dir='ltr'><strong>putem,</strong></span> <span class='ocrx_word' id='word_1_9' title='bbox 1144 456 1343 511; x_wconf 83' lang='lat' dir='ltr'><strong>obstat</strong></span> <span class='ocrx_word' id='word_1_10' title='bbox 1374 471 1695 510; x_wconf 88' lang='lat' dir='ltr'><strong>numerus:</strong></span> <span class='ocrx_word' id='word_1_11' title='bbox 1728 471 1865 509; x_wconf 87' lang='lat' dir='ltr'><strong>nam</strong></span> 
     </span>
    </p>
   </div>
   <div class='ocr_carea' id='block_1_5' title="bbox 2002 453 3636 534">
    <p class='ocr_par' dir='ltr' id='par_1_5' title="bbox 2002 453 3636 531">
     <span class='ocr_line' id='line_1_5' title="bbox 2002 453 3636 531; baseline 0.001 -22"><span class='ocrx_word' id='word_1_12' title='bbox 2002 454 2270 527; x_wconf 84' lang='lat' dir='ltr'><strong>maloqui</strong></span> <span class='ocrx_word' id='word_1_13' title='bbox 2304 454 2409 508; x_wconf 82' lang='grc' dir='ltr'><strong>ἀπὸ</strong></span> <span class='ocrx_word' id='word_1_14' title='bbox 2454 453 2668 517; x_wconf 85' lang='grc' dir='ltr'><strong>κοιλίας</strong></span> <span class='ocrx_word' id='word_1_15' title='bbox 2715 456 2933 531; x_wconf 79' lang='grc' dir='ltr'>φωνεῖν,</span> <span class='ocrx_word' id='word_1_16' title='bbox 2987 454 3358 526; x_wconf 88' lang='lat' dir='ltr'><strong>proverbiali,</strong></span> <span class='ocrx_word' id='word_1_17' title='bbox 3400 456 3636 527; x_wconf 84' lang='lat' dir='ltr'><strong>opinor,</strong></span> 
     </span>
    </p>
   </div>
   <div class='ocr_carea' id='block_1_6' title="bbox 207 543 1860 621">
    <p class='ocr_par' dir='ltr' id='par_1_6' title="bbox 207 543 1860 621">
     <span class='ocr_line' id='line_1_6' title="bbox 207 543 1860 621; baseline -0.004 -16"><span class='ocrx_word' id='word_1_18' title='bbox 207 567 328 621; x_wconf 71' lang='lat' dir='ltr'><strong>qua:</strong></span> <span class='ocrx_word' id='word_1_19' title='bbox 363 548 509 604; x_wconf 91' lang='lat' dir='ltr'><strong>ratio</strong></span> <span class='ocrx_word' id='word_1_20' title='bbox 553 546 773 618; x_wconf 87' lang='lat' dir='ltr'><strong>patitur</strong></span> <span class='ocrx_word' id='word_1_21' title='bbox 820 551 884 600; x_wconf 90' lang='lat' dir='ltr'><strong>ut</strong></span> <span class='ocrx_word' id='word_1_22' title='bbox 917 544 1089 600; x_wconf 88' lang='lat' dir='ltr'><strong>multi</strong></span> <span class='ocrx_word' id='word_1_23' title='bbox 1121 545 1359 599; x_wconf 83' lang='lat' dir='ltr'><strong>nomine</strong></span> <span class='ocrx_word' id='word_1_24' title='bbox 1392 561 1508 599; x_wconf 90' lang='lat' dir='ltr'><strong>uno</strong></span> <span class='ocrx_word' id='word_1_25' title='bbox 1540 543 1698 599; x_wconf 90' lang='lat' dir='ltr'><strong>velut</strong></span> <span class='ocrx_word' id='word_1_26' title='bbox 1730 560 1860 614; x_wconf 89' lang='lat' dir='ltr'><strong>pro-</strong></span> 
     </span>
    </p>
   </div>
   <div class='ocr_carea' id='block_1_7' title="bbox 212 633 1863 710">
    <p class='ocr_par' dir='ltr' id='par_1_7' title="bbox 212 633 1863 710">
     <span class='ocr_line' id='line_1_7' title="bbox 212 633 1863 710; baseline -0.004 -17"><span class='ocrx_word' id='word_1_27' title='bbox 212 640 334 710; x_wconf 90' lang='lat' dir='ltr'><strong>prio</strong></span> <span class='ocrx_word' id='word_1_28' title='bbox 367 637 489 693; x_wconf 91' lang='lat' dir='ltr'><strong>sint</strong></span> <span class='ocrx_word' id='word_1_29' title='bbox 513 636 634 692; x_wconf 86' lang='lat' dir='ltr'><strong>usi?</strong></span> <span class='ocrx_word' id='word_1_30' title='bbox 666 653 737 690; x_wconf 88' lang='lat' dir='ltr'><strong>an</strong></span> <span class='ocrx_word' id='word_1_31' title='bbox 775 635 1091 707; x_wconf 85' lang='lat' dir='ltr'><strong>peculiaris</strong></span> <span class='ocrx_word' id='word_1_32' title='bbox 1137 634 1405 705; x_wconf 60' lang='lat' dir='ltr'><strong>quedam</strong></span> <span class='ocrx_word' id='word_1_33' title='bbox 1445 633 1863 688; x_wconf 80' lang='lat' dir='ltr'><strong>monachorum</strong></span> 
     </span>
    </p>
   </div>
   <div class='ocr_carea' id='block_1_8' title="bbox 212 722 1866 793">
    <p class='ocr_par' dir='ltr' id='par_1_8' title="bbox 212 722 1866 793">
     <span class='ocr_line' id='line_1_8' title="bbox 212 722 1866 793; baseline -0.004 -11"><span class='ocrx_word' id='word_1_34' title='bbox 212 726 493 783; x_wconf 88' lang='lat' dir='ltr'><strong>soladilas</strong></span> <span class='ocrx_word' id='word_1_35' title='bbox 527 725 637 779; x_wconf 90' lang='lat' dir='ltr'><strong>hoc</strong></span> <span class='ocrx_word' id='word_1_36' title='bbox 659 723 942 779; x_wconf 91' lang='lat' dir='ltr'><strong>vocabulo</strong></span> <span class='ocrx_word' id='word_1_37' title='bbox 988 722 1297 793; x_wconf 88' lang='lat' dir='ltr'><strong>designata</strong></span> <span class='ocrx_word' id='word_1_38' title='bbox 1326 727 1433 792; x_wconf 90' lang='lat' dir='ltr'><strong>est,</strong></span> <span class='ocrx_word' id='word_1_39' title='bbox 1469 724 1551 777; x_wconf 88' lang='lat' dir='ltr'><strong>sic</strong></span> <span class='ocrx_word' id='word_1_40' title='bbox 1584 722 1731 777; x_wconf 87' lang='lat' dir='ltr'><strong>forte</strong></span> <span class='ocrx_word' id='word_1_41' title='bbox 1760 739 1866 792; x_wconf 91' lang='lat' dir='ltr'><strong>ap-</strong></span> 
     </span>
    </p>
   </div>
   <div class='ocr_carea' id='block_1_9' title="bbox 216 812 1866 889">
    <p class='ocr_par' dir='ltr' id='par_1_9' title="bbox 216 812 1866 889">
     <span class='ocr_line' id='line_1_9' title="bbox 216 812 1866 889; baseline -0.004 -18"><span class='ocrx_word' id='word_1_42' title='bbox 216 816 563 889; x_wconf 91' lang='lat' dir='ltr'><strong>pellatorum</strong></span> <span class='ocrx_word' id='word_1_43' title='bbox 606 832 640 869; x_wconf 93' lang='lat' dir='ltr'><strong>a</strong></span> <span class='ocrx_word' id='word_1_44' title='bbox 681 814 872 868; x_wconf 87' lang='lat' dir='ltr'><strong>colore</strong></span> <span class='ocrx_word' id='word_1_45' title='bbox 919 813 1097 867; x_wconf 81' lang='lat' dir='ltr'><strong>vestis</strong></span> <span class='ocrx_word' id='word_1_46' title='bbox 1146 812 1481 867; x_wconf 77' lang='lat' dir='ltr'>coccineum</span> <span class='ocrx_word' id='word_1_47' title='bbox 1527 814 1866 882; x_wconf 65' lang='lat' dir='ltr'><strong>praeferente</strong></span> 
     </span>
    </p>
   </div>
   <div class='ocr_carea' id='block_1_10' title="bbox 216 900 1868 977">
    <p class='ocr_par' dir='ltr' id='par_1_10' title="bbox 216 900 1868 977">
     <span class='ocr_line' id='line_1_10' title="bbox 216 900 1868 977; baseline -0.004 -17"><span class='ocrx_word' id='word_1_48' title='bbox 216 903 566 977; x_wconf 80' lang='lat' dir='ltr'><strong>quippiam?</strong></span> <span class='ocrx_word' id='word_1_49' title='bbox 616 904 674 958; x_wconf 92' lang='lat' dir='ltr'><strong>Id</strong></span> <span class='ocrx_word' id='word_1_50' title='bbox 730 902 967 973; x_wconf 85' lang='lat' dir='ltr'>quidem</span> <span class='ocrx_word' id='word_1_51' title='bbox 1022 902 1415 973; x_wconf 81' lang='lat' dir='ltr'><strong>suspicabar;</strong></span> <span class='ocrx_word' id='word_1_52' title='bbox 1475 906 1531 955; x_wconf 89' lang='lat' dir='ltr'><strong>et</strong></span> <span class='ocrx_word' id='word_1_53' title='bbox 1590 900 1868 955; x_wconf 88' lang='lat' dir='ltr'><strong>fulciebat</strong></span> 
     </span>
    </p>
   </div>
   <div class='ocr_carea' id='block_1_11' title="bbox 216 989 1865 1065">
    <p class='ocr_par' dir='ltr' id='par_1_11' title="bbox 216 989 1865 1065">
     <span class='ocr_line' id='line_1_11' title="bbox 216 989 1865 1065; baseline -0.005 -15"><span class='ocrx_word' id='word_1_54' title='bbox 216 996 611 1065; x_wconf 88' lang='lat' dir='ltr'><strong>conjecturam</strong></span> <span class='ocrx_word' id='word_1_55' title='bbox 640 992 796 1062; x_wconf 91' lang='lat' dir='ltr'><strong>quod</strong></span> <span class='ocrx_word' id='word_1_56' title='bbox 829 992 1028 1046; x_wconf 80' lang='lat' dir='ltr'><strong>statim</strong></span> <span class='ocrx_word' id='word_1_57' title='bbox 1058 991 1460 1061; x_wconf 86' lang='lat' dir='ltr'><strong>subjungitur,</strong></span> <span class='ocrx_word' id='word_1_58' title='bbox 1480 989 1744 1044; x_wconf 79' lang='lat' dir='ltr'><strong>fortassis</strong></span> <span class='ocrx_word' id='word_1_59' title='bbox 1768 1005 1865 1043; x_wconf 82' lang='lat' dir='ltr'><strong>ex-</strong></span> 
     </span>
    </p>
   </div>
   <div class='ocr_carea' id='block_1_12' title="bbox 215 1078 1867 1157">
    <p class='ocr_par' dir='ltr' id='par_1_12' title="bbox 215 1078 1867 1157">
     <span class='ocr_line' id='line_1_12' title="bbox 215 1078 1867 1157; baseline -0.005 -17"><span class='ocrx_word' id='word_1_60' title='bbox 215 1084 462 1157; x_wconf 87' lang='lat' dir='ltr'><strong>positive</strong></span> <span class='ocrx_word' id='word_1_61' title='bbox 492 1080 741 1142; x_wconf 75' lang='grc' dir='ltr'>καὶτοὺς</span> <span class='ocrx_word' id='word_1_62' title='bbox 771 1080 887 1133; x_wconf 80' lang='grc' dir='ltr'>κατ’</span> <span class='ocrx_word' id='word_1_63' title='bbox 935 1078 1158 1145; x_wconf 78' lang='grc' dir='ltr'>ἐκεῖνον,</span> <span class='ocrx_word' id='word_1_64' title='bbox 1202 1080 1355 1149; x_wconf 88' lang='lat' dir='ltr'><strong>quod</strong></span> <span class='ocrx_word' id='word_1_65' title='bbox 1405 1080 1536 1134; x_wconf 87' lang='lat' dir='ltr'><strong>licet</strong></span> <span class='ocrx_word' id='word_1_66' title='bbox 1584 1079 1867 1149; x_wconf 86' lang='lat' dir='ltr'><strong>interpre-</strong></span> 
     </span>
    </p>
   </div>
   <div class='ocr_carea' id='block_1_13' title="bbox 217 1168 1868 1241">
    <p class='ocr_par' dir='ltr' id='par_1_13' title="bbox 217 1168 1868 1241">
     <span class='ocr_line' id='line_1_13' title="bbox 217 1168 1868 1241; baseline -0.005 -13"><span class='ocrx_word' id='word_1_67' title='bbox 217 1173 327 1229; x_wconf 88' lang='lat' dir='ltr'><strong>lari</strong></span> <span class='ocrx_word' id='word_1_68' title='bbox 372 1181 424 1227; x_wconf 77' lang='lat' dir='ltr'><strong>et</strong></span> <span class='ocrx_word' id='word_1_69' title='bbox 472 1187 559 1227; x_wconf 73' lang='lat' dir='ltr'><strong>eos</strong></span> <span class='ocrx_word' id='word_1_70' title='bbox 607 1172 704 1241; x_wconf 81' lang='lat' dir='ltr'><strong>qui</strong></span> <span class='ocrx_word' id='word_1_71' title='bbox 743 1168 891 1223; x_wconf 82' lang='lat' dir='ltr'><strong>circa</strong></span> <span class='ocrx_word' id='word_1_72' title='bbox 940 1168 1127 1234; x_wconf 84' lang='lat' dir='ltr'><strong>illum,</strong></span> <span class='ocrx_word' id='word_1_73' title='bbox 1179 1185 1388 1240; x_wconf 89' lang='lat' dir='ltr'>nempe</span> <span class='ocrx_word' id='word_1_74' title='bbox 1433 1168 1868 1238; x_wconf 87' lang='lat' dir='ltr'><strong>imperatorem,</strong></span> 
     </span>
    </p>
   </div>
   <div class='ocr_carea' id='block_1_14' title="bbox 218 1256 1868 1329">
    <p class='ocr_par' dir='ltr' id='par_1_14' title="bbox 218 1256 1868 1329">
     <span class='ocr_line' id='line_1_14' title="bbox 218 1256 1868 1329; baseline -0.005 -12"><span class='ocrx_word' id='word_1_75' title='bbox 218 1266 405 1317; x_wconf 88' lang='lat' dir='ltr'><strong>erant.</strong></span> <span class='ocrx_word' id='word_1_76' title='bbox 432 1260 556 1315; x_wconf 90' lang='lat' dir='ltr'><strong>Non</strong></span> <span class='ocrx_word' id='word_1_77' title='bbox 602 1259 805 1329; x_wconf 83' lang='lat' dir='ltr'><strong>paucis</strong></span> <span class='ocrx_word' id='word_1_78' title='bbox 837 1258 1016 1328; x_wconf 89' lang='lat' dir='ltr'><strong>hujus</strong></span> <span class='ocrx_word' id='word_1_79' title='bbox 1050 1257 1305 1312; x_wconf 57' lang='lat' dir='ltr'><strong>historiae</strong></span> <span class='ocrx_word' id='word_1_80' title='bbox 1336 1257 1502 1323; x_wconf 87' lang='lat' dir='ltr'><strong>locis,</strong></span> <span class='ocrx_word' id='word_1_81' title='bbox 1546 1256 1868 1327; x_wconf 75' lang='lat' dir='ltr'><strong>praesertim</strong></span> 
     </span>
    </p>
   </div>
   <div class='ocr_carea' id='block_1_15' title="bbox 218 1343 1866 1421">
    <p class='ocr_par' dir='ltr' id='par_1_15' title="bbox 218 1343 1866 1421">
     <span class='ocr_line' id='line_1_15' title="bbox 218 1343 1866 1421; baseline -0.005 -17"><span class='ocrx_word' id='word_1_82' title='bbox 218 1349 512 1421; x_wconf 82' lang='lat' dir='ltr'><strong>capitibus</strong></span> <span class='ocrx_word' id='word_1_83' title='bbox 543 1349 577 1401; x_wconf 83' lang='grc'>2</span> <span class='ocrx_word' id='word_1_84' title='bbox 608 1351 665 1403; x_wconf 86' lang='lat' dir='ltr'><strong>et</strong></span> <span class='ocrx_word' id='word_1_85' title='bbox 697 1348 763 1401; x_wconf 91' lang='lat'><strong>18</strong></span> <span class='ocrx_word' id='word_1_86' title='bbox 795 1346 931 1401; x_wconf 89' lang='lat' dir='ltr'><strong>libri</strong></span> <span class='ocrx_word' id='word_1_87' title='bbox 962 1363 1036 1413; x_wconf 82' lang='lat' dir='ltr'><strong>v1,</strong></span> <span class='ocrx_word' id='word_1_88' title='bbox 1070 1346 1236 1399; x_wconf 92' lang='lat' dir='ltr'><strong>video</strong></span> <span class='ocrx_word' id='word_1_89' title='bbox 1268 1344 1514 1399; x_wconf 85' lang='lat' dir='ltr'><strong>indicari</strong></span> <span class='ocrx_word' id='word_1_90' title='bbox 1540 1343 1866 1414; x_wconf 84' lang='lat' dir='ltr'><strong>Josepbum</strong></span> 
     </span>
    </p>
   </div>
   <div class='ocr_carea' id='block_1_16' title="bbox 217 1434 1872 1509">
    <p class='ocr_par' dir='ltr' id='par_1_16' title="bbox 217 1434 1872 1509">
     <span class='ocr_line' id='line_1_16' title="bbox 217 1434 1872 1509; baseline -0.006 -14"><span class='ocrx_word' id='word_1_91' title='bbox 217 1444 351 1495; x_wconf 85' lang='lat' dir='ltr'><strong>ante</strong></span> <span class='ocrx_word' id='word_1_92' title='bbox 402 1436 863 1509; x_wconf 86' lang='lat' dir='ltr'><strong>patriarchatum</strong></span> <span class='ocrx_word' id='word_1_93' title='bbox 916 1435 1107 1489; x_wconf 89' lang='lat' dir='ltr'><strong>adhuc</strong></span> <span class='ocrx_word' id='word_1_94' title='bbox 1174 1434 1526 1489; x_wconf 91' lang='lat' dir='ltr'><strong>monachum</strong></span> <span class='ocrx_word' id='word_1_95' title='bbox 1574 1434 1872 1487; x_wconf 84' lang='lat' dir='ltr'><strong>assiduum</strong></span> 
     </span>
    </p>
   </div>
   <div class='ocr_carea' id='block_1_17' title="bbox 216 1522 1873 1599">
    <p class='ocr_par' dir='ltr' id='par_1_17' title="bbox 216 1522 1873 1599">
     <span class='ocr_line' id='line_1_17' title="bbox 216 1522 1873 1599; baseline -0.006 -14"><span class='ocrx_word' id='word_1_96' title='bbox 216 1530 403 1585; x_wconf 87' lang='lat' dir='ltr'><strong>fuisse</strong></span> <span class='ocrx_word' id='word_1_97' title='bbox 430 1528 585 1599; x_wconf 91' lang='lat' dir='ltr'><strong>apud</strong></span> <span class='ocrx_word' id='word_1_98' title='bbox 618 1526 1054 1595; x_wconf 86' lang='lat' dir='ltr'><strong>imperatorem,</strong></span> <span class='ocrx_word' id='word_1_99' title='bbox 1076 1525 1339 1594; x_wconf 88' lang='lat' dir='ltr'><strong>adeoque</strong></span> <span class='ocrx_word' id='word_1_100' title='bbox 1373 1523 1524 1578; x_wconf 73' lang='lat'><strong>574</strong></span> <span class='ocrx_word' id='word_1_101' title='bbox 1548 1524 1701 1592; x_wconf 88' lang='lat' dir='ltr'><strong>quod</strong></span> <span class='ocrx_word' id='word_1_102' title='bbox 1736 1522 1873 1575; x_wconf 90' lang='lat' dir='ltr'><strong>hinc</strong></span> 
     </span>
    </p>
   </div>
   <div class='ocr_carea' id='block_1_18' title="bbox 218 1611 1868 1690">
    <p class='ocr_par' dir='ltr' id='par_1_18' title="bbox 218 1611 1868 1690">
     <span class='ocr_line' id='line_1_18' title="bbox 218 1611 1868 1690; baseline -0.007 -16"><span class='ocrx_word' id='word_1_103' title='bbox 218 1619 505 1690; x_wconf 84' lang='lat' dir='ltr'><strong>sequitur,</strong></span> <span class='ocrx_word' id='word_1_104' title='bbox 540 1617 599 1671; x_wconf 92' lang='lat' dir='ltr'><strong>in</strong></span> <span class='ocrx_word' id='word_1_105' title='bbox 634 1616 850 1687; x_wconf 90' lang='lat' dir='ltr'><strong>palatio</strong></span> <span class='ocrx_word' id='word_1_106' title='bbox 884 1614 1481 1683; x_wconf 82' lang='lat' dir='ltr'><strong>diversatum,utique</strong></span> <span class='ocrx_word' id='word_1_107' title='bbox 1508 1628 1621 1666; x_wconf 93' lang='lat' dir='ltr'>non</span> <span class='ocrx_word' id='word_1_108' title='bbox 1647 1611 1868 1665; x_wconf 89' lang='lat' dir='ltr'><strong>solum:</strong></span> 
     </span>
    </p>
   </div>
   <div class='ocr_carea' id='block_1_19' title="bbox 222 1704 1871 1772">
    <p class='ocr_par' dir='ltr' id='par_1_19' title="bbox 222 1704 1871 1772">
     <span class='ocr_line' id='line_1_19' title="bbox 222 1704 1871 1772; baseline -0.007 -7"><span class='ocrx_word' id='word_1_109' title='bbox 222 1727 360 1765; x_wconf 90' lang='lat' dir='ltr'><strong>nam</strong></span> <span class='ocrx_word' id='word_1_110' title='bbox 394 1714 451 1764; x_wconf 91' lang='lat' dir='ltr'><strong>et</strong></span> <span class='ocrx_word' id='word_1_111' title='bbox 480 1707 561 1762; x_wconf 87' lang='lat' dir='ltr'><strong>illi</strong></span> <span class='ocrx_word' id='word_1_112' title='bbox 597 1706 913 1761; x_wconf 72' lang='lat' dir='ltr'><strong>adhaesisse</strong></span> <span class='ocrx_word' id='word_1_113' title='bbox 947 1706 1038 1759; x_wconf 88' lang='lat' dir='ltr'><strong>sui</strong></span> <span class='ocrx_word' id='word_1_114' title='bbox 1071 1704 1328 1758; x_wconf 81' lang='lat' dir='ltr'><strong>instituti</strong></span> <span class='ocrx_word' id='word_1_115' title='bbox 1352 1704 1595 1759; x_wconf 87' lang='lat' dir='ltr'><strong>comites</strong></span> <span class='ocrx_word' id='word_1_116' title='bbox 1621 1718 1871 1772; x_wconf 88' lang='lat' dir='ltr'><strong>pronum</strong></span> 
     </span>
    </p>
   </div>
   <div class='ocr_carea' id='block_1_20' title="bbox 222 1789 1873 1865">
    <p class='ocr_par' dir='ltr' id='par_1_20' title="bbox 222 1789 1873 1865">
     <span class='ocr_line' id='line_1_20' title="bbox 222 1789 1873 1865; baseline -0.006 -10"><span class='ocrx_word' id='word_1_117' title='bbox 222 1804 315 1854; x_wconf 89' lang='lat' dir='ltr'><strong>est</strong></span> <span class='ocrx_word' id='word_1_118' title='bbox 341 1797 588 1865; x_wconf 85' lang='lat' dir='ltr'><strong>creditu,</strong></span> <span class='ocrx_word' id='word_1_119' title='bbox 620 1801 677 1849; x_wconf 88' lang='lat' dir='ltr'><strong>et</strong></span> <span class='ocrx_word' id='word_1_120' title='bbox 705 1795 981 1849; x_wconf 80' lang='lat' dir='ltr'><strong>fratribus</strong></span> <span class='ocrx_word' id='word_1_121' title='bbox 1013 1799 1113 1847; x_wconf 90' lang='lat' dir='ltr'><strong>aut</strong></span> <span class='ocrx_word' id='word_1_122' title='bbox 1142 1792 1278 1847; x_wconf 81' lang='lat' dir='ltr'><strong>filiis</strong></span> <span class='ocrx_word' id='word_1_123' title='bbox 1313 1791 1682 1864; x_wconf 87' lang='lat' dir='ltr'><strong>imperatoris</strong></span> <span class='ocrx_word' id='word_1_124' title='bbox 1728 1789 1873 1845; x_wconf 89' lang='lat' dir='ltr'><strong>alios</strong></span> 
     </span>
    </p>
   </div>
   <div class='ocr_carea' id='block_1_21' title="bbox 226 1878 1877 1954">
    <p class='ocr_par' dir='ltr' id='par_1_21' title="bbox 226 1878 1877 1954">
     <span class='ocr_line' id='line_1_21' title="bbox 226 1878 1877 1954; baseline -0.007 -11"><span class='ocrx_word' id='word_1_125' title='bbox 226 1886 550 1943; x_wconf 80' lang='lat' dir='ltr'><strong>monachos</strong></span> <span class='ocrx_word' id='word_1_126' title='bbox 582 1883 837 1939; x_wconf 86' lang='lat' dir='ltr'><strong>similem</strong></span> <span class='ocrx_word' id='word_1_127' title='bbox 869 1898 1105 1954; x_wconf 88' lang='lat' dir='ltr'><strong>operam</strong></span> <span class='ocrx_word' id='word_1_128' title='bbox 1139 1898 1384 1936; x_wconf 82' lang='lat' dir='ltr'><strong>navasse</strong></span> <span class='ocrx_word' id='word_1_129' title='bbox 1402 1897 1516 1935; x_wconf 94' lang='lat' dir='ltr'>non</span> <span class='ocrx_word' id='word_1_130' title='bbox 1531 1884 1622 1935; x_wconf 91' lang='lat' dir='ltr'><strong>est</strong></span> <span class='ocrx_word' id='word_1_131' title='bbox 1662 1878 1877 1933; x_wconf 78' lang='lat' dir='ltr'><strong>inveri-</strong></span> 
     </span>
    </p>
   </div>
   <div class='ocr_carea' id='block_1_22' title="bbox 225 1968 1872 2043">
    <p class='ocr_par' dir='ltr' id='par_1_22' title="bbox 225 1968 1872 2043">
     <span class='ocr_line' id='line_1_22' title="bbox 225 1968 1872 2043; baseline -0.007 -11"><span class='ocrx_word' id='word_1_132' title='bbox 225 1976 440 2033; x_wconf 86' lang='lat' dir='ltr'><strong>simile.</strong></span> <span class='ocrx_word' id='word_1_133' title='bbox 475 1974 620 2038; x_wconf 88' lang='lat' dir='ltr'><strong>Quid</strong></span> <span class='ocrx_word' id='word_1_134' title='bbox 657 1973 705 2027; x_wconf 91' lang='lat' dir='ltr'><strong>si</strong></span> <span class='ocrx_word' id='word_1_135' title='bbox 736 1971 1048 2043; x_wconf 87' lang='lat' dir='ltr'><strong>opinemur</strong></span> <span class='ocrx_word' id='word_1_136' title='bbox 1076 1971 1181 2025; x_wconf 92' lang='lat' dir='ltr'><strong>bos</strong></span> <span class='ocrx_word' id='word_1_137' title='bbox 1204 1970 1365 2041; x_wconf 89' lang='lat' dir='ltr'><strong>quasi</strong></span> <span class='ocrx_word' id='word_1_138' title='bbox 1412 1968 1703 2040; x_wconf 87' lang='lat' dir='ltr'><strong>palatinos</strong></span> <span class='ocrx_word' id='word_1_139' title='bbox 1748 1984 1872 2021; x_wconf 88' lang='lat' dir='ltr'><strong>mo-</strong></span> 
     </span>
    </p>
   </div>
   <div class='ocr_carea' id='block_1_23' title="bbox 226 2057 1878 2129">
    <p class='ocr_par' dir='ltr' id='par_1_23' title="bbox 226 2057 1878 2129">
     <span class='ocr_line' id='line_1_23' title="bbox 226 2057 1878 2129; baseline -0.007 -8"><span class='ocrx_word' id='word_1_140' title='bbox 226 2065 471 2129; x_wconf 86' lang='lat' dir='ltr'><strong>nachos,</strong></span> <span class='ocrx_word' id='word_1_141' title='bbox 506 2064 679 2118; x_wconf 89' lang='lat' dir='ltr'><strong>etiam</strong></span> <span class='ocrx_word' id='word_1_142' title='bbox 715 2066 779 2116; x_wconf 89' lang='lat' dir='ltr'><strong>ut</strong></span> <span class='ocrx_word' id='word_1_143' title='bbox 810 2066 1049 2117; x_wconf 62' lang='lat' dir='ltr'><strong>ceteros</strong></span> <span class='ocrx_word' id='word_1_144' title='bbox 1080 2062 1292 2115; x_wconf 89' lang='lat' dir='ltr'><strong>domus</strong></span> <span class='ocrx_word' id='word_1_145' title='bbox 1330 2058 1499 2129; x_wconf 68' lang='lat' dir='ltr'><strong>regiae</strong></span> <span class='ocrx_word' id='word_1_146' title='bbox 1552 2057 1878 2121; x_wconf 88' lang='lat' dir='ltr'><strong>ministros,</strong></span> 
     </span>
    </p>
   </div>
   <div class='ocr_carea' id='block_1_24' title="bbox 224 2145 1878 2223">
    <p class='ocr_par' dir='ltr' id='par_1_24' title="bbox 224 2145 1878 2223">
     <span class='ocr_line' id='line_1_24' title="bbox 224 2145 1878 2223; baseline -0.008 -13"><span class='ocrx_word' id='word_1_147' title='bbox 224 2158 476 2210; x_wconf 90' lang='lat' dir='ltr'><strong>vestitus</strong></span> <span class='ocrx_word' id='word_1_148' title='bbox 498 2151 816 2223; x_wconf 86' lang='lat' dir='ltr'><strong>aliquando</strong></span> <span class='ocrx_word' id='word_1_149' title='bbox 850 2166 1062 2222; x_wconf 83' lang='lat' dir='ltr'><strong>genere</strong></span> <span class='ocrx_word' id='word_1_150' title='bbox 1090 2155 1191 2204; x_wconf 93' lang='lat' dir='ltr'><strong>aut</strong></span> <span class='ocrx_word' id='word_1_151' title='bbox 1222 2148 1411 2205; x_wconf 90' lang='lat' dir='ltr'><strong>colore</strong></span> <span class='ocrx_word' id='word_1_152' title='bbox 1446 2164 1481 2203; x_wconf 92' lang='lat' dir='ltr'><strong>a</strong></span> <span class='ocrx_word' id='word_1_153' title='bbox 1511 2145 1736 2201; x_wconf 70' lang='lat' dir='ltr'><strong>caeteris</strong></span> <span class='ocrx_word' id='word_1_154' title='bbox 1765 2145 1878 2199; x_wconf 92' lang='lat' dir='ltr'><strong>dis-</strong></span> 
     </span>
    </p>
   </div>
   <div class='ocr_carea' id='block_1_25' title="bbox 229 2236 1885 2313">
    <p class='ocr_par' dir='ltr' id='par_1_25' title="bbox 229 2236 1885 2313">
     <span class='ocr_line' id='line_1_25' title="bbox 229 2236 1885 2313; baseline -0.007 -13"><span class='ocrx_word' id='word_1_155' title='bbox 229 2248 442 2309; x_wconf 89' lang='lat' dir='ltr'><strong>cretos,</strong></span> <span class='ocrx_word' id='word_1_156' title='bbox 464 2240 697 2301; x_wconf 79' lang='grc' dir='ltr'><strong>κόκκους</strong></span> <span class='ocrx_word' id='word_1_157' title='bbox 726 2236 1005 2313; x_wconf 79' lang='grc' dir='ltr'>μοναχούς</span> <span class='ocrx_word' id='word_1_158' title='bbox 1026 2243 1287 2304; x_wconf 88' lang='lat' dir='ltr'><strong>vocatos,</strong></span> <span class='ocrx_word' id='word_1_159' title='bbox 1311 2238 1553 2293; x_wconf 77' lang='lat' dir='ltr'><strong>forsitan</strong></span> <span class='ocrx_word' id='word_1_160' title='bbox 1589 2236 1743 2306; x_wconf 91' lang='lat' dir='ltr'><strong>quod</strong></span> <span class='ocrx_word' id='word_1_161' title='bbox 1761 2250 1885 2289; x_wconf 86' lang='lat' dir='ltr'><strong>coc-</strong></span> 
     </span>
    </p>
   </div>
   <div class='ocr_carea' id='block_1_26' title="bbox 226 2323 1882 2402">
    <p class='ocr_par' dir='ltr' id='par_1_26' title="bbox 226 2323 1882 2402">
     <span class='ocr_line' id='line_1_26' title="bbox 226 2323 1882 2402; baseline -0.007 -14"><span class='ocrx_word' id='word_1_162' title='bbox 226 2335 461 2389; x_wconf 89' lang='lat' dir='ltr'><strong>cineum</strong></span> <span class='ocrx_word' id='word_1_163' title='bbox 486 2331 708 2402; x_wconf 87' lang='lat' dir='ltr'><strong>aliquid</strong></span> <span class='ocrx_word' id='word_1_164' title='bbox 741 2329 1089 2401; x_wconf 81' lang='lat' dir='ltr'><strong>gestarent?</strong></span> <span class='ocrx_word' id='word_1_165' title='bbox 1119 2329 1238 2398; x_wconf 89' lang='lat' dir='ltr'><strong>Ego</strong></span> <span class='ocrx_word' id='word_1_166' title='bbox 1270 2332 1466 2381; x_wconf 89' lang='lat' dir='ltr'><strong>tamen</strong></span> <span class='ocrx_word' id='word_1_167' title='bbox 1499 2323 1704 2398; x_wconf 74' lang='grc' dir='ltr'>ἐπέχω,</span> <span class='ocrx_word' id='word_1_168' title='bbox 1748 2324 1882 2394; x_wconf 90' lang='lat' dir='ltr'><strong>plus</strong></span> 
     </span>
    </p>
   </div>
   <div class='ocr_carea' id='block_1_27' title="bbox 227 2413 1885 2491">
    <p class='ocr_par' dir='ltr' id='par_1_27' title="bbox 227 2413 1885 2491">
     <span class='ocr_line' id='line_1_27' title="bbox 227 2413 1885 2491; baseline -0.007 -13"><span class='ocrx_word' id='word_1_169' title='bbox 227 2423 383 2479; x_wconf 89' lang='lat' dir='ltr'><strong>lucis</strong></span> <span class='ocrx_word' id='word_1_170' title='bbox 416 2422 474 2475; x_wconf 88' lang='lat' dir='ltr'><strong>in</strong></span> <span class='ocrx_word' id='word_1_171' title='bbox 508 2421 617 2475; x_wconf 87' lang='lat' dir='ltr'><strong>bac</strong></span> <span class='ocrx_word' id='word_1_172' title='bbox 647 2419 903 2491; x_wconf 82' lang='lat' dir='ltr'><strong>caligine</strong></span> <span class='ocrx_word' id='word_1_173' title='bbox 948 2417 1246 2483; x_wconf 88' lang='lat' dir='ltr'><strong>alicunde,</strong></span> <span class='ocrx_word' id='word_1_174' title='bbox 1294 2417 1343 2472; x_wconf 91' lang='lat' dir='ltr'><strong>si</strong></span> <span class='ocrx_word' id='word_1_175' title='bbox 1388 2417 1533 2471; x_wconf 88' lang='lat' dir='ltr'><strong>forte</strong></span> <span class='ocrx_word' id='word_1_176' title='bbox 1581 2413 1885 2485; x_wconf 83' lang='lat' dir='ltr'><strong>affulgeat,</strong></span> 
     </span>
    </p>
   </div>
   <div class='ocr_carea' id='block_1_28' title="bbox 229 2510 676 2585">
    <p class='ocr_par' dir='ltr' id='par_1_28' title="bbox 229 2510 676 2585">
     <span class='ocr_line' id='line_1_28' title="bbox 229 2510 676 2585; baseline -0.016 -16"><span class='ocrx_word' id='word_1_177' title='bbox 229 2511 547 2585; x_wconf 88' lang='lat' dir='ltr'><strong>opperiens</strong></span> <span class='ocrx_word' id='word_1_178' title='bbox 578 2510 676 2581; x_wconf 91' lang='lat'><strong>(1).</strong></span> 
     </span>
    </p>
   </div>
   <div class='ocr_carea' id='block_1_29' title="bbox 309 2592 1887 2665">
    <p class='ocr_par' dir='ltr' id='par_1_29' title="bbox 309 2592 1887 2665">
     <span class='ocr_line' id='line_1_29' title="bbox 309 2592 1887 2665; baseline -0.006 -11"><span class='ocrx_word' id='word_1_179' title='bbox 309 2592 553 2654; x_wconf 77' lang='grc' dir='ltr'><strong>Κόλυϐα.</strong></span> <span class='ocrx_word' id='word_1_180' title='bbox 617 2599 680 2654; x_wconf 90' lang='lat' dir='ltr'><strong>L.</strong></span> <span class='ocrx_word' id='word_1_181' title='bbox 741 2614 798 2653; x_wconf 87' lang='lat' dir='ltr'><strong>v1</strong></span> <span class='ocrx_word' id='word_1_182' title='bbox 847 2596 1055 2651; x_wconf 87' lang='lat' dir='ltr'><strong>titulus</strong></span> <span class='ocrx_word' id='word_1_183' title='bbox 1099 2612 1149 2651; x_wconf 92' lang='lat' dir='ltr'><strong>c.</strong></span> <span class='ocrx_word' id='word_1_184' title='bbox 1184 2596 1252 2650; x_wconf 79' lang='lat'><strong>12</strong></span> <span class='ocrx_word' id='word_1_185' title='bbox 1281 2596 1365 2651; x_wconf 92' lang='lat' dir='ltr'><strong>sic</strong></span> <span class='ocrx_word' id='word_1_186' title='bbox 1405 2595 1600 2665; x_wconf 89' lang='lat' dir='ltr'><strong>habet,</strong></span> <span class='ocrx_word' id='word_1_187' title='bbox 1634 2595 1887 2664; x_wconf 64' lang='lat' dir='ltr'><strong>&#39;I‘az&#39;aop-</strong></span> 
     </span>
    </p>
   </div>
   <div class='ocr_carea' id='block_1_30' title="bbox 232 2678 1885 2762">
    <p class='ocr_par' dir='ltr' id='par_1_30' title="bbox 232 2678 1885 2762">
     <span class='ocr_line' id='line_1_30' title="bbox 232 2678 1885 2762; baseline -0.004 -19"><span class='ocrx_word' id='word_1_188' title='bbox 232 2685 405 2744; x_wconf 75' lang='grc' dir='ltr'>ϐάντα</span> <span class='ocrx_word' id='word_1_189' title='bbox 452 2689 768 2762; x_wconf 76' lang='grc' dir='ltr'><strong>πατριᾶρχῃ</strong></span> <span class='ocrx_word' id='word_1_190' title='bbox 820 2682 909 2740; x_wconf 74' lang='grc' dir='ltr'><strong>διὰ</strong></span> <span class='ocrx_word' id='word_1_191' title='bbox 952 2685 1050 2753; x_wconf 69' lang='grc' dir='ltr'>τὴν</span> <span class='ocrx_word' id='word_1_192' title='bbox 1101 2688 1207 2739; x_wconf 82' lang='grc' dir='ltr'>τῶν</span> <span class='ocrx_word' id='word_1_193' title='bbox 1252 2678 1506 2739; x_wconf 78' lang='grc' dir='ltr'>κολύϐων</span> <span class='ocrx_word' id='word_1_194' title='bbox 1551 2682 1885 2752; x_wconf 81' lang='grc' dir='ltr'>ἀποστολήν.</span> 
     </span>
    </p>
   </div>
   <div class='ocr_carea' id='block_1_31' title="bbox 235 2769 1888 2847">
    <p class='ocr_par' dir='ltr' id='par_1_31' title="bbox 235 2769 1888 2847">
     <span class='ocr_line' id='line_1_31' title="bbox 235 2769 1888 2847; baseline -0.004 -14"><span class='ocrx_word' id='word_1_195' title='bbox 235 2779 558 2835; x_wconf 86' lang='lat' dir='ltr'><strong>Vaticanus</strong></span> <span class='ocrx_word' id='word_1_196' title='bbox 585 2769 886 2847; x_wconf 75' lang='grc' dir='ltr'>κολύμϐων</span> <span class='ocrx_word' id='word_1_197' title='bbox 905 2775 1059 2845; x_wconf 82' lang='lat' dir='ltr'><strong>legit;</strong></span> <span class='ocrx_word' id='word_1_198' title='bbox 1084 2773 1222 2845; x_wconf 92' lang='lat' dir='ltr'><strong>quid</strong></span> <span class='ocrx_word' id='word_1_199' title='bbox 1245 2774 1484 2845; x_wconf 85' lang='lat' dir='ltr'><strong>quidem</strong></span> <span class='ocrx_word' id='word_1_200' title='bbox 1510 2773 1756 2829; x_wconf 91' lang='lat' dir='ltr'><strong>bocloco</strong></span> <span class='ocrx_word' id='word_1_201' title='bbox 1774 2788 1888 2827; x_wconf 90' lang='lat' dir='ltr'><strong>non</strong></span> 
     </span>
    </p>
   </div>
   <div class='ocr_carea' id='block_1_32' title="bbox 234 2864 1884 2936">
    <p class='ocr_par' dir='ltr' id='par_1_32' title="bbox 234 2864 1884 2936">
     <span class='ocr_line' id='line_1_32' title="bbox 234 2864 1884 2936; baseline -0.007 -11"><span class='ocrx_word' id='word_1_202' title='bbox 234 2869 579 2925; x_wconf 89' lang='lat' dir='ltr'><strong>describens</strong></span> <span class='ocrx_word' id='word_1_203' title='bbox 611 2871 932 2931; x_wconf 88' lang='lat' dir='ltr'><strong>auctorem,</strong></span> <span class='ocrx_word' id='word_1_204' title='bbox 950 2865 1048 2920; x_wconf 86' lang='lat' dir='ltr'><strong>sed</strong></span> <span class='ocrx_word' id='word_1_205' title='bbox 1085 2880 1243 2919; x_wconf 90' lang='lat' dir='ltr'><strong>more</strong></span> <span class='ocrx_word' id='word_1_206' title='bbox 1266 2864 1694 2934; x_wconf 66' lang='lat' dir='ltr'><strong>suoIliberrime</strong></span> <span class='ocrx_word' id='word_1_207' title='bbox 1713 2881 1884 2936; x_wconf 68' lang='grc' dir='ltr'>παραυ</span> 
     </span>
    </p>
   </div>
   <div class='ocr_carea' id='block_1_33' title="bbox 236 2949 1889 3035">
    <p class='ocr_par' dir='ltr' id='par_1_33' title="bbox 236 2949 1889 3035">
     <span class='ocr_line' id='line_1_33' title="bbox 236 2949 1889 3035; baseline -0.006 -24"><span class='ocrx_word' id='word_1_208' title='bbox 236 2957 484 3035; x_wconf 75' lang='grc' dir='ltr'>φράζων,</span> <span class='ocrx_word' id='word_1_209' title='bbox 519 2956 603 3011; x_wconf 88' lang='lat' dir='ltr'><strong>sic</strong></span> <span class='ocrx_word' id='word_1_210' title='bbox 646 2954 894 3010; x_wconf 91' lang='lat' dir='ltr'><strong>scribit:</strong></span> <span class='ocrx_word' id='word_1_211' title='bbox 928 2952 1015 3005; x_wconf 89' lang='grc' dir='ltr'>Ἐν</span> <span class='ocrx_word' id='word_1_212' title='bbox 1065 2956 1180 3011; x_wconf 84' lang='grc' dir='ltr'>τοῖς</span> <span class='ocrx_word' id='word_1_213' title='bbox 1226 2949 1560 3023; x_wconf 77' lang='grc' dir='ltr'><strong>ἐκπώμασιν,</strong></span> <span class='ocrx_word' id='word_1_214' title='bbox 1620 2952 1733 3004; x_wconf 88' lang='grc' dir='ltr'>οἷον</span> <span class='ocrx_word' id='word_1_215' title='bbox 1782 2950 1889 3002; x_wconf 82' lang='grc' dir='ltr'>τῶν</span> 
     </span>
    </p>
   </div>
   <div class='ocr_carea' id='block_1_34' title="bbox 232 3038 1892 3121">
    <p class='ocr_par' dir='ltr' id='par_1_34' title="bbox 232 3038 1892 3121">
     <span class='ocr_line' id='line_1_34' title="bbox 232 3038 1892 3121; baseline -0.005 -21"><span class='ocrx_word' id='word_1_216' title='bbox 232 3043 466 3121; x_wconf 79' lang='grc' dir='ltr'>χαλκῶν</span> <span class='ocrx_word' id='word_1_217' title='bbox 525 3042 788 3110; x_wconf 76' lang='grc' dir='ltr'><strong>πινάκῶν,</strong></span> <span class='ocrx_word' id='word_1_218' title='bbox 842 3038 895 3095; x_wconf 66' lang='grc' dir='ltr'><strong>αἶ</strong></span> <span class='ocrx_word' id='word_1_219' title='bbox 949 3041 1040 3095; x_wconf 88' lang='grc' dir='ltr'>τὸν</span> <span class='ocrx_word' id='word_1_220' title='bbox 1089 3040 1248 3116; x_wconf 73' lang='grc' dir='ltr'>ἑφθὸν</span> <span class='ocrx_word' id='word_1_221' title='bbox 1298 3045 1445 3095; x_wconf 78' lang='grc' dir='ltr'>σῖτον</span> <span class='ocrx_word' id='word_1_222' title='bbox 1497 3040 1769 3117; x_wconf 66' lang='grc' dir='ltr'><strong>φέρουσιν,</strong></span> <span class='ocrx_word' id='word_1_223' title='bbox 1821 3040 1892 3099; x_wconf 85' lang='grc' dir='ltr'><strong>ὡς</strong></span> 
     </span>
    </p>
   </div>
   <div class='ocr_carea' id='block_1_35' title="bbox 232 3125 1891 3209">
    <p class='ocr_par' dir='ltr' id='par_1_35' title="bbox 232 3125 1891 3209">
     <span class='ocr_line' id='line_1_35' title="bbox 232 3125 1891 3209; baseline -0.005 -17"><span class='ocrx_word' id='word_1_224' title='bbox 232 3136 577 3209; x_wconf 87' lang='lat' dir='ltr'><strong>(legendum</strong></span> <span class='ocrx_word' id='word_1_225' title='bbox 612 3138 752 3205; x_wconf 92' lang='lat' dir='ltr'><strong>puto</strong></span> <span class='ocrx_word' id='word_1_226' title='bbox 775 3130 859 3204; x_wconf 76' lang='grc' dir='ltr'><strong>δν)</strong></span> <span class='ocrx_word' id='word_1_227' title='bbox 888 3134 922 3200; x_wconf 77' lang='grc' dir='ltr'>ἠ</span> <span class='ocrx_word' id='word_1_228' title='bbox 957 3131 1195 3200; x_wconf 76' lang='grc' dir='ltr'><strong>συνήθης</strong></span> <span class='ocrx_word' id='word_1_229' title='bbox 1226 3129 1445 3205; x_wconf 80' lang='grc' dir='ltr'>γλῶττα</span> <span class='ocrx_word' id='word_1_230' title='bbox 1486 3125 1743 3203; x_wconf 75' lang='grc' dir='ltr'>κόλυμῦα</span> <span class='ocrx_word' id='word_1_231' title='bbox 1796 3128 1891 3184; x_wconf 77' lang='grc' dir='ltr'><strong><em>λέ-</em></strong></span> 
     </span>
    </p>
   </div>
   <div class='ocr_carea' id='block_1_36' title="bbox 1977 543 3627 615">
    <p class='ocr_par' dir='ltr' id='par_1_36' title="bbox 1977 543 3627 615">
     <span class='ocr_line' id='line_1_36' title="bbox 1977 543 3627 615; baseline 0.001 -18"><span class='ocrx_word' id='word_1_232' title='bbox 1977 544 2230 598; x_wconf 88' lang='lat' dir='ltr'><strong>formula</strong></span> <span class='ocrx_word' id='word_1_233' title='bbox 2261 560 2329 598; x_wconf 82' lang='lat' dir='ltr'><strong>ex</strong></span> <span class='ocrx_word' id='word_1_234' title='bbox 2381 545 2451 599; x_wconf 91' lang='lat' dir='ltr'><strong>iis</strong></span> <span class='ocrx_word' id='word_1_235' title='bbox 2484 546 2657 599; x_wconf 86' lang='lat' dir='ltr'><strong>ducta</strong></span> <span class='ocrx_word' id='word_1_236' title='bbox 2703 561 2879 599; x_wconf 65' lang='lat' dir='ltr'><strong>sacra:</strong></span> <span class='ocrx_word' id='word_1_237' title='bbox 2935 543 3251 614; x_wconf 73' lang='lat' dir='ltr'><strong>Scripturze</strong></span> <span class='ocrx_word' id='word_1_238' title='bbox 3303 543 3445 599; x_wconf 89' lang='lat' dir='ltr'><strong>locis</strong></span> <span class='ocrx_word' id='word_1_239' title='bbox 3498 561 3627 615; x_wconf 63' lang='lat' dir='ltr'><strong>qua!</strong></span> 
     </span>
    </p>
   </div>
   <div class='ocr_carea' id='block_1_37' title="bbox 1976 633 3625 703">
    <p class='ocr_par' dir='ltr' id='par_1_37' title="bbox 1976 633 3625 703">
     <span class='ocr_line' id='line_1_37' title="bbox 1976 633 3625 703; baseline 0.001 -18"><span class='ocrx_word' id='word_1_240' title='bbox 1976 633 2459 703; x_wconf 82' lang='lat' dir='ltr'><strong>Pythonissarum</strong></span> <span class='ocrx_word' id='word_1_241' title='bbox 2512 633 2826 687; x_wconf 72' lang='lat' dir='ltr'><strong>mulierum</strong></span> <span class='ocrx_word' id='word_1_242' title='bbox 2903 633 3376 703; x_wconf 81' lang='lat' dir='ltr'><strong>ventiloquarum</strong></span> <span class='ocrx_word' id='word_1_243' title='bbox 3418 634 3625 688; x_wconf 81' lang='lat' dir='ltr'><strong>memi-</strong></span> 
     </span>
    </p>
   </div>
   <div class='ocr_carea' id='block_1_38' title="bbox 1978 724 3626 795">
    <p class='ocr_par' dir='ltr' id='par_1_38' title="bbox 1978 724 3626 795">
     <span class='ocr_line' id='line_1_38' title="bbox 1978 724 3626 795; baseline 0.001 -18"><span class='ocrx_word' id='word_1_244' title='bbox 1978 730 2191 777; x_wconf 87' lang='lat' dir='ltr'><strong>nerunt</strong></span> <span class='ocrx_word' id='word_1_245' title='bbox 2236 734 2360 780; x_wconf 76' lang='lat' dir='ltr'><strong>Act.</strong></span> <span class='ocrx_word' id='word_1_246' title='bbox 2396 742 2508 789; x_wconf 73' lang='lat' dir='ltr'><strong>xvr,</strong></span> <span class='ocrx_word' id='word_1_247' title='bbox 2546 724 2632 790; x_wconf 86' lang='lat'><strong>16,</strong></span> <span class='ocrx_word' id='word_1_248' title='bbox 2667 732 2722 779; x_wconf 92' lang='lat' dir='ltr'><strong>et</strong></span> <span class='ocrx_word' id='word_1_249' title='bbox 2759 725 2774 778; x_wconf 96' lang='lat' dir='ltr'><strong>l</strong></span> <span class='ocrx_word' id='word_1_250' title='bbox 2811 726 2947 793; x_wconf 77' lang='lat' dir='ltr'><strong>Reg.</strong></span> <span class='ocrx_word' id='word_1_251' title='bbox 3002 742 3200 791; x_wconf 77' lang='lat' dir='ltr'><strong>xxvm,</strong></span> <span class='ocrx_word' id='word_1_252' title='bbox 3256 725 3353 778; x_wconf 88' lang='lat' dir='ltr'><strong>ubi</strong></span> <span class='ocrx_word' id='word_1_253' title='bbox 3415 741 3517 795; x_wconf 91' lang='lat' dir='ltr'><strong>pro</strong></span> <span class='ocrx_word' id='word_1_254' title='bbox 3560 742 3626 778; x_wconf 92' lang='lat' dir='ltr'><strong>eo</strong></span> 
     </span>
    </p>
   </div>
   <div class='ocr_carea' id='block_1_39' title="bbox 1977 813 3635 885">
    <p class='ocr_par' dir='ltr' id='par_1_39' title="bbox 1977 813 3635 885">
     <span class='ocr_line' id='line_1_39' title="bbox 1977 813 3635 885; baseline 0.001 -18"><span class='ocrx_word' id='word_1_255' title='bbox 1977 814 2128 883; x_wconf 85' lang='lat' dir='ltr'><strong>quod</strong></span> <span class='ocrx_word' id='word_1_256' title='bbox 2168 813 2438 885; x_wconf 83' lang='lat' dir='ltr'><strong>vulgatus</strong></span> <span class='ocrx_word' id='word_1_257' title='bbox 2470 815 2666 877; x_wconf 85' lang='lat' dir='ltr'><strong>habet,</strong></span> <span class='ocrx_word' id='word_1_258' title='bbox 2696 832 2748 869; x_wconf 92' lang='lat' dir='ltr'><strong>v.</strong></span> <span class='ocrx_word' id='word_1_259' title='bbox 2782 815 2853 867; x_wconf 90' lang='lat'>3:</span> <span class='ocrx_word' id='word_1_260' title='bbox 2888 815 3022 868; x_wconf 66' lang='grc' dir='ltr'><strong>διιηί</strong></span> <span class='ocrx_word' id='word_1_261' title='bbox 3072 815 3303 868; x_wconf 79' lang='lat' dir='ltr'><strong>abstulit</strong></span> <span class='ocrx_word' id='word_1_262' title='bbox 3353 830 3537 884; x_wconf 80' lang='lat' dir='ltr'><strong>magos</strong></span> <span class='ocrx_word' id='word_1_263' title='bbox 3584 822 3635 869; x_wconf 77' lang='lat' dir='ltr'><strong>et</strong></span> 
     </span>
    </p>
   </div>
   <div class='ocr_carea' id='block_1_40' title="bbox 1976 900 3635 975">
    <p class='ocr_par' dir='ltr' id='par_1_40' title="bbox 1976 900 3635 975">
     <span class='ocr_line' id='line_1_40' title="bbox 1976 900 3635 975; baseline -0.002 -19"><span class='ocrx_word' id='word_1_264' title='bbox 1976 904 2176 957; x_wconf 76' lang='lat' dir='ltr'><strong>unctos</strong></span> <span class='ocrx_word' id='word_1_265' title='bbox 2234 904 2298 957; x_wconf 86' lang='lat' dir='ltr'><strong>de</strong></span> <span class='ocrx_word' id='word_1_266' title='bbox 2349 913 2517 969; x_wconf 78' lang='lat' dir='ltr'><strong>terra,</strong></span> <span class='ocrx_word' id='word_1_267' title='bbox 2568 904 2713 957; x_wconf 73' lang='lat' dir='ltr'><strong>LXX</strong></span> <span class='ocrx_word' id='word_1_268' title='bbox 2755 904 2954 973; x_wconf 84' lang='lat' dir='ltr'><strong>legunt</strong></span> <span class='ocrx_word' id='word_1_269' title='bbox 3003 900 3255 975; x_wconf 76' lang='grc' dir='ltr'><strong>Περιεῖλο</strong></span> <span class='ocrx_word' id='word_1_270' title='bbox 3304 900 3431 963; x_wconf 72' lang='grc' dir='ltr'>τοὺς</span> <span class='ocrx_word' id='word_1_271' title='bbox 3490 900 3635 975; x_wconf 71' lang='grc' dir='ltr'><strong>ἔγγα-</strong></span> 
     </span>
    </p>
   </div>
   <div class='ocr_carea' id='block_1_41' title="bbox 1979 989 3636 1064">
    <p class='ocr_par' dir='ltr' id='par_1_41' title="bbox 1979 989 3636 1064">
     <span class='ocr_line' id='line_1_41' title="bbox 1979 989 3636 1064; baseline 0.001 -21"><span class='ocrx_word' id='word_1_272' title='bbox 1979 989 2331 1064; x_wconf 75' lang='grc' dir='ltr'><strong>στριμύθους,</strong></span> <span class='ocrx_word' id='word_1_273' title='bbox 2392 994 2618 1047; x_wconf 59' lang='lat' dir='ltr'><strong>stutum.</strong></span> <span class='ocrx_word' id='word_1_274' title='bbox 2653 993 3039 1062; x_wconf 55' lang='lat' dir='ltr'><strong>ventriioquox,</strong></span> <span class='ocrx_word' id='word_1_275' title='bbox 3077 992 3143 1045; x_wconf 87' lang='lat' dir='ltr'><strong>Et</strong></span> <span class='ocrx_word' id='word_1_276' title='bbox 3169 992 3247 1046; x_wconf 87' lang='lat' dir='ltr'><strong>ib.</strong></span> <span class='ocrx_word' id='word_1_277' title='bbox 3272 1008 3323 1046; x_wconf 93' lang='lat' dir='ltr'><strong>v.</strong></span> <span class='ocrx_word' id='word_1_278' title='bbox 3354 992 3408 1045; x_wconf 91' lang='lat'><strong>7.</strong></span> <span class='ocrx_word' id='word_1_279' title='bbox 3454 991 3636 1046; x_wconf 74' lang='lat' dir='ltr'><strong>Dixit-</strong></span> 
     </span>
    </p>
   </div>
   <div class='ocr_carea' id='block_1_42' title="bbox 1981 1078 3626 1150">
    <p class='ocr_par' dir='ltr' id='par_1_42' title="bbox 1981 1078 3626 1150">
     <span class='ocr_line' id='line_1_42' title="bbox 1981 1078 3626 1150; baseline -0.001 -16"><span class='ocrx_word' id='word_1_280' title='bbox 1981 1096 2084 1150; x_wconf 92' lang='lat' dir='ltr'><strong>que</strong></span> <span class='ocrx_word' id='word_1_281' title='bbox 2112 1078 2247 1134; x_wconf 74' lang='lat' dir='ltr'><strong>Sani</strong></span> <span class='ocrx_word' id='word_1_282' title='bbox 2269 1084 2442 1135; x_wconf 80' lang='lat' dir='ltr'><strong>servis</strong></span> <span class='ocrx_word' id='word_1_283' title='bbox 2470 1081 2586 1135; x_wconf 77' lang='lat' dir='ltr'><strong>suis</strong></span> <span class='ocrx_word' id='word_1_284' title='bbox 2610 1100 2627 1135; x_wconf 86' lang='lat'><strong><em>:</em></strong></span> <span class='ocrx_word' id='word_1_285' title='bbox 2649 1082 2886 1148; x_wconf 69' lang='lat' dir='ltr'><strong>Quaerite</strong></span> <span class='ocrx_word' id='word_1_286' title='bbox 2911 1081 3052 1134; x_wconf 79' lang='lat' dir='ltr'><strong>mihi</strong></span> <span class='ocrx_word' id='word_1_287' title='bbox 3087 1080 3378 1134; x_wconf 78' lang='lat' dir='ltr'><strong>mulierem</strong></span> <span class='ocrx_word' id='word_1_288' title='bbox 3429 1081 3626 1133; x_wconf 81' lang='lat' dir='ltr'><strong>haben-</strong></span> 
     </span>
    </p>
   </div>
   <div class='ocr_carea' id='block_1_43' title="bbox 1982 1165 3636 1242">
    <p class='ocr_par' dir='ltr' id='par_1_43' title="bbox 1982 1165 3636 1242">
     <span class='ocr_line' id='line_1_43' title="bbox 1982 1165 3636 1242; baseline -0.002 -19"><span class='ocrx_word' id='word_1_289' title='bbox 1982 1178 2086 1223; x_wconf 80' lang='lat' dir='ltr'><strong>tem</strong></span> <span class='ocrx_word' id='word_1_290' title='bbox 2141 1171 2457 1239; x_wconf 81' lang='lat' dir='ltr'><strong>Pythonem.</strong></span> <span class='ocrx_word' id='word_1_291' title='bbox 2531 1170 2689 1235; x_wconf 79' lang='lat' dir='ltr'><strong>LXX,</strong></span> <span class='ocrx_word' id='word_1_292' title='bbox 2759 1166 3138 1238; x_wconf 70' lang='grc' dir='ltr'><strong>Ζητήσατέμοι</strong></span> <span class='ocrx_word' id='word_1_293' title='bbox 3205 1171 3434 1242; x_wconf 71' lang='grc' dir='ltr'>γυναῖκα</span> <span class='ocrx_word' id='word_1_294' title='bbox 3479 1165 3636 1241; x_wconf 69' lang='grc' dir='ltr'>ἐγγα-</span> 
     </span>
    </p>
   </div>
   <div class='ocr_carea' id='block_1_44' title="bbox 1983 1254 3634 1331">
    <p class='ocr_par' dir='ltr' id='par_1_44' title="bbox 1983 1254 3634 1331">
     <span class='ocr_line' id='line_1_44' title="bbox 1983 1254 3634 1331; baseline 0.001 -22"><span class='ocrx_word' id='word_1_295' title='bbox 1983 1254 2301 1331; x_wconf 79' lang='grc' dir='ltr'>στρίμυθον.</span> <span class='ocrx_word' id='word_1_296' title='bbox 2353 1258 2609 1329; x_wconf 88' lang='lat' dir='ltr'><strong>Spiritus</strong></span> <span class='ocrx_word' id='word_1_297' title='bbox 2664 1258 2856 1311; x_wconf 89' lang='lat' dir='ltr'><strong>malus</strong></span> <span class='ocrx_word' id='word_1_298' title='bbox 2907 1258 3004 1328; x_wconf 89' lang='lat' dir='ltr'><strong>qui</strong></span> <span class='ocrx_word' id='word_1_299' title='bbox 3057 1258 3282 1328; x_wconf 84' lang='lat' dir='ltr'><strong>Phyton</strong></span> <span class='ocrx_word' id='word_1_300' title='bbox 3313 1258 3634 1312; x_wconf 87' lang='lat' dir='ltr'><strong>vocabatur</strong></span> 
     </span>
    </p>
   </div>
   <div class='ocr_carea' id='block_1_45' title="bbox 1984 1345 3634 1407">
    <p class='ocr_par' dir='ltr' id='par_1_45' title="bbox 1984 1345 3634 1407">
     <span class='ocr_line' id='line_1_45' title="bbox 1984 1345 3634 1407; baseline -0.003 -6"><span class='ocrx_word' id='word_1_301' title='bbox 1984 1347 2222 1401; x_wconf 91' lang='lat' dir='ltr'><strong>nomine</strong></span> <span class='ocrx_word' id='word_1_302' title='bbox 2255 1348 2431 1402; x_wconf 88' lang='lat' dir='ltr'><strong>ducto</strong></span> <span class='ocrx_word' id='word_1_303' title='bbox 2463 1361 2497 1402; x_wconf 89' lang='lat' dir='ltr'><strong>a</strong></span> <span class='ocrx_word' id='word_1_304' title='bbox 2546 1348 2741 1402; x_wconf 66' lang='lat' dir='ltr'><strong>Greco</strong></span> <span class='ocrx_word' id='word_1_305' title='bbox 2790 1347 2963 1401; x_wconf 94' lang='lat' dir='ltr'><strong>verbo</strong></span> <span class='ocrx_word' id='word_1_306' title='bbox 3008 1346 3267 1407; x_wconf 68' lang='grc' dir='ltr'><strong>πυθέσθαι</strong></span> <span class='ocrx_word' id='word_1_307' title='bbox 3320 1362 3390 1400; x_wconf 80' lang='lat' dir='ltr'><strong>ex</strong></span> <span class='ocrx_word' id='word_1_308' title='bbox 3439 1345 3634 1407; x_wconf 78' lang='grc' dir='ltr'><strong>πυνθά-</strong></span> 
     </span>
    </p>
   </div>
   <div class='ocr_carea' id='block_1_46' title="bbox 1982 1435 3635 1508">
    <p class='ocr_par' dir='ltr' id='par_1_46' title="bbox 1982 1435 3635 1508">
     <span class='ocr_line' id='line_1_46' title="bbox 1982 1435 3635 1508; baseline 0.001 -20"><span class='ocrx_word' id='word_1_309' title='bbox 1982 1447 2185 1502; x_wconf 71' lang='grc' dir='ltr'><strong>νεσθαι,</strong></span> <span class='ocrx_word' id='word_1_310' title='bbox 2220 1438 2375 1508; x_wconf 92' lang='lat' dir='ltr'><strong>quod</strong></span> <span class='ocrx_word' id='word_1_311' title='bbox 2428 1453 2709 1507; x_wconf 91' lang='lat' dir='ltr'><strong>responsa</strong></span> <span class='ocrx_word' id='word_1_312' title='bbox 2769 1436 3016 1501; x_wconf 90' lang='lat' dir='ltr'><strong>cederet,</strong></span> <span class='ocrx_word' id='word_1_313' title='bbox 3050 1435 3306 1493; x_wconf 68' lang='lat' dir='ltr'><strong>Hebraeis</strong></span> <span class='ocrx_word' id='word_1_314' title='bbox 3354 1435 3479 1489; x_wconf 90' lang='lat' dir='ltr'><strong>loco</strong></span> <span class='ocrx_word' id='word_1_315' title='bbox 3512 1435 3635 1503; x_wconf 86' lang='lat' dir='ltr'><strong>illo,</strong></span> 
     </span>
    </p>
   </div>
   <div class='ocr_carea' id='block_1_47' title="bbox 1983 1524 3636 1583">
    <p class='ocr_par' dir='ltr' id='par_1_47' title="bbox 1983 1524 3636 1583">
     <span class='ocr_line' id='line_1_47' title="bbox 1983 1524 3636 1583; baseline -0.001 -4"><span class='ocrx_word' id='word_1_316' title='bbox 1983 1542 2033 1579; x_wconf 92' lang='lat' dir='ltr'><strong>c.</strong></span> <span class='ocrx_word' id='word_1_317' title='bbox 2080 1543 2219 1579; x_wconf 82' lang='lat' dir='ltr'><strong>xvm</strong></span> <span class='ocrx_word' id='word_1_318' title='bbox 2272 1526 2406 1579; x_wconf 91' lang='lat' dir='ltr'><strong>libri</strong></span> <span class='ocrx_word' id='word_1_319' title='bbox 2460 1528 2476 1580; x_wconf 92' lang='grc' dir='ltr'>Ι</span> <span class='ocrx_word' id='word_1_320' title='bbox 2530 1526 2818 1579; x_wconf 80' lang='lat' dir='ltr'><strong>Samuelis</strong></span> <span class='ocrx_word' id='word_1_321' title='bbox 2852 1527 3000 1580; x_wconf 77' lang='lat'><strong>575</strong></span> <span class='ocrx_word' id='word_1_322' title='bbox 3037 1530 3277 1579; x_wconf 87' lang='lat' dir='ltr'><strong>vocatur</strong></span> <span class='ocrx_word' id='word_1_323' title='bbox 3304 1525 3488 1578; x_wconf 84' lang='lat' dir='ltr'><strong>hebres</strong></span> <span class='ocrx_word' id='word_1_324' title='bbox 3521 1524 3636 1583; x_wconf 82' lang='lat' dir='ltr'><strong>0b;</strong></span> 
     </span>
    </p>
   </div>
   <div class='ocr_carea' id='block_1_48' title="bbox 1984 1613 3635 1685">
    <p class='ocr_par' dir='ltr' id='par_1_48' title="bbox 1984 1613 3635 1685">
     <span class='ocr_line' id='line_1_48' title="bbox 1984 1613 3635 1685; baseline -0.002 -17"><span class='ocrx_word' id='word_1_325' title='bbox 1984 1632 2110 1685; x_wconf 70' lang='lat' dir='ltr'><strong>quas</strong></span> <span class='ocrx_word' id='word_1_326' title='bbox 2169 1632 2277 1669; x_wconf 84' lang='lat' dir='ltr'><strong>vox</strong></span> <span class='ocrx_word' id='word_1_327' title='bbox 2322 1615 2454 1668; x_wconf 91' lang='lat' dir='ltr'><strong>libri</strong></span> <span class='ocrx_word' id='word_1_328' title='bbox 2491 1615 2601 1668; x_wconf 87' lang='lat' dir='ltr'><strong>Job</strong></span> <span class='ocrx_word' id='word_1_329' title='bbox 2653 1631 2701 1667; x_wconf 92' lang='lat' dir='ltr'><strong>c.</strong></span> <span class='ocrx_word' id='word_1_330' title='bbox 2747 1630 2900 1667; x_wconf 82' lang='lat' dir='ltr'><strong>xxxu</strong></span> <span class='ocrx_word' id='word_1_331' title='bbox 2951 1614 3041 1681; x_wconf 76' lang='lat'><strong>20,</strong></span> <span class='ocrx_word' id='word_1_332' title='bbox 3096 1619 3284 1667; x_wconf 88' lang='lat' dir='ltr'><strong>utrem</strong></span> <span class='ocrx_word' id='word_1_333' title='bbox 3338 1613 3635 1679; x_wconf 68' lang='lat' dir='ltr'><strong>signiﬁcat</strong></span> 
     </span>
    </p>
   </div>
   <div class='ocr_carea' id='block_1_49' title="bbox 1984 1702 3630 1773">
    <p class='ocr_par' dir='ltr' id='par_1_49' title="bbox 1984 1702 3630 1773">
     <span class='ocr_line' id='line_1_49' title="bbox 1984 1702 3630 1773; baseline -0.001 -17"><span class='ocrx_word' id='word_1_334' title='bbox 1984 1705 2123 1773; x_wconf 74' lang='lat' dir='ltr'><strong>quia</strong></span> <span class='ocrx_word' id='word_1_335' title='bbox 2153 1705 2376 1757; x_wconf 79' lang='lat' dir='ltr'><strong>scilicet</strong></span> <span class='ocrx_word' id='word_1_336' title='bbox 2406 1705 2629 1757; x_wconf 69' lang='lat' dir='ltr'><strong>daemon</strong></span> <span class='ocrx_word' id='word_1_337' title='bbox 2661 1705 2770 1757; x_wconf 89' lang='lat' dir='ltr'><strong>iste</strong></span> <span class='ocrx_word' id='word_1_338' title='bbox 2818 1702 3111 1756; x_wconf 88' lang='lat' dir='ltr'><strong>insidebat</strong></span> <span class='ocrx_word' id='word_1_339' title='bbox 3168 1708 3424 1755; x_wconf 86' lang='lat' dir='ltr'><strong>ventrem</strong></span> <span class='ocrx_word' id='word_1_340' title='bbox 3468 1704 3630 1754; x_wconf 81' lang='lat' dir='ltr'><strong>fana-</strong></span> 
     </span>
    </p>
   </div>
   <div class='ocr_carea' id='block_1_50' title="bbox 1981 1790 3631 1861">
    <p class='ocr_par' dir='ltr' id='par_1_50' title="bbox 1981 1790 3631 1861">
     <span class='ocr_line' id='line_1_50' title="bbox 1981 1790 3631 1861; baseline -0.001 -15"><span class='ocrx_word' id='word_1_341' title='bbox 1981 1793 2229 1846; x_wconf 85' lang='lat' dir='ltr'><strong>ticarum</strong></span> <span class='ocrx_word' id='word_1_342' title='bbox 2263 1792 2532 1856; x_wconf 88' lang='lat' dir='ltr'><strong>istarum,</strong></span> <span class='ocrx_word' id='word_1_343' title='bbox 2566 1808 2635 1845; x_wconf 83' lang='lat' dir='ltr'><strong>ex</strong></span> <span class='ocrx_word' id='word_1_344' title='bbox 2667 1806 2851 1861; x_wconf 90' lang='lat' dir='ltr'><strong>eoque</strong></span> <span class='ocrx_word' id='word_1_345' title='bbox 2883 1792 2940 1845; x_wconf 91' lang='lat' dir='ltr'><strong>in</strong></span> <span class='ocrx_word' id='word_1_346' title='bbox 2975 1792 3215 1844; x_wconf 90' lang='lat' dir='ltr'><strong>modum</strong></span> <span class='ocrx_word' id='word_1_347' title='bbox 3250 1791 3396 1844; x_wconf 90' lang='lat' dir='ltr'><strong>utris</strong></span> <span class='ocrx_word' id='word_1_348' title='bbox 3429 1790 3631 1844; x_wconf 84' lang='lat' dir='ltr'><strong>inflato</strong></span> 
     </span>
    </p>
   </div>
   <div class='ocr_carea' id='block_1_51' title="bbox 1984 1879 3627 1950">
    <p class='ocr_par' dir='ltr' id='par_1_51' title="bbox 1984 1879 3627 1950">
     <span class='ocr_line' id='line_1_51' title="bbox 1984 1879 3627 1950; baseline -0.002 -15"><span class='ocrx_word' id='word_1_349' title='bbox 1984 1898 2152 1936; x_wconf 89' lang='lat' dir='ltr'><strong>voces</strong></span> <span class='ocrx_word' id='word_1_350' title='bbox 2183 1882 2507 1945; x_wconf 86' lang='lat' dir='ltr'><strong>emittebat,</strong></span> <span class='ocrx_word' id='word_1_351' title='bbox 2543 1897 2690 1950; x_wconf 89' lang='lat' dir='ltr'><strong>quas</strong></span> <span class='ocrx_word' id='word_1_352' title='bbox 2722 1879 2881 1934; x_wconf 91' lang='lat' dir='ltr'><strong>stulti</strong></span> <span class='ocrx_word' id='word_1_353' title='bbox 2918 1880 3293 1934; x_wconf 88' lang='lat' dir='ltr'><strong>consulentes</strong></span> <span class='ocrx_word' id='word_1_354' title='bbox 3344 1896 3447 1950; x_wconf 92' lang='lat' dir='ltr'><strong>pro</strong></span> <span class='ocrx_word' id='word_1_355' title='bbox 3497 1896 3627 1933; x_wconf 91' lang='lat' dir='ltr'><strong>ora-</strong></span> 
     </span>
    </p>
   </div>
   <div class='ocr_carea' id='block_1_52' title="bbox 1987 1969 3633 2041">
    <p class='ocr_par' dir='ltr' id='par_1_52' title="bbox 1987 1969 3633 2041">
     <span class='ocr_line' id='line_1_52' title="bbox 1987 1969 3633 2041; baseline -0.001 -16"><span class='ocrx_word' id='word_1_356' title='bbox 1987 1971 2158 2025; x_wconf 91' lang='lat' dir='ltr'><strong>cullis</strong></span> <span class='ocrx_word' id='word_1_357' title='bbox 2189 1970 2503 2025; x_wconf 88' lang='lat' dir='ltr'><strong>habebant.</strong></span> <span class='ocrx_word' id='word_1_358' title='bbox 2538 1970 2683 2024; x_wconf 88' lang='lat' dir='ltr'><strong>Hinc</strong></span> <span class='ocrx_word' id='word_1_359' title='bbox 2715 1986 2840 2041; x_wconf 61' lang='lat' dir='ltr'><strong>quis</strong></span> <span class='ocrx_word' id='word_1_360' title='bbox 2871 1970 3005 2039; x_wconf 91' lang='lat' dir='ltr'><strong>quis</strong></span> <span class='ocrx_word' id='word_1_361' title='bbox 3038 1969 3273 2040; x_wconf 91' lang='lat' dir='ltr'><strong>rpoprio</strong></span> <span class='ocrx_word' id='word_1_362' title='bbox 3303 1986 3480 2023; x_wconf 88' lang='lat' dir='ltr'><strong>sensu</strong></span> <span class='ocrx_word' id='word_1_363' title='bbox 3504 1970 3633 2024; x_wconf 88' lang='lat' dir='ltr'><strong>sine</strong></span> 
     </span>
    </p>
   </div>
   <div class='ocr_carea' id='block_1_53' title="bbox 1990 2054 3639 2132">
    <p class='ocr_par' dir='ltr' id='par_1_53' title="bbox 1990 2054 3639 2132">
     <span class='ocr_line' id='line_1_53' title="bbox 1990 2054 3639 2132; baseline -0.003 -19"><span class='ocrx_word' id='word_1_364' title='bbox 1990 2061 2280 2129; x_wconf 88' lang='lat' dir='ltr'><strong>majorum</strong></span> <span class='ocrx_word' id='word_1_365' title='bbox 2332 2058 2679 2113; x_wconf 84' lang='lat' dir='ltr'><strong>auctoritate</strong></span> <span class='ocrx_word' id='word_1_366' title='bbox 2724 2058 3065 2113; x_wconf 82' lang='lat' dir='ltr'><strong>affirmaret.</strong></span> <span class='ocrx_word' id='word_1_367' title='bbox 3124 2056 3227 2109; x_wconf 82' lang='grc' dir='ltr'><strong>ἀπὸ</strong></span> <span class='ocrx_word' id='word_1_368' title='bbox 3274 2054 3493 2118; x_wconf 79' lang='grc' dir='ltr'>κοιλίας</span> <span class='ocrx_word' id='word_1_369' title='bbox 3524 2078 3639 2132; x_wconf 78' lang='grc' dir='ltr'><strong>φω-</strong></span> 
     </span>
    </p>
   </div>
   <div class='ocr_carea' id='block_1_54' title="bbox 1987 2143 3580 2219">
    <p class='ocr_par' dir='ltr' id='par_1_54' title="bbox 1987 2143 3580 2219">
     <span class='ocr_line' id='line_1_54' title="bbox 1987 2143 3580 2219; baseline -0.001 -18"><span class='ocrx_word' id='word_1_370' title='bbox 1987 2152 2090 2201; x_wconf 84' lang='grc' dir='ltr'>νεῖν</span> <span class='ocrx_word' id='word_1_371' title='bbox 2121 2148 2458 2219; x_wconf 78' lang='lat' dir='ltr'><strong>Pachymeri</strong></span> <span class='ocrx_word' id='word_1_372' title='bbox 2494 2148 2675 2202; x_wconf 88' lang='lat' dir='ltr'><strong>dicitu</strong></span> <span class='ocrx_word' id='word_1_373' title='bbox 2688 2165 2731 2201; x_wconf 89' lang='lat' dir='ltr'><strong>r.</strong></span> <span class='ocrx_word' id='word_1_374' title='bbox 3567 2143 3580 2154; x_wconf 87' lang='grc'><em>’</em></span> 
     </span>
    </p>
   </div>
   <div class='ocr_carea' id='block_1_55' title="bbox 2062 2232 3641 2309">
    <p class='ocr_par' dir='ltr' id='par_1_55' title="bbox 2062 2232 3641 2309">
     <span class='ocr_line' id='line_1_55' title="bbox 2062 2232 3641 2309; baseline 0.001 -20"><span class='ocrx_word' id='word_1_375' title='bbox 2062 2232 2257 2290; x_wconf 82' lang='grc' dir='ltr'>Κοινόν</span> <span class='ocrx_word' id='word_1_376' title='bbox 2310 2254 2363 2308; x_wconf 88' lang='lat' dir='ltr'><strong>p.</strong></span> <span class='ocrx_word' id='word_1_377' title='bbox 2418 2238 2542 2291; x_wconf 73' lang='lat'><strong>280.</strong></span> <span class='ocrx_word' id='word_1_378' title='bbox 2602 2235 2727 2289; x_wconf 82' lang='grc' dir='ltr'>Ὑπὸ</span> <span class='ocrx_word' id='word_1_379' title='bbox 2782 2233 2943 2306; x_wconf 84' lang='grc' dir='ltr'><strong>τὸμῳ</strong></span> <span class='ocrx_word' id='word_1_380' title='bbox 2970 2239 3139 2305; x_wconf 69' lang='grc' dir='ltr'>κοινῷ</span> <span class='ocrx_word' id='word_1_381' title='bbox 3169 2233 3439 2309; x_wconf 64' lang='grc' dir='ltr'><strong>γεγονόιι.</strong></span> <span class='ocrx_word' id='word_1_382' title='bbox 3485 2236 3641 2299; x_wconf 78' lang='lat' dir='ltr'><strong>Cave</strong></span> 
     </span>
    </p>
   </div>
   <div class='ocr_carea' id='block_1_56' title="bbox 1993 2324 3634 2398">
    <p class='ocr_par' dir='ltr' id='par_1_56' title="bbox 1993 2324 3634 2398">
     <span class='ocr_line' id='line_1_56' title="bbox 1993 2324 3634 2398; baseline -0.002 -17"><span class='ocrx_word' id='word_1_383' title='bbox 1993 2332 2161 2398; x_wconf 87' lang='lat' dir='ltr'><strong>putes</strong></span> <span class='ocrx_word' id='word_1_384' title='bbox 2211 2325 2384 2395; x_wconf 84' lang='grc' dir='ltr'>κοινῷ</span> <span class='ocrx_word' id='word_1_385' title='bbox 2431 2327 2774 2395; x_wconf 87' lang='lat' dir='ltr'><strong>ndjunctum</strong></span> <span class='ocrx_word' id='word_1_386' title='bbox 2826 2325 2919 2379; x_wconf 91' lang='lat' dir='ltr'><strong>bic</strong></span> <span class='ocrx_word' id='word_1_387' title='bbox 2958 2342 3088 2380; x_wconf 89' lang='lat' dir='ltr'><strong>esse</strong></span> <span class='ocrx_word' id='word_1_388' title='bbox 3152 2325 3411 2380; x_wconf 89' lang='lat' dir='ltr'><strong>nominis</strong></span> <span class='ocrx_word' id='word_1_389' title='bbox 3456 2324 3634 2395; x_wconf 85' lang='grc' dir='ltr'>τόμῳ.</span> 
     </span>
    </p>
   </div>
   <div class='ocr_carea' id='block_1_57' title="bbox 1993 2414 3632 2481">
    <p class='ocr_par' dir='ltr' id='par_1_57' title="bbox 1993 2414 3632 2481">
     <span class='ocr_line' id='line_1_57' title="bbox 1993 2414 3632 2481; baseline -0.002 -10"><span class='ocrx_word' id='word_1_390' title='bbox 1993 2418 2095 2471; x_wconf 88' lang='lat' dir='ltr'><strong>Est</strong></span> <span class='ocrx_word' id='word_1_391' title='bbox 2133 2416 2288 2470; x_wconf 91' lang='lat' dir='ltr'><strong>enim</strong></span> <span class='ocrx_word' id='word_1_392' title='bbox 2332 2415 2511 2467; x_wconf 72' lang='grc' dir='ltr'>κοινόν</span> <span class='ocrx_word' id='word_1_393' title='bbox 2566 2418 2839 2468; x_wconf 86' lang='lat' dir='ltr'><strong>noutrum</strong></span> <span class='ocrx_word' id='word_1_394' title='bbox 2892 2414 3347 2481; x_wconf 86' lang='lat' dir='ltr'><strong>substantivum,</strong></span> <span class='ocrx_word' id='word_1_395' title='bbox 3420 2420 3632 2468; x_wconf 80' lang='lat' dir='ltr'><strong>cmtum</strong></span> 
     </span>
    </p>
   </div>
   <div class='ocr_carea' id='block_1_58' title="bbox 1995 2503 3640 2575">
    <p class='ocr_par' dir='ltr' id='par_1_58' title="bbox 1995 2503 3640 2575">
     <span class='ocr_line' id='line_1_58' title="bbox 1995 2503 3640 2575; baseline -0.002 -15"><span class='ocrx_word' id='word_1_396' title='bbox 1995 2522 2367 2561; x_wconf 90' lang='lat' dir='ltr'><strong>communem</strong></span> <span class='ocrx_word' id='word_1_397' title='bbox 2403 2510 2459 2559; x_wconf 91' lang='lat' dir='ltr'><strong>et</strong></span> <span class='ocrx_word' id='word_1_398' title='bbox 2476 2520 2686 2574; x_wconf 69' lang='lat' dir='ltr'><strong>corpus</strong></span> <span class='ocrx_word' id='word_1_399' title='bbox 2720 2503 3057 2558; x_wconf 87' lang='lat' dir='ltr'><strong>universum</strong></span> <span class='ocrx_word' id='word_1_400' title='bbox 3099 2503 3640 2575; x_wconf 86' lang='lat' dir='ltr'><strong>Constantinopoli-</strong></span> 
     </span>
    </p>
   </div>
   <div class='ocr_carea' id='block_1_59' title="bbox 1996 2593 3639 2665">
    <p class='ocr_par' dir='ltr' id='par_1_59' title="bbox 1996 2593 3639 2665">
     <span class='ocr_line' id='line_1_59' title="bbox 1996 2593 3639 2665; baseline -0.002 -15"><span class='ocrx_word' id='word_1_401' title='bbox 1996 2596 2116 2650; x_wconf 83' lang='lat' dir='ltr'><strong>tani</strong></span> <span class='ocrx_word' id='word_1_402' title='bbox 2153 2594 2323 2649; x_wconf 92' lang='lat' dir='ltr'><strong>celeri</strong></span> <span class='ocrx_word' id='word_1_403' title='bbox 2357 2594 2416 2648; x_wconf 91' lang='lat' dir='ltr'><strong>in</strong></span> <span class='ocrx_word' id='word_1_404' title='bbox 2451 2610 2631 2648; x_wconf 90' lang='lat' dir='ltr'><strong>unum</strong></span> <span class='ocrx_word' id='word_1_405' title='bbox 2669 2599 3091 2664; x_wconf 86' lang='lat' dir='ltr'><strong>congregatum</strong></span> <span class='ocrx_word' id='word_1_406' title='bbox 3135 2593 3500 2665; x_wconf 83' lang='lat' dir='ltr'><strong>significans,</strong></span> <span class='ocrx_word' id='word_1_407' title='bbox 3535 2609 3639 2648; x_wconf 86' lang='lat' dir='ltr'><strong>no-</strong></span> 
     </span>
    </p>
   </div>
   <div class='ocr_carea' id='block_1_60' title="bbox 1998 2682 3643 2755">
    <p class='ocr_par' dir='ltr' id='par_1_60' title="bbox 1998 2682 3643 2755">
     <span class='ocr_line' id='line_1_60' title="bbox 1998 2682 3643 2755; baseline -0.002 -15"><span class='ocrx_word' id='word_1_408' title='bbox 1998 2686 2156 2740; x_wconf 90' lang='lat' dir='ltr'><strong>tione</strong></span> <span class='ocrx_word' id='word_1_409' title='bbox 2187 2684 2447 2755; x_wconf 85' lang='lat' dir='ltr'><strong>antiquis</strong></span> <span class='ocrx_word' id='word_1_410' title='bbox 2470 2683 2643 2738; x_wconf 88' lang='lat' dir='ltr'><strong>etiam</strong></span> <span class='ocrx_word' id='word_1_411' title='bbox 2679 2683 2917 2737; x_wconf 88' lang='lat' dir='ltr'><strong>usitata.</strong></span> <span class='ocrx_word' id='word_1_412' title='bbox 2949 2683 3097 2747; x_wconf 84' lang='lat' dir='ltr'><strong>Quid</strong></span> <span class='ocrx_word' id='word_1_413' title='bbox 3133 2684 3210 2738; x_wconf 85' lang='lat' dir='ltr'><strong>sit</strong></span> <span class='ocrx_word' id='word_1_414' title='bbox 3259 2688 3451 2737; x_wconf 89' lang='lat' dir='ltr'><strong>autem</strong></span> <span class='ocrx_word' id='word_1_415' title='bbox 3487 2682 3643 2737; x_wconf 91' lang='lat' dir='ltr'><strong>hunc</strong></span> 
     </span>
    </p>
   </div>
   <div class='ocr_carea' id='block_1_61' title="bbox 2000 2770 3642 2843">
    <p class='ocr_par' dir='ltr' id='par_1_61' title="bbox 2000 2770 3642 2843">
     <span class='ocr_line' id='line_1_61' title="bbox 2000 2770 3642 2843; baseline -0.003 -13"><span class='ocrx_word' id='word_1_416' title='bbox 2000 2778 2349 2830; x_wconf 86' lang='lat' dir='ltr'><strong>conventum</strong></span> <span class='ocrx_word' id='word_1_417' title='bbox 2400 2772 2602 2827; x_wconf 89' lang='lat' dir='ltr'><strong>haberi</strong></span> <span class='ocrx_word' id='word_1_418' title='bbox 2646 2770 2802 2843; x_wconf 79' lang='grc' dir='ltr'><strong>τόμῳ</strong></span> <span class='ocrx_word' id='word_1_419' title='bbox 2840 2773 2939 2826; x_wconf 78' lang='lat' dir='ltr'><strong>sub</strong></span> <span class='ocrx_word' id='word_1_420' title='bbox 2988 2777 3156 2843; x_wconf 84' lang='lat' dir='ltr'><strong>tomo,</strong></span> <span class='ocrx_word' id='word_1_421' title='bbox 3206 2773 3435 2827; x_wconf 76' lang='lat' dir='ltr'><strong>dicetur</strong></span> <span class='ocrx_word' id='word_1_422' title='bbox 3466 2772 3642 2826; x_wconf 87' lang='lat' dir='ltr'><strong>verbo</strong></span> 
     </span>
    </p>
   </div>
   <div class='ocr_carea' id='block_1_62' title="bbox 1998 2859 3211 2938">
    <p class='ocr_par' dir='ltr' id='par_1_62' title="bbox 1998 2859 3211 2938">
     <span class='ocr_line' id='line_1_62' title="bbox 1998 2859 3211 2938; baseline -0.002 -20"><span class='ocrx_word' id='word_1_423' title='bbox 1998 2859 2191 2934; x_wconf 79' lang='grc' dir='ltr'>τόμος.</span> <span class='ocrx_word' id='word_1_424' title='bbox 2225 2864 2365 2918; x_wconf 83' lang='lat' dir='ltr'><strong>Vide</strong></span> <span class='ocrx_word' id='word_1_425' title='bbox 2394 2862 2572 2917; x_wconf 87' lang='lat' dir='ltr'><strong>etiam</strong></span> <span class='ocrx_word' id='word_1_426' title='bbox 2602 2864 2844 2917; x_wconf 84' lang='lat' dir='ltr'><strong>verbum</strong></span> <span class='ocrx_word' id='word_1_427' title='bbox 2874 2860 3211 2938; x_wconf 73' lang='grc' dir='ltr'>ὑποψήφιος.</span> 
     </span>
    </p>
   </div>
   <div class='ocr_carea' id='block_1_63' title="bbox 2075 2947 3645 3024">
    <p class='ocr_par' dir='ltr' id='par_1_63' title="bbox 2075 2947 3645 3024">
     <span class='ocr_line' id='line_1_63' title="bbox 2075 2947 3645 3024; baseline -0.001 -19"><span class='ocrx_word' id='word_1_428' title='bbox 2075 2949 2405 3011; x_wconf 83' lang='grc' dir='ltr'>Κοινωνικός</span> <span class='ocrx_word' id='word_1_429' title='bbox 2468 2968 2523 3022; x_wconf 89' lang='lat' dir='ltr'><strong>p.</strong></span> <span class='ocrx_word' id='word_1_430' title='bbox 2580 2952 2687 3005; x_wconf 86' lang='lat'><strong>378</strong></span> <span class='ocrx_word' id='word_1_431' title='bbox 2736 2950 3070 3011; x_wconf 77' lang='grc' dir='ltr'>Κοινωνικὸς</span> <span class='ocrx_word' id='word_1_432' title='bbox 3123 2947 3179 3003; x_wconf 81' lang='grc' dir='ltr'><strong>δὲ</strong></span> <span class='ocrx_word' id='word_1_433' title='bbox 3238 2970 3367 3024; x_wconf 55' lang='lat' dir='ltr'><strong>siam</strong></span> <span class='ocrx_word' id='word_1_434' title='bbox 3412 2953 3480 3023; x_wconf 82' lang='grc' dir='ltr'>τῇ</span> <span class='ocrx_word' id='word_1_435' title='bbox 3521 2950 3645 3005; x_wconf 86' lang='grc' dir='ltr'>Ἐκ-</span> 
     </span>
    </p>
   </div>
   <div class='ocr_carea' id='block_1_64' title="bbox 2000 3039 3647 3111">
    <p class='ocr_par' dir='ltr' id='par_1_64' title="bbox 2000 3039 3647 3111">
     <span class='ocr_line' id='line_1_64' title="bbox 2000 3039 3647 3111; baseline -0.001 -16"><span class='ocrx_word' id='word_1_436' title='bbox 2000 3039 2222 3111; x_wconf 78' lang='grc' dir='ltr'>κλησίᾳ.</span> <span class='ocrx_word' id='word_1_437' title='bbox 2257 3042 2350 3096; x_wconf 92' lang='lat' dir='ltr'><strong>Sic</strong></span> <span class='ocrx_word' id='word_1_438' title='bbox 2382 3040 2628 3110; x_wconf 89' lang='lat' dir='ltr'><strong>loquens</strong></span> <span class='ocrx_word' id='word_1_439' title='bbox 2688 3040 2911 3096; x_wconf 87' lang='lat' dir='ltr'><strong>Veccus</strong></span> <span class='ocrx_word' id='word_1_440' title='bbox 2953 3057 3068 3095; x_wconf 93' lang='lat' dir='ltr'>non</span> <span class='ocrx_word' id='word_1_441' title='bbox 3116 3058 3182 3096; x_wconf 91' lang='lat' dir='ltr'><strong>ea</strong></span> <span class='ocrx_word' id='word_1_442' title='bbox 3231 3041 3647 3099; x_wconf 83' lang='lat' dir='ltr'><strong>communione</strong></span> 
     </span>
    </p>
   </div>
   <div class='ocr_carea' id='block_1_65' title="bbox 2003 3128 3645 3201">
    <p class='ocr_par' dir='ltr' id='par_1_65' title="bbox 2003 3128 3645 3201">
     <span class='ocr_line' id='line_1_65' title="bbox 2003 3128 3645 3201; baseline -0.004 -14"><span class='ocrx_word' id='word_1_443' title='bbox 2003 3148 2066 3187; x_wconf 87' lang='lat' dir='ltr'><strong>se</strong></span> <span class='ocrx_word' id='word_1_444' title='bbox 2098 3132 2476 3201; x_wconf 89' lang='lat' dir='ltr'><strong>conjunctum</strong></span> <span class='ocrx_word' id='word_1_445' title='bbox 2509 3128 2777 3184; x_wconf 66' lang='lat' dir='ltr'><strong>Ecclesia:</strong></span> <span class='ocrx_word' id='word_1_446' title='bbox 2817 3130 2978 3199; x_wconf 90' lang='lat' dir='ltr'><strong>dicit,</strong></span> <span class='ocrx_word' id='word_1_447' title='bbox 3030 3148 3143 3201; x_wconf 91' lang='lat' dir='ltr'><strong>qua</strong></span> <span class='ocrx_word' id='word_1_448' title='bbox 3192 3130 3438 3200; x_wconf 87' lang='lat' dir='ltr'><strong>quilibet</strong></span> <span class='ocrx_word' id='word_1_449' title='bbox 3484 3128 3645 3183; x_wconf 83' lang='lat' dir='ltr'><strong>Chri-</strong></span> 
     </span>
    </p>
   </div>
   <div class='ocr_carea' id='block_1_66' title="bbox 229 3198 3646 3300">
    <p class='ocr_par' dir='ltr' id='par_1_66' title="bbox 229 3198 3646 3300">
     <span class='ocr_line' id='line_1_66' title="bbox 229 3198 3646 3300; baseline -0.002 -21"><span class='ocrx_word' id='word_1_450' title='bbox 229 3198 499 3300; x_wconf 36' lang='grc' dir='ltr'><strong>’ξεινΗὶηο</strong></span> <span class='ocrx_word' id='word_1_451' title='bbox 548 3198 850 3278; x_wconf 33' lang='lat' dir='ltr'><strong>habemus.</strong></span> <span class='ocrx_word' id='word_1_452' title='bbox 878 3198 1037 3293; x_wconf 62' lang='grc' dir='ltr'><strong>ἑφθὸν</strong></span> <span class='ocrx_word' id='word_1_453' title='bbox 1078 3198 1250 3274; x_wconf 54' lang='grc' dir='ltr'>οἶτον</span> <span class='ocrx_word' id='word_1_454' title='bbox 1285 3221 1486 3293; x_wconf 89' lang='lat' dir='ltr'><strong>lingua</strong></span> <span class='ocrx_word' id='word_1_455' title='bbox 1533 3198 1728 3277; x_wconf 66' lang='lat' dir='ltr'><strong>Graeca</strong></span> <span class='ocrx_word' id='word_1_456' title='bbox 1768 3221 1889 3275; x_wconf 89' lang='lat' dir='ltr'><strong>vul-</strong></span> <span class='ocrx_word' id='word_1_457' title='bbox 1919 3198 1967 3264; x_wconf 68' lang='grc' dir='ltr'><strong>δ</strong></span> <span class='ocrx_word' id='word_1_458' title='bbox 2005 3198 2256 3285; x_wconf 76' lang='lat' dir='ltr'><strong>stianlis,</strong></span> <span class='ocrx_word' id='word_1_459' title='bbox 2282 3218 2457 3274; x_wconf 90' lang='lat' dir='ltr'><strong>etiam</strong></span> <span class='ocrx_word' id='word_1_460' title='bbox 2488 3218 2697 3283; x_wconf 87' lang='lat' dir='ltr'><strong>laicus,</strong></span> <span class='ocrx_word' id='word_1_461' title='bbox 2725 3221 2775 3273; x_wconf 90' lang='lat' dir='ltr'><strong>ei</strong></span> <span class='ocrx_word' id='word_1_462' title='bbox 2827 3198 3106 3288; x_wconf 66' lang='lat' dir='ltr'><strong>adhaeret,</strong></span> <span class='ocrx_word' id='word_1_463' title='bbox 3155 3198 3254 3274; x_wconf 76' lang='lat' dir='ltr'><strong>sed</strong></span> <span class='ocrx_word' id='word_1_464' title='bbox 3313 3219 3427 3274; x_wconf 91' lang='lat' dir='ltr'><strong>alia</strong></span> <span class='ocrx_word' id='word_1_465' title='bbox 3472 3235 3646 3290; x_wconf 88' lang='lat' dir='ltr'><strong>pecu-</strong></span> 
     </span>
    </p>
   </div>
   <div class='ocr_carea' id='block_1_67' title="bbox 198 3305 1886 3388">
    <p class='ocr_par' dir='ltr' id='par_1_67' title="bbox 198 3305 1886 3388">
     <span class='ocr_line' id='line_1_67' title="bbox 198 3305 1886 3388; baseline -0.002 -18"><span class='ocrx_word' id='word_1_466' title='bbox 198 3316 362 3388; x_wconf 79' lang='lat' dir='ltr'><strong>‘gari</strong></span> <span class='ocrx_word' id='word_1_467' title='bbox 414 3305 673 3384; x_wconf 76' lang='grc' dir='ltr'><strong>κόλυμϐα</strong></span> <span class='ocrx_word' id='word_1_468' title='bbox 725 3312 973 3367; x_wconf 86' lang='lat' dir='ltr'><strong>dictum.</strong></span> <span class='ocrx_word' id='word_1_469' title='bbox 1022 3311 1134 3365; x_wconf 90' lang='lat' dir='ltr'><strong>Sed</strong></span> <span class='ocrx_word' id='word_1_470' title='bbox 1188 3310 1392 3365; x_wconf 89' lang='lat' dir='ltr'><strong>multis</strong></span> <span class='ocrx_word' id='word_1_471' title='bbox 1469 3311 1886 3382; x_wconf 83' lang='lat' dir='ltr'><strong>experimentis</strong></span> 
     </span>
    </p>
   </div>
   <div class='ocr_carea' id='block_1_68' title="bbox 231 3400 1887 3476">
    <p class='ocr_par' dir='ltr' id='par_1_68' title="bbox 231 3400 1887 3476">
     <span class='ocr_line' id='line_1_68' title="bbox 231 3400 1887 3476; baseline -0.003 -16"><span class='ocrx_word' id='word_1_472' title='bbox 231 3409 539 3476; x_wconf 91' lang='lat' dir='ltr'><strong>comperta</strong></span> <span class='ocrx_word' id='word_1_473' title='bbox 571 3401 714 3456; x_wconf 90' lang='lat' dir='ltr'><strong>mihi</strong></span> <span class='ocrx_word' id='word_1_474' title='bbox 738 3401 918 3471; x_wconf 86' lang='lat' dir='ltr'><strong>hujus</strong></span> <span class='ocrx_word' id='word_1_475' title='bbox 951 3400 1352 3471; x_wconf 69' lang='lat' dir='ltr'><strong>paraphrastze</strong></span> <span class='ocrx_word' id='word_1_476' title='bbox 1375 3400 1887 3471; x_wconf 84' lang='lat' dir='ltr'><strong>indiligentia,non</strong></span> 
     </span>
    </p>
   </div>
   <div class='ocr_carea' id='block_1_69' title="bbox 238 3488 1887 3561">
    <p class='ocr_par' dir='ltr' id='par_1_69' title="bbox 238 3488 1887 3561">
     <span class='ocr_line' id='line_1_69' title="bbox 238 3488 1887 3561; baseline -0.004 -13"><span class='ocrx_word' id='word_1_477' title='bbox 238 3493 391 3549; x_wconf 85' lang='lat' dir='ltr'><strong>satis</strong></span> <span class='ocrx_word' id='word_1_478' title='bbox 432 3491 517 3547; x_wconf 88' lang='lat' dir='ltr'><strong>illi</strong></span> <span class='ocrx_word' id='word_1_479' title='bbox 575 3491 755 3546; x_wconf 85' lang='lat' dir='ltr'><strong>ﬁdere</strong></span> <span class='ocrx_word' id='word_1_480' title='bbox 804 3506 1069 3561; x_wconf 90' lang='lat' dir='ltr'><strong>possum,</strong></span> <span class='ocrx_word' id='word_1_481' title='bbox 1104 3494 1170 3543; x_wconf 87' lang='lat' dir='ltr'><strong>ut</strong></span> <span class='ocrx_word' id='word_1_482' title='bbox 1192 3488 1450 3545; x_wconf 91' lang='lat' dir='ltr'><strong>auctoris</strong></span> <span class='ocrx_word' id='word_1_483' title='bbox 1482 3489 1672 3561; x_wconf 91' lang='lat' dir='ltr'><strong>ipsius</strong></span> <span class='ocrx_word' id='word_1_484' title='bbox 1703 3489 1887 3544; x_wconf 88' lang='lat' dir='ltr'><strong>nostri</strong></span> 
     </span>
    </p>
   </div>
   <div class='ocr_carea' id='block_1_70' title="bbox 238 3578 1889 3652">
    <p class='ocr_par' dir='ltr' id='par_1_70' title="bbox 238 3578 1889 3652">
     <span class='ocr_line' id='line_1_70' title="bbox 238 3578 1889 3652; baseline -0.004 -13"><span class='ocrx_word' id='word_1_485' title='bbox 238 3583 477 3639; x_wconf 88' lang='lat' dir='ltr'><strong>duobus</strong></span> <span class='ocrx_word' id='word_1_486' title='bbox 526 3579 959 3652; x_wconf 84' lang='lat' dir='ltr'><strong>exemplaribus</strong></span> <span class='ocrx_word' id='word_1_487' title='bbox 1008 3578 1243 3651; x_wconf 88' lang='lat' dir='ltr'><strong>optimis</strong></span> <span class='ocrx_word' id='word_1_488' title='bbox 1293 3580 1332 3633; x_wconf 87' lang='grc' dir='ltr'><strong>Β</strong></span> <span class='ocrx_word' id='word_1_489' title='bbox 1386 3584 1442 3633; x_wconf 93' lang='lat' dir='ltr'><strong>et</strong></span> <span class='ocrx_word' id='word_1_490' title='bbox 1485 3582 1531 3634; x_wconf 88' lang='lat' dir='ltr'><strong>A</strong></span> <span class='ocrx_word' id='word_1_491' title='bbox 1586 3579 1889 3649; x_wconf 90' lang='lat' dir='ltr'><strong>probatam</strong></span> 
     </span>
    </p>
   </div>
   <div class='ocr_carea' id='block_1_71' title="bbox 241 3660 1889 3732">
    <p class='ocr_par' dir='ltr' id='par_1_71' title="bbox 241 3660 1889 3732">
     <span class='ocr_line' id='line_1_71' title="bbox 241 3660 1889 3732; baseline -0.003 -12"><span class='ocrx_word' id='word_1_492' title='bbox 241 3665 559 3721; x_wconf 77' lang='lat' dir='ltr'><strong>lectionem</strong></span> <span class='ocrx_word' id='word_1_493' title='bbox 592 3663 772 3732; x_wconf 88' lang='lat' dir='ltr'><strong>hujus</strong></span> <span class='ocrx_word' id='word_1_494' title='bbox 804 3660 1201 3716; x_wconf 90' lang='lat' dir='ltr'><strong>vocabulinon</strong></span> <span class='ocrx_word' id='word_1_495' title='bbox 1223 3661 1536 3731; x_wconf 89' lang='lat' dir='ltr'><strong>proferam,</strong></span> <span class='ocrx_word' id='word_1_496' title='bbox 1566 3661 1889 3732; x_wconf 70' lang='lat' dir='ltr'><strong>praesertim</strong></span> 
     </span>
    </p>
   </div>
   <div class='ocr_carea' id='block_1_72' title="bbox 250 3747 1895 3824">
    <p class='ocr_par' dir='ltr' id='par_1_72' title="bbox 250 3747 1895 3824">
     <span class='ocr_line' id='line_1_72' title="bbox 250 3747 1895 3824; baseline -0.006 -14"><span class='ocrx_word' id='word_1_497' title='bbox 250 3770 389 3810; x_wconf 85' lang='lat' dir='ltr'><strong>cum</strong></span> <span class='ocrx_word' id='word_1_498' title='bbox 415 3753 466 3809; x_wconf 89' lang='lat' dir='ltr'><strong>ei</strong></span> <span class='ocrx_word' id='word_1_499' title='bbox 504 3752 695 3824; x_wconf 83' lang='lat' dir='ltr'><strong>palam</strong></span> <span class='ocrx_word' id='word_1_500' title='bbox 722 3752 1077 3822; x_wconf 69' lang='lat' dir='ltr'><strong>suffragetur</strong></span> <span class='ocrx_word' id='word_1_501' title='bbox 1097 3750 1323 3804; x_wconf 79' lang='lat' dir='ltr'><strong>Suidas.</strong></span> <span class='ocrx_word' id='word_1_502' title='bbox 1358 3751 1503 3821; x_wconf 81' lang='lat' dir='ltr'><strong>Lego</strong></span> <span class='ocrx_word' id='word_1_503' title='bbox 1534 3747 1895 3821; x_wconf 67' lang='lat' dir='ltr'><strong>igiturxoM-</strong></span> 
     </span>
    </p>
   </div>
   <div class='ocr_carea' id='block_1_73' title="bbox 247 3833 1896 3911">
    <p class='ocr_par' dir='ltr' id='par_1_73' title="bbox 247 3833 1896 3911">
     <span class='ocr_line' id='line_1_73' title="bbox 247 3833 1896 3911; baseline -0.002 -14"><span class='ocrx_word' id='word_1_504' title='bbox 247 3838 389 3911; x_wconf 80' lang='grc' dir='ltr'>ϐων,</span> <span class='ocrx_word' id='word_1_505' title='bbox 423 3860 539 3897; x_wconf 94' lang='lat' dir='ltr'><strong>non</strong></span> <span class='ocrx_word' id='word_1_506' title='bbox 572 3833 893 3911; x_wconf 78' lang='grc' dir='ltr'>κολύμϐων,</span> <span class='ocrx_word' id='word_1_507' title='bbox 940 3844 998 3895; x_wconf 90' lang='lat' dir='ltr'><strong>et</strong></span> <span class='ocrx_word' id='word_1_508' title='bbox 1042 3856 1178 3895; x_wconf 83' lang='lat' dir='ltr'><strong>voce</strong></span> <span class='ocrx_word' id='word_1_509' title='bbox 1208 3833 1421 3891; x_wconf 71' lang='grc' dir='ltr'>κόλυδα</span> <span class='ocrx_word' id='word_1_510' title='bbox 1468 3840 1751 3911; x_wconf 82' lang='lat' dir='ltr'><strong>intelligo,</strong></span> <span class='ocrx_word' id='word_1_511' title='bbox 1812 3840 1896 3893; x_wconf 89' lang='lat' dir='ltr'><strong>sic</strong></span> 
     </span>
    </p>
   </div>
   <div class='ocr_carea' id='block_1_74' title="bbox 255 3926 1894 4002">
    <p class='ocr_par' dir='ltr' id='par_1_74' title="bbox 255 3926 1894 4002">
     <span class='ocr_line' id='line_1_74' title="bbox 255 3926 1894 4002; baseline -0.005 -13"><span class='ocrx_word' id='word_1_512' title='bbox 255 3935 506 3989; x_wconf 89' lang='lat' dir='ltr'><strong>docente</strong></span> <span class='ocrx_word' id='word_1_513' title='bbox 536 3931 736 3987; x_wconf 88' lang='lat' dir='ltr'><strong>Suida.</strong></span> <span class='ocrx_word' id='word_1_514' title='bbox 800 3933 946 3982; x_wconf 82' lang='grc' dir='ltr'>σῖτον</span> <span class='ocrx_word' id='word_1_515' title='bbox 994 3926 1217 4001; x_wconf 69' lang='grc' dir='ltr'><strong>ἑψητόν,</strong></span> <span class='ocrx_word' id='word_1_516' title='bbox 1266 3930 1611 4002; x_wconf 83' lang='lat' dir='ltr'><strong>frumentum</strong></span> <span class='ocrx_word' id='word_1_517' title='bbox 1666 3932 1894 3984; x_wconf 82' lang='lat' dir='ltr'><strong>coctum.</strong></span> 
     </span>
    </p>
   </div>
   <div class='ocr_carea' id='block_1_75' title="bbox 250 4016 1899 4095">
    <p class='ocr_par' dir='ltr' id='par_1_75' title="bbox 250 4016 1899 4095">
     <span class='ocr_line' id='line_1_75' title="bbox 250 4016 1899 4095; baseline -0.004 -16"><span class='ocrx_word' id='word_1_518' title='bbox 250 4024 646 4095; x_wconf 77' lang='lat' dir='ltr'><strong>Pacbymeres</strong></span> <span class='ocrx_word' id='word_1_519' title='bbox 682 4021 741 4075; x_wconf 90' lang='lat' dir='ltr'><strong>in</strong></span> <span class='ocrx_word' id='word_1_520' title='bbox 801 4021 909 4075; x_wconf 93' lang='lat' dir='ltr'><strong>boc</strong></span> <span class='ocrx_word' id='word_1_521' title='bbox 932 4036 981 4075; x_wconf 93' lang='lat' dir='ltr'><strong>c.</strong></span> <span class='ocrx_word' id='word_1_522' title='bbox 1040 4023 1186 4072; x_wconf 80' lang='grc' dir='ltr'>σῖτον</span> <span class='ocrx_word' id='word_1_523' title='bbox 1221 4016 1377 4094; x_wconf 75' lang='grc' dir='ltr'>ἑφθόν</span> <span class='ocrx_word' id='word_1_524' title='bbox 1413 4023 1594 4085; x_wconf 88' lang='lat' dir='ltr'><strong>vocat,</strong></span> <span class='ocrx_word' id='word_1_525' title='bbox 1628 4018 1805 4090; x_wconf 84' lang='lat' dir='ltr'><strong>idem,</strong></span> <span class='ocrx_word' id='word_1_526' title='bbox 1841 4019 1899 4072; x_wconf 91' lang='lat' dir='ltr'><strong>ni</strong></span> 
     </span>
    </p>
   </div>
   <div class='ocr_carea' id='block_1_76' title="bbox 256 4108 1903 4182">
    <p class='ocr_par' dir='ltr' id='par_1_76' title="bbox 256 4108 1903 4182">
     <span class='ocr_line' id='line_1_76' title="bbox 256 4108 1903 4182; baseline -0.002 -15"><span class='ocrx_word' id='word_1_527' title='bbox 256 4112 451 4180; x_wconf 90' lang='lat' dir='ltr'><strong>fallor,</strong></span> <span class='ocrx_word' id='word_1_528' title='bbox 488 4112 639 4182; x_wconf 91' lang='lat' dir='ltr'><strong>quod</strong></span> <span class='ocrx_word' id='word_1_529' title='bbox 672 4110 899 4180; x_wconf 85' lang='lat' dir='ltr'><strong>antiqui</strong></span> <span class='ocrx_word' id='word_1_530' title='bbox 935 4108 1147 4164; x_wconf 89' lang='lat' dir='ltr'><strong>molam</strong></span> <span class='ocrx_word' id='word_1_531' title='bbox 1172 4109 1479 4177; x_wconf 90' lang='lat' dir='ltr'><strong>vocabant,</strong></span> <span class='ocrx_word' id='word_1_532' title='bbox 1504 4108 1674 4163; x_wconf 79' lang='lat' dir='ltr'><strong>farris</strong></span> <span class='ocrx_word' id='word_1_533' title='bbox 1694 4124 1903 4179; x_wconf 87' lang='lat' dir='ltr'><strong>nempe</strong></span> 
     </span>
    </p>
   </div>
   <div class='ocr_carea' id='block_1_77' title="bbox 255 4196 1907 4270">
    <p class='ocr_par' dir='ltr' id='par_1_77' title="bbox 255 4196 1907 4270">
     <span class='ocr_line' id='line_1_77' title="bbox 255 4196 1907 4270; baseline -0.004 -13"><span class='ocrx_word' id='word_1_534' title='bbox 255 4201 448 4257; x_wconf 86' lang='lat' dir='ltr'><strong>moliti</strong></span> <span class='ocrx_word' id='word_1_535' title='bbox 485 4200 733 4255; x_wconf 87' lang='lat' dir='ltr'><strong>farinam</strong></span> <span class='ocrx_word' id='word_1_536' title='bbox 757 4199 1015 4270; x_wconf 88' lang='lat' dir='ltr'><strong>inspergi</strong></span> <span class='ocrx_word' id='word_1_537' title='bbox 1047 4198 1258 4254; x_wconf 87' lang='lat' dir='ltr'><strong>hostiis</strong></span> <span class='ocrx_word' id='word_1_538' title='bbox 1298 4196 1554 4253; x_wconf 89' lang='lat' dir='ltr'><strong>solitam.</strong></span> <span class='ocrx_word' id='word_1_539' title='bbox 1602 4198 1907 4269; x_wconf 80' lang='lat' dir='ltr'><strong>Signiﬁcat</strong></span> 
     </span>
    </p>
   </div>
   <div class='ocr_carea' id='block_1_78' title="bbox 254 4286 1909 4363">
    <p class='ocr_par' dir='ltr' id='par_1_78' title="bbox 254 4286 1909 4363">
     <span class='ocr_line' id='line_1_78' title="bbox 254 4286 1909 4363; baseline -0.004 -15"><span class='ocrx_word' id='word_1_540' title='bbox 254 4308 399 4363; x_wconf 90' lang='lat' dir='ltr'><strong>ergo</strong></span> <span class='ocrx_word' id='word_1_541' title='bbox 431 4289 712 4345; x_wconf 91' lang='lat' dir='ltr'><strong>biclocus</strong></span> <span class='ocrx_word' id='word_1_542' title='bbox 740 4288 985 4343; x_wconf 89' lang='lat' dir='ltr'><strong>solitum</strong></span> <span class='ocrx_word' id='word_1_543' title='bbox 1017 4292 1157 4342; x_wconf 90' lang='lat' dir='ltr'><strong>tunc</strong></span> <span class='ocrx_word' id='word_1_544' title='bbox 1189 4286 1690 4357; x_wconf 84' lang='lat' dir='ltr'><strong>Constantinopoli</strong></span> <span class='ocrx_word' id='word_1_545' title='bbox 1727 4287 1909 4342; x_wconf 86' lang='lat' dir='ltr'><strong>fuisse</strong></span> 
     </span>
    </p>
   </div>
   <div class='ocr_carea' id='block_1_79' title="bbox 252 4377 1909 4453">
    <p class='ocr_par' dir='ltr' id='par_1_79' title="bbox 252 4377 1909 4453">
     <span class='ocr_line' id='line_1_79' title="bbox 252 4377 1909 4453; baseline -0.002 -15"><span class='ocrx_word' id='word_1_546' title='bbox 252 4383 319 4438; x_wconf 92' lang='lat' dir='ltr'><strong>in</strong></span> <span class='ocrx_word' id='word_1_547' title='bbox 346 4383 496 4437; x_wconf 85' lang='lat' dir='ltr'><strong>festo</strong></span> <span class='ocrx_word' id='word_1_548' title='bbox 529 4382 897 4453; x_wconf 80' lang='lat' dir='ltr'><strong>Hypapantes</strong></span> <span class='ocrx_word' id='word_1_549' title='bbox 926 4379 1117 4434; x_wconf 80' lang='lat' dir='ltr'><strong>offerri</strong></span> <span class='ocrx_word' id='word_1_550' title='bbox 1170 4377 1509 4449; x_wconf 64' lang='lat' dir='ltr'><strong>patriarchas</strong></span> <span class='ocrx_word' id='word_1_551' title='bbox 1555 4379 1739 4433; x_wconf 88' lang='lat' dir='ltr'><strong>sacris</strong></span> <span class='ocrx_word' id='word_1_552' title='bbox 1769 4395 1909 4450; x_wconf 87' lang='lat' dir='ltr'><strong>ope-</strong></span> 
     </span>
    </p>
   </div>
   <div class='ocr_carea' id='block_1_80' title="bbox 258 4467 1910 4541">
    <p class='ocr_par' dir='ltr' id='par_1_80' title="bbox 258 4467 1910 4541">
     <span class='ocr_line' id='line_1_80' title="bbox 258 4467 1910 4541; baseline -0.004 -14"><span class='ocrx_word' id='word_1_553' title='bbox 258 4470 419 4527; x_wconf 87' lang='lat' dir='ltr'><strong>ranti</strong></span> <span class='ocrx_word' id='word_1_554' title='bbox 452 4469 685 4541; x_wconf 84' lang='lat' dir='ltr'><strong>patinas</strong></span> <span class='ocrx_word' id='word_1_555' title='bbox 712 4468 914 4541; x_wconf 89' lang='lat' dir='ltr'><strong>plenas</strong></span> <span class='ocrx_word' id='word_1_556' title='bbox 957 4467 1070 4523; x_wconf 86' lang='lat' dir='ltr'><strong>isto</strong></span> <span class='ocrx_word' id='word_1_557' title='bbox 1112 4469 1264 4523; x_wconf 89' lang='lat' dir='ltr'><strong>farre</strong></span> <span class='ocrx_word' id='word_1_558' title='bbox 1296 4471 1465 4535; x_wconf 87' lang='lat' dir='ltr'><strong>tosto,</strong></span> <span class='ocrx_word' id='word_1_559' title='bbox 1522 4467 1739 4540; x_wconf 91' lang='lat' dir='ltr'><strong>quibus</strong></span> <span class='ocrx_word' id='word_1_560' title='bbox 1775 4484 1910 4522; x_wconf 91' lang='lat' dir='ltr'><strong>cum</strong></span> 
     </span>
    </p>
   </div>
   <div class='ocr_carea' id='block_1_81' title="bbox 2000 3308 3644 3379">
    <p class='ocr_par' dir='ltr' id='par_1_81' title="bbox 2000 3308 3644 3379">
     <span class='ocr_line' id='line_1_81' title="bbox 2000 3308 3644 3379; baseline -0.001 -16"><span class='ocrx_word' id='word_1_561' title='bbox 2000 3309 2151 3377; x_wconf 89' lang='lat' dir='ltr'><strong>liari,</strong></span> <span class='ocrx_word' id='word_1_562' title='bbox 2176 3308 2569 3379; x_wconf 83' lang='lat' dir='ltr'><strong>ascriptorum</strong></span> <span class='ocrx_word' id='word_1_563' title='bbox 2603 3308 2756 3363; x_wconf 90' lang='lat' dir='ltr'><strong>clero</strong></span> <span class='ocrx_word' id='word_1_564' title='bbox 2782 3308 3039 3379; x_wconf 89' lang='lat' dir='ltr'><strong>propria,</strong></span> <span class='ocrx_word' id='word_1_565' title='bbox 3072 3312 3127 3362; x_wconf 90' lang='lat' dir='ltr'><strong>et</strong></span> <span class='ocrx_word' id='word_1_566' title='bbox 3146 3309 3529 3379; x_wconf 90' lang='lat' dir='ltr'><strong>proventibus</strong></span> <span class='ocrx_word' id='word_1_567' title='bbox 3553 3324 3644 3361; x_wconf 87' lang='lat' dir='ltr'><strong>ec-</strong></span> 
     </span>
    </p>
   </div>
   <div class='ocr_carea' id='block_1_82' title="bbox 2000 3398 3645 3469">
    <p class='ocr_par' dir='ltr' id='par_1_82' title="bbox 2000 3398 3645 3469">
     <span class='ocr_line' id='line_1_82' title="bbox 2000 3398 3645 3469; baseline -0.002 -15"><span class='ocrx_word' id='word_1_568' title='bbox 2000 3399 2351 3454; x_wconf 90' lang='lat' dir='ltr'><strong>clesiasticis</strong></span> <span class='ocrx_word' id='word_1_569' title='bbox 2384 3415 2448 3452; x_wconf 94' lang='lat' dir='ltr'><strong>eo</strong></span> <span class='ocrx_word' id='word_1_570' title='bbox 2476 3399 2713 3453; x_wconf 90' lang='lat' dir='ltr'><strong>nomine</strong></span> <span class='ocrx_word' id='word_1_571' title='bbox 2742 3399 3244 3469; x_wconf 87' lang='lat' dir='ltr'><strong>participantium.</strong></span> <span class='ocrx_word' id='word_1_572' title='bbox 3293 3401 3415 3463; x_wconf 91' lang='lat' dir='ltr'><strong>Quo</strong></span> <span class='ocrx_word' id='word_1_573' title='bbox 3469 3398 3645 3468; x_wconf 88' lang='lat' dir='ltr'><strong>perti-</strong></span> 
     </span>
    </p>
   </div>
   <div class='ocr_carea' id='block_1_83' title="bbox 2001 3486 3639 3557">
    <p class='ocr_par' dir='ltr' id='par_1_83' title="bbox 2001 3486 3639 3557">
     <span class='ocr_line' id='line_1_83' title="bbox 2001 3486 3639 3557; baseline -0.002 -14"><span class='ocrx_word' id='word_1_574' title='bbox 2001 3492 2141 3543; x_wconf 89' lang='lat' dir='ltr'><strong>nent</strong></span> <span class='ocrx_word' id='word_1_575' title='bbox 2171 3487 2477 3557; x_wconf 88' lang='lat' dir='ltr'><strong>superiora</strong></span> <span class='ocrx_word' id='word_1_576' title='bbox 2504 3486 2595 3541; x_wconf 91' lang='lat' dir='ltr'><strong>his</strong></span> <span class='ocrx_word' id='word_1_577' title='bbox 2629 3486 2906 3557; x_wconf 77' lang='lat' dir='ltr'><strong>contigua</strong></span> <span class='ocrx_word' id='word_1_578' title='bbox 2945 3486 3389 3557; x_wconf 85' lang='lat' dir='ltr'><strong>ejusdemVecci</strong></span> <span class='ocrx_word' id='word_1_579' title='bbox 3425 3488 3639 3540; x_wconf 84' lang='lat' dir='ltr'><strong>verba:</strong></span> 
     </span>
    </p>
   </div>
   <div class='ocr_carea' id='block_1_84' title="bbox 2002 3572 3646 3652">
    <p class='ocr_par' dir='ltr' id='par_1_84' title="bbox 2002 3572 3646 3652">
     <span class='ocr_line' id='line_1_84' title="bbox 2002 3572 3646 3652; baseline -0.003 -20"><span class='ocrx_word' id='word_1_580' title='bbox 2002 3575 2170 3639; x_wconf 79' lang='grc' dir='ltr'>Αὐτὸς</span> <span class='ocrx_word' id='word_1_581' title='bbox 2216 3576 2319 3650; x_wconf 73' lang='grc' dir='ltr'><strong>γὰρ</strong></span> <span class='ocrx_word' id='word_1_582' title='bbox 2351 3572 2573 3645; x_wconf 72' lang='grc' dir='ltr'>ἕτοιμος</span> <span class='ocrx_word' id='word_1_583' title='bbox 2606 3576 2739 3629; x_wconf 70' lang='grc' dir='ltr'>εἶναι</span> <span class='ocrx_word' id='word_1_584' title='bbox 2793 3576 2881 3628; x_wconf 83' lang='grc' dir='ltr'><strong>καὶ</strong></span> <span class='ocrx_word' id='word_1_585' title='bbox 2915 3576 3166 3652; x_wconf 71' lang='grc' dir='ltr'>ὀφφίκιον</span> <span class='ocrx_word' id='word_1_586' title='bbox 3215 3576 3506 3638; x_wconf 65' lang='grc' dir='ltr'>ἀποθέσθαι</span> <span class='ocrx_word' id='word_1_587' title='bbox 3556 3573 3646 3627; x_wconf 83' lang='grc' dir='ltr'><strong>καὶ</strong></span> 
     </span>
    </p>
   </div>
   <div class='ocr_carea' id='block_1_85' title="bbox 2000 3662 3651 3739">
    <p class='ocr_par' dir='ltr' id='par_1_85' title="bbox 2000 3662 3651 3739">
     <span class='ocr_line' id='line_1_85' title="bbox 2000 3662 3651 3739; baseline -0.001 -20"><span class='ocrx_word' id='word_1_588' title='bbox 2000 3672 2171 3719; x_wconf 77' lang='grc' dir='ltr'>πᾶσαν</span> <span class='ocrx_word' id='word_1_589' title='bbox 2223 3664 2433 3739; x_wconf 67' lang='grc' dir='ltr'>ἀφεῖναι</span> <span class='ocrx_word' id='word_1_590' title='bbox 2483 3666 2581 3731; x_wconf 74' lang='grc' dir='ltr'><strong>τήν</strong></span> <span class='ocrx_word' id='word_1_591' title='bbox 2632 3664 2769 3739; x_wconf 82' lang='grc' dir='ltr'><strong>πρὸς</strong></span> <span class='ocrx_word' id='word_1_592' title='bbox 2819 3663 2978 3718; x_wconf 83' lang='grc' dir='ltr'>αὐτὸν</span> <span class='ocrx_word' id='word_1_593' title='bbox 3053 3662 3341 3739; x_wconf 67' lang='grc' dir='ltr'>πρόσοδον.</span> <span class='ocrx_word' id='word_1_594' title='bbox 3404 3665 3651 3720; x_wconf 79' lang='lat' dir='ltr'><strong>Videtur</strong></span> 
     </span>
    </p>
   </div>
   <div class='ocr_carea' id='block_1_86' title="bbox 2002 3754 3645 3827">
    <p class='ocr_par' dir='ltr' id='par_1_86' title="bbox 2002 3754 3645 3827">
     <span class='ocr_line' id='line_1_86' title="bbox 2002 3754 3645 3827; baseline -0.001 -17"><span class='ocrx_word' id='word_1_595' title='bbox 2002 3757 2223 3827; x_wconf 88' lang='lat' dir='ltr'><strong>aliquid</strong></span> <span class='ocrx_word' id='word_1_596' title='bbox 2259 3756 2430 3809; x_wconf 90' lang='lat' dir='ltr'><strong>hodie</strong></span> <span class='ocrx_word' id='word_1_597' title='bbox 2462 3754 2655 3810; x_wconf 90' lang='lat' dir='ltr'><strong>simile</strong></span> <span class='ocrx_word' id='word_1_598' title='bbox 2705 3756 2763 3810; x_wconf 90' lang='lat' dir='ltr'><strong>in</strong></span> <span class='ocrx_word' id='word_1_599' title='bbox 2815 3772 2926 3811; x_wconf 90' lang='lat' dir='ltr'><strong>usu</strong></span> <span class='ocrx_word' id='word_1_600' title='bbox 2978 3758 3152 3811; x_wconf 66' lang='lat' dir='ltr'><strong>curia:</strong></span> <span class='ocrx_word' id='word_1_601' title='bbox 3194 3757 3491 3822; x_wconf 64' lang='lat' dir='ltr'><strong>Romanis,</strong></span> <span class='ocrx_word' id='word_1_602' title='bbox 3544 3754 3645 3809; x_wconf 90' lang='lat' dir='ltr'><strong>ubi</strong></span> 
     </span>
    </p>
   </div>
   <div class='ocr_carea' id='block_1_87' title="bbox 2033 3844 3646 3917">
    <p class='ocr_par' dir='ltr' id='par_1_87' title="bbox 2033 3844 3646 3917">
     <span class='ocr_line' id='line_1_87' title="bbox 2033 3844 3646 3917; baseline -0.002 -16"><span class='ocrx_word' id='word_1_603' title='bbox 2033 3845 2243 3902; x_wconf 89' lang='lat' dir='ltr'><strong>notarii</strong></span> <span class='ocrx_word' id='word_1_604' title='bbox 2277 3844 2517 3916; x_wconf 89' lang='lat' dir='ltr'><strong>quidam</strong></span> <span class='ocrx_word' id='word_1_605' title='bbox 2554 3844 2861 3915; x_wconf 89' lang='lat' dir='ltr'><strong>apostolici</strong></span> <span class='ocrx_word' id='word_1_606' title='bbox 2889 3846 3293 3917; x_wconf 73' lang='lat' dir='ltr'><strong>participantea</strong></span> <span class='ocrx_word' id='word_1_607' title='bbox 3344 3846 3646 3909; x_wconf 87' lang='lat' dir='ltr'><strong>dicuntur,</strong></span> 
     </span>
    </p>
   </div>
   <div class='ocr_carea' id='block_1_88' title="bbox 2007 3934 3667 4006">
    <p class='ocr_par' dir='ltr' id='par_1_88' title="bbox 2007 3934 3667 4006">
     <span class='ocr_line' id='line_1_88' title="bbox 2007 3934 3667 4006; baseline -0.001 -17"><span class='ocrx_word' id='word_1_608' title='bbox 2007 3951 2135 4006; x_wconf 64' lang='lat' dir='ltr'><strong>quae</strong></span> <span class='ocrx_word' id='word_1_609' title='bbox 2192 3949 2298 3987; x_wconf 84' lang='lat' dir='ltr'><strong>vox</strong></span> <span class='ocrx_word' id='word_1_610' title='bbox 2348 3937 2696 3993; x_wconf 77' lang='grc' dir='ltr'><strong>κοινωνικαῖς</strong></span> <span class='ocrx_word' id='word_1_611' title='bbox 2746 3936 3080 4006; x_wconf 84' lang='lat' dir='ltr'><strong>respondet,</strong></span> <span class='ocrx_word' id='word_1_612' title='bbox 3142 3936 3211 3989; x_wconf 89' lang='lat' dir='ltr'><strong>ad</strong></span> <span class='ocrx_word' id='word_1_613' title='bbox 3262 3934 3667 3989; x_wconf 67' lang='lat' dir='ltr'><strong>differentiam</strong></span> 
     </span>
    </p>
   </div>
   <div class='ocr_carea' id='block_1_89' title="bbox 2010 4024 2281 4081">
    <p class='ocr_par' dir='ltr' id='par_1_89' title="bbox 2010 4024 2281 4081">
     <span class='ocr_line' id='line_1_89' title="bbox 2010 4024 2281 4081; baseline -0.011 0"><span class='ocrx_word' id='word_1_614' title='bbox 2010 4024 2281 4081; x_wconf 88' lang='lat' dir='ltr'><strong>aliorum.</strong></span> 
     </span>
    </p>
   </div>
   <div class='ocr_carea' id='block_1_90' title="bbox 2084 4111 3659 4185">
    <p class='ocr_par' dir='ltr' id='par_1_90' title="bbox 2084 4111 3659 4185">
     <span class='ocr_line' id='line_1_90' title="bbox 2084 4111 3659 4185; baseline 0.001 -18"><span class='ocrx_word' id='word_1_615' title='bbox 2084 4111 2480 4173; x_wconf 81' lang='grc' dir='ltr'>Κονοσταῦλος.</span> <span class='ocrx_word' id='word_1_616' title='bbox 2535 4113 2629 4168; x_wconf 88' lang='lat' dir='ltr'><strong>Sic</strong></span> <span class='ocrx_word' id='word_1_617' title='bbox 2687 4112 2892 4167; x_wconf 89' lang='lat' dir='ltr'><strong>scribit</strong></span> <span class='ocrx_word' id='word_1_618' title='bbox 2948 4112 3167 4185; x_wconf 90' lang='lat' dir='ltr'><strong>passim</strong></span> <span class='ocrx_word' id='word_1_619' title='bbox 3236 4113 3346 4168; x_wconf 89' lang='lat' dir='ltr'><strong>hoc</strong></span> <span class='ocrx_word' id='word_1_620' title='bbox 3402 4113 3659 4168; x_wconf 85' lang='lat' dir='ltr'><strong>vocabu—</strong></span> 
     </span>
    </p>
   </div>
   <div class='ocr_carea' id='block_1_91' title="bbox 2014 4203 3694 4275">
    <p class='ocr_par' dir='ltr' id='par_1_91' title="bbox 2014 4203 3694 4275">
     <span class='ocr_line' id='line_1_91' title="bbox 2014 4203 3694 4275; baseline 0.001 -17"><span class='ocrx_word' id='word_1_621' title='bbox 2014 4204 2133 4258; x_wconf 89' lang='lat' dir='ltr'><strong>lum</strong></span> <span class='ocrx_word' id='word_1_622' title='bbox 2186 4203 2601 4274; x_wconf 81' lang='lat' dir='ltr'><strong>Hacbymeres,</strong></span> <span class='ocrx_word' id='word_1_623' title='bbox 2645 4203 3207 4273; x_wconf 90' lang='lat' dir='ltr'><strong>pronuntiationem,</strong></span> <span class='ocrx_word' id='word_1_624' title='bbox 3261 4209 3324 4258; x_wconf 89' lang='lat' dir='ltr'><strong>ut</strong></span> <span class='ocrx_word' id='word_1_625' title='bbox 3400 4207 3694 4275; x_wconf 29' lang='lat' dir='ltr'><strong>apparetr</strong></span> 
     </span>
    </p>
   </div>
   <div class='ocr_carea' id='block_1_92' title="bbox 2019 4292 3664 4365">
    <p class='ocr_par' dir='ltr' id='par_1_92' title="bbox 2019 4292 3664 4365">
     <span class='ocr_line' id='line_1_92' title="bbox 2019 4292 3664 4365; baseline 0 -18"><span class='ocrx_word' id='word_1_626' title='bbox 2019 4293 2399 4360; x_wconf 82' lang='lat' dir='ltr'><strong>Francorum,</strong></span> <span class='ocrx_word' id='word_1_627' title='bbox 2434 4308 2465 4345; x_wconf 90' lang='lat' dir='ltr'><strong>a</strong></span> <span class='ocrx_word' id='word_1_628' title='bbox 2496 4292 2714 4362; x_wconf 90' lang='lat' dir='ltr'><strong>quibus</strong></span> <span class='ocrx_word' id='word_1_629' title='bbox 2744 4292 2801 4346; x_wconf 91' lang='lat' dir='ltr'><strong>id</strong></span> <span class='ocrx_word' id='word_1_630' title='bbox 2840 4307 3052 4347; x_wconf 91' lang='lat' dir='ltr'><strong>nomen</strong></span> <span class='ocrx_word' id='word_1_631' title='bbox 3106 4292 3291 4348; x_wconf 69' lang='lat' dir='ltr'><strong>Graeci</strong></span> <span class='ocrx_word' id='word_1_632' title='bbox 3335 4309 3664 4365; x_wconf 89' lang='lat' dir='ltr'><strong>sumpsere,</strong></span> 
     </span>
    </p>
   </div>
   <div class='ocr_carea' id='block_1_93' title="bbox 2021 4380 3667 4453">
    <p class='ocr_par' dir='ltr' id='par_1_93' title="bbox 2021 4380 3667 4453">
     <span class='ocr_line' id='line_1_93' title="bbox 2021 4380 3667 4453; baseline -0.001 -18"><span class='ocrx_word' id='word_1_633' title='bbox 2021 4382 2293 4453; x_wconf 91' lang='lat' dir='ltr'><strong>proprius</strong></span> <span class='ocrx_word' id='word_1_634' title='bbox 2319 4380 2661 4437; x_wconf 90' lang='lat' dir='ltr'><strong>asseclatus.</strong></span> <span class='ocrx_word' id='word_1_635' title='bbox 2688 4381 2775 4437; x_wconf 93' lang='lat' dir='ltr'><strong>Illi</strong></span> <span class='ocrx_word' id='word_1_636' title='bbox 2807 4381 2959 4436; x_wconf 91' lang='lat' dir='ltr'><strong>enim</strong></span> <span class='ocrx_word' id='word_1_637' title='bbox 2976 4383 3285 4437; x_wconf 57' lang='lat' dir='ltr'><strong>can‘estable</strong></span> <span class='ocrx_word' id='word_1_638' title='bbox 3306 4383 3457 4437; x_wconf 89' lang='lat' dir='ltr'><strong>hanc</strong></span> <span class='ocrx_word' id='word_1_639' title='bbox 3478 4382 3667 4453; x_wconf 79' lang='lat' dir='ltr'><strong>digni-</strong></span> 
     </span>
    </p>
   </div>
   <div class='ocr_carea' id='block_1_94' title="bbox 2023 4470 3674 4541">
    <p class='ocr_par' dir='ltr' id='par_1_94' title="bbox 2023 4470 3674 4541">
     <span class='ocr_line' id='line_1_94' title="bbox 2023 4470 3674 4541; baseline 0.001 -19"><span class='ocrx_word' id='word_1_640' title='bbox 2023 4475 2202 4524; x_wconf 89' lang='lat' dir='ltr'><strong>tatem</strong></span> <span class='ocrx_word' id='word_1_641' title='bbox 2237 4475 2463 4524; x_wconf 89' lang='lat' dir='ltr'><strong>vocant.</strong></span> <span class='ocrx_word' id='word_1_642' title='bbox 2504 4471 2569 4523; x_wconf 90' lang='lat' dir='ltr'><strong>Et</strong></span> <span class='ocrx_word' id='word_1_643' title='bbox 2600 4470 2704 4537; x_wconf 90' lang='lat' dir='ltr'><strong>sic,</strong></span> <span class='ocrx_word' id='word_1_644' title='bbox 2740 4475 2803 4523; x_wconf 92' lang='lat' dir='ltr'><strong>ut</strong></span> <span class='ocrx_word' id='word_1_645' title='bbox 2834 4485 2895 4524; x_wconf 83' lang='lat' dir='ltr'><strong>es</strong></span> <span class='ocrx_word' id='word_1_646' title='bbox 2928 4470 3227 4536; x_wconf 83' lang='lat' dir='ltr'><strong>credibile,</strong></span> <span class='ocrx_word' id='word_1_647' title='bbox 3269 4475 3409 4525; x_wconf 76' lang='lat' dir='ltr'><strong>tunc</strong></span> <span class='ocrx_word' id='word_1_648' title='bbox 3441 4485 3674 4541; x_wconf 90' lang='lat' dir='ltr'><strong>quoque</strong></span> 
     </span>
    </p>
   </div>
   <div class='ocr_carea' id='block_1_95' title="bbox 255 4556 3674 4641">
    <p class='ocr_par' dir='ltr' id='par_1_95' title="bbox 255 4556 3674 4641">
     <span class='ocr_line' id='line_1_95' title="bbox 255 4556 3674 4641; baseline -0.001 -24"><span class='ocrx_word' id='word_1_649' title='bbox 255 4563 408 4617; x_wconf 90' lang='lat' dir='ltr'><strong>bene</strong></span> <span class='ocrx_word' id='word_1_650' title='bbox 442 4563 713 4631; x_wconf 88' lang='lat' dir='ltr'><strong>precatus</strong></span> <span class='ocrx_word' id='word_1_651' title='bbox 750 4556 1001 4614; x_wconf 90' lang='lat' dir='ltr'><strong>solemni</strong></span> <span class='ocrx_word' id='word_1_652' title='bbox 1061 4556 1466 4612; x_wconf 91' lang='lat' dir='ltr'><strong>benedictione</strong></span> <span class='ocrx_word' id='word_1_653' title='bbox 1505 4557 1713 4612; x_wconf 83' lang='lat' dir='ltr'><strong>fuisset</strong></span> <span class='ocrx_word' id='word_1_654' title='bbox 1766 4558 1912 4611; x_wconf 85' lang='lat' dir='ltr'><strong>anti-</strong></span> <span class='ocrx_word' id='word_1_655' title='bbox 1943 4581 1992 4641; x_wconf 68' lang='grc' dir='ltr'><strong>Ι)</strong></span> <span class='ocrx_word' id='word_1_656' title='bbox 2026 4576 2125 4631; x_wconf 89' lang='lat' dir='ltr'><strong>per</strong></span> <span class='ocrx_word' id='word_1_657' title='bbox 2173 4559 2489 4623; x_wconf 88' lang='lat' dir='ltr'><strong>Orientem,</strong></span> <span class='ocrx_word' id='word_1_658' title='bbox 2525 4559 2623 4613; x_wconf 90' lang='lat' dir='ltr'><strong>ubi</strong></span> <span class='ocrx_word' id='word_1_659' title='bbox 2659 4558 3255 4627; x_wconf 80' lang='lat' dir='ltr'><strong>multiversabanlur,</strong></span> <span class='ocrx_word' id='word_1_660' title='bbox 3281 4560 3674 4631; x_wconf 68' lang='lat' dir='ltr'><strong>proferebant.</strong></span> 
     </span>
    </p>
   </div>
   <div class='ocr_carea' id='block_1_96' title="bbox 260 4647 1916 4718">
    <p class='ocr_par' dir='ltr' id='par_1_96' title="bbox 260 4647 1916 4718">
     <span class='ocr_line' id='line_1_96' title="bbox 260 4647 1916 4718; baseline -0.002 -13"><span class='ocrx_word' id='word_1_661' title='bbox 260 4656 412 4718; x_wconf 87' lang='lat' dir='ltr'><strong>stes,</strong></span> <span class='ocrx_word' id='word_1_662' title='bbox 446 4666 524 4705; x_wconf 74' lang='lat' dir='ltr'><strong>eas</strong></span> <span class='ocrx_word' id='word_1_663' title='bbox 556 4654 623 4703; x_wconf 88' lang='lat' dir='ltr'><strong>ut</strong></span> <span class='ocrx_word' id='word_1_664' title='bbox 653 4664 822 4703; x_wconf 86' lang='lat' dir='ltr'><strong>sacra</strong></span> <span class='ocrx_word' id='word_1_665' title='bbox 855 4647 1741 4718; x_wconf 85' lang='lat' dir='ltr'><strong>apophoretadistribuebantur</strong></span> <span class='ocrx_word' id='word_1_666' title='bbox 1776 4664 1916 4718; x_wconf 76' lang='lat' dir='ltr'><strong>pree-</strong></span> 
     </span>
    </p>
   </div>
   <div class='ocr_carea' id='block_1_97' title="bbox 265 4737 1921 4806">
    <p class='ocr_par' dir='ltr' id='par_1_97' title="bbox 265 4737 1921 4806">
     <span class='ocr_line' id='line_1_97' title="bbox 265 4737 1921 4806; baseline -0.004 -11"><span class='ocrx_word' id='word_1_667' title='bbox 265 4739 566 4803; x_wconf 84' lang='lat' dir='ltr'><strong>sentibus,</strong></span> <span class='ocrx_word' id='word_1_668' title='bbox 600 4743 659 4793; x_wconf 89' lang='lat' dir='ltr'><strong>et</strong></span> <span class='ocrx_word' id='word_1_669' title='bbox 690 4754 807 4792; x_wconf 89' lang='lat' dir='ltr'><strong>una</strong></span> <span class='ocrx_word' id='word_1_670' title='bbox 837 4753 1037 4791; x_wconf 88' lang='lat' dir='ltr'><strong>earum</strong></span> <span class='ocrx_word' id='word_1_671' title='bbox 1075 4737 1421 4790; x_wconf 89' lang='lat' dir='ltr'><strong>mittebatur</strong></span> <span class='ocrx_word' id='word_1_672' title='bbox 1451 4737 1519 4790; x_wconf 92' lang='lat' dir='ltr'><strong>ad</strong></span> <span class='ocrx_word' id='word_1_673' title='bbox 1548 4740 1921 4806; x_wconf 81' lang='lat' dir='ltr'><strong>Augustum,</strong></span> 
     </span>
    </p>
   </div>
   <div class='ocr_carea' id='block_1_98' title="bbox 265 4826 1922 4901">
    <p class='ocr_par' dir='ltr' id='par_1_98' title="bbox 265 4826 1922 4901">
     <span class='ocr_line' id='line_1_98' title="bbox 265 4826 1922 4901; baseline -0.001 -19"><span class='ocrx_word' id='word_1_674' title='bbox 265 4844 452 4901; x_wconf 90' lang='lat' dir='ltr'><strong>quam</strong></span> <span class='ocrx_word' id='word_1_675' title='bbox 488 4842 616 4882; x_wconf 88' lang='lat' dir='ltr'><strong>mos</strong></span> <span class='ocrx_word' id='word_1_676' title='bbox 646 4830 772 4880; x_wconf 88' lang='lat' dir='ltr'><strong>erat</strong></span> <span class='ocrx_word' id='word_1_677' title='bbox 800 4826 851 4881; x_wconf 90' lang='lat' dir='ltr'><strong>ei</strong></span> <span class='ocrx_word' id='word_1_678' title='bbox 884 4826 1191 4897; x_wconf 90' lang='lat' dir='ltr'><strong>prandenti</strong></span> <span class='ocrx_word' id='word_1_679' title='bbox 1218 4826 1411 4880; x_wconf 78' lang='lat' dir='ltr'><strong>offerri</strong></span> <span class='ocrx_word' id='word_1_680' title='bbox 1459 4827 1571 4881; x_wconf 90' lang='lat' dir='ltr'><strong>sub</strong></span> <span class='ocrx_word' id='word_1_681' title='bbox 1603 4827 1922 4881; x_wconf 85' lang='lat' dir='ltr'><strong>secundam</strong></span> 
     </span>
    </p>
   </div>
   <div class='ocr_carea' id='block_1_99' title="bbox 263 4914 1926 4974">
    <p class='ocr_par' dir='ltr' id='par_1_99' title="bbox 263 4914 1926 4974">
     <span class='ocr_line' id='line_1_99' title="bbox 263 4914 1926 4974; baseline -0.002 0"><span class='ocrx_word' id='word_1_682' title='bbox 263 4933 539 4974; x_wconf 86' lang='lat' dir='ltr'><strong>mensam</strong></span> <span class='ocrx_word' id='word_1_683' title='bbox 596 4917 753 4971; x_wconf 88' lang='lat' dir='ltr'><strong>inter</strong></span> <span class='ocrx_word' id='word_1_684' title='bbox 810 4914 1074 4970; x_wconf 88' lang='lat' dir='ltr'><strong>bellaria.</strong></span> <span class='ocrx_word' id='word_1_685' title='bbox 1128 4918 1247 4969; x_wconf 87' lang='lat' dir='ltr'><strong>Hoc</strong></span> <span class='ocrx_word' id='word_1_686' title='bbox 1297 4920 1511 4969; x_wconf 89' lang='lat' dir='ltr'><strong>sonant</strong></span> <span class='ocrx_word' id='word_1_687' title='bbox 1570 4914 1692 4969; x_wconf 81' lang='lat' dir='ltr'><strong>haec</strong></span> <span class='ocrx_word' id='word_1_688' title='bbox 1742 4917 1926 4970; x_wconf 89' lang='lat' dir='ltr'><strong>nostri</strong></span> 
     </span>
    </p>
   </div>
   <div class='ocr_carea' id='block_1_100' title="bbox 259 5002 1933 5076">
    <p class='ocr_par' dir='ltr' id='par_1_100' title="bbox 259 5002 1933 5076">
     <span class='ocr_line' id='line_1_100' title="bbox 259 5002 1933 5076; baseline -0.004 -14"><span class='ocrx_word' id='word_1_689' title='bbox 259 5008 449 5063; x_wconf 87' lang='lat' dir='ltr'><strong>verba</strong></span> <span class='ocrx_word' id='word_1_690' title='bbox 482 5023 496 5062; x_wconf 92' lang='lat'><strong>:</strong></span> <span class='ocrx_word' id='word_1_691' title='bbox 532 5006 627 5057; x_wconf 85' lang='grc' dir='ltr'><strong>Ὧν</strong></span> <span class='ocrx_word' id='word_1_692' title='bbox 655 5004 1017 5076; x_wconf 88' lang='lat' dir='ltr'><strong>(patinarum</strong></span> <span class='ocrx_word' id='word_1_693' title='bbox 1044 5003 1323 5058; x_wconf 88' lang='lat' dir='ltr'><strong>nimirum</strong></span> <span class='ocrx_word' id='word_1_694' title='bbox 1356 5020 1557 5058; x_wconf 92' lang='lat' dir='ltr'><strong>earum</strong></span> <span class='ocrx_word' id='word_1_695' title='bbox 1583 5020 1733 5074; x_wconf 90' lang='lat' dir='ltr'><strong>quas</strong></span> <span class='ocrx_word' id='word_1_696' title='bbox 1758 5002 1933 5056; x_wconf 84' lang='grc' dir='ltr'>ἐκπω-</span> 
     </span>
    </p>
   </div>
   <div class='ocr_carea' id='block_1_101' title="bbox 268 5090 1932 5168">
    <p class='ocr_par' dir='ltr' id='par_1_101' title="bbox 268 5090 1932 5168">
     <span class='ocr_line' id='line_1_101' title="bbox 268 5090 1932 5168; baseline -0.002 -19"><span class='ocrx_word' id='word_1_697' title='bbox 268 5094 460 5168; x_wconf 83' lang='grc' dir='ltr'><strong>μάτων</strong></span> <span class='ocrx_word' id='word_1_698' title='bbox 512 5092 779 5155; x_wconf 74' lang='grc' dir='ltr'><strong>πλατείας</strong></span> <span class='ocrx_word' id='word_1_699' title='bbox 828 5096 1020 5162; x_wconf 83' lang='lat' dir='ltr'><strong>vocat)</strong></span> <span class='ocrx_word' id='word_1_700' title='bbox 1074 5090 1150 5153; x_wconf 85' lang='grc' dir='ltr'>ὡς</span> <span class='ocrx_word' id='word_1_701' title='bbox 1178 5090 1404 5165; x_wconf 77' lang='grc' dir='ltr'>ἀπαρχή</span> <span class='ocrx_word' id='word_1_702' title='bbox 1459 5112 1544 5152; x_wconf 84' lang='grc' dir='ltr'>τις</span> <span class='ocrx_word' id='word_1_703' title='bbox 1588 5093 1623 5159; x_wconf 81' lang='grc' dir='ltr'><strong>ἡ</strong></span> <span class='ocrx_word' id='word_1_704' title='bbox 1673 5093 1932 5166; x_wconf 72' lang='grc' dir='ltr'>κρείττων</span> 
     </span>
    </p>
   </div>
   <div class='ocr_carea' id='block_1_102' title="bbox 265 5176 1937 5257">
    <p class='ocr_par' dir='ltr' id='par_1_102' title="bbox 265 5176 1937 5257">
     <span class='ocr_line' id='line_1_102' title="bbox 265 5176 1937 5257; baseline -0.001 -18"><span class='ocrx_word' id='word_1_705' title='bbox 265 5188 352 5255; x_wconf 80' lang='grc' dir='ltr'>τῷ</span> <span class='ocrx_word' id='word_1_706' title='bbox 380 5180 608 5257; x_wconf 78' lang='grc' dir='ltr'><strong>βασιλεῖ</strong></span> <span class='ocrx_word' id='word_1_707' title='bbox 638 5182 948 5255; x_wconf 80' lang='grc' dir='ltr'>προσήγετο</span> <span class='ocrx_word' id='word_1_708' title='bbox 982 5176 1324 5254; x_wconf 75' lang='grc' dir='ltr'><strong>ἐπιδόρπιος.</strong></span> <span class='ocrx_word' id='word_1_709' title='bbox 1352 5181 1496 5236; x_wconf 87' lang='lat' dir='ltr'><strong>Vide</strong></span> <span class='ocrx_word' id='word_1_710' title='bbox 1528 5198 1655 5253; x_wconf 66' lang='lat' dir='ltr'><strong>quae</strong></span> <span class='ocrx_word' id='word_1_711' title='bbox 1682 5184 1937 5238; x_wconf 85' lang='lat' dir='ltr'><strong>dicimus</strong></span> 
     </span>
    </p>
   </div>
   <div class='ocr_carea' id='block_1_103' title="bbox 270 5269 1159 5342">
    <p class='ocr_par' dir='ltr' id='par_1_103' title="bbox 270 5269 1159 5342">
     <span class='ocr_line' id='line_1_103' title="bbox 270 5269 1159 5342; baseline -0.006 -12"><span class='ocrx_word' id='word_1_712' title='bbox 270 5274 454 5330; x_wconf 87' lang='lat' dir='ltr'><strong>verbo</strong></span> <span class='ocrx_word' id='word_1_713' title='bbox 485 5270 753 5325; x_wconf 76' lang='grc' dir='ltr'><strong>πλατεῖαι</strong></span> <span class='ocrx_word' id='word_1_714' title='bbox 791 5269 1134 5342; x_wconf 71' lang='grc' dir='ltr'>ἐκπωμάτων</span> <span class='ocrx_word' id='word_1_715' title='bbox 1147 5311 1159 5325; x_wconf 95' lang='grc'><strong>.</strong></span> 
     </span>
    </p>
   </div>
   <div class='ocr_carea' id='block_1_104' title="bbox 350 5362 635 5432">
    <p class='ocr_par' dir='ltr' id='par_1_104' title="bbox 350 5362 635 5432">
     <span class='ocr_line' id='line_1_104' title="bbox 350 5362 635 5432; baseline -0.007 -15"><span class='ocrx_word' id='word_1_716' title='bbox 350 5364 440 5431; x_wconf 69' lang='grc' dir='ltr'><strong>[Ρ.</strong></span> <span class='ocrx_word' id='word_1_717' title='bbox 509 5362 635 5432; x_wconf 75' lang='grc'><strong>395]</strong></span> 
     </span>
    </p>
   </div>
   <div class='ocr_carea' id='block_1_105' title="bbox 359 5663 1385 5742">
    <p class='ocr_par' dir='ltr' id='par_1_105' title="bbox 359 5663 1385 5742">
     <span class='ocr_line' id='line_1_105' title="bbox 359 5663 1385 5742; baseline -0.003 -18"><span class='ocrx_word' id='word_1_718' title='bbox 359 5668 439 5742; x_wconf 91' lang='grc'>(1)</span> <span class='ocrx_word' id='word_1_719' title='bbox 473 5666 558 5724; x_wconf 87' lang='lat' dir='ltr'><strong>Cf.</strong></span> <span class='ocrx_word' id='word_1_720' title='bbox 597 5665 856 5724; x_wconf 89' lang='lat' dir='ltr'><strong>Glossar.</strong></span> <span class='ocrx_word' id='word_1_721' title='bbox 891 5666 1056 5724; x_wconf 82' lang='lat' dir='ltr'><strong>alter.</strong></span> <span class='ocrx_word' id='word_1_722' title='bbox 1092 5682 1127 5722; x_wconf 95' lang='lat' dir='ltr'><strong>v</strong></span> <span class='ocrx_word' id='word_1_723' title='bbox 1158 5663 1385 5722; x_wconf 84' lang='grc' dir='ltr'>Κόκκοι.</span> 
     </span>
    </p>
   </div>
   <div class='ocr_carea' id='block_1_106' title="bbox 724 5358 1945 5436">
    <p class='ocr_par' dir='ltr' id='par_1_106' title="bbox 724 5358 1945 5436">
     <span class='ocr_line' id='line_1_106' title="bbox 724 5358 1945 5436; baseline 0.002 -21"><span class='ocrx_word' id='word_1_724' title='bbox 724 5360 856 5416; x_wconf 83' lang='grc' dir='ltr'><strong>Ἀπὸ</strong></span> <span class='ocrx_word' id='word_1_725' title='bbox 943 5358 1160 5420; x_wconf 77' lang='grc' dir='ltr'>κοιλίας</span> <span class='ocrx_word' id='word_1_726' title='bbox 1222 5365 1420 5436; x_wconf 74' lang='grc' dir='ltr'>φωνεῖν</span> <span class='ocrx_word' id='word_1_727' title='bbox 1468 5377 1526 5432; x_wconf 88' lang='lat' dir='ltr'><strong>p.</strong></span> <span class='ocrx_word' id='word_1_728' title='bbox 1587 5362 1713 5417; x_wconf 82' lang='lat'><strong>379.</strong></span> <span class='ocrx_word' id='word_1_729' title='bbox 1774 5363 1945 5418; x_wconf 84' lang='lat' dir='ltr'><strong>Vocat</strong></span> 
     </span>
    </p>
   </div>
   <div class='ocr_carea' id='block_1_107' title="bbox 280 5450 1947 5525">
    <p class='ocr_par' dir='ltr' id='par_1_107' title="bbox 280 5450 1947 5525">
     <span class='ocr_line' id='line_1_107' title="bbox 280 5450 1947 5525; baseline 0.001 -18"><span class='ocrx_word' id='word_1_730' title='bbox 280 5453 525 5525; x_wconf 81' lang='lat' dir='ltr'><strong>prapria</strong></span> <span class='ocrx_word' id='word_1_731' title='bbox 548 5452 897 5506; x_wconf 88' lang='lat' dir='ltr'><strong>auctoritate</strong></span> <span class='ocrx_word' id='word_1_732' title='bbox 928 5450 1057 5505; x_wconf 90' lang='lat' dir='ltr'><strong>sine</strong></span> <span class='ocrx_word' id='word_1_733' title='bbox 1081 5452 1291 5505; x_wconf 90' lang='lat' dir='ltr'><strong>idoneo</strong></span> <span class='ocrx_word' id='word_1_734' title='bbox 1322 5452 1664 5507; x_wconf 88' lang='lat' dir='ltr'><strong>testimonio</strong></span> <span class='ocrx_word' id='word_1_735' title='bbox 1688 5452 1747 5505; x_wconf 90' lang='lat' dir='ltr'><strong>in</strong></span> <span class='ocrx_word' id='word_1_736' title='bbox 1767 5469 1947 5507; x_wconf 90' lang='lat' dir='ltr'><strong>causa</strong></span> 
     </span>
    </p>
   </div>
   <div class='ocr_carea' id='block_1_108' title="bbox 2028 4648 3680 4721">
    <p class='ocr_par' dir='ltr' id='par_1_108' title="bbox 2028 4648 3680 4721">
     <span class='ocr_line' id='line_1_108' title="bbox 2028 4648 3680 4721; baseline 0 -18"><span class='ocrx_word' id='word_1_737' title='bbox 2028 4648 2145 4703; x_wconf 88' lang='lat' dir='ltr'><strong>Hoc</strong></span> <span class='ocrx_word' id='word_1_738' title='bbox 2177 4648 2612 4702; x_wconf 88' lang='lat' dir='ltr'><strong>admonendum</strong></span> <span class='ocrx_word' id='word_1_739' title='bbox 2647 4648 3155 4720; x_wconf 86' lang='lat' dir='ltr'><strong>visum,quoniam</strong></span> <span class='ocrx_word' id='word_1_740' title='bbox 3201 4648 3299 4703; x_wconf 89' lang='lat' dir='ltr'><strong>alii</strong></span> <span class='ocrx_word' id='word_1_741' title='bbox 3322 4649 3491 4721; x_wconf 86' lang='lat' dir='ltr'><strong>longe</strong></span> <span class='ocrx_word' id='word_1_742' title='bbox 3515 4648 3680 4703; x_wconf 81' lang='lat' dir='ltr'><strong>aliter</strong></span> 
     </span>
    </p>
   </div>
   <div class='ocr_carea' id='block_1_109' title="bbox 2030 4737 3685 4809">
    <p class='ocr_par' dir='ltr' id='par_1_109' title="bbox 2030 4737 3685 4809">
     <span class='ocr_line' id='line_1_109' title="bbox 2030 4737 3685 4809; baseline 0.001 -16"><span class='ocrx_word' id='word_1_743' title='bbox 2030 4738 2087 4793; x_wconf 92' lang='lat' dir='ltr'><strong>id</strong></span> <span class='ocrx_word' id='word_1_744' title='bbox 2122 4754 2333 4792; x_wconf 88' lang='lat' dir='ltr'><strong>nomen</strong></span> <span class='ocrx_word' id='word_1_745' title='bbox 2366 4737 2635 4802; x_wconf 76' lang='lat' dir='ltr'><strong>efferunt,</strong></span> <span class='ocrx_word' id='word_1_746' title='bbox 2662 4742 2720 4792; x_wconf 89' lang='lat' dir='ltr'><strong>et</strong></span> <span class='ocrx_word' id='word_1_747' title='bbox 2750 4754 2822 4792; x_wconf 92' lang='lat' dir='ltr'><strong>ne</strong></span> <span class='ocrx_word' id='word_1_748' title='bbox 2853 4739 2985 4809; x_wconf 90' lang='lat' dir='ltr'><strong>quis</strong></span> <span class='ocrx_word' id='word_1_749' title='bbox 3004 4756 3093 4794; x_wconf 90' lang='lat' dir='ltr'><strong>me</strong></span> <span class='ocrx_word' id='word_1_750' title='bbox 3118 4738 3177 4793; x_wconf 91' lang='lat' dir='ltr'><strong>in</strong></span> <span class='ocrx_word' id='word_1_751' title='bbox 3213 4738 3475 4794; x_wconf 83' lang='lat' dir='ltr'><strong>versione</strong></span> <span class='ocrx_word' id='word_1_752' title='bbox 3504 4754 3685 4795; x_wconf 91' lang='lat' dir='ltr'><strong>cono-</strong></span> 
     </span>
    </p>
   </div>
   <div class='ocr_carea' id='block_1_110' title="bbox 2036 4824 2861 4881">
    <p class='ocr_par' dir='ltr' id='par_1_110' title="bbox 2036 4824 2861 4881">
     <span class='ocr_line' id='line_1_110' title="bbox 2036 4824 2861 4881; baseline 0.001 -1"><span class='ocrx_word' id='word_1_753' title='bbox 2036 4824 2296 4880; x_wconf 87' lang='lat' dir='ltr'><strong>staulum</strong></span> <span class='ocrx_word' id='word_1_754' title='bbox 2326 4826 2567 4879; x_wconf 91' lang='lat' dir='ltr'><strong>reddere</strong></span> <span class='ocrx_word' id='word_1_755' title='bbox 2600 4826 2861 4881; x_wconf 89' lang='lat' dir='ltr'><strong>miretur.</strong></span> 
     </span>
    </p>
   </div>
   <div class='ocr_carea' id='block_1_111' title="bbox 2110 4913 3687 4988">
    <p class='ocr_par' dir='ltr' id='par_1_111' title="bbox 2110 4913 3687 4988">
     <span class='ocr_line' id='line_1_111' title="bbox 2110 4913 3687 4988; baseline 0.003 -22"><span class='ocrx_word' id='word_1_756' title='bbox 2110 4913 2308 4974; x_wconf 69' lang='lat' dir='ltr'><strong>Ro’vtoq</strong></span> <span class='ocrx_word' id='word_1_757' title='bbox 2366 4933 2417 4985; x_wconf 92' lang='lat' dir='ltr'><strong>p.</strong></span> <span class='ocrx_word' id='word_1_758' title='bbox 2468 4915 2588 4970; x_wconf 90' lang='lat'><strong>181.</strong></span> <span class='ocrx_word' id='word_1_759' title='bbox 2642 4914 2855 4970; x_wconf 86' lang='lat' dir='ltr'><strong>Vocem</strong></span> <span class='ocrx_word' id='word_1_760' title='bbox 2915 4916 3171 4982; x_wconf 87' lang='lat' dir='ltr'><strong>comitis,</strong></span> <span class='ocrx_word' id='word_1_761' title='bbox 3221 4923 3286 4971; x_wconf 93' lang='lat' dir='ltr'><strong>ut</strong></span> <span class='ocrx_word' id='word_1_762' title='bbox 3335 4916 3687 4988; x_wconf 84' lang='lat' dir='ltr'><strong>dignitatem</strong></span> 
     </span>
    </p>
   </div>
   <div class='ocr_carea' id='block_1_112' title="bbox 2042 5004 3690 5074">
    <p class='ocr_par' dir='ltr' id='par_1_112' title="bbox 2042 5004 3690 5074">
     <span class='ocr_line' id='line_1_112' title="bbox 2042 5004 3690 5074; baseline 0.001 -15"><span class='ocrx_word' id='word_1_763' title='bbox 2042 5010 2228 5072; x_wconf 90' lang='lat' dir='ltr'><strong>notat,</strong></span> <span class='ocrx_word' id='word_1_764' title='bbox 2274 5004 2666 5074; x_wconf 89' lang='lat' dir='ltr'><strong>scriptoribus</strong></span> <span class='ocrx_word' id='word_1_765' title='bbox 2710 5005 2921 5061; x_wconf 61' lang='lat' dir='ltr'><strong>citima:</strong></span> <span class='ocrx_word' id='word_1_766' title='bbox 2967 5007 3275 5062; x_wconf 87' lang='lat' dir='ltr'><strong>vetustatis</strong></span> <span class='ocrx_word' id='word_1_767' title='bbox 3327 5008 3549 5071; x_wconf 81' lang='lat' dir='ltr'><strong>tritam,</strong></span> <span class='ocrx_word' id='word_1_768' title='bbox 3584 5006 3690 5061; x_wconf 86' lang='lat' dir='ltr'><strong>Pa-</strong></span> 
     </span>
    </p>
   </div>
   <div class='ocr_carea' id='block_1_113' title="bbox 2044 5094 3694 5168">
    <p class='ocr_par' dir='ltr' id='par_1_113' title="bbox 2044 5094 3694 5168">
     <span class='ocr_line' id='line_1_113' title="bbox 2044 5094 3694 5168; baseline 0.001 -19"><span class='ocrx_word' id='word_1_769' title='bbox 2044 5094 2347 5166; x_wconf 82' lang='lat' dir='ltr'><strong>chymeres</strong></span> <span class='ocrx_word' id='word_1_770' title='bbox 2379 5094 2470 5148; x_wconf 87' lang='lat' dir='ltr'><strong>hic</strong></span> <span class='ocrx_word' id='word_1_771' title='bbox 2502 5094 2798 5165; x_wconf 81' lang='lat' dir='ltr'><strong>exprimit,</strong></span> <span class='ocrx_word' id='word_1_772' title='bbox 2834 5099 3007 5166; x_wconf 89' lang='lat' dir='ltr'><strong>prout</strong></span> <span class='ocrx_word' id='word_1_773' title='bbox 3033 5095 3205 5167; x_wconf 77' lang='lat' dir='ltr'><strong>vulgo</strong></span> <span class='ocrx_word' id='word_1_774' title='bbox 3230 5095 3596 5168; x_wconf 89' lang='lat' dir='ltr'><strong>pronuntiari</strong></span> <span class='ocrx_word' id='word_1_775' title='bbox 3623 5096 3694 5150; x_wconf 89' lang='lat' dir='ltr'><strong>ab</strong></span> 
     </span>
    </p>
   </div>
   <div class='ocr_carea' id='block_1_114' title="bbox 2048 5182 3731 5252">
    <p class='ocr_par' dir='ltr' id='par_1_114' title="bbox 2048 5182 3731 5252">
     <span class='ocr_line' id='line_1_114' title="bbox 2048 5182 3731 5252; baseline -0.001 -12"><span class='ocrx_word' id='word_1_776' title='bbox 2048 5182 2210 5240; x_wconf 85' lang='lat' dir='ltr'><strong>Italis</strong></span> <span class='ocrx_word' id='word_1_777' title='bbox 2269 5183 2514 5250; x_wconf 87' lang='lat' dir='ltr'><strong>solebat,</strong></span> <span class='ocrx_word' id='word_1_778' title='bbox 2563 5193 2738 5251; x_wconf 74' lang='lat' dir='ltr'><strong>conio,</strong></span> <span class='ocrx_word' id='word_1_779' title='bbox 2774 5191 2877 5242; x_wconf 90' lang='lat' dir='ltr'><strong>aut</strong></span> <span class='ocrx_word' id='word_1_780' title='bbox 2917 5191 2982 5240; x_wconf 91' lang='lat' dir='ltr'><strong>ut</strong></span> <span class='ocrx_word' id='word_1_781' title='bbox 3021 5186 3261 5241; x_wconf 77' lang='lat' dir='ltr'><strong>effertur</strong></span> <span class='ocrx_word' id='word_1_782' title='bbox 3307 5186 3480 5241; x_wconf 89' lang='lat' dir='ltr'><strong>hodie</strong></span> <span class='ocrx_word' id='word_1_783' title='bbox 3502 5191 3731 5252; x_wconf 56' lang='lat' dir='ltr'><strong>conte,</strong></span> 
     </span>
    </p>
   </div>
   <div class='ocr_carea' id='block_1_115' title="bbox 2051 5270 3702 5346">
    <p class='ocr_par' dir='ltr' id='par_1_115' title="bbox 2051 5270 3702 5346">
     <span class='ocr_line' id='line_1_115' title="bbox 2051 5270 3702 5346; baseline 0.001 -19"><span class='ocrx_word' id='word_1_784' title='bbox 2051 5275 2205 5345; x_wconf 91' lang='lat' dir='ltr'><strong>quod</strong></span> <span class='ocrx_word' id='word_1_785' title='bbox 2244 5273 2436 5328; x_wconf 73' lang='lat' dir='ltr'><strong>Graece</strong></span> <span class='ocrx_word' id='word_1_786' title='bbox 2467 5270 2659 5325; x_wconf 83' lang='grc' dir='ltr'>κόντον</span> <span class='ocrx_word' id='word_1_787' title='bbox 2685 5275 2880 5329; x_wconf 84' lang='lat' dir='ltr'><strong>reddit</strong></span> <span class='ocrx_word' id='word_1_788' title='bbox 2910 5280 2966 5329; x_wconf 91' lang='lat' dir='ltr'><strong>et</strong></span> <span class='ocrx_word' id='word_1_789' title='bbox 3000 5293 3112 5330; x_wconf 89' lang='lat' dir='ltr'><strong>non</strong></span> <span class='ocrx_word' id='word_1_790' title='bbox 3146 5280 3373 5330; x_wconf 84' lang='lat' dir='ltr'><strong>contum</strong></span> <span class='ocrx_word' id='word_1_791' title='bbox 3404 5276 3702 5346; x_wconf 84' lang='lat' dir='ltr'><strong>expressi-</strong></span> 
     </span>
    </p>
   </div>
   <div class='ocr_carea' id='block_1_116' title="bbox 2052 5363 3704 5433">
    <p class='ocr_par' dir='ltr' id='par_1_116' title="bbox 2052 5363 3704 5433">
     <span class='ocr_line' id='line_1_116' title="bbox 2052 5363 3704 5433; baseline 0.001 -17"><span class='ocrx_word' id='word_1_792' title='bbox 2052 5379 2207 5417; x_wconf 88' lang='lat' dir='ltr'><strong>mus.</strong></span> <span class='ocrx_word' id='word_1_793' title='bbox 2243 5363 2381 5418; x_wconf 81' lang='lat' dir='ltr'><strong>Rem</strong></span> <span class='ocrx_word' id='word_1_794' title='bbox 2416 5372 2608 5418; x_wconf 83' lang='lat' dir='ltr'><strong>autem</strong></span> <span class='ocrx_word' id='word_1_795' title='bbox 2639 5364 2828 5433; x_wconf 86' lang='lat' dir='ltr'><strong>ipsam</strong></span> <span class='ocrx_word' id='word_1_796' title='bbox 2866 5366 3019 5433; x_wconf 90' lang='lat' dir='ltr'><strong>quod</strong></span> <span class='ocrx_word' id='word_1_797' title='bbox 3055 5366 3282 5432; x_wconf 89' lang='lat' dir='ltr'><strong>attinet,</strong></span> <span class='ocrx_word' id='word_1_798' title='bbox 3330 5365 3437 5418; x_wconf 91' lang='lat' dir='ltr'><strong>etsi</strong></span> <span class='ocrx_word' id='word_1_799' title='bbox 3490 5365 3704 5433; x_wconf 74' lang='lat' dir='ltr'><strong>Pachy-</strong></span> 
     </span>
    </p>
   </div>
   <div class='ocr_carea' id='block_1_117' title="bbox 2056 5452 3708 5525">
    <p class='ocr_par' dir='ltr' id='par_1_117' title="bbox 2056 5452 3708 5525">
     <span class='ocr_line' id='line_1_117' title="bbox 2056 5452 3708 5525; baseline 0.001 -18"><span class='ocrx_word' id='word_1_800' title='bbox 2056 5453 2481 5523; x_wconf 89' lang='lat' dir='ltr'><strong>merespassim</strong></span> <span class='ocrx_word' id='word_1_801' title='bbox 2507 5452 2767 5523; x_wconf 89' lang='lat' dir='ltr'><strong>iniquior</strong></span> <span class='ocrx_word' id='word_1_802' title='bbox 2792 5454 3013 5509; x_wconf 82' lang='lat' dir='ltr'><strong>Latinis</strong></span> <span class='ocrx_word' id='word_1_803' title='bbox 3047 5462 3264 5509; x_wconf 81' lang='lat' dir='ltr'><strong>cautum</strong></span> <span class='ocrx_word' id='word_1_804' title='bbox 3298 5454 3477 5521; x_wconf 90' lang='lat' dir='ltr'><strong>hunc,</strong></span> <span class='ocrx_word' id='word_1_805' title='bbox 3500 5455 3569 5508; x_wconf 89' lang='lat' dir='ltr'><strong>de</strong></span> <span class='ocrx_word' id='word_1_806' title='bbox 3591 5470 3708 5525; x_wconf 91' lang='lat' dir='ltr'><strong>quo</strong></span> 
     </span>
    </p>
   </div>
  </div>
