4248 6438
642 395 661 443 l
674 387 779 442 039

1707 379 1769 428 P.
1810 375 2083 428 POSSINI
2121 371 2733 426 OBSERVATIONUM
2768 375 2902 426 LlB.
2945 377 2987 425 l.

3923 383 4048 431 1040

637 514 777 583 agit,
812 508 1454 565 ambitiosevocatuma
1477 499 1793 563 suisdicat,
1819 495 1989 568 quasi
2012 493 2285 566 ampliori
2321 501 2372 561 Α
2407 494 2596 549 facere
2628 511 2640 548 :
2669 494 2888 565 alioqui
2932 509 3036 550 nec
3084 495 3374 551 sultanem
3428 497 3686 554 Persidis
3719 513 3824 555 nec
3855 499 4047 556 Canim

633 599 914 656 vocabulo
946 610 1123 668 quam
1167 593 1375 648 modus
1419 592 1548 660 ejus
1579 587 1926 645 domestica:
1981 583 2286 650 dignitatis

639 695 833 753 terret,
883 693 1081 741 tamen
1133 699 1267 738 cum
1324 682 1479 735 hunc
1502 680 1872 733 Genuensem
1912 673 2285 728 nominatum

635 780 791 834 dicat
828 773 1157 839 Vintimilia,
1184 770 1379 826 andivi
1412 786 1474 824 ex
1515 769 1586 822 iis
1620 767 1713 836 qui
1751 764 2134 835 antiquitates
2169 761 2284 816 Ge-

639 866 947 922 nuensium
997 867 1331 935 perspectas
1378 858 1618 921 habent,
1661 871 1858 910 revera
1908 851 2139 907 comitis
2182 867 2287 905 no-

637 974 766 1012 men
802 955 900 1010 isti
939 951 1170 1008 familiae
1224 967 1290 1004 ex
1339 946 1740 1002 vetustissimo
1794 949 2054 1013 tempore
2103 941 2282 995 tribui

633 1045 1031 1102 consuevisse.
1063 1041 1149 1114 [P.
1178 1035 1304 1102 396]
1333 1037 1537 1093 Verum
1571 1037 1819 1091 fortasse
1854 1037 2122 1087 nostrum
2157 1046 2284 1085 mo-

635 1137 732 1205 vit,
764 1139 827 1188 ut
858 1135 1029 1188 istam
1066 1129 1241 1185 nimis
1275 1126 1643 1199 splendidam
1663 1122 1806 1178 civis
1836 1119 2282 1190 Gsnuensisap-

645 1223 1020 1296 pellationem
1052 1224 1300 1292 putaret,
1337 1216 1494 1287 quod
1539 1212 1778 1268 maximi
1814 1215 1953 1265 tunc
1988 1208 2283 1280 principes

639 1332 706 1370 ca
751 1310 1029 1368 honorari
1082 1308 1226 1364 satis
1284 1305 1586 1361 haberent.
1631 1305 1754 1368 Quo
1789 1299 2062 1371 pertinet,
2124 1298 2277 1369 quod

628 1403 896 1474 ejusdem
928 1399 1061 1454 libri
1093 1415 1144 1454 c.
1177 1398 1231 1463 8,
1284 1394 1507 1461 scribit,
1553 1394 1624 1447 de
1662 1389 1866 1446 Carolo
1917 1403 2098 1474 agens
2148 1402 2282 1459 rege

626 1471 872 1547 Sicilire:
916 1485 1150 1562 ἀδελφὸν
1185 1483 1352 1560 ῥηγὸς
1399 1485 1506 1535 τῶν
1561 1477 1943 1553 Φραντζίσιων
2001 1471 2130 1530 ὄντα
2188 1477 2276 1530 καὶ

627 1581 702 1640 εἷς
749 1578 974 1638 κὸντους
1033 1573 1364 1648 τετιγμένον
1420 1572 1514 1625 τὸν
1564 1567 1876 1640 Κάρουλον.
1915 1566 2158 1623 Carolus
2188 1567 2280 1621 ni-

629 1671 867 1734 mirum,
907 1669 1085 1722 frater
1115 1671 1168 1719 S-
1214 1662 1489 1719 Ludovici
1523 1661 1675 1731 regis
1711 1660 2090 1724 Francorum,
2127 1657 2278 1713 576

628 1760 862 1829 quando
894 1762 1139 1810 vocatus
1175 1757 1259 1809 est
1316 1753 1383 1808 ad
1428 1765 1673 1820 regnum
1718 1745 2168 1818 Neapolitanum
2225 1751 2282 1802 et

2408 587 2512 637 aut
2542 585 2756 637 Canem
2810 583 3209 640 Tocharorum
3244 601 3348 640 nec
3405 590 3567 657 Mepe
3621 589 3820 643 Iberia;
3868 590 4051 644 dicere

2399 672 2778 739 deberemus,
2814 673 2910 726 sed
2942 673 3096 744 regis
3129 690 3341 728 nomen
3379 691 3481 746 pro
3513 675 3643 730 istis
3665 676 3910 732 vocibus
3957 695 4047 750 po-

2398 777 2556 828 nere,
2591 763 2742 831 quod
2780 778 2954 816 nemo
2979 763 3332 831 probaverit.

2466 854 2744 920 Λαμπῖναι
2819 869 2851 922 p
2941 853 3060 904 156.
3137 851 3221 905 Ἐν
3277 849 3592 923 Iniurium.
3679 855 3760 908 lta
3812 860 4046 926 uterque

2393 939 2521 994 cod.
2556 943 2598 992 Β
2630 945 2685 993 et
2714 942 2791 994 A:
2828 956 2963 994 nam
2995 944 3125 994 Vat.
3161 940 3282 995 haec
3312 943 3579 996 comittit.
3610 943 3864 1013 Λαμπίνη
3906 947 4039 1016 quid

2394 1027 2492 1097 sit,
2527 1044 2641 1082 non
2677 1029 3226 1100 reperio.Nimirum
3260 1031 3344 1102 [P.
3378 1031 3506 1101 397]
3543 1048 3612 1086 ex
3656 1049 3766 1088 usu
3809 1034 4042 1090 fortasse

2393 1116 2606 1188 linguae
2637 1116 2898 1189 vulgaris
2924 1118 3262 1191 Pacbymeri
3300 1120 3648 1191 obrepserit,
3705 1126 3769 1176 ut
3801 1141 3816 1174 ι
3849 1140 3952 1194 pro
4008 1144 4038 1193 η

2393 1207 2449 1260 in
2484 1205 2590 1260 hoc
2623 1205 2907 1261 vocabulo
2941 1212 3218 1278 poneret:
3252 1224 3389 1263 nam
3422 1205 3690 1281 λαμπήνη
3738 1215 3879 1266 nota
3920 1213 4038 1283 jam

2389 1311 2496 1350 vox
2528 1299 2634 1350 est.
2656 1295 3019 1367 Hesychius:
3050 1298 3328 1366 Λαμπήνη
3380 1293 3521 1358 εἶδος
3579 1298 3792 1369 ἁμάξης
3845 1298 3926 1373 ἐφ’
3981 1300 4044 1368 ἧς

2391 1383 2650 1457 ὀχοῦνται
2683 1379 2838 1450 ἔνιοι,
2873 1383 3081 1453 ἀπήνη,
3125 1386 3160 1455 ἢ
3221 1386 3368 1460 ἅρμα
3419 1388 3881 1445 σκεπαστόνἨωο
3928 1390 4042 1458 ille,

2388 1489 2713 1544 congerens
2746 1474 2934 1529 multa
2963 1490 3093 1545 quae
3125 1474 3302 1529 simul
3337 1475 3629 1548 integram
3663 1477 3822 1532 vocis
3874 1494 4041 1548 quam

2389 1562 2640 1633 explicat
2672 1563 2982 1618 absolvunt
3015 1563 3331 1619 notionem.
3370 1566 3432 1619 Et
3463 1582 3605 1620 sane
3636 1569 3833 1622 omnia
3866 1584 4043 1639 quau-

2388 1653 2557 1707 drare
2590 1652 2863 1706 videntur
2905 1653 2961 1707 in
2997 1654 3154 1708 hunc
3181 1655 3370 1708 locum
3401 1663 3458 1708 et
3487 1655 3546 1709 in
3583 1661 3777 1710 mente
3801 1659 4045 1728 scripto-

2388 1739 2470 1793 ris
2525 1739 2673 1794 571
2733 1738 2939 1796 fuisse.
2996 1739 3101 1794 Illa
3183 1757 3354 1812 porro
3433 1743 3641 1797 verba:
3712 1744 3892 1798 Ταῦτα
3947 1744 4044 1819 γὰρ

625 1828 915 1909 Siculum,
971 1861 1168 1899 comes
1228 1846 1353 1896 erat
1403 1839 1732 1903 Provinciae,
1785 1837 1940 1890 unde
1998 1839 2154 1890 conte
2207 1837 2278 1890 ab
2311 1830 2523 1936 Βῆσαν
2555 1828 2617 1883 τὸ
2649 1829 2844 1902 πάλαι,
2887 1832 3161 1887 videntur
3210 1834 3498 1906 respicere
3559 1836 3772 1891 festum
3824 1843 4043 1893 Scene.

627 1938 786 1992 Italis
824 1941 962 1989 tunc
995 1938 1238 1988 vocatus
1271 1936 1361 1985 est
1390 1930 1458 1984 ad
1493 1924 2196 1998 regnumNeapalitanum
2228 1930 2284 1978 et

623 2027 908 2091 Siculum,
960 2039 1155 2078 comes
1201 2026 1325 2077 erat
1385 2018 1719 2083 Provinciis,
1771 2015 1930 2070 unde
1997 2021 2156 2070 conte
2213 2015 2285 2069 ab

627 2116 790 2170 Italis
829 2120 967 2168 tunc
999 2111 1333 2166 vocabatur.
1366 2114 1488 2174 Quo
1528 2108 1706 2162 etiam
1758 2109 2072 2159 contentus
2111 2102 2286 2158 titulo

629 2209 771 2258 tunc
817 2187 961 2268 erat,
1019 2201 1289 2272 princeps
1335 2197 1470 2252 licet
1517 2197 1574 2250 in
1625 2194 1830 2266 paucis
1878 2193 2194 2265 opulentus
2228 2197 2286 2248 et

629 2296 978 2366 praepotens,
1005 2289 1253 2360 dynasia
1283 2285 1612 2342 Sabaudiee.
1645 2289 2106 2349 Ganlacuzenus,
2159 2287 2196 2336 Ι.
2244 2299 2284 2347 1,

628 2398 681 2436 c.
716 2383 803 2447 40,
841 2398 896 2452 ρ.
935 2379 1036 2433 120
1065 2379 1156 2433 ed.
1222 2382 1376 2441 Reg:
1441 2373 1732 2429 Ἐπύθὸντο
1793 2372 1867 2434 ὡς
1912 2371 2008 2424 τοῦ
2046 2374 2146 2438 τῆς
2178 2377 2284 2423 Σα-

635 2463 836 2530 ϐωδίας
884 2471 1173 2542 ἄρχοντος,
1219 2466 1278 2520 ὃν
1319 2462 1509 2518 κόντον
1651 2463 1896 2516 Λατίνων
1947 2459 2170 2537 γλῶσσα
2218 2480 2286 2512 κα

633 2557 739 2631 λεῖ,
772 2565 882 2615 etc.
1173 2631 1177 2635 ‘

703 2642 1102 2701 Κοντοσκέλιον
1173 2662 1228 2716 p.
1291 2645 1411 2699 365.
1496 2641 1743 2713 Reperio
1824 2640 1979 2712 apud
2042 2643 2279 2694 Petrum

629 2735 881 2808 Gyllium
927 2736 985 2790 in
1033 2736 1219 2806 Topog.
1269 2734 1392 2788 urb.
1428 2734 1710 2789 Constant.
1758 2730 1798 2784 l.
1832 2747 1873 2793 1,
1907 2746 1956 2784 c.
1989 2729 2082 2795 20,
2117 2744 2283 2783 men-

629 2828 848 2881 tionem
885 2830 1064 2896 portis
1114 2823 1507 2892 Condcscalae,
1560 2838 1687 2891 quae
1737 2820 1931 2875 Graece
1980 2816 2285 2872 Κοντόσκε-

634 2930 734 2976 Λος
790 2915 901 2969 dici
943 2915 1150 2986 potuit.
1180 2913 1349 2968 Forte
1383 2911 1462 2966 illi
1500 2909 1755 2964 vicinum
1789 2916 1844 2964 et
1874 2925 1942 2964 ex
1967 2925 2034 2964 ea
2065 2923 2279 2962 nomen

632 3006 852 3060 ducens
884 3003 1086 3059 navale
1118 3002 1256 3057 olim
1285 3001 1437 3057 istad
1470 2997 2280 3063 fuitContosceliumdictum,

635 3096 789 3167 quod
835 3101 973 3150 tunc
1025 3095 1287 3149 dirutum
1352 3089 1979 3171 rete-dificarevoluisse
2037 3087 2284 3144 Michael

630 3188 925 3254 Augustus
959 3184 1051 3238 hic
1081 3183 1315 3238 dicitur.

2392 1919 2570 1990 pegiaa
2620 1925 2723 1974 aut
2770 1921 3303 1977 Tabernaculorum
3357 1941 3389 1978 a
3437 1923 3657 1979 Judaeis
3705 1926 3843 1980 olim
3906 1927 4048 1983 cele-

2391 2009 2546 2064 brari
2581 2009 2820 2064 solitum
2848 2011 2905 2064 in
2941 2013 3284 2066 memoriam
3317 2014 3445 2068 vitae
3477 2031 3508 2068 a
3547 2015 3817 2086 patribus
3852 2017 3908 2070 in
3962 2022 4046 2072 ta-

2389 2098 2723 2154 bernaculisl
2774 2104 3083 2155 transacta;
3132 2118 3234 2172 per
3311 2119 3497 2158 annos
3551 2105 3945 2174 quadraginta
3990 2107 4046 2160 in

2391 2188 2638 2244 deserto.
2674 2189 2793 2243 Etsi
2828 2195 3020 2245 autem
3057 2191 3359 2261 Scriptura
3392 2192 3489 2246 ubi
3524 2193 3633 2247 hoc
3654 2195 3868 2248 festum
3908 2213 4048 2264 prae-

2391 2277 2616 2342 scribit,
2651 2278 2984 2334 meminerit
3012 2285 3238 2334 tantum
3268 2281 3484 2336 diserte
3531 2283 4046 2340 tabernaculorum

2389 2369 2713 2419 erecturum
2764 2370 2926 2419 extra
2980 2366 3207 2434 domos,
3236 2367 3378 2421 satis
3409 2371 3603 2423 tamen
3646 2385 3894 2438 pronum
3921 2387 4046 2425 cre-

2393 2454 2514 2508 ditu
2549 2458 2638 2507 est
2671 2452 2938 2508 adhibita
2971 2455 3040 2510 ad
3066 2455 3222 2510 hunc
3251 2473 3425 2510 usum
3460 2456 3717 2527 plauslra
3748 2461 3931 2512 ramis.
3965 2461 4043 2513 κί-

2393 2544 2659 2598 rentibus
2693 2561 2947 2616 superne
3005 2550 3179 2619 tecta,
3231 2552 3288 2601 et
3337 2553 3543 2602 caetero
3599 2549 3911 2618 splendore
3951 2568 4048 2605 va-

2392 2633 2462 2687 rii
2515 2638 2763 2688 ornatus
2820 2635 3068 2707 agrestis
3109 2636 3441 2692 festivitatis
3487 2638 3694 2691 laetitiae
3749 2639 4048 2694 celebran-

2391 2722 2479 2777 da:
2563 2725 2960 2790 accomodata,
3050 2741 3177 2795 quae
3265 2725 3358 2780 hic
3462 2726 3672 2781 Noster
3774 2726 4047 2797 λαμ-πίνας

2390 2817 2576 2867 vocat.

2461 2907 2806 2975 Λειτουργεῖν
2864 2921 2921 2975 p.
2967 2904 3091 2960 374.
3144 2904 3263 2959 Hoc
3321 2904 3445 2960 loco
3479 2922 3571 2960 res
3602 2905 3730 2977 ipsa
3761 2907 3947 2978 exigit
3981 2915 4042 2963 ut

2386 2989 2449 3043 τὸ
2499 2988 2834 3064 λειτουργεῖν
2893 3009 3008 3047 non
3055 2993 3404 3064 simpliciter
3443 3000 3611 3049 sonet
3644 2996 3890 3051 missam
3926 2998 4047 3052 sive

2389 3097 2616 3136 sacram
2676 3080 2977 3152 liturgiam
3024 3081 3340 3152 celebrare,
3393 3084 3491 3137 sed
3543 3083 3598 3137 id
3625 3084 3815 3140 facere
3871 3086 4050 3141 simul

2389 3186 2522 3226 cum
2559 3169 2802 3239 Latinis,
2838 3171 2910 3225 iis
2943 3187 3060 3225 una
3111 3171 3638 3239 communicando;
3665 3174 3723 3228 in
3777 3191 3896 3246 quo
3927 3181 4053 3230 erat

696 3242 1076 3346 nepam-36a;
1112 3292 1166 3345 p.
1204 3274 1325 3326 450.
1361 3272 1614 3326 Pronum
1651 3269 1955 3340 suspicatu
2016 3271 2104 3324 est
2163 3266 2272 3321 lin-

2395 3259 2506 3313 sita
2539 3259 2936 3315 schismaticis
2966 3260 3182 3316 amotio
3217 3275 3227 3314 :
3285 3277 3420 3316 nam
3448 3260 3814 3316 schismatici
3867 3264 4048 3319 Graeci

621 3380 736 3434 gua
776 3368 1072 3432 Mysorum
1133 3363 1473 3417 cordocubze
1525 3359 1874 3416 vocabulum
1926 3357 2148 3428 aliquid
2209 3373 2277 3410 ex

620 3453 794 3507 oleris
820 3454 1056 3507 notione
1089 3453 1347 3518 duxisse,
1393 3455 1782 3522 prOpagatum
1828 3449 1973 3502 forte
2029 3463 2096 3502 ex
2127 3463 2274 3517 qua-

620 3543 755 3596 dam
786 3544 1159 3612 corruptione
1189 3545 1394 3596 Graeca:
1419 3539 1574 3594 vocis
1604 3538 1877 3612 κόρχορος
1904 3535 2268 3592 notissimam

617 3630 986 3702 designantis
1018 3630 1190 3686 oleris
1222 3630 1500 3700 speciem,
1532 3634 1589 3684 et
1619 3628 1845 3700 vulgari
1872 3626 2013 3682 olim
2065 3625 2271 3697 adagio

617 3719 908 3775 celebrate
934 3737 946 3774 :
978 3718 1075 3773 Καὶ
1107 3718 1386 3793 κόρχορος
1415 3716 1469 3772 ἐν
1497 3715 1783 3792 λαχάνοις.

687 3806 1037 3883 Κορτινάριοι
1065 3827 1121 3880 p.
1157 3811 1282 3864 321.
1316 3811 1578 3874 Qnatuor
1607 3824 1822 3880 genera
1869 3809 2270 3880 palatinorum

613 3900 1023 3955 ministrorum
1055 3901 1344 3971 gradatim
1378 3899 1667 3971 dignitate
1700 3900 2026 3954 crescentia
2048 3917 2268 3955 memo-

613 3996 723 4055 rat,
760 3990 1133 4046 Bardariotas
1159 3991 1291 4044 ostii
1326 3990 1600 4044 custodes
1634 3989 1825 4044 instar
1848 3989 2268 4059 Helvetiorum,

608 4080 978 4148 cortinarios,
1012 4079 1406 4135 cubicularios
1437 4086 1490 4134 et
1552 4078 2021 4134 admisaionales.
2081 4080 2266 4135 Corti-

611 4171 762 4224 narii
794 4169 976 4224 fuisse
1012 4169 1070 4224 in
1105 4169 1297 4224 aulico
1330 4167 1606 4224 satellitio
1642 4169 1677 4221 ii
1711 4169 2265 4240 videnlur,quorum

609 4263 736 4314 erat
760 4275 978 4315 munus
1010 4260 1081 4314 ad
1117 4259 1428 4327 cortinam,
1450 4261 1614 4312 extra
1657 4257 1850 4312 velum
1885 4258 2184 4328 intimum,
2212 4261 2267 4315 la

608 4352 834 4406 Patiera
866 4349 1122 4405 cubiculi
1157 4349 1322 4419 regii,
1357 4349 1679 4420 praestolari
1713 4349 1941 4404 subitos
1982 4357 2160 4406 nutus
2209 4361 2266 4407 et

604 4432 850 4494 fortuita
881 4439 1129 4511 imperia
1170 4439 1477 4511 principis,
1513 4445 1570 4493 et
1599 4437 2062 4495 admissionibus
2087 4441 2261 4495 mini-

603 4534 718 4584 stra
728 4546 808 4584 re.

2386 3347 2624 3403 Latinos
2659 3353 2723 3402 ut
2753 3365 2821 3404 ex
2853 3349 3326 3404 communicatos
3365 3353 3423 3403 et
3471 3349 3774 3406 hiereticos
3818 3353 3878 3406 in
3915 3369 4052 3408 con—

2385 3437 2634 3493 sortium
2671 3454 2975 3493 sacrorum
3009 3439 3318 3493 admittere
3351 3441 3720 3495 recusabont.

2455 3527 2634 3586 Λὲπας
2684 3544 2740 3598 p.
2796 3527 2920 3582 385.
2972 3526 3060 3587 Ὠς
3126 3524 3296 3588 λέπας
3351 3526 3570 3602 πέτρας.
3607 3529 3781 3585 Vetus
3812 3547 4050 3601 prover-

2382 3615 2546 3670 bium
2578 3631 2646 3670 ex
2677 3614 3063 3686 Aristophane
3094 3615 3151 3669 in
3185 3615 3378 3683 Pluto,
3413 3616 3513 3672 ubi
3541 3617 3927 3690 Chremylum
3961 3622 4047 3675 sic

2382 3707 2725 3779 loquentem
2759 3707 2899 3762 facit
2922 3709 3032 3763 sub
3064 3708 3242 3762 ﬁnem
3271 3725 3283 3763 :

2450 3851 2537 3908 Ὡς
2567 3847 2821 3924 εὐτό-νῳς,
2854 3849 2897 3901 ὦ
2931 3852 3027 3902 Ζεῦ
3062 3848 3308 3924 Basilici},
3342 3850 3403 3903 τὸ
3437 3847 3663 3924 γρᾳδιον

2467 3870 2537 3908 υς
2567 3870 2821 3916 ευτονως,
2854 3871 2897 3901 ω
2931 3870 3027 3902 Leu
3062 3870 3308 3922 μκσιΑευ,
3342 3871 3403 3903 το
3477 3870 3663 3924 ρᾳοιον

2449 3924 2650 3995 ’Ὠσπερ
2683 3919 2853 3982 λέπας
2884 3926 2964 3992 τῷ
2997 3921 3267 3996 μειρακίῳ
3291 3870 3679 3998 προσῖσχεται·

2377 4067 2448 4122 ad
2484 4083 2657 4137 quem
2691 4066 2886 4121 locum
2913 4066 2995 4121 sic
3025 4067 3269 4122 adnotat
3285 4071 3452 4122 vetus
3476 4067 4046 4130 scholiasteszAtm;

2375 4154 2687 4229 κογχύλιον
2720 4152 2967 4231 ἐφιζάνον
2996 4160 3116 4217 ταῖς
3147 4155 3390 4229 πέτραις,
3426 4157 3504 4209 ὅτ’
3558 4157 3753 4220 αὐταῖς
3781 4162 4046 4233 προσπή-

2374 4265 2586 4318 γνυται,
2661 4240 3124 4305 δυσαποσπάστως
3192 4242 3346 4318 ἔχον,
3424 4242 3639 4299 ἐπειδάν
3714 4268 3798 4306 τις
3875 4248 4043 4301 αὐτοῦ

2380 4332 2679 4408 βουληθείη
2719 4329 2926 4387 Λαϐεἲν.
2961 4335 3192 4390 Similia
3241 4336 3396 4390 idem
3457 4339 3621 4392 docet
3665 4339 3733 4392 ad
3800 4357 4045 4395 versum

2377 4425 2531 4480 hunc
2563 4425 2742 4480 alium
2778 4425 3039 4493 ejusdem
3074 4424 3486 4495 AristOphanis
3543 4427 3600 4480 in
3661 4429 3866 4499 l’espz‘s,
3927 4447 4044 4485 non

2372 4515 2544 4588 longe
2573 4533 2607 4572 a
2633 4515 2943 4587 principio.

668 4617 908 4693 Κορυφώ
944 4635 999 4690 p.
1031 4619 1157 4673 508.
1191 4618 1295 4674 Est
1352 4618 1448 4673 hic
1507 4617 1740 4694 Κορυφώ
1791 4619 2086 4674 recentius
2150 4637 2253 4676 no-
2287 4614 2331 4678 D

594 4724 728 4763 mea
779 4708 985 4763 insulas
1044 4708 1323 4780 Corcyrae,
1376 4706 1547 4762 hodie
1603 4712 1661 4762 et
1711 4723 1780 4761 ex
1833 4707 2054 4778 aliquot
2097 4716 2251 4767 retro

593 4797 825 4853 saeculis
883 4797 1062 4869 vulgo
1096 4797 1259 4865 Corfa
1318 4797 1508 4860 dictae,
1544 4797 1700 4868 quod
1754 4797 1883 4852 ideo
1916 4797 2165 4854 retinere
2194 4802 2253 4857 in

592 4886 1076 4958 interpretatione
1149 4886 1351 4953 debui,
1397 4884 1881 4956 quandoquidem
1950 4887 2006 4941 id
2051 4895 2259 4945 auctor

588 4977 784 5031 sciens
817 4976 1112 5048 insurpat,
1146 4975 1323 5030 veteri
1353 4975 1467 5030 sibi
1502 4992 1615 5030 non
1663 4975 1860 5045 ignoto
1919 4979 2253 5048 praeferens,

588 5066 669 5118 uti
703 5066 881 5120 etiam
915 5065 974 5120 in
1012 5062 1208 5135 Μορὲῳ
1241 5065 1327 5120 vel
1362 5065 1677 5137 Mopéqi,pro
1736 5065 2162 5137 Peloponneso,
2195 5075 2253 5124 et

2474 4654 2840 4731 Προκαθξῦδει
2869 4655 2994 4731 πρῲ
3022 4655 3162 4731 πάνρ

2466 4728 2666 4804 Ὥσπερ
2696 4728 2866 4793 λέπας
2896 4728 3313 4805 τὶρᾶσεχόμενος
3345 4734 3423 4802 τῷ
3454 4730 3620 4788 κίονι.

2368 4877 2527 4933 Idem
2551 4877 2649 4933 alii
2673 4878 2994 4949 scriptores
3043 4877 3313 4933 tradunt.
3361 4878 3634 4948 Lepadem
3678 4879 3833 4936 hanc
3895 4899 4039 4938 con-

2365 4968 2534 5024 cham
2570 4967 2816 5022 Plautus
2849 4968 3048 5021 Latine
3075 4973 3244 5022 vocat
3293 4983 3408 5022 non
3441 4968 3643 5023 semel.
3681 4969 3919 5028 Plinius
3954 4981 4039 5028 ta-

2365 5073 2498 5111 men
2528 5057 2764 5111 videtur
2794 5057 3087 5110 buccinnm
3120 5055 3435 5127 appellare.
3472 5056 3578 5111 Ubi
3614 5059 3772 5114 enim
3827 5060 3869 5114 l.
3910 5080 4033 5128 xix,

581 5156 641 5210 in
679 5156 980 5210 similibus
1016 5155 1172 5212 fecit.
2362 5162 2410 5215 ο,
2444 5146 2533 5212 36,
2570 5145 2860 5200 buccinum
2894 5144 3041 5199 dixit
3071 5162 3200 5200 esse
3229 5148 3505 5201 minorem
3536 5146 3808 5202 concham
3826 5153 3917 5205 ad
3947 5152 4031 5206 εἰ·

654 5243 856 5312 Κεάλις
916 5245 955 5300 ι,
1018 5263 1072 5312 ν,
1132 5263 1185 5300 ο,
1245 5247 1298 5300 6,
1341 5250 1500 5314 Saepe
1563 5245 2248 5318 nomiumpachymepes
2359 5236 2739 5291 militudinem
2763 5237 2878 5302 eius
2909 5236 3129 5290 διισσίπὶ
3156 5251 3261 5307 quo
3308 5252 3480 5291 sonu:
3514 5236 3685 5303 edita,
3743 5239 3896 5294 unde
3948 5253 4031 5294 est

578 5333 791 5407 Κραλιν
851 5328 1124 5408 segem;
1186 5352 1361 5404 quam
1424 5352 1625 5390 vocem
1671 5335 1777 5390 etsi
1816 5353 1928 5390 non
1981 5337 2184 5408 ignoro
2218 5358 2251 5394 a

2388 5343 2528 5381 ausa
2561 5325 2796 5389 nomini,
2836 5324 3007 5397 paulo
3042 5331 3174 5397 post
3207 5325 3412 5381 addit:
3450 5326 3746 5382 buccinum
3791 5329 4032 5383 nonnisi

577 5427 939 5495 quibusdam
977 5442 1078 5496 pro
1113 5424 1468 5497 appellativa
1507 5425 1693 5495 accipi
1731 5425 2116 5496 equivalente
2147 5445 2246 5483 vo-

2388 5417 2526 5471 stris
2556 5415 2825 5482 adhzrret,
2861 5416 3125 5486 circaque
3147 5417 3392 5486 scapulas
3425 5415 3637 5482 legitur
3667 5418 3765 5486 (1).

576 5517 783 5571 cabulo
815 5511 1094 5588 βασιλεύς,
1129 5521 1324 5569 tamen
1357 5531 1491 5569 cum
1525 5521 1581 5570 et
1625 5516 1832 5569 Noster
1863 5520 1919 5569 ct
1949 5518 2244 5572 Cantacu-

2428 5504 2750 5576 Μακιρίτης
2803 5522 2858 5575 p.
2900 5505 3025 5558 282.
3063 5525 3114 5558 υ.
3167 5503 3262 5558 Ἐκ
3323 5505 3604 5578 Γερμᾶνου
3653 5509 3748 5559 τοῦ
3784 5507 4020 5581 μακαρέ-

570 5622 754 5658 Ζοηυε
813 5609 869 5659 εει
915 5604 1014 5658 an,
1077 5621 1205 5658 cum
1271 5603 1585 5670 retineant,
1671 5619 1774 5657 nec
1852 5604 2026 5658 verbo
2087 5604 2241 5677 βασι-
2351 5616 2465 5650 τον.
2497 5596 2829 5667 Aliquando
2859 5595 3108 5649 credidit
3139 5595 3439 5666 designari
3474 5595 3583 5650 hoc
3620 5596 3746 5652 loco
3779 5597 3838 5652 S.
3877 5599 4017 5653 Ger-

573 5691 697 5753 λεύς
734 5698 1254 5759 commutent,non
1287 5693 1553 5763 estquod
1586 5710 1691 5748 nos
1715 5693 2060 5749 dubitemus
2083 5697 2237 5750 idem

2388 5703 2598 5742 nanum
2631 5689 2694 5740 P.
2729 5685 2790 5741 C.
2821 5685 3060 5757 scriptis
3090 5685 3338 5752 clarum,
3357 5686 3682 5758 quiCbristi
3716 5705 3870 5744 anno
3888 5690 4015 5751 7H,

643 5813 721 5881 (1)
758 5813 835 5867 Cf.
876 5811 1136 5867 Glossar.
1173 5811 1445 5865 alterum.
