4210 6448
216 377 348 431 1041

1682 378 2028 435 GLOSSARI
2038 383 2159 435 ΟΜ.

3479 378 3616 434 1042

214 502 540 572 imperante
570 500 883 555 Anastasio
913 502 1199 573 Augusto,
1232 519 1299 556 ex
1328 503 1601 573 Cyzicena
1633 505 1769 557 sede
1802 503 1858 557 in
1892 506 1945 569 Α
1974 503 2106 569 ἦσαν
2164 522 2175 557 ;
2220 505 2491 559 διηιιὶίισν
2536 513 2719 559 autem
2753 509 2804 558 et
2849 503 3309 558 Mummarhutum
3336 511 3387 559 et
3418 502 3614 559 Meliti-

211 588 912 659 Constantiuopolitanam
939 594 1027 643 est
1052 590 1396 645 translatus.
1432 590 1767 661 lmpellebat
1790 594 1860 647 ad

214 679 295 734 sic
327 678 687 749 epinandum
721 678 936 733 mentio
969 679 1333 749 antiquitatis
1367 680 1454 735 bis
1488 680 1594 736 hoc
1625 680 1747 735 loco
1782 698 1861 735 re-

208 770 407 839 petita,
432 768 600 840 quasi
625 769 1254 823 indicansGermanum
1281 769 1437 825 hunc
1465 770 1858 841 patriarcham

211 874 428 911 novum
461 873 529 912 ex
580 856 786 912 ultima
827 862 1113 912 vetustate
1160 861 1425 931 exempla
1474 863 1530 914 et
1575 866 1859 931 praecepta

212 946 592 1001 emendandae
626 945 887 1002 Ecclesiae
922 947 1055 1002 inde
1088 965 1274 1019 usque
1298 949 1368 1003 ab
1392 949 1533 1003 actis
1549 953 1604 1004 et
1620 949 1855 1020 scriptis

211 1037 400 1090 sancti
425 1034 700 1091 Germani
728 1052 1019 1091 accersere
1052 1038 1371 1092 studuisse.
1406 1041 1620 1092 Verum
1667 1055 1725 1093 re
1770 1044 1853 1092 at-

206 1127 431 1183 tentius
462 1127 833 1182 considerata
858 1128 1217 1199 probabilius
1249 1129 1573 1185 existimavi
1606 1130 1699 1201 agi
1746 1130 1855 1185 hoc

202 1214 329 1270 loco
362 1216 431 1270 de
463 1217 747 1271 Germano
785 1217 953 1289 longe
983 1219 1321 1274 recentioris
1353 1221 1646 1275 memoria:
1673 1222 1854 1291 patri-

203 1303 404 1373 archa,
437 1306 609 1374 cujus
640 1317 889 1360 mortem
920 1311 974 1360 et
1006 1306 1259 1377 elogium
1292 1307 1471 1363 habes
1514 1308 1663 1365 578
1698 1309 1849 1379 apud

205 1394 602 1464 Acropolitam
641 1394 696 1449 in
731 1394 977 1466 imperio
1000 1395 1244 1451 Joannis
1276 1397 1442 1452 Ducas
1464 1402 1708 1453 Batatzae
1742 1398 1851 1452 sub

201 1499 317 1553 quo
352 1483 549 1537 ﬂoruit
585 1484 830 1557 ε”Ετυχε
888 1484 981 1555 μὲν
1040 1485 1145 1557 πρὸ
1202 1490 1395 1559 καιροῦ
1437 1487 1527 1539 τὸν
1579 1487 1849 1559 πατριάρ-

200 1589 311 1643 χην
357 1571 632 1645 Γερμανὸν
679 1571 745 1625 τὰ
792 1570 925 1645 τῇδε
975 1572 1345 1629 καταλιπόντα
1392 1576 1528 1649 πρὸς
1567 1576 1659 1637 τὰς
1707 1575 1851 1636 Θείας

202 1658 407 1730 ἀπᾶραι
468 1660 690 1730 σκηνὰς,
736 1666 921 1723 καλῶς
965 1662 1053 1716 καὶ
1086 1662 1248 1725 ὁσίως
1298 1664 1564 1737 βιώσαντα
1615 1665 1703 1719 καὶ
1752 1684 1851 1718 κα-

202 1746 317 1809 λῶς
375 1750 473 1817 τήν
530 1749 695 1804 αὐτοῦ
754 1750 1095 1822 ποιμάναντα
1160 1752 1423 1825 ποίμνην.
1485 1756 1577 1811 Sic
1636 1762 1845 1826 Acrop.

203 1856 259 1909 p.
318 1839 555 1941 §9_Hist.
616 1840 687 1896 Ut
724 1840 883 1941 hunc
943 1844 1135 1941 potius
1187 1844 1433 1899 indicari
1482 1844 1575 1898 hic
1624 1850 1845 1916 putem,
1878 1876 1925 1941 Β

200 1929 413 1983 suadet
440 1945 549 1984 vox
582 1928 885 1999 μακαρίτης
919 1931 1147 1987 civilem
1199 1934 1387 2003 magis
1430 1934 1598 2005 quasi
1640 1951 1845 2006 quem-

201 2018 363 2084 dam,
395 2034 463 2072 ex
495 2035 602 2073 usu
637 2018 993 2086 Graecorum,
1027 2038 1202 2091 quam
1237 2022 1597 2094 religiosum,
1654 2022 1845 2094 qualis

196 2105 418 2160 sanctis
459 2107 530 2160 ab
584 2106 837 2163 Ecclesia
884 2110 1192 2165 declaratis
1246 2112 1510 2183 debetur,
1563 2113 1839 2167 honorem

195 2196 539 2266 designans,
568 2197 628 2269 [P
655 2198 781 2268 398]
818 2204 1092 2269 praeterea
1121 2202 1498 2258 recentiorem
1523 2202 1841 2274 quamdam

194 2284 610 2341 defunctorum
644 2287 987 2345 memoriam
1032 2290 1317 2346 indicans.
1362 2292 1482 2347 Non
1529 2294 1684 2347 enim
1741 2292 1841 2364 qui

192 2377 329 2428 ante
354 2374 538 2429 multa
570 2375 785 2431 saeula
816 2382 957 2433 sunt
985 2380 1224 2437 mortui.
1261 2397 1395 2435 cum
1453 2382 1838 2448 nominantur,

195 2465 491 2533 μακαρὶται
543 2463 657 2517 dici
704 2464 910 2530 solent.
957 2467 1056 2521 sed
1103 2466 1153 2518 οἱ
1206 2468 1533 2542 προσφάτως
1589 2466 1841 2538 τελευτή-

190 2570 400 2617 σαντες,
435 2568 583 2623 quos
615 2554 713 2625 qui
748 2554 998 2609 viderint
1024 2556 1215 2612 adhuc
1257 2560 1471 2614 vivant.
1511 2560 1604 2615 Sic
1662 2559 1840 2629 hujus

192 2639 324 2694 libri
360 2656 410 2695 c.
443 2642 533 2710 23,
568 2644 793 2698 Irenem
836 2649 1162 2716 Augustam
1195 2646 1437 2703 Joannis
1473 2650 1640 2703 Ducze
1700 2665 1838 2703 uxo-

191 2744 335 2795 rem,
390 2746 521 2802 quas
559 2734 933 2788 commodum
979 2736 1181 2790 eodem
1230 2752 1364 2791 eum
1397 2738 1505 2793 hoc
1551 2738 1839 2794 Germano

191 2818 423 2874 vixerat
472 2825 735 2892 tempore
765 2826 818 2877 et
850 2827 983 2878 ante
1026 2822 1217 2879 virum
1276 2826 1626 2891 decesserat,
1666 2846 1839 2898 μακα-

197 2903 374 2979 ρίτιδα
409 2917 589 2965 vocat.
632 2910 802 2966 Nullo
834 2912 1027 2984 agitur
1058 2916 1228 2970 modo
1261 2916 1378 2983 agit
1408 2916 1515 2972 hoc
1562 2916 1684 2972 loco
1734 2917 1837 2972 Pa-

195 2996 503 3069 cbymeres
533 2999 604 3053 de
633 3006 836 3056 sancto
868 3001 1152 3058 Germano
1176 3004 1506 3076 patriarcha
1548 3006 1645 3061 illo
1678 3011 1839 3061 vetu-

192 3085 481 3157 stissimo,
514 3105 690 3159 quem
720 3090 768 3145 si
816 3091 1163 3161 nominaret,
1212 3112 1325 3151 non
1379 3094 1704 3167 μακαρίτην,
1736 3098 1836 3150 sed

195 3173 460 3249 μακάριον
495 3178 731 3245 diceret,
762 3197 961 3236 verum
994 3183 1065 3237 de
1106 3183 1217 3239 isto
1265 3184 1446 3240 altero
1477 3185 1577 3256 qui
1635 3184 1837 3257 viginti

191 3266 423 3321 circiter
454 3268 624 3323 annis
656 3269 817 3340 prius
848 3271 1197 3341 decesserat,
1227 3275 1569 3331 memoriam
1602 3275 1694 3331 sui
1718 3276 1837 3331 lau-
1866 3248 1911 3312 Ο

189 3354 447 3411 debilem
480 3357 838 3430 relinquens.

255 3443 628 3516 Μαμάκουθος
676 3449 753 3519 (1)
811 3466 867 3520 p.
922 3449 1051 3505 369.
1110 3451 1415 3525 Vituperat
1468 3453 1561 3510 hic
1619 3454 1838 3527 Pachy-

194 3550 383 3591 meree
416 3538 811 3608 patriarcham
859 3545 915 3595 et
963 3542 1275 3614 antistites,
1328 3545 1427 3617 qui
1466 3546 1517 3601 ei
1576 3547 1836 3613 aderant,

190 3626 344 3695 quod
402 3643 517 3681 non
569 3629 784 3684 acriter
830 3631 1162 3688 obstilerint
1199 3634 1399 3705 primas
1458 3636 1839 3708 prepositioni

190 3713 687 3772 reconciliationis
745 3718 1014 3776 Ecclesiae
1055 3726 1261 3778 Graecae
1311 3741 1444 3780 cum
1502 3725 1721 3794 Latina,
1754 3726 1837 3781 sic

190 3820 367 3858 suum
402 3803 667 3861 animum
717 3810 1032 3866 ostendens
1074 3812 1378 3869 schismati
1433 3815 1733 3871 addictum
1783 3819 1839 3871 et

191 3909 465 3948 aversum
498 3912 533 3949 a
563 3912 723 3965 pace,
758 3902 1057 3971 utcunque
1098 3901 1260 3957 aliud
1300 3903 1616 3975 aliquando
1652 3906 1840 3960 simu-

189 3980 422 4038 laverit.
454 3983 857 4054 Μαμακούθους
888 3994 1081 4046 autem
1117 3995 1344 4049 Graecos
1378 3992 1509 4049 illos
1560 3996 1837 4067 praesules

189 4076 381 4138 vocat,
416 4072 678 4130 stultitiae
713 4076 846 4133 illos
876 4078 1248 4151 insimulans,
1284 4088 1347 4137 ut
1377 4085 1654 4152 ostendit,
1682 4085 1836 4155 quod

191 4176 331 4217 mox
360 4163 631 4235 adjungit
660 4167 828 4235 quasi
881 4170 1217 4227 declarandi
1270 4173 1473 4243 gratia,
1501 4171 1836 4242 ἀναισθήτως

184 4252 291 4302 τῶν
344 4252 736 4323 πραττομένων
764 4249 1009 4329 ἔχοντες.
1054 4260 1115 4314 Id
1171 4278 1341 4332 porro
1392 4264 1655 4318 vocabuli
1711 4282 1836 4319 mu-

186 4344 392 4395 tuatus
426 4342 656 4398 videtur
684 4362 719 4399 a
750 4362 858 4401 suo
888 4348 1194 4420 Hesychia,
1229 4368 1399 4421 quem
1453 4353 1668 4408 librum
1726 4354 1838 4425 ipsi

188 4429 377 4485 fuisse
438 4429 781 4489 familiarem
842 4453 909 4492 ex
956 4437 1087 4494 aliis
1141 4439 1283 4496 locis
1315 4442 1737 4514 {intelligimus
1774 4446 1836 4500 In

191 4517 465 4591 Hesychii
497 4537 629 4578 vero
664 4523 846 4581 lexico
878 4525 1049 4582 hodie
1082 4528 1295 4601 legitnr
1328 4531 1686 4602 Μαιμάκυθος,
1719 4554 1836 4603 μω-

1972 593 2126 661 dem,
2179 609 2386 648 necnon
2456 593 2891 664 Amphi-ztidem,
2949 592 3045 662 qui
3088 593 3319 647 celebres
3386 593 3611 648 insania

1970 683 2150 753 fuere.
2186 682 2289 736 Ubi
2324 684 2615 754 signiﬁcat
2644 683 2757 737 ista
2790 683 3020 754 propria
3052 682 3229 736 fuisse
3262 682 3493 736 nomina
3523 682 3610 735 in-

1971 788 2247 826 sanorum
2272 774 2825 842 quorumdam,quce
2850 771 3056 825 deinde
3076 771 3130 824 in
3158 770 3439 825 similium
3465 770 3609 841 ipsis

1968 860 2416 930 appellationem
2444 861 2725 916 translata
2756 860 2987 924 fuerint,
3013 864 3183 931 prout
3205 859 3273 913 de
3296 860 3490 914 Sanna
3512 876 3607 913 no-

1969 950 2232 1004 minatim
2263 951 2688 1018 observaverat,
2710 952 2791 1005 sic
2814 955 2982 1004 antea
3001 949 3263 1004 scribens
3286 948 3407 1002 ετὸν
3424 948 3609 1020 μωρὸν

1966 1034 2188 1109 οἴδαμεν
2224 1037 2424 1092 Σάνναν
2470 1036 2749 1092 καλεῖσθαι
2789 1039 2859 1093 ὡς
2909 1035 3012 1090 ἀπό
3061 1056 3207 1099 τινος
3249 1035 3438 1108 κυρίου
3489 1035 3607 1089 ὀνό-

1963 1148 2151 1198 ματος.
2216 1130 2455 1184 Stultum
2492 1132 2692 1184 scimus
2741 1130 2993 1184 Sannom
3038 1128 3221 1183 vocari
3271 1137 3536 1198 tanquam
3572 1144 3607 1183 α

1963 1218 2193 1288 quodam
2244 1220 2463 1291 propria
2523 1222 2762 1274 nomine.
2822 1219 3002 1288 Cujus
3060 1218 3141 1272 rei
3202 1222 3409 1272 testem
3470 1217 3607 1272 facit

1963 1306 2115 1361 579
2139 1307 2433 1361 Cratinum
2471 1306 2781 1371 comicum,
2813 1305 2894 1359 ita
2918 1305 3189 1359 continue
3212 1304 3599 1374 subjungens:

1962 1392 2065 1449 Καὶ
2144 1397 2433 1467 παράγεται
2507 1397 2763 1468 Κρατῖνος
2821 1388 3103 1464 κωμῳδῶν
3176 1394 3427 1445 τοιοῦτον
3508 1390 3599 1445 τὸν

1961 1482 2286 1554 secandam
2334 1484 2554 1541 Σάνναν.
2588 1488 2736 1551 Quia
2769 1503 2897 1541 vero
2930 1484 3278 1540 Eustathius
3318 1488 3599 1539 constan-

1964 1580 2047 1631 ter
2069 1576 2218 1631 hanc
2249 1594 2442 1632 vocem
2485 1594 2616 1632 cum
2642 1576 2861 1648 duplici
2899 1596 2938 1645 μ
2967 1574 3193 1641 scribit,
3245 1573 3389 1627 forte
3419 1572 3502 1627 sic
3534 1590 3602 1628 ea

1960 1667 2115 1737 apud
2150 1667 2579 1738 Pachymerem,
2611 1672 2667 1721 et
2698 1666 2745 1721 si
2781 1665 2955 1721 ambo
2986 1664 3153 1719 codd.
3175 1663 3378 1734 Optimi
3406 1663 3444 1717 Β
3468 1667 3525 1716 et
3556 1668 3601 1718 A

1959 1756 2323 1811 concorditer
2343 1772 2475 1811 cum
2512 1756 2681 1811 unico
2716 1776 2755 1826 μ
2785 1754 3061 1819 scribant,
3092 1752 3597 1807 emendandafue-

1960 1844 2053 1898 rit.
2090 1844 2405 1901 Vaticanus
2436 1844 2618 1900 solitae
2650 1844 2759 1899 sibi
2796 1843 3041 1898 licentiae
3087 1842 3143 1895 in
3178 1841 3283 1896 hoc
3348 1858 3458 1913 prae
3493 1857 3596 1895 cae-

1958 1935 2097 1989 teris
2128 1934 2314 2005 capite
2346 1933 2677 2005 indulgens,
2712 1949 2843 1987 cum
2878 1932 2992 1987 alia
3017 1932 3229 2003 passim
3263 1930 3319 1984 in
3361 1946 3426 1985 eo
3458 1930 3599 1984 seri-

1956 2028 2051 2096 pta
2083 2024 2273 2079 verbis
2306 2024 2523 2095 quibus
2565 2023 2736 2078 libuit
2778 2022 2958 2088 effert,
3006 2026 3127 2075 tum
3185 2021 3242 2074 in
3302 2020 3411 2074 hac
3462 2034 3595 2074 voce

1954 2114 2193 2184 quidam
2242 2116 2581 2183 καινοτομεῖ.
2642 2113 2734 2167 Sic
2792 2111 2945 2167 enim
3000 2110 3175 2165 habet
3220 2127 3232 2165 :
3310 2106 3595 2163 Μάκουθοί

1951 2220 2088 2262 τινες
2122 2202 2288 2263 ὅντες.
2324 2202 2568 2257 Videtur
2597 2206 2790 2257 autem
2827 2218 2893 2255 ex
2925 2199 3034 2254 alia
3065 2198 3288 2270 origine
3328 2197 3477 2252 hanc
3503 2214 3599 2252 vo-

1954 2309 2078 2347 cem
2112 2308 2427 2359 accersere,
2464 2308 2567 2346 nec
2595 2291 2701 2346 viri
2732 2288 3050 2362 singularis
3082 2288 3217 2343 olim
3252 2287 3433 2342 fuisse
3494 2304 3594 2342 no-

1955 2398 2084 2438 men
2118 2380 2416 2453 proprium
2449 2397 2785 2453 agnoscere,
2820 2379 2920 2434 sed
2963 2381 3339 2449 propagatam
3392 2381 3595 2448 putare

1950 2488 2017 2527 ex
2050 2472 2220 2527 verbo
2284 2474 2511 2542 μακοᾷν,
2556 2471 2710 2542 quod
2761 2468 3079 2540 Hesychius
3136 2467 3373 2538 exponit
3420 2484 3592 2539 παρα-

1951 2566 2189 2636 φρονεῖν,
2231 2561 2647 2634 προσποιεῖσθαι
2701 2579 2774 2632 μη
2827 2555 3063 2623 ἀκούειν,
3107 2556 3377 2627 desipere,
3422 2556 3595 2609 simu-

1951 2652 2068 2707 lare
2099 2667 2154 2705 se
2186 2667 2291 2706 non
2323 2652 2537 2711 audire.
2582 2651 2645 2705 Et
2677 2650 2827 2703 hanc
2862 2648 3235 2719 potissimum
3276 2646 3594 2701 secundam

1952 2740 2308 2796 dissimulati
2340 2741 2576 2795 auditus
2608 2739 2902 2794 notionem
2937 2736 3073 2792 huic
3096 2737 3180 2809 sic
3206 2752 3239 2790 a
3279 2752 3340 2790 se
3384 2734 3597 2789 decur-

1951 2836 2067 2887 tato
2098 2830 2377 2886 vocabulo
2409 2827 2735 2900 imputandi
2758 2826 3121 2884 occasionem
3159 2826 3404 2880 fortasse
3434 2842 3595 2879 sum-

1951 2921 2131 2991 pserit
2162 2936 2229 2974 ex
2251 2936 2338 2986 eo,
2373 2920 2528 2990 quod
2563 2917 2731 2989 paulo
2755 2917 3027 2987 superius
3057 2915 3276 2986 legerat
3304 2914 3459 2985 apud
3492 2930 3593 2967 au-

1948 3014 2186 3075 ctorem,
2234 3008 2627 3081 patriarcham
2675 3023 2807 3063 cum
2840 3006 3059 3078 synodo
3109 3004 3182 3059 ab
3242 3004 3594 3074 imperatore

1949 3104 2286 3171 provocatos
2318 3099 2389 3154 ad
2422 3098 2571 3155 serio
2609 3096 2985 3168 cogitandum
3027 3094 3097 3149 de
3145 3093 3404 3148 ineunda
3458 3108 3591 3147 cum

1952 3188 2152 3243 Latina
2210 3188 2465 3243 Ecclesia
2530 3186 2841 3243 concordia
2910 3180 3247 3243 ἐπιπολαίως
3304 3180 3592 3248 ἆκὴκοὲναι

1950 3277 2324 3350 perfunctorie
2370 3277 2608 3343 audisse,
2660 3280 2716 3332 et
2785 3292 2918 3330 cum
2986 3290 3104 3329 rem
3163 3276 3588 3339 aversarentur,

1952 3383 2065 3422 non
2097 3380 2292 3422 tamen
2325 3366 2646 3433 obstitisse,
2680 3365 2780 3440 sed
2823 3364 2994 3435 quasi
3050 3360 3495 3418 dissimulantes
3529 3376 3591 3415 se

1951 3456 2454 3529 percepisse§quod
2482 3456 2701 3509 dictum
2727 3455 2933 3523 fuerat,
2954 3457 3147 3508 astuto
3169 3450 3399 3507 silentio
3422 3450 3593 3505 lucri-

1951 3546 2447 3617 fecisseinvidiam
2474 3543 2911 3615 autpericulum
2938 3542 3127 3613 palam
3159 3539 3490 3597 resistendi:
3515 3537 3591 3593 Οὐ

1948 3635 2050 3709 γὰρ
2083 3634 2148 3702 ἧν
2176 3634 2356 3695 αὺτοῖς
2378 3633 2711 3703 ἀντιστῆναι,
2728 3649 2837 3688 non
2858 3634 3003 3688 enim
3022 3630 3092 3686 iis
3106 3633 3287 3686 inerat
3309 3628 3598 3684 resistendi

1946 3728 2047 3781 vis.
2083 3726 2193 3780 Eos
2230 3731 2423 3780 tamen
2458 3741 2571 3779 non
2605 3740 2666 3779 se
2688 3722 3047 3778 continuisse
3073 3720 3226 3775 intra
3250 3720 3394 3774 ﬁnes
3421 3734 3588 3773 mera:

1948 3814 2441 3871 dissimulationis
2475 3818 2574 3869 aut
2605 3811 2844 3880 silentii,
2870 3812 2970 3867 sed
3003 3820 3278 3881 praeterea
3307 3808 3507 3875 etiam,
3528 3813 3591 3863 ut

1949 3904 2288 3977 imperatori
2320 3900 3191 3977 gratificarentur,signiﬁcasse
3215 3898 3441 3970 placere
3474 3897 3585 3953 sibi

1949 3995 2303 4050 mentionem
2328 3992 2551 4049 illatam
2577 3994 2646 4047 ab
2679 4007 2745 4047 eo
2779 3991 2959 4063 pacis,
2994 3989 3302 4045 maniteste
3332 3988 3590 4043 afﬁrmat

1948 4085 2180 4151 Noster,
2214 4088 2277 4139 ut
2306 4082 2673 4139 ostendimus
2733 4080 3005 4152 superins
3061 4079 3237 4134 verbo
3293 4076 3590 4148 κνώμενοι.

1948 4175 2135 4238 Quare
2167 4190 2281 4229 non
2340 4172 2472 4228 illos
2535 4168 2920 4241 μαμακοῦθους
2986 4174 3087 4224 aut
3147 4164 3455 4239 μακούθους
3507 4167 3597 4221 id-

1950 4264 2102 4319 circo
2154 4262 2396 4327 vocavit,
2450 4262 2507 4328 [P
2540 4262 2663 4332 399]
2699 4261 2852 4331 quod
2908 4256 3313 4314 simulaverint
3361 4272 3423 4313 se
3482 4272 3595 4311 non

1950 4354 2175 4419 audire,
2210 4354 2308 4407 sed
2344 4351 2501 4423 quod
2533 4350 2956 4405 deelaraverint
2986 4348 3097 4404 sibi
3149 4345 3382 4418 probari
3439 4346 3595 4417 quod

1949 4443 2403 4514 proponebatur,
2455 4440 2611 4495 haud
2654 4440 2797 4495 satis
2847 4438 3214 4510 providentes
3263 4436 3401 4507 quid
3462 4434 3596 4489 inde

1949 4537 2398 4587 consecuturum
2436 4535 2611 4594 esset,
2648 4529 2705 4583 in
2738 4545 2852 4599 quo
2868 4527 3029 4600 ponit
3047 4525 3361 4582 stultitiam
3394 4540 3593 4579 eorum

194 4606 313 4680 ρός.
341 4609 552 4667 Verum
598 4630 704 4686 ego
746 4633 862 4672 non
915 4619 1120 4675 dubito
1160 4621 1301 4692 quin
1356 4621 1416 4676 in
1450 4640 1556 4677 suo
1615 4624 1843 4679 meliori
1869 4610 1917 4675 D
1952 4620 2060 4676 hoc
2082 4621 2253 4676 verbo
2287 4618 2723 4691 reprehensam.

191 4698 515 4770 exemplari
563 4701 950 4777 Paehymeres
1018 4708 1224 4781 legerit
1258 4710 1655 4781 μαμάκουθοςε
1694 4714 1845 4768 unde

191 4786 285 4841 hic
310 4790 515 4859 posuit
548 4793 917 4863 μαμάκουθοι.
953 4796 1015 4851 Id
1049 4798 1257 4870 colligo
1289 4817 1355 4855 ex
1388 4802 1711 4866 Eustathio,
1745 4804 1843 4873 qui

186 4875 281 4944 (ad
314 4892 371 4930 ν.
400 4878 510 4932 562
539 4885 596 4934 et
623 4882 728 4935 563
770 4885 874 4939 0d.
908 4904 962 4953 κ,
1001 4884 1289 4960 Ἐλπήνωρ
1335 4884 1389 4940 δὲ
1427 4909 1508 4948 τις
1551 4887 1670 4942 ἔσκε
1708 4890 1843 4943 νεώ-

184 4983 370 5054 ¹Ξςιτοςξ
426 4962 549 5021 οὔτε
594 4989 647 5022 τι
697 4968 823 5040 λίην
880 4972 1115 5046 ἄλκιμος
1163 4974 1213 5029 ἐν
1242 4975 1477 5050 πολέμῳ
1509 4975 1632 5031 οὔτε
1658 4977 1839 5054 φρεσὶν

184 5050 308 5126 ᾖσιν
348 5053 592 5129 ἀρηρώς)
646 5062 863 5119 multos
911 5081 1266 5123 enumerans
1315 5069 1553 5125 stultitaz
1601 5050 1845 5125 infamia

186 5142 474 5211 celebres,
490 5150 915 5223 postSannam,
936 5156 1265 5225 Coroebum,
1282 5158 1566 5230 Margiten
1591 5176 1841 5232 quorum

190 5233 505 5301 notissima
537 5239 828 5305 dementia
875 5244 935 5299 in
970 5246 1340 5316 proverbium
1372 5254 1428 5303 et
1475 5264 1735 5304 scomma
1762 5248 1843 5303 si-

187 5323 313 5377 mili
348 5323 489 5380 vitio
542 5326 939 5388 laborantium
984 5336 1303 5405 transierit,
1366 5337 1485 5392 haec
1530 5338 1838 5409 adjungit:

184 5410 434 5482 Ὁμοίως
492 5410 549 5469 δὲ
604 5417 695 5471 καὶ
740 5420 833 5474 τὸν
895 5423 1308 5495 Μαμμάκουθον
1368 5425 1578 5479 καὶτὸν
1613 5424 1845 5481 Μελιτί-

188 5496 285 5569 ὂην
343 5501 435 5556 καὶ
490 5506 584 5559 τόν
647 5508 1021 5586 Ἀμφιετίδην,
1083 5511 1135 5567 οἵ
1192 5509 1476 5586 διαϐόητοι
1522 5514 1610 5569 ἐπὶ
1662 5514 1843 5591 μωρίᾳ

264 5719 342 5791 (1)
376 5719 461 5775 Cf.
499 5722 756 5782 Glossar.
784 5727 1030 5785 alterum
1061 5732 1172 5788 sub
1205 5733 1397 5790 verba.

2029 4706 2282 4771 Μανδῦοις
2314 4726 2369 4781 p.
2401 4709 2527 4762 262.
2563 4706 2807 4777 Hesyeh.
2862 4700 3115 4765 Μανδῦας
3176 4700 3317 4763 εἶδος
3376 4701 3597 4773 ἱματίου

1955 4804 2172 4874 Περσῶν
2202 4795 2526 4869 πολεμικόν.
2566 4798 2728 4852 Forte
2758 4792 3086 4865 πολεμικοῦ.
3139 4793 3474 4849 Eustathius
3528 4793 3595 4846 ad

1954 4892 2058 4945 Od.
2092 4909 2145 4958 τ,
2204 4888 2314 4943 sub
2349 4887 2697 4959 principium
2727 4904 2740 4954 ;
2776 4882 2969 4945 Δῗλιος
3009 4881 3287 4945 Διονύσιος
3319 4880 3462 4955 λέγει
3512 4881 3596 4934 ὅτι

1955 4978 2213 5054 Περσικὸν
2272 4975 2448 5049 ὄνομα
2505 4974 2593 5029 καὶ
2649 4976 2676 5029 ὁ
2743 4971 3002 5047 iuva-31:.
3065 4973 3249 5029 Ἔοικα
3308 4968 3383 5040 δὲ,
3441 4970 3595 5047 φησί,

1954 5066 2208 5147 φαινόλῃ.
2243 5071 2336 5125 Ait
2365 5067 2542 5123 Ailius
2573 5066 2867 5137 Dionysius
2896 5062 3180 5121 Persicum
3227 5078 3341 5141 esse
3394 5077 3595 5116 nomen

1952 5159 2272 5230 mandyam.
2305 5158 2517 5212 Similis
2536 5159 2720 5211 autem
2748 5164 2827 5210 est
2855 5155 3092 5226 penula.
3124 5152 3357 5208 Veteres
3389 5150 3596 5223 glossaa

1952 5249 2263 5304 verborum
2290 5247 2465 5319 juris,
2504 5242 2741 5317 μανδὺας
2774 5244 3015 5316 ἱμάτιον,
3046 5242 3108 5296 τὸ
3156 5238 3455 5315 λουρίκιον.
3486 5240 3597 5295 Sed

1956 5338 2078 5394 haec
2114 5343 2176 5393 ut
2204 5338 2359 5392 tiara
2387 5341 2444 5393 et
2474 5336 2587 5391 alia
2616 5352 2747 5391 cum
2782 5352 2873 5389 res
2895 5339 3019 5388 tum
3054 5332 3294 5387 nomina
3323 5331 3392 5385 ad
3426 5346 3595 5385 usnm

1956 5444 2251 5483 sacrorum
2283 5432 2422 5482 sunt
2450 5425 2757 5481 translata.
2782 5428 2956 5479 Docet
2980 5421 3415 5477 eruditissimus
3433 5425 3604 5475 Pater

1953 5519 2105 5574 Goar
2135 5518 2199 5574 Ο.
2234 5516 2490 5587 P.(notis
2509 5515 2580 5572 ad
2603 5514 2838 5570 Missam
2863 5513 2920 5568 S.
2949 5512 3195 5569 Joannis
3209 5509 3601 5583 Cbrysostomi
