4248 6438
650 406 789 460 1043

1705 406 1766 456 Ρ.
1809 404 2087 458 POSSINI
2128 401 2746 460 OBSERVATIONUM
2784 408 2917 462 LIB.
2960 410 3002 460 Ι.

3935 410 4073 464 1044

649 547 708 603 p.
741 530 833 585 sui
865 527 1203 600 Euchologii
1238 528 1382 599 113),
1419 527 1600 584 fuisse
1631 526 1945 596 mandyam
1976 525 2129 582 inter
2148 541 2291 598 pon-
2324 523 2379 590 Α
2408 525 2701 600 virginum
2733 530 3373 603 patrioiarum,quibus
3406 531 3494 588 illi
3534 532 3811 606 deinceps
3853 538 4075 589 matro-

652 618 896 673 tificales
928 622 1117 673 vestes
1150 618 1205 671 id
1239 618 1392 687 quod
1420 632 1665 688 cappam
1686 616 1805 672 sive
1828 614 2084 687 pluviale
2116 613 2305 670 Latini

654 708 1125 762 Christianorum
1162 707 1384 760 rituum
1431 706 1793 776 expositores
1834 707 2061 759 vocant.
2116 708 2161 757 Δ
2195 720 2307 774 qua

2418 616 2512 672 nis
2542 618 2721 688 ampli
2743 636 2810 674 ac
2841 620 2993 675 beati
3028 621 3234 677 forent.

2489 701 2988 783 Μεγαλοϐλαχῖται
3023 727 3079 781 p.
3112 710 3200 766 83.
3262 710 3327 766 In
3386 710 3481 766 his
3540 712 3893 783 apponenda
3944 716 4082 783 post

655 811 761 850 nec
786 799 972 850 forma
994 811 1098 849 nec
1131 795 1365 849 notione
1384 794 1635 849 multum
1662 794 1829 849 abest
1851 791 2103 864 penula;
2128 807 2307 863 quam
2416 794 3357 869 “lavdistinctiunculm,notula
3378 802 3509 869 fuit,
3530 820 3655 874 qua
3679 818 3824 859 mss.
3852 803 4082 870 deerat;

657 884 730 939 ad
765 899 1066 939 sacrorum
1100 900 1270 939 usum
1296 884 1423 954 jam
1454 890 1576 938 tuin
1612 883 1683 938 ab
1724 882 2061 954 apostolicis
2080 897 2308 937 accom-

660 974 956 1028 modatam
991 973 1356 1044 temporibus
1390 989 1504 1027 non
1538 971 1833 1027 immerito
1849 972 1956 1025 viri
1982 969 2309 1026 doctissimi

660 1062 1040 1133 suspicantur
1070 1078 1139 1117 ex
1169 1061 1335 1117 Pauli
1368 1060 1493 1117 loco
1526 1061 1573 1117 II
1606 1062 1678 1116 ad
1710 1060 1858 1116 Tim.
1910 1077 1985 1127 IV,
2038 1061 2123 1115 l3.
2182 1059 2313 1114 Fuit

661 1158 940 1222 praeterea
973 1152 1256 1223 mandyas
1286 1151 1522 1223 propria
1555 1151 1977 1205 monachorum
2035 1148 2212 1204 vestis
2245 1164 2314 1205 ex

661 1239 929 1294 humeris
968 1240 1039 1295 ad
1073 1241 1250 1310 pedes
1273 1256 1461 1309 usque
1488 1239 1748 1293 deﬂuens
1765 1242 2020 1293 ettotum
2046 1235 2313 1291 ambiens

662 1345 897 1399 corpus,
954 1344 987 1382 a
1035 1332 1199 1398 parte
1258 1327 1382 1383 sola
1439 1328 1718 1382 anteriori
1776 1332 2029 1398 aperta;
2079 1323 2313 1396 qualem

664 1419 841 1472 etiam
902 1416 961 1471 in
1010 1416 1271 1472 Ecclesia
1328 1417 1527 1473 Greca
1595 1417 1843 1471 retinere
1899 1415 1958 1469 in
2018 1414 2315 1486 ponﬂcatu

667 1506 824 1563 580
854 1506 891 1559 ii
926 1504 1195 1560 solebant
1224 1506 1325 1577 qui
1372 1510 1539 1560 erant
1569 1522 1638 1559 ex
1697 1503 2007 1560 monachis
2040 1500 2313 1575 promoti.

665 1596 745 1650 Ex
766 1611 878 1665 quo
910 1610 1121 1665 genere
1152 1610 1286 1652 cum
1318 1600 1471 1649 esset
1502 1593 1781 1649 Arsenius
1812 1609 1879 1648 ex
1912 1590 2315 1663 Apolloniensi

666 1684 1023 1740 monasterio
1082 1684 1152 1738 ad
1215 1684 1492 1741 thronum
1540 1682 1989 1755 patriarchalem
2052 1682 2190 1737 olim
2223 1697 2315 1735 as-

668 1779 968 1845 sumptus,
1001 1778 1067 1827 ut
1093 1771 1274 1827 tradit
1307 1776 1593 1845 Gregoras
1636 1772 1674 1827 l.
1708 1789 1793 1841 ιιι,
1831 1790 1943 1827 non
2003 1771 2216 1825 mirum
2268 1769 2319 1825 si

2420 904 2490 942 ne
2522 888 2637 943 dici
2660 889 2956 945 videretur
2993 890 3277 946 Achillem
3304 892 3431 963 jam
3467 896 3592 947 tum
3644 908 3753 947 suo
3808 896 4083 964 tempore

2420 978 2729 1036 Phthiotas
2761 998 2900 1038 suos
2930 982 3451 1054 Megaloblachitss
3490 982 3841 1055 appellasse.
3876 984 3993 1039 Sed
4030 987 4087 1037 et

2422 1083 2549 1122 cum
2585 1070 2959 1142 participium
2990 1069 3176 1125 καλῶν
3215 1072 3432 1127 Joanni
3490 1072 3856 1143 adjungitur,
3893 1072 3953 1126 id
4001 1070 4086 1125 ita

2422 1156 2899 1233 intelligendum,
2933 1166 3133 1217 utnon
3167 1161 3331 1219 solus
3361 1162 3446 1217 ita
3472 1178 3573 1218 eos
3609 1168 3843 1218 vocaret
3872 1178 3887 1217 :
3919 1178 4085 1217 com-

2426 1250 2681 1305 muniter
2708 1252 2848 1309 581
2909 1253 3066 1308 enim
3114 1270 3184 1309 ea
3232 1257 3585 1325 tempestate
3629 1251 3963 1309 invaluerat
4023 1257 4086 1306 ut

2422 1339 2739 1395 Thessalia:
2803 1347 3081 1398 montana
3134 1342 3347 1415 Magna
3423 1342 3663 1398 Blachia
3710 1347 4087 1398 vocarentur.

2426 1426 2661 1483 Nicetas
2706 1429 2764 1483 in
2806 1430 3095 1486 Balduino
3151 1432 3433 1500 Frandro,
3485 1448 3540 1502 p.
3573 1430 3682 1485 313
3736 1431 3853 1486 ed..
3902 1430 4082 1485 Basil.

2426 1532 2521 1569 an.
2561 1517 2697 1571 1557
2731 1533 2743 1572 :
2781 1515 2901 1571 Ἐπὶ
2954 1512 3012 1571 δὶ
3066 1516 3283 1579 τούτοις
3335 1516 3424 1571 καὶ
3457 1514 3630 1571 ἄλλος
3690 1538 3772 1579 τις
3829 1516 3900 1570 τὰ
3957 1522 4089 1571 Θετ-

2425 1600 2617 1665 ταλίας
2674 1605 2923 1679 κατέχων
2988 1606 3280 1681 μετέωρα,
3344 1603 3377 1659 ἃ
3432 1609 3523 1659 νῦν
3594 1602 3805 1681 μὲγτέλη
3867 1604 4091 1679 Βλαχία

2426 1689 2803 1763 κικλήσκεται,
2846 1696 3139 1770 τοπάρχης
3170 1696 3237 1763 ἦν
3264 1699 3372 1749 τῶν
3404 1692 3535 1753 hui.
3568 1695 3779 1767 Hujus,
3807 1696 3909 1769 qui
3942 1702 4089 1751 tem-

2430 1799 2568 1853 pore
2601 1784 2869 1839 Balduini
2898 1786 3408 1858 Megaloblachitis
3440 1786 3900 1858 imperitaverat,
3934 1802 4091 1841 unus

672 1863 986 1934 mandyam
1018 1862 1194 1917 etiam
1242 1867 1404 1917 extra
1453 1879 1651 1917 sacras
1682 1866 1936 1933 gestaret
1967 1860 2314 1915 functiones.

2444 1888 2459 1926 ι
2488 1874 2931 1929 successoribus
2966 1873 3077 1929 fuit
3108 1874 3199 1929 hic
3218 1874 3475 1931 Joannes
3502 1874 3804 1931 Michaelis
3835 1875 4093 1947 despotic

670 1951 820 2007 Nam
851 1950 1003 2006 civili
1036 1956 1093 2006 et
1123 1949 1418 2006 ordinario
1441 1950 1653 2006 vestitu
1679 1950 1861 2005 fuisse
1884 1954 2022 2004 tunc
2044 1948 2321 2003 indutum

681 2040 873 2107 illum,
907 2056 1042 2095 cum
1093 2039 1366 2111 privatim
1415 2044 1473 2095 et
1522 2037 1889 2094 familiariter
1916 2037 2331 2109 imperatorem

683 2127 843 2181 domi
870 2144 991 2182 sum
1024 2126 1320 2197 inviseret,
1355 2143 1448 2182 res
1477 2126 1605 2198 ipsa
1650 2126 1852 2198 exigit.
1910 2124 2185 2180 Nondum
2239 2140 2332 2179 me

684 2215 926 2288 poenitet
959 2212 1429 2286 μανδύανεειοιαω
1464 2214 1739 2287 penulam
1768 2215 1878 2270 hoc
1906 2214 2031 2270 loco
2062 2213 2330 2279 vertisse;

676 2312 735 2363 et
765 2306 866 2377 qui
898 2306 1461 2378 perpenderintqute
1491 2306 1561 2361 de
1592 2304 1819 2377 penulas
1854 2304 2041 2359 forma
2066 2309 2123 2359 et
2155 2320 2266 2359 usu
2300 2319 2330 2357 a

671 2396 969 2452 veteribus
1001 2396 1340 2465 traduntur,
1370 2398 1427 2451 et
1457 2412 1525 2451 ea
1550 2411 1684 2450 cum
1718 2394 1951 2449 traditis
1982 2394 2052 2448 de
2082 2393 2333 2464 mandya

670 2484 1049 2552 contulerint,
1080 2484 1238 2539 haud
1273 2483 1551 2555 multum,
1586 2490 1651 2539 ut
1690 2498 1861 2556 spero
1892 2482 2329 2555 repugnabunt.

669 2573 819 2629 Vide
852 2579 909 2629 et
938 2574 1227 2630 Codinum
1257 2572 1473 2645 saepius
1506 2589 1704 2630 vocem
1755 2568 1989 2645 μανδύας
2043 2587 2329 2642 usurpan-

670 2668 814 2720 tem.

741 2750 1112 2825 Μαρμούτζας
1148 2770 1201 2826 p.
1243 2752 1369 2807 283.
1432 2748 1800 2827 Μαρμούτζαν
1863 2770 1904 2805 π
1946 2749 2330 2821 οσωνόμαζον.

674 2841 1084 2916 προσάπτοντες
1157 2837 1334 2914 ὄνομα
1399 2841 1700 2915 Περσικόν.
1764 2842 1900 2897 Erat
1951 2840 2128 2911 igitur
2180 2840 2336 2914 Μαρ-

683 2930 920 3005 μούτζας
956 2949 1169 2989 nomen
1203 2933 1394 2988 Persis
1420 2932 1745 2999 familiars;
1780 2931 1938 3002 quod
1969 2930 2027 2984 in
2070 2945 2135 2984 ea
2164 2934 2337 3001 gente

674 3022 847 3078 multi
883 3022 1186 3094 proprium
1221 3022 1522 3079 haberent.
1560 3022 1619 3076 Id
1645 3025 1839 3075 autem
1866 3019 2083 3075 idcirco
2106 3035 2140 3073 a
2161 3017 2337 3073 male-

677 3114 827 3170 dicis
858 3114 1152 3169 Germano
1184 3114 1619 3185 imponebatur,
1639 3112 1796 3184 quod
1826 3110 1895 3181 is,
1917 3116 1981 3166 ut
2004 3109 2177 3183 paulo
2206 3114 2337 3181 post

674 3203 909 3270 dicitur,
934 3204 1305 3259 remotiorem
1325 3203 1610 3273 originem
1643 3202 1875 3272 generis
1908 3218 1939 3255 a
1970 3200 2162 3256 Gabra
2192 3198 2336 3253 urbe

676 3294 955 3364 Persidis,
1000 3295 1481 3367 propinquiorem
1531 3311 1563 3349 a
1614 3293 1777 3348 Lazis
1827 3293 2087 3347 duceret.
2148 3290 2335 3346 Codex

673 3383 845 3439 Allat.
872 3386 1228 3457 Μαρχουτζᾶν
1261 3384 1420 3456 legit,
1456 3398 1783 3456 anonymus
1817 3398 1951 3437 vero
1995 3397 2108 3436 ms.
2162 3396 2335 3451 quem

674 3473 924 3530 Allatius
954 3475 1233 3530 exscribit
1264 3475 1323 3529 in
1373 3474 1618 3529 Exercit.
1663 3477 1866 3528 contra
1916 3473 2334 3543 Creygtonum,

675 3580 733 3635 p.
796 3565 923 3631 605,
988 3561 1380 3638 Μαλχουτζάν.
1441 3563 1513 3617 Et
1588 3563 1834 3617 fortasse
1890 3564 2234 3635 μαρκουτζᾶς
2278 3562 2337 3613 in

674 3654 994 3711 Barberino
1010 3654 1323 3727 legendum
1349 3655 1476 3725 fuit,
1496 3653 1803 3709 fallentein
1824 3671 1932 3709 ms.
1952 3651 2340 3709 similitudine

678 3746 1087 3802 characterum
1124 3768 1163 3819 μ
1192 3752 1301 3802 θικ
1326 3747 1423 3815 (1).

751 3834 983 3908 Μᾶρπου
1016 3852 1072 3907 p.
1097 3836 1166 3889 28
1199 3840 1255 3891 et
1289 3836 1407 3891 102.
1435 3834 1887 3907 Dyrrhachiensi
1912 3832 2187 3905 episcopo
2238 3847 2341 3903 pro

680 3924 960 3981 Michaele
994 3924 1313 3996 Palmologo
1346 3924 1540 3979 adhuc
1575 3923 1798 3994 privato
1846 3928 1902 3978 et
1930 3927 2057 3977 tum
2110 3918 2342 3992 pericli-

682 4017 845 4069 tante
878 4031 943 4071 ac
976 4014 1227 4069 sollicito
1260 4014 1444 4069 Deum
1482 4014 1669 4069 oranti
1721 4013 1921 4069 audita
1956 4027 2067 4067 vox
2098 4010 2345 4065 refertur

680 4104 1001 4178 incognita,
1045 4106 1266 4161 nullam
1304 4107 1375 4162 ad
1427 4105 1691 4177 linguam
1746 4104 2066 4176 pertinens,
2100 4102 2342 4173 Μαι-ρον,

681 4211 859 4265 quam
896 4196 1006 4251 sibi
1045 4195 1345 4251 recitatam
1380 4195 1611 4250 Manuel
1658 4194 1974 4267 Disypatus
2030 4192 2343 4263 episcOpus

679 4284 1227 4340 Thessalonicensis
1254 4286 1338 4339 sic
1369 4288 1460 4339 est
1491 4283 1939 4354 interpretatus,
1973 4286 2036 4336 ut
2071 4279 2343 4351 portendi

683 4389 785 4445 per
815 4391 944 4430 eam
979 4374 1291 4446 imperium
1319 4372 1589 4428 Michaeli
1622 4372 1878 4427 diceret:
1907 4369 2153 4425 indicari
2186 4369 2343 4424 enim

680 4464 797 4520 isto
825 4466 1125 4536 vocabulo,
1161 4482 1228 4520 ex
1254 4464 1463 4537 primis
1508 4479 1605 4519 sex
1654 4462 2070 4519 vocabulorum
2132 4459 2345 4513 litteris

684 4555 1030 4630 ἀκροστίχως
1086 4556 1357 4623 conﬂato,
1420 4556 1571 4610 hanc
1640 4554 1992 4610 sententiam
2052 4552 2345 4607 divinitus

682 4650 985 4703 ostensam
1028 4664 1039 4700 :
1077 4646 1313 4703 Michael
1371 4646 1650 4714 Augustus
1708 4646 2075 4699 Romanorum
2132 4641 2346 4696 Pataeo-
2380 4632 2426 4695 D

685 4738 838 4808 logus
868 4738 1019 4793 ocius
1047 4738 1348 4792 vocabitur.
1392 4736 1485 4790 Sic
1516 4735 1721 4790 Latine
1765 4732 2163 4805 expressimus
2221 4746 2345 4784 ser-

686 4832 819 4883 vata
868 4828 1291 4884 elementorum
1356 4826 1599 4881 veritate
1651 4824 1751 4880 illa
1804 4824 2045 4879 Graeca:
2106 4816 2344 4894 Μιχαὴλ

687 4916 813 4987 ἄναξ
844 4917 1137 4989 Ῥωμαίων
1173 4914 1557 4989 Παλαιολόγος
1587 4913 1749 4985 ὀξέως
1788 4912 2179 4985 ὑμνηθήσεται-

757 5011 842 5082 [Ρ.
880 5010 1005 5082 400]
1039 5008 1313 5082 Ματρώνα
1344 5026 1401 5080 p.
1437 5008 1526 5061 33.
1564 5012 1838 5062 Matronae
1868 5022 2079 5060 nomen
2106 5001 2347 5059 inveteri

682 5117 794 5155 usu
821 5100 1221 5155 Romanorum
1245 5102 1417 5154 sonat
1438 5096 1739 5151 mulierem
1767 5095 2075 5167 patriciam
2096 5098 2153 5148 et
2174 5096 2347 5165 gente

681 5189 964 5245 nobilem.
999 5189 1271 5245 Clemens
1318 5187 1377 5242 in
1412 5187 1566 5241 Actis
1609 5186 1764 5241 Petri
1795 5184 1902 5245 ξὨς
1962 5181 2190 5237 καὶτῶν
2250 5178 2344 5233 εὐ-

677 5282 847 5355 γενῶν
899 5282 1170 5354 γυναικῶν
1222 5276 1317 5337 τὰς
1365 5273 1843 5349 περιφανεστὲρας,
1886 5273 1977 5326 καὶ
2008 5270 2067 5333 ἃς
2099 5272 2126 5325 ὁ
2173 5268 2345 5343 λόγος

683 5368 975 5442 ματρώνας
1011 5364 1121 5421 οἶδε
1153 5364 1363 5423 καλεῖν.
1401 5367 1487 5422 Ait
1513 5383 1650 5440 ergo
1672 5366 1873 5423 Coster
1896 5363 2135 5421 solitum
2169 5362 2347 5417 Theo-

680 5461 894 5516 dorum
926 5463 1263 5533 Augustum
1315 5457 1455 5512 viris
1504 5458 1678 5512 domo
1731 5456 1973 5511 minime
2025 5450 2346 5521 nobilibus,

682 5556 959 5608 caeterum
1020 5550 1177 5623 apud
1210 5565 1271 5606 se
1290 5546 1591 5621 gratiosis,
1620 5545 1934 5603 conciliare
1970 5542 2349 5601 matrimonia

763 5774 840 5847 (1)
872 5771 957 5830 0f.
987 5769 1246 5827 Glossar.
1281 5764 1449 5823 alter.
1486 5782 1538 5822 v.
1577 5760 1989 5825 Μεσιτιύοντις.

2443 1962 2776 2029 nothus,de
2820 1979 2935 2035 quo
2967 1963 3063 2019 hic
3118 1964 3529 2037 Pachymeres.
3590 1963 3861 2022 Meminit
3914 1964 4091 2020 etiam

2446 2048 2688 2123 μεγάλης
2719 2048 2970 2125 Βλιχίας
3028 2053 3313 2125 Georgius
3344 2056 3610 2127 Acropol.
3638 2058 3775 2111 Hist.
3827 2058 3973 2109 sect.
4013 2054 4097 2119 15,

2444 2157 2500 2213 p.
2532 2142 2606 2196 23
2640 2143 2730 2197 ed.
2764 2148 2907 2215 Reg.
2942 2148 2995 2198 et
3029 2149 3170 2200 sect.
3204 2146 3293 2207 38.
3326 2163 3381 2217 p.
3414 2146 3501 2200 33.

2515 2228 2724 2285 Μέλεοι
2768 2249 2824 2303 p.
2859 2234 2982 2290 478.
3016 2233 3085 2286 Τὸ
3122 2230 3179 2286 δὲ
3227 2240 3327 2301 τῆς
3380 2232 3568 2309 μάχης
3625 2266 3694 2277 -
3751 2234 3849 2306 μὶν
3899 2230 4103 2307 ἐφεῖτο.

2443 2321 2572 2376 Haec
2603 2322 2772 2376 valde
2804 2322 3079 2394 perplexa
3113 2329 3270 2393 sunt,
3306 2340 3467 2381 more
3500 2343 3565 2381 ac
3600 2325 3796 2380 indole
3814 2325 4104 2388 auctoris,

2445 2427 2559 2465 non
2594 2428 2725 2465 raro
2776 2414 3041 2483 quaedem
3076 2412 3379 2469 dimidiata
3429 2415 3822 2488 congerentis.
3856 2413 4107 2468 Videtur

2444 2505 2639 2555 autem
2676 2500 2768 2556 hic
2790 2502 3132 2557 summatim
3162 2506 3220 2557 et
3267 2502 3517 2575 fastagia
3548 2520 3795 2576 carpens
3846 2502 4107 2557 indicare

2445 2607 2574 2661 quas
2633 2594 2833 2645 essent
2888 2594 3030 2646 tunc
3079 2590 3384 2648 hominum
3436 2592 3686 2664 querelas
3740 2594 3812 2648 de
3864 2591 4103 2663 scriptis

2443 2680 2633 2735 Vecci.
2689 2681 2865 2735 Porro
2912 2698 3022 2737 vox
3072 2679 3260 2753 μέλεοι
3311 2683 3395 2739 sic
3443 2682 3523 2738 ibi
3566 2684 3821 2755 abrupta
3870 2683 4106 2754 pendet,

2446 2771 2684 2842 punctis
2714 2770 2912 2826 clausa
2943 2771 3001 2826 in
3035 2776 3285 2843 utroque
3318 2788 3409 2828 ms
3442 2772 3482 2827 Β
3510 2776 3567 2827 et
3622 2774 3669 2828 A
3701 2788 3714 2826 :
3779 2768 3917 2827 nam
3954 2770 4108 2825 Vati-

2446 2874 2630 2914 canus
2663 2858 2821 2914 hunc
2850 2860 3069 2926 locum,
3102 2866 3165 2915 ut
3193 2862 3580 2917 fere'caateros
3611 2860 3910 2929 difficiles,
3936 2875 4102 2916 secu-

2446 2964 2549 3003 rus
2577 2948 2853 3003 transilit.
2892 2947 3132 3018 Μὲλεον,
3167 2955 3231 3005 ut
3255 2956 3458 3006 notum
3493 2955 3603 3021 est,
3662 2950 3964 3022 signiﬁcat
4016 2951 4103 3003 in-

2446 3054 2699 3100 cassum;
2726 3040 2879 3095 unde
2915 3044 2973 3095 et
3004 3057 3215 3096 nomen
3265 3038 3462 3112 μέλεος
3492 3046 3602 3107 est,
3632 3058 3850 3097 vanum
3884 3045 3942 3095 et
4006 3056 4100 3094 su-

2447 3144 2873 3199 pervacaneum
2908 3146 3148 3185 sonans.
3175 3131 3233 3186 Si
3251 3130 3661 3185 emendatione
3678 3130 3983 3185 curandus
4015 3129 4105 3182 hic

2367 3258 2412 3327 Ο
2454 3218 2617 3273 locus
2649 3222 2822 3289 esset,
2858 3222 3058 3289 posset
3090 3219 3327 3273 rescribi
3355 3216 3573 3289 μέλεον,
3598 3218 4108 3287 utintelligeretur

2452 3307 2733 3377 dogmata
2759 3307 3258 3375 moverirfrnstra,
3292 3309 3615 3377 incassum,
3668 3308 4102 3379 intempestive.

2449 3396 2559 3450 Sed
2594 3395 2805 3451 melius
2836 3395 2981 3450 citra
3013 3395 3194 3451 uliam
3226 3396 3284 3451 in
3307 3401 3579 3452 contextu
3604 3398 3999 3451 mutationem
4024 3395 4104 3449 in-

2452 3482 2707 3554 telligem
2720 3500 2787 3539 us
2801 3483 3244 3539 commemorari
3266 3485 3589 3540 summarie
3602 3489 3657 3540 et
3682 3500 3775 3556 per
3798 3484 4105 3539 inchoatas

2449 3576 2679 3627 tantum
2713 3573 2946 3637 seetias,
2982 3590 3108 3643 qum
3141 3578 3280 3628 tunc
3340 3590 3438 3629 ore
3494 3572 3651 3645 vulgi
3702 3579 3913 3628 contra
3969 3575 4105 3626 Vec-

2452 3678 2581 3716 cum
2617 3666 2673 3716 et
2704 3664 2753 3717 ei
2788 3663 3152 3734 adgerentes
3176 3664 3579 3733 jactabantur,
3629 3662 3753 3718 hac
3798 3662 4105 3725 nimirum,

2452 3751 2654 3807 moveri
2667 3752 2737 3806 ab
2752 3752 2821 3806 ad
2834 3752 2968 3823 ipsis
2982 3753 3357 3824 intempestive
3376 3753 3658 3821 dogmata.
3693 3754 3869 3807 Vanos
3890 3752 4106 3807 essehoc

2452 3843 2708 3897 minuet
2739 3844 2936 3897 inania
2990 3843 3275 3899 miscentes
3322 3842 3538 3914 jurgia,
3589 3851 3698 3899 etc.
3764 3841 4109 3913 Explerique

2454 3931 2807 4003 incomplete
2835 3931 3019 3987 oratio
3056 3938 3256 4005 posset
3285 3932 3599 4003 repetendo
3627 3930 3686 3984 τὸ
3718 3931 3801 3984 δτι
3838 3932 4107 4003 superius

2453 4021 2735 4091 positum,
2786 4022 2845 4075 in
2897 4020 3055 4076 hunc
3100 4022 3369 4089 modum,
3418 4019 3501 4074 ὅτι
3555 4016 4105 4095 κινοῦνταιδόγματι,

2456 4107 2537 4163 ὅτι
2570 4108 2758 4181 μέλεοι
2791 4108 2915 4177 εἱσι,
2948 4115 3058 4166 etc.
3114 4114 3243 4167 Mox
3274 4111 3475 4166 recitat
3500 4111 3679 4166 verba
3737 4110 3873 4183 ipsa
3922 4124 4109 4181 repre-

2456 4199 2841 4255 hendentium
2873 4199 3127 4255 Veccum
3170 4204 3227 4256 et
3257 4216 3537 4272 sequaces
3567 4200 3693 4271 ejus
3748 4217 3761 4253 :
3795 4199 3937 4255 Εἶτα
3992 4198 4109 4270 ὑμῖν

2455 4286 2659 4365 ἐφεῖτο,
2692 4294 2803 4346 etc.

2530 4377 2789 4446 Μεσάζων
2846 4396 2903 4451 p.
2976 4379 3101 4435 352.
3184 4380 3516 4437 Chronicon
3602 4377 4104 4450 Constantinopnl.

2462 4465 2762 4539 μεσάζοντα
2786 4485 2997 4524 nomen
3035 4469 3341 4540 dignitatis
3386 4471 3672 4541 agnoscit,
3738 4486 3921 4541 quam
3984 4484 4104 4522 cum

2460 4558 2658 4631 magni
2692 4560 2878 4630 ducis,
2914 4561 3111 4631 magni
3147 4560 3453 4616 domestici
3496 4566 3556 4616 et
3586 4560 4031 4631 protostratoris
4060 4562 4107 4612 st

2458 4650 2880 4718 protovestiarii
2904 4650 3291 4721 dignitatibus
3312 4650 3696 4721 amplissimis
3726 4654 4105 4723 comparat,et

2459 4752 2587 4792 eam
2618 4742 2759 4793 tunc
2792 4739 3072 4795 tributam
3107 4745 3392 4795 memorat
3422 4739 3654 4795 cuidam
3687 4739 4103 4805 Cantacuzeno,

2460 4832 2746 4899 quareret
2778 4828 3001 4884 familia
3034 4844 3101 4883 ex
3135 4828 3458 4901 primariis.
3512 4828 3673 4884 Unde
3727 4827 4103 4899 intelligimus

2462 4916 2912 4986 magistratusid
2935 4934 3147 4973 nomen
3174 4917 3356 4973 fuisse
3380 4919 3436 4971 in
3460 4918 4104 4989 Constantinopolitanae

2460 5004 2593 5061 aulo
2627 5006 2685 5061 in
2731 5007 2938 5078 primis
2970 5007 3289 5079 splendidi,
3325 5008 3416 5062 cui
3452 5006 3833 5078 proportione
3867 5005 4103 5063 similem

2460 5097 2615 5167 apud
2639 5114 2780 5152 suos
2812 5098 3025 5153 Serbos
3052 5097 3141 5151 hic
3168 5101 3531 5152 memoratus
3556 5096 3845 5169 Georgius
3877 5098 4102 5170 gereret.

2456 5189 2835 5257 Sequestrum
2873 5187 3075 5242 Latine
3105 5186 3297 5243 dicere
3322 5191 3583 5259 poteram
3613 5205 3625 5241 :
3660 5188 3759 5242 sed
3794 5204 3933 5242 cum
3960 5186 4103 5252 sit,ut

2460 5274 2574 5329 dixi
2608 5280 2665 5330 et
2704 5275 2999 5331 Meursius
3029 5276 3325 5347 observat,
3355 5276 3661 5348 dignitatis
3692 5276 3949 5348 propriis
3975 5275 4102 5329 Gras-

2458 5380 2660 5419 corum
2694 5381 2933 5433 nomen,
2966 5364 3253 5421 usitatum
3289 5366 3432 5439 ipsis
3463 5365 3817 5423 vocabulum
3876 5366 4101 5422 retinere

2459 5453 2646 5509 satius
2678 5459 2767 5509 est
2795 5454 2986 5511 visum
3013 5454 3110 5525 (2).
3332 5471 3339 5474 ‘

2531 5542 2594 5615 [P
2626 5544 2752 5617 401]
2784 5540 3085 5609 Μεσοθινία
3112 5543 3203 5598 καὶ
3234 5548 3584 5607 EcceQui-cat
3644 5562 3704 5620 p.
3738 5545 3869 5603 310.
3924 5544 4095 5602 Aliae-

2532 5762 2611 5834 (2)
2636 5762 2718 5818 Ct.
2749 5760 3107 5821 Glossarium
3138 5760 3409 5821 alterum.
