4210 6448
182 388 319 443 10⁴5

1642 396 2121 455 GLOBSARIUM.

3442 398 3579 452 1046

177 530 303 579 nas,
336 514 457 570 sive
480 518 544 570 ut
564 513 903 571 Eustathius
928 512 1302 572 scribendum
1328 519 1585 590 precipit
1612 520 1816 591 pleris-
1846 523 1900 589 Α
1930 522 2105 589 dicta,
2140 523 2484 594 compendio
2520 520 3243 593 militariterloquentihus
3272 523 3399 577 tum
3433 522 3578 579 forte

177 620 296 674 que
339 620 451 659 non
486 604 1047 676 obtemperantibus,
1086 606 1411 674 Halizonos,
1467 614 1819 665 memoratos

176 693 1067 764 Homero,Herodoto,Straboni,
1084 697 1374 766 Stephano
1397 705 1448 752 el
1472 696 1815 769 aliis,quan-

175 797 352 854 quam
384 798 519 838 cum
544 783 742 855 aliqua
770 784 1073 856 scripturae
1108 785 1408 855 varietate,
1438 786 1683 859 Scythia:
1712 788 1819 842 Eu-

176 888 375 944 ropes:
398 872 666 944 populos,
689 874 987 928 communi
1012 875 1237 930 Graeciaa
1272 877 1593 947 Byzantina!
1618 891 1817 931 recen-

174 961 340 1016 tioris
371 960 620 1017 disiecto
638 962 1006 1019 Mesothinilas
1018 964 1205 1019 dictos
1218 965 1572 1020 credendum
1596 965 1819 1021 scilicet

169 1050 543 1123 Paschymeri
574 1056 683 1107 est.
714 1052 799 1107 Ad
831 1051 1273 1124 intelligendam
1321 1058 1520 1109 autem
1554 1054 1681 1125 ejus
1715 1071 1815 1126 ap-

167 1136 507 1210 pellationis
542 1141 821 1197 rationem
857 1140 1136 1213 all‘ulgere
1165 1142 1318 1199 582
1355 1144 1503 1199 forte
1523 1142 1622 1198 lux
1647 1143 1816 1198 nobis

167 1245 199 1283 a
230 1227 421 1285 Plinio
454 1230 683 1302 poterit,
706 1229 804 1300 qui
843 1228 883 1284 l.
933 1247 987 1300 v,
1020 1246 1070 1285 c.
1134 1230 1204 1285 30
1262 1231 1616 1287 Halisernem
1678 1231 1815 1301 (nisi

163 1334 328 1373 error
358 1318 418 1373 in
449 1319 742 1390 scriptura
772 1319 879 1390 est)
918 1333 1117 1374 eorum
1166 1319 1458 1375 civitatem
1510 1320 1567 1374 in
1620 1336 1687 1375 ea
1717 1337 1816 1375 ora

162 1408 411 1465 collocat
439 1410 793 1481 quamidem
826 1410 1037 1465 deinde
1068 1427 1098 1465 c
1127 1411 1195 1465 3‘2
1225 1429 1257 1465 a
1298 1411 1518 1483 Thynie
1572 1413 1812 1467 univer-

163 1514 290 1553 sam
316 1499 484 1553 docet
509 1498 856 1563 habitatam,
891 1499 1044 1554 unde
1070 1500 1313 1570 quodin
1351 1500 1544 1555 media
1584 1501 1814 1572 Thynia

162 1594 363 1642 essent
396 1588 558 1643 facile
574 1588 899 1660 Mesothyni
931 1606 962 1643 a
992 1588 1202 1644 Graecis
1248 1590 1357 1645 dici
1422 1591 1735 1661 potuerint.
1774 1594 1810 1645 Α

161 1693 277 1747 qua
308 1676 663 1748 etymologia
692 1677 740 1732 si
766 1677 899 1748 quis
932 1678 1243 1733 abhorreat
1274 1680 1345 1733 ob
1371 1679 1809 1751 discrepantem

162 1766 522 1837 scripturam
555 1766 731 1834 vocis,
760 1767 983 1838 Thynia
1015 1783 1117 1839 per
1148 1784 1182 1839 y
1243 1768 1483 1839 scripta,
1517 1786 1551 1823 a
1604 1768 1812 1823 Thinia

1929 611 2167 678 usitato;
2193 612 2364 682 quale
2391 611 2655 667 adhiberi
2682 610 2970 681 hodieque
2988 610 3180 665 videre
3218 626 3307 664 me
3331 611 3573 665 memini

1928 700 1986 753 in
2022 700 2460 755 narrationibus
2494 700 2825 771 praeliorum
2849 703 2949 753 aut
2981 699 3479 770 oppugnationum
3510 700 3569 753 in

1929 794 2126 842 nostra
2145 788 2348 855 Gallia,
2383 790 2479 843 ubi
2508 787 3072 861 legiones,Navarica
3095 787 3343 859 exempli
3370 806 3567 855 causa,

1925 876 2012 931 vel
2037 878 2473 947 Nortmannica,
2497 882 2749 934 Navarra
2780 882 2837 933 et
2876 877 3260 932 Nortmannia
3308 876 3419 931 dici
3452 895 3565 932 non

1928 982 2058 1020 raro
2089 965 2384 1037 leguntur.
2410 967 2539 1022 Jam
2576 967 2720 1022 satis
2747 965 2995 1021 cohzeret
3018 967 3170 1037 quod
3206 963 3566 1031 additur,ml

1929 1052 2101 1107 αὐτῶν
2137 1053 2477 1127 ὀπτιμάτων,
2502 1055 2561 1111 in
2590 1072 2704 1129 quo
2727 1056 2935 1111 modus
2972 1053 3386 1126 ipseloquendi
3434 1071 3565 1126 gra-

1925 1144 2219 1199 dationem
2251 1145 2491 1211 indicat,
2525 1144 2821 1216 utalz'quid
2848 1143 3106 1215 amplius
3130 1142 3335 1198 licetin
3360 1145 3565 1199 eodem

1925 1248 2133 1304 genere
2164 1234 2475 1305 optimates
2506 1233 2604 1289 isti
2640 1234 2821 1289 fuisse
2871 1232 3298 1303 intelligantur.
3348 1231 3567 1304 Nempe

1925 1339 2038 1377 non
2064 1322 2255 1378 solum
2290 1325 2603 1393 imperator
2625 1321 2960 1377 Michaelem
2994 1322 3147 1378 583
3182 1320 3563 1391 Palaeologum

1921 1409 2134 1481 legioni
2168 1412 2504 1467 Halizonum
2532 1411 2890 1466 Mesothiniaz
2911 1410 3083 1481 vulgo
3109 1416 3453 1482 nuncupatas
3486 1409 3563 1471 εἰς

1920 1498 2163 1574 κεφαλὴν
2194 1496 2370 1569 ’ἔταξεν
2403 1503 2533 1556 mei!
2564 1518 2630 1555 en
2662 1504 2817 1569 (este,
2851 1505 2908 1554 ut
2944 1499 3088 1554 Galli
3122 1499 3295 1554 hodie
3318 1499 3564 1570 loquun-

1919 1593 2037 1653 tur,
2070 1589 2179 1645 hoc
2202 1594 2309 1655 est,
2356 1591 2560 1644 ducem
2620 1589 2969 1660 praeposuit:
3032 1589 3129 1643 sed
3170 1588 3367 1654 etiam,
3402 1589 3556 1659 quod

1920 1674 2401 1732 honorificentius
2425 1678 2552 1744 fuit,
2587 1678 2829 1731 subesse
2852 1676 3037 1731 eidem
3060 1675 3241 1731 voluit
3259 1676 3552 1731 cohortem

1920 1763 2235 1835 ὀπτιμάτων
2270 1766 2507 1835 dictam,
2536 1766 2605 1819 de
2637 1781 2749 1836 qua
2779 1782 2914 1820 voce
2937 1766 3175 1835 videsis,
3207 1766 3405 1834 lector,
3430 1782 3555 1835 quae

162 1854 1051 1943 Pachymerimemorata,quam
1081 1856 1805 1929 illeubiqueperiscribit,
1840 1878 1887 1943 Β
1918 1854 2091 1924 paulo
2122 1855 2365 1910 inferius
2414 1854 2845 1910 adnotabimus.
2891 1855 3013 1911 Non
3061 1855 3556 1943 omittamadmo-

155 1944 407 2014 accipiat
438 1942 594 1999 aliud
629 1944 1013 2016 veriloquium
1050 1944 1107 1999 in
1142 1946 1449 2001 Strabonis
1474 1947 1806 2002 testimonio

160 2033 495 2087 fundatum.
521 2034 573 2088 Is
599 2032 777 2099 enim,
806 2033 843 2087 l.
873 2050 997 2097 xm,
1026 2032 1084 2088 in
1128 2034 1370 2089 Troadis
1419 2035 1807 2105 descriptione

155 2121 524 2176 Allazonium
558 2122 837 2194 oppidum
864 2120 1204 2177 Halizonum
1226 2122 1492 2191 istorum,
1513 2141 1660 2195 quos
1683 2124 1805 2190 alii,

153 2214 220 2264 ut
248 2210 523 2277 iudicavi,
556 2210 864 2266 Allazonas
915 2215 1139 2279 vocant,
1192 2210 1435 2267 collocat
1484 2214 1555 2267 ad
1606 2211 1804 2270 laevam

150 2299 346 2371 Esepi
371 2299 595 2355 amnis:
631 2299 766 2372 quia
795 2300 949 2356 enim
1002 2297 1083 2362 olv
1130 2300 1298 2356 littus
1350 2302 1561 2357 Graecis
1612 2308 1804 2371 sonat,

152 2388 461 2445 Halizones
494 2390 642 2444 inter
688 2388 885 2445 littora
928 2389 1065 2445 hinc
1107 2390 1371 2446 ﬂuminis
1421 2392 1609 2464 lEsepi
1669 2391 1804 2446 hinc

150 2478 525 2549 Propontidis
544 2479 715 2533 sitam
750 2479 1043 2551 regionem
1066 2479 1387 2535 incolentes
1420 2482 1623 2537 merito
1650 2502 1804 2553 μεσο-

148 2568 349 2621 θινῖται
380 2567 519 2623 dicti
557 2569 788 2623 iuerint.
843 2569 955 2624 Nec
996 2570 1319 2625 omittenda
1376 2587 1444 2626 ex
1500 2572 1804 2627 occasione

150 2657 470 2713 declaratio
497 2656 605 2712 loci
640 2658 821 2713 nostri
857 2658 1133 2728 auctoris,
1169 2676 1217 2714 ο.
1270 2660 1324 2727 9,
1370 2659 1408 2716 l.
1446 2678 1484 2727 ι,
1528 2662 1619 2716 cui
1673 2678 1802 2733 qua:

148 2747 246 2801 hic
291 2746 548 2801 diximus
605 2747 787 2802 facem
847 2747 1182 2818 praeferunt.
1233 2748 1521 2803 Scribitur
1568 2749 1645 2803 ibi
1678 2750 1798 2805 sic:

146 2834 290 2891 Τότε
341 2831 407 2903 δὴ
458 2832 548 2888 καὶ
596 2838 691 2888 τοῦ
744 2831 1129 2910 Παλαιολόγου
1163 2835 1236 2897 εἷς
1265 2835 1508 2913 κεφαλὴν
1546 2839 1802 2911 τεταγμὲ·

143 2946 241 2979 νου
273 2924 599 2988 Μεσοθινίας
628 2923 717 2979 καὶ
748 2923 923 2978 αὐτῶν
974 2926 1289 2997 ὀπιμάτων
1324 2925 1531 2979 ἐκεῖνοι)
1564 2926 1801 3000 προστά-

144 3015 355 3085 ξαντος,
386 3013 477 3068 καὶ
504 3012 572 3068 τὰ
600 3010 787 3068 πολλᾶ
832 3014 949 3068 κατ’
997 3015 1224 3069 Ἰταλῶν
1272 3016 1628 3090 πράττοντος,
1688 3022 1798 3073 etc.

142 3110 425 3161 Narratur
474 3104 596 3160 illic
642 3104 979 3161 Michaelem
1040 3105 1430 3179 Palaaologum
1489 3114 1613 3161 tum
1665 3124 1797 3163 cum

144 3196 403 3251 maxime
462 3211 527 3249 ac
586 3199 822 3250 strenue
881 3200 1170 3251 exerceret
1229 3196 1631 3266 praefecturam
1685 3196 1797 3251 sibi

144 3284 429 3339 creditam
464 3283 861 3340 Romanarum
896 3284 1196 3355 cepiarum
1231 3291 1431 3341 contra
1466 3285 1641 3341 Italos
1691 3302 1796 3356 pu-

146 3373 485 3445 gnantium,
539 3372 831 3428 monitum
887 3389 921 3428 a
960 3372 1102 3445 Coty
1142 3374 1397 3445 quodam
1441 3374 1512 3429 de
1559 3374 1802 3430 consilio

146 3462 525 3534 imperatoris
558 3478 845 3518 excessere
876 3463 1070 3534 ipsum
1105 3463 1366 3535 parantis
1400 3463 1618 3535 fugisse
1664 3480 1796 3520 cum

150 3552 443 3607 monitore
474 3551 534 3606 in
566 3550 881 3607 Persidem.
933 3552 1042 3607 Sed
1103 3551 1243 3623 quid
1302 3552 1412 3607 sibi
1461 3552 1583 3607 vult
1640 3555 1794 3625 quod

149 3640 514 3712 Palaeologus
546 3637 622 3703 εἷς
673 3637 918 3717 κεφαλὴν
974 3641 1303 3714 τεταγμένος
1360 3641 1575 3697 dicitur
1634 3663 1794 3714 μεσο-

142 3731 321 3793 θινίας
349 3729 439 3784 καὶ
474 3728 644 3783 αὐτῶν
698 3729 1064 3802 ὀπτιμάτωνὲ
1112 3732 1407 3787 Traditam
1470 3732 1552 3786 illi
1612 3732 1793 3789 fuisse

139 3823 459 3893 regendam
500 3820 915 3877 Mesothiniam
950 3821 1305 3893 provinciam
1353 3820 1515 3876 nulla
1542 3838 1789 3893 usquam

1918 1960 2053 1997 nere
2084 1946 2235 2015 apud
2272 1944 2664 2016 Acropolitam
2697 1960 2744 1998 c.
2773 1945 2842 1997 64
2874 1946 3030 1997 Hist.
3081 1941 3436 2011 Μεσοθυνίαν,
3487 1944 3558 1997 de

1916 2048 2033 2103 qua
2083 2033 2176 2087 hic
2229 2038 2445 2088 actum.
2498 2050 2631 2088 cum
2666 2050 2695 2087 v
2742 2033 2941 2088 scribi.
2995 2034 3235 2089 Codices
3282 2033 3555 2104 Pacbym.

1915 2138 2047 2177 cum
2085 2120 2448 2184 ιΜεσοοινίαν
2481 2126 2816 2177 constanter
2846 2123 3128 2177 scribunt.
3165 2122 3224 2194 [P
3255 2122 3379 2193 402]
3442 2122 3556 2177 Hos

1914 2228 2022 2267 nos
2052 2212 2465 2282 expressimus,
2501 2212 2595 2268 Sic
2643 2218 2700 2266 et
2758 2212 2817 2266 in
2866 2212 3260 2266 Tocharorum
3320 2216 3375 2266 et
3427 2210 3557 2266 aliis

1914 2302 2269 2373 quibusdam
2302 2302 2601 2358 vocabulis
2626 2302 2954 2373 AcrOpolita
2993 2319 3025 2357 a
3072 2303 3281 2358 Nostro
3340 2302 3556 2371 dili‘ert,

1914 2408 2018 2447 nec
2050 2394 2229 2448 nostri
2260 2392 2460 2465 judicii
2493 2396 2581 2447 est
2602 2392 2843 2447 definire
2873 2398 3002 2446 uter
3043 2392 3339 2447 erraverit.
3369 2391 3555 2455 Quare

1915 2499 2033 2536 rem
2070 2483 2351 2552 integram
2378 2482 2789 2553 relinquimus:
2817 2483 2969 2553 quod
2988 2474 3551 2553 reperimusilamus.

1980 2570 2127 2624 Μὲπε
2158 2589 2213 2643 p.
2247 2572 2351 2625 216
2390 2573 2483 2625 Ait
2533 2572 2689 2642 Mepe
2734 2570 2931 2625 Iberia:
2985 2571 3184 2625 Davidi
3245 2573 3436 2626 datam
3492 2571 3551 2626 in

1914 2676 2151 2715 uxorem
2188 2660 2363 2714 filiam
2400 2661 2659 2730 spuriam
2693 2660 2961 2732 conjugis
2992 2661 3246 2732 despotw
3287 2659 3549 2717 Joannis.

1913 2748 2018 2804 Ubi
2055 2750 2194 2821 quid
2228 2752 2597 2821 suspicemur
2654 2748 2812 2804 aliud
2876 2766 3050 2820 quam
3108 2766 3441 2820 supremam
3493 2751 3550 2805 in

1912 2839 2101 2893 Iberia
2132 2844 2471 2910 potestatem
2507 2838 2783 2894 vocabulo
2814 2838 2925 2893 isto
2948 2840 3266 2910 designari,
3300 2842 3363 2893 ut
3402 2839 3555 2895 sicut

1910 2927 2084 2981 cralis
2118 2928 2174 2982 in
2210 2928 2434 2994 Serbia,
2467 2927 2662 2982 sultau
2696 2927 2754 2981 in
2793 2928 3030 2983 Perside
3060 2932 3200 2983 tunc
3226 2928 3552 2995 dicebatur,

1911 3017 2010 3087 qui
2044 3017 2218 3072 rebus
2244 3016 2362 3072 illic
2395 3021 2653 3088 praeerat,
2688 3019 2771 3073 sic
2804 3018 3102 3075 Iberorum
3133 3017 3552 3073 Asiasticorum

1910 3109 2099 3161 rector
2128 3107 2272 3177 Mepe
2301 3109 2626 3161 vocaretur.
2661 3106 2739 3161 De
2771 3122 2885 3178 quo
2917 3113 3112 3163 tamen
3145 3106 3402 3178 amplius
3425 3124 3555 3178 pro-

1912 3196 2141 3263 nuntio,
2172 3196 2364 3269 quoad
2398 3195 2614 3251 certius
2644 3196 2771 3267 ejus
2818 3197 2898 3252 rei
2948 3196 3354 3253 testimonium
3412 3214 3552 3269 sup-

1911 3288 2069 3355 petat
2099 3285 2192 3355 (ι).

1980 3372 2303 3447 Μετάληψις
2354 3393 2425 3446 p.
2479 3378 2622 3433 361.
2682 3377 2777 3432 Ait
2835 3376 3125 3432 admissos
3184 3377 3253 3431 ad
3315 3393 3548 3432 omnem

1905 3465 2379 3521 communionem
2414 3484 2713 3523 sacrorum
2758 3467 2993 3522 Latinos
3025 3484 3056 3521 a
3116 3465 3328 3521 Grsecis
3378 3466 3545 3535 jussu

1904 3553 2294 3626 imperatoris,
2338 3556 2875 3612 reconciliationem
2906 3554 3295 3611 Ecclesiarum
3336 3572 3545 3627 procu—

1900 3644 2106 3709 rantis,
2139 3649 2375 3715 excepta
2410 3643 2733 3717 μεταλήψει,
2792 3661 2966 3717 quam
3029 3660 3143 3700 non
3202 3644 3545 3715 quaerebant

1899 3732 1964 3786 Et
1996 3737 2190 3789 tamen
2224 3739 2395 3789 antea
2424 3736 2647 3791 dixerat
2669 3751 2766 3790 eos
2798 3734 3264 3789 communicasse
3292 3734 3465 3788 etiam
3490 3730 3542 3787 ἐν

1900 3820 2203 3897 μεταλήψει
2225 3828 2319 3877 τοῦ
2353 3823 2499 3887 θείου
2532 3822 2717 3898 ἄρτου,
2750 3823 2807 3881 ὅν
2839 3822 3134 3900 ἀντίδωρον
3180 3824 3449 3900 Λέγουσιν,
3484 3828 3543 3880 in

134 3910 275 3965 alibi
307 3915 398 3965 est
427 3910 667 3965 mentio.
715 3914 787 3965 Et
826 3910 1180 3982 provinciam
1216 3910 1310 3965 hic
1342 3909 1459 3965 sive
1493 3911 1787 3982 regionem
1888 3916 2250 3984 perceptione
2277 3916 2431 3971 sacri
2450 3915 2613 3987 panis
2660 3933 2819 3988 quem
2848 3916 3163 3972 antidorum
3194 3916 3403 3971 dicunt.
3433 3916 3541 3979 Qui

131 3997 459 4061 Μεσηθινξας
496 3998 778 4055 vocabulo
828 3998 1097 4064 indicari,
1159 3998 1254 4053 vix
1312 4000 1457 4055 ferat
1515 4000 1788 4055 continue

131 4090 416 4160 adjuncta
447 4088 666 4143 mentio
697 4086 1048 4159 optimatum,
1068 4095 1123 4143 et
1154 4089 1389 4160 quidem
1416 4106 1548 4143 cum
1582 4106 1787 4160 prono-

130 4181 293 4234 mine
349 4180 616 4251 ipsorum,
674 4177 764 4231 καὶ
822 4175 999 4231 αὐτῶν
1057 4176 1417 4249 ὀπτιμάτων.
1488 4179 1631 4244 Quid
1694 4178 1785 4233 hic

131 4268 402 4324 dicemus
424 4268 451 4322 ?
484 4268 654 4323 Aliud
689 4282 853 4337 sane,
886 4272 1200 4339 postquam
1235 4268 1419 4323 multa
1450 4266 1779 4339 disquisivi,

129 4374 246 4413 non
292 4358 544 4413 occurrit
576 4356 687 4412 nisi
724 4356 1039 4429 μοσοθινίαν
1085 4356 1180 4412 hic
1230 4358 1364 4429 poni
1423 4374 1525 4429 pro
1561 4357 1781 4427 legione

128 4448 389 4519 quadam
423 4452 523 4501 aut
580 4451 742 4518 parte
801 4446 1191 4501 Romanarum
1246 4447 1545 4517 copiarum
1584 4462 1649 4500 ex
1707 4446 1778 4500 iis

1894 4005 2064 4075 panis
2095 4021 2227 4059 cum
2271 4011 2715 4077 repraesentaret
2758 4006 3211 4074 Eucharistiam,
3272 4006 3544 4061 videntur

1891 4092 2065 4148 etiam
2094 4094 2286 4150 Latini
2318 4112 2432 4151 non
2472 4096 2795 4152 recusaturi
2827 4113 2955 4151 eam
2990 4113 3124 4152 cum
3174 4096 3383 4152 Grecis
3415 4113 3541 4167 per-

1891 4183 2102 4253 cipere.
2136 4183 2427 4239 Nimirum
2466 4181 2773 4257 μετάληψις
2802 4202 2869 4240 ex
2902 4203 3010 4241 usu
3044 4186 3373 4241 Graecorum
3412 4202 3537 4255 pro-

1889 4272 2011 4342 prie
2034 4272 2329 4344 significat
2386 4275 2784 4344 sumptionem
2850 4274 2967 4329 vini
3016 4274 3361 4341 consecrati,
3420 4274 3540 4329 sive

1888 4361 2217 4431 specierum
2250 4363 2559 4435 sanguinis
2584 4363 3007 4434 Christi,quam
3036 4364 3162 4419 ideo
3187 4365 3243 4418 in
3277 4380 3536 4418 commu-

1888 4449 2059 4505 nione
2106 4450 2254 4506 laica
2304 4452 2491 4506 Latini
2553 4468 2663 4508 non
2714 4453 3062 4523 qua'rebant,
3125 4452 3227 4505 οὐκ
3280 4445 3536 4525 ἔχρῃζον,

128 4537 388 4593 conﬂata
418 4535 706 4591 militibus
738 4535 836 4606 qui
872 4535 1259 4591 Mesothinitas
1291 4535 1515 4608 vulgari
1576 4534 1779 4607 lingua
1812 4607 1841 4610 _
1888 4540 2041 4610 quod
2074 4556 2141 4595 ea
2172 4540 2285 4597 sibi
2322 4540 2542 4597 sciebat
2573 4542 2948 4599 interdictum
2981 4542 3091 4596 ritu
3150 4541 3537 4597 Occidentalis

126 4627 499 4682 dicebantur.
533 4624 650 4681 Hoc
682 4624 911 4680 videtur
944 4642 1047 4680 nos
1092 4626 1297 4680 docere
1331 4634 1524 4681 nosler
1554 4630 1775 4693 auctor,
1811 4607 1856 4671 Γ)
1888 4628 2180 4685 Ecclesiae.
2216 4630 2424 4686 Docuit
2458 4648 2547 4686 me
2574 4630 2727 4686 hanc
2752 4631 3169 4703 proprietatem
3191 4631 3349 4686 vocis
3378 4629 3539 4703 μιτά-

124 4717 270 4772 dum
332 4714 431 4770 illo
489 4731 538 4770 c.
589 4714 682 4779 27,
730 4713 767 4767 1.
827 4730 883 4768 1v
943 4712 1026 4768 sic
1083 4713 1345 4786 loquitur
1388 4732 1452 4769 ex
1510 4714 1774 4770 versione

126 4805 433 4875 nostra,de
462 4803 740 4859 Romanis
767 4818 945 4874 agens
969 4802 1150 4875 copiis
1180 4801 1557 4859 validissimis
1596 4804 1772 4859 Joan—

1888 4714 2057 4791 ληψις
2083 4719 2170 4773 vir
2203 4720 2577 4792 pereruditus
2606 4724 2661 4776 et
2692 4721 2749 4775 in
2780 4720 2987 4792 primis
3003 4721 3189 4776 sciens
3206 4720 3537 4776 Graecorum

1888 4808 2109 4863 rituum
2141 4809 2397 4864 Jacobus
2430 4808 2581 4865 Goar
2610 4809 2674 4865 Ο.
2709 4810 2765 4864 Ρ.
2795 4810 2894 4880 qui
2931 4810 3084 4866 uotis
3114 4810 3184 4863 ad
3218 4808 3535 4881 Liturgiam

130 4895 222 4951 nis
285 4894 542 4966 despotas
600 4892 805 4947 ductui
874 4891 1217 4963 permissis:
1282 4893 1634 4964 Conﬁabatur
1688 4893 1777 4947 hic
1883 4900 1940 4970 β.
1974 4898 2214 4953 Joannis
2238 4899 2537 4970 Chrysost.
2574 4916 2629 4970 p.
2667 4899 2765 4952 150
2797 4898 3082 4970 Eucholog.
3116 4899 3538 4954 refertGrazcos

129 4985 410 5041 exercitus
439 4999 507 5038 cx
534 4980 917 5053 diﬂerenlibus
950 4982 1269 5052 corporibus
1291 4990 1342 5037 et
1374 4982 1516 5038 velut
1548 4980 1777 5053 collegii
1882 4968 1947 5041 in
1980 4987 2111 5059 ipsa
2142 4968 2597 5044 altaris—c0061];
2627 4988 2942 5060 depingere
2967 4968 3281 5061 imaginem
3324 4990 3535 5045 Christi

126 5076 378 5130 militum
421 5113 433 5126 .
477 5114 492 5129 .
536 5089 748 5127 .unum
779 5080 903 5127 erat
962 5072 1419 5130 Paphaaonicum
1452 5114 1464 5126 .
1511 5116 1523 5129 .
1569 5114 1581 5127 .
1615 5072 1779 5127 aliud

125 5182 254 5220 cum
284 5172 339 5219 et
366 5163 546 5234 ipsum
574 5159 932 5216 multitudine
960 5166 1081 5215 tum
1126 5160 1183 5216 vi
1229 5164 1280 5217 et
1336 5170 1455 5217 arte
1508 5171 1779 5234 praestans

122 5253 351 5310 bellica.
410 5268 479 5307 ea:
530 5250 901 5306 Halizonibus
950 5266 1081 5322 quos
1139 5250 1510 5307 Mesothinilas
1554 5254 1780 5323 vulgare

124 5344 282 5400 dicat
328 5340 559 5397 idioma.
608 5341 690 5395 En
744 5339 887 5413 quid
938 5340 1262 5396 Mesothina
1306 5341 1427 5397 haec
1466 5343 1639 5397 fuerit
1685 5341 1777 5397 cui

120 5439 263 5489 tunc
298 5430 650 5504 praepositus
680 5428 922 5485 Michael
948 5429 1303 5504 Palaeologus
1334 5434 1404 5487 ab
1432 5433 1781 5505 imperatore

120 5522 356 5579 fuerat:
391 5536 508 5578 non
540 5518 719 5593 regio,
752 5520 853 5576 sed
910 5518 1060 5593 legio
1115 5520 1392 5595 μεσοθινία
1440 5522 1783 5597 Pachymeri

536 5113 548 5127 .
573 5089 748 5127 unum
779 5080 903 5127 erat
962 5071 1419 5145 Paphagonicum
1452 5114 1464 5126 .
1511 5116 1523 5129 .

198 5740 277 5817 (ι)
312 5740 399 5798 Cf.
431 5737 797 5797 Glossarium
824 5735 1096 5794 alterum.

1887 5076 2117 5131 Domini
2144 5078 2458 5149 pontificiis
2476 5078 2738 5133 vestibus
2762 5079 2969 5146 ornati,
2994 5078 3318 5135 decussatis
3348 5077 3536 5135 mani-

1888 5167 2000 5222 bus
2045 5184 2253 5240 panem
2286 5172 2691 5224 consecratum
2723 5168 2945 5236 dextra,
2983 5168 3223 5225 calicem
3272 5186 3409 5226 vero
3459 5171 3536 5227 si-

1892 5257 2077 5312 nistra
2112 5257 2456 5330 proferentis
2488 5257 2769 5329 inscripto
2796 5259 2862 5312 ad
2894 5259 3190 5314 dexteram
3224 5265 3279 5314 et
3320 5276 3546 5315 sacrum

1890 5346 2097 5401 Christi
2132 5363 2342 5419 corpus
2373 5346 2652 5402 vecabulo
2687 5342 2993 5418 μετάδοσις,
3029 5349 3099 5409 ad
3161 5350 3363 5404 laevam
3404 5366 3539 5405 vero

1892 5440 1949 5491 et
1975 5434 2212 5492 calicem
2248 5441 2449 5493 nostra
2478 5436 2586 5492 hac
2620 5452 2755 5492 vove
2792 5434 3121 5509 μετάληψις.
3165 5438 3310 5494 Hinc
3363 5438 3538 5494 habe-

1895 5542 2028 5581 mus
2064 5521 2427 5599 μεταλήψεως
2456 5526 2806 5582 vocabulum
2840 5527 3155 5600 aliquando
3185 5527 3417 5601 proprie
3446 5544 3541 5585 ac-
