4248 6438
638 380 776 435 1047

1698 383 1758 434 Ρ.
1803 378 2074 434 POSSINI
2111 379 2722 440 OBSERVATIONUM
2761 389 2893 441 LIB.
2933 390 2978 440 Ῑ.

3933 386 4067 442 1048

642 501 1008 560 commodari
1070 501 1140 557 ad
1200 501 1629 572 perceptionem
1685 501 1834 556 sacri
1893 499 2108 556 ealicis.
2165 497 2289 554 Dixi
2319 503 2372 565 Α
2403 507 2597 560 autem
2629 505 2686 560 id
2718 508 2885 565 facile
2911 509 3344 565 discerneretur
3373 509 3431 564 in
3481 525 3660 564 causa
3705 515 3854 575 erat,
3906 513 4065 581 quod

643 591 980 662 aliquando,
1016 590 1151 661 quia
1184 595 1392 661 printer
1421 591 1478 645 id
1511 591 1664 661 quod
1699 591 1994 662 superius,
2026 594 2090 644 ut
2121 589 2295 644 modo

649 681 1061 746 admouebam,
1097 677 1402 750 μετάληψις
1447 679 1790 751 adjungitur
1819 682 1898 749 τῷ
1952 679 2080 749 θείῳ
2126 675 2292 750 ἄρτῳ,

649 769 824 823 etiam
860 768 1035 837 infra,
1069 785 1118 823 c.
1161 769 1249 836 36,
1311 768 1348 822 l.
1396 785 1474 835 v1,
1529 770 1849 839 imperator
1907 767 2297 824 moribundus

646 858 863 913 dicitur
925 857 1022 924 τήν
1095 855 1247 930 ἁγίαν
1323 856 1629 929 μετάληψιν
1695 854 1979 932 δέχεσθαι.
2055 857 2300 912 Videtur

649 950 843 1003 autem
869 947 1126 1002 indicare
1155 947 1272 1002 illic
1305 947 1623 1003 historicus
1654 947 1925 1014 voluisse,
1975 945 2300 1017 sumpsisse

648 1041 790 1091 tunc
807 1035 975 1091 illum
1001 1036 1424 1092 Eucharistiam
1449 1054 1564 1107 quo
1588 1038 1760 1092 modo
1781 1038 2049 1093 solebant
2068 1049 2302 1092 sumere

655 1125 923 1180 morituri
953 1128 1106 1197 apud
1140 1127 1391 1194 Graecos,
1424 1126 1534 1182 hoc
1562 1133 1650 1182 est
1681 1128 1791 1183 sub
1825 1131 2072 1197 utraque
2110 1125 2303 1197 specie

655 1214 802 1271 Nam
838 1215 993 1271 584
1037 1232 1221 1287 isque,
1270 1215 1496 1287 opinor,
1559 1216 1628 1270 ad
1684 1222 1990 1286 utramque
2048 1214 2301 1286 speciem

657 1303 948 1374 pertinent
974 1310 1296 1360 memorata
1320 1304 1493 1376 paulo
1527 1306 1688 1377 prius
1719 1299 1974 1376 σύμϐολα
1989 1306 2085 1357 τοῦ
2109 1311 2306 1356 Δεσπο-

651 1395 806 1443 τικοῦ
839 1393 1089 1447 Θανάτου.
1130 1395 1248 1450 Nisi
1303 1397 1447 1449 forte
1505 1394 1604 1465 qui
1665 1395 2000 1464 suspicetur
2047 1397 2304 1448 extremo

656 1481 940 1552 languore
970 1483 1448 1537 conﬂictantibus
1473 1484 1594 1537 dari
1635 1482 1865 1538 solitam
1900 1481 2141 1537 alteram
2174 1485 2304 1536 tan-

661 1575 790 1623 tum
825 1572 1101 1641 speciem,
1132 1587 1340 1641 nempe
1371 1571 1680 1641 liquidam,
1731 1587 1906 1641 quam
1942 1570 2309 1626 commodius

657 1664 683 1717 ι
698 1660 1139 1715 ransmitterent
1171 1677 1271 1732 per
1294 1662 1488 1716 lances
1510 1661 2086 1727 eatarrhaonsessas,
2105 1665 2161 1713 et
2185 1659 2310 1713 ideo

678 1746 1038 1820 μεταλήψεως
1081 1749 1286 1816 solius,
1315 1749 1422 1805 hoc
1453 1755 1542 1804 est
1571 1749 1685 1803 vini
1721 1751 2042 1805 consecrati
2075 1765 2310 1804 conver-

2408 607 2618 650 manus
2649 596 3244 653 etformalitterarum
3266 597 3580 654 Andronici
3604 597 3686 653 sic
3703 601 4067 669 congruebat

2406 699 2537 739 cum
2572 691 2834 756 paterna,
2858 694 2921 742 ut
2953 689 3186 744 nonnisi
3219 704 3370 760 aegre
3402 689 3578 744 etiam
3634 706 3664 742 a
3700 690 3886 758 perito
3942 690 4066 743 dis-

2407 773 2809 845 tingueretur:
2842 777 2966 832 Ἐπὶ
2997 781 3253 830 τοσοῦτον
3285 777 3387 850 γὰρ
3421 777 3508 829 καὶ
3542 778 3801 850 παρέϊκτο
3828 782 3952 839 τοῖς
3971 782 4071 830 τοῦ

2407 862 2611 935 πατρὸς
2659 863 2734 926 ὡς
2787 865 2863 937 μὴ
2915 861 3115 939 ῥᾳδίως
3163 861 3451 938 διαγνῶναι
3483 859 3629 938 ἔχειν
3662 866 3877 919 καὶτὸν
3914 863 4072 935 εἰδή-

2413 971 2569 1021 μονα.
2595 953 2880 1026 Gregoras
2913 957 2974 1027 (Ι.
3002 973 3078 1025 ιν,
3113 973 3168 1026 p.
3201 957 3270 1008 52
3293 956 3384 1010 ed.
3410 955 3585 1010 Basil.
3621 957 4072 1026 an.1562)refe-

2412 1057 2546 1096 rens
2578 1048 2851 1098 ornatum
2887 1044 3222 1114 insignibus
3257 1044 3492 1114 imperii
3521 1061 3553 1097 a
3577 1050 3741 1116 patre
3774 1046 4077 1099 Androni-

2411 1145 2547 1184 cum
2574 1131 2776 1187 addit:
2810 1132 3104 1205 Ἐπὲτρεψε
3150 1128 3194 1184 δ’
3231 1131 3377 1201 αὐτῷ
3407 1132 3434 1184 ὁ
3465 1132 3644 1205 πατὴρ
3685 1133 3836 1189 585
3877 1133 3972 1185 καὶ
4007 1130 4077 1184 δι’

2413 1215 2651 1289 ἐρυθρῶν
2717 1220 3042 1296 ὑπογράφειν
3104 1220 3442 1294 γραμμάτων
3519 1219 3945 1294 προστάγματα,
4013 1222 4077 1274 οὐ

2417 1307 2600 1378 μέντοι
2637 1315 2781 1382 μῆνα
2811 1311 2899 1364 καί
2951 1307 3212 1379 ἷ¹Αδικτον,
3244 1308 3392 1364 ἀλλὰ
3439 1306 3787 1382 Ἀνδρότικος
3837 1312 4078 1384 Χριστοῦ

2417 1397 2603 1470 χάριτι
2631 1397 2882 1472 βασιλεὺς
2905 1399 3212 1472 Ῥωμαίων.
3263 1401 3526 1456 Permisit
3586 1417 3708 1456 vero
3758 1401 3872 1472 ipsi
3914 1408 4082 1472 pater

2416 1489 2604 1544 edictis
2624 1490 2965 1546 subscribere
2993 1492 3183 1546 rubris
3205 1489 3424 1546 litteris.
3448 1499 3709 1547 ceterum
3729 1489 3856 1545 sine
3887 1507 4082 1545 mense

2421 1586 2473 1632 et
2498 1577 2973 1646 indictione;sed,
3006 1579 3350 1634 Andronicus
3400 1580 3610 1634 Christi
3655 1582 3843 1649 gratia
3900 1582 4081 1650 impe-

2423 1672 2577 1722 rator
2606 1669 3130 1724 Itomanorumﬂtec
3161 1670 3483 1741 Gregoras;
3517 1685 3587 1723 ex
3619 1667 3838 1739 quibus
3899 1668 4084 1723 intel-

2422 1755 2570 1828 liges
2601 1759 2741 1828 quid
2775 1759 3026 1830 sitquod
3063 1758 3449 1829 Pachymeres
3478 1758 3718 1828 scripsit
3737 1756 4084 1832 ὑπογράσξειν

667 1838 831 1909 sique
862 1839 919 1893 in
955 1838 1167 1894 Christi
1194 1839 1786 1910 sanguinem,factam
1813 1839 1906 1892 hic
1929 1838 2308 1904 mentionem,

2432 1844 2743 1912 Βασιλικῶς,
2766 1847 3110 1902 subscribere
3137 1847 3322 1916 regie:
3356 1852 3447 1902 est
3477 1849 3634 1902 enim
3660 1848 3718 1902 id
3749 1845 4091 1920 ὑπογράφειν

665 1929 820 1997 quod
847 1927 903 1981 id
937 1927 1124 1982 solum
1158 1933 1278 1982 tum
1304 1930 1608 1993 Augustus
1631 1928 1973 2000 perceperit.
2010 1927 2153 1982 Nam
2181 1926 2318 1981 soli-

663 2020 751 2071 tos
774 2019 900 2087 jam
929 2016 1066 2072 olim
1093 2016 1321 2072 Graecos
1341 2016 1521 2072 fuisse
1539 2018 1770 2089 aegrotis
1794 2018 1851 2072 in
1885 2033 2018 2072 eum
2040 2017 2092 2071 vi
2125 2015 2313 2070 morbi

664 2110 882 2161 statum
917 2106 1169 2161 redactis
1207 2111 1268 2161 ut
1295 2122 1443 2178 aegre
1475 2107 1643 2178 panis
1675 2107 1898 2178 species
1932 2105 2317 2177 glutirent,ne

666 2195 793 2251 sine
821 2195 1030 2250 viatico
1063 2194 1576 2267 abirent,speciem
1602 2195 1721 2250 vini
1751 2196 2088 2250 ministrare
2106 2193 2316 2259 solam,

669 2285 836 2341 docet
866 2289 1066 2356 petrus
1097 2285 1407 2340 Arcudius.
1442 2284 1480 2339 l.
1514 2302 1574 2340 ιιι
1610 2290 1684 2341 De
1714 2284 2006 2341 concordia
2062 2285 2321 2342 Ecctesiae

668 2374 941 2444 Oriental,
973 2383 1024 2430 et
1055 2375 1384 2431 Occidental.
1417 2382 1551 2442 etc.,
1586 2391 1640 2446 p.
1675 2375 1800 2431 335.

739 2481 1038 2556 Μετόχιον,
1072 2483 1128 2537 d.
1161 2483 1286 2536 270.
1323 2480 1451 2554 Agit
1484 2483 1555 2537 de
1617 2481 1978 2538 domuncula
2025 2497 2160 2536 cum
2221 2497 2319 2537 sa-

666 2572 811 2628 cello
829 2573 946 2627 divi
977 2571 1197 2627 Nicolai
1228 2573 1299 2626 ad
1334 2587 1493 2626 mare
1544 2572 1678 2638 sita,
1726 2588 1905 2643 quam
1966 2570 2108 2626 dicit
2139 2570 2321 2626 fuisse

671 2661 929 2735 μετόχιον
961 2667 1061 2728 τῆς
1109 2658 1309 2729 Ὀξείας
1349 2661 1682 2716 metochium
1725 2661 1889 2716 Oxeaa
1939 2661 2145 2716 insula
2184 2660 2320 2715 Pro-

668 2753 948 2824 pontidis,
981 2752 1052 2806 ad
1085 2768 1260 2822 quam
1314 2752 1604 2823 deportari
1659 2752 1867 2821 jussus
1917 2750 2322 2824 cxpatriarcha

666 2841 967 2897 Arsenius.
1014 2840 1077 2895 In
1137 2857 1203 2895 ea
1261 2841 1527 2906 radicula,
1586 2841 1804 2913 quippe
1857 2841 2203 2895 imminente
2262 2840 2321 2894 in

672 2930 1070 2986 rectissimum
1122 2929 1260 2984 illuc
1316 2932 1654 3001 trajectum,
1705 2935 1808 2985 aut
1841 2932 1984 2985 forte
2034 2929 2213 2984 etiam
2250 2929 2319 2983 ad

672 3020 1014 3075 monasterii
1047 3018 1346 3084 Oxeensis,
1381 3019 1472 3073 cui
1508 3019 1888 3073 addicebatur
1912 3035 1978 3073 eo
2030 3018 2323 3089 relegatus

674 3109 978 3178 Arscnius,
1013 3111 1115 3179 jus
1173 3108 1620 3179 dominiumque
1674 3109 2020 3178 pertinente,
2054 3109 2241 3162 obiter
2271 3107 2321 3162 is

671 3199 976 3270 depositus
1008 3203 1115 3254 est.
1153 3199 1213 3252 L.
1247 3215 1300 3263 ν,
1335 3215 1384 3254 c.
1431 3198 1499 3263 '2,
1559 3213 1770 3252 nomen
1830 3197 1982 3252 idem
2045 3197 2256 3251 iterum
2293 3213 2324 3249 a
2355 3206 2398 3273 ρ

672 3288 883 3343 Nostro
943 3289 1005 3358 [P
1040 3288 1158 3357 403]
1222 3287 1534 3341 adhibetur
1581 3287 1636 3340 in
1671 3286 1761 3341 his
1815 3286 2044 3354 verbis;
2105 3286 2214 3352 Τὴν
2269 3281 2324 3338 δὲ

677 3376 846 3448 μονὴν
879 3375 1086 3444 ἐκείνην
1117 3376 1398 3446 (loquitur
1427 3376 1497 3429 de
1529 3376 1885 3430 monasterio
1935 3377 2088 3446 quod
2141 3379 2327 3430 l'ueret

677 3465 1133 3536 Blemmidzshﬁ
1173 3468 1274 3516 τοῦ
1336 3461 1605 3532 Ιάλησίου
1669 3468 1809 3535 μονῇ
1871 3463 2194 3530 ὑποτεθῆναι
2250 3462 2326 3524 εἷς

679 3554 962 3627 μετόχιον.
993 3555 1219 3610 Iudicat
1243 3555 1669 3609 monasterium
1698 3556 1854 3624 quod
1886 3557 2074 3609 fuerat
2130 3553 2323 3608 Blem-

679 3643 1297 3708 midie,contributum
1333 3650 1386 3698 et
1434 3644 1766 3714 subjectum
1816 3643 2165 3698 monasterio
2210 3646 2322 3697 Ga-

672 3731 825 3786 lesii.
851 3732 1077 3802 Aliqua:
1102 3731 1381 3802 religiosis
1415 3733 1650 3785 familiae
1693 3732 1870 3787 habet
1917 3732 2324 3787 extraordina-

677 3824 794 3878 rias
853 3824 1080 3890 domos,
1136 3824 1404 3893 quaedam
1473 3840 1599 3894 qua:
1658 3829 1864 3879 vocant
1913 3825 2162 3894 hispitia,
2224 3823 2324 3877 ubi

673 3913 1044 3967 diversentur
1068 3911 1302 3967 illarum
1336 3913 1590 3968 ministri
1621 3920 1719 3968 aut
1766 3911 2041 3983 religiosi,
2084 3913 2185 3983 qui
2224 3928 2326 3966 ne-

673 4002 816 4073 gotii
848 4019 1025 4057 causa
1053 4001 1113 4056 in
1176 4001 1320 4057 locis
1377 4000 1494 4056 illis
1556 4001 2022 4074 peregrinantur.
2083 4002 2327 4057 Videtur

674 4093 771 4162 qui
803 4091 996 4147 simile
1027 4107 1164 4147 voce
1190 4091 1448 4164 μετὸχιον
1482 4091 1574 4146 hic
1607 4092 1922 4162 designari.

746 4196 1096 4272 Μηνολογεῖν
1154 4216 1207 4271 p.
1283 4201 1407 4255 3l9.
1459 4200 1576 4254 Hoc
1631 4197 2114 4272 Ιοουμηνολογεῖν
2151 4197 2328 4270 signi-

678 4291 814 4345 ﬁcat
843 4307 1105 4346 mensem
1140 4306 1434 4362 apponere
1482 4288 1904 4360 diplomatibus
1961 4294 2063 4344 aut
2111 4289 2328 4344 chartis

677 4381 879 4452 regiis;
909 4381 1065 4451 quod
1099 4379 1210 4434 sibi
1247 4379 1345 4434 uni
1379 4378 1625 4434 Michael
1650 4383 2329 4450 Augustusreservatum

679 4469 884 4536 voiuit,
941 4469 1288 4524 nominatim
1349 4468 1645 4539 excipiens
1703 4485 1775 4523 ne
1840 4469 1897 4522 id
1958 4468 2330 4523 Andronicus

2425 1931 2495 1988 δι’
2527 1933 2788 2010 ἐρυθρῶν,
2820 1938 3159 1994 subscribere
3189 1939 3379 1993 rubris
3412 1938 3631 1994 litteris.

2499 2059 2873 2133 Μνημονεύειν
2929 2062 3015 2115 καὶ
3073 2061 3426 2134 μνημόσυνον
3487 2081 3542 2134 p.
3603 2065 3748 2118 374.
3817 2068 3962 2118 Haec
4014 2065 4093 2119 0F-

2427 2152 2768 2206 ferebantur
2799 2169 2830 2207 a
2859 2152 3072 2207 Graecis
3106 2169 3285 2224 papze,
3322 2153 3370 2207 si
3401 2152 3574 2207 vellet
3607 2152 3914 2207 abstinere
3947 2155 4094 2223 aju-

2426 2241 2634 2294 vandis
2666 2240 2888 2296 Latinis
2913 2241 3478 2312 Constantinopolim
3497 2247 3636 2296 tunc
3655 2243 4094 2313 occupantibus

2428 2327 2616 2384 Verbo
2643 2349 2744 2398 μνη
2759 2328 3002 2400 μονεύειν
3018 2329 3671 2402 signiﬁcaturdistincta
3690 2331 3920 2386 mentio
3937 2347 4095 2402 papae

2431 2419 2489 2473 in
2523 2420 2706 2475 sacris
2723 2423 3052 2476 Graecorum
3077 2419 3357 2492 litturgiis
3375 2419 3606 2492 publice
3640 2436 3708 2476 ac
3735 2419 4095 2476 nominatim

2429 2509 2717 2564 facienda.
2754 2511 2886 2581 Ipsa
2916 2527 3082 2581 porro
3104 2509 3239 2566 talis
3266 2509 3748 2566 commemoratio
3768 2509 3835 2562 τὸ
3864 2507 4096 2580 μνημό-

2431 2618 2586 2650 συνον
2621 2597 2886 2654 absolute
2917 2599 3324 2655 antonomasia
3382 2599 3826 2671 compendiaria
3871 2599 4098 2653 dicitur

2431 2687 2490 2742 in
2523 2687 2630 2742 hac
2653 2687 2920 2756 historia,
2943 2693 3006 2742 ut
3029 2689 3303 2760 superius
3327 2688 3582 2743 diximus
3596 2689 3772 2743 verbo
3795 2681 4097 2754 ἔκκλητον.

2431 2777 2515 2830 Ab
2547 2776 2655 2831 hac
2688 2777 2936 2832 Romani
2965 2777 3262 2848 pontiﬁcis
3295 2778 3447 2832 inter
3469 2795 3636 2833 sacra
3661 2793 4100 2832 commemora-

2431 2865 2589 2920 tione
2619 2883 2723 2920 cur
2756 2871 3056 2936 tantopere
3075 2866 3252 2922 Graeci
3284 2866 3961 2930 adhorrerenl,causam
3990 2882 4100 2919 non

2430 2970 2561 3009 esse
2594 2955 2890 3026 sapienter
2920 2956 3182 3010 ostendit
3219 2955 3557 3025 imperator,
3590 2954 3682 3009 his
3713 2954 3851 3008 illos
3877 2971 4099 3026 urgens

2431 3043 2830 3098 verbiszTivz
2881 3040 2926 3096 δ’
2983 3041 3099 3117 ἔχει
3159 3041 3593 3110 ἀντικανονίανὴ
3655 3041 3738 3095 ἐπ’
3799 3040 4099 3110 ἐκκλησίας

2435 3131 2679 3209 ἀναφορὰ
2733 3132 3166 3204 τρῦεόνὸματος
3224 3133 3501 3204 (subaudi
3562 3133 3770 3203 papae),
3837 3130 3988 3184 ὅπου
4047 3151 4101 3203 γε

2435 3220 2522 3273 καὶ
2560 3221 2634 3291 μὴ
2677 3219 2897 3281 πάππας
2941 3216 3098 3280 ὄντας
3145 3221 3273 3281 τοὺς
3325 3218 3534 3280 ἀλλους
3585 3220 3787 3294 ἀνάγκη
3851 3220 4104 3292 μετέχειν

2432 3307 2648 3364 τοιᾶσδε
2688 3316 2787 3377 τῆς
2827 3309 3145 3381 κοινωνίας,
3191 3315 3308 3370 τοῖς
3366 3307 3822 3378 ἐκκλησιάζουσιν
3880 3330 4102 3362 amita-

2440 3401 2632 3471 μένους
2663 3402 2761 3452 τοῦ
2792 3399 2999 3470 ἱερέως.
3035 3400 3211 3466 Quasi
3239 3401 3492 3454 diceret:
3527 3399 3674 3464 Quid
3712 3403 3961 3452 tantum
4016 3417 4097 3452 re-

2436 3490 2635 3558 l'ugitis
2667 3509 2698 3544 a
2724 3489 3081 3545 nominando
3137 3491 3290 3544 inter
3349 3506 3582 3544 sacrum
3635 3505 3806 3559 papa,
3842 3505 3986 3542 cum
4021 3487 4099 3540 ibi

2435 3579 2654 3634 multos
2688 3578 2855 3646 alios,
2889 3579 3137 3634 minoris
3171 3577 3710 3650 utiquedignitatis,
3739 3577 4099 3632 nominatim

2435 3668 2681 3739 exprimi
2719 3686 2828 3724 usu
2881 3668 3019 3723 olim
3051 3668 3310 3739 legitimo
3352 3666 3710 3722 invaluerit?
3769 3666 4106 3720 Verissime

2434 3758 2556 3812 haec
2580 3763 2737 3813 sunt.
2775 3757 2920 3813 Nam
2955 3759 3011 3812 in
3047 3758 3310 3830 Liturgia
3333 3759 3522 3813 sancti
3553 3756 3804 3812 Joannis
3840 3756 4106 3828 Chryso-

2436 3853 2624 3902 stomo
2657 3847 2775 3900 haec
2806 3846 3081 3918 legimus,
3112 3864 3169 3919 p.
3227 3848 3298 3900 78
3339 3844 3682 3916 Euchologii
3719 3861 3731 3898 :
3767 3844 4047 3904 Ἐνταῦθα
4081 3844 4102 3894 ὁ

2435 3933 2612 4008 ἱερεὺς
2662 3933 2992 4006 μνημονεύει
3041 3932 3114 3988 ὧν
3167 3933 3328 3998 θέλεί
3349 3935 3564 4003 ζώντων
3616 3934 3700 3986 καὶ
3754 3934 4102 3986 τεθνεώτων.

2433 4016 2590 4096 ’Υπὲρ
2643 4024 2859 4092 ζώντων
2918 4022 3106 4097 λέγει.
3163 4024 3321 4098 Ὑπὲρ
3378 4020 3672 4097 σωτηρίας,
3735 4019 4106 4092 ἐπισκέψεως,

2438 4113 2676 4190 ἀφέσεως
2726 4117 2832 4166 τῶν
2887 4114 3165 4188 ἁμαρτιῶν
3215 4117 3311 4165 τοῦ
3358 4109 3559 4166 δούλου
3606 4114 3700 4163 τοῦ
3733 4114 3870 4163 Θεοῦ
3908 4108 4108 4170 δεῖνος.

2437 4204 2540 4259 Hic
2568 4203 2827 4259 sacerdos
2856 4203 3114 4258 meminit
3142 4219 3378 4274 quorum
3411 4203 3528 4256 vult
3560 4203 3813 4256 vivorum
3843 4203 3898 4254 et
3952 4217 4110 4255 mor-

2439 4302 2682 4358 tuorum,
2713 4295 2825 4348 Pro
2855 4293 2996 4347 vivis
3027 4292 3182 4348 dicit.
3219 4295 3325 4348 l-‘ro
3346 4290 3561 4355 salute,
3588 4289 3941 4362 proiectione
3965 4295 4111 4344 etre-

2439 4382 2708 4438 missione
2734 4387 3081 4451 peccatorum
3110 4389 3252 4437 servi
3283 4382 3383 4437 Dei
3411 4382 3475 4436 Ν.
3508 4381 3592 4435 En
3626 4384 3692 4433 ut
3742 4379 4111 4433 nominatim

2443 4471 2660 4526 mentio
2692 4471 2758 4525 ﬁt
2790 4472 2849 4526 in
2880 4489 3044 4527 sacro
3077 4470 3423 4543 quorumvis
3455 4471 3526 4524 ad
3559 4468 3878 4524 arbitrium
3921 4484 4111 4522 sacer-

681 4559 862 4629 ﬁlius,
897 4575 1073 4631 quem
1125 4559 1182 4613 in
1245 4558 1476 4628 imperii
1535 4559 1896 4613 consortium
1957 4557 2322 4624 admittebat,

2443 4561 2617 4617 dotis.
2680 4560 2739 4615 Ρ.
2800 4561 3011 4616 deinde
3055 4561 3165 4616 79:
3228 4559 3288 4615 Ὀ
3341 4555 3398 4612 δὲ
3465 4556 3637 4630 ἱερεὺς
3696 4553 3962 4632 ἐκφωνεῖ·
4029 4556 4112 4608 Ἐν

683 4650 873 4704 facere
905 4665 966 4704 se
995 4649 1122 4703 vivo
1146 4654 1364 4720 posset.
1397 4647 1556 4703 Unde
1591 4649 1744 4703 idern
1780 4647 1988 4704 Noster
2020 4648 2076 4701 in
2111 4648 2332 4702 Andro-

679 4740 810 4794 nico
841 4739 1019 4811 (quod
1055 4737 1214 4793 aliud
1240 4755 1411 4808 opus.
1449 4738 1565 4793 Deo
1598 4739 1793 4803 dante,
1828 4754 1962 4792 mox
1991 4736 2256 4807 edemus)
2291 4735 2332 4792 l.

679 4847 719 4896 ι,
755 4847 804 4884 c.
841 4830 892 4896 1,
928 4833 1127 4882 narrat
1157 4844 1290 4883 eum
1325 4834 1458 4899 post
1491 4829 1673 4899 patris
1724 4825 2026 4882 Michaelis
2085 4830 2334 4881 mortem

679 4921 938 4991 primum
975 4918 1034 4972 in
1061 4919 1276 4989 scripto
1311 4919 1485 4988 jussu
1521 4917 1678 4989 regio
1704 4934 1962 4972 mensem
1990 4916 2336 4986 apposuisse

677 5006 798 5081 ἄρτι
864 5007 1100 5082 πρώτως
1178 5005 1710 5079 μηνολογησάμενος
1790 5005 2143 5079 πρόσταγμα.
2215 5004 2337 5068 Quo

680 5099 883 5155 eodem
917 5097 1133 5168 scripto
1167 5099 1237 5152 ad
1291 5098 1686 5169 patriarcham
1740 5096 1960 5167 perlato
2008 5095 2088 5148 ait
2144 5093 2334 5162 illum,

678 5205 813 5245 eum
845 5205 1004 5244 mors
1035 5186 1339 5242 Michaelis
1367 5186 1675 5253 celaretur,
1710 5185 2055 5258 Hachymeri
2081 5183 2192 5239 sibi
2224 5184 2338 5255 ipsi

681 5280 825 5334 forte
857 5278 1072 5332 astanti
1107 5278 1327 5347 regiam
1363 5275 1522 5331 illam
1555 5275 1818 5330 chartam
1879 5274 2133 5337 dedisse,
2167 5273 2337 5346 Ἐρω-

676 5372 785 5420 τῶν
835 5365 883 5420 εἴ
921 5365 1084 5425 αὐτὸς
1131 5363 1252 5439 ἔχοι
1305 5369 1507 5438 γνῶναι
1561 5361 2064 5439 διαστοχασάμενος
2097 5363 2160 5416 οὗ
2189 5383 2336 5423 τινος

682 5459 741 5514 ἃν
773 5455 858 5528 εἷή
892 5459 954 5513 τὸ
992 5457 1384 5530 μηνολόγημα,
1413 5461 1676 5526 ραεεινεηε
1706 5477 1840 5513 num
1874 5475 1982 5528 qua
2014 5460 2128 5528 ipse
2158 5457 2337 5524 conje-

677 5562 837 5608 ctura
868 5560 1008 5606 certo
1037 5554 1210 5622 posset
1259 5550 1577 5619 dignoscere
1605 5551 1763 5621 cujus
1821 5566 1993 5603 manu
2049 5563 2338 5619 expressus

678 5641 886 5697 mensis
943 5645 1097 5695 esset.
1155 5640 1211 5692 Si
1264 5640 1420 5694 enim
1479 5640 1796 5696 Andronici
1855 5656 1982 5696 esse
2021 5641 2338 5702 constaret,

681 5739 909 5789 certum
944 5734 1091 5786 foret
1123 5735 1539 5801 argumentum
1597 5731 1812 5785 obiisse
1864 5727 2226 5786 Michaelem.
2259 5727 2342 5782 Ne

2443 4650 2684 4726 πρώτοις
2721 4651 3014 4721 μνήσθητι,
3066 4649 3256 4721 Κύριε,
3287 4653 3383 4703 τοῦ
3432 4647 3842 4722 πανιερωτάτου
3895 4665 4118 4719 μητρο-

2443 4741 2683 4794 ποΑίτου
2714 4740 2874 4812 ἡμῶν
2904 4744 3000 4792 τοῦ
3047 4737 3238 4800 δεῖνος.
3279 4740 3550 4794 Sacerdos
3601 4753 3728 4792 vero
3786 4737 4111 4790 exclamat:

2445 4832 2528 4902 [P.
2564 4832 2691 4901 404]
2725 4832 2787 4885 1η
2813 4831 3019 4902 primis
3069 4834 3360 4894 memento,
3425 4827 3676 4895 Domine,
3734 4824 4116 4880 sacratissimi

2445 4921 2805 4991 metropolitz
2852 4922 3033 4976 nostri
3090 4922 3159 4974 N.
3196 4919 3452 4982 Quilibet
3485 4917 3666 4988 igitur
3723 4917 4054 4986 episcopus
4083 4932 4111 4965 ει

2449 5010 2750 5066 sacerdote
2782 5010 2839 5063 in
2874 5008 3108 5064 dicecesi
3141 5009 3268 5079 ejus
3326 5006 3658 5062 celebrante
3717 5003 3969 5058 nomine
4020 5021 4116 5058 ex-

2449 5116 2653 5172 presso
2703 5104 3088 5154 memoratur.
3126 5098 3274 5163 Quin
3314 5098 3508 5161 etiam,
3562 5100 3625 5150 ut
3683 5110 3817 5148 mox
3851 5094 4115 5155 additur,

2448 5191 2603 5245 idem
2637 5189 2823 5244 honos
2858 5189 3103 5244 habetur
3136 5187 3395 5259 simplici
3429 5185 3716 5241 sacerdoti
3748 5189 3808 5237 et
3857 5183 4115 5253 impera-

2446 5279 2696 5333 toribus.
2732 5278 2826 5333 Sic
2861 5278 3016 5332 enim
3051 5277 3409 5333 ascribitur:
3444 5273 3540 5326 Καὶ
3577 5273 3606 5325 ὁ
3667 5268 3922 5330 διάκονος
3987 5271 4116 5343 πρὸς

2446 5370 2514 5430 τῆ
2602 5366 2737 5438 θύρᾳ
2807 5365 2933 5427 στὰς
3007 5364 3178 5439 λέγει’
3259 5364 3364 5418 Τοῦ
3445 5360 3623 5422 δεῖνος
3695 5361 4111 5434 πανιερωτάτου

2454 5455 2868 5530 μητροπολίτου
2927 5454 2960 5524 ἢ
3023 5453 3346 5521 ἐπισκόπου,
3407 5453 3552 5512 ὅστις
3605 5450 3662 5504 ἂν
3721 5453 3782 5522 ᾗ,
3841 5451 3939 5505 καὶ
3995 5450 4116 5520 ὑπὲρ

2448 5550 2545 5600 τοῦ
2602 5544 3075 5621 προσκομίζοντος
3153 5544 3219 5599 τά
3278 5544 3405 5618 ἅγια
3459 5539 3610 5612 δῶρα
3661 5544 3834 5594 ταῦτα
3894 5533 4119 5594 r5125:-

2449 5636 2646 5690 τάττον
2719 5633 2911 5706 ἱερέως
2987 5638 3083 5688 τοῦ
3139 5631 3362 5693 δεῖνοςο
3445 5631 3576 5704 ὑπὲρ
3658 5630 3943 5704 σωτηρίας

2453 5720 2844 5781 εὐσεϐεστάτων
2901 5725 2990 5780 καὶ
3050 5721 3435 5802 Θεοφυλάκτων
3495 5718 3767 5795 βασιλὲων
3826 5722 3994 5791 ἡμῶν
4038 5717 4122 5770 καὶ

4019 5633 4118 5681 τῶν
