4210 6448
148 403 266 457 1049

1582 400 2063 457 GLOBSABIUM.

3391 398 3530 451 1050

148 529 341 582 πάντων
392 526 481 581 καὶ
512 528 717 581 πασῶν.
768 526 829 582 Ὀ
883 526 1072 599 χορός⁸
1128 524 1225 579 Καὶ
1268 522 1479 579 πάντων
1528 522 1618 578 καὶ
1667 543 1769 577 πα-

1903 538 2079 578 .onem
2112 520 2509 578 obedientiam
2562 520 2620 577 in
2649 523 2971 593 posterum,
3021 523 3123 576 sed
3172 537 3240 576 ea
3272 524 3531 593 prompti

149 620 257 669 σῶν.
295 621 358 672 Et
406 616 668 671 diaconus
712 615 783 670 ad
828 616 1062 683 ianuam
1105 625 1254 670 stans
1300 614 1533 669 dicitz...
1590 614 1652 667 ει
1678 627 1776 683 pro

149 706 389 776 offerente
416 720 582 759 sacra
612 722 847 773 munera
873 705 993 760 hmo
1015 703 1364 759 devolissimo
1390 702 1687 759 sacerdote.
1705 704 1777 769 Ν,

148 812 236 867 pro
264 797 440 851 salute
457 796 807 867 piisimorum
852 804 903 851 et
931 813 971 851 α
1022 796 1123 849 Deo
1153 796 1553 851 custoditorum
1602 795 1778 861 impe-

150 890 371 939 ratorem
418 889 752 952 nostrorum,
829 889 878 938 et
948 892 1266 939 cunctorum
1322 887 1371 939 et
1437 891 1777 937 cunctarum.

155 975 343 1031 Chorus
372 974 620 1047 ﬁrepetit:
658 976 721 1028 Et
769 980 1089 1029 cunctorum
1133 978 1188 1029 ct
1243 978 1583 1028 cunctarum.
1637 971 1783 1035 Quia

157 1065 293 1119 enim
358 1065 774 1133 imperatorum
827 1064 979 1118 580
1038 1063 1321 1118 vocabulo
1374 1064 1670 1133 Augustus
1727 1065 1785 1115 et

152 1156 401 1223 Augusta
431 1168 564 1207 cum
596 1151 796 1206 liberis
829 1167 1031 1206 eorum
1065 1151 1571 1223 signiﬁcabantur,
1604 1149 1779 1203 adde-

153 1241 309 1296 batur
338 1242 451 1295 ista
482 1240 790 1312 utriusque
822 1256 995 1295 sexus
1025 1241 1345 1311 expressio.

211 1336 351 1393 Μνέα
401 1354 456 1408 p.
505 1338 630 1393 293.
680 1342 799 1391 Non
849 1336 1041 1392 solum
1091 1338 1223 1408 alga
1280 1342 1338 1392 et
1386 1352 1647 1402 muscus,
1682 1335 1781 1389 sed

156 1428 426 1499 quidquid
460 1428 736 1482 innatans
765 1426 935 1498 aquis
967 1426 1321 1481 soliditatem
1355 1431 1593 1497 aspectu
1622 1441 1781 1478 men-

147 1518 277 1571 titur
307 1517 648 1587 quamdam,
686 1513 854 1585 μνίων
889 1516 1065 1570 vocab
1086 1514 1180 1569 ulo
1220 1514 1583 1587 designatur,
1604 1529 1782 1584 quan-

155 1611 267 1660 tum
298 1622 365 1661 ex
395 1604 628 1660 collatis
654 1603 1168 1675 Hesycbii,Suida2,
1214 1603 1483 1675 Oppiani,
1515 1600 1784 1658 Nicandri

152 1700 203 1749 et
228 1692 475 1749 aliorum
508 1692 651 1748 locis
682 1694 859 1748 datur
890 1692 1153 1764 intelligi.

216 1782 424 1855 Μάριον
458 1800 511 1854 p.
566 1782 689 1837 180.
742 1781 876 1845 Quae
925 1781 1063 1838 olim
1128 1780 1564 1852 Peloponnesus
1623 1780 1785 1835 dice-

151 1872 327 1940 batur,
382 1887 511 1927 eam
561 1871 732 1927 hodie
772 1870 952 1926 Graeci
1029 1870 1202 1940 vulgo
1261 1870 1496 1958 lorcam
1551 1874 1784 1925 vocant.
1820 1893 1865 1958 Β

156 1961 378 2017 Videtur
410 1964 607 2015 autem
637 1958 1014 2031 Pachymeris
1042 1964 1210 2015 etate
1249 1958 1313 2012 τὸ
1343 1957 1557 2031 Μόριον
1592 1958 1785 2025 dicta;

154 2050 293 2105 unde
322 2056 381 2104 et
410 2048 561 2103 hanc
596 2065 789 2104 vocem
814 2048 1217 2120 supplevimus
1247 2049 1305 2102 in
1340 2048 1551 2102 lacuna
1577 2046 1788 2118 capitis

150 2140 180 2191 9
209 2139 470 2209 ejusdem
506 2138 607 2194 lib.
643 2155 727 2193 ιιι.
760 2139 840 2192 Ad
875 2154 1049 2209 quem
1085 2138 1274 2193 locum
1302 2137 1433 2193 vide
1467 2142 1654 2192 notas.
1681 2135 1792 2190 Ali-

151 2227 272 2284 cubi
308 2237 497 2282 tamen
547 2227 932 2299 Pachymeres
965 2223 1175 2300 Μορέαν
1220 2226 1463 2282 scribit:
1516 2227 1616 2281 sed
1649 2242 1787 2281 con-

152 2318 400 2373 stantius
432 2317 490 2371 in
525 2322 733 2373 neutro
766 2318 823 2371 id
853 2316 1203 2372 vocabulum
1238 2321 1505 2389 usurpat.

214 2405 449 2467 ὶΙόσυνες
481 2425 535 2479 p.
588 2408 712 2461 311.
748 2406 878 2462 Scio
918 2406 1067 2462 alios
1115 2406 1429 2479 scriptores
1493 2406 1787 2477 Mosynos,

151 2514 254 2551 non
308 2496 582 2568 Mosynas
638 2497 743 2551 bos
802 2496 1047 2568 populos
1114 2512 1365 2552 vocare:
1404 2502 1598 2551 tamen
1654 2512 1785 2550 cum

151 2583 351 2640 Μόσυσι
414 2602 531 2641 non
592 2586 780 2657 possit
834 2603 1019 2642 esses
1078 2591 1236 2641 recto
1302 2582 1567 2651 Μόσυνοι,
1598 2585 1699 2641 sed
1756 2601 1790 2639 a

152 2673 405 2739 Μὸσυνες,
441 2676 575 2747 plus
605 2691 811 2746 sapere
842 2691 1018 2747 quam
1054 2691 1220 2730 mens
1242 2679 1449 2731 auctor
1478 2674 1656 2729 nolui.

214 2770 561 2845 Μουγούλιοι
598 2790 653 2844 p.
686 2773 810 2827 344.
843 2771 1087 2828 Videtur
1135 2774 1327 2829 dicere
1357 2789 1458 2829 eos
1506 2788 1654 2845 quos
1688 2772 1791 2844 By-

150 2861 357 2917 zantini
398 2861 695 2917 Tocharos
741 2869 1030 2931 vocarent,
1084 2862 1347 2933 ipsorum
1394 2861 1790 2917 Tocharorum

158 2965 258 3007 usu
290 2956 349 3006 et
377 2951 585 3022 lingua
615 2951 909 3023 Mugulios
931 2952 1046 3007 dici
1079 2951 1475 3007 consuevisse.

210 3047 522 3123 Μυριοστῦς
582 3066 637 3121 p.
698 3050 822 3105 470.
882 3049 1001 3105 Hoc
1054 3048 1405 3105 vorabulnm
1468 3045 1797 3122 μυριοστύας

158 3139 236 3192 sic
270 3139 558 3193 scribitur
593 3138 652 3193 in
683 3139 916 3195 duobus
948 3155 1119 3209 mss.,
1164 3137 1437 3193 Vaticano
1467 3138 1793 3193 omittente.

152 3226 427 3283 Flectitur
458 3226 724 3285 videlicet
750 3245 786 3285 a
820 3231 977 3283 recto
1034 3224 1346 3302 μυριοστός.
1382 3228 1507 3294 Quo
1538 3244 1655 3283 non
1686 3229 1795 3283 du-

154 3316 289 3384 bito,
320 3316 434 3372 etsi
471 3316 609 3372 alibi
640 3316 972 3389 exemplum
1005 3333 1121 3371 non
1157 3317 1368 3390 reperi,
1400 3317 1545 3390 quin
1578 3315 1797 3389 Pachy-

156 3420 340 3462 meres
392 3401 632 3479 μυριάδα
682 3406 999 3478 signiﬁcet,
1044 3406 1197 3463 sicut
1228 3422 1278 3462 ο.
1333 3407 1423 3472 38,
1476 3404 1515 3462 l.
1565 3422 1642 3472 vx,
1674 3403 1801 3459 ικα-

149 3494 343 3547 τοστύα
392 3495 721 3551 centuriam
768 3493 1045 3567 appellat,
1094 3494 1182 3550 sic
1231 3494 1498 3551 scribens
1530 3512 1544 3550 :
1575 3493 1669 3555 Ἐς
1718 3492 1801 3548 ὅτι

160 3580 414 3637 πλεῖστον
498 3588 727 3658 συχναῖς
791 3580 1103 3643 ὲκατοστύσι
1181 3580 1489 3652 διείληπτο.
1550 3585 1619 3639 Ει
1674 3585 1802 3655 ejus

151 3672 388 3743 aequalis
453 3673 704 3745 scriptor
770 3671 1054 3745 Georgius
1110 3672 1437 3744 Acropolita
1508 3669 1803 3745 χιλιοστύα

151 3761 467 3817 cbiliadem
500 3761 771 3818 nominat
799 3762 856 3817 in
891 3762 983 3817 bls
1014 3763 1204 3817 verbis
1227 3779 1283 3833 p.
1320 3762 1351 3816 4
1380 3763 1469 3817 ed.
1510 3762 1647 3834 Reg.
1687 3778 1699 3816 :
1732 3760 1799 3816 Οἱ

149 3845 200 3903 δὲ
236 3850 550 3922 αὖτομόλοι
608 3850 746 3923 πρὸς
800 3850 929 3911 τοὺς
988 3848 1295 3921 πολεμίους
1341 3854 1585 3923 χωροῦσι
1644 3848 1802 3924 χλιο-

152 3936 295 3999 στύες
329 3937 569 3993 πολλαί.
606 3938 712 3995 Ubi
754 3951 909 3995 recte
947 3939 1327 3995 doctissimus
1374 3939 1661 4011 interpres
1695 3944 1802 3995 Leo

151 4027 391 4085 Allatius
424 4025 756 4103 χιλιοστύας
788 4026 1002 4089 πολλάς
1038 4029 1263 4097 reddit;
1297 4029 1471 4083 multa
1502 4029 1700 4083 millia.

215 4124 393 4183 Νοσιά
413 4146 475 4200 p.
508 4128 637 4182 515.
698 4126 1062 4183 Vocabulum
1115 4126 1297 4180 νοσιάν
1348 4126 1433 4182 sic
1460 4126 1615 4182 clare
1663 4127 1805 4182 scri-

145 4215 297 4271 bitur
330 4217 389 4271 in
424 4217 602 4272 codd.
636 4216 873 4271 Barber.
924 4222 981 4272 et
1008 4216 1193 4271 Vatic.
1246 4214 1575 4272 Allatianus
1604 4220 1802 4273 autem

144 4305 367 4362 videtur
400 4306 602 4378 legere
626 4305 857 4365 νοετάςε
900 4306 1000 4361 sed
1051 4323 1118 4361 ex
1168 4306 1389 4362 caeteris
1440 4322 1674 4377 quoque
1701 4321 1797 4361 ve-

144 4395 327 4467 stigiis
358 4396 689 4450 titubantia
721 4394 841 4449 illic
864 4394 1073 4450 calami
1101 4396 1248 4451 satis
1274 4400 1518 4468 apparet
1547 4410 1801 4452 errorem

145 4498 264 4539 esse
293 4501 362 4541 ac
396 4484 651 4541 omnino
683 4484 1124 4540 rescribendum
1149 4483 1367 4557 ubique
1400 4483 1601 4539 νοσιάν.
1624 4484 1803 4540 Vide-

144 4574 234 4627 tur
262 4580 468 4630 autem
505 4571 667 4625 νοσιά
722 4572 981 4644 positum
1014 4589 1047 4628 a
1077 4572 1429 4645 Pachymere
1458 4573 1802 4647 συγκοπικῶς

143 4677 240 4732 pro
286 4660 565 4730 νεοσσία.,
611 4677 743 4733 qum
791 4664 872 4731 (P.
922 4662 1049 4732 405)
1101 4678 1211 4718 vox
1262 4662 1558 4735 signiﬁcat
1605 4662 1803 4717 nidum

143 4767 258 4807 cum
285 4752 480 4825 pulli:
510 4749 892 4822 implumibus.
930 4751 1347 4824 Perstringitur
1373 4751 1531 4807 enim
1564 4767 1801 4824 prover-

145 4840 275 4897 biali
316 4840 732 4898 similitudine
761 4840 1117 4897 conﬁdentia
1147 4840 1513 4911 Latinorum,
1548 4840 1649 4913 qui
1685 4840 1803 4896 Ro-

144 4931 419 5002 maniam,
458 4930 581 4986 hoc
619 4933 710 4985 est
761 4929 1131 5001 imperatoris
1172 4929 1803 5003 Constantinopolitani

143 5022 421 5078 ditionem
448 5019 822 5089 universam,
846 5025 967 5075 tam
991 5018 1160 5076 facile
1190 5036 1252 5075 se
1278 5020 1804 5092 comprehensums

145 5115 444 5182 sperarent
476 5125 669 5184 quam
700 5107 1027 5166 ludibunde
1060 5126 1094 5166 a
1124 5110 1269 5166 forte
1293 5108 1631 5167 iueurrente
1659 5108 1806 5166 tolli-

143 5205 233 5255 tur
259 5201 650 5259 avicularum
692 5215 896 5255 recens
927 5200 1050 5256 ovis
1099 5198 1471 5257 exclusarum
1519 5203 1639 5257 tota
1668 5216 1802 5257 eum

142 5289 262 5362 ipso
294 5291 439 5349 nido
476 5289 734 5355 familia.

205 5380 608 5457 Οἶιιειόχειρος
640 5396 698 5452 p.
732 5379 855 5434 497.
887 5379 959 5436 de
1006 5379 1304 5436 Muzalone
1362 5378 1536 5435 malis
1594 5377 1805 5435 inﬁexo

143 5470 207 5525 ad
238 5469 709 5544 obsequendum
742 5467 1102 5541 imperatori.
1128 5472 1262 5536 Quae
1297 5468 1417 5525 sint
1447 5469 1572 5526 ista
1606 5465 1805 5521 οἶκειό-

147 5576 314 5634 χειροι
359 5556 545 5637 aequi)
566 5576 676 5612 ειαι
737 5556 1167 5615 divinandum:
1222 5575 1359 5614 nam
1407 5556 1555 5613 illud
1605 5554 1808 5611 οἰκειό-

145 5666 324 5723 χειρον
356 5650 511 5709 alibi
545 5663 669 5706 uon
710 5646 921 5723 reperi.
980 5647 1138 5708 Licet
1183 5647 1413 5719 opinari
1444 5646 1698 5730 voluisse
1728 5649 1807 5703 si-

146 5742 414 5816 gniﬁcare
446 5743 787 5807 auctorem,
822 5754 941 5801 non
965 5739 1156 5797 solum
1189 5737 1581 5812 spopondisse
1611 5736 1807 5795 Musa-

1887 610 2151 682 obsequii
2184 612 2537 667 documenta
2562 611 2617 665 in
2652 625 2905 681 praesens
2925 609 3286 674 exhibuisse,
3322 628 3447 682 qum
3472 615 3544 664 li-

1888 700 2018 755 dem
2052 700 2284 755 abunde
2309 700 2559 757 facerent
2588 699 2737 756 587
2765 699 3068 770 sponsioni
3102 704 3158 754 et
3190 700 3533 772 imperatori

1889 797 2108 846 metum
2139 807 2376 847 omnem
2409 791 2753 856 adimerent,
2791 806 2861 845 ne
2895 790 3204 861 promissis
3245 789 3341 845 ille
3375 798 3537 861 post-

1890 881 2128 935 modum
2190 897 2302 936 non
2364 884 2564 935 staret.
2600 879 2731 935 Sint
2786 894 2921 950 ergo
2954 875 3312 951 οἷκειόχεροιι
3362 875 3537 951 ἀσφά-

1889 965 2378 1037 λειαι,ςειυῐίοιιθε
2420 974 2476 1024 et
2521 969 2865 1023 securitates
2896 966 3066 1037 quasi
3120 967 3254 1021 dato
3298 966 3540 1037 pignore

1890 1072 1956 1110 ex
1985 1056 2238 1128 propriis
2272 1058 2329 1111 in
2364 1062 2729 1112 antecessum
2747 1055 3179 1127 repraesentatis
3198 1055 3543 1127 spondentis

1890 1145 2101 1199 ofﬁciis
2136 1151 2409 1217 acceptae.

1959 1234 2137 1303 Ὀξεῖα
2170 1235 2372 1306 p.385.
2438 1239 2557 1289 Duo
2606 1234 2698 1288 hic
2730 1238 2869 1289 sunt
2912 1234 3197 1304 adjective
3253 1232 3539 1288 feminina

1892 1324 2018 1380 sine
2065 1324 2192 1380 suis
2236 1325 2650 1391 substantivis,
2701 1324 3051 1396 supplendis
3092 1324 3360 1379 videlicet
3390 1342 3424 1378 ιι
3455 1324 3537 1379 le-

1892 1418 2160 1477 ctore,ut
2192 1414 2255 1468 ﬁt
2308 1430 2441 1468 cum
2493 1414 2706 1485 frigida
2744 1413 3093 1484 simpliciter
3150 1414 3388 1485 ponitur
3438 1430 3539 1484 pro

1893 1518 2047 1573 aqua
2081 1502 2310 1574 frigida.
2336 1502 2472 1557 Voci
2508 1501 2889 1575 χρυσόπαστος
2922 1502 3214 1558 videretur
3247 1518 3315 1556 ex
3346 1506 3543 1556 aucto-

1895 1590 1975 1644 ris
2034 1596 2229 1645 mente
2278 1592 2689 1662 subjungenda
2746 1589 2908 1657 ἐσθής
2961 1597 3061 1645 aut
3109 1587 3284 1658 ξυστίς
3332 1607 3401 1643 ex
3432 1594 3540 1643 Eu-

1895 1678 2033 1734 bulo
2069 1679 2317 1750 comico,
2368 1681 2540 1751 cujus
2588 1679 2789 1735 Pollux
2838 1680 3003 1734 initio
3056 1679 3187 1735 libri
3239 1679 3387 1734 sexti
3419 1678 3543 1732 haec

1895 1768 2067 1825 refert
2145 1771 2365 1825 verba:
2445 1773 2573 1831 Ταῖς
2656 1766 2856 1837 Euscion
2921 1772 3041 1828 ταῖς
3126 1766 3538 1839 χρυσοπάστοῑς

1896 1857 2281 1931 στρώννυνται.
2318 1858 2573 1914 Verbum
2607 1857 2965 1931 στρώννυνται
3006 1853 3197 1928 ἐνδύτῃ
3249 1856 3543 1920 convenit,

1898 1963 2023 2018 quae
2057 1949 2388 2020 stragulum
2412 1952 2514 2003 aut
2542 1948 2855 2003 instratum
2896 1962 3237 2018 supremum
3271 1951 3398 2000 erat
3432 1963 3544 2000 arm

1900 2035 2189 2103 maxime,
2222 2041 2286 2092 ut
2324 2053 2427 2092 suo
2458 2037 2582 2092 loco
2632 2037 3017 2091 declaramus.
3070 2033 3363 2091 Vocabula
3397 2033 3545 2102 ὀξεῖα

1896 2126 2167 2197 equidem
2206 2124 2381 2198 βαφήν
2412 2126 2810 2197 adaptaverim
2844 2141 2910 2181 ex
2932 2123 3224 2180 Eustathii
3260 2124 3385 2179 loco
3411 2139 3544 2177 mox

1898 2215 2291 2271 deseribendo
2342 2217 2515 2271 verbo
2566 2212 2853 2285 ὀξύλευκος
2887 2232 2899 2269 :
2933 2231 2999 2269 ex
3047 2230 3163 2285 quo
3206 2213 3553 2285 intelligitur

1901 2301 2073 2372 ὀξεῖαν
2102 2303 2281 2378 βαφήν
2314 2320 2543 2361 roseam
2574 2322 2703 2360 esse
2730 2306 3069 2361 tincturam.

1970 2407 2263 2479 Ὀξύλευκα
2304 2428 2362 2482 p.
2412 2411 2536 2465 322.
2589 2411 2746 2465 Verti
2778 2426 2805 2467 ι
2854 2427 3012 2467 rosea
3059 2409 3350 2465 candentia
3401 2411 3543 2465 insi-

1896 2501 2050 2571 gnia,
2084 2500 2289 2555 doctus
2335 2499 2407 2555 ab
2458 2499 2760 2556 Eustathio
2810 2500 2878 2555 ad
2923 2500 3027 2555 0d.
3075 2518 3133 2565 n,
3183 2500 3281 2554 ubi
3316 2516 3447 2554 cum
3484 2517 3552 2555 ex

1898 2589 2271 2645 Chmremone
2300 2588 2599 2643 retulisset
2645 2586 2729 2642 ὅτι
2755 2591 2953 2650 κοινῶς
2987 2588 3079 2660 μὲν
3111 2587 3179 2641 τὰ
3214 2586 3346 2655 ἄνθη
3381 2582 3538 2659 ἔαρος

1895 2676 2055 2730 τὶκνα
2106 2673 2378 2745 ἐκάλεσεν,
2432 2672 2582 2737 ἰδίως
2634 2672 2691 2729 δὶ
2736 2675 2801 2729 τὰ
2845 2674 2975 2750 ῥόδα
3007 2676 3279 2751 ὀξυφεγγῆ
3327 2675 3419 2728 καὶ
3461 2673 3555 2730 ’ἑα-

1902 2784 1994 2838 ρος
2025 2766 2401 2837 τιθηνήματα,
2446 2767 2529 2821 sic
2561 2767 2839 2823 continuo
2887 2768 3203 2822 admonet:
3252 2766 3418 2827 Ἔνθα
3449 2763 3551 2839 Sp:

1898 2856 1961 2909 τὸ
1994 2854 2261 2931 ὀξυφεγγῆ
2294 2856 2573 2930 χρήσιμον
2623 2853 2683 2908 ’ὸν
2734 2854 2809 2915 εἷς
2854 2855 2916 2909 τὸ
2960 2862 3151 2922 νοῆσαι
3182 2851 3425 2926 τοῦνομα
3453 2861 3553 2921 τῆς

1901 2943 2073 3014 ὀξείας
2123 2944 2317 3021 βαφῆς.
2378 2946 2478 3002 Ubi
2520 2945 2749 3000 observa
2798 2960 2983 3001 vocem
3028 2943 3298 3019 ὀξυφεγγῆ
3354 2946 3552 2999 utilem

1900 3034 1971 3089 ad
1988 3034 2677 3106 intelligendumquamam
2690 3050 2811 3089 vere
2839 3033 2913 3089 sit
2927 3036 3164 3088 tinctura
3185 3049 3348 3104 quam
3382 3032 3555 3103 ὁξεξαν

1903 3126 2217 3180 nominant.
2269 3124 2494 3187 Quibus
2536 3124 2733 3179 verbis
2784 3124 2927 3177 satis
2984 3124 3203 3178 indicat
3248 3121 3420 3190 ὀξεῖα-ι
3459 3122 3557 3195 βλ-

1910 3212 2017 3286 φήν
2049 3211 2279 3268 trahere
2311 3212 2535 3284 aliquid
2569 3229 2598 3266 e
2629 3211 2817 3266 colore
2850 3212 3098 3281 vngentis
3134 3229 3295 3272 rosrc.
3330 3218 3427 3265 aut
3454 3229 3553 3282 po-

1829 3265 1872 3332 c
1912 3305 2058 3360 tium
2081 3305 2351 3361 eumdem
2378 3304 2572 3376 ipsum
2598 3321 2743 3359 esse.
2780 3306 3140 3374 ltaqucjure,
3172 3305 3401 3375 opinor,
3428 3321 3554 3357 meo

1916 3390 2203 3462 ὀξύΑευκον
2258 3409 2392 3447 sum
2442 3394 2856 3463 interpretatus
2885 3409 2912 3447 ε
2960 3408 3110 3448 roseo
3140 3392 3406 3447 candens.
3443 3391 3555 3446 Νε-

1911 3498 2025 3553 que
2055 3482 2169 3538 tale
2204 3482 2379 3537 fuissc
2430 3484 2653 3553 imperii
2707 3482 2885 3549 gradu
2936 3480 3195 3535 inferiori
3232 3498 3262 3534 a
3316 3482 3557 3551 despota

1912 3572 2242 3644 participati
2275 3572 2503 3641 insigne
2552 3588 2762 3625 novum
2819 3578 2928 3636 est,
2981 3587 3113 3625 cum
3158 3577 3213 3625 et
3244 3573 3461 3625 rubens
3501 3576 3557 3623 εὶ

1911 3660 2213 3730 candicus,
2256 3677 2322 3716 ex
2378 3663 2595 3732 quibus
2646 3656 2935 3728 ὀξόλευκος
2985 3661 3194 3714 mistus
3240 3665 3351 3728 est,
3384 3660 3553 3714 ambit

1912 3752 2079 3821 regia
2129 3750 2435 3822 potestatis
2462 3750 2857 3805 characterem
2911 3766 3021 3804 usu
3071 3749 3314 3820 antiquo
3348 3750 3555 3819 praefe-

1912 3846 2043 3895 rant
2074 3839 2276 3911 utique
2320 3856 2456 3895 eum
2503 3856 2767 3911 purpura
2814 3838 2871 3893 in
2916 3842 3075 3893 veste
3117 3839 3301 3909 regia,
3342 3839 3561 3893 candor

1911 3930 1969 3985 in
2002 3928 2330 3985 diademate
2357 3928 2888 3983 commendaretur.
2915 3928 3023 3982 Sed
3058 3932 3113 3982 et
3145 3927 3432 3983 habemus
3457 3928 3558 3982 Pa-

1911 4018 2200 4095 chymeris
2230 4016 2418 4089 ipsius
2444 4017 2849 4073 testimonium
2882 4017 2990 4073 hoc
3022 4018 3446 4080 contirmans,l.
3481 4034 3556 4083 v1,

1910 4124 1961 4167 ο.
1992 4106 2082 4174 34,
2114 4107 2215 4163 ubi
2247 4123 2381 4162 cum
2420 4106 2722 4163 retulisset
2768 4106 3093 4162 decrevisse
3142 4107 3553 4178 imperatorem

1910 4213 2120 4255 ornare
2172 4197 2457 4253 Joannem
2518 4196 2843 4269 principem
2878 4196 3181 4266 Sazorum,
3240 4203 3552 4267 postquam

1910 4288 1961 4344 ei
1998 4286 2177 4343 ﬁliam
2211 4286 2525 4341 Eudociam
2557 4286 2986 4357 despondisset,
3034 4285 3368 4357 insignibus
3427 4303 3554 4357 quis

1910 4375 2580 4447 tribuerenturdespotis
2594 4391 2703 4430 usu
2722 4375 3552 4447 aulreConstantinopalitanze,

1912 4482 2046 4521 mox
2061 4463 2575 4536 illaipsainsignia
2595 4463 2853 4535 despotas
2890 4469 3057 4519 vocat
3083 4463 3151 4517 τὰ
3182 4464 3241 4517 ιχ
3268 4462 3555 4539 πορφύρας

1913 4550 2135 4628 δίχροα,
2170 4552 2439 4609 bicoloria
2466 4566 2538 4607 ex
2551 4567 2827 4623 purpura,
2860 4550 2971 4607 hoc
3010 4556 3121 4617 est,
3153 4556 3217 4608 ut
3246 4551 3342 4609 hic
3372 4550 3560 4623 loqui-

1835 4640 1880 4705 D
1913 4649 2029 4712 tur,
2064 4638 2349 4714 ὀξύλευκα,
2390 4658 2462 4697 ea:
2490 4640 2725 4697 candido
2754 4644 2804 4696 et
2834 4657 2985 4698 roseo
3014 4643 3197 4698 mixta.

1983 4750 2311 4822 Ὀπτιμᾶτοι
2353 4766 2409 4823 p.
2461 4748 2552 4806 24.
2601 4749 2808 4805 Docuit
2855 4766 2965 4806 nos
3013 4750 3239 4823 pridem
3284 4748 3559 4805 eruditis-

1910 4842 2096 4900 simus
2135 4840 2428 4915 Rigaltius
2485 4840 2543 4895 in
2593 4838 2910 4909 Glossario,
2962 4841 3119 4913 quod
3169 4841 3297 4913 ipse
3341 4839 3561 4896 didice-

1913 4936 2004 4989 rat
2053 4932 2130 4989 ab
2191 4929 2533 4988 auctoribus
2582 4927 2811 4986 idoneis
2862 4929 2942 4985 ibi
2992 4928 3269 4997 laudatis,
3320 4926 3562 5002 ὀπτιμά-

1908 5040 2037 5083 τους
2086 5036 2287 5078 vocem
2335 5036 2467 5077 esse
2513 5010 2896 5088 castrensem,
2944 5023 3170 5076 certum
3216 5035 3405 5091 genus
3462 5022 3567 5076 aut

1911 5111 2179 5170 ordinem
2230 5108 2487 5165 militum
2542 5109 2898 5181 signantem.
2959 5106 3123 5165 Unde
3168 5113 3333 5165 tanto
3375 5108 3564 5181 magis

1913 5202 2341 5258 conﬁrmantur
2370 5213 2490 5270 qua
2524 5197 2595 5253 de
2619 5196 2904 5255 vocabulo
2956 5196 3245 5269 μεσυθυνία
3276 5198 3562 5272 legionem

1915 5297 2017 5349 aut
2043 5289 2341 5347 cohortem
2374 5289 2455 5343 sic
2500 5286 2861 5343 nominatam
2914 5281 3211 5344 indicante
3249 5304 3427 5361 supra
3459 5305 3565 5343 suo

1916 5382 2042 5438 loco
2072 5380 2352 5436 diximus.
2382 5378 2446 5449 (P
2477 5376 2602 5449 406)
2632 5376 2885 5433 Omnino
2908 5376 3008 5435 illo
3055 5377 3407 5451 Pachymeris
3438 5378 3565 5433 loco

1914 5469 2218 5529 Michaelis
2250 5466 2548 5537 Palaeologi
2606 5466 2878 5523 militaris
2925 5466 3124 5523 Italico
3173 5472 3379 5523 navata
3410 5466 3562 5522 bello

1914 5560 2211 5617 indicatur
2265 5574 2461 5631 opera.
2513 5556 2677 5612 Unde
2724 5556 2825 5613 illa
2872 5558 3049 5614 verba
3097 5556 3163 5611 τὰ
3220 5555 3405 5611 πολλὰ
3446 5556 3564 5610 κατ’

1914 5645 2141 5706 Ἰταλῶν
2190 5647 2523 5723 πράττοντος
2570 5649 2639 5704 dc
2684 5645 2974 5703 industria
3025 5648 3109 5704 sic
3157 5646 3327 5714 verti,
3380 5652 3445 5702 ut
3491 5648 3561 5704 de

1918 5737 2146 5797 bellicis
2174 5737 2305 5810 ejus
2332 5752 2450 5810 quo
2499 5736 2571 5793 de
2596 5736 2793 5809 agitur
2839 5736 3197 5795 facinoribus
3228 5753 3561 5794 sermonem
