4248 6438
641 332 772 388 1051

1697 334 1756 383 Ρ.
1800 333 2076 385 POSSINI
2113 330 2728 386 OBSERVATIONUM
2768 334 2899 385 LIB.
2942 336 2985 386 I.

3922 321 4055 376 1052

641 456 735 510 hic
763 470 890 510 esse
923 455 1104 510 lector
1145 453 1451 525 intelligat.
1503 454 1777 517 Quaenam
1807 469 1942 509 vero
1992 457 2049 508 et
2076 471 2145 509 ex
2175 469 2290 524 quo
2320 454 2376 520 Α
2405 453 2638 509 videtur
2668 457 2967 510 Pontanus
3000 457 3310 509 assecutus
3335 451 3506 507 initio
3525 448 3617 504 sui
3639 447 4054 515 Cantacuzeni,

643 544 795 601 588
830 558 1038 614 genere
1089 543 1395 598 hominum
1444 542 1652 597 cohors
1711 543 1830 597 haec
1877 542 2092 612 legiove
2139 543 2293 612 opti—

644 638 865 686 rnatum
901 633 1051 687 dicta
1084 631 1140 685 in
1197 633 1457 687 Romano
1509 637 1648 686 tunc
1697 636 1852 687 esset
1893 631 2106 698 excitu,
2142 631 2292 684 dim-

642 721 752 775 cile
793 722 1051 776 divinato
1086 721 1158 775 sit
1190 721 1248 775 in
1282 721 1625 792 scriptorem
1651 722 1779 790 ejus
1813 720 2095 790 temporis
2126 735 2193 775 ea
2226 719 2294 773 de

642 827 703 864 re
751 811 1005 865 silentio.
1051 809 1196 864 Fieri
1253 810 1440 879 potuit
1491 814 1554 862 ut
1600 809 1825 863 nobiles
1875 808 2190 864 voluntarii
2222 810 2296 861 'et

642 915 749 953 suo
783 904 1024 968 sumptu
1061 898 1381 953 militantes
1414 899 1498 952 sic
1531 899 1965 969 appelarentur,
1998 897 2110 968 'qui
2143 897 2296 967 opti-

645 993 869 1042 matum
902 986 1249 1041 vocabulum
1281 987 1452 1041 domo
1489 986 1762 1041 afferrent
1812 987 2094 1042 indicium
2129 991 2291 1042 nata-

644 1076 786 1130 lium
824 1076 1201 1145 patriciorum
1227 1080 1330 1130 aut
1350 1091 1564 1130 census
1596 1075 2095 1131 domestici.Forte
2118 1076 2292 1130 etiam

643 1167 742 1236 qui
767 1163 1080 1218 militarem
1108 1164 1508 1219 fortitudinem
1534 1164 2296 1234 experimentisillustribus

648 1256 1019 1324 probassent,
1069 1253 1125 1306 in
1189 1257 1405 1306 certam
1468 1253 1708 1308 honoris
1766 1255 1956 1324 gratia
2010 1254 2293 1325 segregati

643 1342 933 1412 legionem
986 1342 1092 1396 hoc
1141 1343 1608 1413 designabantur
1660 1345 1942 1410 nomine;
2005 1343 2296 1412 quomodo

646 1437 850 1486 auctor
881 1435 968 1485 est
989 1431 1441 1501 Olympiodorus
1468 1431 1526 1483 in
1549 1432 1848 1502 Excerptis
1873 1431 2171 1486 Photianis
2191 1434 2298 1482 τῶν

645 1516 1002 1592 Ῥοδογαῖσου
1055 1520 1265 1572 Γότθων
1289 1517 1416 1579 τοὺς
1468 1517 1810 1591 κεφαλώτας,
1855 1522 2047 1591 capita
2087 1523 2216 1592 ipsa
2248 1513 2300 1574 e1

647 1609 1171 1681 praestantissimos
1206 1626 1438 1680 quoque
1489 1609 1740 1664 Gotthici
1793 1610 2081 1664 exercitus
2129 1625 2297 1680 quem

651 1700 929 1753 ductabat
967 1699 1371 1768 ‘Rodogaisus,
1436 1700 1750 1769 optimates
1809 1701 1928 1754 sive
1987 1700 2299 1770 Optimates

650 1788 827 1842 fuisse
877 1792 1130 1842 vocatos.
1183 1787 1477 1842 Habemus
1527 1788 1700 1842 etiam
1755 1805 1822 1843 ex
1861 1788 2151 1852 Mauritio,
2187 1787 2223 1841 l.
2261 1805 2299 1841 ιι

649 1879 911 1942 Strateg.,
965 1893 1015 1928 ο.
1076 1876 1130 1941 3,
1185 1893 1671 1948 unumquemque
1730 1878 2084 1946 optimatum
2145 1875 2298 1929 mili-

651 1970 766 2019 tem
802 1965 1351 2035 sibiobsequentem
1396 1982 1594 2020 secum
1638 1967 1895 2036 duxisse,
1930 1967 2029 2036 qui
2057 1964 2298 2038 ἀρμάτος

654 2060 906 2108 armatus
937 2055 1257 2109 dicebatur.
1310 2054 1469 2116 Quod
1514 2056 1710 2126 ipsum
1766 2060 2179 2127 argumentum
2215 2059 2304 2108 est

654 2142 1082 2198 excellentioris
1111 2160 1289 2214 supra
1310 2144 1522 2214 vulgus
1548 2144 1800 2198 militum
1828 2141 2304 2215 dignitatiso'mt-

660 2230 866 2302 μάτων,
902 2233 970 2287 ad
1020 2250 1191 2302 quam
1247 2233 1480 2304 respicit
1524 2251 1630 2288 vox
1669 2232 1842 2287 αὐτῶν
1887 2235 1980 2288 hic
2013 2252 2044 2288 a
2074 2234 2301 2304 Pachy-

656 2339 804 2377 mere
836 2322 1050 2392 posita,
1079 2323 1351 2377 indicans
1375 2324 1735 2395 superiorem
1762 2324 2002 2379 honoris
2021 2328 2077 2378 et
2101 2323 2302 2395 digna-

658 2412 836 2466 tionis
859 2413 1107 2483 gradum
1131 2412 1190 2466 in
1220 2413 1564 2483 praefectura
1588 2414 1939 2485 optimatum
1961 2431 2139 2485 supra
2159 2429 2304 2484 prae—

657 2503 945 2556 fecturam
981 2501 1343 2557 Mesotbinie
1379 2503 1576 2558 fuisse.

730 2605 924 2662 Οὐδὲσι
984 2625 1038 2680 p.
1106 2609 1230 2663 2‘22.
1293 2609 1538 2665 Videtur
1593 2610 1688 2665 hic
1763 2627 1908 2666 nove
1963 2614 2306 2681 usurpatum

656 2698 936 2768 adjective
967 2699 1311 2753 vocabulum
1356 2695 1535 2751 οὐδέσι
1589 2701 1645 2755 in
1692 2702 1810 2755 dat.
1858 2700 2068 2770 plurali
2111 2701 2181 2754 ob
2216 2698 2305 2751 ού-

660 2782 769 2846 Set:
819 2789 889 2842 ad
939 2788 1395 2858 significandum
1445 2789 1586 2845 viles
1637 2790 2029 2845 homunculos
2062 2791 2133 2844 de
2176 2789 2308 2843 faece

658 2876 842 2947 plebis
877 2893 941 2931 ac
996 2877 1186 2932 nihili.
1239 2883 1378 2933 Nam
1428 2883 1543 2938 τοῖς
1595 2876 1773 2932 οὐδέσι
1827 2879 2022 2935 statim
2069 2877 2310 2950 opponit

663 2961 958 3038 μεγάλυυς,
1025 2967 1108 3021 sic
1170 2967 1586 3040 subjungens:
1632 2966 1886 3042 μεγάλων
1948 2967 2034 3020 ἐπὶ
2093 2966 2308 3026 τούτοις

656 3053 1005 3128 τεταγμένων
1037 3055 1099 3109 τὸ
1131 3056 1418 3131 πρότερον.
1466 3064 1521 3114 L.
1558 3077 1641 3129 IlI,
1677 3077 1724 3115 c.
1762 3061 1848 3129 18,
1881 3058 2174 3131 Josephus
2207 3059 2312 3112 Ga-

2400 545 2553 601 589
2587 563 2654 600 ex
2686 546 2854 614 cujus
2883 543 3173 601 sententia
3212 543 3584 612 interpretor,
3618 545 3682 593 ut
3713 538 3858 604 dixi,
3884 554 4055 607 παρει-

2398 633 2747 704 κοιμώμενον
2802 635 2911 689 lioc
2958 633 3083 689 loco
3115 631 3370 689 cubiculi
3427 630 3787 702 praafectum,
3841 641 4057 695 nempe

2399 723 2784 794 imperatorii,
2819 724 2938 778 sive
2975 729 3039 776 ut
3078 722 3376 776 interdum
3427 717 3666 786 dicitur,
3699 715 3857 770 sacri
3891 713 4059 768 cubi-

2401 810 2537 865 culi.
2572 811 2717 877 Quia
2765 828 2898 866 vero
2931 811 3110 880 hujus
3158 815 3283 865 erat
3331 808 3591 863 otticium
3624 804 3921 860 excubare
3955 818 4056 856 no-

2400 905 2494 954 ctu
2545 899 2883 972 imperatori
2930 905 3032 956 aut
3073 898 3334 954 excubiis
3379 911 3648 968 praeesse,
3699 888 4064 965 παρακοιμώ-

2404 1008 2565 1060 μενος
2624 994 2862 1044 vocatur
2909 988 3042 1060 plus
3107 987 3479 1058 signiﬁcante
3529 980 3817 1038 vocabulo
3878 995 4062 1050 quam

2403 1084 2590 1146 sonet,
2625 1078 2781 1134 haud
2815 1079 2885 1133 ad
2929 1076 3478 1148 interpretationem
3528 1073 3848 1128 suﬁecturo
3881 1084 4064 1123 excu-

2403 1171 2612 1225 bitoris
2646 1170 2904 1232 nomine,
2936 1170 3000 1238 (P
3030 1168 3154 1236 407)
3184 1166 3340 1237 quod
3386 1181 3549 1235 aeque
3579 1161 3766 1218 cuivis
3797 1159 4067 1214 cohortis

2401 1260 2645 1330 vigilum
2696 1259 2960 1330 gregario
3013 1257 3367 1312 conveniret.
3418 1253 3832 1324 Bachymeres,
3897 1249 3936 1302 l.
3990 1264 4067 1314 vi,

2404 1366 2452 1403 c.
2499 1351 2611 1403 12:
2667 1347 2753 1416 Ἐξ
2814 1347 2986 1412 αὐτῆς
3030 1343 3232 1416 πέμπει
3281 1344 3372 1396 τὸν
3419 1345 3516 1396 τοῦ
3561 1343 3832 1398 κοιτῶνος
3880 1356 4066 1406 παρα-

2401 1451 2752 1510 κοιμωμενον
2786 1437 2877 1490 τὸν
2930 1434 3212 1510 βασιλικὸν
3250 1431 3559 1489 Βασίλειον.
3601 1433 3684 1486 En
3742 1435 3809 1484 ut
3855 1427 4067 1498 Singu-

2405 1529 2509 1582 lari
2537 1529 2771 1582 nomiue
2796 1528 3032 1582 effertur
3064 1526 3170 1580 hoc
3205 1540 3414 1578 nomen
3449 1536 3756 1593 personam
3792 1517 4067 1571 indicans

2405 1623 2807 1691 praestantem;
2834 1616 3195 1687 majorisque
3226 1613 3534 1684 dignitatis
3565 1627 3738 1681 quam
3774 1611 4065 1678 quantam

2405 1708 2596 1778 capiat
2624 1706 2976 1762 excubitoris
3000 1704 3246 1774 simplex
3269 1702 3504 1757 mentio.
3534 1699 3780 1752 Videtur
3802 1694 4068 1750 otﬁcium

2407 1796 2604 1850 simile
2634 1797 2762 1864 ejus
2820 1795 2974 1865 quod
3035 1795 3093 1848 in
3137 1792 3269 1847 aula
3326 1794 3590 1845 Romana
3649 1786 3827 1841 hodie
3859 1787 4071 1838 vocant

2405 1895 2642 1939 maestro
2659 1884 2717 1938 di
2746 1883 3122 1948 camera,etin
3145 1879 3368 1936 Gallica
3391 1877 3636 1949 premier
3663 1872 4074 1945 gentilhomme

2408 1974 2474 2028 de
2523 1975 2576 2028 la
2626 1973 2900 2027 chambre.
2955 1972 3065 2027 Sed
3111 1976 3166 2025 et
3237 1966 3740 2042 παρακοιμώμενον
3798 1960 4074 2034 generale

2408 2064 2705 2117 interdum
2738 2061 3092 2118 vocabulum
3131 2076 3280 2127 esse,
3315 2073 3520 2112 omnes
3565 2054 3841 2109 indicans
3875 2051 3981 2122 qui
4016 2066 4075 2104 ex

2409 2153 2598 2207 ollicio
2615 2153 2670 2206 in
2689 2151 2961 2207 cubiculo
2986 2149 3362 2221 imperatorio
3377 2146 3690 2202 stationem
3705 2142 3880 2198 ordin
3891 2141 4073 2194 ariam

2410 2241 2728 2306 habebant,
2781 2239 3130 2310 intelligitur
3177 2254 3245 2292 ex
3290 2237 3363 2291 iis
3413 2251 3539 2306 quis
3599 2233 3968 2287 adnotamus
4009 2229 4074 2282 ad

2411 2348 2610 2386 vocem
2643 2325 2932 2406 σφενδόνη.

2483 2434 2958 2511 Παραπληκτίζειν
3013 2453 3070 2506 p.
3124 2435 3248 2488 372.
3310 2437 3395 2486 Ex
3453 2430 3687 2484 abunde
3761 2430 4078 2498 perspecta

2413 2528 2649 2582 notione
2709 2524 3120 2580 vocabulorum
3194 2517 3488 2594 παραπλήξ
3548 2525 3604 2573 et
3641 2515 4074 2588 παράπληκτος,

2411 2617 2578 2671 licuit
2635 2616 3033 2685 significatum
3121 2613 3384 2667 divinare
3446 2609 3605 2663 verbi
3684 2601 4075 2679 παραπληκτί·

2416 2709 2519 2772 ζειν
2550 2703 2980 2774 lexicographis
3038 2701 3380 2772 vulgaribus
3439 2695 3643 2752 indicti
3699 2702 3756 2748 et
3812 2700 4078 2748 tamena

2413 2798 2615 2848 sancto
2640 2792 2916 2863 Gregorio
2950 2791 3312 2845 Nazianzeno
3345 2784 3634 2856 usurpati,
3668 2784 3849 2853 cujus
3880 2782 4074 2836 locum

2412 2885 2668 2939 Joannes
2699 2882 3031 2948 Parastron,
3058 2880 3157 2949 qui
3183 2878 3275 2933 hic
3299 2880 3540 2936 loquens
3563 2872 4080 2934 inducitur,tacito

2414 2974 2669 3028 auctoris
2703 2971 2941 3026 nomine
2990 2969 3212 3024 recitat.
3250 2969 3498 3023 Sanctus
3550 2964 3706 3019 enim
3743 2961 3847 3015 ille
3881 2961 4085 3015 doctor

2415 3063 2685 3118 Oratione
2705 3062 2774 3115 de
2798 3061 3019 3131 Spiritu
3046 3064 3247 3113 sancto
3273 3065 3405 3112 ante
3440 3053 3722 3117 medium,
3758 3067 3902 3105 cum
3935 3050 4082 3104 hanc

657 3142 784 3197 lesii
834 3149 1189 3200 Germanum
1244 3145 1634 3217 patriarcham
1692 3148 1996 3219 alloqueus
2037 3148 2152 3203 ait:
2203 3145 2298 3199 Καί
2334 3166 2376 3232 C
2419 3150 2822 3221 proposuisset
2861 3145 3384 3216 interrogationem
3437 3139 3688 3196 haeretici
3725 3139 4085 3192 Pneumato-

657 3253 754 3287 σου
787 3230 1154 3306 ὀλιγωροῦσιν
1188 3234 1261 3297 ὡς
1308 3232 1559 3307 μηδεάός.
1608 3239 1710 3293 Hic
1760 3255 1992 3309 quoque
2035 3237 2300 3309 positive,

657 3329 722 3378 ut
765 3323 846 3378 sic
879 3323 1106 3395 loquar,
1160 3331 1481 3396 usurpatur
1525 3327 1584 3379 τὸ
1638 3323 1827 3397 μηδείς
1864 3345 1875 3381 :
1935 3344 2144 3398 nempe
2187 3344 2302 3381 non

655 3414 958 3481 verus,sed
986 3413 1248 3468 intrusus
1281 3419 1336 3468 et
1367 3416 1776 3486 supposititius
1811 3417 2143 3487 patriarcha
2172 3417 2305 3470 Gcr-

660 3519 873 3558 manus
890 3503 1231 3558 habebatur.
1269 3506 1381 3559 Hoc
1413 3505 1686 3576 exprimit
1710 3511 1906 3561 noster
1929 3507 2097 3562 verbo
2121 3507 2306 3559 nullus

665 3587 878 3663 μηδείς.

735 3678 946 3740 Παπίας
999 3698 1052 3751 p.
1105 3683 1228 3736 350.
1289 3687 1360 3737 De
1416 3700 1630 3754 magno
1676 3685 1848 3755 papia
1897 3686 1980 3740 sic
2026 3685 2308 3746 Codinus,

662 3788 710 3825 c.
747 3771 802 3835 5,
844 3787 901 3824 n.
953 3770 1022 3824 34
1058 3786 1068 3824 :
1122 3771 1182 3826 Ὁ
1218 3769 1386 3845 μέγας
1433 3771 1677 3832 παππίας
1717 3774 1825 3843 (sic
1874 3775 2028 3829 enim
2082 3775 2309 3842 scribit,

663 3880 791 3917 cum
825 3863 1036 3917 Noster
1065 3883 1105 3914 π
1136 3863 1385 3935 simplex
1419 3866 1616 3936 ponat)
1648 3865 1762 3938 εἶχε
1805 3866 1899 3937 μὲν
1947 3863 2116 3918 πάλαι
2171 3865 2313 3933 ὑπη-

667 3950 844 4026 ρεσίαν
894 3949 1318 4027 ἀνεπίγνωστον,
1351 3957 1439 4006 νῦν
1493 3951 1548 4007 δὲ
1598 3951 1876 4026 οὐδεμίαν
1909 3959 2132 4025 Magnus
2168 3974 2313 4027 pap—

663 4045 786 4113 pias
819 4042 1014 4098 habuit
1037 4044 1170 4098 olim
1191 4047 1563 4100 ministerium
1595 4046 2110 4115 incognitum,nunc
2133 4053 2318 4102 autem

666 4132 908 4185 nullum.
945 4134 1164 4189 Tamen
1203 4136 1496 4190 Pontanus
1532 4140 1727 4190 noster
1758 4138 1827 4192 ad
1849 4139 2315 4193 Cantacuzenum

671 4222 839 4275 docet
871 4238 938 4276 ex
969 4223 1190 4278 Zonara
1215 4241 1491 4295 magnum
1519 4225 1792 4296 pappiam
1828 4225 2045 4280 dictum
2074 4227 2320 4296 judice:n

668 4311 837 4367 illum
873 4329 1164 4368 summum
1202 4315 1266 4368 ad
1295 4331 1468 4385 quem
1503 4315 2063 4370 commentarienses
2097 4317 2165 4370 de
2192 4332 2319 4385 per-

669 4401 831 4456 sonis
866 4417 1099 4458 reorum
1132 4409 1187 4458 et
1223 4420 1487 4470 numero,
1539 4405 1608 4459 de
1641 4404 1922 4475 qualitate
1973 4405 2318 4460 delictorum

671 4492 742 4547 de
775 4491 1105 4547 clausorum
1136 4493 1444 4550 ordinibus
1477 4495 1688 4550 referre
1711 4495 2018 4549 debebant.

744 4600 1252 4673 Παρακοιμώμενος
1305 4619 1359 4672 p.
1409 4603 1533 4656 206.
1597 4603 1694 4658 "Ov
1747 4602 2252 4674 παρακοιμώμσνος
2291 4601 2318 4654 ὁ

669 4693 883 4761 κρατῶν
936 4688 1073 4762 εἶχε,
1123 4696 1179 4746 et.
1208 4691 1383 4762 paulo
1417 4695 1549 4762 post
1599 4693 1688 4744 καὶ
1740 4692 1830 4744 τὸν
1889 4693 2321 4767 παρακοιμώμε-

669 4799 761 4851 νον
791 4780 1110 4851 Μακρηνόν.
1178 4785 1433 4852 Apparet
1479 4799 1548 4836 ex
1579 4781 1671 4836 his
1695 4781 1870 4836 ofﬁcii
1929 4783 2102 4838 aulici
2136 4783 2192 4838 id
2225 4801 2322 4839 vo-

668 4868 948 4923 cabulum
996 4886 1158 4937 esse;
1221 4871 1375 4925 unde
1415 4877 1471 4925 et
1516 4887 1648 4926 mox
1679 4887 1743 4926 eo
1785 4872 1911 4926 sine
1946 4874 2181 4943 proprio
2215 4891 2322 4928 no-

666 4956 824 5010 mine
884 4956 971 5011 vir
1010 4958 1164 5013 idem
1217 4958 1580 5031 designatur,
1616 4959 1756 5014 dum
1790 4961 2028 5016 additur
2055 4963 2118 5028 ἦν
2154 4958 2199 5014 δ’
2231 4961 2323 5015 εὐ-

665 5039 909 5117 δοκιμῶν
947 5045 974 5098 ὁ
1026 5046 1549 5119 παράκοιμώμενος.
1603 5049 1740 5104 Erat
1799 5066 2006 5121 nempe
2085 5051 2198 5119 hic,
2259 5057 2323 5106 ut

667 5135 931 5205 loquitur
979 5137 1259 5204 Codinus,
1323 5138 1820 5193 cubiculariorum
1873 5145 1928 5193 et
1963 5141 2321 5212 epheborum

671 5225 1044 5294 imperatoris
1102 5231 1277 5298 caput
1311 5245 1321 5255 ·
1383 5229 1436 5278 '0
1504 5226 1998 5300 παρακοιμώμενος
2055 5233 2151 5283 τοῦ
2203 5251 2324 5284 κοι-

670 5318 842 5376 τῶνος
895 5314 1195 5390 εὑρίσκεται
1240 5315 1451 5394 κεφαλή
1506 5321 1612 5370 τῶν
1660 5315 1711 5370 ἐν
1766 5322 1845 5387 τῷ
1873 5323 2097 5374 κοιτῶτι
2128 5319 2323 5376 παιδο-

672 5403 895 5459 πούλων
957 5404 1046 5459 καὶ
1075 5410 1181 5460 τῶν
1235 5403 1631 5480 κοιτωναρίων.
1677 5409 2004 5475 Quodcirca
2049 5415 2324 5484 equidem

671 5497 1010 5569 praefectum
1039 5497 1304 5553 nubiculi
1337 5499 1529 5553 Latice
1562 5496 1701 5566 dixi,
1729 5496 1864 5553 licet
1886 5499 2143 5559 viderem
2173 5505 2326 5560 Wol-

670 5587 815 5643 ﬁum
840 5587 898 5642 in
921 5589 1205 5659 excerptis
1224 5593 1489 5660 Gregoraa
1534 5587 1665 5658 subj
1676 5588 1871 5645 unctis
1893 5592 2325 5651 cubicularium

670 5676 1065 5748 interpretari.
1095 5679 1207 5735 Sed
1240 5696 1431 5734 veram
1459 5679 1584 5751 ejus
1615 5677 1776 5734 vocis
1809 5680 2105 5739 notionem
2137 5685 2328 5758 magis

2418 3239 2634 3300 macbi,
2667 3236 2759 3296 Τίς
2815 3236 2903 3288 οὖν
2937 3237 2970 3303 ἡ
3024 3233 3378 3306 ἐκπῦρευσις;
3423 3246 3549 3301 qua
3579 3229 3760 3300 igitur
3811 3232 3892 3281 est
3955 3242 4081 3297 pro-

2412 3329 2579 3384 cessio
2594 3329 2620 3382 ‘I
2680 3327 2991 3397 respondet
3028 3343 3040 3380 :

2415 3417 2644 3488 Ηατρὸς,
2693 3413 2846 3487 κάγὼ
2903 3413 2999 3480 τὴν
3053 3413 3295 3485 γέννησιν
3341 3413 3438 3463 τοῦ
3495 3408 3620 3461 Υἱοῦ
3669 3401 4076 3481 φυσιολογῆσω

2414 3508 2504 3561 καὶ
2535 3507 2632 3572 τὴν
2669 3503 2983 3576 ἐκπόρευσιν
3011 3507 3103 3555 τοῦ
3154 3499 3486 3571 Πνεύματος.
3542 3498 3794 3552 Edissere
3827 3505 3890 3549 tu
3939 3495 4075 3547 mihi

2418 3596 2960 3664 ingenerabilitatem
3009 3592 3215 3658 Patris,
3248 3599 3297 3645 et
3340 3605 3435 3660 ego
3492 3585 3921 3657 generationem
3956 3584 4086 3638 Fit'ii

2420 3687 2697 3742 enarrabo
2719 3693 2769 3740 et
2797 3685 3190 3755 processionem
3221 3679 3483 3749 Spiritus.
3517 3682 3661 3730 Tum
3699 3675 3915 3730 subdit
3943 3690 3956 3727 :
3987 3672 4084 3726 Καὶ

2422 3773 2950 3850 παραπληκνίσομεν
3026 3768 3192 3847 ἄμφω
3257 3769 3332 3831 εἰς
3380 3771 3513 3822 Θεοῦ
3569 3769 3852 3836 μυστήρια
3912 3781 4089 3834 παρα-

2422 3866 2737 3924 κόπτοντες.
2781 3867 2841 3918 Et
2875 3866 3213 3918 insaniemus
3259 3861 3415 3914 ambo
3447 3861 3508 3912 in
3553 3858 3646 3911 Dei
3677 3857 3958 3926 mysteria
3990 3857 4089 3907 im-

2423 3959 2704 4011 mittentes
2731 3955 2930 4008 oculos.
2968 3953 3053 4007 Ita
3088 3951 3366 4007 scribitur
3413 3948 3505 4001 hic
3540 3946 3701 4000 locus
3734 3944 3794 3997 in
3829 3944 4090 3998 editione

2428 4062 2585 4100 mere
2642 4049 2838 4098 Graeca
2886 4041 3206 4097 Basileensi
3259 4038 3398 4093 anni
3454 4037 3609 4103 1550,
3663 4033 3895 4104 p.221,
3951 4050 4006 4085 v.
4042 4032 4091 4092 4,

2425 4135 2598 4204 longe
2660 4131 2868 4186 melius
2919 4147 3095 4201 quam
3145 4130 3202 4183 in
3280 4125 3561 4181 Parisensi
3629 4122 4090 4184 Graeco-Latina,

2428 4224 2529 4279 ubi
2576 4219 3120 4295 παραπληκτήσομεν
3175 4218 3392 4288 legitur
3441 4213 3610 4286 quasi
3669 4229 3738 4266 ex
3786 4208 4095 4282 παραπλη-

2427 4313 2590 4378 κτὲω,
2625 4312 2780 4382 quod
2817 4316 3039 4365 rectum
3073 4326 3186 4364 non
3222 4312 3328 4362 est.

3121 3322 3255 3379 Εἰπὲ
3311 3320 3372 3374 σὺ
3439 3321 3536 3386 τὴν
3597 3315 3928 3390 ἆγεννησὶαν
3990 3318 4080 3366 τοῦ

2502 4416 2805 4491 Παροχεύε,
2857 4435 2912 4488 ρ.
2964 4418 3085 4471 155.
3142 4413 3242 4467 Τὸν
3294 4410 3480 4484 μὲντοί
3537 4429 3599 4483 γε
3659 4406 3930 4481 πρύτανιν
3969 4407 4096 4458 τού-

2348 4535 2400 4603 D
2428 4529 2536 4562 των
2568 4508 2657 4561 καὶ
2689 4506 2938 4580 παροχὲα
2969 4505 3044 4566 ὡς
3103 4502 3323 4603 δυνατον
3381 4497 3752 4603 ἐμσγᾶλυνξνζ
3787 4498 3876 4552 Ita
3921 4497 4091 4551 codd.

2430 4601 2471 4655 B
2502 4604 2556 4653 et
2607 4600 2662 4652 A.
2715 4597 3060 4652 Vaticamus
3109 4611 3212 4666 pro
3243 4592 3336 4647 his
3387 4590 3563 4645 habet
3583 4585 3671 4641 καὶ
3703 4586 3794 4639 τὸν
3829 4604 4093 4659 γραμμαί-

2430 4687 2766 4759 τοκομιστήν
2827 4683 3135 4760 ἐγεγάλυνε.
3194 4686 3590 4752 Praeterquam
3666 4694 3830 4732 error
3881 4680 3976 4731 est
4037 4674 4092 4726 in

2433 4779 2725 4849 scriptura
2759 4776 2785 4828 Θ
2837 4775 3064 4830 intruso
3103 4775 3162 4829 in
3213 4775 3400 4828 locum
3435 4789 3464 4822 τ
3494 4770 3552 4822 in
3590 4783 3728 4822 voce
3757 4782 4094 4839 γραμματο-

2430 4867 2722 4938 κομιστήν,
2773 4865 2946 4920 etiam
3007 4864 3258 4930 videtur,
3309 4865 3374 4916 ut
3432 4875 3548 4914 non
3608 4873 3738 4912 raro
3788 4854 3944 4910 solet
3998 4852 4092 4907 hic

2432 4956 2816 5030 interpolator
2849 4955 3048 5028 potius
3098 4969 3276 5026 quam
3332 4949 3657 5021 descriptor
3687 4944 4091 5017 Pachymeris,

2435 5049 2706 5104 aberasse
2738 5064 2770 5102 a
2801 5050 2996 5101 mente
3026 5043 3284 5102 auctoris
3319 5059 3332 5098 :
3367 5039 3623 5112 quicum
3656 5035 3799 5093 dicit
3828 5032 4089 5106 πρύτανιν

2430 5137 2639 5193 τούτων
2700 5135 2789 5189 καὶ
2849 5135 3100 5207 παροχέα
3180 5127 3612 5205 μεγαλυνθῆναι,
3685 5130 3988 5182 auctorem
4040 5129 4093 5178 et

2436 5228 2801 5301 praebitorem
2836 5226 3045 5280 borum
3102 5221 3541 5294 magniﬁcatum
3577 5217 3757 5272 fuisse
3804 5215 3878 5269 ab
3907 5213 4093 5283 impe-

2437 5324 2648 5385 ratore,
2681 5317 2794 5373 non
2827 5315 2951 5371 vult
2983 5314 3533 5387 signiﬁcareipsum
3560 5307 3798 5380 praemio
3831 5304 4094 5360 aﬂ’ecisse

2435 5406 2796 5474 tabellarios,
2855 5406 2954 5476 qui
3010 5405 3206 5460 laetum
3268 5399 3544 5458 nuntium
3624 5395 3950 5453 attulerant
4009 5394 4091 5462 (de

2436 5497 2704 5555 mercede
2760 5495 2979 5568 quippe
3036 5495 3166 5550 istis
3213 5488 3538 5548 liberaliter
3598 5483 3892 5558 persoluta
3936 5484 4091 5539 dixe-

2436 5592 2527 5645 rat.
2592 5590 2764 5642 antea
2814 5600 2828 5642 :
2881 5581 2984 5640 Καὶ
3052 5578 3341 5638 ἀντεδίδου
3417 5577 3512 5652 μὶν
3580 5577 3690 5630 τῶν
3769 5571 3957 5649 λόγων
4031 5571 4089 5624 τὰ

2443 5675 2657 5752 μείζω),
2691 5675 2793 5732 sed
2841 5674 2930 5730 vel
2979 5674 3101 5747 agit
3130 5675 3204 5730 de
3253 5672 3496 5737 Casus,
3550 5664 3652 5739 qui
3705 5679 3830 5720 rem
3860 5666 4085 5719 tantam
