4248 6438
185 410 324 465 1ὥ3

1661 413 2143 470 GLOBSABIUM.

3465 408 3601 466 1054

178 536 422 592 feliciter
453 537 797 609 fortiterque
822 544 1145 610 peregerat,
1178 541 1266 594 cui
1304 545 1610 611 propterea
1635 557 1696 596 se
1738 542 1840 596 dc-
1871 541 1926 606 Α
1957 535 2359 590 sanctimonia
2392 534 2713 603 hominem,
2746 536 3186 608 suspicionibus
3219 536 3600 608 impudicitiae

181 625 314 680 bere
347 626 1064 698 profitereturlimperator
1095 644 1434 684 successum
1459 630 1613 685 500
1637 628 1839 695 istum,

179 719 234 768 et
264 716 396 785 ejus
423 714 708 770 virtutum
744 733 809 771 ac
833 717 1106 771 meritum
1168 735 1232 772 eo
1293 718 1527 774 nomine
1587 719 1840 773 celebra-

181 807 299 858 ret:
348 802 435 858 vel
500 820 599 876 per
659 821 826 860 voces
885 803 1146 878 πρύτανιν
1207 805 1291 859 καὶ
1353 805 1603 880 παροχὲα
1655 813 1838 862 Deum

180 891 460 947 indicavit
493 893 779 948 bonorum
812 897 1076 949 omnium
1129 897 1373 964 fontem,
1433 898 1524 951 cui
1586 897 1838 969 peculia-

181 981 323 1035 riter
353 987 654 1053 aeceptam
694 983 954 1039 referens
983 988 1101 1039 tam
1155 986 1445 1058 insignem
1503 986 1837 1042 felicitatem

180 1085 316 1125 eum
351 1071 829 1142 magnificaverit.
868 1074 981 1127 Hoc
1012 1074 1346 1130 confirmari
1407 1081 1599 1147 potest
1653 1093 1722 1131 ex
1766 1077 1839 1132 iis

180 1175 307 1230 qua;
339 1174 472 1214 mox
503 1159 705 1214 subdit
738 1176 752 1216 :
787 1159 1084 1214 Συνεκάλεᾶ
1113 1162 1316 1224 πάντας
1359 1161 1433 1224 εἰς
1493 1162 1835 1238 εὐχαριστίαν

180 1249 280 1300 τοῦ
326 1245 659 1320 Κρείττονος.
705 1251 1039 1306 Provocahal
1088 1257 1312 1307 cunctos
1358 1255 1432 1308 ad
1461 1257 1674 1322 gratias
1722 1256 1834 1310 Nu-

182 1337 331 1391 mim'
384 1337 642 1406 agendas.
693 1339 762 1392 Et
819 1339 1002 1410 hujus
1061 1341 1472 1412 gratulationis
1533 1343 1839 1398 occasione

192 1423 396 1478 habita
427 1425 650 1492 concio,
684 1442 811 1496 quae
845 1427 1032 1497 capite
1054 1431 1321 1499 sequenti
1345 1429 1635 1496 recitatur,
1658 1431 1839 1484 multa

188 1511 368 1566 habet
399 1511 456 1566 in
480 1511 629 1567 hanc
671 1515 1046 1570 sententiam.
1107 1516 1264 1579 Quod
1323 1518 1414 1572 hic
1473 1517 1841 1590 peculiariter

188 1601 514 1654 notandum
547 1601 725 1665 venit,
762 1606 852 1656 est
882 1619 987 1656 vox
1018 1603 1295 1676 παροχεύς
1323 1605 1530 1675 posita,
1574 1612 1635 1659 ut
1678 1607 1836 1660 vide-

183 1690 304 1752 tur,
339 1704 442 1758 pro
482 1687 732 1761 πάροχος
771 1691 1053 1761 przbilor,
1100 1694 1356 1763 largitor.
1407 1694 1588 1765 Cujus
1641 1695 1837 1749 forma:

187 1777 525 1849 exemplum
556 1779 712 1834 haud
751 1782 971 1851 passim
1006 1784 1281 1853 reperias.
1317 1785 1551 1854 Legitur
1573 1789 1764 1840 tamen
1786 1790 1842 1839 et

1955 639 2131 693 quam
2165 622 2214 676 si
2246 622 2442 676 fictum
2473 639 2540 677 ex
2574 625 2717 680 59]
2760 628 2914 677 creta
2945 629 3001 678 et
3031 623 3152 677 luto
3195 641 3426 695 corpus,
3479 642 3594 678 non

1952 711 2146 762 autem
2176 725 2242 762 ex
2266 726 2459 764 carme
2484 715 2816 764 concretum
2844 710 3163 764 habuisset.
3192 711 3426 766 Invenio
3450 711 3596 764 allu.

1952 795 2134 850 sionis
2168 813 2280 851 non
2316 814 2740 870 usquequaque
2763 797 3053 853 absimilis
3074 799 3406 868 exemplum
3442 799 3594 869 apud

1948 886 2325 941 Eustathium
2357 888 2446 954 (ad
2482 887 2646 944 Iliad.
2683 906 2779 959 tp.
2811 889 2916 941 772
2948 888 3038 942 ed.
3074 888 3266 956 Hom.)
3303 887 3596 959 explican-

1951 977 2068 1028 tem
2120 975 2340 1029 dictum
2397 977 2650 1031 facetum
2712 975 2769 1029 in
2839 993 3162 1048 cauponem
3223 976 3324 1047 qui
3400 976 3599 1030 venan

1947 1062 2146 1118 vinum
2175 1065 2414 1120 turbare
2437 1063 2663 1120 fascium
2713 1065 3068 1120 admislione
3119 1065 3330 1120 solitus
3376 1065 3598 1119 audivit

1949 1167 1982 1205 a
2010 1154 2259 1222 quodam
2295 1169 2308 1208 :
2344 1153 2435 1220 Μὴ
2486 1151 2629 1206 ποίει
2668 1153 2758 1206 τὸν
2801 1151 2964 1209 Οὶνέα
3013 1150 3220 1222 Πηλέα,
3280 1153 3356 1208 Ne
3408 1153 3596 1223 facias

1946 1240 2186 1295 (Eneum
2216 1243 2458 1298 Peleum.
2495 1242 2656 1305 Quod
2691 1248 2754 1298 ut
2784 1241 3131 1314 ιύτραπὲλως
3187 1245 3328 1297 salse
3373 1243 3594 1296 dictum

1947 1331 2002 1384 bi
2031 1338 2233 1386 auctor
2263 1332 2482 1400 laudat,
2517 1334 2600 1387 sic
2633 1349 2916 1388 enarrans
2951 1351 2962 1387 :
2994 1332 3086 1398 Μὴ
3145 1330 3363 1405 τρυγίαν
3417 1335 3594 1384 κυκῶν

1943 1419 2029 1470 καὶ
2083 1429 2128 1496 ᾧ
2186 1422 2470 1495 τεῖρητῆρι
2528 1422 2890 1494 παραμιγνὺς,
2938 1414 3247 1491 μετάϐαλλε
3302 1421 3390 1473 τὸν
3454 1420 3595 1472 οἶνον

1946 1513 2020 1574 ὡς
2079 1533 2156 1573 εις
2212 1509 2417 1580 πηλὸν,
2463 1508 2508 1580 ᾦ
2543 1506 2691 1563 δοκεῖ
2721 1507 3152 1584 παρωνομάσθαι
3199 1506 3592 1580 παιγνημὸνως

1947 1603 1974 1657 ὁ
2007 1600 2243 1672 Ηηλεῦς.
2276 1603 2350 1656 Ne
2370 1604 2529 1671 faeces
2558 1601 2776 1654 diluens
2797 1605 2848 1655 el
2871 1599 3076 1654 crateri
3106 1600 3415 1653 admiscens
3448 1608 3597 1652 mula

1948 1695 2138 1747 vinum
2159 1690 2318 1745 velut
2354 1689 2415 1744 in
2467 1692 2640 1744 Iulum
2675 1707 2693 1742 :
2744 1689 2956 1743 ludicra
3005 1689 3149 1742 enim
3210 1687 3601 1757 paronomasia

1943 1781 2160 1836 videtur
2180 1779 2339 1835 verba
2372 1781 2570 1834 Peleu:
2602 1779 2780 1833 lutum
2827 1777 3115 1831 indicasse.
3153 1778 3278 1831 Haec
3325 1777 3422 1847 qui
3481 1793 3596 1830 non

190 1865 437 1978 inferius
467 1866 506 1922 Ι.
539 1884 596 1924 νι
628 1886 678 1924 c.
709 1869 800 1936 23,
831 1871 1200 1978 ubi'recitato
1222 1873 1671 1978 ‘D.’Dam-isceni
1713 1874 1838 1978 loco
1872 1915 1917 1978 B
1949 1867 2568 1978 probarit,Lcondoleat
2599 1865 2911 1978 infeliciter
2941 1866 3311 1978 conantibus,
3371 1870 3426 1920 et
3478 1881 3595 1918 me-

190 1953 415 2010 Patrem
477 1962 756 2012 aeternum
815 1951 1097 2032 προϐολὲα
1156 1958 1249 2013 τοὺ
1303 1958 1617 2035 ιαντορικοῦ
1674 1960 1842 2015 [1νεῦ-

188 2063 361 2115 ματος
377 2046 718 2116 prolatorem
747 2048 866 2103 sive
897 2051 1214 2104 emiuorrm
1254 2053 1615 2107 enuntialorii
1660 2052 1838 2124 Spiri-

187 2139 275 2188 tu:
309 2135 571 2190 vocantis
601 2136 684 2191 ait
707 2138 990 2208 quosdam
1017 2143 1080 2193 ut
1115 2138 1259 2194 falso
1302 2140 1563 2196 affictum
1630 2142 1838 2196 Dama~

184 2239 360 2279 sceno
421 2224 528 2279 hoc
581 2225 805 2282 dictum
865 2226 1147 2297 rejicisse,
1196 2230 1483 2300 quosdam
1546 2235 1730 2285 autem
1783 2231 1837 2285 id

184 2311 515 2384 legitimum
539 2315 668 2385 ejus
701 2316 887 2371 sancti
912 2317 1169 2372 doctoris
1201 2317 1606 2375 testimonium
1661 2336 1840 2387 agno-

181 2405 414 2456 scentes
471 2401 530 2456 in
581 2418 647 2457 eo
714 2404 1065 2460 vocabulum
1138 2399 1446 2480 προϐολεύς
1526 2407 1584 2462 in
1669 2425 1838 2480 mpo-

181 2487 318 2564 χεύς
347 2495 627 2547 mutasse.

254 2579 348 2652 (P
379 2580 506 2652 408)
535 2576 751 2649 Πηλεύς
782 2582 853 2655 (1)
879 2601 934 2655 p.
997 2584 1119 2640 450.
1177 2585 1402 2640 Peleum
1466 2585 1561 2640 hic
1624 2602 1841 2642 memo-

184 2668 302 2722 rari
339 2672 561 2740 patrem
587 2671 806 2726 Achilis
858 2677 915 2726 et
973 2674 1031 2727 in
1090 2675 1423 2746 exemplum
1483 2675 1842 2730 castimonia

183 2757 436 2829 proponi
459 2763 719 2831 apparet,
756 2764 819 2814 ut
849 2763 1052 2818 statim
1083 2768 1213 2834 post
1252 2765 1563 2819 Aristidem
1601 2765 1656 2819 in
1707 2781 1844 2836 spe-

189 2847 387 2902 cimen
420 2847 786 2904 abstinentia
814 2867 844 2904 a
880 2852 1035 2907 furto
1068 2852 1463 2908 alienissimae.
1493 2855 1616 2908 Non
1649 2859 1842 2909 tamen

191 2935 454 2990 occurrit
471 2936 662 2992 adhuc
686 2938 828 2992 mihi
853 2940 1260 2996 testimonium
1284 2941 1514 3012 antiqui
1540 2942 1846 3013 scriptoris

193 3022 375 3079 istam
410 3025 682 3081 eximiam
716 3028 1011 3098 pudicitiae
1043 3028 1278 3086 laudem
1304 3031 1472 3087 Peleo
1503 3030 1842 3097 asserentis,

189 3114 529 3183 cujusmodi
563 3116 880 3187 quodpiam
909 3120 1283 3175 obversatum
1310 3121 1507 3176 animo
1538 3120 1846 3176 scribentis

187 3202 319 3256 haec
353 3203 725 3276 Pachymeris
761 3206 1047 3278 suspicor.
1104 3209 1304 3280 Neque
1360 3209 1517 3266 enim
1576 3209 1848 3264 videlicet

1953 1960 2119 2023 liora,
2151 1957 2199 2012 si
2230 1957 2427 2021 habet,
2461 1959 2739 2027 suggerat
2770 1959 2927 2024 grate
2959 1955 3309 2024 acceptoris.

2021 2045 2280 2100 ιιλατεῖαι
2356 2043 2686 2098 ἑκπωΛάτων
2749 2062 2804 2116 p.
2888 2044 3008 2096 453.
3092 2043 3427 2107 Quaerebam
3501 2041 3595 2095 hic

1950 2135 2088 2207 quid
2151 2139 2347 2190 essent
2403 2131 2743 2204 ἐκπωμάτων
2800 2129 3075 2197 πλατεῖαι,
3137 2148 3283 2201 quas
3343 2145 3410 2184 ex
3486 2147 3596 2183 :Pro

1949 2225 2129 2280 fuisse
2159 2241 2290 2279 mox
2321 2223 2543 2278 indicat
2565 2227 2764 2277 noster
2794 2223 2865 2276 de
2897 2221 3106 2275 iisdem
3142 2220 3352 2274 iterum
3413 2235 3592 2290 agens

1949 2314 2041 2370 bis
2088 2313 2324 2369 verbis:
2386 2309 2610 2371 Χαλκᾶς
2683 2308 2888 2369 ἐκιίνας
2939 2306 3200 2368 πλατείας
3287 2304 3590 2380 ὑποδοχάς.

1955 2403 2128 2460 Solus
2160 2403 2480 2457 Vaticanus
2514 2399 2726 2474 χαλκᾶς
2758 2398 2983 2459 πίνακας
3007 2397 3284 2470 appellat,
3327 2398 3426 2452 sed
3455 2397 3591 2451 huic

1948 2493 2093 2548 fides
2129 2493 2278 2563 apud
2310 2508 2402 2547 me
2434 2492 2673 2562 quidem
2701 2491 2923 2545 dudum
2957 2477 3047 2544 est
3075 2505 3143 2543 ex
3181 2504 3294 2559 quo
3347 2487 3598 2549 decoxit,

1949 2583 2113 2638 Certe
2143 2581 2295 2653 πίναξ
2321 2582 2497 2638 nimis
2527 2580 2794 2653 generale
2818 2578 3166 2634 vocabulum
3230 2584 3355 2634 est:
3410 2593 3598 2648 neque

1951 2673 2008 2728 in
2042 2673 2258 2726 tabulis
2291 2677 2391 2726 aut
2422 2671 2662 2726 laminis
2689 2670 2854 2725 aereis
2884 2668 3182 2724 commode
3223 2667 3281 2722 id
3341 2669 3598 2736 frumen-

1950 2771 2068 2817 tum
2119 2765 2349 2825 coctum,
2417 2761 2536 2816 sive
2597 2761 2716 2831 jam
2768 2757 3062 2821 molitum,
3125 2756 3280 2812 mola
3335 2756 3604 2810 videlicet

1953 2849 2124 2904 farris
2155 2851 2316 2913 tosti,
2350 2854 2414 2902 ut
2462 2847 2689 2920 antiqui
2749 2848 3161 2917 loquebantur,
3224 2845 3342 2899 sive
3405 2844 3608 2914 granis

1953 2937 2198 3009 integris
2232 2937 2483 2992 naturali
2511 2939 2718 3001 forma,
2751 2935 3060 2990 commode
3117 2935 3328 3004 gestari
3387 2933 3602 3004 potuit,

1953 3027 2034 3084 Ne
2066 3026 2270 3082 multis
2307 3044 2320 3081 :
2356 3025 2500 3081 mihi
2532 3030 2755 3081 attente
2781 3023 3178 3080 consideranti
3222 3024 3374 3078 hunc
3409 3022 3536 3076 locu
3551 3039 3605 3076 m

1950 3118 2220 3173 veniebat
2267 3116 2327 3172 in
2387 3121 2643 3172 mentem
2717 3112 3058 3184 ἐκπωμάτων
3130 3111 3390 3173 πλατιίας
3467 3133 3606 3186 πγα-

1948 3205 2095 3266 τείας
2131 3201 2412 3279 ὑποδοχάς
2450 3205 2565 3261 dici
2614 3204 2708 3260 hic
2737 3221 2770 3258 a
2800 3203 3156 3274 Parthymere
3186 3219 3323 3257 vasa
3373 3219 3607 3258 mensa—

181 3293 386 3347 omnia
418 3309 548 3366 qua
578 3294 673 3350 ille
704 3295 847 3367 legit
869 3297 926 3352 in
962 3304 1197 3355 nostras
1225 3316 1434 3355 venere
1469 3316 1684 3355 manus
1719 3317 1733 3367 ;
1777 3316 1844 3355 ac
1874 3298 1917 3366 C
1959 3295 2043 3351 ria
2070 3313 2197 3367 qua:
2229 3300 2538 3367 sollocoppe
2580 3293 2743 3349 Italis
2769 3291 2941 3348 hodie
2972 3293 3252 3347 dicuntur
3280 3308 3294 3358 ;
3353 3308 3609 3363 quorum

179 3383 438 3438 fortasse
464 3401 536 3438 ne
567 3401 722 3440 nunc
751 3387 991 3457 quidem
1023 3395 1361 3458 supersunt.
1410 3393 1596 3456 Quam
1651 3390 1840 3446 multa

180 3473 344 3528 enim
377 3476 688 3531 vetustatis
721 3476 926 3532 Graecis
958 3486 1343 3535 monumenta
1375 3481 1712 3554 quingentis
1755 3481 1846 3536 his

183 3561 307 3616 fere
322 3563 516 3628 annis,
533 3569 677 3635 quot
703 3581 736 3620 a
759 3566 1130 3637 Pachymeris
1153 3573 1316 3624 astate
1331 3571 1399 3625 ad
1418 3570 1568 3627 hanc
1583 3578 1843 3628 nostram

179 3651 580 3720 intercedunt,
616 3656 802 3726 perire
827 3658 1086 3714 funditus
1111 3661 1374 3733 contigit.
1402 3667 1503 3716 aut
1532 3667 1682 3718 certe
1706 3663 1846 3717 hac-

179 3744 362 3796 tenus
393 3739 654 3796 ἆνὲκδοτα
685 3746 922 3802 servari.
971 3749 1080 3804 Sed
1138 3767 1241 3804 nec
1300 3755 1510 3806 cuncta
1558 3752 1713 3806 edita
1762 3751 1846 3805 vi-

181 3829 408 3886 dimus.
427 3832 880 3890 Adnimadverto
896 3840 1088 3892 tamen
1112 3839 1422 3893 Homerum
1448 3840 1651 3895 crebra
1671 3857 1843 3912 quam

183 3918 365 3975 infert
406 3922 704 3978 mentione
738 3922 887 3979 Pelei
946 3925 1300 3995 frugalitatis
1358 3929 1408 3982 ei
1496 3929 1846 4000 virtutisque

181 4007 420 4064 laudem
454 4009 571 4064 fere
603 4011 861 4068 tribuere
891 4012 1074 4068 videri
1107 4032 1399 4086 ;quarum
1433 4016 1696 4072 videlicet
1723 4031 1844 4074 me-

180 4098 299 4153 rito
331 4099 405 4152 ab
431 4103 635 4154 Aotore
667 4100 889 4157 Phthia
920 4109 1218 4172 regnante,
1255 4106 1325 4160 ad
1359 4122 1530 4177 quem
1555 4124 1620 4162 ex
1647 4108 1847 4180 Egina

179 4186 550 4258 confugerat,
604 4192 858 4262 propriis
917 4191 1054 4248 filiis
1109 4194 1382 4264 praelatus
1441 4211 1731 4268 generque
1779 4215 1845 4253 ac

180 4277 349 4349 regni
383 4293 690 4334 successor
714 4279 936 4336 electus
969 4282 1163 4348 fuerit,
1206 4289 1269 4339 ut
1300 4285 1643 4340 Eustathius
1672 4286 1848 4342 refert

182 4367 257 4421 ad
285 4367 453 4422 Iliad.
481 4367 512 4438 β
537 4385 591 4440 ρ.
623 4369 723 4423 321
746 4371 814 4424 ed
841 4371 1030 4436 Rom.,
1051 4373 1122 4427 ad
1147 4389 1323 4444 quam
1361 4374 1505 4430 forte
1537 4375 1844 4431 historiam

181 4455 500 4512 alluserint
532 4459 740 4513 fabulae
773 4476 903 4530 quas
938 4461 1244 4532 praelatum
1280 4463 1393 4519 diis
1424 4463 1569 4534 ipsis
1627 4465 1844 4534 judicio

182 4546 474 4617 principis
497 4547 742 4603 deorum
776 4549 833 4603 in
867 4549 1142 4606 felicitate
1171 4553 1536 4622 nuptiarum,
1569 4570 1847 4609 concessa

1953 3390 2043 3442 est
2063 3402 2209 3440 usus
2235 3385 2294 3440 in
2317 3384 2556 3456 scyphis
2584 3381 2971 3454 porrigendis.
2992 3381 3223 3436 Habent
3244 3397 3311 3436 ea
3354 3398 3606 3452 superne

1953 3473 2324 3531 latitudinem
2354 3489 2626 3545 capacem
2660 3470 3012 3544 scyphorum
3048 3469 3226 3524 simul
3281 3469 3602 3525 multorum

1954 3565 2132 3634 (unde
2163 3567 2417 3616 πΑατεῖαι
2462 3560 2802 3632 ἐκπωμάτων
2866 3564 3016 3616 recte
3061 3560 3385 3629 vocentur),
3444 3558 3608 3614 labro

1952 3669 2057 3725 per
2086 3652 2399 3708 circuitum
2432 3653 2503 3707 ad
2568 3652 2825 3722 aliquam
2857 3648 3222 3705 latitudinem
3255 3649 3606 3720 recupinato

1952 3751 2310 3808 coronatam,
2345 3742 2696 3796 innitentem
2715 3740 2846 3812 pedi
2874 3739 3180 3811 supposito
3202 3740 3472 3803 rotundo,
3497 3740 3592 3810 qui

1951 3839 2010 3890 et
2035 3833 2529 3889 manubriiusum
2585 3835 2821 3904 praestat
2880 3830 3237 3885 ministranti
3289 3828 3597 3899 pincernar.

1951 3925 2094 3994 Ejus
2128 3925 2331 3979 formae
2359 3922 2576 3983 lances.
2612 3926 2713 3977 aut
2745 3921 2793 3976 si
2817 3920 3006 3976 dicere
3031 3920 3224 3987 liceat,
3258 3919 3590 3990 capedines,

1953 4021 2240 4088 argenteas
2265 4017 2326 4087 [P
2355 4016 2484 4088 409]
2515 4016 2629 4071 fere
2662 4015 2831 4070 hodie
2863 4014 3136 4068 visuntur
3186 4013 3241 4066 in
3296 4029 3600 4084 procerum

1951 4107 2287 4164 conviviis:
2338 4105 2638 4161 tenuiores
2704 4102 2984 4159 fictilibus
3071 4106 3338 4157 utuntur.
3423 4103 3607 4158 lEtate

1953 4196 2329 4270 Pachymeris
2362 4198 2621 4251 nondum
2656 4196 2932 4250 Peruanis
2961 4194 3144 4247 ditata
3168 4193 3420 4248 metallis
3449 4209 3606 4246 aereae

1952 4286 2363 4342 increbuerant
2390 4301 2402 4340 :
2441 4286 2540 4340 sed
2567 4284 2820 4339 materiae
2843 4281 3038 4337 vilitas
3057 4286 3335 4337 encausto
3370 4283 3606 4354 pictura:

1952 4375 2126 4430 variae
2149 4375 2374 4430 fructus
2397 4372 2766 4429 autumnales
2824 4369 3230 4427 assimulantis
3283 4372 3608 4442 tegebatur,

1953 4467 2018 4518 ut
2040 4463 2347 4534 docethoc
2380 4462 2504 4518 loco
2537 4467 2750 4518 noster.
2787 4460 2997 4532 Negari
3048 4476 3162 4515 non
3225 4464 3413 4531 potest
3465 4461 3609 4530 quin

1955 4553 2370 4623 percommode
2400 4551 2580 4607 fuerit
2607 4549 2945 4606 istiusmodi
2971 4549 3128 4604 vasis
3161 4548 3348 4604 forma
3368 4549 3438 4602 ad
3468 4550 3612 4603 istas

182 4635 302 4706 ipsi
337 4634 394 4689 in
429 4652 708 4706 sponsam
741 4637 988 4695 Thetide
1020 4657 1196 4712 quam
1223 4641 1456 4713 Jupiter
1491 4643 1616 4715 ipse
1649 4660 1751 4714 pro
1784 4659 1845 4700 se
1877 4662 1922 4727 D
1953 4643 2199 4713 eulogia:
2245 4644 2543 4715 frumemli
2597 4641 2736 4698 coeli
2786 4645 2913 4695 tum
2964 4641 3170 4695 decore
3218 4640 3613 4694 admovendas

184 4725 415 4780 ambire
438 4726 747 4796 potuisset,
779 4727 1074 4784 celebrant
1100 4730 1335 4787 Peleum
1371 4748 1383 4786 :
1419 4733 1588 4803 cujus
1615 4735 1846 4804 generis
1878 4725 1908 4727 ί
1955 4731 2094 4797 aris,
2125 4737 2252 4787 tum
2293 4733 2428 4788 inde
2472 4735 2604 4804 post
2635 4730 2956 4786 sacerdotis
3004 4728 3468 4784 benedictionem
3517 4729 3614 4784 de-

192 4813 297 4870 illa
316 4818 460 4870 sunt
477 4815 694 4873 Catulli
727 4833 741 4872 :

342 4920 512 4996 [eque
538 4920 691 4996 adeo,
712 4923 921 4996 eximie
951 4924 1106 4980 taedis
1131 4926 1386 4996 felicibus
1417 4935 1594 4993 aucte,

336 4991 625 5070 Thessalia:
656 4991 946 5070 columem,
975 4991 1169 5070 Peleu,
1202 5001 1294 5054 cui
1320 5000 1536 5069 Jupiter
1565 4991 1697 5070 ipse,

327 5064 450 5136 Ipse
475 5081 603 5122 suo:
633 5066 825 5122 divum
852 5064 1072 5137 genitor
1099 5072 1364 5127 concessit
1387 5064 1627 5139 amores,

173 5170 297 5227 Nec
328 5171 478 5228 forte
525 5189 558 5228 a
605 5172 775 5244 genio
819 5173 1193 5246 Pachymeris
1223 5175 1491 5232 'multum
1549 5179 1845 5233 aberraret

179 5260 284 5331 qui
319 5260 722 5333 suspicaretur
752 5262 833 5318 ita
862 5265 1208 5322 meminisse
1236 5265 1408 5322 illum
1439 5266 1590 5322 Pelei
1650 5267 1840 5322 herois

174 5348 495 5418 inculpati,
529 5349 878 5408 ntalluserit
895 5353 966 5408 ad
980 5359 1214 5425 etymon
1248 5355 1500 5413 nominis
1513 5356 1640 5426 ejus
1663 5353 1721 5409 ἐκ
1744 5360 1842 5410 τοῦ

176 5433 398 5507 πηλοῦ,
431 5439 586 5512 quod
618 5440 795 5496 lutum
856 5441 1170 5513 signiﬁcat,
1223 5444 1476 5513 formati,
1534 5445 1694 5501 velut
1749 5446 1842 5502 in-

177 5545 379 5586 nuens
412 5545 530 5586 non
561 5529 750 5604 magis
778 5531 1017 5589 afﬁnem
1047 5533 1233 5592 fuisse
1265 5534 1535 5603 Veccum,
1570 5539 1843 5608 spectatae

263 5750 344 5823 (1)
375 5749 460 5807 Cl.
493 5747 858 5808 Glossarium
890 5748 1161 5812 alterum.

1958 4823 2276 4893 portandas
2300 4824 2358 4876 in
2393 4823 2600 4877 domos
2625 4824 2774 4886 tuto,
2809 4819 3139 4885 latitudine,
3193 4835 3262 4872 ex
3309 4834 3426 4888 qua
3472 4815 3608 4871 πλα-

1949 4914 2087 4964 τεῖαι
2109 4909 2715 4982 dicuntur,paulisper
2735 4925 3010 4977 concava,
3028 4912 3084 4964 et
3108 4907 3384 4977 coupacis
3410 4911 3609 4964 rotun-

1954 5003 2175 5068 ditatis,
2229 5001 2396 5058 facile
2455 5001 2802 5057 admittente
2863 4999 3168 5055 materiam
3217 4997 3419 5062 talem,
3471 5004 3527 5054 et
3578 5018 3605 5052 τι

1953 5091 2123 5163 lapsu
2157 5091 2502 5163 prohibente
2535 5089 2818 5145 beneﬁcio
2850 5088 2988 5144 editi
3021 5089 3240 5143 circum
3301 5087 3613 5158 marginis,

1953 5181 2116 5237 illius
2139 5197 2347 5251 nempe
2375 5182 2444 5235 de
2467 5195 2583 5250 qua
2607 5179 2745 5247 dixi,
2773 5177 3000 5234 modice
3027 5177 3276 5232 reducta:
3304 5181 3360 5230 et
3383 5177 3498 5230 alte
3522 5193 3620 5246 per

1952 5271 2264 5326 circuitum
2279 5269 2563 5325 exstantia
2581 5267 3039 5323 loriculae.Voces
3053 5283 3286 5337 quoque
3300 5270 3421 5320 tum
3447 5263 3616 5325 ἐκπω,

1951 5358 2092 5414 άτων
2125 5365 2250 5415 tum
2286 5353 2538 5431 ὑποδοχή
2565 5358 2875 5430 aptissime
2924 5358 2982 5412 in
3044 5361 3308 5410 nostram
3368 5359 3603 5410 senten-

1952 5451 2095 5506 tiam
2129 5449 2426 5506 accidunt.
2455 5447 2722 5503 Indicant
2745 5447 2898 5503 enim
2931 5462 3103 5501 usum
3141 5446 3315 5500 istius
3345 5446 3499 5500 vasis
3537 5461 3606 5500 eo

1954 5539 2092 5596 facti
2123 5543 2189 5596 ut
2219 5539 2449 5611 pocula,
2482 5534 2803 5609 ὲκπώματα,
2838 5536 3114 5608 imposita
3158 5535 3466 5606 exciperet,
3521 5533 3605 5590 sic
