4248 6438
650 364 655 373 “
701 352 838 407 1055

1754 355 1815 405 Ρ.
1859 349 2132 405 POSSINl
2171 349 2787 403 OBSERVATIONUM
2824 351 2955 402 LIB.
2999 353 3041 402 ι.

3984 342 4103 395 1056

695 479 994 533 oﬂ‘ercnda
1024 476 1280 532 convivis
1305 493 1478 531 manu
1525 476 1902 548 pocillatoris.
1961 475 2138 529 Porro
2195 468 2340 525 πλα-
2371 474 2423 538 Α
2456 489 2626 542 porro
2685 473 2827 542 quid
2883 472 3177 543 Josephus
3218 470 3625 543 responderet,
3689 472 4105 524 commemorat

693 570 834 626 τεῖαι
867 567 1141 621 videntur
1165 564 1537 620 substantive
1563 563 1698 630 dici,
1731 564 1883 620 592
1918 563 2029 617 nisi
2055 562 2188 633 quis
2221 578 2338 615 ma-

694 655 781 721 lit,
816 672 950 709 cum
983 656 1107 710 sola
1139 655 1259 709 haec
1293 670 1397 709 Vox
1451 653 1707 723 ponitur,
1767 652 2231 707 subaudiendam
2287 652 2344 703 ct

694 745 868 799 tacite
898 744 1289 815 supplendam
1324 741 1485 796 illam
1511 742 1752 797 alteram
1790 736 2079 813 ὑποδοχαί.

788 868 1161 939 Πνευματικὸς
1236 864 1324 919 καὶ
1383 863 1759 935 πνευματίζων
1844 883 1900 936 p.
1966 866 2091 919 256.
2176 864 2340 919 Jose-

692 958 875 1029 phum
912 955 1267 1012 monasterio
1300 955 1535 1022 ,Galesii
1596 955 1973 1026 praepositum
2017 958 2181 1009 vocat
2233 960 2344 1009 Pa-

690 1046 991 1119 chymeres
1043 1041 1211 1119 ἄνδρα
1266 1042 1631 1116 πνευματικὸν
1682 1042 1772 1096 καὶ
1832 1042 1908 1104 εἷς
1976 1041 2183 1116 πατέρα
2253 1062 2345 1096 τε-

684 1132 952 1208 ταγμένον
983 1136 1063 1204 τῷ
1099 1130 1332 1201 βασιλεῖ.
1396 1134 1591 1188 Primo
1640 1137 1880 1204 aspectu
1935 1150 2039 1188 vox
2102 1151 2343 1203 πνευμα-

682 1224 835 1284 τικός
868 1224 975 1279 hoc
1008 1225 1131 1278 loco
1164 1224 1395 1277 videtur
1422 1222 1577 1278 idem
1610 1239 1817 1277 sonare
1841 1239 1974 1277 cum
2030 1239 2097 1277 eo
2158 1222 2341 1293 quod,

688 1313 846 1381 Lm,
877 1329 925 1367 c.
964 1312 1047 1379 19,
1095 1316 1455 1367 memoratur
1512 1330 1774 1382 πνευματι
1835 1315 1938 1379 ζῶν
1996 1312 2198 1382 spiritu
2253 1327 2341 1366 vt-

688 1403 1014 1471 vens,quod
1048 1401 1126 1455 ibi
1176 1402 1391 1457 dicitur
1448 1401 1518 1455 de
1574 1400 1879 1456 monachis
1937 1400 2340 1455 sanctimoniae

690 1490 962 1562 opinione
1010 1490 1382 1559 venerandis,
1433 1494 1669 1560 sumpta
1731 1507 1799 1545 ex
1848 1489 2027 1545 Paulo
2078 1488 2341 1559 apostolo

690 1581 945 1636 formula
976 1579 1280 1651 loquendi,
1315 1579 1520 1651 quales
1552 1581 1875 1651 imperator
1904 1597 2006 1652 pro
2056 1596 2115 1634 se
2173 1580 2343 1634 adbi-

690 1669 815 1729 buit
876 1668 1097 1740 μεσῐτας
1169 1666 1438 1739 πνεύματι
1507 1672 1710 1736 ζῶντας
1782 1666 1870 1721 καὶ
1948 1668 2199 1737 συνήθέις
2263 1671 2342 1738 τῷ

687 1756 1026 1831 πατριάρχῃ.
1061 1759 1279 1814 Tamen
1312 1758 1364 1813 si
1394 1757 1527 1829 quis
1558 1758 1947 1829 introspiciat,
1979 1759 2139 1813 aliud
2185 1757 2244 1812 in
2275 1774 2343 1812 ea

686 1848 865 1905 latere
896 1847 1295 1917 deprehendet
1325 1846 1485 1901 haud
1511 1846 1874 1918 negligenda:
1906 1848 2186 1903 nationis.
2247 1848 2344 1901 Ar-
2377 1843 2425 1908 Β

687 1940 968 2007 gumento
999 1936 1077 1990 sit
1107 1936 1263 2006 quod
1297 1934 1471 2007 paulo
1502 1940 1629 2006 post
1661 1936 1862 1991 eodem
1897 1936 2084 2007 capite
2137 1935 2345 1991 scribi-

686 2029 805 2092 tur,
844 2026 1057 2079 t'amam
1093 2040 1418 2080 emanasse.
1442 2025 1820 2080 interdictum
1837 2026 2090 2094 Josepho
2122 2025 2343 2081 huicab

682 2114 926 2173 Arsenio
953 2114 1284 2185 patriarcha
1310 2115 1490 2169 fuisse
1516 2131 1586 2169 ne
1614 2116 1955 2187 fungeretur
1972 2116 2163 2170 ofﬁcio
2184 2134 2342 2167 πνευ-

687 2206 920 2275 ματικοῦ
944 2210 1033 2258 est
1049 2203 1266 2259 Gracia
1288 2203 1374 2258 sic
1389 2202 1607 2258 habent
1630 2221 1642 2257 :
1668 2204 1742 2264 ὡς
1766 2203 1856 2257 καὶ
1871 2202 2245 2275 ἐπιτιμήσειεν
2267 2189 2345 2279 ἐφ’

680 2291 725 2364 ᾧ
762 2288 902 2363 μηδὲ
932 2290 1297 2363 πνευματικὸς
1342 2288 1695 2366 ἀναδέχοιτο.
1756 2294 2048 2351 Nimirum
2108 2313 2345 2365 πνευμα-

679 2380 833 2441 τικός
868 2386 959 2436 est
1009 2382 1223 2437 Graecis
1282 2381 1634 2437 Christianis
1686 2383 1840 2437 idem
1895 2384 2051 2453 quod
2115 2383 2343 2438 Latinis

681 2470 1101 2528 ecclesiasticis
1133 2472 1521 2541 confessarius,
1557 2475 1621 2526 ut
1679 2472 1852 2527 etiam
1911 2476 2066 2527 recte
2116 2472 2341 2527 dudum

685 2560 975 2617 Meursius
1006 2560 1354 2616 observavit.
1389 2560 1594 2632 Itaque
1620 2562 1891 2633 suspicor
1913 2561 1977 2615 τὸ
2006 2558 2095 2614 καί
2154 2562 2340 2617 abun-

685 2649 845 2715 dare,
870 2654 933 2704 ut
963 2666 1116 2721 saepe
1146 2649 1284 2705 alibi
1318 2650 1471 2721 apud
1506 2654 1798 2717 nostrum,
1832 2651 1918 2705 sic
1947 2650 2009 2705 in
2066 2650 2193 2706 loco
2243 2652 2341 2706 de-

680 2738 901 2809 scripto
937 2756 950 2806 ;
985 2742 1041 2794 et
1072 2755 1205 2794 cum
1238 2738 1602 2811 πνευματικὸς
1631 2738 1719 2792 καὶ
1754 2737 1831 2801 εἷς
1886 2739 2092 2813 πατέρᾳ
2146 2758 2343 2813 τεταγ-

685 2823 845 2898 μένος
896 2831 977 2898 τῷ
1040 2825 1256 2902 βασιλεῖ
1314 2828 1612 2901 Josepbus
1668 2829 1907 2896 dicitur,
1968 2829 2115 2885 nihil
2177 2829 2336 2885 aliud

681 2917 930 2972 indicari
963 2918 1078 2973 nisi
1110 2935 1243 2974 eum
1278 2922 1493 2990 patrem
1516 2919 1907 2992 spiritualem,
1940 2920 2050 2976 hoc
2080 2924 2169 2976 est
2200 2937 2337 2976 con-

685 3008 1002 3064 fessarium
1035 3008 1375 3081 imperatori
1407 3009 1609 3065 fuisse.
1642 3016 1726 3066 Ex
1760 3027 1877 3081 qua
1925 3010 2336 3067 observatione

671 3364 970 3435 Josephus
1000 3365 1278 3437 deinceps
1306 3365 1479 3422 etiam
1505 3368 1761 3438 privatas
1780 3368 1908 3439 ejus
1937 3366 2335 3423 confessiones

675 3454 971 3525 exciperet
1001 3451 1399 3527 (ἀναδέχοιτο,)
1430 3456 1500 3511 de
1522 3473 1639 3527 quo
1671 3458 1847 3512 verbo
1880 3474 2005 3527 quae
2037 3474 2144 3513 suo
2208 3456 2337 3511 loco

674 3547 975 3609 notamus,
1009 3543 1122 3598 huc
1150 3544 1365 3603 confer)
1401 3549 1503 3600 aut
1522 3546 1716 3618 ipsum
1742 3550 1798 3601 in
1821 3549 1965 3618 foro,
1991 3551 2056 3601 ut
2082 3546 2335 3617 loquun-

681 3636 780 3688 tur
811 3635 1171 3690 conscientiae
1200 3634 1524 3699 absolveret,
1556 3635 1840 3691 hactenus
1869 3634 2161 3708 siquidem
2205 3639 2338 3706 post

675 3721 993 3776 anathema
1022 3720 1364 3792 imperatori
1399 3722 1633 3793 publice
1686 3723 1911 3779 dictum
1962 3724 2020 3778 in
2082 3722 2332 3793 quibus-

673 3811 811 3866 dam
844 3828 973 3881 quaa
1007 3811 1285 3882 antiquus
1318 3828 1465 3868 usus
1514 3814 1749 3868 vetabat
1806 3811 2333 3868 excommunicatis

673 3900 969 3972 permetti,
1002 3900 1433 3955 connivendum
1494 3907 1799 3973 putaverat
1856 3901 2208 3973 patriarcha,
2273 3906 2335 3955 ut

674 3990 1054 4061 Pacbymeres
1099 3991 1372 4061 superius
1430 3991 1760 4047 admonuit.
1824 3994 1899 4047 De
1957 3993 2065 4047 hoc
2122 4007 2335 4064 genere

679 4078 910 4134 videtur
938 4083 998 4134 et
1018 4079 1126 4134 hoc
1157 4079 1367 4149 fuisse,
1400 4078 1683 4135 nimirum
1710 4082 1959 4137 tolerare
1992 4084 2056 4135 ut
2078 4078 2335 4151 privatim

674 4170 1055 4223 confiteretur
1082 4172 1139 4223 et
1188 4168 1245 4223 in
1268 4170 1392 4224 foro
1421 4170 1789 4225 conscientia:
1823 4169 2239 4225 absolveretur.
2268 4168 2331 4223 Id

667 4259 822 4328 quod
857 4274 1014 4312 nunc
1045 4258 1284 4313 tandem
1308 4259 1569 4314 offensus
1602 4259 1888 4315 instantia
1909 4258 2150 4330 Josephi
2194 4274 2331 4330 pro-

672 4345 933 4411 hibuerit
964 4366 978 4415 ;
1007 4351 1064 4402 et
1094 4346 1363 4403 videlicet
1386 4348 1861 4417 jurisdictionem
1894 4348 2207 4404 abstulerit
2230 4364 2333 4402 ne-

666 4435 984 4491 cessariam
1009 4436 1081 4491 ad
1133 4436 1566 4493 absolutionem
1627 4437 1818 4494 valide
1850 4438 2326 4510 impertiendam.

671 4524 837 4580 Unde
858 4542 993 4580 cum
1025 4524 1209 4580 nihilo
1242 4526 1437 4583 secius
1469 4531 1675 4598 postea
1702 4527 1998 4599 Josephus
2043 4526 2328 4598 perrexis-

670 4620 761 4671 set
792 4617 953 4681 dare,
989 4621 1053 4669 ut
1081 4616 1245 4687 prius
1281 4633 1518 4688 operam
1576 4618 1882 4673 conﬁtenti
1941 4620 2227 4690 Augusto,
2274 4622 2332 4672 et

666 4703 833 4759 illum
869 4703 1136 4759 videlicet
1166 4706 1238 4761 de
1270 4722 1432 4762 more
1449 4706 1819 4775 absolvisset,
1850 4724 2055 4764 ansam
2084 4702 2328 4779 Josepbi

666 4794 1018 4849 criminandi
1046 4794 1358 4849 Arseniani
1388 4795 1462 4851 ab
1493 4812 1560 4852 eo
1598 4797 1725 4867 jam
1786 4796 2120 4869 patriarcha
2169 4797 2325 4853 schi-

664 4890 858 4939 smate
890 4882 1127 4939 discissi
1160 4890 1563 4956 sumpserunt,
1600 4886 1771 4957 quasi
1802 4891 2151 4942 attentasset
2202 4903 2325 4942 rem

666 4973 954 5029 nefariam
987 4974 1225 5029 ferendo
1256 4975 1610 5031 sententiam
1669 4975 2064 5032 absolutionis
2124 4992 2325 5032 sacra-

666 5062 939 5118 mentalis
971 5061 1098 5118 sine
1130 5067 1417 5135 potestate
1456 5065 1915 5135 jurisdictionis,
1971 5083 2087 5137 quo
2150 5067 2323 5121 modo

661 5150 781 5207 lata
811 5150 948 5207 talis
979 5151 1272 5207 sententia
1292 5152 1418 5207 sine
1458 5153 1638 5209 dubio
1698 5154 1860 5209 irrita
1890 5159 1999 5223 est,
2058 5154 2215 5209 unde
2264 5153 2323 5207 id

664 5245 987 5298 attentasse
1016 5240 1075 5295 in
1100 5251 1468 5298 sacramento
1492 5243 1639 5298 nihil
1674 5244 1871 5299 minus
1904 5244 1982 5300 sit
2015 5260 2196 5316 quam
2228 5261 2321 5299 sa-

664 5329 995 5403 crilegium.
1048 5331 1152 5386 Est
1186 5335 1383 5386 autem
1415 5330 1472 5387 id
1504 5337 1667 5389 extra
1710 5334 1987 5400 dubium,
2048 5350 2324 5390 emanare

666 5420 739 5476 ab
797 5418 1091 5491 episcopis
1146 5420 1353 5475 ordine
1421 5420 1785 5479 hierarcbico
1837 5424 2322 5495 jurisdictionem

660 5510 857 5566 istam.
910 5510 1099 5575 Quare
1140 5510 1191 5564 si
1245 5526 1375 5566 eam
1423 5511 1530 5566 rite
1581 5513 1917 5583 patriarcha
1965 5518 2322 5585 revocasset,

662 5605 889 5657 certum
917 5604 1043 5655 erat
1074 5616 1190 5655 non
1224 5600 1487 5670 potuisse
1540 5600 1750 5656 deinde
1812 5599 2230 5673 imperatorem
2291 5618 2324 5657 a

665 5688 924 5760 Josepho
955 5687 1147 5744 audiri
1179 5693 1277 5743 aut
1300 5687 1522 5744 absolvi
1548 5689 2073 5745 sacramentaliter.
2108 5689 2194 5745 Ad
2262 5689 2321 5747 id

2451 561 2854 632 Pachymeres,
2890 562 3160 632 quamvis
3192 560 3555 616 subobscure
3588 558 3645 612 in
3683 559 3835 625 cod.,
3868 558 3909 611 Β
3933 562 3997 611 et
4047 559 4103 610 A.

2453 651 2561 705 Sed
2599 650 2654 704 in
2717 651 2870 707 593
2932 651 3213 705 Vaticano
3263 649 3502 715 clarius,
3549 653 3826 720 negatum
3886 647 3950 719 [Ρ
3988 645 4103 715 MO]

2454 755 2660 811 nempe
2691 743 2761 795 ab
2795 740 2921 811 ipso
2954 742 3169 795 factum
3197 755 3209 794 :
3238 737 3621 811 pertendisse,
3654 738 3921 807 inquam,
3948 735 4103 789 haud

2452 844 2516 883 eo
2549 828 2853 885 devenisse
2894 829 3205 884 Arsenium
3230 826 3624 899 patriarcham
3658 833 3721 880 ut
3768 825 3868 879 ubi
3926 824 4105 893 juris-

2451 917 2767 973 dictionem
2801 920 3083 973 adimeret
3112 922 3168 974 et
3210 918 3450 972 omnino
3511 914 3885 971 interdiceret
3933 914 4107 967 abso-

2451 1005 2677 1062 lutionc
2713 1007 3104 1079 imperatoris.
3134 1008 3323 1062 Verba
3355 1007 3475 1061 haec
3502 1009 3641 1060 sunt
3669 1002 3941 1059 historici
4005 1001 4108 1056 sub

2451 1095 2627 1151 finem
2661 1097 2788 1165 ejus
2820 1095 3034 1169 capitis
3070 1113 3090 1150 :
3123 1095 3231 1151 Κᾶν
3270 1095 3345 1166 μὴ
3393 1093 3621 1169 γεγονὸς
3669 1089 3975 1168 ἐφημίσθη,
4040 1089 4109 1149 ὡς

2450 1182 2539 1237 καὶ
2606 1184 2633 1237 ὁ
2700 1185 2901 1259 Ἰωσήφ
2960 1183 3401 1259 πατριαρχεῦσας
3468 1182 3714 1254 ὕστερον,
3782 1176 4109 1252 ἀπολογού-

2455 1293 2617 1344 μενος
2648 1274 2780 1349 ὑπὶρ
2810 1278 2995 1343 τοῦτο,
3029 1271 3418 1348 διισχυρίζετο.
3455 1273 3550 1329 Sic
3609 1274 3669 1327 in
3730 1272 3901 1327 codd.
3964 1271 4110 1324 duo-

2453 1363 2583 1419 bus.
2640 1369 2711 1418 At
2766 1364 3085 1420 Vaticanus
3145 1365 3227 1419 sic
3287 1364 3506 1418 habet:
3559 1362 3755 1433 Ὅμως
3805 1359 3832 1412 ὁ
3905 1358 4107 1434 Ἰωσήφ

2452 1452 2891 1528 πατριαρχεῦσας
2972 1451 3190 1527 ὕστερον
3262 1448 3630 1525 διισχυρίζετο
3696 1445 3894 1521 ψεῦδος
3977 1448 4109 1500 εἶναι

2449 1540 2540 1593 τὸν
2558 1539 2723 1614 λόγον
2744 1542 2936 1614 Iaseph
2949 1542 3294 1613 postmodum
3310 1540 3755 1613 patriarchatum
3777 1554 3971 1608 gerens
3985 1554 4110 1608 per-

2452 1630 2708 1686 tendebat
2752 1631 2965 1702 falsum
3025 1647 3138 1687 esse
3188 1631 3329 1702 quod
3401 1648 3435 1686 a
3512 1632 3704 1685 multis
3776 1627 4108 1700 jactabatur

2453 1719 2673 1791 Nempe
2708 1726 2774 1776 ut
2807 1721 2980 1793 paulo
3014 1722 3289 1792 superius
3312 1722 3558 1783 dixerat,
3584 1718 3658 1779 ὡς
3684 1716 3863 1792 χωρὶς
3880 1722 3985 1783 τῆς
4017 1717 4108 1767 τοῦ

2455 1809 2805 1883 πατριάρχου
2869 1806 3079 1884 βουλῆς
3134 1809 3547 1878 ἀντιποιήσοιτο
3610 1806 3953 1880 (Josephus)
4011 1810 4108 1871 τῆς

2461 1895 2730 1969 βασιλέως
2761 1896 3061 1972 ἀναδοχῆς,
3119 1899 3243 1955 sine
3288 1904 3435 1954 nutu
3468 1902 3523 1953 et
3554 1914 3803 1953 assensu
3864 1894 4113 1967 patriar-

2456 1990 2579 2045 chae
2608 1988 2903 2061 Josephus
2939 1988 3248 2058 ingesserit
3285 2005 3346 2043 se
3379 1989 3451 2043 ad
3510 1986 3861 2042 audiendam
3923 2000 4113 2039 sacra-

2456 2078 2792 2133 mentaliter
2823 2078 3253 2133 confessionem
3290 2077 3685 2149 imperatoris.
3746 2074 3982 2148 Φέρεται
4036 2069 4111 2137 δὲ,

2454 2167 2763 2239 subjungit
2794 2167 3017 2238 statim,
3049 2166 3137 2219 καὶ
3188 2163 3357 2239 λόγος
3403 2164 3551 2236 παρὰ
3596 2163 3835 2225 πολλοῖς
3893 2161 3969 2220 ὡς
4026 2159 4111 2214 καὶ

2454 2255 2826 2328 ἐπιτιμήσειεν
2916 2256 2943 2309 ὁ
3028 2254 3379 2329 πατριάρχης
3456 2251 3658 2307 ἐκεῖνον
3738 2251 4114 2324 (Josephum)

2455 2345 2590 2400 ὥστε
2652 2347 2727 2418 μὴ
2788 2344 2920 2399 εἶναι
2972 2348 3067 2398 τοῦ
3100 2342 3371 2419 βασιλέὦς
3415 2342 3877 2416 ἐωπνευματικὸν.
3920 2342 4115 2396 Fertur

2449 2435 2664 2491 scilicet
2694 2451 2941 2490 sermone
2971 2436 3274 2490 multorum
3329 2435 3709 2505 patriarcham
3748 2430 4115 2486 interdixiue

2449 2525 2677 2597 Joscpho
2702 2541 2770 2579 ne
2798 2530 2936 2581 esset
2994 2525 3363 2595 con/essarius
3422 2523 3803 2595 imperatoria.
3860 2521 3945 2576 Ita
4004 2521 4113 2575 cla-

2454 2615 2599 2683 rius,
2636 2621 2701 2670 ut
2731 2615 2872 2685 dixi,
2910 2614 3223 2669 Vaticanus
3258 2612 3670 2685 paraphrastes
3704 2628 3717 2679 ;
3751 2629 3785 2666 a
3830 2627 3950 2683 quo
3984 2626 4111 2682 ger-

2453 2721 2687 2760 manam
2721 2704 2978 2759 auctoris
3009 2703 3365 2758 sententiam
3396 2702 3490 2757 hic
3513 2690 3851 2774 expressam
3895 2699 4111 2754 conﬁr-

2452 2800 2567 2847 mal
2634 2792 3012 2864 Pachymeres
3064 2792 3209 2863 ipse,
3262 2796 3435 2863 prout
3492 2791 3622 2861 ejus
3678 2792 3988 2845 contextus
4042 2788 4109 2841 ab

2450 2881 2691 2953 Optimis
2724 2882 3025 2937 codicibus
3057 2880 3387 2947 exhibetur,
3419 2879 3597 2946 infra,
3626 2878 3666 2935 1.
3702 2896 3776 2947 ιν,
3808 2895 3862 2933 c.
3892 2876 3963 2930 28
4026 2877 4110 2931 sic

2451 2975 2519 3027 de
2550 2973 2799 3043 .losepho
2833 2973 3080 3027 dicens:
3124 2971 3225 3027 "0v
3279 2968 3587 3044 ἀφωρίσθαι
3648 2965 3838 3042 ἔλεγον
3898 2966 3989 3021 ἐπὶ
4032 2970 4106 3035 τῷ

2450 3061 2526 3132 μὴ
2590 3061 2680 3113 τὸν
2752 3058 2981 3133 βασιλέα
3051 3058 3125 3120 εἷς
3203 3059 3575 3130 πνευματικὴν
3650 3056 3881 3126 υἱότητα
3958 3052 4107 3128 δέχε-

2441 3330 2588 3386 tione
2611 3330 2844 3385 vetitum
2871 3331 2923 3384 ei
2983 3330 3117 3385 olim
3158 3347 3199 3384 α
3244 3328 3580 3399 patriarcha
3654 3329 3858 3398 fuisset
3910 3326 4107 3380 habere

2441 3420 2705 3491 deinceps
2734 3422 3134 3491 imperatorem
3170 3419 3280 3473 loco
3319 3416 3631 3489 spiritantia
3689 3417 3820 3486 ﬁlii,
3880 3419 3933 3470 et
3984 3415 4111 3469 illus

2440 3508 2830 3579 confessiones.
2862 3512 2925 3563 ut
2957 3516 3126 3564 antea
3163 3512 3543 3575 consueverat,
3586 3509 3647 3563 in
3690 3510 3987 3579 posterum
4023 3521 4105 3559 ac-

2438 3599 2637 3671 cipere.
2664 3598 2791 3653 Non
2826 3598 3039 3669 poterit
3072 3604 3268 3653 autem
3319 3614 3411 3652 me
3463 3596 3805 3669 quisquam,
3868 3595 4093 3666 opinor,

2439 3687 2886 3759 reprehendere,
2920 3689 3073 3759 quod
3109 3685 3473 3759 meuparnxdv
3519 3685 3945 3741 conlessarium
4006 3684 4093 3737 in-

2436 3782 2740 3849 terpreter,
2774 3777 2915 3849 quin
2950 3778 3113 3849 prius
3145 3782 3355 3850 arguat
3394 3775 3695 3848 vulgatum
3750 3773 4093 3829 Florentius:

2438 3867 2808 3922 mcumenicaa
2874 3867 3080 3939 synodi
3134 3866 3537 3938 interpretem,
3612 3866 3712 3936 qui
3764 3866 3977 3936 pagina
4035 3864 4093 3917 l7

2435 3956 2577 4012 fomi
2610 3956 2837 4021 XXXII,
2861 3958 2952 4011 ed.
2986 3959 3158 4011 Conc.
3194 3956 3359 4027 Reg,
3384 3954 3485 4010 illa
3533 3955 3708 4009 verba
3764 3952 4095 4023 τιμιώτατος

2435 4044 2801 4118 πνευματικὸς
2858 4044 3015 4118 κύρις
3075 4043 3380 4119 Γρηγόριος
3437 4044 3521 4099 sic
3577 4042 3780 4098 Latine
3862 4042 4091 4097 reddit:

2436 4134 2800 4191 Honor-abitis
2832 4153 2863 4191 a
2893 4135 3332 4203 confessionibus
3357 4133 3598 4188 domnus
3621 4132 3940 4201 Gregorius.
3966 4132 4094 4186 Erat

2436 4223 2658 4279 scilicet
2688 4224 3085 4279 contessarius
3144 4223 3520 4294 imperatoris
3580 4222 3940 4289 Graecorum,
3997 4220 4088 4290 qui

2435 4312 2683 4368 concilio
2714 4312 3072 4383 [Florentino
3132 4311 3421 4367 interfuit.
3482 4311 3551 4366 Ut
3629 4310 3900 4366 omittam
3986 4308 4091 4364 alia

2433 4402 2696 4472 ejusdem
2728 4401 2987 4457 notionis
3035 4402 3208 4457 verbo
3267 4398 3634 4473 πνευματικός
3695 4399 3981 4470 subjecta
4012 4403 4090 4452 te-

2436 4491 2714 4547 stimonia
2746 4508 2778 4546 a
2806 4491 3079 4560 Meursio,
3124 4496 3188 4547 ut
3218 4491 3360 4561 dixi,
3396 4492 3660 4560 recitata,
3691 4506 3820 4561 quae
3855 4488 3904 4544 si
3964 4490 4088 4559 quis

2360 4583 2409 4647 D
2440 4582 2637 4637 omnia
2663 4580 3142 4649 consideraverit,
3178 4598 3263 4636 na:
3296 4581 3346 4636 is
3382 4581 3535 4637 haud
3571 4578 3785 4652 poterit
3830 4577 4087 4649 judicare

2440 4671 2737 4726 addidisse
2777 4687 2871 4726 me
2901 4670 3228 4742 quidquam
3261 4670 3453 4726 sensis
3484 4669 3743 4725 auctoris
3774 4668 3915 4734 mei,
3954 4668 4083 4722 dum

2440 4760 2511 4814 ab
2543 4777 2609 4815 eo
2642 4764 3029 4815 memoratam
3077 4758 3450 4831 πνευματικὴν
3500 4757 3730 4826 υὶὸτητα
3786 4758 3859 4813 ad
3922 4755 4084 4811 mini-

2437 4849 2779 4904 strationem
2845 4848 3131 4921 privatam
3192 4848 3547 4905 sacramenti
3626 4847 3983 4920 pcenitentia:
4036 4852 4083 4900 et

2436 4938 2798 5011 exceptionis
2831 4944 3188 4995 secretarum
3216 4938 3656 4995 confessionum
3688 4936 3916 4996 retulit.

2508 5154 2745 5225 Ποιότης
2780 5174 2836 5229 p.
2889 5158 3015 5213 362.
3075 5157 3210 5230 Παρ¹
3262 5154 3291 5212 ὃ
3347 5155 3438 5211 καὶ
3494 5157 3529 5226 ἦ
3589 5154 3949 5232 προσηγορία
4000 5152 4084 5219 τῆς

2432 5242 2729 5314 ποιότητος
2761 5243 3041 5315 εἴληπται.
3072 5247 3191 5303 Hoc
3219 5252 3310 5304 est
3338 5249 3389 5304 εἰ
3421 5248 3495 5303 ad
3524 5248 3769 5304 verbum
3835 5247 4047 5304 reddas
4073 5260 4085 5297 ε

2432 5335 2600 5391 Juxta
2630 5335 2771 5406 quod
2800 5343 2853 5392 et
2874 5337 3177 5408 appellatio
3208 5337 3498 5409 qualitati:
3520 5340 3747 5409 sumpta
3777 5344 3890 5393 est.
3951 5334 4089 5403 Quid

2433 5429 2631 5480 autem
2655 5426 2815 5481 istud
2838 5420 2930 5481 eet
2956 5425 3194 5481 relativo
3215 5426 3700 5498 quodindicatum
3730 5427 3758 5481 Ἰ
3789 5426 4018 5498 Nempe
4041 5416 4091 5479 ιιι

2431 5518 2679 5585 apparet
2690 5531 2759 5570 ex
2772 5516 3575 5589 precedentibusmbliquum
3592 5516 3859 5588 adaptari
3881 5519 3941 5572 et
3954 5530 4088 5571 exe-

2433 5604 2601 5676 quari
2626 5604 2836 5661 debere
2867 5606 2939 5662 ad
2976 5609 3227 5673 rectum,
3254 5622 3371 5662 non
3405 5622 3436 5663 e
3465 5620 3745 5663 converso
3770 5614 3995 5661 rectum
4021 5603 4083 5659 ad

2434 5692 2744 5765 obliquum
2778 5732 2793 5751 .
2823 5694 3060 5752 Conﬁdo
3088 5692 3179 5751 vel
3209 5708 3280 5752 ex
3307 5693 3418 5753 hoc
3446 5693 3598 5768 loco,
3637 5706 3735 5752 cui
3789 5692 3969 5752 multi
3996 5690 4082 5749 alii
