4248 6438
213 390 347 443 1057

1675 392 2151 452 GLOSSARIUM.

3482 409 3620 463 1058

206 511 382 568 simili
407 510 700 581 ἀσοστασίᾳ
764 516 820 567 et
877 510 1284 583 insuspicabili
1330 510 1657 566 cohiesione
1701 516 1863 567 tene-

1978 532 2089 587 quo
2148 521 2472 581 Vulcanius
2530 527 2641 596 legi
2670 528 2837 597 jubet
2872 544 3131 598 grumare
3162 530 3311 587 595
3349 527 3616 601 διοροῶσν

208 602 365 656 brosi
402 617 502 672 per
534 601 683 655 hanc
717 601 1024 656 historiam
1087 605 1426 665 occurrunt,
1475 616 1856 656 assensurum

214 693 358 747 mihi
388 692 664 747 lectorem
702 693 1046 763 prudentem
1081 692 1127 747 si
1161 691 1856 762 dixeroEOthdipum,

212 798 327 835 non
365 786 588 835 Davum
624 797 753 835 esse
785 786 1048 850 oportere
1071 781 1445 851 interpretem
1462 781 1856 853 Pachymeris,

206 870 541 941 scriptoris,
576 870 625 923 si
661 869 981 940 quisquam
1035 868 1213 932 ullus,
1259 869 1599 939 antiquarii,
1646 869 1859 935 cuique

207 960 593 1029 meliorijurc
625 976 797 1029 quam
837 959 941 1013 illli
993 960 1049 1014 in
1098 961 1520 1029 quemLatinus
1566 959 1860 1030 epigram-

209 1050 497 1104 malarius
531 1048 639 1103 hoc
667 1064 835 1103 versu
860 1047 1024 1117 lusit,
1059 1049 1499 1120 exprobraveris
1532 1065 1549 1102 :

332 1154 447 1210 Non
480 1156 679 1210 lectore
710 1155 822 1209 tuis
853 1171 988 1226 opus
1017 1160 1116 1221 est,
1151 1154 1242 1209 sed
1271 1156 1519 1226 Apolline
1549 1155 1731 1210 libris.

203 1262 316 1318 Sed
362 1260 677 1337 παρεργωέν
699 1260 1067 1333 ἤξπροοιμίων
1097 1260 1241 1322 ἅλις.
1270 1262 1429 1333 Opus
1456 1267 1621 1317 vocat
1644 1263 1859 1334 ipsum;

204 1357 260 1408 et
292 1356 555 1407 attentus
596 1366 915 1407 consessus
973 1352 1088 1407 dici
1119 1368 1152 1406 a
1178 1368 1271 1405 me
1302 1368 1537 1407 causam
1568 1358 1863 1423 exspectat

208 1458 313 1494 cur
345 1440 402 1494 in
437 1439 736 1508 ποιότητος
762 1439 1043 1495 vocabulo
1066 1457 1204 1505 non,
1240 1446 1304 1495 ut
1334 1440 1506 1511 vulgo
1538 1442 1861 1505 consuevit,

203 1531 530 1601 qualitatem
581 1531 682 1585 sed
730 1532 986 1598 regulam
1035 1529 1685 1585 intellexerim.Vereor
1706 1531 1861 1586 enim

209 1626 273 1675 ut
304 1621 458 1693 apud
489 1618 797 1692 plerosque
824 1620 966 1675 satis
1001 1621 1076 1673 sit
1103 1620 1542 1691 aliegare,quod
1562 1620 1866 1676 verissime

213 1728 481 1783 possum,
513 1710 893 1766 manifestum
928 1727 994 1764 ex
1021 1709 1385 1780 inspectione
1409 1711 1862 1780 praecedentium

206 1802 540 1865 verborum,
573 1799 685 1855 loci
728 1798 1080 1855 sententiam
1113 1799 1167 1852 id
1205 1798 1521 1869 ﬂagitasse.
1548 1799 1673 1853 Non
1706 1799 1864 1854 enim

215 1891 466 1945 deerunt
493 1890 593 1959 qui
625 1889 861 1959 exigant
891 1888 1065 1942 etiam
1100 1887 1497 1942 aberrationes
1556 1896 1610 1942 et
1660 1887 1863 1943 deliria
1896 1893 1942 1956 B
1977 1870 2116 1959 θῖν’

205 1977 574 2049 scriptorum
609 1976 681 2031 ab
715 1975 1128 2047 interpretibus
1177 1973 1468 2047 exprimi;
1502 1982 1673 2045 alque
1726 1976 1869 2030 adeo

212 2066 267 2121 in
307 2067 419 2121 isto
452 2081 665 2138 genere
689 2082 864 2136 quam
901 2064 1485 2136 superstitiosissime
1520 2064 1771 2135 ineptire
1806 2066 1869 2119 ti-

210 2157 339 2210 dern
396 2160 618 2209 vocent.
657 2157 759 2208 Ain
816 2154 991 2219 igitur
1031 2154 1337 2221 opinatum
1371 2170 1498 2208 esse
1538 2170 1630 2207 me
1656 2154 1867 2208 vidisse

212 2244 435 2307 aliquid
471 2245 698 2315 uspiam
738 2244 1156 2313 Pachymcrem
1190 2259 1305 2313 quo
1342 2248 1537 2296 motus
1569 2244 1636 2295 ad
1671 2243 1869 2296 existi-

217 2334 498 2388 mandum
517 2330 892 2400 sitaroiétmz
912 2330 1171 2400 regulam
1198 2331 1492 2385 interdum
1516 2331 1871 2402 significare,

210 2422 511 2493 istamque
546 2428 606 2476 ut
633 2419 801 2486 solet,
827 2421 1094 2490 quamvis
1121 2420 1642 2487 raram,notionem
1673 2420 1872 2474 oblata

208 2511 618 2583 qualicunque
680 2509 987 2565 occasione
1047 2525 1333 2580 usurpare
1385 2509 1711 2563 affectasse.
1745 2508 1869 2562 Non

212 2605 304 2656 est
349 2598 736 2655 inverisimile
785 2597 1872 2653 hominiobsoletorumverborumau-

211 2689 352 2761 cupi
384 2688 589 2743 talium
615 2686 981 2743 collectorem
1008 2691 1064 2741 et
1086 2692 1486 2742 euarratorem
1520 2686 1871 2758 diligantum

215 2777 567 2833 familiarem
601 2775 957 2848 Hesychium
1005 2776 1233 2833 fuisse:
1285 2776 1457 2845 cujus
1512 2776 1871 2831 vocabularii

212 2868 370 2923 haud
409 2866 581 2939 paulo
616 2866 969 2921 correctiora
1032 2864 1535 2936 Constantinopoli
1585 2871 1718 2919 ante
1767 2864 1873 2920 bos

221 2956 689 3028 quadringentos
722 2955 787 3026 [P
809 2955 933 3024 4H]
967 2971 1172 3021 annos,
1199 2954 1308 3008 hoc
1337 2958 1426 3009 est
1455 2958 1621 3008 aetate
1652 2953 1869 3024 Pachy-

220 3046 432 3116 meris,
458 3044 820 3115 exemplaria
852 3044 1033 3099 fuisse
1065 3060 1235 3111 qnam
1265 3042 1406 3097 illud
1445 3059 1511 3096 ex
1545 3060 1659 3114 quo
1692 3043 1869 3097 Aldus

212 3134 515 3189 Manutius
547 3133 868 3189 editionem
901 3132 1190 3204 expressit
1221 3148 1590 3199 suam,nemo
1610 3133 1870 3203 prudens

209 3222 1101 3293 dubitaverit.Suspicoritaque
1132 3221 1546 3293 Pachymerem
1588 3221 1646 3274 in
1695 3222 1870 3275 verba

208 3311 445 3381 ποιότης
478 3313 632 3384 apud
666 3311 1019 3382 Hesychium
1055 3309 1225 3380 longe
1257 3310 1413 3364 aliud
1445 3310 1658 3382 legisse
1688 3327 1865 3382 quam

209 3402 325 3457 hoc
356 3402 435 3456 ibi
468 3401 642 3456 hodie
662 3416 953 3473 apparens
977 3398 1199 3454 nullius
1222 3398 1390 3469 pretii
1418 3415 1429 3453 :
1456 3398 1692 3467 ΙΙοιότης
1714 3402 1865 3473 χρῶ-

213 3510 291 3560 μα
322 3486 498 3557 ἠδονή
536 3490 715 3549 νότος.
752 3490 897 3554 Quid
934 3505 1129 3558 quasso
1150 3490 1329 3556 νότος,
1386 3489 1525 3560 quid
1576 3484 1749 3556 ἠδονὴ
1792 3491 1863 3544 ad

207 3579 484 3648 ποιότητα
514 3580 541 3633 ?
571 3578 717 3644 Quid
752 3578 919 3633 illum
954 3578 1147 3649 ipsum
1179 3578 1431 3651 χρῶματ
1471 3594 1648 3649 quam
1673 3578 1862 3649 inopi~

209 3675 418 3724 natum
453 3673 534 3735 et,
582 3672 648 3723 ut
678 3667 857 3723 libere
887 3666 1099 3737 dicam,
1132 3663 1559 3741 ἀπροσδιόνυσον
1583 3667 1611 3721 ‘t
1652 3684 1717 3722 ac
1763 3685 1866 3738 pro

207 3758 331 3813 illis
364 3758 604 3830 quidem
635 3753 806 3825 ἡδονή
834 3755 991 3816 νότος
1053 3757 1449 3829 reponendum
1485 3757 1766 3828 putarim,
1797 3775 1867 3813 ex

203 3848 277 3903 iis
309 3863 440 3919 quae
468 3848 537 3902 ad
570 3847 813 3902 verbum
844 3844 1138 3920 γονικεύειν
1158 3847 1451 3915 adnotavi,
1484 3844 1519 3914 ἢ
1551 3844 1732 3921 γόνος,
1771 3846 1865 3918 μί-

200 3957 321 3997 τος.
383 3937 544 4001 Quod
580 3952 740 3993 nunc
766 3938 993 4003 attinet,
1022 3934 1224 4009 γρώμα
1256 3953 1358 4008 pro
1390 3934 1595 4010 χρῶμα
1646 3940 1704 3992 in
1756 3942 1864 3993 He~

203 4025 870 4098 sychioPachymeriano
898 4026 1164 4098 suspicor
1193 4027 1477 4097 scriptum
1497 4028 1859 4097 apparuisse.

204 4120 413 4172 Groma
442 4131 550 4170 vox
579 4119 669 4169 est
699 4131 767 4170 ex
782 4116 1297 4186 quaquiagrorum
1319 4116 1745 4171 metiendorum
1766 4134 1861 4171 ra-

208 4207 431 4261 tionem
458 4204 772 4273 tradidere,
804 4205 861 4258 in
898 4221 1082 4259 unum
1116 4204 1340 4259 collecti
1372 4221 1605 4276 corpus,
1630 4222 1862 4277 groma-

201 4295 304 4348 tici
358 4296 700 4366 scriptores,
765 4310 973 4349 nomen
1032 4294 1401 4349 invenerunt.
1464 4295 1566 4350 Est
1613 4295 1771 4351 enim
1806 4295 1861 4350 id

201 4384 591 4440 instrumenti
620 4384 976 4438 vocabulum
1008 4384 1124 4438 ista
1153 4384 1212 4438 in
1244 4388 1368 4438 arte
1414 4384 1709 4455 praecipui,
1745 4401 1861 4456 quo

201 4475 275 4527 ad
310 4472 653 4543 dirigendas
683 4472 941 4526 limitum
969 4472 1156 4527 lineas
1188 4472 1245 4526 in
1270 4476 1561 4528 terrarum
1596 4475 1863 4545 partione

203 4567 311 4617 aut
361 4561 731 4616 dimensione
790 4562 1131 4616 utebantur.
1175 4561 1371 4617 Groma
1395 4564 1515 4618 sive
1544 4580 1761 4633 gruma,
1798 4570 1863 4620 ut

197 4651 379 4723 vulgo
427 4649 743 4722 explicant,
802 4667 1061 4706 mensura
1120 4652 1383 4723 quaedam
1433 4656 1511 4706 est
1534 4670 1651 4722 qua
1697 4656 1863 4723 μαχεῖ

198 4740 307 4797 vis:
338 4740 409 4795 ad
469 4741 675 4796 lineam
721 4739 1070 4808 diriguntur,
1106 4745 1226 4807 aut,
1262 4746 1327 4795 ut
1379 4741 1606 4795 Nonius
1664 4742 1861 4812 habet,

196 4832 321 4887 loca
371 4829 559 4885 media
606 4828 667 4884 in
726 4846 843 4902 quae
882 4830 1107 4885 directa:
1166 4834 1404 4901 quatuor
1448 4837 1863 4903 congregantur

193 4920 327 4987 vita,
362 4919 517 4990 quod
553 4918 835 4974 nimirum
860 4918 1034 4974 inille
1065 4925 1264 4974 centro
1297 4920 1489 4990 campi
1520 4920 1859 4977 dimittendi

123 5019 139 5030 '
192 5009 635 5082 agrimensores
659 5024 902 5080 grumas
935 5025 1074 5064 suas
1096 5008 1553 5077 intenderent,et
1580 5009 1650 5064 iis
1672 5011 1860 5081 adiuti

1968 606 2050 660 uti
2076 625 2178 678 pro
2209 628 2274 667 eo
2299 615 2453 684 quod
2494 616 2711 671 ibidem
2747 633 2880 671 mox
2919 618 3181 672 cernitur
3222 636 3425 688 gruma
3461 620 3614 692 βασι-

1966 692 2093 763 λικῆ
2123 699 2320 771 γνώμη
2356 706 2766 773 reponendum
2792 707 3099 761 contendit
3129 724 3333 780 gruma
3382 705 3613 782 διόπτρα

1964 789 2277 856 τεκτονική.
2332 791 2577 847 Videtur
2634 793 2984 849 vocabulum

1967 890 2166 941 gruma
2198 895 2228 931 a
2262 880 2472 949 priscis
2506 882 2729 936 Latinis
2779 898 2847 937 ex
2904 882 3099 938 Grzcco
3129 884 3360 957 γράμμα
3410 886 3627 940 forma-

3084 796 3237 850 istud
3297 798 3610 869 antiquum

1970 967 2123 1018 tum.
2175 967 2275 1021 Est
2325 974 2519 1024 autem
2562 971 2812 1043 γράμμα,
2866 977 2931 1026 ut
2979 973 3103 1027 alia:
3134 974 3337 1039 glossae
3396 975 3629 1029 σπι-ωρο-

1973 1050 2190 1107 Latinae
2226 1061 2451 1111 veteres
2484 1060 2713 1125 docent,
2743 1058 2769 1111 ὁ
2803 1061 3041 1129 σταθμός
3086 1065 3409 1131 scripulum.
3444 1064 3621 1117 Scru-

1975 1140 2178 1210 pulum
2241 1148 2437 1199 autem
2496 1148 2615 1201 sive
2670 1148 3017 1217 scripulum,
3072 1154 3134 1204 ut
3166 1167 3234 1205 ex
3282 1150 3539 1205 Varrone
3569 1157 3625 1207 et

1972 1229 2292 1287 Columella
2324 1233 2491 1288 libris
2523 1237 2594 1291 de
2624 1252 2684 1291 re
2716 1237 2936 1291 rustica
2962 1237 3068 1291 viri
3112 1238 3265 1293 docti
3315 1240 3626 1311 colligunt,

1974 1332 2252 1376 mensura
2282 1324 2672 1393 estgadhiberi
2703 1325 2875 1380 solita
2895 1328 3204 1383 metiendis
3226 1330 3627 1400 agris,nempe

1970 1426 2170 1475 gruma
2203 1410 2323 1466 sive
2380 1430 2598 1485 groma,
2640 1432 2765 1485 quae
2798 1420 2923 1470 erat
2952 1417 3415 1473 instrumentum
3450 1421 3626 1489 cujus

1970 1513 2075 1566 Ope
2110 1498 2475 1569 dirigebatur
2498 1502 2705 1557 oculus
2737 1505 2806 1558 ad
2841 1504 3027 1559 lineas
3084 1507 3381 1561 ducendas
3429 1517 3625 1561 exacte

1974 1591 2186 1653 rectas,
2215 1590 2532 1659 promiscui
2571 1609 2714 1646 usus
2748 1594 3083 1649 architectis
3110 1600 3164 1649 et
3197 1596 3622 1666 agrimensori-

1977 1674 2108 1743 bus,
2145 1678 2298 1731 unde
2331 1674 2562 1751 διύπτρα
2590 1682 2874 1749 τεκτονική
2910 1682 3086 1750 dicta,
3118 1688 3183 1738 ut
3230 1684 3509 1739 vidimus.
3546 1686 3627 1739 Ex

1975 1762 2067 1818 his
2116 1763 2301 1836 liquet
2336 1784 2529 1835 groma
2568 1770 2685 1824 sive
2734 1786 2935 1838 gruma
2962 1771 3116 1826 idem
3142 1788 3271 1828 esse
3311 1774 3464 1843 quod
3489 1773 3630 1846 γνώ-

2179 1853 2441 1925 σταθμὸς,
2502 1852 2733 1930 διόπτρα
2777 1859 3084 1927 τεκτονική,
3126 1860 3473 1932 scriptulum
3508 1865 3629 1917 sive

1980 1941 2348 2013 scrupulum,
2382 1961 2511 2014 quas
2543 1947 2741 2002 omnia
2768 1948 3069 2003 vocabulis
3097 1949 3320 2005 Latinis
3359 1953 3625 2020 amassis,

1980 2047 2193 2085 normae
2225 2036 2435 2103 regula:
2472 2038 2920 2106 respondent,et
2947 2038 3342 2094 instrumenta
3394 2040 3626 2110 signiti-

1980 2125 2134 2185 cant,
2169 2123 2387 2192 quibus
2422 2126 2580 2178 visus
2605 2126 2899 2180 humanus
2932 2129 3001 2181 ad
3036 2128 3512 2196 diiudicationem
3549 2147 3627 2185 re-

1981 2210 2053 2262 cti
2097 2227 2129 2263 a
2159 2227 2331 2266 curvo
2365 2219 2463 2266 aut
2486 2215 2554 2266 ad
2579 2216 3038 2285 exe-quationem
3073 2219 3293 2288 obliqui
3331 2221 3399 2273 ad
3432 2229 3626 2276 exacte

1981 2298 2265 2353 directum
2302 2301 2487 2355 utitur
2518 2321 2532 2370 ;
2565 2305 2634 2357 ad
2662 2306 2815 2371 quod
2850 2322 2980 2358 cum
3008 2312 3162 2361 esset
3190 2325 3330 2361 usus
3353 2315 3629 2381 opportu-

1982 2403 2093 2441 nus
2149 2387 2567 2455 funiculorum,
2627 2394 2800 2446 etiam
2853 2392 3050 2465 γόνος,-
3089 2393 3243 2462 μίτος
3275 2397 3380 2452 hoc
3412 2399 3630 2453 instru-

1981 2480 2242 2532 mentum
2292 2478 2405 2533 dici
2442 2482 2671 2550 potuit;
2707 2499 2831 2552 quae
2881 2487 3055 2538 verba
3113 2485 3395 2555 Hesychia
3428 2487 3626 2545 funem

1980 2571 2192 2621 sonant
2211 2569 2725 2639 agrimensorium.
2765 2572 2935 2627 Porro
2967 2590 3101 2628 cum
3135 2576 3483 2646 Hesychius,
3519 2580 3623 2649 qui

1982 2658 2097 2709 tam
2134 2655 2318 2709 multa
2342 2657 2511 2711 nobis
2543 2658 2742 2729 ignota
2766 2668 3149 2717 monumenta
3173 2670 3365 2719 vetera
3383 2666 3627 2730 viderat,

1978 2742 2193 2798 alicubi
2219 2745 2363 2801 forte
2397 2750 2705 2817 reperissct
2744 2749 2853 2804 hoc
2883 2750 3368 2820 instrumentum,
3400 2754 3628 2829 γρώμαν

1979 2833 2099 2887 sive
2131 2834 2391 2906 γράμμαν
2411 2836 2653 2905 dictum;
2688 2837 2915 2906 troadem
2950 2847 3052 2895 aut
3096 2841 3363 2908 ποιότητα
3413 2848 3627 2911 vocari,

1978 2925 2166 2979 ethoc
2204 2926 2353 2980 inter
2372 2929 2638 2982 notiones
2674 2931 2979 2986 abstrusas
3003 2935 3443 3002 vocabulorum,
3474 2954 3624 3008 qua-

1978 3012 2062 3068 les
2094 3014 2436 3070 innumeras
2467 3033 2638 3087 opere
2672 3017 2769 3073 illo
2802 3037 2907 3074 suo
2966 3022 3398 3093 complectitur.
3433 3028 3629 3097 expri-

1980 3104 2255 3157 mendum
2292 3110 2580 3175 putasset,
2615 3108 2737 3161 ﬁeri
2773 3108 2938 3163 facile
2966 3110 3150 3180 potuit
3191 3117 3255 3165 ut
3308 3130 3375 3167 ex
3403 3130 3469 3168 eo
3527 3116 3631 3170 Pa-

1981 3190 2302 3263 chymeres,
2347 3199 2610 3265 captator
2661 3196 2913 3267 cupidus
2970 3199 3281 3255 verborum
3365 3203 3628 3258 inusitati

1982 3280 2375 3351 significatus,
2427 3281 2722 3352 ποιότητος
2775 3286 3121 3344 vocabulum
3183 3289 3291 3343 hoc
3341 3290 3467 3346 loco
3527 3310 3629 3363 pro

1978 3370 2177 3438 regula
2210 3372 2490 3440 posuerit.
2517 3376 2809 3428 Hactenus
2840 3375 3060 3446 scripta
3090 3392 3222 3432 cum
3256 3381 3625 3437 ostenderem

1978 3457 2379 3513 illustrissimo
2412 3460 2477 3515 D.
2514 3462 2708 3515 abbati
2736 3462 2971 3518 Octavio
3018 3465 3372 3531 Falconerio,
3436 3471 3627 3534 ipsius

1975 3563 2041 3602 ea
2071 3546 2446 3604 limatissimo
2472 3550 2693 3619 judicio
2733 3553 3381 3627 subjicicns,suggessit
3412 3558 3506 3612 ille
3538 3562 3621 3613 vi-

1976 3636 2097 3691 deri
2134 3642 2325 3706 posset
2358 3639 2665 3710 antiquum
2701 3642 3007 3696 Etruscum
3041 3645 3388 3701 vocabulum
3418 3650 3573 3718 piola
3597 3668 3625 3705 e

1976 3726 2170 3781 Graeco
2202 3726 2437 3795 ποιότης
2461 3730 2734 3800 exposita:
2766 3729 2860 3785 hic
2920 3732 3175 3787 notiouis
3225 3740 3443 3803 ortum,
3493 3755 3624 3807 pro-

1976 3814 2202 3868 miscuo
2261 3819 2401 3869 tunc
2460 3832 2570 3870 usu
2629 3818 2887 3885 gentium
2922 3821 3256 3888 ambarum,
3299 3828 3356 3878 et
3410 3825 3625 3881 Latinis

1974 3902 2095 3957 sive
2128 3902 2288 3958 Italis
2321 3904 2630 3975 permultis
2662 3906 3172 3981 Constantinopoli
3216 3916 3271 3967 et
3317 3912 3375 3967 in
3418 3915 3625 3969 multis

1974 3991 2105 4047 aliis
2136 3992 2448 4049 Orientalis
2479 3994 2707 4066 imperii
2729 3997 2941 4052 insulis
2972 4004 3028 4054 et
3058 4000 3200 4055 locis
3250 4004 3628 4075 peregrinan-

1973 4083 2133 4137 tibus
2156 4088 2257 4137 aut
2288 4084 2659 4155 degentibus,
2694 4091 2751 4141 et
2779 4087 3033 4143 vicissim
3069 4107 3184 4145 non
3219 4093 3423 4162 paucis
3471 4096 3625 4150 Gre-

1973 4172 2057 4225 cis
2092 4173 2253 4227 Pisas
2311 4178 2484 4244 atque
2542 4176 2833 4230 Etruriam
2895 4177 3248 4242 visentibus.
3280 4183 3437 4237 varie
3469 4199 3626 4239 com-

1974 4261 2325 4316 merciorum
2347 4263 2490 4317 vice.
2524 4263 2767 4320 Constat
2823 4282 2964 4321 sane
3020 4270 3177 4339 apud
3227 4270 3473 4326 Dantem
3508 4272 3627 4327 Ali-

1971 4350 2268 4421 gberium,
2328 4352 2637 4423 antiquum
2695 4358 2752 4409 et
2806 4355 3045 4411 maximi
3104 4359 3361 4415 nominis
3395 4366 3625 4432 poetam

1972 4437 2297 4507 Thuscum,
2319 4456 2519 4495 vocem
2548 4443 2702 4512 picta
2731 4460 2834 4514 pro
2859 4445 3003 4515 pede
3030 4448 3477 4518 usurpari.Vide
3495 4452 3625 4521 ejus

1970 4530 2254 4599 Iri/eruum
2275 4530 2384 4583 sub
2411 4530 2585 4586 ﬁnem
2620 4537 2827 4588 cantus
2855 4551 2971 4590 xix.
3006 4537 3279 4593 Vocabuli
3312 4544 3508 4594 autem
3530 4556 3625 4609 pes

1894 4637 1937 4700 υ
1969 4622 2023 4673 et
2049 4618 2571 4690 equivalentinum
2604 4623 2662 4676 in
2696 4624 2925 4679 cunctis
2965 4624 3185 4697 linguis
3237 4644 3342 4683 usu
3379 4634 3467 4683 est
3501 4630 3623 4684 fre-

1971 4708 2403 4777 quentissimus
2456 4710 2524 4764 ad
2588 4710 3040 4783 signiﬁcandam
3102 4732 3443 4773 mensuram
3502 4720 3625 4774 sive

1973 4796 2435 4853 instrumentum
2492 4800 2793 4858 metiendi.
2851 4802 3014 4859 Unde
3045 4804 3142 4860 ille
3186 4807 3363 4863 tritus
3397 4808 3618 4864 Horatii

1970 4902 2175 4941 versus
2195 4905 2207 4943 Ξ

2008 4977 2196 5032 Metiri
2233 4993 2290 5033 se
2336 4995 2604 5052 quemque
2659 4998 2755 5037 suo
2786 4983 3003 5041 module
3032 5002 3097 5041 ac
3124 4988 3259 5058 pede
3298 5004 3487 5045 verum
3517 5001 3618 5049 est.

1971 5066 2249 5135 Ejusdem
2284 5068 2516 5139 generis
2559 5075 2616 5125 et
2670 5072 2928 5128 nominis
2987 5081 3153 5131 erant
3222 5077 3625 5137 instrumenta

188 5099 282 5153 vel
314 5098 503 5153 lineas
526 5098 639 5169 ipsi
666 5098 873 5170 primis
903 5103 1090 5153 rectas
1113 5100 1493 5169 designarent
1514 5098 1862 5156 velcurvita-

187 5193 380 5243 tatcm
430 5188 589 5259 prius
627 5189 1057 5259 descriptarum
1120 5189 1549 5261 deprehensam
1607 5191 1857 5262 corrige-

186 5283 348 5334 rent.
376 5280 630 5333 Istorum
654 5276 805 5332 hanc
836 5278 1125 5333 actionem
1174 5278 1428 5348 expresit
1459 5278 1688 5333 Ennius
1729 5296 1860 5335 cum

184 5382 457 5439 grumam
510 5366 775 5438 dirigere,
809 5366 1070 5438 scripsit.
1105 5369 1167 5422 In
1200 5366 1519 5423 Glossariis
1560 5370 1861 5427 veteribus

182 5459 268 5513 ab
302 5454 552 5512 Henrico
572 5456 870 5529 Stephano
895 5462 952 5511 et
974 5456 1673 5515 BonaventuraVulcanio
1687 5460 1862 5516 editis

181 5546 413 5619 legitur
439 5562 638 5616 gruma
664 5544 922 5620 γνώμων.
955 5548 1121 5604 Unde
1149 5549 1392 5603 verbum
1425 5552 1671 5618 grumat,
1706 5550 1862 5621 quod

180 5639 275 5696 ibi
308 5637 633 5710 explicatur
664 5653 766 5709 per
795 5636 896 5693 illa
926 5638 1125 5694 Graaca
1176 5643 1381 5713 μετρεῖ,
1444 5636 1635 5709 ἐξισοῖ.
1684 5642 1861 5698 Paulo

182 5732 333 5803 post
363 5728 442 5783 ibi
477 5728 718 5801 ponitur
744 5728 1001 5801 grumari
1028 5726 1394 5804 καταστρέψαι
1438 5733 1708 5804 Δορῶται,
1755 5748 1860 5803 pro

1972 5155 2169 5226 plures
2202 5156 2379 5212 simul
2423 5160 2599 5229 pedes
2630 5161 3027 5231 demetientia,
3072 5166 3135 5237 [Ρ
3165 5168 3289 5239 412]
3326 5186 3452 5241 quae
3520 5189 3624 5242 pro

1973 5245 2195 5300 ratione
2226 5248 2480 5315 numeri,
2514 5254 2741 5306 retento
2775 5253 2939 5323 pedis
2986 5257 3243 5325 nomine,
3294 5259 3625 5332 distingue-

1972 5336 2203 5390 bantur.
2229 5339 2308 5390 Ex
2339 5336 2431 5392 his
2484 5344 2609 5393 erat
2649 5342 3008 5413 decempeda
3066 5346 3444 5404 dimetiendis
3504 5352 3624 5407 usi-

1971 5428 2092 5481 tata
2123 5426 2447 5497 porticibus
2479 5444 2547 5484 ex
2578 5430 2813 5487 Horatio
2846 5435 3079 5489 eodem:

2529 5590 2697 5645 Nulla
2729 5593 3075 5664 decempedis

2436 5666 2643 5718 .‘lletata
2669 5665 2903 5735 privatis
2935 5683 3157 5737 opacam

2377 5738 2633 5791 Porticus
2670 5740 2983 5809 excipiebat
3004 5743 3226 5799 Arcton.
