4248 6438
626 379 764 436 1059

1685 370 1744 421 Ρ.
1787 363 2065 419 POBSINI
2099 354 2719 414 OBBERVATIONUM
2755 354 2891 408 LIB.
2933 356 2978 406 Ι.

3898 352 4045 408 1060

621 503 775 563 590
800 500 969 565 Nam,
1003 499 1069 552 ut
1116 512 1297 568 supra
1325 493 1603 561 vidimus,
1632 485 1965 545 architectis
2005 487 2062 540 et
2112 479 2270 553 agri-
2300 479 2355 546 Α
2383 479 2475 568 vir
2525 476 2886 533 Theodosius
2931 480 3192 544 vocatur,
3244 476 3331 531 uti
3362 480 3417 531 et
3447 492 3497 531 ο.
3521 476 3611 544 22,
3647 475 3685 533 l.
3718 492 3779 531 ιι.
3815 476 3897 531 Ex
3947 477 4046 532 his

623 588 993 648 mensoribus
1016 583 1418 641 commmunia
1446 584 1614 636 erant
1662 573 2003 647 hujusmodi
2052 572 2273 626 instru-

626 684 825 736 menta
856 689 1292 732 mensurarum.
1326 671 1471 735 Quia
1504 684 1673 739 porro
1726 666 2073 737 plerumque
2117 660 2181 713 fit
2212 663 2275 712 ut

632 783 923 825 mensurae
955 780 1165 819 nomen
1198 760 1279 815 rei
1309 761 1659 814 mensuratae
1683 754 2001 817 tribuatur,
2035 755 2091 804 et
2118 748 2273 803 dica-

630 866 728 914 tur
783 853 1033 926 exempli
1083 850 1271 924 gratia
1326 864 1419 919 pes
1477 845 1887 915 terr$,palmus
1950 840 2069 895 sive
2141 839 2277 891 ulna

626 946 819 1020 panni,
851 950 983 1013 etc.,
1016 942 1098 996 ita
1127 940 1393 995 videmus
1427 935 1699 992 Italicum
1724 929 2071 988 vocabulum
2130 928 2278 998 plola

627 1044 794 1093 terras
823 1032 1119 1089 interdum
1165 1027 1365 1093 tribui,
1397 1027 1543 1081 forte
1595 1041 1664 1079 ex
1695 1019 2061 1077 dimensione
2124 1016 2276 1087 agri-

632 1125 926 1181 mensoria
994 1120 1162 1190 cujus
1221 1118 1682 1172 iustrumentum
1739 1114 1891 1182 piola
1951 1110 2275 1163 vocaretur.

630 1218 808 1281 Piota,
842 1212 1009 1267 aiunt
1039 1212 1308 1263 auctores
1340 1201 1771 1260 accuratissimi
1804 1197 1993 1254 Lexici
2026 1193 2277 1260 Etrusci,

629 1306 868 1361 diciamo
913 1299 969 1355 la
998 1298 1141 1354 zotla
1188 1294 1247 1350 di
1304 1299 1454 1349 terra
1505 1292 1598 1348 ohe
1629 1290 1757 1346 abin
1808 1304 1928 1343 seco
1970 1285 2155 1341 l’erba.
2192 1282 2278 1336 Ad

632 1394 788 1466 quod
821 1391 1004 1447 citant
1024 1387 1208 1443 Pietro
1245 1386 1421 1439 Veteri
1454 1381 1701 1438 Tratiato
1724 1396 1799 1445 v1,
1832 1378 1887 1432 in
1916 1377 2035 1431 haec
2064 1374 2277 1427 verba:

633 1489 757 1542 Non
799 1494 1039 1550 vengono
1069 1495 1107 1533 a
1163 1478 1277 1531 star
1304 1474 1466 1529 molto
1506 1474 1638 1540 fuor
1676 1470 1823 1525 della
1856 1476 2001 1522 terra
2044 1479 2142 1532 per
2185 1478 2277 1516 ca-

634 1573 786 1628 varsi
810 1570 901 1625 del
926 1566 1280 1623 semenzario
1310 1579 1409 1619 con
1439 1578 1584 1630 esse,
1615 1560 1727 1615 ciee
1760 1561 1817 1613 in
1834 1573 1948 1635 u_na
1977 1554 2135 1626 piota
2166 1556 2275 1606 etc.

632 1664 795 1717 Picta
826 1654 1168 1729 ergoItalice
1196 1654 1351 1708 idem
1369 1652 1521 1722 quod
1542 1650 1827 1721 pes,unde
1847 1645 2278 1700 etinstrumen-

634 1757 759 1807 tum
777 1748 935 1821 agris
949 1744 1261 1801 metiendis
1285 1742 1507 1797 dictum
1530 1741 1612 1796 sic
1638 1738 1895 1803 fuerit,et
1914 1751 2020 1789 vox
2044 1730 2275 1799 ποιότης

2386 566 2673 622 habemus
2698 568 2778 620 ita
2808 566 2994 620 fuisse
3026 564 3314 636 pecullare
3362 566 3640 636 Principis
3675 581 3889 620 nomen
3940 566 4050 636 dy-

2385 656 2571 712 nastis
2604 654 3010 724 Pe10ponnesi,
3046 658 3107 708 ut
3138 671 3239 725 pro
3279 654 3563 709 vocabulo
3587 654 3819 709 familia:
3843 654 4048 708 adhae-

2388 752 2533 800 reret
2568 744 2819 815 singulis
2851 760 2917 797 ex
2948 760 3014 797 ea
3048 743 3220 797 domo
3255 742 3576 814 prognatis,
3610 759 3721 798 usu
3762 742 4045 797 videlicrt

2387 834 2742 897 Graecorum,
2759 847 2957 887 verum
2976 837 3033 886 et
3054 830 3267 903 gentile
3294 846 3504 887 nomen
3521 830 3683 886 illius
3702 832 3909 903 stirpis
3922 831 4044 886 ori-

2388 923 2522 994 gine
2552 921 2841 976 Francicae
2872 920 3045 992 vulgo
3070 937 3243 975 nosse
3274 919 3471 976 minus
3487 921 4046 992 curantium,quan-

2390 1028 2565 1084 quam
2589 1009 2730 1064 illud
2768 1009 3054 1065 doctiores
3085 1026 3197 1065 non
3233 1009 3544 1064 nescirent.
3577 1009 3722 1064 Nam
3756 1009 4051 1081 Georgius

2388 1100 2739 1173 Acropolita,
2770 1102 3033 1156 Historia:
3090 1117 3207 1155 suae
3242 1116 3291 1153 c.
3350 1100 3437 1165 48,
3501 1100 3754 1155 Archaie
3798 1106 3853 1155 et
3882 1100 4053 1155 Pelo-

2390 1191 2634 1265 ponnesi
2668 1191 2991 1264 principem
3030 1186 3359 1263 Βιλαρδουΐν
3399 1190 3800 1246 Villarduinem
3853 1192 4051 1246 nomi-

2391 1286 2593 1337 natum
2621 1282 2802 1335 docet.
2832 1279 3117 1351 Gregoras
3144 1296 3279 1334 vero
3310 1278 3349 1332 l.
3388 1296 3489 1346 vn,
3523 1298 3578 1352 p.
3636 1281 3757 1347 109,
3801 1280 4053 1335 titulum

2391 1370 2678 1442 Principis
2702 1369 3598 1441 Peloponnesoimperitantibus
3626 1370 3928 1423 tributum
3965 1369 4051 1423 ait

2380 1462 2507 1533 jam
2535 1478 2567 1514 a
2597 1467 2855 1531 tempore
2887 1458 3471 1531 ConstantiniMagni,
3500 1458 3584 1513 uti
3605 1464 3661 1513 et
3682 1458 4053 1513 Athenarum

2391 1551 2649 1621 dynaste
2684 1565 2898 1602 nomen
2930 1548 3129 1620 magni
3162 1548 3331 1603 ducis
3354 1552 3409 1602 et
3441 1548 3768 1603 Thebarum
3804 1549 4055 1603 Boeotia-

2392 1657 2520 1694 rum
2556 1638 2794 1693 domino
2827 1637 3279 1709 appellationem
3310 1637 3506 1709 magni
3538 1637 3855 1708 primicerii
3880 1637 4057 1710 μεγά-

2389 1724 2491 1780 λου
2521 1745 2883 1799 πριμικτ,ρου,
2919 1742 3047 1798 qum
3080 1731 3282 1797 postea
3315 1743 3427 1780 usu
3455 1726 3611 1798 vulgi
3672 1728 3729 1781 in
3799 1726 4055 1799 μεγάλου

632 1840 810 1896 (ἓνωοί
862 1838 962 1894 aevi
1014 1834 1306 1905 sequioris
1400 1831 1597 1885 eadem
1655 1827 1890 1883 notione
1969 1825 2277 1892 usurpata,
2315 1816 2579 1919 Βκυρίου
2641 1815 3141 1886 nuncupationem
3187 1816 3662 1886 degeneraverit;
3752 1816 4057 1871 obtinenti

633 1931 813 1985 istum
847 1942 1019 1981 usum
1047 1922 1331 1994 Hesychia
1350 1924 1587 1975 notante
1620 1923 1675 1971 et
1695 1916 2042 1985 Pachymere
2066 1910 2284 1966 exscri-

634 2019 834 2082 bente,
870 2016 1042 2086 prout
1072 2012 1357 2066 hactenus
1394 2008 1673 2075 diximus,
1726 2022 1839 2059 non
1901 2002 2283 2064 affirmantes,

635 2109 738 2164 sed
771 2111 1098 2176 quaerentes
1124 2100 1373 2171 etquasi
1410 2099 1699 2153 micantes
1744 2098 1800 2150 in
1826 2092 2105 2149 tenebris.

709 2212 1008 2285 Πράγματα
1093 2226 1148 2279 p.
1222 2207 1344 2260 448.
1404 2205 1521 2259 Hoc
1608 2204 1731 2258 loco
1817 2218 1924 2256 vox
1998 2198 2290 2271 πράγματα

636 2301 895 2360 similem
944 2297 1239 2354 notionem
1304 2296 1482 2351 habet
1545 2294 1674 2363 ejus
1705 2293 1775 2347 de
1830 2307 1948 2361 qua
1978 2289 2289 2343 adnotasse

635 2390 858 2463 aiiquid
918 2387 1159 2442 memini
1218 2383 1459 2439 scholiis
1519 2384 1590 2437 ad
1646 2380 1920 2435 Catenam
1954 2378 2287 2433 Graecorum

635 2489 877 2538 Patrum
911 2478 968 2532 in
993 2474 1379 2547 Evangeiium
1407 2473 1464 2528 S.
1494 2470 1694 2526 Marci.
1728 2469 1912 2536 brevi,
1935 2467 2048 2521 nisi
2082 2465 2288 2519 litterae

631 2572 961 2627 amicorum
983 2566 1215 2631 fallunt,
1250 2561 1505 2618 Parasiis
1533 2560 1844 2616 edendam.
1878 2556 2171 2619 Similem,
2199 2554 2285 2606 in-

638 2676 841 2733 quam,
874 2673 989 2711 non
1023 2655 1178 2709 enim
1211 2651 1517 2725 pecuniam
1567 2653 1885 2720 signatam,
1942 2645 2042 2700 sed
2096 2644 2286 2713 signa,

636 2732 797 2819 vasa,
830 2762 1096 2819 gemmas
1128 2748 1184 2799 et
1214 2743 1343 2813 ejus
1374 2740 1605 2813 generis
1635 2737 1951 2809 pretiosam
1984 2738 2041 2789 et
2064 2732 2287 2804 specio-

636 2857 764 2897 sam
823 2833 1247 2908 supellectilem
1306 2831 1397 2886 hic
1455 2847 1522 2884 eo
1571 2829 1746 2883 verbo
1804 2825 2101 2896 designari
2177 2821 2289 2876 loci

639 2928 988 2985 sententiam
1014 2923 1209 2995 exigit.
1235 2922 1315 2977 De
1346 2936 1407 2976 re
1437 2918 1566 2991 ipsa
1588 2918 1680 2972 hic
1700 2914 2199 2981 indicata,hocest
2218 2912 2290 2965 de

639 3021 803 3076 clade
836 3015 1038 3073 Isaacii
1071 3011 1521 3084 Augusti,cujus
1544 3006 1850 3063 occasione
1882 3006 1995 3059 ista
2026 3001 2291 3058 venerint

637 3114 695 3168 in
726 3100 1765 3182 potestatemBulgarorum,dicimus
1800 3099 1856 3151 in
1894 3095 2050 3150 notis
2070 3094 2139 3148 ad
2157 3109 2287 3148 eum

636 3202 851 3257 locum.
895 3203 1006 3251 Pro
1040 3211 1174 3250 voce
1203 3188 1477 3246 κάλλιστα
1501 3191 1559 3245 in
1585 3190 1712 3245 cod.
1765 3185 2085 3242 Barberino
2133 3182 2287 3253 lege-

636 3292 811 3345 batur
846 3284 1104 3359 μᾶλιστα,
1139 3283 1238 3337 sed
1274 3286 1329 3335 et
1360 3281 1417 3334 in
1442 3278 1710 3348 ejusdem
1772 3292 1873 3330 ora
1903 3273 2122 3329 codicis
2151 3267 2290 3323 κάλ-

636 3378 796 3433 λιστα
822 3381 1101 3445 tanquam
1128 3371 1318 3426 verior
1349 3368 1517 3423 lectio
1548 3363 2017 3437 agnoscebatur;
2062 3366 2119 3414 et
2154 3375 2288 3414 cum

636 3482 765 3523 eam
819 3462 1005 3519 solam
1059 3460 1320 3531 Optimus
1389 3464 1445 3512 et
1493 3456 1618 3526 ipse
1648 3454 1826 3508 codex
1865 3451 2195 3505 Allatianus
2228 3447 2289 3503 in

638 3558 975 3613 contextum
1009 3550 1434 3621 reciperet,non
1455 3543 1715 3599 dubitavi
1750 3542 1891 3613 quin
1931 3538 2293 3612 praeferenda

638 3651 813 3704 esset.
840 3646 1159 3699 Vaticanus
1192 3640 1369 3696 solita
1400 3629 2289 3702 securitateutramqueomittit.

639 3738 919 3793 Convenit
951 3738 1142 3788 autem
1179 3730 1524 3799 adjunctum
1558 3723 1829 3778 κάλλιστα
1858 3722 2001 3777 satis
2046 3724 2177 3792 apte
2218 3718 2290 3772 ad

642 3825 1093 3899 significandam
1129 3820 1383 3891 speciem
1410 3817 1702 3888 insignem
1764 3828 2014 3879 corona,
2054 3807 2290 3879 sceptri,

643 3930 917 3970 vasorum
952 3920 1285 3974 aureorum‘,
1320 3905 1644 3978 torquium,
1670 3901 2001 3969 monilium,
2030 3912 2293 3970 gemma-

648 4022 777 4060 rum
814 4001 1185 4071 vestiumque
1214 3996 1751 4067 imperatoriarum,
1776 4008 1903 4062 qum
1918 3990 2027 4044 hoc
2050 3992 2173 4043 loco
2197 3988 2296 4042 dc-

647 4096 959 4165 signantur
988 4090 1166 4143 verbo
1212 4082 1574 4160 πραγμάτων.
1636 4082 1782 4137 Galli
1829 4080 2003 4135 hodie
2059 4098 2168 4134 usu
2212 4081 2297 4134 si-

654 4182 779 4238 mili
832 4183 1039 4234 vocant
1068 4178 1220 4249 eﬂ'els
1249 4191 1339 4229 res
1376 4174 1557 4245 pretio
1581 4172 1921 4239 aestimatas,
1956 4174 2128 4240 prout
2172 4170 2297 4224 dis-

641 4274 1003 4343 tinguuntur
1033 4285 1065 4322 a
1098 4264 1283 4338 pretio
1316 4264 1442 4335 ipso
1474 4267 1531 4317 et
1552 4259 1831 4315 nummis.

715 4380 801 4451 [1),
860 4375 984 4445 413]
1046 4371 1284 4446 ΙῙρίγκιψ
1359 4366 1449 4422 καί
1502 4366 1797 4442 ΙΙρὶντζης,
1888 4382 1941 4437 ρ.

648 4468 908 4542 plurium
941 4464 1239 4535 suffragiis
1270 4461 1630 4515 destinatum
1670 4456 2091 4530 patriarchatui
2150 4455 2299 4511 Con-

640 4553 1163 4627 stantinopolitano
1197 4552 1377 4607 fuisse
1406 4548 1763 4604 monachum
1798 4546 2035 4601 nomine
2078 4545 2298 4600 Princi-

646 4664 777 4720 pem
828 4663 897 4700 ex
940 4642 1163 4698 familia
1218 4640 1556 4710 Principum
1625 4636 2031 4706 Peloponnesi.
2069 4636 2195 4703 Agit
2231 4637 2300 4690 de

642 4737 845 4792 eodem
882 4734 919 4788 l.
954 4750 1039 4801 ιιι,
1074 4750 1123 4787 c.
1158 4733 1212 4795 3,
1247 4731 1476 4795 Noster,
1503 4729 1642 4782 dum
1665 4727 1822 4780 hunc
1852 4728 1921 4779 ab
1946 4727 2297 4796 imperatore

648 4827 899 4881 missum
932 4822 1011 4876 ait
1036 4823 1105 4876 ad
1132 4819 1357 4875 Challia
1407 4817 1740 4873 Tacborum
1776 4814 2161 4870 Orientalium
2196 4816 2299 4887 dy-

650 4920 877 4971 nastam
909 4911 1226 4967 deduxisse
1257 4908 1439 4963 ﬁliam
1479 4906 1721 4961 notham
1762 4904 2129 4975 imperatoris
2186 4905 2298 4976 ipsi

642 5005 862 5061 Chalau
898 5005 1252 5073 desponsam
1281 5017 1294 5067 ;
1328 5003 1670 5069 quaetamen
1692 5013 1824 5051 cum
1840 5012 1905 5050 eo
1921 4996 2298 5067 pervenisset,

644 5100 873 5166 reperto
911 5097 1143 5147 mortuo
1187 5088 1430 5154 Chalau,
1473 5090 1601 5156 ejus
1656 5085 1777 5139 ﬁlio
1828 5091 1884 5138 et
1941 5084 2302 5139 succcessori

644 5189 855 5256 Apagae
881 5182 967 5237 vel
1021 5179 1278 5252 Apagani
1335 5176 1623 5249 nupserit.
1679 5174 1869 5229 Verba
1926 5174 2303 5246 Pacbymcris

646 5273 953 5341 ΒυηῐεΤῷ
1020 5271 1113 5342 μὲν
1205 5264 1429 5321 Χαλαοῦ
1490 5265 1624 5336 μετᾶ
1649 5267 1745 5317 τοῦ
1794 5261 2044 5337 μονοιχοῦ
2074 5263 2160 5316 καὶ
2222 5263 2301 5316 ἱε-

644 5362 779 5438 ρέως
830 5360 1135 5434 Πρίγκιπος
1172 5353 1413 5430 ἐξεδίδου
1439 5355 1537 5423 τὴν
1572 5353 1629 5406 ἐκ
1658 5360 1759 5421 τῆς
1802 5346 2304 5421 Διπλοϐατατζίνης

640 5474 703 5528 sx
749 5450 958 5511 νοθείας
1013 5446 1180 5503 παῖδα
1231 5445 1465 5522 Μαρίαν·
1518 5445 1608 5497 καὶ
1662 5445 1689 5497 6
1736 5442 1978 5518 ΙΙρίγκιψ
2027 5443 2305 5517 ἀρχιμαν-

640 5541 831 5617 δρίτης
894 5535 966 5593 ὧν
1026 5541 1149 5594 τότε
1200 5544 1299 5606 τῆς
1355 5540 1453 5590 τοῦ
1505 5532 1947 5609 παντοκράτορος
1986 5536 2305 5605 μονῆς,εὶο.

640 5635 696 5689 Is
728 5636 934 5704 postea
987 5636 1221 5685 creatus
1262 5626 1665 5683 Antiochenus
1710 5622 2046 5697 patriarcha
2086 5623 2305 5677 ibidem

642 5723 887 5790 dicitur,
949 5725 1007 5777 et
1066 5736 1161 5777 res
1222 5722 1502 5775 narratus
1532 5715 1683 5773 591
1738 5713 1777 5769 1.
1810 5730 1887 5784 v1,
1921 5728 1971 5782 c,
1994 5712 2049 5785 5,
2097 5712 2198 5769 ubi
2221 5711 2313 5768 hic

2030 4365 2153 4419 402.
2207 4364 2300 4419 Ait

2395 1906 2648 1977 denique
2680 1904 2935 1959 Siciliam
2971 1905 3125 1975 regis
3157 1920 3393 1959 nomen.
3430 1903 4057 1976 Ridicule,quasijam

2397 2004 2523 2052 tum
2558 1998 2726 2050 aetate
2758 1994 3124 2049 Constantini
3152 1993 3347 2065 Magni
3372 1992 3593 2063 Sicilia,
3616 1994 3848 2058 Thebaa,
3882 1995 4065 2049 Athe-

2399 2104 2504 2155 na,
2529 2085 2963 2155 Peloponnesus
2997 2083 3198 2136 avulsa
3221 2100 3254 2137 a
3280 2099 3518 2153 corpore
3552 2084 3896 2138 Romaniim
3910 2084 4061 2155 perii

2397 2176 2664 2247 dynastis
2685 2172 2937 2246 propriis
2968 2172 3431 2243 subessent,non
3465 2173 3636 2226 modo
3670 2172 3725 2226 id
3763 2172 4065 2228 tolerante

2398 2282 2555 2320 novre
2590 2264 2784 2319 Roma:
2811 2261 3131 2329 conditore,
3158 2262 3257 2316 sed
3292 2260 3493 2331 etiam,
3536 2262 3583 2316 si
3639 2262 3892 2333 superis,
3932 2262 4062 2334 pla-

2398 2358 2509 2423 cet,
2541 2353 2686 2408 istos
2715 2351 2946 2423 regulos
2976 2350 3189 2421 amplis
3222 2350 3506 2406 honorare
3552 2350 4065 2423 appellationibus

2398 2448 2662 2498 curante.
2722 2442 2898 2497 Porro
2953 2440 2990 2494 Ι.
3050 2456 3135 2504 m,
3191 2457 3240 2493 c.
3303 2440 3390 2507 16,
3423 2440 3574 2494 hanc
3629 2456 3831 2495 vocem
3886 2440 4067 2496 aliter

2398 2532 2779 2603 Pacbymeres
2838 2528 3043 2584 scribit
3088 2528 3147 2581 in
3180 2528 3274 2583 his
3333 2528 3565 2583 verbis:
3630 2527 4069 2603 Καθημερινοὺς

2397 2618 2823 2693 πολέμουςπρὸς
2905 2618 2996 2671 τὸν
3056 2615 3322 2691 Πρίντζην
3396 2615 3575 2691 ἐξῆγε.
3635 2618 3937 2689 Loquitur
3994 2619 4070 2673 de

2399 2712 2860 2769 sebastocratore
2893 2708 3073 2763 frater
3099 2707 3473 2779 imperatoris
3524 2708 3678 2762 circa
3708 2706 4064 2762 Monemba-

2399 2804 2547 2859 siam
2582 2798 2943 2872 quotidianis
2973 2796 3415 2852 velitationibus
3451 2797 3732 2851 adversus
3769 2796 4063 2869 Pelopon-

2400 2893 2522 2949 nesi
2556 2889 2885 2960 Principem
2918 2889 3285 2956 decernente,
3308 2902 3483 2958 quem
3520 2883 3791 2961 Πρίντζην
3841 2887 4069 2941 Printi-

2398 2999 2521 3038 zem
2554 2985 2737 3046 vocat,
2772 2976 3053 3032 vocabulo
3087 2975 3360 3048 proprius
3392 2976 3702 3031 accedente
3737 2976 3809 3031 ad
3857 2992 4068 3031 vocem

2401 3072 2771 3128 Franciscam
2806 3067 3023 3133 Prince,
3047 3083 3223 3137 quam
3258 3065 3517 3120 Francici
3554 3074 3689 3120 tunc
3725 3065 3938 3121 incolas
3968 3066 4071 3121 Pe-

2401 3160 2701 3232 loponnesi
2732 3157 3035 3229 proprium
3071 3154 3377 3211 dominum
3402 3154 3819 3225 indigitabant.

2473 3279 2790 3359 Προϐολεύς
2852 3300 2907 3352 p.
2942 3283 3066 3336 482.
3109 3280 3317 3335 Merito
3350 3280 3444 3335 hic
3492 3280 3716 3335 Veccus
3744 3278 3813 3333 τὸ
3848 3276 4074 3355 προϐο-

2401 3373 2527 3435 λεὺς
2587 3372 2661 3433 εἷς
2715 3372 2777 3426 τὸ
2834 3367 3009 3432 αἶ’τιος
3062 3362 3490 3440 μεταλαμϐάνει,
3540 3369 3649 3424 hoc
3693 3374 3807 3439 est,
3870 3369 4078 3427 inesse

2398 3464 2683 3520 vocabulo
2742 3455 3052 3535 προϐολεύς
3112 3459 3230 3513 vim
3304 3460 3722 3530 notionemque
3784 3459 4075 3531 principii

2399 3556 2569 3611 activi
2602 3570 2666 3607 ac
2688 3568 2877 3607 causae
2909 3549 3319 3605 contendebat.
3340 3548 3433 3602 Sic
3463 3548 3616 3602 enim
3673 3547 3843 3615 plane
3898 3566 4073 3604 eam-

2401 3648 2533 3701 dem
2585 3659 2781 3698 vocem
2831 3639 3120 3695 intellexit
3166 3644 3223 3693 et
3246 3638 3553 3708 usurpavit
3598 3640 3926 3709 Gregorius
3950 3644 4069 3693 Na-

2396 3736 2733 3797 zianzenus,
2787 3730 3059 3785 Oratione
3115 3728 3185 3782 de
3239 3726 3404 3791 Filio,
3453 3727 3512 3782 in
3560 3727 3653 3781 bis
3683 3728 3921 3783 verbis:
3959 3727 4069 3784 Καὶ

2399 3824 2561 3878 τοῦτό
2611 3820 2750 3875 ἐστιν
2797 3820 2934 3889 ἡμῖν
2983 3817 3010 3870 ὁ
3062 3816 3246 3889 Πατὴρ
3295 3814 3387 3869 καὶ
3436 3816 3464 3868 6
3499 3816 3624 3877 Υἱὸς
3666 3814 3855 3868 καὶτὸ
3913 3816 4073 3892 ἅγιον

2404 3916 2643 3983 Πνεῦμα,
2676 3910 2703 3963 6
2740 3908 2833 3980 μὲν
2860 3908 3166 3980 (nimirum
3210 3907 3395 3977 Pater)
3458 3905 3735 3978 γεννήτωρ
3786 3904 3883 3959 καὶ
3939 3926 4079 3978 προ-

2404 3997 2601 4063 ϐολεὺς
2657 3998 2827 4071 (λέγω
2871 3994 2929 4050 δὲ
2958 3996 3179 4058 ἀπαθῶς
3243 3992 3333 4047 καὶ
3393 3992 3644 4067 ἀχρόνως
3700 3994 3792 4047 καὶ
3845 3995 4081 4067 ἀσωμά-

2403 4092 2557 4160 tunc),
2610 4092 2717 4141 τῶν
2774 4083 2832 4140 δὲ
2892 4089 2968 4157 (et
3000 4085 3129 4140 Filii
3184 4093 3238 4139 et
3292 4084 3544 4154 Spiritus
3604 4084 3815 4153 sancti)
3874 4084 3944 4138 τὸ
3982 4084 4081 4156 μὲν

2405 4182 2673 4254 γέννημα,
2731 4176 2793 4230 τὸ
2854 4172 2911 4228 δὲ
2966 4168 3292 4246 πρόϐλημα.
3332 4172 3449 4228 Ubi
3481 4172 3635 4227 clare
3657 4172 3830 4227 Pater
3881 4193 4083 4245 γεννη-

2403 4289 2516 4343 τωρ
2550 4268 2679 4323 Filii
2721 4266 2943 4333 aeterni,
2978 4257 3289 4335 προϐολεύς
3321 4265 3518 4316 autem
3552 4261 3739 4316 sancti
3805 4262 4083 4333 Spiritus

2409 4360 2644 4426 dicitur,
2677 4354 2935 4411 vicissim
2970 4360 3165 4409 autem
3201 4351 3379 4406 Filius
3412 4350 3598 4405 Patris
3627 4349 3906 4423 γέννημα,
3944 4354 4082 4426 spi-

2410 4450 2560 4504 ritus
2587 4452 2779 4502 autem
2814 4447 3053 4501 sanctus
3085 4441 3348 4512 ejusdem
3379 4432 3706 4511 πρόϐλημα.
3740 4441 3826 4495 Ex
3849 4443 4085 4512 quibus

2414 4543 2574 4611 patet
2602 4537 2842 4591 verbum
2866 4527 3206 4607 προϐάλλειν
3221 4548 3335 4586 non
3357 4546 3779 4601 quamcunque
3803 4531 4087 4589 emissio-

2332 4599 2383 4663 θ
2413 4644 2544 4683 nem
2580 4627 2775 4681 Latine
2807 4623 3161 4695 significare,
3194 4621 3294 4675 sed
3327 4637 3455 4675 eam
3489 4636 3618 4691 qua:
3651 4599 3729 4673 sit
3781 4636 3924 4676 cum
3988 4622 4082 4676 in-

2408 4719 2565 4774 ﬂuxu
2602 4715 2783 4771 activo
2816 4714 3165 4784 conjuncta;
3190 4710 3383 4782 qualis
3397 4714 3488 4765 est
3506 4709 3746 4765 emissio
3764 4726 4085 4766 ramorum

2408 4826 2477 4863 ex
2504 4808 2734 4861 vivente
2758 4809 2987 4859 trunco.
3022 4801 3293 4867 Qualium
3327 4798 3718 4855 emissionum
3766 4804 3860 4855 est
3914 4817 4085 4857 men-

2410 4900 2489 4955 tio
2542 4900 2707 4953 Cant.
2768 4910 2846 4961 lv,
2908 4893 3013 4947 45:
3075 4890 3405 4946 Emissiones
3453 4894 3572 4946 tua?
3596 4888 3910 4960 paradisus
3970 4907 4088 4944 ma-

2412 4990 2594 5044 lorum
2650 4986 3008 5040 Punicorum.
3097 4981 3285 5045 Quare
3372 4978 3513 5035 mihi
3596 4979 3837 5033 videtur
3938 4980 4087 5036 satis

2411 5080 2556 5134 bene
2617 5075 2967 5147 respondere
3026 5072 3222 5127 Graeco
3282 5068 3422 5125 huic
3491 5069 3668 5124 verbo
3724 5061 4083 5143 προϐάλλων

2414 5168 2685 5225 Latinum
2716 5163 3032 5237 producere,
3066 5160 3221 5233 quod
3253 5159 3523 5231 etipsum
3547 5174 3738 5214 cause
3771 5159 4085 5216 notionem

2415 5259 2611 5323 habet,
2643 5256 2787 5311 adeo
2821 5258 2883 5309 ut
2911 5245 3222 5325 προϐολεύς
3256 5254 3410 5305 recte
3439 5248 3763 5321 explicetur
3793 5250 4085 5305 vocabulo

2414 5346 2723 5419 productor,
2759 5344 2956 5413 sicque
2988 5341 3045 5396 in
3068 5338 3409 5396 testimonio
3459 5338 3863 5393 Damascenus
3916 5345 4089 5396 Pater

2416 5442 2669 5493 aeternus
2702 5434 3016 5507 productor
3048 5430 3236 5485 sancti
3270 5428 3527 5500 Spiritus
3556 5443 3656 5500 per
3687 5427 3905 5483 Filium
3925 5429 4086 5483 dica-

2416 5534 2533 5584 tur.
2569 5525 2754 5581 Multa
2786 5524 2854 5577 de
2887 5519 3188 5577 vocabulis
3221 5511 3531 5593 προϐολεύς
3562 5521 3620 5573 et
3648 5510 3915 5592 προϐολή
3952 5535 4086 5575 em-

2418 5615 2712 5673 ditissime
2763 5613 3028 5685 disputat
3084 5608 3353 5666 Petavius
3401 5610 3604 5663 noster
3632 5623 3685 5663 c.
3734 5606 3868 5674 8,1.
3914 5625 3973 5673 ν,
4015 5608 4085 5662 De

2424 5708 2691 5767 Trinitate
2751 5702 2904 5761 508
2958 5705 3018 5759 et
3071 5701 3210 5758 alibi
3270 5699 3329 5757 in
3364 5715 3431 5755 eo
3490 5714 3685 5771 opere,
3739 5714 3871 5771 qua:
3900 5696 4083 5755 videri
