4248 6438
176 353 297 408 1061

1621 350 2106 409 GLOSSARIUM.

3431 357 3568 411 1062

174 480 320 550 apud
347 494 482 534 eum
520 481 790 550 possunt.
823 477 940 534 Hoc
972 478 1123 533 enim
1157 477 1310 549 quod
1341 474 1616 542 diximus,
1642 476 1810 532 nobis
1840 508 1854 544 λ

1997 473 2172 528 Πύλαι
2227 475 2315 528 καὶ
2375 474 2524 530 πύλα
2583 495 2636 548 p.
2697 479 2820 533 365.
2884 478 2986 534 Hic
3054 497 3253 535 vocem
3314 479 3571 552 ἀραρυίας

177 585 273 638 pro
303 567 598 631 instituto,
623 573 681 622 et
709 566 816 621 loci
855 583 1025 638 quem
1060 570 1381 620 tractamus
1413 564 1820 636 intelligentia,

178 657 392 712 sufﬁcit
419 656 477 710 in
510 671 784 726 praesens.

252 764 329 830 [P.
365 763 514 835 413.]
545 758 932 833 ΙΙροσελῶντες
963 779 1022 832 ρ.
1052 761 1177 817 209.
1212 760 1483 832 Rcmiges
1531 759 1636 814 hos
1679 759 1824 814 fuis-

181 870 259 922 se,
293 853 392 925 qui
429 847 801 923 προσελῶντες
834 851 1000 921 quasi
1033 851 1262 922 proprio
1297 851 1440 904 artis
1472 856 1572 904 aut
1603 849 1827 903 ordinis

178 943 454 998 vocabulo
489 942 862 1008 dicebantur,
884 945 940 995 et
971 941 1098 1011 ipsa
1129 940 1289 1010 origo
1311 940 1516 993 suadet
1545 939 1698 992 vocis
1722 936 1827 989 ἀπὸ

177 1035 272 1085 τοῦ
303 1027 695 1103 προσελαύνειν
733 1029 850 1083 sive
895 1027 1165 1099 προσελᾷν
1216 1045 1466 1099 prorsum
1518 1026 1825 1096 impellere,

179 1126 235 1177 et
265 1122 480 1175 diserte
531 1118 742 1173 Noster
801 1118 973 1186 tradi,
1007 1122 1132 1172 tum
1192 1117 1286 1171 hic
1343 1122 1469 1171 tum
1503 1133 1551 1170 c.
1586 1117 1674 1182 30,
1710 1117 1745 1170 l.
1775 1131 1828 1181 ν,

182 1209 279 1265 ubi
309 1225 484 1280 quem
546 1205 726 1262 semel
787 1201 1144 1278 προσελῶντα
1203 1207 1446 1268 dixerat,
1479 1210 1678 1276 postea
1709 1224 1831 1256 συν-

182 1297 414 1368 ωνύμως
473 1301 640 1352 vocat
695 1292 1053 1368 προσερὲτην.
1114 1293 1358 1348 Wolﬁus
1419 1295 1476 1347 in
1545 1294 1831 1364 excerptis

180 1385 654 1457 Pacbymerianis
701 1390 968 1453 Gregora
1035 1383 1314 1452 subjectis
1345 1383 1616 1436 vitiosam
1652 1382 1832 1451 hujus

181 1473 445 1528 vocabuli
480 1473 828 1540 scripturam
855 1471 1150 1540 exprimit,
1177 1487 1244 1524 ex
1267 1471 1546 1524 mendoso
1570 1470 1836 1524 videlicet

183 1563 398 1627 codice,
431 1562 572 1615 dum
608 1561 758 1614 hanc
785 1561 995 1614 recitat
1025 1575 1093 1613 ex
1124 1560 1234 1613 hoc
1289 1559 1444 1613 haud
1502 1560 1679 1613 dubie
1713 1559 1836 1612 loco

181 1651 530 1711 sententiam
569 1665 580 1703 :
616 1649 988 1705 Gasmulicum
1029 1649 1099 1702 ad
1149 1649 1287 1702 bella
1336 1657 1455 1702 erat
1504 1652 1834 1718 animosum,

180 1740 508 1812 Pyzylontes
537 1755 666 1794 vero
693 1738 921 1806 agendis
950 1739 1123 1792 remis
1153 1737 1391 1803 strenui,

1931 563 2371 620 emendavimus
2438 565 2652 620 indicio
2720 568 3004 638 syntaxis,
3063 583 3197 621 cum
3272 568 3572 641 ἀραρυίαις,

1933 655 2085 724 quod
2111 655 2165 708 in
2190 655 2357 708 codd.
2377 654 2416 708 Β
2438 659 2494 709 et
2515 657 2580 723 A,
2609 656 2878 712 Vaticano
2903 659 3226 723 omittente,
3252 659 3572 730 legebatur,

1934 743 2214 812 quadrare
2233 745 2302 798 ad
2324 759 2518 798 vocem
2542 741 2718 806 πύλας
2742 762 2852 799 non
2879 750 3085 815 potest.
3127 749 3311 802 Proba
3328 749 3386 802 in
3421 748 3576 804 hunc

1934 831 2124 886 locum
2157 837 2241 888 est
2273 833 2611 908 παράφρασις
2650 834 2914 890 Vaticani
2954 835 3168 890 codicis
3202 836 3292 890 his
3344 839 3576 896 verbis:

1934 921 2035 976 Καὶ
2067 919 2243 982 πύλας
2273 921 2324 974 ἐν
2356 928 2473 982 ταῖς
2507 923 2720 996 πὲτραι,
2754 920 2922 997 ἤγουν
2956 922 3136 976 άλῚΟν·
3182 925 3332 996 (lego
3365 924 3578 999 ἅλυσιν)

1935 1006 2159 1082 σιδηρᾶν
2211 1011 2301 1064 καὶ
2363 1011 2590 1086 ἰσχυρὰν
2642 1011 3018 1079 κατεσκεύαζε.
3054 1014 3175 1068 Non
3237 1032 3374 1086 ergo
3406 1028 3578 1086 porta)

1935 1105 2035 1154 aut
2075 1101 2251 1156 valvae
2281 1119 2348 1156 ex
2381 1103 2529 1157 ferro
2563 1103 2760 1157 solidae
2811 1103 3199 1174 intelligenda:
3257 1103 3348 1158 hic
3382 1106 3580 1162 fuere:

1937 1216 2118 1270 neque
2149 1200 2304 1254 enim
2353 1201 2408 1254 id
2463 1200 2606 1255 sinit
2664 1202 2745 1256 rei
2805 1203 3085 1273 subjecta:
3147 1207 3375 1258 natura.
3434 1205 3581 1274 Non,

1938 1289 2203 1359 inquam,
2263 1291 2476 1361 portui,
2528 1298 2589 1345 ut
2647 1291 2845 1346 domui
2905 1297 3006 1346 aut
3060 1291 3314 1347 conclavi
3373 1295 3583 1350 obduci

1941 1379 2190 1433 solidum
2227 1380 2442 1434 ostium
2479 1384 2689 1451 potest.
2723 1381 2831 1446 Qui
2871 1381 3027 1436 enim
3081 1387 3181 1435 aut
3210 1383 3425 1451 quibus
3459 1401 3580 1438 mo-

1942 1468 2117 1521 liendi
2153 1468 2440 1523 machinis
2499 1475 2671 1523 tantae
2731 1470 3059 1525 latitudinis
3120 1481 3311 1542 postes
3364 1480 3582 1543 essent,

1945 1563 2164 1628 quanta
2193 1557 2421 1629 explere
2453 1564 2625 1629 atque
2675 1559 2966 1629 obturare,
3001 1577 3176 1628 quam
3231 1567 3388 1616 vaste
3441 1563 3583 1630 hiat,

1945 1646 2200 1700 valerent
2247 1653 2431 1702 totum
2467 1666 2530 1702 os
2582 1657 2806 1719 pertus,
2842 1666 2955 1720 quo
3016 1666 3238 1720 magna:
3292 1667 3358 1706 ac
3402 1651 3589 1724 longae

1948 1753 2124 1790 naves
2158 1736 2481 1807 prmlongos
2515 1738 2649 1792 hinc
2709 1738 2844 1793 inde
2905 1741 3313 1810 protendentes
3372 1757 3586 1809 remos,

247 1845 547 1921 Προσπαίω
582 1863 635 1917 ρ.
668 1846 795 1901 276.
832 1845 940 1899 Vix
981 1843 1119 1898 alibi
1183 1845 1436 1915 reperies
1496 1842 1838 1916 προσπαίειν,

1965 1842 2144 1897 ireque
2177 1843 2290 1881 non
2325 1827 2650 1896 singulares
2684 1829 2784 1883 sed
2820 1828 3014 1899 plures
3059 1830 3353 1884 interdum
3389 1831 3590 1897 simul,

183 1936 292 1993 etsl
350 1933 552 2002 παίειν,
601 1935 687 1989 uti
743 1934 854 1988 alia
906 1951 974 1989 ex
1032 1950 1097 1988 eo
1157 1935 1504 2006 composita.
1567 1936 1840 2005 frequens

186 2025 282 2082 sit.
315 2024 461 2089 Quid
495 2024 654 2079 aliud
716 2031 992 2094 putemus
1052 2039 1227 2093 quam
1286 2023 1686 2092 metaphoram
1747 2022 1841 2077 hic

193 2130 321 2169 esse
352 2130 385 2168 a
416 2113 632 2184 sagitta
664 2112 720 2165 in
757 2128 1000 2182 scepum
1033 2111 1262 2165 intenta
1317 2111 1379 2182 [P
1412 2112 1536 2182 413]
1568 2116 1624 2166 et
1675 2111 1839 2165 illum

193 2204 434 2259 feriente
466 2203 704 2256 ductam
729 2201 756 2255 ?
777 2201 859 2254 sic
892 2199 1048 2255 enim
1076 2200 1154 2254 ait
1183 2200 1438 2255 fabulam
1465 2202 1762 2255 incurrere
1785 2203 1843 2255 in

194 2309 391 2347 verum
453 2308 518 2346 ac
566 2291 706 2345 illud
762 2294 1082 2362 percutere,
1111 2294 1176 2343 ut
1206 2290 1520 2361 saggittam
1577 2307 1840 2361 scopum.

191 2380 396 2438 Simile
429 2380 710 2452 quiddam
743 2395 1042 2434 sacrarum
1099 2378 1438 2433 Litterarum
1498 2379 1844 2450 interpretes

196 2473 485 2526 adnotant
516 2469 587 2524 ad
622 2468 764 2523 illud
799 2473 854 2522 S.
892 2467 1052 2523 Pauli
1089 2469 1159 2522 ad
1196 2467 1362 2522 Rom.
1396 2487 1450 2534 χ,
1481 2471 1511 2523 li
1540 2487 1552 2523 :
1587 2469 1739 2523 Finis
1768 2470 1838 2523 le-

191 2561 279 2630 gis
310 2560 583 2616 Christus.
621 2559 728 2613 Lex
774 2557 855 2612 ibi
910 2561 1155 2612 vocatur
1206 2561 1329 2613 tota
1382 2558 1625 2614 historia
1681 2563 1847 2613 vetus

201 2649 386 2705 sacris
417 2648 583 2703 libris
615 2647 1045 2715 commendata,
1068 2648 1286 2718 quibus
1318 2652 1374 2702 et
1400 2664 1489 2703 res
1522 2666 1553 2702 ει
1585 2648 1851 2720 patribus

198 2744 377 2812 geste
400 2742 457 2793 et
479 2754 779 2792 sacrorum
805 2740 1122 2808 apparatus
1147 2753 1211 2791 ac
1236 2738 1595 2792 caeremoniae
1615 2738 1852 2791 tradun-

199 2836 317 2896 tur,
353 2828 552 2884 omnia
587 2827 882 2883 Christum
927 2830 1238 2881 venturum
1297 2827 1752 2898 prmﬁgurantia.
1789 2828 1851 2881 ln

190 2937 307 2994 quo
339 2919 613 2974 allusisse
642 2917 962 2988 Apostolus
1012 2921 1254 2988 putatur
1285 2918 1351 2972 ad
1386 2917 1666 2990 originem
1701 2919 1856 2974 vocis

201 3010 498 3065 Hebraicae
534 3008 707 3078 legem
757 3006 1148 3077 signiﬁcante,
1182 3015 1329 3067 mm
1390 3007 1550 3061 thera
1608 3006 1761 3061 enim
1826 3024 1859 3061 a

205 3101 401 3157 radice
460 3101 621 3155 ίαν·αή
688 3102 776 3153 est
834 3099 1002 3166 cujus
1062 3097 1250 3168 prima
1332 3098 1489 3153 notio
1551 3106 1641 3154 est
1689 3098 1858 3169 jecit,

193 3191 452 3263 projecit.
476 3188 640 3244 Unde
655 3189 780 3258 ejus
797 3190 886 3241 est
911 3203 1052 3241 usus
1072 3187 1344 3258 pr0prius
1369 3188 1428 3241 in
1448 3187 1849 3256 ejaculatione.

197 3283 216 3337 l
255 3285 478 3352 Regum
510 3295 605 3342 xx,
637 3278 728 3344 36,
762 3277 832 3331 de
863 3275 1192 3331 Jonathane
1225 3276 1497 3346 sagittam
1530 3278 1856 3347 ejaculante

196 3369 482 3426 scribitur
519 3377 670 3428 ηιτπι
709 3376 807 3426 mi
835 3373 1011 3427 -mm
1069 3365 1209 3420 vehu
1267 3366 1435 3421 ἰανοὴ
1496 3365 1779 3421 hachetsi:
1810 3371 1858 3420 ct

194 3459 464 3530 t_vsejecit
492 3459 776 3528 sagittam.
796 3457 919 3519 Quo
953 3453 1244 3526 pertinere
1267 3459 1518 3525 putatur
1543 3456 1860 3510 multorum

198 3548 568 3605 Psalmorum
606 3544 952 3615 inscriptio:
1002 3545 1063 3597 In
1092 3544 1278 3613 ﬁnem,
1315 3543 1422 3598 boc
1483 3549 1572 3598 est
1610 3544 1665 3599 in
1700 3545 1861 3599 Chri-

198 3640 469 3693 stum.In
500 3651 674 3707 quem
709 3634 908 3706 procul
938 3633 1322 3688 indicandum
1357 3638 1411 3688 et
1440 3636 1610 3706 quasi
1644 3635 1860 3708 indigi-

198 3727 451 3782 tandum
514 3725 792 3797 pleraque
851 3723 930 3777 ibi
992 3724 1211 3794 scripta
1272 3723 1694 3794 dirigebantur.
1749 3725 1864 3779 Nec

199 3817 466 3882 (castra;
498 3815 744 3869 veritate
777 3813 995 3884 quippe
1029 3811 1330 3883 prophetis
1391 3817 1589 3867 exacte
1624 3829 1865 3884 respon-

202 3905 399 3973 dente,
455 3905 640 3975 ﬁgure
670 3903 728 3957 in
761 3919 883 3956 rem
947 3901 1342 3957 incurrerunt.
1379 3902 1591 3958 Fabule
1648 3903 1867 3958 morale

206 3999 570 4068 praeeptum
632 3991 1005 4047 adumbratis
1066 4009 1170 4063 par
1227 3992 1374 4047 ratio
1433 3997 1539 4046 est.
1593 3991 1663 4047 Ut
1711 3993 1866 4047 enim

206 4087 399 4168 ﬁgura
423 4083 783 4155 prophetica,
805 4098 938 4136 cum
965 4098 1055 4136 res
1082 4082 1331 4153 ﬁgurata
1354 4082 1675 4148 exhibetur,
1701 4101 1868 4156 προσ-

203 4172 387 4228 παίειν
425 4169 678 4241 ἀληθείᾳ,
712 4174 774 4227 in
803 4171 1089 4226 veritatem
1140 4171 1384 4227 incidere
1437 4171 1670 4239 dicitur,
1705 4173 1784 4227 sic
1816 4178 1872 4228 et

208 4264 518 4335 apologus,
554 4278 689 4317 cum
724 4277 790 4317 eo
824 4261 1221 4333 signiﬁcatum
1255 4261 1430 4315 ofﬁcii
1468 4262 1749 4316 monitum
1779 4264 1874 4318 de-

202 4354 466 4409 claratur
511 4356 568 4407 et
597 4351 766 4422 quasi
798 4351 870 4405 ad
904 4366 1026 4404 rem
1059 4350 1247 4421 ipsam
1282 4350 1630 4422 applicatur.

281 4444 510 4514 Ηρῶτος
589 4458 646 4512 p.
717 4440 840 4493 298.
915 4439 1058 4513 Πρὸς
1122 4438 1214 4491 τὸν
1277 4442 1494 4508 πρῶτον
1570 4437 1873 4510 ἐκθέμενος.

209 4533 319 4587 Hic
356 4533 578 4605 πρῶτος
622 4528 889 4584 absolute
921 4534 976 4584 et
1029 4527 1363 4583 subtantive
1397 4534 1715 4599 usurpatur
1773 4546 1876 4600 pro

206 4635 491 4692 supremo
522 4618 644 4673 illic
689 4617 939 4689 praeside
1000 4633 1300 4672 sacrorum
1359 4633 1566 4688 nempe
1627 4619 1872 4688 palriar-

209 4710 353 4766 eha.

286 4794 658 4872 Ηρωτοκῆρυξ
712 4813 768 4868 p,
802 4797 926 4866 476,
969 4797 1152 4861 Quem
1214 4800 1387 4851 antea
1443 4800 1747 4852 vocaverat
1779 4792 1874 4849 30-

215 4888 474 4961 μὲστικον
535 4883 856 4954 ἐκκλησίας,
915 4903 1074 4941 nunc
1133 4884 1392 4957 appellat
1452 4887 1875 4959 πρωτοκήρυκα,

212 4995 608 5054 synonynam,
625 4977 1210 5050 opinior,ursurpens
1230 4994 1358 5032 eam
1378 4993 1574 5032 vocem
1603 4993 1705 5046 pro
1725 4996 1879 5050 πρω-

210 5065 526 5142 τοψάλτης.
562 5068 707 5122 Nam
768 5072 831 5121 ut
911 5066 1199 5121 Cordinus
1256 5067 1430 5122 habet
1488 5084 1537 5121 c.
1576 5069 1661 5133 17,
1699 5084 1754 5121 n.
1790 5069 1877 5136 40,

213 5159 290 5214 Οὐ
351 5155 761 5230 πρωτοψάλτην
823 5153 938 5230 ἔχει
973 5155 1264 5225 ἐκκλησία,
1325 5153 1470 5210 ἀλλὰ
1531 5153 1878 5227 ὃομὲστικον.

216 5249 448 5314 Quibus
481 5247 771 5318 signiﬁcat
805 5253 1243 5318 praecentorem,
1270 5246 1376 5302 hoc
1409 5251 1518 5316 est,
1546 5264 1680 5302 eum
1712 5251 1881 5319 cujus

215 5340 485 5397 ofﬁcium
517 5344 607 5393 est
632 5344 869 5393 cantum
905 5339 1179 5394 inchoare
1214 5339 1268 5392 in
1302 5337 1639 5406 choro,non
1673 5359 1882 5411 πρωτο.

228 5427 450 5500 ψάλτην
485 5427 673 5484 solere
705 5428 839 5495 dici,
875 5432 940 5483 ut
971 5445 1062 5482 res
1095 5427 1370 5500 exigeret,
1394 5430 1491 5482 sed
1530 5428 1886 5485 domesticum

225 5521 508 5576 Ecclesiae.
569 5523 704 5574 Hec
765 5518 910 5573 mihi
969 5535 1149 5574 causa
1209 5518 1316 5573 fuit
1348 5519 1502 5575 599
1551 5523 1884 5591 opponendi

221 5612 287 5666 in
323 5609 590 5665 versione
625 5609 1055 5683 πρωτοκήρυκος
1090 5608 1375 5664 vocabulo
1429 5608 1704 5666 Latinum
1738 5628 1883 5683 prae-

263 5699 475 5756 επιστ-ξε
506 5714 742 5754 nomen.

1906 4582 1952 4646 D

1949 1914 2173 1970 aditum
2207 1915 2545 1986 exitumque
2596 1917 2807 1971 h...bere
2867 1919 3241 1973 commodum
3301 1918 3592 1975 debeant?

1950 2014 2100 2084 Ergo
2133 2013 2225 2067 hic
2277 2013 2482 2068 Noster
2541 2032 2670 2069 cum
2729 2012 2905 2076 πύλας
2963 2017 3126 2082 dixit,
3159 2017 3589 2074 intellecturum

1952 2105 2176 2173 putavit
2209 2105 2552 2173 prudentem
2581 2110 2853 2159 tectorem
2872 2105 2984 2160 tale
2998 2108 3212 2161 ostium
3233 2109 3386 2177 quod
3405 2110 3593 2179 portui

1953 2192 2276 2247 claudendo
2291 2194 2503 2264 apponi
2521 2199 2736 2264 posset,
2753 2201 3014 2249 catenam
3034 2197 3311 2250 nimirum
3329 2199 3593 2254 ferream.

1950 2282 2175 2335 Addam
2211 2282 2303 2335 hic
2335 2283 2482 2337 satis
2524 2299 2715 2336 raram
2777 2284 3072 2339 notionem
3126 2287 3390 2340 vocabuli
3446 2285 3595 2355 πύλη

1954 2374 2053 2424 aut
2083 2367 2249 2436 πύλα,
2284 2376 2454 2440 cujus
2487 2389 2657 2426 usum
2715 2374 2899 2443 reperi
2961 2375 3037 2427 in"
3072 2375 3269 2430 Graeca
3337 2378 3600 2432 versione

1953 2461 2299 2530 Speeiminis
2331 2462 2636 2532 Sapientia:
2670 2463 2969 2529 Indorum,
3000 2481 3171 2534 quem
3206 2463 3423 2520 librum
3458 2466 3604 2520 Lati-

1957 2552 2138 2606 nitate
2215 2568 2248 2606 a
2324 2569 2414 2607 me
2493 2554 2772 2607 donatum
2853 2555 2989 2608 huic
3043 2556 3299 2610 historias
3372 2557 3605 2628 imperii

1958 2641 2258 2698 Michaelis
2314 2643 2641 2715 Palaeologi
2702 2646 2973 2716 Augusti,
3008 2663 3040 2700 a
3097 2662 3211 2716 quo
3245 2649 3299 2700 id
3359 2665 3504 2717 opus
3550 2651 3604 2702 in

1961 2732 2215 2802 quadam
2274 2733 2552 2787 concione
2608 2733 2917 2804 allegatur,
2979 2735 3210 2789 hortatu
3281 2738 3604 2792 amicorum

1962 2826 2242 2890 tanquam
2309 2818 2750 2893 παρεμπύρευμα
2815 2824 3077 2893 adjunxi.
3152 2825 3236 2879 Ibi
3303 2826 3360 2879 in
3423 2827 3612 2898 prima

1966 2909 2355 2981 praeventioue
2385 2927 2509 2980 qua:
2543 2910 2846 2966 historiam
2881 2913 3232 2968 inventionis
3261 2919 3317 2968 et
3350 2916 3612 2986 deporta-

1967 2999 2142 3052 tionis
2174 2999 2302 3068 ejus
2332 2998 2466 3052 libri
2488 3016 2553 3054 ex
2574 3001 2737 3055 India
2762 3000 2820 3054 in
2854 3002 3150 3056 Persidem
3169 3003 3616 3075 reeitat,pagina

1968 3087 2182 3141 codicis
2213 3104 2328 3158 quo
2363 3088 2567 3142 utebar
2597 3089 2774 3143 Gsasci
2825 3106 2998 3154 nona,
3031 3091 3114 3144 sic
3174 3090 3426 3160 legitur:
3463 3089 3614 3158 ΙΙλήν

1970 3172 2058 3227 διὰ
2103 3173 2164 3227 τό
2225 3195 2308 3228 σοι
2362 3175 2582 3248 ἀρεστὸν
2642 3174 2894 3249 λήψομαι
2959 3180 3083 3248 μίαν
3157 3176 3332 3231 πύλαν
3394 3178 3452 3232 ἐκ
3504 3185 3612 3233 τῶν

1967 3263 2295 3341 ὑφασμάτων
2353 3272 2453 3333 τῆς
2501 3265 2695 3337 κώμης
2745 3264 3151 3333 Φουϊστὰν,⁹ίνα
3182 3267 3231 3321 ἐν
3289 3268 3423 3342 αὐτῇ
3458 3267 3621 3339 δοξα-

1966 3358 2240 3428 σθήσομαι
2298 3356 2454 3430 κάγὼ
2511 3353 2708 3417 δοῦλός
2767 3377 2861 3410 σου
2921 3357 2972 3410 ἐν
3032 3359 3176 3430 πάσῃ
3219 3362 3286 3430 τῇ
3338 3361 3621 3433 συγγενείᾳ

1974 3466 2099 3518 μου.
2161 3441 2353 3500 Λαϐὼν
2406 3444 2463 3500 δὲ
2525 3447 2551 3499 ὁ
2607 3448 2823 3520 Ιῖερζωὲ
2877 3446 2935 3500 ἐκ
2990 3452 3097 3501 τῶν
3155 3446 3453 3521 βασιλικῶν
3493 3450 3621 3521 ἱμα-

1967 3535 2098 3590 τίων
2130 3544 2239 3592 etc.
2272 3539 2355 3608 [P.
2389 3539 2517 3610 414]
2555 3540 2614 3592 in
2677 3539 2767 3592 his
2830 3539 3021 3594 verbis
3079 3541 3332 3610 primum
3400 3543 3623 3595 occurit

1972 3627 2350 3695 quaerendum
2381 3627 2523 3695 quid
2552 3625 2626 3680 sit
2658 3623 2809 3678 πύλα
2868 3623 2926 3677 ἐκ
2954 3629 3061 3676 τῶν
3097 3624 3448 3699 ὑφασμάτων.
3476 3628 3619 3681 Nam

1969 3726 2149 3792 portae
2179 3723 2358 3790 notio,
2394 3739 2519 3793 quae
2548 3723 2833 3776 naturalis
2866 3727 2954 3776 est
2984 3721 3156 3793 πύλῃ,
3187 3741 3364 3794 quam
3424 3724 3518 3779 hic
3551 3725 3630 3778 sit

1977 3811 2390 3882 intempestiva
2421 3828 2590 3865 nemo
2626 3828 2738 3865 non
2798 3813 2973 3866 videt.
3009 3813 3260 3867 Omnino
3301 3830 3627 3884 agnoscen-

1978 3901 2114 3953 dum
2147 3905 2236 3954 est
2265 3897 2414 3952 πύλα
2457 3900 2554 3954 hic
2611 3917 2710 3970 pro
2768 3897 2947 3952 πτύλα
2994 3901 3250 3971 positum
3313 3920 3343 3956 a
3402 3901 3626 3955 πτύστω

1977 3989 2125 4059 plico
2155 3991 2392 4055 involvo,
2426 3995 2490 4042 ut
2519 3989 2789 4044 volumen
2819 3996 2920 4043 aut
2949 4007 3160 4060 scapus
3212 3991 3386 4059 panni
3421 3992 3620 4060 cujus-

1982 4082 2132 4149 piam
2198 4080 2303 4134 hoc
2360 4079 2648 4132 vobabulo
2709 4096 2863 4133 nunc
2928 4081 3312 4147 signiﬁcetur.
3361 4083 3626 4134 Fundum

1982 4170 2163 4224 habeo
2190 4169 2537 4238 conjectura:
2571 4168 2922 4231 Eustatium,
2956 4170 3051 4239 qui
3087 4170 3156 4222 ad
3191 4168 3358 4223 illum
3400 4186 3631 4225 versum

1982 4260 2082 4311 411
2145 4258 2360 4323 Iliadis,
2422 4267 2473 4325 Θ,
2532 4258 2780 4328 πρώτῃσι
2859 4253 2914 4310 δὲ
2989 4255 3192 4328 πύλῃσι
3269 4255 3636 4333 πολυπτύχου

1984 4345 2423 4417 οὐλόμποιο,8ἰο
2453 4352 2692 4401 annotat
2715 4365 2771 4417 p.
2793 4348 2893 4402 721
2929 4349 3020 4402 ed.
3037 4348 3204 4403 Rom.
3227 4354 3638 4422 Παρηχητικῶς

1985 4434 2043 4489 δὲ
2095 4457 2212 4496 πως
2272 4435 2306 4502 ἢ
2368 4433 2781 4510 ἐτυμολκογικῶς
2838 4437 3159 4503 παράκειται
3213 4441 3247 4505 ἡ
3280 4437 3450 4492 πύλαι
3487 4438 3574 4492 καὶ
3609 4441 3636 4492 ὁ

1985 4525 2364 4599 πολύπτυχος·
2420 4528 2565 4599 παρά
2611 4527 2672 4579 τὸ
2721 4524 2972 4579 πτύσσειν
3022 4527 3125 4600 γὰρ
3176 4528 3266 4580 καὶ
3317 4529 3504 4605 ἄμφω,
3549 4526 3640 4582 ’ίνα

1986 4616 2418 4690 ῇπολύπτυχος
2476 4617 2503 4669 ὁ
2559 4614 2904 4676 πολύπυλος.
2942 4618 3070 4672 Haec
3131 4618 3268 4683 ille;
3304 4620 3362 4674 in
3421 4622 3640 4691 quibus

1986 4714 2146 4771 vides
2202 4714 2385 4784 πύλην
2421 4711 2756 4771 ἶπῖτύσσειν
2806 4718 3034 4784 deduci,
3069 4718 3274 4772 extrito
3326 4720 3643 4787 subjuneto

1984 4826 2034 4860 τ.
2071 4808 2294 4863 Addam
2345 4823 2414 4861 ex
2471 4807 2739 4861 occasine
2798 4807 2866 4861 de
2919 4823 3114 4878 panno
3169 4807 3262 4861 hic
3322 4815 3641 4865 memorato

1988 4897 2122 4968 pagi
2156 4896 2446 4961 Phuistan,
2482 4897 2636 4967 quod
2671 4896 2727 4950 in
2764 4895 2864 4950 illo
2893 4897 3166 4951 videlicet
3215 4913 3361 4968 pago
3417 4903 3640 4953 texere-

1988 4993 2119 5040 tur:
2155 4987 2302 5041 forte
2350 4987 2484 5041 inde
2545 4990 2746 5039 natum
2806 4986 3046 5057 vulgare
3079 5003 3291 5040 nomen
3353 4987 3525 5041 hodie
3583 4990 3638 5042 in

1989 5077 2174 5132 Gallia
2224 5077 2401 5147 panni
2462 5076 2770 5144 cujusdam
2827 5093 2895 5130 ex
2956 5076 3231 5146 gossypio
3290 5078 3447 5134 texti.
3486 5079 3641 5147 quod

1991 5166 2263 5235 fustaine,
2299 5165 2610 5235 fustam'um
2634 5165 2981 5235 appellatur.
3021 5169 3094 5218 Ex
3144 5168 3645 5234 consequentibus

1994 5272 2164 5326 porro
2193 5255 2386 5308 verbis
2418 5254 2770 5324 intelligitur
2800 5271 2987 5324 genus
3012 5254 3118 5307 hoc
3152 5255 3329 5324 panni
3363 5257 3517 5326 regis
3549 5264 3648 5310 aut

1995 5345 2165 5412 regiae
2225 5343 2458 5398 familiae
2522 5343 2730 5396 usibus
2792 5344 2975 5397 fuisse
3032 5349 3415 5410 reservatum,
3453 5345 3536 5398 ita
3584 5352 3650 5399 ut

1994 5435 2194 5490 vestiri
2223 5449 2287 5488 eo
2321 5449 2493 5487 nemo
2526 5439 2723 5503 posset
2753 5432 2879 5487 sine
2923 5449 3208 5488 concessu
3244 5433 3522 5504 peculiari
3557 5451 3648 5489 rc-

1995 5525 2106 5598 gis.
2141 5523 2305 5579 Unde
2337 5522 2729 5577 characterem
2765 5523 3004 5577 haberet
3031 5523 3186 5578 600
3218 5523 3414 5579 eximii
3465 5523 3650 5580 hono-

1994 5615 2076 5670 ris
2103 5622 2157 5669 et
2203 5613 2360 5685 apud
2420 5612 2739 5685 principem
2803 5613 3004 5684 gratias
3065 5613 3478 5670 indumentum
3513 5615 3650 5671 tale.

1997 5706 2314 5777 Propterea
2342 5703 2499 5759 enim
2546 5703 2707 5758 addit
2765 5707 3005 5760 Perzoes
3065 5703 3326 5777 accipere
3356 5721 3419 5761 se
3475 5705 3653 5762 istam
