4248 6438
645 386 786 443 1063

1716 381 1779 433 Ρ.
1821 378 2092 434 POSSINI
2127 377 2741 438 OBSERVATIONUM
2776 385 2913 439 LIB.
2955 386 3000 438 Ῐ.

3936 381 4079 437 1064

644 515 883 567 vestem
918 510 991 563 ob
1019 504 1462 579 praerogativam
1518 501 1763 560 honoris
1802 502 1852 556 ei
1903 499 2110 557 annexi
2144 516 2302 555 com-
2332 516 2385 581 Α
2419 504 2795 561 immobilibus
2818 508 3257 575 possessionibus
3298 507 3667 576 subjectorum
3719 507 3828 577 ipsi
3877 522 4080 562 mona-

650 598 813 655 muni
846 596 1229 652 aestimatione
1253 612 1266 650 :
1294 590 1407 661 'lva,
1438 594 1636 665 inquit
1666 592 1716 646 ἐν
1769 589 1905 661 αὐτῇ
1964 586 2294 657 δοξασθήσο-

647 708 743 763 μαι
784 685 938 759 κάγὼ
999 682 1198 743 δοῦλός
1257 702 1352 736 σου
1414 681 1463 735 ἐν
1525 682 1671 754 πάσῃ
1736 676 2017 753 συγγενείᾳ
2077 698 2201 750 μου.
2232 679 2293 733 In

648 796 762 851 quo
794 778 969 833 etiam
993 775 1289 847 signiﬁcat
1324 790 1433 828 non
1469 791 1577 828 sua
1619 789 1681 828 se
1707 770 1888 826 solius
1910 786 2086 824 causa
2113 769 2295 823 istum

645 865 927 924 ndmitere
959 864 1263 929 honorem,
1290 860 1389 915 sed
1416 860 1653 915 familiae
1678 876 1742 914 ac
1760 856 2129 928 cognationis
2160 855 2294 909 inde

641 954 970 1025 conspicua:
995 952 1225 1017 futuras,
1245 950 1328 1003 sic
1359 949 1703 1006 ambitionis
1745 946 2023 1001 invidiam
2061 943 2294 1015 pietatis

639 1050 697 1101 et
712 1042 1017 1101 cbaritatis
1030 1043 1087 1095 in
1102 1041 1571 1111 consanguineos
1588 1036 1895 1093 laudabilis
1909 1034 2297 1091 ostentatione

640 1134 938 1189 redimens
969 1135 1070 1185 aut
1100 1130 1306 1185 saltem
1352 1128 1645 1184 minuens.
1682 1126 2039 1182 Confirmant
2096 1127 2289 1178 autem

639 1223 793 1295 quod
828 1221 1085 1276 diximus
1114 1220 1185 1274 de
1218 1221 1611 1274 reservatione
1643 1214 1982 1287 hujusmodi
2010 1212 2187 1284 panni
2220 1212 2290 1266 ad

640 1330 785 1368 usus
818 1310 1031 1382 regios,
1057 1309 1157 1364 illa
1181 1313 1442 1364 extrema
1462 1307 1673 1362 verba:
1705 1298 1901 1359 Λαϐὼν
1931 1298 1987 1355 δὲ
2020 1302 2047 1355 ὁ
2078 1299 2294 1374 Ηερζωὶ

639 1400 699 1455 ἐκ
737 1403 845 1455 τῶν
909 1395 1211 1473 βασιλικῶν
1268 1395 1525 1467 ἱματίων.
1560 1396 1676 1451 Cur
1730 1394 1907 1459 enim,
1944 1409 2071 1463 quas
2132 1391 2294 1462 prius

642 1491 1047 1546 nominaverat
1081 1486 1370 1563 ὑφάσματα
1396 1492 1498 1553 τῆς
1550 1484 1749 1554 κώμης
1810 1478 2104 1549 Φουϊστάν,
2136 1496 2296 1536 nunc

641 1578 798 1652 ἱμάτι
832 1576 1090 1651 βασιλικά
1120 1582 1373 1647 vocaret,
1408 1576 1517 1630 nisi
1554 1575 1709 1647 quod
1743 1572 1814 1628 iis
1866 1572 1949 1625 uti
2010 1570 2127 1641 regi
2186 1569 2295 1624 soli

642 1675 699 1725 et
722 1668 961 1726 familias
994 1666 1181 1738 ipsius
1212 1666 1496 1732 licereret,
1522 1670 1578 1719 et
1599 1664 1646 1719 si
1678 1662 1892 1733 quibus
1928 1660 2294 1730 privilegium

640 1760 795 1827 idem
831 1775 864 1812 a
895 1772 1028 1827 rege
1060 1754 1257 1809 eximii
1295 1754 1531 1809 honoris
1565 1752 1753 1825 gratia
1784 1749 2188 1805 tribueretur?

711 1863 847 1925 Ῥώς
896 1882 951 1937 p.
986 1865 1109 1919 509.
1144 1862 1237 1918 Ait
1284 1864 1491 1918 ducem
1548 1862 1920 1927 Latinorum,
1956 1873 2156 1959 quem.
2192 1857 2291 1911 de-
2330 1893 2379 1959 B

643 1954 885 2027 scripsit
916 1955 1127 2020 ferum,
1157 1954 1457 2009 ardentem
1484 1956 1541 2007 et
1556 1951 1745 2022 capite
1765 1946 2298 2014 rufum,bominem

644 2049 820 2101 vastae
852 2048 1111 2109 staturae,
1145 2042 1235 2097 cui
1271 2046 1397 2096 erat
1428 2056 1639 2095 nomen
1702 2039 1862 2093 Rbos
1894 2037 2181 2109 Solymas,
2214 2035 2301 2089 vi-

643 2134 765 2188 deri
802 2136 1004 2187 natum
1037 2130 1450 2201 apellationem
1486 2144 1553 2183 ex
1613 2127 2003 2182 similitudine
2059 2141 2189 2179 cum
2233 2140 2299 2178 eo

642 2223 796 2293 quod
842 2224 1010 2275 vocat
1063 2219 1198 2279 Ῥώς
1262 2218 1425 2274 Rhos.
1462 2217 1608 2281 Quid
1668 2222 1865 2271 autem
1925 2214 2197 2269 esthoc?
2228 2229 2298 2267 an

645 2310 946 2381 scripserit
1003 2309 1385 2379 Pacbymeres
1442 2306 1580 2367 Ῥώς
1640 2322 1742 2376 pro
1805 2303 2126 2377 ῥώξὲῬώς
2160 2317 2300 2357 sane

616 2394 982 2454 constanter
1013 2398 1276 2453 scribunt
1307 2398 1422 2451 duo
1468 2397 1633 2451 codd.
1672 2394 1875 2465 optimi
1913 2394 1969 2447 Β.
2007 2402 2062 2447 et
2094 2395 2153 2446 A.
2193 2392 2299 2446 Va-

646 2490 839 2544 ticano
892 2488 1001 2543 hoc
1057 2504 1291 2542 comma
1347 2485 1676 2540 omittente.
1708 2484 1881 2553 Atqui
1942 2480 2074 2540 Ῥώς
2128 2481 2297 2549 nihil,

642 2581 799 2650 quod
832 2578 1179 2647 sciam,huc.
1207 2578 1423 2631 faciens
1458 2576 1773 2645 significat.
1804 2572 1945 2640 Ῥώξ
2004 2577 2199 2626 autem
2233 2589 2297 2627 ex

646 2668 955 2723 Eustathio
1014 2660 1397 2739 Παρεκϐολαῖς
1430 2666 1500 2720 ad
1532 2664 1638 2718 Od.
1668 2683 1682 2714 ι
1715 2681 1770 2734 p.
1809 2663 1945 2716 1633
2003 2663 2093 2715 ed.
2130 2661 2297 2715 Rom.

652 2762 743 2811 est
767 2754 1077 2829 φαλαγγίου
1102 2751 1272 2821 εἶδος,
1295 2754 1521 2825 species
1542 2751 1813 2807 animalis
1835 2751 1986 2805 noxii
2011 2750 2147 2804 dicti
2167 2750 2301 2819 pha-

647 2846 850 2918 langii.
885 2846 964 2901 De
996 2845 1103 2901 hoc
1138 2844 1386 2913 Plinius,
1411 2843 1449 2897 1.
1475 2859 1632 2911 xx1x,
1656 2858 1706 2896 ο.
1740 2842 1808 2895 4ε
1838 2840 2300 2910 Phalangium....

645 2944 730 2990 est
782 2936 1042 3007 plurium
1096 2950 1387 3004 generum,
1420 2948 1594 2986 unum
1646 2932 1833 2986 simile
1894 2931 2165 3000 formicae,
2212 2927 2302 2981 sed

648 3026 827 3079 multo
857 3026 1059 3094 majus,
1093 3025 1218 3093 rufo
1276 3022 1472 3092 capite.
1506 3020 1653 3074 Huic
1708 3023 2109 3089 comparatum
2145 3017 2302 3071 hunc

652 3116 859 3168 ducem
898 3130 929 3167 a
962 3112 1314 3181 Pacbymere
1360 3108 1985 3172 cre,diderim.Dixerat
2006 3108 2157 3161 enim
2194 3123 2299 3161 an-

655 3208 750 3257 tea
778 3209 835 3257 et
865 3201 994 3256 rufa
1042 3216 1175 3254 eum
1235 3215 1405 3254 coma
1464 3198 1646 3253 fuisse
1706 3202 1765 3252 et
1818 3196 1978 3251 vultu
2029 3196 2295 3261 rubente,

2411 594 2732 663 steriorum,
2765 596 2855 651 sed
2883 598 3046 651 etiam
3080 596 3136 649 in
3158 596 3485 651 dioecesibus
3540 596 3913 666 meimpoleon
3949 596 4080 666 ipsa

2405 698 2551 751 rum,
2577 684 2671 738 ubi
2706 684 2966 741 videlecet
2992 686 3060 740 ab
3086 688 3271 756 aliqua
3305 684 3578 755 templum
3624 685 3945 753 aediﬁcante
3976 686 4077 740 adv

2404 774 2610 825 vocatis
2630 772 2828 842 fuerit.
2864 776 2943 829 Ex
2974 774 3067 829 his
3108 773 3306 828 licebit
3360 774 3690 843 intelligere
3752 793 4085 846 σταυροπη-

2405 859 2541 932 γίων
2575 864 2812 918 nomine
2844 862 2938 918 bic
2971 863 3316 934 signiﬁcari,
3339 864 3433 933 jus
3461 879 3801 935 supremum
3826 864 4091 935 patriaro

2406 950 2526 1003 chze
2572 950 2629 1005 in
2691 952 2971 1008 ecclesias
3030 953 3456 1023 patiarchatus,
3519 952 3634 1019 sui,
3698 969 3815 1024 quo
3878 959 4089 1023 posset

2403 1038 2658 1095 eximere
2690 1058 2821 1112 quae
2855 1041 2981 1097 loca
3012 1058 3229 1113 quasve
3263 1058 3545 1113 personas
3602 1040 3774 1097 vellet
3822 1058 3859 1096 a
3909 1048 4085 1113 pote-

2403 1131 2553 1183 state
2582 1130 2842 1200 episcopi
2872 1131 3155 1201 cujusvis,
3214 1134 3271 1185 et
3327 1129 3482 1184 intra
3522 1130 3680 1199 fines.
3728 1130 4078 1186 dimceseon

2404 1232 2580 1271 suum
2616 1217 2752 1273 licet
2784 1217 3106 1274 antistitem
3141 1218 3483 1273 habentium
3518 1223 3678 1273 certa
3710 1218 3825 1273 sibi
3862 1236 4086 1275 monac

2407 1307 2589 1360 storis.
2618 1306 2703 1361 vel
2737 1306 3014 1363 ecclesias
3044 1307 3284 1375 valeret,
3329 1307 3584 1377 exipere,
3647 1308 3793 1362 citra
3856 1314 4081 1364 nutum

2407 1400 2511 1449 aut
2540 1412 2850 1450 assensum
2874 1396 3091 1466 proprii
3124 1396 3385 1452 locorum
3406 1394 3641 1450 illorum
3662 1397 4084 1468 metropolitae.

2410 1485 2565 1538 Hanc
2597 1490 2793 1539 autem
2828 1489 3179 1556 potestatem
3211 1485 3442 1540 videtur
3470 1486 3802 1541 exercuisse
3836 1489 4091 1558 patriar-

2406 1573 2515 1628 cha
2540 1573 2908 1643 frequentius
2934 1576 2992 1629 in
3021 1574 3257 1647 praediis
3287 1579 3345 1629 et
3368 1575 3527 1646 agris
3550 1574 3661 1629 sibi
3681 1576 4084 1647 vectigalibus

2406 1668 2464 1719 et
2495 1665 2552 1718 in
2586 1664 2825 1735 templis
2856 1665 2927 1720 de
2959 1681 3104 1720 nevo
3136 1665 3368 1733 erectis,
3402 1682 3655 1737 quorum
3713 1667 4085 1726 fundatores.

2408 1753 2477 1807 ad
2516 1753 2711 1825 cperis
2752 1753 3208 1825 amplitudinem
3267 1758 3325 1809 et
3378 1754 3964 1810 commendationem
4027 1756 4087 1809 id

2410 1843 2522 1897 sati
2557 1842 2869 1912 pertinere,
2905 1843 3254 1897 affectabunt
3286 1848 3351 1897 ut
3383 1843 3481 1897 uni
3542 1840 3763 1915 ἀμέσως
3824 1844 4087 1913 patriar-

2411 1930 2528 1985 cha:
2560 1930 2656 1985 illa
2690 1931 3141 2003 subjicerentur,
3201 1949 3234 1987 a
3256 1931 3669 2003 jurisdictione
3700 1933 4085 2003 propriorum

2413 2020 2520 2074 loci
2581 2020 2901 2091 praesulum
2960 2026 3252 2093 exempta.
3308 2022 3415 2087 Qui
3467 2038 3625 2091 vero,
3681 2037 3818 2076 cum
3880 2022 4086 2078 locum

2408 2109 2665 2180 aliquem
2698 2108 2755 2163 in
2791 2108 2982 2165 aliena
3003 2110 3236 2165 dioecesi
3270 2110 3745 2180 situm,eximere
3772 2111 3849 2164 ab
3887 2120 4092 2171 aucto.

2408 2197 2575 2252 ritate
2606 2197 2887 2252 ordinarii
2920 2204 2979 2253 et
3008 2198 3121 2253 sibi
3150 2215 3446 2254 reservare
3480 2198 3819 2270 patriarcha
3877 2200 4087 2270 vellet,

2408 2287 2465 2341 id
2494 2286 2791 2343 declarare
2823 2287 3051 2343 solebat
3082 2288 3197 2342 lixa
3225 2288 3306 2342 ibi
3358 2304 3527 2343 cruce
3586 2304 3720 2342 cum
3771 2294 3939 2344 certa
3994 2292 4092 2344 in-

2406 2376 2748 2447 scriptione,
2777 2377 2949 2446 cujus
2974 2376 3289 2431 formulam
3316 2378 3513 2432 videre
3539 2376 3675 2433 licet.
3697 2379 3857 2448 apud
3883 2384 4090 2435 Meur-

2406 2464 2584 2534 sium,
2609 2464 2740 2519 ideo
2794 2464 2922 2535 ipsa
2979 2466 3271 2535 exemptio
3318 2470 3377 2519 et
3422 2466 3522 2535 jus
3579 2465 3719 2520 illus
3768 2485 4095 2541 σταυροπη-

2404 2552 2535 2628 γίων
2566 2555 3173 2626 verbojindicabatur.
3208 2556 3268 2611 Id
3303 2555 3457 2611 clare
3514 2560 3671 2628 patet
3727 2573 3795 2612 ex
3852 2556 3971 2613 hoc
4030 2562 4088 2613 in

2408 2659 2522 2712 quo
2550 2660 2857 2698 versamur
2888 2643 3014 2699 loco
3048 2645 3233 2699 nostri
3265 2643 3552 2699 historici.
3588 2647 3642 2700 ls
3665 2644 3826 2700 enim
3863 2663 4008 2701 cum
4030 2648 4087 2701 in

2408 2732 2577 2786 titulo
2610 2733 2821 2803 capitis
2844 2733 3203 2788 mentionem
3238 2734 3527 2804 potuisset
3575 2734 3825 2790 Novellae
3887 2736 4088 2808 impe-

2407 2821 2631 2875 ratoria:
2678 2822 2829 2875 circa
2898 2822 3291 2895 σταυρνπήγια,
3351 2823 3478 2892 ejus
3524 2822 3778 2878 Novella
3839 2830 4088 2880 senten-

2408 2910 2551 2964 tiam
2585 2909 2640 2963 in
2676 2910 2803 2980 ipso
2835 2911 3025 2982 capite
3058 2911 3143 2965 sic
3184 2912 3357 2966 refert
3387 2927 3398 2966 :
3433 2906 3727 2983 Ηροὸαίνει
3759 2913 3936 2986 νεαρὰ
3986 2914 4089 2987 βα-

2405 2995 2612 3058 σίλειος
2648 2996 2772 3052 ἄλλ’
2806 2996 2935 3053 ἅττα
2967 2997 3198 3053 πλεῖστα
3254 2996 3607 3072 διοριζομένη
3657 3001 3749 3054 καὶ
3797 3003 4084 3056 τάττουσι

2404 3086 2492 3139 καὶ
2554 3088 2615 3139 τὸ
2672 3086 2735 3139 τὰ
2792 3084 3209 3156 ὁπουδηποτοῦν
3270 3090 3665 3163 πατριαρχικᾶ,
3728 3090 3833 3143 ὅσα
3869 3090 3923 3144 ἐν
3964 3091 4086 3165 χὼ-

2408 3196 2526 3249 ραις
2577 3175 2665 3229 καὶ
2722 3182 2935 3249 μοναῖς,
2990 3178 3092 3231 ὑπὸ
3134 3176 3262 3237 τοὺς
3295 3176 3624 3239 ἐπισκόπους
3650 3178 3723 3231 ὧν
3752 3179 3811 3232 αἱ
3845 3179 4089 3251 ἐνοριαὶ,

646 3291 863 3361 quippe
894 3306 1140 3345 accenso
1173 3288 1425 3343 naturali
1455 3288 1683 3342 ardore.
1717 3287 1881 3341 Unde
1912 3284 2189 3339 credibile
2220 3258 2297 3338 sit

2408 3263 2611 3332 τελεῖν,
2645 3268 2865 3322 Prodzit
2911 3270 3280 3337 imperatoria
3336 3268 3561 3323 Novello
3614 3286 3723 3340 qua
3770 3285 3909 3325 cum
3965 3272 4090 3326 alia

643 3380 731 3435 vel
762 3379 785 3449 ξ
818 3380 876 3435 in
911 3400 935 3439 ς
970 3380 1223 3434 scienter
1247 3382 1543 3432 mutatum
1570 3378 1641 3431 ab
1665 3376 2001 3447 antiquario
2045 3374 2295 3445 scripto-

638 3484 702 3526 re
729 3468 1063 3539 exemplum
1096 3468 1225 3537 ejus
1254 3466 1602 3521 mutationis
1635 3464 1850 3520 alicubi
1879 3465 2020 3519 forte
2047 3465 2295 3533 scripto-

638 3575 767 3614 rum
802 3563 1065 3613 veterum
1100 3554 1388 3621 nacto,vel
1422 3570 1617 3610 errore
1647 3554 1742 3609 hic
1772 3553 1995 3608 librarii
2031 3550 2141 3627 ῥώς
2191 3569 2295 3624 pro

640 3646 749 3723 ῥώξ
782 3648 1063 3717 positum.

713 3734 994 3795 Σάλπακις
1041 3753 1096 3807 p.
1130 3736 1260 3789 472.
1300 3735 1395 3789 Ait
1426 3733 1707 3805 Salpacin,
1743 3733 1897 3804 quod
1926 3736 2051 3787 erat
2082 3748 2293 3803 cogno-

640 3831 903 3881 mentum
973 3824 1313 3880 Mantacbiaa
1372 3825 1684 3894 cujusdam
1765 3822 1930 3877 ducis
2008 3822 2295 3877 exercitus

638 3919 972 3982 Persarum,
1008 3916 1241 3969 Persica
1273 3913 1473 3985 lingua
1505 3913 1874 3984 significasse
1905 3914 2135 3967 fortem.

712 4023 1122 4095 Σταυροπήγια.
1161 4023 1215 4077 L.
1247 4038 1325 4089 v1,
1361 4020 1569 4075 titulus
1601 4026 1691 4075 est
1722 4020 1929 4089 capitis
1960 4020 2021 4073 11
2057 4036 2069 4074 :
2103 4020 2293 4079 Ὅπως

637 4110 897 4187 βασιλική
975 4109 1134 4183 νεαρὰ
1186 4103 1474 4182 προϐαίνει
1531 4107 1617 4161 ἐπὶ
1678 4112 1793 4168 τοῖς
1852 4108 2246 4182 σταυροπηγίοι
2280 4151 2292 4163 .

627 4203 797 4273 Apud
833 4201 1150 4255 Mathaeum
1212 4201 1533 4253 Blastarem
1565 4198 1778 4253 tituius
1811 4202 1899 4252 est
1926 4215 1937 4251 :
1964 4198 2088 4252 Ὂτι
2142 4196 2294 4267 μόνῳ

628 4295 708 4361 τῷ
769 4289 1083 4363 πατριάρχῃ
1151 4282 1781 4347 Κωνσταντινουπόλεως
1860 4282 2067 4338 δίδοται
2144 4305 2294 4338 σταυ-

638 4380 888 4453 ροπήγια
917 4381 1119 4431 παντοῦ
1168 4374 1425 4447 πέμπειν.
1460 4378 1577 4433 Soli
1630 4375 1968 4446 patriarchae
2027 4375 2293 4429 Constan-

635 4470 935 4541 tinopoleos
989 4484 1303 4523 concessum
1378 4482 1493 4521 esse
1555 4467 1911 4536 stauropegia
1979 4481 2296 4535 quocunque

634 4563 871 4615 mittere.
935 4564 1080 4613 Tum
1141 4574 1263 4612 rem
1323 4557 1512 4627 ipsam
1574 4556 1659 4610 sic
1698 4555 1985 4627 explicat:
2021 4552 2187 4625 Μόνῳ
2215 4558 2295 4624 τῷ

634 4650 953 4723 πατριάρχῃ
1065 4643 1709 4706 Κωνσταντινουπόλεως
1839 4642 1897 4697 ἐκ

634 4741 739 4811 [Ρ.
801 4741 929 4809 415]
991 4736 1196 4812 ἐφεῖται
1264 4738 1471 4806 μακρᾶς
1534 4730 1921 4807 σταυροπήγιά
1976 4753 2034 4786 τι
2092 4730 2299 4786 διδόναι

632 4827 723 4881 καὶ
773 4828 873 4895 τήν
926 4825 1195 4899 ἀναφορὰν
1246 4824 1337 4878 καὶ
1393 4825 1621 4895 μνήμην
1675 4824 1772 4876 τοῦ
1814 4823 2082 4893 ὀνόματος
2134 4822 2300 4875 αὐτοῦ

633 4915 807 4991 ἔχειν,
859 4915 925 4968 οὐ
957 4915 1119 4986 μόνον
1169 4913 1221 4968 ἄν
1256 4916 1340 4974 οἷς
1372 4913 1629 4980 κέκτηται
1676 4908 1836 4972 ἰδίοις
1874 4911 2103 4985 χωρίοις
2133 4912 2304 4965 ὁπου-

635 5005 845 5077 δήποτε
900 5005 1172 5077 κειμένοις
1247 5002 1336 5057 καὶ
1395 5008 1511 5065 τοῖς
1566 5002 1847 5070 ἀκινήτοις
1894 5004 2136 5073 κτήμασι
2189 5006 2297 5056 τῶν

638 5095 1015 5168 ὑποκειμένων
1069 5093 1249 5164 τούτῳ
1304 5090 1711 5166 μοναστηρίων,
1762 5088 1909 5145 ἀλλὰ
1945 5091 2033 5145 καὶ
2079 5090 2130 5145 ἐν
2180 5097 2297 5153 ταῖς

636 5184 744 5239 τῶν
822 5182 1225 5258 μητροπόλεων
1289 5180 1468 5235 αὐτῶν
1531 5177 1788 5250 ἐνορίαις,
1852 5175 1974 5232 ἔνθα
2026 5177 2085 5232 ἂν
2155 5179 2301 5251 παρὰ

630 5280 727 5331 τοῦ
792 5276 884 5328 τὸν
941 5275 1074 5327 νεὼν
1156 5270 1535 5345 ἀνεγείροντος
1596 5266 1813 5337 δηλαδή
1873 5267 2296 5343 προσκληθείη.

633 5368 752 5422 Soli
808 5366 1151 5434 patriarchae
1212 5360 1723 5432 Constantinopolis
1780 5361 1929 5415 601
1991 5377 2065 5415 ex
2133 5361 2300 5431 longa

632 5457 1035 5515 consuetudine
1063 5454 1415 5526 permittitur
1443 5451 1821 5522 stauropegia,
1855 5450 1973 5505 sive
2033 5453 2296 5507 crucium

632 5549 900 5613 ﬁxiones,
929 5546 1227 5602 concedere
1255 5552 1307 5599 et
1336 5544 1659 5597 relationem
1680 5556 1745 5594 ac
1774 5541 2102 5595 memoriam
2124 5545 2297 5597 nomi-

631 5642 722 5694 nis
751 5639 832 5694 ibi
863 5638 1086 5701 habere,
1120 5652 1227 5690 non
1260 5636 1440 5690 solum
1473 5636 1528 5687 in
1561 5632 1790 5700 pradiis
1818 5639 1915 5686 aut
1949 5635 2118 5687 terris
2172 5649 2300 5707 quae

630 5726 907 5802 peculiari
952 5727 1087 5797 jure
1142 5723 1398 5798 possidet,
1460 5721 1773 5794 ubicunque
1830 5721 1940 5775 sila
1977 5723 2109 5789 sint,
2141 5727 2193 5778 et
2236 5725 2298 5781 in

2406 3355 2841 3411 decernebantur
2871 3358 3145 3427 quaedam,
3176 3362 3294 3411 tum
3320 3356 3462 3411 illud
3490 3360 3549 3410 in
3568 3357 3790 3428 primis,
3837 3368 3900 3413 ut
3961 3375 4093 3432 qua:

2406 3445 2718 3516 ubicunque
2750 3446 3009 3516 cujusque
3037 3446 3186 3500 modi
3211 3445 3425 3516 pradia
3448 3446 3531 3500 vel
3587 3448 3949 3503 monasteria
3978 3468 4092 3521 pa-

2405 3536 2650 3588 triarcha
2727 3536 2844 3603 juri
2895 3538 3167 3590 reservata
3218 3544 3593 3601 censerentur,
3678 3552 3750 3591 ea
3822 3538 4094 3610 deinceps

2405 3622 2690 3695 episcopis,
2725 3640 2958 3695 quorum
2987 3626 3047 3677 in
3086 3625 3332 3695 propriis
3380 3625 3727 3680 diazcessibus
3754 3627 3859 3681 illa
3910 3638 4102 3683 essent

2404 3715 2511 3768 sita
2541 3714 2969 3782 subjicerentur.
3008 3714 3090 3767 ita
3122 3713 3257 3782 ille;
3292 3713 3511 3785 quibus
3534 3714 3724 3769 verbis
3760 3715 3937 3773 vides
3988 3718 4093 3772 de-

2405 3802 2609 3856 clarari
2645 3803 2784 3873 quid
2817 3802 2874 3856 in
2904 3802 3072 3857 titulo
3106 3820 3241 3857 voce
3294 3803 3714 3875 σταυροπηγίων
3760 3806 4089 3862 intellexe-

2407 3892 2500 3945 rit.
2530 3890 2703 3946 Plura
2736 3892 2804 3946 de
2838 3891 2930 3946 his
2963 3908 3077 3946 non
3112 3893 3264 3959 dico,
3298 3894 3450 3963 quod
3477 3897 3535 3947 et
3566 3892 3864 3949 Meursius
3900 3898 4090 3950 verbo

2405 3980 2811 4052 σταυροπήγιον
2842 3985 2898 4035 et
2926 3985 3059 4051 post
3092 3980 3256 4035 illum
3291 3980 3379 4035 vir
3403 3982 3782 4052 pereruditus
3811 3982 4090 4039 Jacobus

2406 4071 2557 4126 Goar
2587 4071 2649 4125 Ο.
2686 4076 2748 4125 Ρ.
2788 4088 2918 4143 pag.
2943 4073 3070 4134 612,
3104 4076 3160 4125 et
3190 4072 3298 4126 615
3328 4074 3419 4127 sui
3453 4072 3797 4145 Euchologii
3834 4077 4091 4147 copiose

2406 4177 2471 4214 ac
2503 4160 2814 4230 diligenter
2847 4160 2954 4214 hoc
2986 4160 3336 4215 vocabulum
3368 4162 3722 4230 edisserant,
3784 4162 3974 4234 plane
4028 4166 4089 4219 in

2406 4250 2761 4305 sententiam
2799 4250 2986 4305 nostri
3021 4250 3414 4322 Pachymeris.

2505 4372 2711 4446 Στύψις
2772 4372 2863 4427 καὶ
2917 4374 3238 4448 στυπτηρία,
3300 4392 3357 4447 p.
3418 4378 3542 4431 420.
3606 4377 3730 4431 Non
3821 4379 4087 4434 dubium

2406 4464 2546 4535 quin
2601 4470 2853 4535 utroque
2912 4464 3023 4519 hoc
3080 4464 3359 4520 vocabulo
3408 4464 3644 4520 alumen
3704 4465 4092 4537 designetur.

2409 4570 2573 4609 merx
2619 4554 2874 4625 expetita
2928 4554 2999 4608 ob
3059 4570 3233 4608 usum
3294 4554 3586 4610 celebrem
3646 4555 3704 4609 in
3760 4556 4088 4627 tingendis

2020 4643 2298 4711 συνηθείας

2410 4643 2621 4714 pannis
2654 4643 2861 4708 laneis,
2892 4647 2955 4696 ut
2985 4644 3068 4697 ait
3098 4642 3192 4698 hic
3237 4644 3612 4715 Pachymeres
3674 4650 3903 4713 noster,
3971 4646 4091 4701 ἐπεὶ

2412 4729 2601 4803 πολλῇ
2658 4731 2765 4785 τινί
2812 4735 3056 4805 χρῶνται
3105 4733 3274 4805 ταύτῃ
3321 4732 3386 4785 τὰ
3435 4732 3488 4802 ἐξ
3536 4731 3698 4808 ἐρίων
3757 4734 4091 4811 ὑφάσματα.

2412 4825 2572 4889 Quod
2598 4823 2940 4878 distinctius
2966 4823 3193 4878 Plinius
3222 4839 3575 4895 exsequens,
3608 4826 3777 4879 docet
3806 4825 3843 4879 l.
3906 4845 4090 4893 xxxv,

2410 4932 2459 4970 c.
2496 4916 2581 4984 15,
2616 4930 2750 4968 cum
2784 4913 2906 4968 sint
2938 4912 3220 4968 aluminis
3252 4913 3480 4985 species
3512 4915 3666 4981 duae,
3718 4916 3975 4972 candidi
4039 4926 4092 4973 et

2410 5004 2583 5077 nigri,
2617 5002 2951 5057 inficiendis
2974 5002 3132 5058 claro
3157 5001 3518 5058 colorelanis
3548 5004 3873 5059 candidum
3910 5006 4091 5080 liqui-

2411 5096 2674 5164 dumque
2706 5092 3089 5147 utilissimum
3150 5108 3301 5158 esse,
3371 5098 3692 5164 contraque
3748 5094 3926 5151 fusco
3991 5102 4091 5151 aut

2410 5186 2660 5241 obscuro
2694 5181 2825 5237 fuco
2858 5182 3067 5237 iisdem
3101 5182 3441 5237 imbuendis
3471 5182 3710 5254 nigrum
3735 5199 4088 5243 accommo-

2409 5276 2631 5329 datum.
2663 5275 2790 5325 Mox
2821 5270 3038 5326 ibidem
3071 5270 3299 5327 Plinius
3329 5272 3484 5327 θοι
3533 5270 3660 5326 loca
3716 5289 4086 5345 percensens

2408 5364 2505 5418 ubi
2537 5362 2771 5417 alumen
2807 5360 3093 5431 provenit,
3128 5361 3379 5417 Pontum
3427 5346 3738 5429 memorat,
3786 5365 3956 5421 unde
3988 5366 4083 5420 hic

2407 5454 2616 5509 Noster
2644 5452 2825 5506 refert
2855 5450 3078 5506 solidos
3110 5450 3256 5505 illud
3304 5467 3407 5521 per
3437 5450 3732 5506 Euxinum
3764 5461 4085 5524 experiare

2405 5548 2762 5599 Genuenses.
2793 5541 3046 5597 Phocaeae
3077 5546 3275 5596 tamen
3312 5556 3427 5596 non
3461 5541 3759 5610 meminit,
3792 5545 3900 5599 ubi
3931 5546 4086 5601 fodi-

2407 5652 2514 5690 nas
2546 5632 2827 5688 aluminis
2876 5632 3045 5703 ponit
3099 5632 3504 5704 Pachymeres,
3553 5632 3747 5688 serius
3808 5634 4085 5692 videlicet

2408 5725 2665 5780 detectas
2697 5737 2804 5778 nec
2836 5719 3009 5776 Plinii
3027 5721 3151 5793 jam
3176 5726 3304 5777 tum
3336 5724 3504 5777 atate
3535 5720 3823 5781 celebres.
