4210 6448
208 372 348 427 1065

1666 374 2145 431 οωειεωιωί.

3472 385 3606 440 1066

314 507 583 584 Σύμϐολα
639 509 961 567 δεσποτιχοῦ
1031 511 1280 578 θανάτου,
1343 531 1400 584 p.
1456 515 1581 568 350.
1668 515 1852 570 Mani-

1968 516 2177 571 Joanni
2212 518 2366 572 duci.
2407 520 2567 575 Unde
2619 521 2970 593 intelligitur
3022 523 3379 580 additionem
3439 526 3599 581 illam

207 604 355 657 fests
387 603 446 657 in
479 603 571 656 his
604 618 770 657 sacra
808 603 1170 657 Eucharistia
1201 602 1550 673 designatur
1581 603 1697 657 illis
1727 620 1855 657 ver-

205 690 295 744 bis
328 734 341 745 .
378 683 643 760 Σύμϐολα
675 693 1009 742 Δεσποτικοῦ
1070 687 1301 751 θανάτου
1357 690 1656 747 dominica?
1708 708 1855 746 more

206 782 275 834 tis
303 780 570 850 symbolo,
604 796 729 849 quas
761 780 962 834 statim
1001 784 1131 849 post
1164 779 1292 850 ἅγια
1324 775 1470 851 δῶρα
1530 787 1850 851 nuncupat.

208 867 390 935 Cujus
420 866 831 937 appellationis
885 872 1169 920 rationem
1230 883 1398 920 nemo
1459 868 1735 936 requiret,
1791 868 1854 935 [P

209 956 336 1026 416]
370 956 469 1025 qui
505 955 834 1009 meminerit
867 955 1014 1008 illud
1067 955 1323 1024 Apostoli
1383 956 1453 1009 ad
1490 956 1507 1009 Ι
1565 956 1851 1021 Corinth.,

205 1062 283 1108 xx,
313 1045 384 1098 26
417 1062 430 1098 :
468 1043 905 1113 Quotiescunque
930 1042 1333 1097 manducabitis
1382 1060 1581 1112 panem
1611 1044 1758 1099 hunc
1805 1047 1854 1098 et

205 1135 438 1189 calicem
479 1135 694 1199 bibatis,
717 1144 947 1188 mortem
967 1134 1185 1187 Domini
1208 1136 1639 1199 annuntiabilix,
1686 1135 1855 1189 donec

203 1234 433 1278 mental.
469 1223 658 1277 Unum
694 1224 845 1277 addo
876 1224 945 1276 de
993 1238 1123 1277 voce
1158 1216 1471 1292 Σύμϐολον,
1514 1240 1647 1277 cum
1710 1225 1852 1278 sim-

205 1314 431 1382 pliciter
463 1312 679 1365 dicitur
703 1327 996 1366 summam
1021 1310 1483 1366 Christianorum
1510 1313 1850 1383 dogmatum

206 1400 466 1455 indicare
494 1401 645 1469 apud
683 1400 840 1454 hunc
872 1407 1136 1453 nostrum
1183 1416 1435 1469 quoque,
1497 1408 1559 1455 ut
1618 1418 1748 1455 cum
1801 1403 1852 1454 is

205 1506 340 1544 mox
372 1491 535 1543 addit
566 1488 978 1542 meribundum
1013 1490 1424 1558 imperatorem
1456 1491 1514 1543 in
1550 1491 1849 1560 procinctu

203 1579 355 1633 sacri
386 1578 732 1647 (accipiendi
787 1576 977 1631 viatici
1036 1576 1097 1627 τὸ
1158 1575 1309 1647 ἀγιον
1353 1573 1602 1646 διεξιέναι
1635 1575 1851 1649 Σάμϐο-

204 1666 326 1731 λον,
381 1665 725 1737 Symbolum
784 1665 1052 1718 videlicet
1108 1666 1490 1735 apostolicum
1547 1667 1677 1723 ﬁdei
1731 1686 1852 1725 sua:

204 1755 540 1826 proﬁtendae
564 1755 861 1809 recitasse.
891 1753 1041 1807 Alibi
1091 1770 1241 1822 saepe
1299 1755 1355 1808 in
1417 1755 1523 1809 hac
1583 1756 1849 1822 historia,

1963 606 2166 675 prima:
2194 608 2427 678 syllaba:
2458 610 2527 663 ad
2556 626 2767 665 nomen
2796 613 2953 666 istud
2980 629 3093 667 non
3129 614 3440 684 pertinere,
3502 618 3603 670 sed

1961 696 2295 764 adjunctam
2330 698 2382 752 ei
2414 702 2838 755 consuetudine
2860 701 3093 757 illarum
3128 705 3390 773 gentium
3422 705 3606 777 origi-

1960 784 2051 837 nis
2084 785 2389 849 Francicaa,
2423 786 2509 841 vel
2534 804 2599 841 ex
2634 787 2803 859 longa
2838 806 2970 843 eum
3005 790 3241 845 Francis
3290 799 3607 847 consuetu-

1960 870 2113 939 dine,
2147 890 2356 928 nomen
2389 874 2538 945 Syre.
2576 878 2726 946 quod
2763 894 2831 931 ex
2878 882 3073 933 Graeco
3130 879 3321 951 κύριος
3380 882 3599 936 factum

1959 966 2217 1029 putatur,
2251 979 2358 1016 suo
2390 964 2635 1035 principi
2670 968 3264 1022 accommodantium.
3328 970 3607 1039 Suspicor

1959 1049 2111 1104 idem
2140 1068 2368 1119 nomen,
2397 1053 2528 1108 licet
2561 1056 2795 1123 paulum
2820 1058 3044 1111 diverse
3076 1059 3382 1128 scriptum,
3407 1061 3593 1115 fuisse

1960 1141 2331 1211 Συριωάννης,
2366 1143 2519 1212 quod
2560 1144 2794 1198 cuidam
2850 1146 3027 1200 nobili
3071 1146 3324 1202 Comano
3374 1148 3433 1203 in
3494 1150 3595 1203 ba-

1959 1227 2174 1297 ptismo
2207 1230 2456 1284 inditum
2489 1232 2662 1286 refert
2692 1234 3152 1303 Cautacuzenus,
3179 1235 3217 1289 l.
3254 1253 3291 1303 ι,
3326 1252 3375 1291 ο.
3406 1241 3495 1294 Ii.

2031 1339 2267 1406 Σφαῖρος
2328 1333 2779 1406 Ἐμπεδόκλειος,
2855 1356 2909 1410 p.
2993 1341 3118 1396 203.
3209 1342 3401 1396 Primo
3456 1344 3607 1398 mihi

1959 1420 2064 1477 loci
2100 1425 2276 1495 hujus
2306 1443 2551 1480 occursu
2584 1427 2741 1481 venit
2787 1429 2845 1481 in
2907 1434 3159 1484 mentem
3222 1431 3445 1486 laudari
3508 1432 3604 1486 hic

1959 1514 2307 1569 sententiam
2344 1515 2675 1585 philosophi
2707 1516 2919 1571 veteris
2948 1534 2977 1571 e
3008 1518 3319 1589 discipulis
3350 1526 3453 1575 aut
3507 1537 3600 1575 se-

1959 1604 2156 1657 ctariis
2201 1604 2586 1674 Empedoclis.
2644 1606 2739 1659 cui
2808 1622 3019 1660 nomen
3098 1608 3335 1677 Sphaero
3422 1616 3597 1664 esset.

1958 1690 2170 1755 Quidni
2201 1692 2514 1747 enimtalis
2545 1693 2957 1765 appellationis
3017 1696 3306 1766 quispiam
3373 1699 3604 1753 dedisse

1957 1796 2191 1849 operam
2227 1781 2554 1851 Empedocli
2580 1784 2639 1850 [P
2680 1784 2803 1854 417]
2831 1784 3130 1854 potuisset,
3164 1802 3297 1839 cum
3329 1787 3607 1857 Spha'rus

204 1845 546 1937 gymilf’hlm
576 1843 1539 1937 Nlcm‘lum_3b5°lut3_symb01“m
1572 1848 1853 1937 Ποωίηθῖ-
1886 1855 1932 1919 Β
1964 1843 2113 1923 alius
2144 1886 2174 1923 e
2203 1843 2496 1925 Cleahtbis
2529 1843 2746 1937 schola,
2788 1843 2965 1927 notus
3020 1843 3223 1928 auctor
3281 1843 3604 1929 multorum

206 1932 654 2003 Intelligebatur
682 1931 837 1985 enim
869 1932 940 1984 de
993 1947 1108 2000 quo
1167 1931 1402 1999 diceret,
1464 1949 1531 1986 ex
1588 1936 1851 2003 subjecta

210 2023 474 2087 materia,
507 2037 639 2074 cum
666 2025 1014 2073 tractaretur
1042 2021 1434 2075 controversia
1462 2021 1531 2076 de
1554 2024 1851 2079 additione

205 2112 455 2180 Filioque
481 2109 749 2181 Symbolo
778 2109 1026 2170 Nicaano.
1050 2109 1135 2163 vel
1168 2110 1217 2163 si
1242 2111 1500 2165 exactius
1532 2111 1849 2182 loquimur,

202 2200 871 2271 Constantinopolitano,
909 2219 941 2255 a
971 2201 1195 2255 Latinis
1230 2200 1469 2257 inserta.
1524 2204 1664 2258 Vide
1724 2221 1849 2276 quas

199 2296 553 2345 annotamus
585 2290 653 2345 ad
682 2289 718 2343 Ι.
750 2306 806 2357 v,
843 2292 925 2342 11.

276 2387 593 2459 Συγχωρὲω
623 2385 711 2437 καὶ
742 2385 1122 2458 συγχώρησις,
1158 2404 1213 2457 p.
1263 2388 1385 2441 385.
1425 2394 1535 2443 Aut
1587 2391 1848 2446 oblatum

200 2481 273 2532 ab
309 2480 660 2549 imperatore
692 2492 857 2530 sacro
890 2477 1107 2545 templo
1134 2477 1624 2545 pretiosissimum
1651 2480 1849 2536 altaris

201 2566 419 2632 velum,
454 2582 587 2620 eum
626 2564 1026 2620 absolveretur
1082 2565 1154 2618 ab
1227 2565 1849 2630 excommunicatione,

200 2657 450 2727 dignum
485 2674 546 2710 se
577 2672 643 2710 ac
677 2655 775 2710 tali
803 2654 1193 2725 gratulatione
1225 2655 1468 2708 donum.
1504 2654 1573 2708 Ut
1605 2655 1715 2720 hic,
1768 2656 1850 2709 sic

200 2752 257 2799 et
290 2746 429 2799 alibi
466 2745 701 2798 verbum
732 2760 1041 2817 συγχωρελν
1076 2744 1133 2797 in
1167 2744 1275 2797 ista
1310 2744 1542 2797 notione
1574 2744 1846 2797 sumitur.

201 2835 296 2889 Uti
334 2840 390 2888 et
423 2832 777 2906 συγχώρησις
810 2849 912 2903 pro
960 2832 1088 2901 ipsa
1144 2831 1508 2887 absolutione
1558 2832 1665 2887 hoc
1723 2834 1851 2903 ipso

200 2923 393 2993 capite
427 2938 440 2975 :
475 2920 754 2992 ἆντειχετο
785 2919 858 2979 ὡς
896 2918 1062 2979 λεπὰς
1119 2918 1323 2972 ἐκείνου
1362 2921 1617 2991 (Josephi
1680 2922 1854 2991 patri-

199 3013 389 3065 archae
421 3012 575 3075 novi,
608 3010 708 3080 qui
740 3026 871 3065 eum
907 3010 977 3064 ab
1008 3011 1602 3065 excommunicatione
1661 3010 1847 3065 solve—

205 3104 322 3171 rat)
356 3096 445 3152 διά
498 3118 557 3151 τε
613 3098 712 3165 τήν
776 3097 866 3151 ἀπ’
912 3096 1120 3151 ἐκείνου
1178 3099 1553 3172 συγχώρησιν,
1617 3106 1853 3170 propter

1962 1975 2225 2028 operum,
2260 1959 2497 2029 Diogeni
2528 1961 2754 2014 Laertio
2780 1969 3136 2017 memoratus
3162 1965 3237 2017 sit
3267 1964 3294 2017 ?
3325 1965 3608 2019 Animad-

1960 2047 2100 2100 verti
2137 2052 2334 2116 postea
2364 2048 2630 2103 obortam
2680 2052 3013 2120 opinionem
3074 2052 3338 2106 eamdem
3403 2054 3605 2108 Hiero-

1963 2152 2137 2207 nymo
2168 2136 2378 2190 Wolﬁo
2414 2136 2569 2190 hunc
2604 2137 2792 2192 locum
2829 2139 2887 2192 in
2918 2156 3025 2193 sua
3079 2142 3360 2209 Excerpta
3416 2143 3606 2196 confe-

1964 2226 2132 2279 renti.
2170 2227 2281 2280 Sed
2306 2226 2699 2281 consideranti
2736 2245 2854 2281 rem
2882 2229 3164 2283 attentius
3197 2230 3355 2284 brevi
3412 2233 3605 2300 patuit

1962 2317 2186 2387 σφαῖρος
2220 2314 2314 2368 hic
2342 2318 2677 2388 proscpaipa
2726 2317 2982 2386 positum
3045 2319 3215 2387 plane
3272 2318 3605 2389 signiﬁcare

1964 2402 2179 2467 follem,
2214 2403 2624 2473 orbicularem,
2653 2405 2858 2474 quales
2875 2406 3141 2461 videmus
3176 2407 3322 2477 pilas
3356 2409 3606 2477 majores

1962 2493 2168 2562 spiritu
2205 2493 2516 2554 confertas,
2552 2510 2698 2563 quas
2730 2494 2857 2547 Itali
2887 2496 3127 2563 pallom’,
3190 2496 3340 2550 Galli
3390 2498 3605 2551 ballom

1964 2582 2288 2635 nominant.
2341 2582 2601 2651 Excipiet
2657 2583 2872 2652 aliquis
2924 2591 3125 2638 contra
3178 2601 3288 2638 non
3368 2585 3607 2655 reperiri

1964 2686 2173 2724 nomen
2198 2672 2353 2725 istud
2377 2671 2483 2724 hac
2508 2674 2713 2738 forma,
2734 2674 2834 2727 sed
2862 2674 3152 2728 feminina;
3169 2674 3384 2744 ubique
3404 2676 3608 2729 termi-

1960 2761 2215 2814 nationis
2246 2766 2301 2814 et
2327 2761 2556 2829 generis
2588 2762 2738 2829 apud
2773 2762 3087 2833 scriptores
3137 2762 3413 2816 classicos
3462 2763 3609 2833 legi-

1960 2850 2245 2904 Concedo.
2279 2849 2425 2912 Quid
2462 2853 2583 2903 tum
2619 2858 2823 2919 postea
2856 2853 2877 2904 ?
2906 2868 2977 2906 an
3011 2856 3100 2906 est
3145 2852 3288 2906 adeo
3344 2850 3602 2905 alienum

1962 2956 1994 2994 a
2024 2938 2394 3008 Pachymeris
2429 2953 2588 2993 more
2619 2940 2898 3008 quiddam
2959 2940 3017 2994 in
3076 2940 3291 2994 talibus
3348 2958 3601 2992 καινοτο-

1964 3031 2080 3098 μεῖν
2113 3027 2139 3080 ‘2
2175 3028 2449 3081 Praeterea
2482 3027 2769 3096 suspicari
2801 3026 2937 3082 licet
2959 3029 3147 3083 visum
3181 3028 3291 3099 ipsi
3343 3028 3598 3099 aliquem

1960 3118 2178 3171 librum
2209 3115 2397 3170 idonei
2431 3116 2684 3171 auctoris
2716 3116 2888 3171 exiis
2948 3118 3152 3172 multis
3206 3118 3305 3185 qui
3363 3120 3433 3172 ad
3496 3135 3601 3173 nos

197 3188 654 3255 absolutionem,
689 3204 861 3259 quam
886 3204 1019 3243 eum
1046 3188 1359 3251 frustra,ab
1390 3189 1631 3243 Arsenio
1656 3188 1849 3260 petiis-
1876 3215 1921 3277 Ο
1962 3224 2075 3261 non
2114 3211 2516 3276 pervenerunt,
2552 3206 2650 3259 ubi
2676 3209 2901 3279 σφαῖρος
2935 3223 3037 3276 pro
3086 3210 3310 3281 σφαῖρος
3361 3224 3599 3277 ponere.

197 3287 309 3345 set,
344 3297 378 3333 a
408 3278 697 3333 Germano
731 3278 1127 3348 accipiendam
1157 3295 1269 3331 non
1321 3278 1626 3348 potuisset,
1687 3278 1846 3333 deni-

198 3383 316 3439 que
348 3383 381 3420 a
416 3365 670 3436 Josepho
703 3365 869 3420 tertio
900 3366 971 3420 ab
1007 3365 1246 3419 Arsenio
1277 3366 1607 3436 patriarcha
1666 3367 1849 3438 impe-

199 3462 477 3511 traveral.

280 3544 559 3611 Συναπτή,
596 3560 651 3615 p.
688 3544 808 3597 174.
870 3544 1136 3615 Synaptaa
1187 3560 1397 3599 nomen
1460 3545 1663 3600 Latine
1714 3546 1848 3601 reti-

208 3634 339 3701 nui,
372 3633 510 3705 quia
550 3649 665 3689 non
698 3633 923 3703 reperio
952 3650 1135 3688 unum
1195 3632 1353 3688 aliud
1389 3633 1447 3688 in
1498 3640 1696 3689 nostra
1738 3636 1851 3690 lin-

208 3740 327 3794 gua
358 3723 599 3777 verbum
633 3738 749 3793 quo
782 3738 872 3776 res
918 3723 1040 3776 voci
1101 3722 1341 3789 συναπτή
1394 3723 1659 3793 subjecta
1708 3726 1850 3779 satis

209 3812 594 3883 exprimatur.
631 3810 813 3865 Multa
838 3812 908 3865 de
947 3828 1013 3866 ea
1073 3811 1294 3866 utiliter
1321 3814 1484 3867 docet
1540 3813 1849 3869 Meursius.

199 3901 446 3956 Videtur
477 3900 699 3972 aliquid
732 3900 923 3954 simile
957 3900 1038 3955 illi
1073 3902 1219 3972 parti
1254 3900 1588 3956 litaniarum
1622 3909 1851 3958 nostra-

202 4007 363 4059 rum,
387 4007 495 4058 qua
518 3995 653 4054 Deo,
688 3989 966 4044 continua
999 3991 1148 4044 serie
1208 3991 1392 4045 multo
1444 3994 1853 4047 commendan-

198 4085 317 4148 tur,
352 4078 599 4134 ecclesia
631 4078 888 4149 pontifex
910 4084 1047 4147 etc.,
1079 4079 1357 4149 adjuncta
1402 4080 1613 4152 cuique
1661 4080 1850 4135 accla-

193 4170 456 4224 matione
489 4166 689 4239 populi
726 4186 737 4223 :
778 4170 842 4223 Te
876 4185 1154 4239 rogamus,
1223 4170 1363 4224 audi
1411 4186 1528 4237 nos,
1585 4188 1686 4241 pro
1740 4188 1853 4241 quo

192 4257 412 4313 Graecis
442 4261 551 4323 est,
573 4259 683 4309 Τοῦ
716 4256 916 4331 Κυρίου
948 4253 1228 4328 δεηθῶμεν
1253 4260 1546 4314 Dominum
1574 4276 1850 4330 rogamus.

267 4364 479 4432 Συνών,
511 4381 567 4435 p.
619 4366 725 4419 .87.
761 4364 1121 4420 Pacbomius
1183 4365 1467 4421 litterator
1505 4367 1720 4429 dicitur
1776 4370 1853 4437 τῷ

192 4450 678 4526 Στρατηγοπούλῳ
744 4452 985 4527 Μιχαὴλ
1043 4453 1237 4508 συνών.
1294 4456 1398 4509 Hic
1462 4458 1560 4507 τοῦ
1644 4461 1855 4509 συνεῖνα

1954 3306 2067 3351 tur.
2123 3296 2231 3349 Sed
2282 3295 2439 3349 verbi
2497 3298 2949 3349 controversiam
2984 3296 3511 3366 proﬂigaverimus,
3544 3313 3604 3350 re

1954 3384 2132 3440 semel
2168 3384 2295 3453 ipsa
2325 3384 2662 3437 constituta.
2698 3382 3128 3449 Demonstrato,
3167 3385 3431 3453 inquam,
3492 3386 3602 3439 loci

1954 3490 2124 3542 quem
2161 3478 2480 3525 tractamus
2504 3473 2853 3526 sententiam
2888 3474 3113 3543 exigere
3147 3480 3210 3527 ut
3239 3472 3465 3547 οφαίρος
3497 3473 3602 3528 fol-

1954 3561 2065 3617 lem
2102 3561 2361 3615 rotundze
2396 3560 2593 3614 formae
2646 3561 2957 3630 signiﬁcet,
3018 3562 3195 3616 simul
3252 3562 3599 3616 evicerimus

1953 3653 2127 3707 istam
2151 3651 2327 3720 hujus
2353 3649 2644 3704 vobabulli
2667 3650 2774 3704 hoc
2805 3646 2929 3706 loco
2951 3651 3247 3705 notionem
3274 3668 3400 3706 esse
3425 3652 3596 3706 mini-

1955 3757 2048 3795 me
2078 3740 2339 3794 dubiam.
2371 3743 2522 3808 Ergo
2554 3738 2623 3793 ad
2658 3739 2713 3792 id
2770 3756 2876 3794 nos
2930 3740 3327 3810 accingamus.
3380 3742 3477 3794 Ait
3509 3740 3603 3795 hic

1956 3830 2335 3901 Pachymeres
2386 3827 2775 3898 patriarcham
2868 3829 3202 3894 Arsenium,
3287 3836 3601 3899 postquam

1952 3918 2220 3974 Michaeli
2254 3916 2572 3987 Palteologo
2606 3918 2939 3986 imperatori
2969 3919 3040 3972 ob
3080 3924 3428 3973 excaecatum
3488 3936 3600 3989 pu-

1956 4008 2157 4078 piliurn
2192 4012 2249 4061 et
2270 4006 2550 4076 collegam
2586 4022 2759 4060 suum
2792 4006 2851 4061 in
2884 4008 3127 4077 imperio
3149 4008 3435 4062 Joannem
3462 4026 3601 4079 pue-

1956 4114 2083 4150 rum
2120 4097 2302 4150 sacris
2334 4094 2732 4159 interdixerat,
2765 4095 3175 4150 dissimulasse
3208 4102 3428 4163 tamen,
3460 4098 3602 4152 dum

1956 4186 2221 4256 quaedam
2257 4183 2378 4238 ﬁeri
2411 4183 2626 4238 videret
2655 4184 2899 4238 minime
2922 4185 3275 4240 coherentia
3296 4201 3431 4240 eum
3461 4202 3601 4240 ana-

1956 4276 2209 4329 themate
2245 4273 2352 4327 rite
2383 4272 2622 4327 intorto.
2659 4273 2799 4329 Nam
2832 4289 2963 4327 cum
3008 4290 3142 4328 eum
3194 4275 3296 4344 qui
3355 4274 3477 4339 tali,
3542 4281 3606 4328 ut

1962 4362 2137 4433 paulo
2173 4368 2306 4416 ante
2338 4360 2618 4430 loquitur,
2640 4361 2826 4431 gladio
2856 4361 3083 4432 spiritus
3130 4380 3163 4418 a
3192 4364 3607 4418 communione

1960 4450 2213 4506 ﬁdelium
2245 4449 2416 4521 plane
2448 4450 2747 4505 abscissus
2776 4451 2983 4505 fuisset
3016 4454 3179 4506 nefas
3232 4456 3389 4505 esset
3437 4453 3608 4522 juxta

195 4545 377 4598 verbo
412 4559 528 4597 non
558 4543 1149 4613 quaelibetindicatur
1192 4545 1519 4615 praesentia,
1570 4548 1669 4600 sed
1715 4547 1850 4601 inti-
1884 4575 1931 4635 Β
1964 4557 2157 4595 sacros
2180 4554 2435 4593 canones
2466 4539 2775 4593 admittere
2800 4540 2869 4592 ad
2895 4538 3072 4593 ullam
3104 4540 3609 4610 participationem

196 4649 330 4686 mus
360 4630 662 4687 convictus
694 4632 1200 4703 domesticumque
1229 4633 1287 4686 in
1321 4650 1380 4687 re
1420 4632 1704 4689 litteraria
1734 4637 1843 4689 mi-

202 4720 541 4787 nisterium,
575 4720 743 4789 quale
776 4721 985 4775 divites
1007 4720 1145 4775 olim
1167 4722 1478 4776 exihebant
1508 4723 1577 4776 ab
1607 4724 1677 4778 iis
1701 4741 1849 4794 quos

197 4811 354 4881 apud
394 4826 456 4864 se
488 4809 803 4875 habebant,
839 4814 900 4864 ut
922 4826 1122 4865 eorum
1155 4812 1505 4876 eruditione,
1564 4830 1697 4867 cum
1758 4832 1852 4868 es-

198 4904 289 4953 set
322 4915 473 4968 opus
511 4908 609 4953 aut
666 4902 914 4968 vacaret,
962 4900 1333 4967 juvarentur.
1390 4900 1459 4955 Hi
1510 4900 1666 4956 baud
1735 4904 1852 4958 fere

195 4990 365 5043 aliter
386 5004 564 5058 quam
594 4986 841 5048 συνόντες
873 4990 1252 5057 vocabantur,
1286 4993 1349 5044 ut
1377 4989 1729 5062 intelligitur
1786 5009 1854 5047 ex

195 5077 371 5148 longo
404 5082 461 5131 et
490 5076 849 5149 perefeganti
882 5078 1125 5133 Luciani
1174 5078 1245 5133 de
1297 5078 1390 5133 his
1447 5078 1618 5145 libro,
1679 5083 1855 5151 cujus

196 5168 325 5233 ipse
348 5165 558 5222 titulus
587 5166 958 5237 (inscribitur
989 5167 1144 5221 enim
1206 5167 1335 5241 Ηερί
1396 5170 1469 5219 ὦν
1528 5164 1614 5221 ἐπὶ
1679 5170 1857 5242 μισθῷ

197 5256 351 5311 608
389 5254 679 5323 συνόντων)
712 5256 863 5311 hanc
896 5273 1073 5326 quam
1106 5258 1430 5312 asserimus
1461 5257 1640 5329 hujus
1689 5278 1857 5315 voca-

205 5346 325 5399 buli
364 5346 662 5399 notionem
698 5347 1083 5401 demonstrat.

273 5442 650 5515 Συριωάννης,
687 5461 743 5515 p.
775 5444 901 5498 3'28.
945 5444 1080 5515 Agit
1124 5444 1196 5498 de
1247 5444 1472 5500 Joanne
1522 5446 1668 5501 duce
1728 5466 1859 5520 pro-

208 5533 358 5588 fecto
385 5532 635 5598 Thebas,
661 5538 720 5589 et
776 5531 898 5587 illic
954 5533 1277 5603 reperiente
1336 5550 1616 5604 magnum
1673 5538 1861 5593 domi-

204 5638 371 5690 num,
406 5638 579 5690 quem
615 5622 821 5693 lingua
851 5622 1218 5693 popularium
1246 5624 1324 5678 ibi
1357 5624 1738 5695 Syrioannvm
1772 5645 1863 5683 vo-

206 5712 453 5769 citatum
508 5712 613 5779 ait,
673 5716 731 5767 et
776 5716 970 5767 tamen
1031 5713 1442 5784 cognominem
1500 5714 1625 5786 ipse
1686 5718 1865 5776 fuisse

536 5832 798 5893 ΡΑτιιοι.
848 5833 957 5893 Ga.
1004 5831 1262 5897 CXLIII.

1962 4646 2287 4697 sacrorum,
2321 4634 2516 4682 tamen
2548 4645 2617 4682 ex
2646 4643 2712 4683 eo
2771 4633 3027 4697 tempore
3086 4646 3200 4683 non
3262 4630 3615 4684 destiterunt

1960 4716 2944 4786 Constantinapolitanisacerdotes
2964 4722 3020 4771 et
3043 4717 3236 4773 clerici
3270 4719 3614 4773 nominatim

1966 4823 2290 4863 memorare
2320 4806 2379 4860 in
2413 4822 2578 4861 sacro
2610 4806 2784 4860 choro
2817 4812 2992 4876 atque
3024 4806 3178 4861 inter
3207 4806 3333 4877 ipsa
3363 4808 3614 4878 liturgiea

1968 4898 2244 4969 mysteria
2276 4896 2685 4967 imperatorem
2711 4896 2843 4951 licet
2861 4898 3456 4962 excommunicatum,
3479 4914 3615 4953 con-

1962 4988 2193 5042 nivente
2225 4986 2297 5041 ad
2343 4986 2451 5041 hoc
2509 5002 2705 5041 coram
2763 5002 2824 5040 se
2884 4992 3232 5056 usurpatum
3284 4986 3615 5058 patriarcha

1965 5082 2123 5132 metu
2160 5075 2400 5145 majoris
2434 5076 2593 5130 mali.
2630 5073 2951 5129 Verebatur
2981 5076 3137 5130 604
3193 5077 3351 5131 enim
3410 5092 3502 5146 ne,
3561 5076 3612 5130 si

1965 5173 2022 5223 et
2048 5167 2154 5221 hoc
2186 5167 2488 5229 vetuisset,
2520 5180 2765 5220 excussa
2798 5181 2913 5235 qua
2943 5169 3245 5236 utcunque
3277 5166 3616 5221 contineba-

1966 5262 2065 5309 tur
2094 5256 2412 5324 imperator
2434 5254 2783 5308 verecundia
2802 5254 3053 5324 quadaiu
3080 5270 3254 5308 sacris
3289 5254 3628 5325 potestatis,

1969 5344 2167 5400 omnia
2215 5344 2273 5398 in
2342 5349 2661 5399 extremam
2715 5343 3213 5414 perturbationem
3266 5343 3624 5415 impelleret,

1970 5434 2341 5502 eveniretque
2399 5432 2515 5488 tale
2546 5431 2768 5503 aliquid
2839 5432 3014 5503 quale
3064 5432 3123 5486 in
3177 5430 3394 5505 Ulyssis
3456 5447 3626 5499 nave,

1974 5522 2322 5586 dormiente,
2359 5523 2505 5593 ipso,
2539 5520 2782 5577 feliciter
2814 5522 2884 5576 ad
2920 5526 3154 5592 portum
3188 5521 3509 5593 aspirante,
3532 5525 3621 5575 te-

1977 5610 2227 5666 meraria
2284 5610 2604 5681 cupiditate
2662 5610 2948 5665 comitum
3002 5609 3130 5680 ejus
3212 5609 3446 5680 accidit,
3523 5607 3630 5680 qui

2047 5721 2237 5778 Ἀσκὸν
2276 5721 2373 5794 μὶν
2401 5719 2593 5793 λῦσαν,
2624 5720 2814 5795 ἄνεμοι
2848 5718 2893 5775 δ’
2924 5718 2984 5775 ἐκ
3014 5722 3207 5782 πάντες
3236 5716 3466 5793 ὄρουσαν

3228 5844 3308 5903 34
