4218 6450
562 393 699 450 1067

632 514 770 576 Τοὺς
803 511 848 568 δ’
880 511 994 584 αἶψ’
1018 506 1300 584 ἁρπάσασα
1330 499 1778 584 φέρενμπόντονδε
1807 497 2013 555 Θύελλα

640 573 1138 657 Κλαῖονταξγαίης
1169 579 1276 634 ἀπὸ
1308 573 1594 651 πάἑρίδος,

567 701 634 752 ut
664 697 789 768 ipse
819 691 1059 764 Ulysses
1091 687 1298 760 lugens
1328 684 1568 740 Alcinoo
1602 683 1802 737 narrat
1849 679 1956 735 Od.
2015 698 2049 731 κ
2105 679 2215 734 sub

568 786 806 844 initium
847 798 860 837 :

573 901 750 957 Utrem
765 896 985 969 quidem
1008 894 1302 969 solverunt:
1337 887 1495 969 venti
1527 890 1931 969 autem__omnes
1971 898 2218 969 erupere:

1614 384 1684 446 ξΡ.
1727 381 2000 436 POSSXNI
2037 375 2659 434 OBSERVATIONUM
2697 379 2826 432 LIB.
2865 381 2912 432 Ῑ.

2247 506 2304 571 Α
2336 500 2769 572 pingendorum
2800 501 2858 556 in
2893 506 3055 558 utres
3087 517 3289 558 eorum
3322 502 3545 558 similes
3578 518 3726 573 quos
3781 504 3990 559 )Eolus

3842 378 3990 435 1068

2323 589 2517 661 Ulyssi
2550 590 2804 644 donavit.
2840 591 2978 661 Ejus
3024 591 3144 646 haec
3201 591 3378 645 verba
3429 595 3610 645 sunt:
3665 590 3996 661 Ἀνεμοκοῖ-

2321 698 2408 732 ται
2455 679 2611 754 γένος
2660 680 2710 732 ἐν
2767 679 3010 753 Κορίνθῳ
3040 677 3270 751 ἀνέμους
3301 679 3643 750 κοιμίζοντες
3671 721 3684 734 .
3717 679 3792 740 εἷς
3849 680 3990 754 ὅπερ

2327 764 2512 836 δεξιῶς
2563 765 2775 841 λέγεται
2834 765 3136 831 διακεῖσθαι
3185 767 3273 820 καὶ
3317 765 3729 838 Ἐμπεδοκλῆς,
3780 767 3842 820 οὗ
3891 769 3991 821 καὶ

2327 855 2403 916 εἰς
2435 857 2568 910 αὐτὸ
2609 857 2780 930 τέχνη
2815 857 3120 930 ἱστόρηται.
3167 860 3540 913 Anemoca’tae
3585 867 3749 912 sectae
3799 857 3991 912 homi-

570 945 1340 1042 iiiSé'iei-b'aibitd'{apim
1390 959 1521 1014 tulit
1580 962 1640 1012 in
1703 961 1936 1014 Pontum
1980 945 2225 1026 procella
2327 962 2464 1001 num
2491 962 2687 1002 nomen
2718 955 2795 1002 est
2820 947 3081 1002 Corinthi
3107 950 3293 1001 ventos
3331 945 3710 1014 sapientium;
3753 963 3863 1018 qua
3882 963 3992 1000 va-

571 1037 784 1098 Ftentes
814 1058 848 1095 a
870 1049 1016 1095 terra
1041 1037 1250 1107 patria.

569 1155 873 1229 Ejusmodi
909 1150 1248 1224 quempiam
1272 1149 1470 1214 fmtum
1495 1144 1906 1210 tempestatibus
1936 1143 2139 1204 utrem,
2163 1143 2228 1192 ut

570 1227 786 1302 alicubi
843 1241 1101 1312 loquitur
1163 1235 1459 1302 Horatius,
1521 1235 1615 1288 hic
1674 1229 1904 1308 σφαίρου
1944 1227 2226 1285 vocabulo

569 1332 896 1404 designavit
917 1328 1324 1397 Pachymeres,
1349 1324 1478 1393 ejus
1493 1323 1681 1393 ﬁgura
1702 1318 2076 1391 imperatoris
2098 1317 2226 1371 irri-

568 1420 811 1477 tabilem
834 1419 1098 1473 animum
1126 1414 1510 1474 adumbrans,
1535 1426 1710 1481 quem
1731 1411 1858 1479 jam
1882 1411 2227 1462 aestuantem

571 1513 658 1566 ira
701 1510 860 1583 gravi
891 1509 962 1562 ob
997 1506 1312 1562 anathema
1352 1501 1667 1564 inﬂictum,
1700 1501 1750 1554 si
1785 1517 1994 1554 rursus
2047 1500 2230 1570 patri-

571 1599 749 1655 archa
781 1599 1115 1662 lacesseret,
1149 1589 1475 1666 periculum
1507 1594 1633 1644 erat
1683 1605 1751 1643 ne
1782 1589 1831 1642 is
1862 1593 2013 1642 totas
2054 1588 2230 1643 habe-

573 1706 681 1744 nas
713 1685 893 1743 furori
919 1686 1162 1740 laxarat.
1197 1681 1413 1750 Audio,
1443 1680 1596 1733 dicet
1631 1678 1778 1733 forte
1807 1677 2050 1748 quidam
2098 1694 2230 1732 eru-

573 1779 734 1834 ditus
767 1777 991 1832 lector:
1043 1773 1142 1828 sed
1201 1776 1341 1824 tunc
1404 1772 1742 1838 oportuerat
1790 1767 1946 1820 hunc
2005 1770 2230 1840 σφαῖρον

572 1863 902 1931 Ὀδύσσειον,
956 1879 1070 1918 non
1133 1853 1561 1930 Ἐμπεδόκλειον
1632 1855 1854 1909 dictum
1915 1871 1945 1909 a
2006 1855 2302 1933 Pachy-B

571 1972 749 2012 mere.
782 1953 930 2009 Nam
961 1950 1100 2022 quid
1135 1948 1368 2003 utribus
1399 1944 1600 2001 Eoliis
1631 1960 1765 1999 cum
1829 1944 2174 2014 Empedocle
2198 1944 2226 1998 ‘I

569 2047 652 2100 Ad
689 2045 808 2100 haec
829 2055 1184 2098 occursurus
1215 2053 1352 2108 rogo
1383 2051 1618 2105 aequum
1679 2033 1968 2088 arbitrum
2029 2049 2227 2088 rerum

570 2135 892 2190 informare
922 2144 1122 2186 secum
1157 2143 1226 2182 ne
1257 2130 1534 2197 gravetur
1583 2123 1775 2177 ideam
1838 2123 2057 2192 ingenii
2117 2124 2229 2178 Pa-

568 2222 861 2296 chymeris
902 2236 1083 2291 supra
1117 2217 1356 2272 modum
1381 2211 1724 2284 antiquarii,
1760 2227 1822 2266 se
1879 2212 2228 2267 eruditionis

572 2314 886 2381 abstrusas,
919 2307 1075 2380 quod
1110 2305 1312 2361 multis
1353 2319 1424 2358 ex
1455 2301 1596 2357 locis
1628 2305 1811 2372 patet,
1853 2302 2228 2356 ostentatoris

573 2419 718 2477 pene
745 2399 956 2472 putidi.
992 2398 1142 2467 Ergo
1174 2395 1224 2449 is
1274 2409 1386 2448 non
1445 2390 1590 2446 satis
1651 2390 1874 2444 habens
1935 2390 2230 2446 indicasse

571 2497 771 2549 notam
801 2488 915 2545 sibi
946 2490 1255 2542 ventorum
1288 2484 1346 2537 in
1382 2485 1544 2538 utres
1572 2484 1905 2536 coactorum
1940 2479 2010 2534 ab
2069 2480 2228 2535 1Eolo

571 2588 627 2638 et
658 2579 845 2652 Ulyssi
878 2577 1229 2651 traditorum
1262 2570 1545 2638 fabulam,
1575 2569 1746 2624 etiam
1783 2569 2026 2623 innuero
2057 2585 2230 2624 cura-

575 2671 657 2727 vit
686 2668 840 2724 baud
870 2683 932 2722 se
964 2666 1235 2736 ignorare
1267 2661 1564 2731 quodnam
1617 2662 1773 2712 esset
1827 2658 1956 2726 ejus
2018 2658 2227 2712 funda-

577 2764 842 2816 mentum
877 2752 1104 2810 fabulze.
1138 2753 1200 2820 [P
1242 2750 1366 2820 418]
1399 2748 1526 2803 Non
1557 2746 1713 2801 enim
1765 2745 1836 2800 de
1888 2745 2070 2801 nihilo
2127 2745 2231 2802 illa

579 2847 864 2901 Homerus
895 2841 1085 2907 ﬁnxit,
1118 2838 1219 2894 sed
1253 2834 1533 2891 allusitin
1564 2849 1630 2887 eo
1663 2833 1732 2887 ad
1768 2832 2056 2903 magicam
2110 2833 2227 2888 vim

575 2935 798 2992 utrium
833 2928 1250 3002 quorumdam,
1284 2925 1496 2996 quibus
1547 2923 1617 2976 ad
1648 2926 1854 2977 ventos
1914 2920 2230 2992 sopiendos

575 3021 1031 3094 praastigiatores
1058 3019 1178 3087 jam
1211 3014 1348 3070 olim
1384 3015 1707 3077 uterentur,
1741 3025 1770 3064 e
1803 3026 2050 3080 quorum
2076 3016 2230 3081 post-

575 3132 640 3170 ea
671 3126 917 3167 numero
950 3108 1058 3163 fuit
1079 3101 1479 3176 Empedocles.
1539 3101 1642 3156 Hic
1686 3101 1842 3154 enim
1904 3102 2056 3155 inter
2113 3101 2230 3156 alia

576 3202 811 3273 magicae
869 3197 1013 3253 artis
1069 3177 1489 3266 experimenta,
1543 3189 1807 3261 qualium
1862 3189 2223 3244 edendorum

577 3291 817 3347 modum
851 3303 916 3342 ac
949 3286 1100 3341 viam
1131 3300 1193 3339 se
1225 3281 1586 3337 traditurum
1611 3278 1892 3348 jactabat,
1935 3279 2226 3334 sedando-

580 3397 710 3436 rum
742 3381 798 3434 et
828 3375 1268 3431 excitandorum
1303 3374 1606 3425 ventorum
1643 3367 2008 3422 arbitrariam
2063 3373 2230 3439 pote-

578 3473 788 3525 etatem
823 3464 1128 3530 numerat,
1159 3462 1243 3517 sic
1273 3460 1330 3514 in
1367 3458 1622 3531 quodam
1649 3461 1936 3528 poemate,
1967 3456 2230 3528 discipu-

580 3559 701 3613 lum
736 3554 1035 3625 alloquens
1075 3568 1089 3606 :

582 3695 808 3756 Παύσεις
838 3693 886 3747 δ’
916 3692 1206 3764 ἀκαμάτων
1239 3685 1450 3764 ἀνέμων
1488 3685 1667 3764 μένος..
1701 3684 1802 3740 οἵτ’
1834 3684 1920 3739 ἐπὶ
1955 3690 2111 3760 γαῖαν

576 3767 735 3843 Ὀρνό
746 3788 896 3843 μενοι
928 3787 995 3818 πν
1005 3757 1147 3843 όαῖσι
1168 3757 1590 3843 ,καταῴθίνουσιν
1621 3757 1853 3834 ἄρουραν
1865 3805 1878 3827 ,

575 3829 679 3898 Κάὶ
710 3829 879 3894 τέαλιν
906 3840 973 3908 ἢν
1004 3839 1055 3891 κ’
1099 3829 1389 3904 ἐθέλησθα,
1438 3829 1730 3888 παλίντιτα
1759 3829 2038 3976 ’πνείὂξμαϋ
2078 3829 2224 3958 tina-

1931 3923 2006 3964 εις
2042 3921 2072 3959 e
2101 3921 2148 3958 c.

1931 3923 2006 3964 εις
2042 3910 2148 3959 etc.

570 4037 796 4096 Sedabis
825 4036 1230 4108 indefessorum
1248 4035 1549 4099 ventorum,
1581 4033 1853 4102 furorem,
1895 4046 2222 4173 quptesupra

2057 4118 2222 4156 rram

2057 4118 2222 4156 rram

565 4186 800 4239 [luentes
821 4180 1044 4250 ﬂatibus
1059 4178 1341 4232 devastant
1356 4184 1482 4230 sata
1499 4193 1512 4229 :

562 4258 626 4311 Et
642 4246 861 4321 rursus,
893 4253 942 4307 si
965 4251 1214 4314 libuerit,
1237 4252 1489 4304 revocata
1512 4246 1735 4303 reduces
1758 4260 1948 4300 eorum
1969 4247 2149 4315 ﬂabra

563 4380 864 4452 Quomodo
888 4381 1080 4432 autem
1107 4376 1228 4430 haec
1251 4377 1570 4445 przsstaret,
1591 4372 1771 4425 tradit
1796 4371 2051 4425 Timaeus
2069 4371 2213 4426 Hist.

561 4473 599 4526 Ι.
640 4471 724 4538 18,
756 4468 839 4523 sic
869 4466 1149 4522 recitatus
1180 4481 1214 4518 a
1245 4463 1500 4533 Diogene
1535 4479 1547 4516 :
1591 4458 1853 4528 Ἐτησίων
1915 4458 2048 4512 ποτὲ
2083 4479 2213 4533 σφο-

557 4555 702 4633 δρῶς
735 4553 1098 4621 πνευσάντων,
1131 4552 1206 4613 ὡς
1255 4549 1382 4613 τοὺς
1411 4548 1652 4624 καρποὺς
1700 4547 1964 4620 λυμῆναι,
2017 4545 2212 4602 κελεύ-

555 4667 649 4707 σας
676 4641 1104 4719 (Ἐμπεδοκλῆς)
1136 4635 1294 4700 ὄνους
1341 4635 1634 4708 ἐκδαρῆναι
1680 4636 1767 4688 καὶ
1818 4634 2017 4698 ἀσκοὺς
2046 4642 2207 4705 ποιῆ-

555 4757 668 4803 σαι,
720 4735 856 4808 πρὸς
914 4731 1039 4792 τοὺς
1097 4729 1304 4803 λόφους
1362 4726 1451 4780 καὶ
1501 4726 1594 4786 τὰς
1627 4725 1928 4798 ἀκρωρείας
1985 4723 2206 4779 διέτεινε

551 4825 688 4900 πρὸς
744 4824 806 4878 τὸ
866 4815 1160 4875 συλλαϐεῖν
1212 4818 1273 4872 τὸ
1332 4820 1564 4888 πνεῦμα.
1625 4816 1826 4871 Etesiis
1894 4815 2205 4888 aliquando

545 4916 902 4972 vehementer
929 4911 1220 4982 ﬂantibus,
1249 4908 1330 4964 sic
1351 4917 1410 4962 ut
1436 4909 1658 4976 fructus
1689 4910 2203 4976 corrumperentur,

537 5009 714 5079 jussis
739 5002 1056 5060 excorriari
1083 5000 1280 5064 asinis,
1315 5008 1464 5053 utres
1491 5013 1560 5051 ea:
1585 5012 1786 5051 earum
1823 4996 2059 5067 pellibus
2116 4999 2204 5064 fa-

544 5105 653 5151 ctos
682 5091 950 5165 expandit
989 5089 1206 5144 hiantes
1235 5104 1432 5142 auram
1480 5101 1672 5140 versus
1723 5087 1783 5138 in
1834 5085 1990 5155 jugis
2047 5086 2196 5141 605

541 5185 772 5242 collium
794 5187 847 5238 et
903 5179 1200 5248 montium,
1241 5179 1402 5248 quasi
1446 5176 1520 5230 ad
1565 5174 2198 5246 spiritnmcomprehen-

541 5275 808 5330 dandum.
841 5270 1042 5325 Innuit
1071 5274 1268 5323 autem
1296 5265 1609 5321 historicus
1642 5265 1780 5319 hinc
1826 5270 2198 5319 consecutam

537 5362 1026 5436 tranquilitrtem,
1075 5356 1236 5412 velut
1264 5355 1450 5411 ventis
1508 5354 1567 5408 in
1618 5370 1909 5408 carcerem
1968 5370 2202 5424 compa-

537 5455 667 5510 ctis.
701 5451 862 5518 Quod
908 5447 1160 5521 populus
1194 5446 1520 5500 admiratus
1555 5441 1893 5514 Empedocli
1942 5439 2196 5495 κωλυσα-

532 5539 700 5616 νέμου
767 5550 1050 5597 ventorem
1108 5536 1434 5592 inhibitoris
1494 5549 1818 5605 cognomen
1898 5533 2195 5588 indiderit.

531 5633 875 5690 Eustathius
905 5644 1140 5702 quoque
1173 5618 1553 5701 Παρεκϐολαῖς
1586 5624 1656 5678 ad
1683 5619 1799 5678 Ὀδ.
1846 5643 1878 5676 κ
1925 5623 2198 5685 meminit

527 5721 902 5796 Empedoclis
934 5727 1219 5791 tanquam
1250 5721 1373 5771 arte
1405 5713 1632 5787 praediti
1688 5721 1993 5770 ventorum
2029 5731 2193 5771 com-

2330 1036 2500 1090 luisse
2531 1038 2587 1089 in
2645 1038 2844 1106 primis
2891 1037 3089 1106 peritia
3150 1035 3356 1090 dicitur
3394 1035 3762 1105 Empedocles,
3818 1039 3991 1104 cuius

2334 1127 2393 1178 in
2434 1126 2535 1180 hoc
2562 1141 2758 1195 genere
2788 1142 2877 1178 ars
2909 1125 2975 1180 ab
3006 1124 3286 1179 historicis
3307 1124 3584 1179 celebrata
3606 1127 3704 1178 est.
3733 1127 3815 1177 Ita
3864 1123 3991 1187 ille,

2335 1213 2492 1270 locos
2524 1213 2792 1268 alludens
2824 1230 2938 1268 non
2971 1213 3163 1268 solum
3197 1214 3373 1268 modo
3407 1215 3761 1267 memoratos
3782 1212 3992 1266 Timaei

2333 1308 2388 1354 et
2420 1299 2692 1367 Lasertii,
2717 1301 2814 1354 sed
2852 1299 3098 1355 aliorum
3134 1300 3334 1364 etiam,
3367 1299 3805 1369 historicorum,
3851 1304 3999 1371 puta

2336 1388 2624 1459 Porphrii,
2657 1391 2829 1459 cujus
2860 1390 2919 1443 in
2952 1389 3085 1443 Vita
3123 1389 3460 1457 Pithagorm,
3521 1389 3800 1442 editionis
3853 1388 3995 1443 Bol-

2337 1477 2638 1543 stenianae,
2672 1477 2827 1547 typis
2856 1477 3179 1545 Vaticanis,
3234 1477 3350 1531 haec
3407 1477 3685 1549 leguntur
3733 1493 3791 1548 p.
3853 1477 3919 1530 19
3978 1494 3991 1531 :

2337 1567 2430 1618 Ὧν
2496 1561 2893 1637 μεταλαϐόντας
2951 1561 3330 1636 Ἐμπεδοκλέα
3380 1585 3438 1617 τε
3492 1563 3580 1617 καὶ
3642 1560 3998 1636 Ἐπιμενίδην

2337 1653 2425 1707 καὶ
2477 1649 2701 1727 ’Ἄϐαριν
2753 1652 3026 1714 πολλάκις
3078 1652 3503 1707 ἐπιτετελεκέναι
3555 1657 3797 1706 τοιαῦτω
3849 1651 3998 1721 δῆλα

2340 1741 2387 1796 δ’
2445 1743 2620 1797 αὐτῶν
2677 1744 2745 1797 τὰ
2801 1744 3087 1813 ποιήματα
3160 1743 3463 1816 ὑπάρχειν.
3526 1740 3754 1801 ’Ἄλλως
3809 1762 3868 1794 τε
3924 1761 3996 1794 κα

2338 1831 2670 1904 ἀλεξάμενος
2746 1833 2839 1904 μὲν
2915 1833 2984 1900 ἦν
3058 1833 3120 1886 τὸ
3179 1831 3467 1902 ἐπώνυμον
3527 1827 3995 1902 Ἐμπεδοκλέους,

2333 1926 2468 1988 Quae.
2501 1929 2798 1995 postrema
2827 1925 3002 1977 verba
3031 1922 3474 1977 eruditissimus
3505 1921 3848 1976 Holstenius
3909 1921 3996 1976 sic

2331 2013 2548 2081 vertit;
2584 2011 2729 2080 Quin
2787 2021 2840 2066 et
2885 2012 3202 2082 Empedocli
3257 2027 3557 2080 cognomen
3625 2018 3743 2066 erat
3778 2011 3984 2064 Alexa-

2332 2106 2483 2158 nemi
2531 2102 2650 2158 sive
2683 2104 2978 2157 averrunci
3019 2108 3322 2157 ventorum.
3396 2101 3557 2156 Hanc
3614 2118 3681 2154 ex
3735 2103 3998 2154 veterum

2332 2176 2578 2247 lectione
2611 2193 2682 2246 de
2714 2191 3062 2264 Empedocle
3087 2192 3302 2245 famam
3335 2191 3742 2244 observantem
3793 2190 4000 2243 animo

2332 2280 2717 2351 Pachymeres
2749 2279 2994 2343 habens,
3027 2279 3164 2332 dum
3201 2276 3524 2348 periculum
3559 2276 3992 2331 exitiosissimte

2334 2369 2598 2441 procellae
2631 2368 2904 2440 prudenti
2936 2368 3309 2422 conniventiu
3340 2367 3586 2420 vitatum
3617 2365 3688 2419 ab
3738 2366 3990 2419 Arsenio

2336 2459 2688 2530 patriarcha,
2726 2457 2944 2512 utrium
2977 2457 3124 2513 1ΕοΙὶ
3161 2456 3347 2528 Ulyssi
3395 2455 3748 2509 traditarum
3808 2458 3866 2507 et
3917 2452 3993 2506 ab

2335 2551 2464 2618 ejus
2508 2548 2823 2604 comitibus
2865 2547 3086 2617 ingenti
3137 2545 3390 2616 pernicie
3445 2545 3707 2615 ipsorum
3769 2547 3994 2596 temere

2334 2643 2826 2694 contrectatarum
2865 2635 3130 2707 exemplo
3163 2634 3503 2688 illustraret.
3542 2649 3657 2686 non
3691 2647 3752 2685 se
3800 2631 3995 2685 tenuit

2335 2728 2474 2798 quin
2509 2727 2767 2782 fabulam
2801 2743 2932 2781 cum
2969 2724 3210 2780 historia
3251 2723 3623 2778 commistam
3686 2725 3994 2790 Oggereret

2333 2816 2556 2881 lectori,
2591 2815 2928 2870 Homericos
2960 2818 3265 2869 ventorum
3305 2811 3471 2866 folles
3493 2826 3624 2864 cum
3655 2809 3907 2863 asininis
3958 2825 3993 2862 a

2335 2907 2552 2960 Timaeo
2587 2906 2916 2959 memoratis
2950 2901 3311 2972 Empedoclis
3341 2901 3572 2954 utribus
3605 2915 3720 2953 una
3739 2898 3992 2952 mentio-

2333 3012 2405 3050 ne
2463 2996 2831 3064 conjungens
2887 2991 3116 3066 σφαίρου
3156 2985 3583 3060 Ἐμπεδοκλίου.
3636 2988 3728 3042 Sic
3749 2986 3989 3057 quidem

2334 3085 2724 3154 conjectabar.
2760 3083 2928 3137 Recte
2978 3098 3050 3135 an
3109 3097 3302 3148 secus,
3361 3078 3506 3149 aequi
3568 3076 3800 3131 lectoris
3863 3081 3992 3130 esto

2331 3173 2648 3244 judicium.

2415 3279 2654 3352 μεγάλης
2728 3297 2782 3350 p.
2844 3278 2968 3343 469,
3030 3274 3127 3328 Καὶ
3184 3279 3276 3327 τὸν
3336 3271 3829 3346 παρακοιμώμενον
3887 3273 3994 3331 τῆς

2342 3367 2585 3442 μεγάλὴς
2615 3363 2931 3444 σφενδόνης.
2983 3364 3250 3419 Meminit
3279 3361 3458 3432 hujus
3490 3361 3664 3416 ofﬁcii
3716 3360 3999 3414 Codimus

2338 3476 2388 3515 c.
2423 3460 2474 3528 4,
2509 3460 2607 3512 ubi
2640 3458 2818 3512 tradit
2867 3455 2935 3507 τὰ
2993 3456 3087 3506 τοῦ
3134 3451 3635 3526 παρακοιμωμὲνου
3690 3444 3992 3523 σφενδόνης

2339 3547 2644 3624 φορέματα,
2678 3546 2893 3616 quibus
2924 3544 2974 3597 is
3004 3543 3268 3596 vestibus
3317 3546 3372 3594 et
3429 3539 3764 3609 insignibus
3826 3544 3996 3608 pote-

2337 3637 2502 3692 statis
2535 3641 2817 3691 uteretur.
2853 3633 3160 3688 Gretserus
3191 3634 3389 3684 noster
3417 3627 3496 3682 ibi
3520 3627 3692 3682 vertit
3723 3643 3737 3681 :
3781 3627 3995 3696 Prw/e-

2334 3729 2411 3781 cti
2439 3727 2622 3794 sigilli
2651 3740 2748 3778 seu
2795 3723 2997 3776 annuli
3043 3720 3344 3790 signatorii
3383 3717 3711 3787 gestamina,
3772 3713 3989 3770 melius

2335 3833 2506 3887 quam
2539 3815 2775 3881 Junius,
2824 3812 2922 3884 qui
2978 3807 3473 3881 παρακοιμὼμενον
3535 3799 3832 3880 σφενδόνης
3892 3819 3987 3858 oc-

2333 3907 2632 3961 cubitorem
2683 3902 2876 3972 funda
2924 3901 3362 3970 interpretatur,
3410 3899 3513 3949 aut
3563 3895 3736 3947 etiam
3798 3909 3982 3964 quam

2333 3998 2621 4066 interpres
2648 3993 2804 4048 luris
2863 3987 3328 4046 Greece-Romani
3389 3985 3482 4038 cui
3542 3982 3985 4054 παρακοιμώμε-

2330 4107 2420 4147 νος
2443 4091 2542 4152 τῆς
2588 4080 2829 4157 μεγάλης
2882 4075 3170 4155 σφενδόνης
3226 4075 3506 4131 arcubitor
3563 4086 3779 4142 magan
3834 4072 3988 4142 palm

2329 4177 2545 4230 dicitur
2595 4167 2866 4246 Σφενδόνη
2924 4167 3151 4240 proprie
3179 4165 3355 4235 [unda
3412 4161 3567 4217 saxis
3617 4159 3986 4230 jaculandis,

2329 4262 2716 4320 usitatissima
2748 4257 3131 4314 translatione
3164 4271 3194 4308 a
3237 4254 3434 4308 formae
3495 4250 3752 4320 quadam
3812 4249 3984 4302 simi-

2328 4353 2574 4408 litudine
2606 4351 2803 4412 ducta,
2833 4345 3025 4418 palam
3057 4341 3258 4398 annuli
3294 4340 3613 4412 significat,
3675 4346 3732 4391 ut
3793 4337 3984 4391 notis-

2325 4442 2540 4497 simum
2574 4442 2695 4506 est;
2732 4453 2835 4491 nec
2868 4434 3066 4488 minus
3098 4434 3468 4502 perspectum
3504 4426 3795 4497 obsignari
3829 4425 3989 4478 litte-

2322 4549 2418 4587 ras
2450 4531 2588 4586 olim
2635 4527 2840 4582 solitas
2872 4522 3072 4579 annuli
3105 4521 3237 4592 pala
3303 4519 3479 4573 certis
3509 4514 3806 4585 insculpta
3838 4515 3980 4567 chae

2242 4599 2288 4662 D
2322 4621 2644 4677 racteribus
2674 4621 2778 4672 aut
2825 4614 3048 4677 formis,
3082 4627 3224 4666 cerae
3273 4607 3492 4662 chartis
3537 4605 3812 4676 apposita:
3873 4603 3984 4657 im—

2317 4727 2538 4783 pressa.
2570 4708 2714 4762 Hinc
2747 4698 3009 4778 σφενδόνη
3036 4705 3169 4771 pata
3189 4696 3412 4761 annuli,
3434 4694 3690 4767 sigillum
3716 4693 3935 4746 dicitur
3965 4710 3978 4745 :

2316 4782 2470 4871 quod
2496 4798 2558 4870 [P
2589 4796 2714 4867 419]
2749 4809 2882 4848 cum
2917 4790 3128 4861 duplex
3160 4793 3260 4843 aut
3319 4782 3622 4855 multiplex
3669 4783 3974 4871 imperan-

2313 4869 2474 4945 tibus
2504 4869 2682 4949 esset,
2734 4881 2968 4938 maximi
3031 4879 3296 4934 omnium
3357 4879 3554 4930 custos
3607 4869 3976 4944 παρακοιμώ-

2317 4998 2474 5050 μενος
2542 4971 2787 5048 μεγάλης
2850 4965 3146 5046 σφενδόνης
3213 4967 3323 5022 hoc
3411 4967 3532 5019 loco
3615 4959 3972 5032 appellatur.

2313 5069 2499 5131 Quare
2522 5071 2717 5121 autem
2765 5059 3232 5134 παρακοιμώμεον
3263 5055 3290 5110 ?
3342 5054 3495 5110 606
3555 5051 3773 5122 Opinor
3829 5050 3976 5119 quia

2312 5176 2381 5214 ex
2410 5159 2480 5212 iis
2509 5160 2634 5211 erat
2664 5153 2765 5225 qui
2798 5169 2866 5207 ex
2899 5150 3090 5205 ofﬁcio
3123 5147 3358 5204 assidue
3406 5157 3687 5214 apparere
3745 5138 3970 5193 circum

2313 5251 2726 5319 imperatorem
2759 5246 2860 5296 aut
2893 5242 2950 5294 in
2976 5239 3237 5309 proximo
3269 5235 3340 5290 ad
3391 5231 3616 5288 subitas
3674 5229 3972 5284 evocatio-

2313 5317 2417 5393 nes
2449 5351 2680 5404 semper
2720 5348 2849 5386 esse
2911 5329 3222 5390 debebant,
3281 5320 3619 5378 cubiculum
3679 5317 3975 5389 principis

2310 5428 2407 5481 diu
2443 5427 2561 5480 fere
2591 5425 2886 5491 noctuque
2919 5417 3378 5488 frequentantes.
3428 5410 3573 5464 Vide
3630 5423 3757 5478 quae
3825 5405 3977 5460 dixi-

2311 5533 2442 5571 mus
2474 5511 2650 5567 verbo
2679 5506 3200 5583 παρακοιμώμενος.

2381 5618 2600 5695 Σχολή,
2632 5636 2688 5690 p.
2721 5616 2792 5671 50
2823 5620 2879 5669 et
2905 5615 3026 5668 353.
3063 5610 3443 5669 Peculiarem.
3493 5606 3553 5660 ni
3599 5603 3790 5671 fallor,
3845 5601 3965 5656 vim

2306 5694 2483 5769 habet
2509 5726 2616 5763 vox
2648 5704 2830 5780 σχολή
2868 5706 2974 5759 hoc
3006 5704 3153 5767 loco,
3184 5698 3513 5771 emphasim
3547 5697 3737 5750 ferens
3763 5694 3966 5763 cujus-
