4248 6438
246 405 389 462 1069

245 528 381 581 dam
422 524 899 596 interrogationis
951 524 1137 578 ironia
1188 524 1515 580 submistaz.
1553 514 1757 587 Agitur
1822 506 1894 559 de

1717 386 2200 445 GLOSSABIUM.

3527 405 3544 455 1
3558 404 3663 457 070

2008 504 2201 562 locum
2224 511 2563 566 exscribens
2599 514 2943 583 particulam
2972 531 3072 585 pro
3104 518 3367 592 negligit.
3391 522 3483 577 Sic
3502 525 3657 580 enim

245 615 444 669 Serbis
480 590 737 685 populis,
772 630 920 684 quos
954 614 1185 685 pmpria
1207 612 1509 667 civium'et
1544 590 2156 680 populariumababet
2192 614 2201 650 :
2248 598 2404 653 Solea
2438 602 2518 653 vel
2550 617 2624 655 ea
2656 601 2867 656 dicitur
2914 620 3033 673 quze
3063 608 3184 661 solo
3240 590 3394 678 pedis
3424 612 3659 682 subjici-

249 720 492 759 suorum
544 719 743 773 rapere
793 703 1018 765 solitos,
1080 701 1397 756 verisimile
1444 715 1556 753 non
1618 698 1773 750 esset
1830 691 1900 743 ab

248 794 502 847 externis
535 808 636 862 per
664 808 864 846 eorum
900 790 1045 845 ﬁnes
1079 790 1564 862 peregrinanibus
1610 792 1898 854 tempera-

249 889 436 945 turos,
474 881 581 935 hac
614 883 791 935 ferme
837 882 1128 935 sententia
1156 897 1166 933 :
1194 881 1299 942 Qui
1332 896 1470 934 suos
1498 878 1750 946 diripere
1786 888 1897 925 non

249 972 548 1035 dubitant,
580 970 652 1024 ab
697 970 906 1023 alienis
948 969 1169 1024 scilicet
1224 965 1649 1022 abstinebunt?
1682 962 1896 1016 lterum

247 1061 306 1114 in
344 1057 521 1113 simili
552 1058 786 1112 notione
817 1065 1166 1129 usurpatum
1200 1058 1309 1111 hoc
1340 1055 1689 1111 vocabulum
1726 1053 1896 1104 habe-

249 1154 367 1212 tur,
403 1148 438 1201 1.
474 1166 528 1213 v,
562 1164 611 1201 c.
648 1148 735 1214 12,
770 1149 827 1201 in
861 1148 952 1201 bis
986 1149 1177 1201 verbis
1230 1164 1241 1200 :
1300 1144 1359 1197 Ei
1413 1141 1468 1197 δὲ
1504 1139 1746 1211 διδοῖμεν
1806 1138 1896 1190 καὶ

249 1234 542 1306 ἔκκλητον,
616 1241 796 1311 σχοΑῇ
866 1258 988 1290 τινα
1057 1238 1223 1304 τόσην
1294 1236 1560 1306 τέμνοντα
1628 1230 1896 1293 θάλασσαν

243 1328 352 1377 τῶν
390 1322 616 1377 δικαίων
658 1318 1039 1400 ἀμφισϐητεῖν.
1099 1328 1163 1379 Si
1190 1340 1316 1379 vero
1372 1333 1423 1378 et
1444 1326 1539 1393 jus
1558 1320 1898 1391 provocatio-

246 1418 335 1469 nis
366 1418 807 1481 concesserimus,
836 1431 921 1486 per
938 1416 1149 1469 iculum
1177 1416 1349 1484 fuerit
1407 1412 1613 1467 scilicet
1664 1425 1733 1462 ne
1779 1409 1896 1475 quis

243 1511 365 1557 tam
419 1510 561 1559 vasto
610 1506 757 1559 muri
782 1506 877 1575 jus
920 1521 1083 1558 suum
1134 1511 1511 1573 persecuturus
1572 1502 1795 1555 Romam
1843 1513 1897 1549 se

244 1594 537 1662 conferat?
560 1593 751 1647 Alium
778 1593 962 1648 habeo
996 1593 1174 1662 hujus
1223 1590 1502 1645 idiotismi
1550 1594 1758 1643 testem
1793 1586 1895 1654 Sy-

247 1699 514 1737 meonem
540 1682 677 1737 Seth
708 1683 764 1736 in
821 1682 1018 1737 Graeca
1051 1699 1117 1736 ex
1141 1681 1383 1735 Arabico
1418 1676 1895 1748 interpretatione

244 1771 382 1826 libri
422 1787 593 1842 quem
625 1773 749 1841 ipse
784 1769 1091 1843 ἴχνηλάτην
1120 1774 1303 1826 vocat.
1340 1769 1504 1823 Hunc
1552 1783 1657 1821 nos
1700 1765 1897 1819 Latine

245 1862 543 1915 redditum
579 1862 648 1915 ad
681 1861 899 1915 calcem
948 1860 1631 1915 harumObervationum
1653 1853 1895 1908 mantis-

244 1966 323 2004 διε
356 1949 481 2003 loco
514 1951 744 2004 damus.
782 1951 917 2019 Ejus
949 1949 1005 2002 in
1053 1949 1310 2003 secunda
1341 1946 1745 2000 dissertatione
1804 1943 1887 1997 sic
1920 1939 1965 2002 B
1996 1939 2357 2010 appellantur
2399 1960 2417 1995 .-

244 2039 439 2093 Grzecc
471 2039 717 2111 legitur:
753 2038 815 2092 Ei
848 2038 950 2110 γὰρ
996 2039 1067 2109 μή
1122 2036 1255 2108 ὑπὲρ
1316 2034 1477 2087 αὐτοῦ
1536 2030 1890 2103 ἀπολογήση-

240 2127 331 2179 ταί
363 2147 465 2195 τις,
496 2131 677 2200 σχολῇ
710 2128 757 2199 γ’
784 2124 842 2179 ἃν
876 2126 1059 2200 ἒτὲρου
1112 2125 1552 2198 ὑπερασπίζοιτο.
1591 2124 1694 2191 Qui
1744 2125 1893 2177 enim

240 2236 312 2273 ne
343 2235 397 2273 se
435 2218 648 2288 quidem
697 2221 872 2287 ipsum
930 2219 987 2270 in
1037 2218 1281 2287 periculo
1329 2214 1657 2283 defenderit,
1708 2213 1774 2265 ab
1834 2226 1892 2264 eo

240 2309 451 2363 scilicet
480 2312 819 2376 exspectetur
860 2317 921 2361 ut
950 2306 1173 2375 fortiter
1212 2322 1310 2376 pro
1338 2306 1567 2358 alterius
1594 2302 1774 2371 capite
1804 2301 1892 2353 de-

237 2401 409 2452 certet
440 2400 465 2451 ‘t
493 2399 552 2450 In
588 2399 1086 2467 septimaquoque
1114 2397 1196 2449 sic
1230 2396 1427 2465 regina
1452 2394 1723 2446 maritum
1748 2391 1894 2445 allo—

240 2488 467 2555 quitur,
518 2501 882 2555 conquerens
946 2501 1059 2538 uon
1113 2481 1534 2537 communicari
1586 2481 1695 2533 sibi
1732 2482 1891 2533 abeo

240 2579 395 2631 scitu
432 2576 828 2631 necessarium
862 2592 1136 2629 arcanum
1176 2591 1186 2627 :
1226 2572 1285 2627 Ei
1316 2571 1418 2644 γὰρ
1454 2570 1632 2642 ἔμοιγ’
1665 2568 1721 2622 ἂν
1758 2569 1890 2621 ἀπο-

236 2666 473 2737 κρύψῃς,
506 2664 691 2738 σχολῇ
718 2669 770 2737 γ’
802 2661 858 2716 ἂν
893 2660 1415 2736 ἒτὲροιςπιστεῦοῃς
1438 2662 1495 2714 Si
1523 2662 1672 2715 enim
1704 2660 1769 2713 de
1799 2660 1893 2711 hoc

232 2773 325 2809 me
354 2756 495 2810 celas
524 2764 678 2809 tuam
723 2753 1027 2824 conjugem,
1063 2752 1201 2806 aliis
1230 2752 1295 2806 id
1342 2752 1555 2805 scilicet
1584 2749 1847 2818 fateberis
1867 2749 1894 2802 ?

234 2846 328 2899 lta
355 2844 532 2898 etiam
558 2842 820 2913 loquitur
850 2842 1132 2913 Georgius
1164 2838 1489 2910 Acropolita
1523 2838 1579 2892 in
1612 2837 1892 2892 Procemio

233 2934 510 2988 Historia:
544 2951 597 3005 p.
631 2934 665 2985 2
695 2934 786 2987 ed.
815 2936 942 3003 Ceg.

313 3054 555 3122 Σωλὲας,
590 3074 645 3127 ρ.
696 3057 814 3111 173.
850 3056 998 3121 Quid
1032 3058 1109 3111 sit
1140 3051 1372 3118 σωλέας,
1407 3070 1617 3116 magna
1663 3060 1717 3108 et
1762 3071 1891 3123 per-

233 3146 408 3220 plexa
450 3146 691 3217 quaestio
745 3151 850 3199 est.
908 3146 1039 3216 Legi
1086 3150 1371 3209 accurate,
1419 3143 1516 3196 diu
1573 3143 1891 3197 meditatus

230 3253 398 3303 sum,
432 3253 558 3308 quae
583 3236 652 3290 de
678 3236 784 3290 hoc
803 3240 1147 3306 argumento
1171 3234 1274 3286 viri
1301 3232 1891 3287 doctissimiloannes

2006 692 2163 739 tur...
2195 690 2282 740 vel
2337 690 2578 743 materia
2620 691 2890 757 robustea,
2925 709 3092 762 super
3124 713 3286 764 quam
3333 700 3515 768 paries
3545 717 3666 755 cra-

2002 772 2162 828 titius
2184 779 2512 831 exstruitur.
2544 780 2606 833 In
2634 782 2896 850 margine
2919 782 3244 838 editionum
3277 789 3662 857 optimarum,

2006 865 2233 917 Veneta:
2266 868 2401 919 anni
2438 867 2576 920 4560
2606 883 2675 921 ex
2708 869 3059 925 bibliotheca
3096 876 3329 928 Antonii
3381 879 3659 948 Augusti-

2004 952 2086 1014 ni,
2132 959 2190 1006 et
2237 956 2581 1010 Parisiensis
2648 957 3057 1029 Scaligerianae
3127 964 3263 1016 anni
3320 966 3479 1033 1584,
3540 966 3659 1020 ἀντὶ

2001 1038 2097 1093 τοῦ
2129 1059 2230 1111 pro
2260 1045 2596 1115 suggeritur
2638 1046 2753 1101 alia
2785 1046 2957 1103 lectio
2987 1067 3105 1120 per,
3143 1052 3227 1122 [P.
3264 1055 3389 1125 420]
3444 1073 3511 1109 ex
3545 1075 3663 1128 qua

2002 1132 2338 1198 conjectura
2372 1134 2515 1188 forte
2547 1151 2660 1189 non
2694 1152 2841 1190 vana
2868 1139 3138 1204 ducatur,
3185 1143 3469 1212 scriptum
3521 1146 3660 1201 olim

2003 1218 2059 1272 in
2113 1221 2423 1291 archetypo
2475 1223 2656 1278 fuisse
2712 1242 2802 1295 pes
2852 1243 2881 1280 e
2928 1230 3164 1282 materia
3214 1231 3489 1296 robustea,
3538 1240 3649 1290 etc.

2002 1316 2146 1370 Nam
2182 1335 2282 1388 pes
2315 1320 2533 1374 dicitur
2555 1324 2708 1391 quod
2742 1323 2900 1377 aliud
2936 1326 3209 1393 sustinet,
3240 1333 3301 1381 ut
3328 1346 3425 1399 pes
3454 1348 3664 1389 mensae

2003 1404 2210 1469 Plinio,
2254 1407 2292 1461 l.
2337 1425 2435 1473 xu,
2475 1426 2523 1463 c.
2576 1418 2601 1463 I
2650 1426 2663 1463 :
2728 1412 2939 1466 Eodem
2994 1414 3153 1468 ebore
3213 1421 3507 1473 numinum
3559 1438 3657 1476 ora

1998 1500 2375 1563 spectarentur
2414 1502 2462 1551 et
2494 1515 2809 1553 mensarum
2838 1501 2994 1570 pedes
3024 1519 3043 1563 ,·
3077 1519 3190 1573 quo
3235 1522 3411 1561 sensu
3447 1512 3660 1564 stereo-

2001 1583 2176 1637 baton
2207 1601 2306 1652 pes
2362 1590 2450 1639 est
2481 1587 2775 1658 stylobati.
2813 1589 3135 1658 Vitruvius,
3168 1592 3207 1647 l.
3241 1611 3326 1659 ιιι,
3355 1613 3401 1649 c.
3438 1598 3472 1651 3
3504 1616 3516 1653 :
3552 1599 3657 1653 Su-

1996 1688 2099 1741 pra
2128 1677 2330 1727 lerram
2360 1676 2600 1743 parietes
2656 1681 3021 1731 exstruuntur
3049 1681 3147 1734 sub
3169 1683 3440 1738 columnis
3487 1686 3627 1740 dimi
3636 1717 3657 1726 -

1998 1760 2089 1814 dio
2117 1766 2411 1817 crassiores
2441 1781 2606 1834 quam
2655 1768 2930 1823 columnae
2959 1775 3091 1822 sunt
3144 1772 3381 1840 futurae,
3436 1777 3527 1828 uti
3554 1778 3654 1844 fir-

2001 1850 2179 1906 miora
2227 1854 2336 1907 sint
2384 1855 2655 1924 inferiora
2714 1857 3111 1928 superioribus,
3159 1877 3277 1931 quae
3326 1866 3654 1921 stereobata

2470 1959 2601 1997 nam
2630 1945 2915 2015 excipiunt
2970 1963 3157 2003 onera.
3221 1950 3395 2005 Paulo
3457 1959 3587 2023 post
3635 1971 3646 2007 :

2000 2040 2307 2095 Exstructis
2372 2051 2557 2097 autem
2640 2045 3017 2113 fundamentis
3114 2048 3184 2102 ad
3251 2050 3652 2107 libramentum

1999 2129 2305 2199 stylobata,
2339 2134 2467 2185 sunt
2502 2133 2854 2203 collocandae,
2889 2152 3057 2205 supra
3100 2138 3407 2209 stylobatas
3437 2143 3651 2196 colum-

1999 2235 2090 2275 na?
2118 2223 2494 2291 disponenda,
2530 2228 2635 2277 etc.
2690 2225 2935 2279 Materiae
3004 2244 3175 2291 porro
3230 2232 3526 2287 mentione
3561 2252 3647 2287 ro-

2003 2310 2217 2363 bustae:
2251 2328 2364 2364 non
2403 2313 2629 2382 proprie
2684 2313 3123 2385 intelligendum
3179 2318 3270 2372 hic
3330 2336 3645 2390 quereenm

1999 2399 2248 2469 lignum,
2305 2402 2401 2454 sed
2467 2403 2851 2473 metonymice
2901 2421 3112 2477 corpus
3146 2410 3390 2477 quodvis
3420 2411 3652 2466 duritiei

2001 2496 2231 2559 quantas
2286 2506 2434 2561 Opus
2467 2497 2555 2544 est
2588 2491 2725 2545 moli
2756 2494 3118 2563 gravissimae
3154 2500 3471 2565 portandze.
3497 2501 3657 2555 Allu—

2000 2578 2157 2632 ditur
2205 2578 2362 2631 enim
2400 2578 2459 2633 in
2511 2579 2807 2635 similibus
2843 2582 3003 2653 origo
3063 2584 3491 2653 architecturae,
3529 2607 3654 2660 qua:

2003 2668 2258 2738 primum
2293 2685 2411 2721 zevo
2447 2670 2667 2723 rudiori
2716 2669 2896 2740 lignis
2932 2673 3277 2740 aedificabat,
3315 2692 3380 2730 ex
3439 2678 3659 2747 quibus

2000 2773 2317 2826 querceum
2352 2756 2655 2812 fundendo
2706 2764 2906 2829 aptum
2950 2761 3334 2830 judicabatur
3364 2767 3435 2819 ob
3486 2768 3652 2821 dotes

2000 2862 2145 2915 quas
2179 2851 2463 2901 memorat
2520 2845 2840 2913 Vitruvius,
2876 2848 2914 2902 l.
2970 2866 3032 2917 ιι,
3066 2867 3115 2904 c.
3175 2852 3227 2917 9,
3262 2850 3353 2907 his
3410 2855 3602 2909 verbis
3640 2874 3652 2910 :

2002 2945 2498 3016 Quercusjterrenis
2531 2945 2934 3015 principiomm
2956 2949 3309 3005 satietatibus
3338 2952 3647 3009 abundans.

1997 3050 2304 3105 parumque
2331 3034 2531 3089 habens
2564 3034 2812 3090 humoris
2837 3040 2885 3091 el
2916 3038 3063 3092 aeris
3092 3043 3146 3092 et
3192 3041 3359 3107 ignis,
3411 3058 3538 3096 cum
3595 3045 3653 3098 in

2001 3126 2234 3178 terrenis
2258 3126 2510 3193 Operibus
2559 3124 2835 3187 obruitur,
2886 3126 3167 3197 inﬁnitam
3220 3130 3380 3185 habet
3426 3136 3654 3186 aeterni-

2000 3219 2183 3281 tatem,
2218 3230 2286 3268 ex
2314 3230 2375 3268 eo
2405 3215 2547 3284 quod
2583 3231 2707 3269 cum
2732 3218 2979 3285 tangitur
3021 3217 3272 3284 humore,
3298 3237 3410 3274 non
3443 3221 3651 3277 habens

234 3292 557 3389 Meursius,
611 3329 717 3378 Leo
752 3292 1302 3392 Allalius,Jacobus
1345 3326 1495 3375 Goar
1525 3321 1647 3374 0rd.
1682 3321 1887 3383 Prmd.,

2004 3304 2342 3375 foraminum
2380 3305 2645 3357 caritates
2669 3308 2892 3375 propter
2940 3306 3271 3377 spissitatem
3339 3326 3448 3364 non
3488 3320 3658 3381 potest

226 3416 492 3471 Jacobus
526 3414 839 3469 Gretserus
873 3417 930 3467 et
968 3412 1290 3466 Ludovicus
1330 3410 1611 3465 Collotius
1644 3410 1887 3465 societa-

232 3506 315 3558 tis
350 3509 560 3558 nostrae
592 3504 898 3574 scripsere.
933 3502 993 3556 In
1047 3504 1127 3555 rei
1182 3500 1390 3555 deinde
1444 3499 1887 3571 inquisitionem

228 3595 411 3665 ipsus
469 3594 787 3647 attentione
818 3592 993 3661 longa
1040 3594 1095 3645 et
1127 3590 1242 3644 acri
1292 3589 1551 3643 incubui.
1592 3589 1888 3659 Exponam

230 3676 356 3739 hic,
392 3673 439 3728 si
472 3679 691 3745 potere,
728 3673 1047 3726 breviteret
1088 3670 1239 3724 clare
1263 3671 1400 3741 quid
1429 3669 1714 3724 discussis
1745 3684 1888 3723 cun-

234 3764 351 3817 ctis
412 3762 905 3818 verisimillimum
940 3759 1348 3829 compererim,
1384 3758 1509 3813 luce
1565 3759 1887 3827 praesertim

230 3851 412 3907 mibil
438 3852 625 3907 affusa
648 3868 715 3906 ex
737 3849 1408 3905 eruditissimadiatriba
1430 3847 1728 3903 illustriss.
1758 3848 1891 3902 Leo-

239 3941 339 3993 nis
371 3940 566 3995 Allatii
595 3941 665 3994 ad
700 3940 937 3994 Fabium
974 3938 1259 4005 Chisium,
1295 3937 1465 3992 hodie
1496 3937 1887 3991 Alexandrum

233 4031 362 4097 VII,
397 4031 469 4084 de
497 4029 606 4084 hoc
640 4029 867 4101 proprie
901 4034 1247 4101 argumento
1282 4028 1595 4083 novissime
1634 4032 1689 4083 et
1719 4044 1890 4082 accu-

232 4120 541 4177 ratissime
577 4118 1045 4191 scrip:a.lncipio
1071 4118 1585 4173 aconsideratione
1608 4116 1885 4175 nominis.

235 4207 472 4268 Σωλὲας
504 4208 975 4273 sive,ut8imeon
997 4207 1540 4262 Thessalonicensis
1563 4207 1793 4279 dialogo
1821 4209 1892 4261 de

226 4298 631 4355 sacramentis
675 4296 1041 4351 emendatius
1091 4296 1317 4365 scribit,
1349 4294 1564 4365 σολὲας,
1596 4296 1682 4350 vel
1717 4297 1889 4351 etiam

228 4393 307 4443 ut
336 4387 491 4457 apud
516 4385 934 4457 Euchologium
952 4386 1008 4438 in
1023 4386 1392 4441 ordinatione
1407 4387 1634 4442 diaconi
1658 4387 1891 4457 legitur,

228 4474 430 4546 σολὲα,
465 4493 580 4531 non
612 4481 699 4530 est
721 4474 1064 4529 vocabulum
1090 4476 1301 4531 Graecae
1322 4476 1586 4548 originis,
1611 4482 1674 4533 ut
1693 4495 1895 4533 omnes

226 4566 413 4621 facile
442 4564 856 4628 consentiunt;
891 4581 996 4618 nec
1028 4564 1144 4619 fere
1175 4566 1288 4619 vidi
1324 4566 1419 4637 qui
1454 4567 1723 4622 dubitent
1754 4570 1892 4639 quin

2002 3392 2065 3445 in
2094 3408 2314 3462 corpore
2342 3392 2586 3463 recipere
2630 3393 2921 3463 liquorem,
2960 3396 3047 3449 sed
3078 3398 3301 3465 fugiens
3333 3400 3398 3452 ab
3431 3399 3658 3456 humore

2004 3481 2235 3536 resistit.
2264 3482 2919 3550 Retinebanturautem,
2942 3487 3116 3539 etiam
3139 3491 3272 3556 post
3290 3489 3653 3544 substitutos

2003 3570 2062 3624 in
2096 3570 2409 3623 structuris
2467 3571 2625 3641 ligno
2685 3572 2925 3641 lapides,
2989 3576 3273 3630 vocabula
3333 3578 3545 3647 priora.
3584 3578 3654 3632 Ut

2003 3658 2220 3713 Paulus
2253 3678 2320 3714 ex
2351 3660 2517 3714 Festo
2545 3662 2717 3715 verbo
2743 3663 2955 3716 Rubum
2975 3665 3154 3717 tradit
3180 3665 3403 3719 Robum
3431 3667 3652 3721 dictum

2004 3750 2059 3803 in
2104 3766 2333 3804 carcere
2381 3750 2571 3803 locum
2632 3767 2745 3821 quo
2805 3752 3194 3823 praecipitatur
3252 3755 3650 3810 maleﬁcorum

2001 3854 2188 3909 genus
2221 3840 2386 3908 (puta
2432 3838 2735 3908 fastigium
2786 3842 3213 3913 prepugnaculi
3275 3842 3334 3897 in
3394 3860 3651 3914 praeceps

2003 3927 2344 3995 imminens,
2376 3928 2531 3981 unde
2563 3928 2811 3983 maleﬁci
2838 3931 3082 3985 convicti
3108 3932 3553 4002 dejiciebantur,
3590 3939 3654 3987 ut

2004 4017 2258 4071 Manlius
2290 4034 2359 4071 ex
2397 4033 2539 4087 rupe
2580 4018 2872 4090 Tarpeia).
2924 4021 3173 4075 Causam
3233 4020 3649 4092 appellationis

2003 4107 2199 4160 statim
2261 4107 2463 4171 tradit,
2521 4108 2663 4178 quod
2701 4118 2828 4163 ante
2884 4126 3040 4165 arces
3085 4110 3349 4165 robusteis
3404 4111 3655 4167 include-

2006 4200 2229 4266 bantur,
2272 4197 2380 4253 hoc
2411 4202 2521 4265 est,
2554 4200 2829 4269 quoniam
2878 4201 3029 4271 apud
3082 4184 3301 4256 veteres
3350 4217 3481 4256 mos
3531 4207 3659 4257 erat

2005 4289 2226 4343 arcium
2254 4288 2508 4344 claustra
2540 4290 2611 4343 ad
2637 4306 2935 4344 summum
2963 4306 3149 4362 usque
3174 4291 3454 4345 moenium
3480 4290 3659 4363 lignis

2007 4379 2264 4432 roboreis
2306 4382 2630 4437 exstruere.
2680 4378 2817 4432 inde
2866 4383 3066 4447 postea
3120 4396 3353 4450 quoque
3404 4397 3581 4452 quam
3631 4398 3660 4436 e

2007 4469 2161 4523 saxis
2193 4466 2318 4521 tolli
2366 4467 2804 4537 propugnacula
2853 4483 3229 4539 consuevere,
3279 4471 3497 4524 mansit
3546 4473 3670 4541 pri-

2006 4573 2173 4611 scum
2203 4555 2555 4611 vocabulum
2590 4558 3127 4623 materiae,utrobus
3143 4558 3317 4612 etiam
3356 4563 3480 4613 tum
3504 4560 3663 4614 fasti-

227 4656 517 4712 Latinum
549 4654 646 4716 sit,
678 4653 737 4707 in
771 4652 1213 4723 Hellenismum,
1241 4659 1303 4709 ut
1334 4655 1446 4709 alia
1469 4657 1742 4727 plurima,
1778 4676 1886 4713 usu

2006 4646 2098 4717 gia
2126 4662 2405 4716 aggerum
2439 4648 2507 4700 ad
2536 4646 2727 4715 pinna:
2763 4647 3442 4701 murorumdicerentur.
3474 4652 3664 4714 Quan-

224 4747 565 4800 intrusum.
592 4744 649 4797 Si
676 4758 811 4811 ergo
845 4743 1345 4813 disquisierimus,
1381 4745 1519 4814 quid
1557 4747 1775 4801 Latinis
1800 4766 1898 4801 va-

225 4836 360 4889 leat
389 4833 568 4897 solea,
603 4831 750 4886 torte
783 4848 897 4886 non
935 4833 1111 4885 luerit
1142 4832 1197 4885 id
1242 4832 1446 4886 inutile
1478 4835 1547 4887 ad
1597 4836 1895 4903 judicium

224 4922 625 4980 statuendum
659 4921 729 4975 de
761 4937 820 4975 re
850 4920 977 4992 ipsa
1006 4938 1142 4976 voce
1175 4921 1283 4976 hac
1316 4921 1592 4989 indicata,
1626 4941 1894 4996 quaenam

225 5021 290 5070 ίςο
311 5015 486 5067 u-lem
519 5011 613 5066 sit.
647 5012 854 5067 Sextus
885 5012 1034 5067 607
1060 5010 1371 5084 Pompeius
1390 5018 1613 5083 Festus,
1639 5016 1897 5087 optimus

225 5107 554 5161 enarrator
583 5100 960 5173 antiquarum
982 5102 1285 5157 nolionum
1314 5104 1507 5159 verbis
1530 5104 1751 5161 Latinis
1766 5108 1898 5162 sub-

210 5198 555 5266 jectarum,
585 5206 698 5247 non
728 5207 837 5245 sua
867 5190 1051 5246 solius
1083 5192 1175 5245 sed
1208 5193 1381 5247 Marci
1408 5198 1683 5263 praeterea
1712 5196 1899 5251 Verrii

226 5280 461 5345 Flacci,
486 5281 834 5351 antiquioris
865 5298 971 5335 nec
994 5282 1191 5336 minus
1216 5284 1471 5337 accurati
1506 5288 1897 5354 grammatici,

230 5358 601 5429 auctoritate
682 5362 1081 5441 signiﬁcatum
1166 5372 1435 5427 vocabuli
1516 5377 1659 5429 solea
1732 5379 1901 5432 nobis

230 5460 533 5521 edisserit
573 5459 662 5514 his
694 5460 885 5515 verbis
936 5478 948 5516 :
983 5461 1157 5532 Solea,
1198 5467 1257 5516 ut
1286 5465 1366 5518 ait
1411 5468 1635 5520 Verrius
1680 5482 1789 5521 non
1821 5473 1902 5522 est

224 5549 430 5610 solum
477 5565 542 5604 ea
571 5566 689 5619 quae
718 5550 833 5604 solo
870 5551 1026 5620 pedis
1064 5552 1377 5623 subjicitur,
1428 5555 1521 5609 sed
1576 5559 1745 5610 etiam
1800 5574 1901 5629 pro

220 5641 485 5701 materia
517 5639 772 5695 robustea
804 5640 911 5710 (vel
948 5645 1013 5694 ut
1040 5641 1215 5696 habet
1245 5642 1362 5698 alia
1406 5644 1599 5714 lectio,
1634 5648 1900 5719 robusta),

220 5748 421 5806 super
454 5746 621 5802 quam
639 5731 829 5801 paries
852 5732 1111 5787 cratitius
1131 5735 1465 5791 exstruitur.
1500 5735 1717 5791 Paulus
1748 5736 1905 5793 hunc

2007 4752 2184 4805 quam
2218 4737 2411 4805 ipsum
2448 4736 2673 4789 roboris
2707 4740 2806 4789 aut
2838 4736 3101 4790 robustei
3150 4752 3364 4791 nomen
3400 4739 3662 4792 materiae

2008 4840 2265 4895 querceae
2296 4824 2597 4895 proprium
2625 4841 2738 4879 non
2773 4829 2883 4891 est,
2917 4825 3018 4880 sed
3042 4824 3255 4880 coloris
3299 4843 3311 4881 :
3368 4827 3522 4880 unde
3555 4827 3660 4881 bos

2006 4914 2166 4969 robus
2214 4914 2335 4967 sive
2409 4914 2579 4967 rubus
2635 4912 2847 4984 priscis
2914 4917 3059 4967 erat.
3121 4913 3337 4968 Paulus
3382 4930 3451 4967 ex
3508 4915 3663 4969 608

2009 5004 2177 5059 Festo
2214 5019 2226 5056 :
2262 5003 2468 5058 Robum
2498 5002 2665 5057 rubro
2694 5003 2893 5072 colore,
2925 5006 2977 5057 et
3018 5017 3141 5074 qua
3167 5005 3292 5073 rufo
3321 5004 3664 5074 significari,

2006 5103 2066 5150 ut
2093 5095 2276 5149 bovem
2306 5110 2515 5166 quoque
2542 5096 2739 5149 rustici
2772 5094 3085 5165 appellent,
3144 5094 3504 5166 manifestum
3562 5100 3663 5151 est.

2013 5193 2159 5250 Unde
2201 5202 2254 5249 et
2328 5192 2563 5247 materia
2618 5208 2745 5264 quae
2800 5194 3073 5263 plurimas
3122 5195 3287 5249 habet
3332 5210 3502 5249 venas
3550 5197 3668 5266 ejus

2008 5286 2224 5349 coloris,
2258 5285 2405 5337 dicta
2432 5287 2510 5337 est
2542 5284 2738 5337 robur.
2781 5285 2919 5338 Hinc
2947 5288 2997 5338 et
3028 5284 3274 5339 homines
3322 5284 3561 5339 volentes
3618 5294 3671 5339 et

2013 5375 2137 5429 boni
2167 5375 2364 5428 coloris
2389 5373 2637 5427 robusti.
2672 5373 2803 5429 Haec
2834 5374 3064 5440 Festus,
3098 5390 3224 5444 quae
3257 5376 3675 5429 demonstrant

2013 5462 2157 5519 nihil
2193 5462 2403 5517 referre
2432 5463 2501 5517 ad
2537 5478 2659 5517 rem
2683 5463 2874 5533 ipsam
2909 5479 3036 5535 quae
3078 5464 3228 5519 solea
3279 5463 3339 5518 in
3397 5462 3667 5519 aedificiis

2015 5559 2275 5621 vocatur,
2338 5553 2610 5625 ligneane
2670 5555 2746 5609 sit
2794 5572 2866 5610 au
2926 5572 3119 5621 saxea,
3201 5572 3538 5611 marmorea
3586 5547 3675 5608 vel

2013 5659 2160 5698 aerea
2192 5648 2503 5698 stractura.
2529 5645 2823 5700 Hactenus
2844 5645 3221 5701 informatum
3250 5661 3317 5701 ex
3339 5645 3672 5717 originibus

2016 5734 2202 5789 Latini
2237 5733 2523 5789 sermonis
2554 5734 2747 5790 ideam
2781 5735 2860 5790 rei
2894 5752 3024 5807 quas
3054 5734 3211 5792 solea
3258 5736 3497 5801 dicitur,
3530 5752 3671 5791 eon-
