4218 6450
620 378 752 433 1071

1681 377 1744 427 Ρ.
1784 374 2057 427 ΡοδειΝι
2092 371 2703 428 OBSERVATIONUM
2744 374 2873 427 LIB.
2915 376 2958 426 Ῑ.

3882 372 4024 426 1072

620 503 880 559 feramus
911 502 982 557 ad
1015 517 1189 556 usum
1211 498 1639 569 disquisitionis
1673 503 1994 569 praesentis,
2018 506 2075 550 et
2096 494 2266 548 inda-
2297 499 2347 561 Α
2381 496 2603 565 στήθεα,
2637 497 2850 567 quibus
2877 495 3264 567 designantur
3289 495 3404 552 alte
3420 498 3711 554 exstantia
3732 499 3891 570 ligna
3918 517 3986 559 το
4005 512 4031 562 5

620 608 826 661 gemus
856 593 915 644 in
943 590 1181 660 templis
1206 594 1538 643 Graecorum
1571 586 1780 656 ecquid
1812 585 1985 641 fuerit
2014 583 2167 654 quod
2202 582 2263 636 in

622 680 772 735 hanc
804 681 1054 735 formam
1088 678 1407 744 incideret;
1445 676 1597 730 unde
1648 679 1906 730 statuere
1964 673 2263 743 possimus

622 768 838 839 ipsium
873 768 929 823 id
964 765 1297 839 αὐτόχρημα
1328 766 1529 827 fuisse,
1554 764 1702 834 quod
1740 761 2019 816 vocabulo
2052 757 2261 819 σωλέας

619 858 913 914 indicatur
951 863 1009 911 et
1041 874 1071 911 a
1108 862 1305 911 nostro
1340 854 1434 910 hic
1486 853 1833 924 Pachymere
1879 857 1933 905 et
1967 868 1999 905 a
2049 850 2262 905 Graecis

618 947 1039 1002 recentioribus
1070 945 1289 1015 passim
1326 943 1613 1014 plurimis.
1647 943 1833 1011 Adyta
1861 941 1921 994 in
1972 939 2259 994 Christia-

615 1037 705 1089 nis
739 1037 891 1106 apud
915 1034 1145 1089 Graecos
1176 1032 1412 1102 templis
1445 1032 1581 1086 inde
1613 1045 1801 1099 usque
1832 1029 1904 1083 ab
1936 1028 2259 1094 originibus

614 1124 886 1195 relignnis
919 1131 1083 1194 septa
1115 1120 1408 1194 repagulis
1442 1121 1618 1187 fuere,
1648 1135 1774 1189 quae
1806 1123 1863 1171 et
1903 1133 2143 1189 gressus
2186 1118 2259 1170 ab

610 1214 681 1269 iis
725 1215 1103 1286 profanorum
1136 1220 1192 1268 et
1249 1212 1447 1267 oculos
1488 1214 1775 1265 arcerent.
1831 1216 1913 1262 Ac
1956 1206 2258 1278 principiis

604 1304 843 1373 quidem
870 1303 1077 1373 exiguo
1109 1302 1603 1372 defungebantur,
1640 1297 2034 1353 necessarium
2067 1312 2252 1351 secre-

607 1399 733 1447 tum
792 1393 1086 1463 majestati
1119 1406 1416 1446 sacrorum
1440 1389 1694 1444 contenti
1726 1386 2255 1457 quomodocunque

605 1483 942 1537 obduxisse.
1000 1488 1124 1535 Arte
1191 1479 1471 1550 gradibus
1530 1477 1773 1539 inferne,
1830 1492 2008 1545 supra
2062 1473 2251 1529 solum

602 1571 1073 1626 obtendebantur
1094 1586 1125 1624 e
1156 1568 1402 1623 materia
1435 1564 1699 1621 cancelli:
1735 1564 1794 1618 hi
1850 1580 2089 1635 gressus
2149 1580 2251 1617 ex-

602 1657 921 1711 cludebant
948 1673 1063 1711 non
1123 1655 1553 1710 initiatoruma
1610 1671 1772 1709 sacro
1824 1660 2010 1722 septo.
2066 1656 2250 1721 Super

599 1746 708 1799 bos
741 1745 866 1799 vela
892 1744 1284 1799 tendebantur
1313 1761 1326 1798 :
1355 1743 1475 1796 haec
1528 1746 1907 1812 conspectum
1943 1740 2247 1810 mysterio-

2381 578 2687 658 δρυφάκτου
2718 582 2752 651 ἢ
2788 580 3006 637 δικτύου
3039 585 3338 640 cancellati
3363 585 3503 657 septi
3525 590 3819 645 reticulata
3859 610 4024 664 opere

2371 672 2599 738 hiantis,
2621 674 2784 729 rimis
2804 679 2997 729 tamen
3022 673 3455 729 autintervallis
3476 675 3730 732 velorum
3750 696 4020 752 oppansa

2372 762 2564 827 tectis,
2599 768 2662 815 ut
2684 761 2960 816 diximus.
2992 767 3178 833 Atque
3227 763 3345 817 haec
3379 765 3539 834 prius
3570 768 3745 819 tuere.
3806 771 4023 827 Postea

2368 847 2590 904 invenit
2620 851 3038 921 imperatorum
3091 852 3527 922 magniticentia
3561 857 3842 911 rationem
3902 861 4023 916 ista

2370 938 2617 993 ornandi
2646 944 2705 993 et
2749 941 2907 994 salvo
2939 957 3049 993 usu
3084 940 3346 1010 religioni
3378 958 3443 996 ac
3477 946 3818 1002 necessitate
3861 950 4019 1005 ritus

2370 1025 2426 1079 in
2461 1028 2865 1097 augustiorem
2907 1028 3309 1083 conformandi
3371 1032 3647 1101 speciem.
3710 1034 3817 1089 Pro
3875 1054 4018 1091 can-

2367 1114 2575 1170 cellato
2636 1133 2666 1170 e
2699 1116 2941 1172 materia
2991 1126 3153 1189 septo
3209 1118 3608 1189 pretiosiorem
3644 1137 3673 1176 e
3722 1140 4021 1181 marmore

2367 1220 2466 1268 aut
2491 1230 2623 1282 tere,
2657 1220 2899 1286 argento
2931 1215 3069 1287 quin
3095 1216 3272 1271 etiam
3306 1221 3364 1271 et
3396 1235 3558 1287 auro,
3620 1220 4015 1279 illuminanti-

2364 1302 2476 1357 b'us
2507 1320 2653 1374 opus
2684 1304 2933 1375 gemmis
2965 1320 3202 1375 quoque
3238 1306 3467 1373 inserti,
3512 1324 3742 1364 scenam
3802 1312 4014 1369 obten-

2363 1392 2574 1446 deruut
2605 1408 2767 1447 sacro
2799 1392 2991 1459 altari,
3025 1393 3184 1448 omni
3206 1393 3663 1451 architectonica
3719 1399 4012 1471 elegantia

2360 1479 2687 1544 visendam,
2720 1481 3029 1549 columnis,
3064 1481 3272 1554 signis,
3295 1484 3469 1551 vasis,
3496 1484 3760 1555 ﬂoribus,
3796 1491 4010 1560 tiguris

2358 1568 2482 1622 visu
2527 1568 2956 1639 pulcherrimis.
2992 1572 3410 1627 Constantinus
3467 1576 4010 1648 Porphyrogenitus

2358 1659 2427 1711 de
2460 1658 2575 1711 vita
2606 1664 2663 1712 et
2695 1660 2867 1713 rebus
2896 1660 3078 1730 gestis
3137 1660 3332 1714 Basilii
3381 1663 3649 1731 Augusti,
3688 1672 4007 1736 postquam

2358 1746 2655 1800 retulisset
2686 1764 2818 1801 eum
2875 1749 3277 1803 muniﬁcentia
3328 1749 3498 1820 plane
3558 1753 3714 1823 regia
3773 1756 4005 1827 templi,

599 1852 731 1889 ium
759 1834 1027 1932 concioni
1074 1833 1429 1934 adimebant.
1462 1830 1767 1934 Eusebifus,
1820 1828 1856 1927 ί..
1894 1846 1949 1893 x,
1999 1845 2049 1882 c.
2085 1828 2136 1895 4,
2171 1829 2242 1880 de
2274 1870 2321 1934 Β
2358 1835 2508 1903 quod
2543 1837 2850 1900 exstruxit,
2886 1838 3135 1907 parietes
3174 1837 3374 1891 dextra
3434 1839 3692 1912 laavaque
3752 1846 4002 1899 tectorio

598 1922 981 1978 Constantino
1033 1920 1251 1991 templa
1280 1921 1613 1977 Christiana
1664 1917 1878 1974 Graecis
1909 1921 2239 1972 exstruente

599 2012 805 2067 scribit
839 2011 948 2067 εΤὸ
1006 2009 1417 2083 θυσιαστήριον,
1472 2006 1544 2066 ὡς
1598 2004 1655 2059 ἂν
1707 2001 1790 2074 εἷή
1848 2008 1965 2065 τοῖς
2012 2001 2247 2063 πολλοῖς

597 2096 816 2172 αὸατον,
901 2103 1017 2155 τοῖς
1104 2097 1211 2152 ἀπὸ
1298 2094 1466 2167 ξύλου
1543 2094 1897 2170 περιέφραττε
1980 2088 2242 2162 δικτύοις,

598 2195 807 2259 Altare,
844 2201 904 2248 ut
930 2195 1069 2247 esset
1098 2192 1442 2246 inaccessum
1460 2188 1680 2258 populo,
1726 2185 1927 2254 ligneis
1941 2183 2105 2254 sepsit
2130 2184 2243 2238 cla-

601 2281 763 2336 thris.
813 2282 908 2337 Sic
953 2281 1051 2336 ille
1102 2281 1173 2335 de
1230 2277 1504 2333 cancellis
1565 2274 1924 2339 memoratis,
1956 2289 2101 2342 quos
2146 2272 2241 2327 alii

597 2366 886 2444 κιγκλίδας
944 2374 1172 2436 vocant,
1233 2373 1297 2423 ut
1369 2372 1616 2438 Symeon
1678 2362 2239 2419 Thessalonicensis.

596 2460 915 2531 Gregorius
974 2474 1112 2514 vero
1172 2457 1570 2511 Nazianzenus
1634 2452 1919 2522 singulari
1995 2467 2240 2505 numero

593 2551 781 2605 totum
831 2546 1222 2631 cancellorum
1275 2551 1508 2616 septum
1550 2537 1811 2614 κιγκλίδα
1862 2541 2087 2597 vocavit
2143 2539 2240 2595 illo

593 2653 762 2693 VOPSU
786 2653 801 2692 ἶ

664 2740 888 2818 Κιγκλὶς
919 2739 1208 2815 διείργουσ’
1239 2739 1300 2795 οὐ
1338 2741 1513 2813 βίους,
1544 2735 1672 2792 ἀλλ’
1702 2736 1926 2812 ὀφρύας.

597 2853 743 2916 Quia
775 2851 931 2905 enim
965 2852 1120 2904 intra
1157 2854 1388 2917 septum
1443 2848 1604 2901 locus
1652 2851 1780 2900 erat
1809 2844 2236 2910 sacerdotibus,

592 2941 886 3012 plerisque
930 2946 1070 2994 tunc
1102 2937 1391 3008 ejusmodi
1426 2942 1488 2989 ut
1526 2939 1680 2989 fastu
1713 2934 1901 2988 solum
1937 2949 2000 2987 ac
2033 2950 2237 3004 super-

592 3032 709 3097 bia,
771 3046 885 3083 non
954 3028 1365 3083 exercitatione
1435 3026 1717 3078 virtutum
1787 3040 1967 3093 supra
2023 3024 2237 3093 vulgus

590 3118 935 3181 eminerent,
968 3116 1266 3187 eleganter
1296 3115 1378 3169 ait
1408 3113 1716 3181 cancellos,
1750 3113 1851 3181 qui
1883 3111 2238 3165 dirimebant

2352 1939 2418 1976 ex
2451 1929 2689 1995 argente
2721 1927 2913 1979 aureis
2942 1925 3312 1982 interstincto
3361 1927 3605 1984 ﬂoribus
3636 1936 3692 1985 et
3745 1935 4005 2002 gemmis

2353 2021 2669 2076 obduxisse
2704 2021 2795 2091 (Oi.
2858 2018 2915 2074 δὲ
2973 2020 3033 2074 ἐκ
3084 2018 3271 2091 δεξιῶν
3332 2024 3419 2076 καὶ
3481 2023 3778 2097 εὐωνύμων
3814 2034 4009 2103 τοῖχοι

2349 2105 2580 2182 ἄργυρον
2662 2106 2894 2185 ἄφθονον
2976 2110 3065 2163 καὶ
3136 2112 3289 2165 αὐτοὶ
3369 2111 3705 2184 ἐπικείμενον
3790 2114 4011 2191 ἔχουσι,

2351 2194 2731 2269 διηνθισμένον
2783 2203 2972 2272 χρυσῷ
3010 2198 3103 2253 καὶ
3129 2200 3336 2272 τιμίοις
3365 2200 3791 2275 πεποικιλμένον
3823 2204 4011 2270 λίθοις

2348 2287 2436 2340 καὶ
2470 2288 2761 2362 μαργοὶρων
2795 2287 3193 2363 λαμπρότητι),
3228 2294 3427 2347 statim
3488 2296 3653 2350 addit
3711 2298 3781 2350 de
3836 2316 4013 2353 sacro

2348 2384 2512 2448 septo
2571 2378 2691 2433 sive
2744 2379 2946 2434 solea:
2980 2379 3040 2434 Ἡ
3076 2376 3132 2432 δὲ
3194 2377 3507 2454 διείργουσα
3562 2384 3629 2437 τὰ
3685 2382 3851 2438 ἄδυτα
3909 2392 4012 2440 τοῦ

2349 2465 2493 2529 θείου
2524 2465 2679 2519 οἷ’κου
2735 2466 2931 2521 τούτου
2990 2466 3240 2542 καγκλὲς,
3292 2469 3604 2545 Ἡράκλεις,
3656 2472 3780 2526 ὅσον
3834 2472 4011 2530 ὄλϐον

2346 2552 2397 2607 ἐν
2455 2554 2618 2627 ἑαυτῇ
2678 2554 3028 2633 περιείληφεν
3064 2598 3078 2622 ,
3154 2556 3219 2624 ἧς
3279 2560 3333 2612 οἱ
3389 2558 3577 2614 στῦλοι
3643 2562 3736 2633 μὶν
3792 2569 3884 2616 καὶ
3942 2568 4014 2619 τὰ

2345 2644 2584 2697 κάτωθεν
2619 2642 2669 2713 ἐξ
2697 2644 2934 2718 ἀργύρου
2971 2641 3162 2699 διολου
3209 2648 3306 2714 τήν
3359 2648 3607 2703 σύστασιν
3665 2650 3910 2725 ἔχουσιν,
3971 2658 4008 2723 ἡ

2346 2729 2405 2786 δὲ
2455 2737 2571 2793 ταῖς
2627 2732 2879 2810 κεφαλίσι
2936 2734 3143 2788 τούτων
3196 2733 3513 2809 ἐπικειμένη
3548 2736 3698 2800 δοκές
3728 2740 3787 2795 ἐκ
3829 2745 4006 2797 καθα-

2344 2825 2442 2894 ροῦ
2498 2820 2730 2895 χρυσίου
2782 2824 2926 2874 πᾶσα
2982 2821 3270 2893 συνέστηκε
3304 2866 3318 2890 ,
3374 2825 3464 2879 τὸν
3524 2823 3766 2881 πλοῦτον
3823 2828 4005 2885 πάντα

2341 2910 2434 2963 τὸν
2481 2910 2532 2979 ἐξ
2578 2908 2763 2965 Ἰνδῶν
2792 2914 3221 2985 περικεχυμένον
3269 2912 3525 2968 πάντοθεν
3570 2912 3795 2988 ἔχουσα,
3853 2918 3905 2971 ἐν

2340 2998 2476 3052 κατᾶ
2529 2997 2716 3053 πολλὰ
2768 3000 2903 3074 μέρη
2939 3000 3026 3053 καὶ
3059 3003 3093 3069 ἡ
3122 2998 3407 3074 θεανδρική
3440 3007 3536 3057 τοῦ
3569 3005 3769 3079 Κυρίου
3804 3011 4001 3082 μορφὴ

2345 3090 2697 3163 μετὰχυμεύσ
2762 3110 2865 3149 ειυς
2942 3088 3326 3145 ἐκτετύπωται.
3441 3094 3548 3161 Qui
3621 3112 3746 3151 vero
3820 3100 4005 3169 adyta

590 3208 892 3261 sacerdote
923 3224 955 3259 ἃ
989 3205 1221 3277 populo,
1258 3220 1373 3258 non
1408 3204 1577 3266 vitas,
1612 3201 1711 3255 sed
1754 3200 2070 3271 ευρριιοηια
2116 3200 2230 3254 άίε,
2259 3216 2302 3281 C
2346 3180 2573 3249 hujusce
2595 3181 2781 3279 (livini
2812 3180 3017 3281 templi
3054 3190 3314 3251 separant
3345 3185 3598 3281 chancelli,
3650 3191 3794 3240 Deus
3822 3187 3997 3242 bone!

586 3296 854 3351 crevisse.
880 3294 1164 3349 Similiter
1204 3292 1467 3362 loquitur
1495 3288 1913 3345 Constantinus
1965 3287 2227 3358 Porphy-

586 3385 886 3455 rogenitus
916 3382 1069 3437 infra
1100 3382 1461 3436 referendus.
1488 3384 1665 3433 Erant
1696 3378 1755 3432 hi
1778 3376 2021 3432 cancelli
2052 3376 2231 3447 pervii

587 3473 855 3545 portulis,
906 3489 1008 3542 per
1066 3488 1213 3543 quas
1274 3470 1472 3526 aditus
1518 3467 1823 3537 exitusque
1873 3465 2230 3538 presbyteris

583 3565 820 3635 patebat
851 3580 865 3618 :
900 3566 984 3636 [Ρ.
1023 3562 1147 3634 421]
1182 3562 1278 3617 Ha
1309 3554 1767 3634 καγκελοθυρίδες
1789 3559 2006 3613 Codino
2035 3561 2225 3613 dictae.

579 3655 686 3707 Sed
721 3659 839 3708 tam
873 3653 958 3706 hae
999 3668 1176 3722 quam
1204 3649 1677 3717 intercolumnia,
1711 3653 1812 3703 aut
1843 3647 2031 3719 spatia
2089 3664 2229 3703 ocu-

577 3741 650 3795 lis
706 3741 900 3812 pervia
960 3738 1378 3806 cancellorum,
1437 3736 1577 3791 velis
1635 3735 1913 3807 oppansis
1972 3739 2230 3805 protege-

580 3834 790 3886 bantur
819 3848 852 3885 a
875 3829 1073 3902 populi
1099 3834 1359 3898 aspectu.
1387 3823 1678 3896 Βηλόθυρα
1700 3826 1791 3878 his
1815 3841 2083 3888 uomens,
2111 3841 2227 3894 quo

579 3937 694 3974 non
720 3924 948 3974 tantum
971 3918 1228 3973 Codinus
1251 3923 1340 3971 est
1362 3932 1525 3971 usus.
1555 3915 1655 3969 sed
1679 3913 1855 3968 etiam
1878 3916 2227 3968 Anastasnus

578 4009 1062 4064 Bibliothecarius
1092 4007 1152 4060 in
1183 4004 1497 4076 Stephano,
1531 4003 1624 4057 his
1647 4002 1875 4057 verbis:
1910 4005 2059 4057 Fecit
2084 4007 2135 4057 et
2168 4006 2226 4057 in

573 4098 766 4154 eadem
815 4097 1045 4152 basilica
1094 4095 1298 4165 egregii
1352 4093 1583 4148 doctoris
1648 4093 1893 4163 gentium
1940 4092 2228 4163 velothyra

570 4194 827 4261 quatuor,
869 4203 939 4241 ex
968 4185 1165 4257 quibus
1196 4199 1369 4237 unum
1413 4197 1549 4237 auro
1583 4188 1818 4235 textum.
1855 4182 2034 4235 Paulo
2096 4186 2226 4252 post

570 4276 1013 4349 velothyrorum
1057 4290 1231 4329 usum
1301 4271 1536 4342 qualem
1571 4271 1825 4325 dicimus
1883 4271 2221 4326 distinctius

565 4366 858 4432 indicans,
891 4369 971 4419 ait
995 4361 1467 4433 dataapontiﬁce
1495 4362 1699 4414 eodem
1724 4360 2014 4429 velothyra
2042 4362 2219 4414 serica

560 4460 678 4512 tria
710 4459 770 4511 in
799 4455 1041 4511 circuitu
1072 4453 1294 4517 altaris,
1326 4452 1434 4506 hoc
1463 4457 1572 4520 est,
1634 4458 1695 4505 ut
1727 4460 1988 4521 apparet,
2030 4452 2220 4503 inten-

559 4548 753 4601 denda
783 4546 1031 4615 tegendo
1065 4544 1136 4598 ab
1169 4541 1356 4597 oculis
1388 4541 1584 4611 populi
1611 4541 1988 4611 presbyterio,
2051 4542 2204 4610 quod

556 4647 615 4691 et
647 4636 705 4689 in
738 4636 941 4690 Latino
982 4634 1097 4688 ritu
1127 4638 1251 4686 erat
1278 4630 1498 4686 circum
1533 4630 1736 4683 altare.
1764 4628 2026 4684 Illustrat
2084 4632 2204 4684 haec

554 4726 753 4781 omnia
786 4726 843 4779 S.
880 4723 1153 4778 Germani
1179 4721 1341 4775 locus
1374 4720 1430 4773 in
1458 4720 1836 4790 Mystagogla.
1870 4736 2042 4789 quem
2076 4720 2204 4774 ideo

554 4814 936 4870 describant:
976 4810 1170 4867 Κιόνια
1225 4805 1351 4877 ⁴ἤτοι
1415 4806 1483 4861 τὰ
1545 4808 1744 4877 στήθεα
1800 4804 2204 4881 διαχωρίζοντα

548 4904 612 4956 τὸ
670 4904 823 4976 βῆμα
882 4900 988 4956 ἀπὸ
1036 4901 1234 4956 λοιποῦ
1291 4902 1444 4969 ναοῦ,
1492 4898 1583 4951 καὶ
1614 4896 1896 4971 κάγκελλά
1943 4897 2045 4952 εἶσι
2102 4906 2202 4968 τῆς

548 4998 865 5066 προσευχῆς
915 4990 1088 5045 τόπον
1137 4992 1288 5046 θθυ
1352 4985 1644 5056 δηλοῦντα,
1695 4986 1747 5041 ἰν
1808 4989 1890 5049 οἷς
1946 4988 2197 5060 σημαίνει

542 5082 645 5149 τὴν
682 5080 776 5151 μὶν
827 5075 1019 5149 ἔξωθεν
1075 5081 1172 5132 τοῦ
1234 5074 1370 5129 λαοῦ
1419 5071 1660 5141 εἷ’σοδον,
1684 5075 1784 5142 τὴν
1819 5071 1876 5127 δὲ
1906 5072 2098 5129 ἔσωθεν
2132 5077 2197 5129 τὰ

539 5172 705 5242 ’Ἅγια
734 5173 842 5223 τῶν
888 5168 1053 5243 ἁγίων
1090 5166 1439 5241 ὑπάρχουσαν
1491 5162 1581 5217 καὶ
1628 5163 1817 5235 μόνοις
1861 5169 1979 5226 τοῖς
2017 5165 2189 5237 ἱερεύ-

538 5279 620 5312 σιν
655 5256 814 5312 οὖσαν
861 5252 1140 5311 ἐπιϐατόν·
1196 5256 1515 5311 Columella
1571 5256 1685 5309 sive
1736 5255 1983 5309 thoraces
2032 5271 2189 5325 sepa-

530 5357 716 5403 rantes
736 5350 913 5403 altare
932 5366 964 5403 a
990 5350 1201 5417 reliquo
1232 5346 1454 5415 templo,
1479 5354 1530 5399 et
1559 5345 1792 5398 cancelli
1850 5345 2028 5399 locum
2056 5363 2187 5399 ora-

524 5440 695 5494 tionis
720 5440 1088 5505 mani/estant
1119 5443 1174 5491 et
1203 5435 1430 5505 signant
1486 5448 1765 5503 quousque
1821 5439 2067 5488 extortus
2100 5440 2186 5488 in-

525 5528 685 5597 gredi
710 5528 945 5597 papulas
1004 5529 1193 5597 possit,
1227 5540 1292 5580 ac
1345 5523 1487 5594 quod
1536 5524 1776 5577 interius
1835 5534 1933 5589 est,
1985 5524 2183 5580 Sancta

525 5622 843 5673 sanctorum
873 5632 1005 5683 esse,
1057 5618 1238 5672 locum
1296 5612 1433 5670 solis
1489 5627 1734 5666 servium
1787 5614 2178 5670 sacerdotibus.

529 5724 592 5787 ιιι
628 5706 718 5763 his
756 5708 951 5763 verbis
984 5707 1170 5763 notari
1226 5704 1401 5761 velim
1456 5716 1629 5757 voces
1689 5702 1819 5759 illas
1875 5703 2031 5757 κιὸνα
2088 5704 2178 5758 καί

2346 3282 2580 3339 quantas
2615 3271 2673 3324 in
2702 3288 2760 3325 se
2788 3270 3011 3325 divitias
3058 3272 3334 3326 continent
3364 3270 3390 3325 ?
3432 3288 3665 3341 quorum
3716 3276 4005 3333 columna:

2336 3359 2781 3429 portesqueima:
2811 3377 2997 3413 omnes
3028 3376 3096 3413 ex
3148 3371 3373 3430 argento
3422 3362 3679 3435 conﬂata
3727 3371 3880 3434 sunt,
3941 3380 4005 3427 et

2337 3450 2612 3518 capitoliis
2642 3465 2833 3503 earum
2862 3450 3349 3519 superincumbens
3380 3451 3529 3504 trabs
3580 3460 3683 3505 tota
3737 3470 3805 3507 es:
3848 3471 4002 3524 puro

2336 3552 2474 3591 auro
2520 3544 2752 3601 constat,
2803 3539 3087 3591 universas
3128 3539 3385 3592 Indorum
3432 3539 3653 3595 divitias
3709 3543 3863 3596 omni
3919 3562 4002 3599 τε

2335 3631 2491 3693 parte
2519 3629 2883 3694 circumfusas
2915 3628 3155 3694 habens;
3216 3631 3275 3681 in
3324 3646 3432 3698 qua
3488 3629 3682 3684 multis
3738 3632 3879 3685 locis
3936 3644 3999 3689 ct

2338 3716 2663 3771 theamlrica
2694 3716 2856 3772 Domi
2891 3723 3074 3787 forma
3101 3734 3264 3788 apere
3294 3720 3539 3788 cliymico
3588 3735 3851 3791 expressa
3883 3734 3990 3779 est.

2334 3812 2463 3867 Haec
2498 3815 2951 3876 Constantinus;
2985 3815 3082 3885 qui
3110 3823 3166 3869 et
3196 3815 3335 3869 alibi
3377 3815 3594 3872 similia
3634 3818 3703 3873 de
3754 3823 3996 3892 magni-

2337 3903 2720 3958 ﬁcentissima
2753 3905 3123 3960 decoratione
3157 3904 3359 3975 templi
3390 3905 3632 3961 alterius
3690 3924 3796 3978 per
3825 3927 3998 3966 eum-

2335 3993 2465 4046 dem
2500 3993 2779 4047 Basilium
2812 3997 3141 4064 Augustum
3180 3995 3329 4047 facta
3364 3996 3639 4062 referens,
3665 4009 3989 4069 postquam

2333 4081 2479 4135 dixit
2512 4082 2711 4152 tcmpli
2746 4084 2992 4153 parietes
3032 4088 3089 4136 et
3149 4083 3273 4153 ipsa
3331 4086 3650 4153 praesertim
3705 4087 3995 4145 interiora

2333 4172 2638 4242 adytorum
2657 4181 2919 4242 argento,
2936 4173 3353 4242 auro,gemmis
3370 4182 3425 4226 et
3450 4174 3765 4229 unionibus
3783 4178 3993 4246 splen-

2331 4261 2639 4315 didissime
2680 4262 3027 4327 incrustata,
3087 4264 3315 4332 preprie
3369 4264 3533 4316 addit
3584 4264 3653 4316 de
3705 4271 3988 4322 exteriori

2328 4351 2473 4405 facie
2504 4351 2653 4421 septi
2685 4350 2867 4405 altare
2898 4351 3310 4405 abscondentis
3344 4367 3357 4404 :
3411 4350 3506 4402 Καὶ
3569 4348 3628 4404 ἐκ
3658 4356 3765 4405 τῶν
3822 4352 3987 4417 ius);

2328 4434 2658 4510 διείργουσαι
2736 4437 2801 4490 τὰ
2878 4438 3233 4509 θυσιαστήρια
3304 4436 3578 4512 κιγκλίδες
3654 4439 3743 4492 καὶ
3794 4442 3865 4495 τὰ
3930 4444 3981 4496 ἓν

2325 4525 2511 4586 αὐταῖς
2565 4524 2864 4599 περίστυλα
2902 4572 2914 4593 ,
2971 4525 3059 4578 καὶ
3125 4529 3193 4579 τὰ
3245 4526 3445 4589 ἄνωθεν
3516 4529 3636 4580 οἷον
3701 4529 3983 4604 ὑπὲρθπῖ

2318 4616 2753 4688 χρηματίζοντα,
2797 4613 2908 4668 θ’ίτε
2959 4612 3105 4675 ἐντὸς
3154 4616 3330 4681 θᾶκοι,
3372 4615 3460 4668 καὶ
3514 4618 3566 4669 αἱ
3614 4620 3719 4688 πρὸ
3757 4622 3977 4673 τούτων

2320 4702 2603 4776 βαθμῖδες,
2653 4705 2742 4757 καὶ
2795 4704 2953 4757 αὐταὶ
2998 4705 3047 4757 αἱ
3098 4704 3238 4779 ἱεραὶ
3294 4705 3575 4776 τράπεζαι,
3623 4706 3672 4775 ἐξ
3722 4708 3977 4784 ἀργύρου

2314 4792 2486 4846 πάντα
2516 4791 2949 4867 περικεχυμένον
2982 4789 3169 4866 ἔχουσι
3224 4794 3316 4847 τὸν
3376 4795 3603 4867 χρυσόν.
3634 4803 3703 4851 L't
3754 4799 3855 4868 qui
3897 4804 3975 4854 ab

2311 4886 2578 4940 exteriori
2597 4884 2787 4955 templi
2827 4897 2986 4955 parte
3042 4884 3422 4939 sanetuaiium
3464 4886 3747 4940 secludunt
3806 4890 3973 4945 CIC)

2309 4975 2562 5041 cancelli,
2594 4987 2642 5029 et
2679 4977 2736 5029 in
2789 4974 2921 5045 ipsis
2971 4974 3259 5037 columna,
3292 4990 3417 5045 quae
3473 4991 3636 5046 super
3688 4993 3780 5031 cas
3832 4992 3973 5035 sunt

2310 5064 2682 5135 Ityperbhyra,
2716 5069 2767 5119 et
2796 5065 3150 5131 intusscltse,
3207 5066 3450 5135 ipsa-ique
3505 5082 3675 5119 sacres
3731 5082 3967 5137 mensae,

2305 5166 2491 5219 omnia
2522 5180 2591 5218 ea:
2618 5168 2854 5235 argento
2888 5165 3286 5229 circumfusum
3344 5162 3541 5219 habent
3588 5181 3809 5218 aurum.
3882 5170 3969 5222 Ita

2301 5254 2400 5307 ille
2435 5272 2450 5321 ;
2483 5254 2700 5323 quibus
2731 5252 2949 5305 similia
2979 5252 3233 5306 Codinus
3266 5253 3336 5307 de
3388 5252 3607 5322 templo
3636 5260 3691 5304 ις.
3727 5256 3961 5324 Sophia:

2302 5348 2607 5398 memorat.
2645 5342 2757 5395 Res
2790 5358 2963 5411 porro
2987 5344 3112 5411 ipsa
3145 5340 3424 5411 loquitur,
3459 5350 3516 5395 et
3547 5343 3959 5399 architectura:

2300 5432 2449 5486 ratio
2481 5431 2681 5501 exigit,
2708 5430 2803 5485 isti
2838 5430 2975 5485 moli
3008 5430 3420 5486 columnarum
3452 5447 3507 5487 ct
3551 5433 3739 5486 caztel-i
3771 5450 3954 5490 orna-

2299 5532 2393 5576 tus
2422 5522 2720 5576 substerni
2755 5521 2942 5575 basim
2989 5521 3263 5576 debuisse
3302 5538 3332 5576 e
3384 5520 3508 5577 solo
3564 5527 3895 5581 exstantem
3932 5544 3945 5592 ;

2296 5628 2471 5683 quam
2506 5616 2560 5665 et
2590 5610 3013 5665 Constantinus
3045 5612 3319 5666 iudieavit
3342 5611 3461 5667 illis
3504 5613 3715 5683 prioris
3776 5617 3945 5670 testi-

2292 5700 2468 5759 monii
2510 5699 2707 5754 verbis
2755 5699 2805 5753 οἱ
2865 5697 3052 5754 στῦλοι
3115 5700 3209 5771 μὲν
3267 5699 3356 5753 καὶ
3414 5700 3480 5754 τὰ
3534 5700 3795 5767 κάτωθεν,
3858 5724 3944 5762 ςυ-
