4248 6438
174 409 313 465 1073

1632 406 2116 461 GLOSSARIUM.

3454 402 3590 457 1074

168 535 397 586 [ατηηιαι
428 534 717 602 partesque
748 544 882 587 una:
911 545 1094 584 omnes
1126 529 1344 599 quibus
1366 527 1640 597 exprimit
1700 542 1826 581 eam
1859 528 1910 593 Α
1944 526 2096 597 quod
2150 526 2404 596 spatium
2464 527 2637 582 statio
2696 526 3025 581 antistitum
3076 528 3133 580 et
3207 526 3581 581 sacerdotum

169 621 671 675 substructionem
710 620 805 673 isti
866 635 1050 672 scenas
1105 618 1461 672 sustinendae
1523 634 1700 687 quam
1752 633 1820 671 ex

174 710 441 764 Vitruvio
464 709 739 780 superius
760 707 1095 762 vocavimus
1120 709 1467 771 stereobata,
1492 724 1665 777 super
1690 723 1817 777 quia

174 800 467 869 stylobata
500 801 798 869 ponuntur
852 796 1259 851 columnarum
1309 797 1478 851 sedes
1534 797 1815 865 proxima.

172 892 291 942 Hoc
326 892 521 942 autem
555 888 733 941 veteri
767 886 967 941 Latino
996 886 1169 940 verbo
1222 885 1627 957 propriissime
1674 886 1821 941 solea

175 982 284 1033 est.
319 977 381 1046 [P
436 976 559 1046 1:22]
622 977 683 1030 ld
735 976 887 1045 quod
951 975 1060 1045 ipsi
1115 974 1298 1029 Graeci
1383 973 1817 1040 intellexerunt,

174 1065 583 1137 superpositos
624 1065 725 1119 isti
771 1065 943 1135 quasi
985 1063 1271 1135 crepidini
1303 1068 1544 1118 ornatus
1599 1058 1820 1120 σολίους

168 1152 561 1223 appellantes,
585 1151 866 1207 vocabulo
887 1168 919 1206 a
950 1150 1107 1205 solea
1141 1151 1230 1205 cui
1254 1152 1591 1205 innituntur
1621 1151 1817 1204 ducto.

170 1241 463 1297 Theodori
493 1242 739 1295 Studitee
777 1240 950 1296 verba
973 1240 1089 1294 haec
1121 1241 1330 1294 recitat
1386 1240 1669 1309 Georgius
1716 1238 1820 1293 Ha-

164 1331 455 1387 martolus
488 1332 545 1385 in
582 1335 765 1385 Leone
789 1336 1037 1384 Armeno
1074 1348 1086 1384 :
1120 1326 1187 1385 Οἳ
1215 1349 1273 1381 τε
1304 1333 1439 1391 θεῖοι
1498 1328 1673 1389 κίονες
1729 1328 1817 1380 καὶ

162 1421 214 1472 οἱ
249 1417 430 1472 σάλιοι
460 1418 822 1490 καλούμενοι,
871 1416 903 1471 ἃ
958 1416 1021 1471 τὸ
1072 1412 1366 1489 σεϐάσμιον
1400 1421 1496 1471 τοῦ
1523 1418 1671 1490 ἱεροὖ
1704 1414 1819 1469 δια-

158 1512 464 1582 τειχίζουσι
526 1511 924 1578 θυσιαστήριον.
1000 1511 1215 1565 Necnon
1275 1523 1450 1564 sacra?
1534 1508 1817 1571 columnae,

162 1606 211 1652 et
274 1598 373 1667 qui
428 1597 559 1652 solii
617 1602 886 1651 vocantur
942 1613 1060 1666 quae
1114 1595 1488 1649 venerandum
1532 1611 1565 1647 a
1624 1596 1819 1661 templo

164 1691 534 1758 intersepiunt
590 1690 790 1742 altare.
870 1691 1071 1741 Parem
1157 1682 1509 1758 κυριολογίαν
1594 1686 1821 1738 videtur

163 1776 464 1831 Cedrenus
492 1776 819 1844 affectasse,
853 1776 995 1829 dum
1026 1771 1153 1833 τοὺς
1211 1772 1412 1833 σωλίας
1472 1775 1643 1828 verbo
1698 1772 1820 1843 plu-

1928 618 2075 679 erat,
2111 615 2164 667 id
2222 617 2379 685 quod
2430 620 2596 670 extra
2655 632 2828 669 omne
2878 614 3126 668 dubium
3185 618 3294 679 est,
3340 630 3408 668 ex
3462 631 3587 668 sex-

1926 704 2111 757 centis
2138 706 2355 773 passim
2400 704 2585 758 obviis
2611 704 2965 773 scriptorum
3026 702 3384 773 cptimorum
3438 702 3580 756 locis

1925 792 2299 847 manifestum
2336 811 2347 847 :
2381 793 2462 847 ita
2493 794 2803 847 dicendum
2838 808 3071 863 quoque
3110 791 3441 845 necessario
3495 796 3585 844 est

1928 881 2098 935 solea:
2132 881 2580 952 appellationem
2615 885 2995 953 prOpagatam
3031 881 3103 934 ad
3152 879 3579 947 designandum

1927 969 2201 1024 similiter
2232 972 2487 1040 spatium
2524 970 2757 1039 aliquod
2792 969 2923 1032 soli,
2952 968 3099 1039 quod
3142 969 3340 1022 statim
3394 984 3425 1021 a
3482 984 3580 1022 so-

1924 1057 2011 1111 lea
2034 1074 2236 1113 versus
2282 1059 2480 1129 populi
2516 1074 2581 1112 ac
2628 1057 2927 1111 concionis
2979 1055 3167 1110 locum
3209 1056 3581 1123 tendebatur,

1926 1172 2039 1226 quo
2072 1156 2128 1208 in
2163 1157 2353 1226 spatio
2372 1155 2739 1219 subdiaconi,
2763 1154 3011 1209 lectores
3030 1153 3247 1224 aliique
3273 1152 3579 1207 inferiores

1925 1243 2181 1298 ecclesiae
2216 1244 2470 1298 ministri
2524 1245 2780 1311 stabant,
2831 1242 3045 1313 quibus
3085 1242 3188 1312 jus
3246 1258 3361 1296 non
3424 1245 3580 1295 esset

1926 1333 1980 1386 in
2026 1350 2190 1387 sacro
2250 1338 2415 1404 septa
2465 1333 2521 1387 in
2584 1334 2711 1404 ipso
2770 1333 2999 1385 bemate
3059 1334 3159 1385 aut
3216 1331 3577 1401 presbyterio

1926 1428 2097 1476 stare.
2155 1423 2328 1476 Docet
2380 1423 2484 1476 hoc
2536 1439 2641 1477 nos
2712 1421 2864 1475 clare
2914 1421 3163 1490 Symeon
3209 1418 3581 1473 Thessaloni-

1927 1512 2116 1565 censis
2186 1512 2333 1565 libro
2394 1513 2464 1565 de
2521 1516 2678 1565 Sacr.
2752 1511 2840 1564 his
2894 1509 3127 1563 verbis:
3187 1504 3577 1560 Ὑποδιακόνου

1924 1600 2010 1651 καὶ
2085 1599 2426 1673 ἀναγνώστας
2483 1600 2745 1665 καθῆσθαι
2803 1598 2915 1671 χρή
2985 1595 3175 1667 ἔξωθεν
3233 1599 3329 1648 τοῦ
3392 1595 3577 1668 βήμα-

1923 1707 2014 1747 τος
2088 1688 2211 1759 περὶ
2278 1687 2367 1740 τὸν
2421 1686 2678 1755 σωλὲαν,
2739 1687 2796 1747 ὃς
2857 1683 2922 1752 δὴ
2972 1684 3060 1738 καὶ
3126 1685 3279 1757 βῆμα
3330 1682 3577 1737 καλεῖται

1924 1776 2305 1849 ἀναγνωστῶν·
2376 1778 2747 1832 Subdiaconos
2816 1781 2867 1831 et
2917 1777 3142 1830 lectores
3161 1776 3355 1829 sedere
3408 1790 3569 1843 opor-

163 1865 267 1920 rali
302 1871 468 1920 vocat
501 1865 685 1920 multa
714 1865 816 1919 illa
847 1870 904 1919 et
933 1865 1092 1919 varia
1126 1864 1478 1919 vestibulum
1536 1867 1593 1917 et
1644 1864 1811 1934 quasi
1849 1884 1892 1948 Β
1925 1871 2004 1921 tet
2033 1872 2191 1920 extra
2240 1867 2413 1931 bema,
2446 1867 2593 1920 circa
2628 1868 2850 1934 soleam,
2890 1863 2988 1933 qui
3023 1872 3074 1918 et
3118 1863 3269 1918 bema
3310 1864 3573 1917 lectorum

161 1957 533 2023 proscenium
595 1971 707 2009 arts
754 1970 931 2009 sacrae
979 1955 1389 2024 componentia
1444 1958 1808 2007 ornamenta.

158 2044 352 2099 Verba
383 2045 511 2113 ejus
553 2045 673 2099 haec
706 2049 845 2099 sunt
877 2060 889 2096 :
924 2042 988 2096 Ἡ
1043 2040 1291 2114 τρούλΛα
1348 2047 1447 2108 τῆς
1504 2042 1659 2114 ἁγίας
1712 2046 1809 2095 τοῦ

156 2136 293 2187 Θεοῦ
367 2131 625 2205 Μεγάλης
700 2128 996 2201 ἐκκλησίας
1074 2131 1340 2205 φουρνική
1424 2130 1555 2183 οὖσα
1633 2128 1807 2199 ἔπεσε,

190 2224 216 2277 ό
424 2220 449 2239 ”
496 2217 526 2275 6
691 2243 703 2253 ·
765 2222 777 2237 “
897 2221 919 2254 ·’
1085 2218 1114 2273 λ
1158 2222 1168 2240 ’
1284 2220 1330 2262 ἐ
1364 2220 1390 2274 ὀ
1510 2221 1523 2257 ί
1654 2220 1741 2275 λίΘ

152 2245 180 2277 τ
222 2245 248 2275 ν
303 2244 363 2276 τε
416 2244 492 2294 αμ
534 2243 643 2275 ωνα
693 2243 779 2276 aut
828 2242 954 2282 το)ς
1002 2242 1079 2274 σω
1124 2242 1232 2281 ειας
1281 2241 1331 2290 ε,
1395 2240 1620 2295 νυχ.του
1749 2242 1808 2274 ου

154 2308 314 2373 ὄντας
367 2312 647 2386 συνέτριψε
702 2312 790 2365 καὶ
850 2309 925 2371 εἷς
1012 2315 1147 2385 χοῦν
1225 2309 1533 2365 ἀπετέλεσε·
1607 2312 1811 2367 Trulla

152 2414 345 2460 sancta
396 2404 491 2459 Dei
540 2408 763 2474 Magna;-
819 2402 1060 2457 ecclesia:
1116 2406 1388 2457 camerata
1435 2402 1493 2456 in
1549 2404 1810 2467 fornicem

152 2493 421 2559 concidit,
454 2498 503 2548 et
534 2493 827 2547 umbonem
846 2509 909 2546 ac
936 2492 1128 2547 soleas.
1154 2491 1250 2562 qni
1278 2498 1436 2545 erant
1461 2508 1529 2545 ex
1560 2492 1811 2563 onychite

158 2584 372 2654 lapide,
426 2584 684 2637 contrivit
744 2583 799 2635 ei
854 2584 913 2635 in
972 2584 1248 2651 pulverem
1303 2581 1591 2636 conminit.
1680 2582 1809 2635 Hmc

156 2674 499 2727 Cedremus.
533 2676 671 2726 Tam
704 2677 849 2739 erat,
892 2672 1121 2741 opinor,
1152 2670 1211 2724 in
1242 2686 1310 2725 ea
1356 2670 1601 2725 ecclesia
1654 2687 1808 2724 unus

156 2759 367 2820 σωλὲας
400 2776 580 2831 quam
624 2775 776 2814 unus
826 2752 1040 2829 ἅμϐων.
1092 2758 1208 2813 Cur
1260 2759 1437 2828 igitur
1495 2758 1811 2813 historicus

155 2845 416 2920 ἄμϐωνος
450 2850 505 2904 in
542 2849 826 2919 singulari
859 2846 1105 2900 σωλειῶν
1136 2849 1193 2901 in
1228 2848 1439 2919 plurali
1484 2848 1751 2902 meminit
1782 2850 1809 2902 ?

154 2941 304 3004 Quid
340 2938 718 2993 verisimilius
744 2938 1013 2992 dicamus
1034 2954 1210 3007 quam
1238 2937 1453 2991 idcirco
1478 2938 1532 2991 id
1568 2939 1803 3005 factum,

149 3030 293 3102 quia
343 3025 549 3081 σωλὲαν
612 3026 907 3087 ασωλεαις
964 3032 1065 3081 aut
1109 3023 1364 3079 οωλεῖοι>
1446 3028 1605 3098 (nam
1665 3028 1807 3082 forte

144 3115 421 3177 σωλείους
482 3118 739 3188 scripsit)
798 3118 1022 3172 studuit
1069 3117 1454 3187 distinguere,
1517 3116 1805 3170 verisimi-

144 3207 401 3263 litudine
429 3206 605 3260 etiam
634 3206 986 3260 narrationis
1017 3205 1349 3261 consulens.
1403 3207 1545 3263 Nam
1578 3206 1803 3260 contri-

148 3304 277 3350 tum
303 3294 407 3349 illa
426 3296 597 3349 ruina
622 3295 674 3348 in
705 3294 1001 3348 minutum
1028 3311 1215 3365 usque
1239 3295 1534 3364 pulverem
1567 3293 1806 3348 soleam;

144 3388 257 3442 hoc
290 3392 381 3441 est
412 3386 745 3440 stereobata
776 3385 960 3440 solide
992 3389 1212 3440 structa
1239 3401 1305 3438 ex
1365 3386 1607 3438 materia
1666 3402 1801 3454 prae-

146 3478 302 3531 dura
330 3490 688 3529 marmorum
715 3480 815 3529 aut
837 3473 1011 3528 etiam
1040 3473 1281 3538 metalli,
1304 3473 1582 3529 credibile
1608 3473 1800 3528 minus

145 3569 313 3621 erat:
368 3564 439 3617 de
488 3563 800 3629 columnis,
833 3563 1066 3634 sigillis,
1122 3562 1283 3632 liliis,
1323 3563 1511 3633 pomis
1561 3568 1616 3617 et
1670 3562 1799 3616 aliis

147 3656 358 3725 ﬁguris
390 3670 459 3708 ex
488 3652 760 3723 onychite
791 3669 1024 3723 gemma
1064 3669 1241 3723 supra
1299 3651 1513 3707 soleam
1570 3652 1798 3721 erectis,

144 3761 277 3815 qum
310 3749 525 3797 cuncta
555 3739 799 3795 σωλείων
832 3741 1107 3796 vocabulo
1135 3742 1429 3812 intelligit,
1466 3758 1556 3796 res
1612 3747 1735 3795 erat
1767 3760 1799 3795 a

138 3835 261 3888 ﬁde
294 3850 407 3887 non
442 3832 784 3899 abhorrens,
819 3832 972 3902 quod
1000 3833 1111 3886 ista
1137 3838 1193 3885 et
1222 3832 1549 3885 subtilioris
1601 3830 1797 3885 forma

136 3933 191 3977 et
227 3922 517 3977 mollioris
553 3922 828 3986 materiis,
856 3921 1098 3992 insuper
1126 3921 1297 3975 etiam
1325 3923 1509 3991 primo
1543 3920 1796 3991 impetus

140 4014 446 4067 ruentium
506 4028 575 4065 ex
625 4011 844 4065 fornice
892 4010 1155 4081 lapidum
1214 4012 1597 4081 excepissent.
1669 4016 1793 4067 Non

139 4102 369 4156 infitias
400 4100 600 4155 iverim
631 4104 826 4154 tamen
859 4100 1001 4154 alios
1031 4100 1249 4170 passim
1282 4107 1567 4168 auctores,
1603 4101 1685 4154 uti
1744 4111 1795 4155 et

143 4197 419 4245 nostrum
453 4189 541 4242 hic
576 4189 1012 4257 Pacbymerem,
1041 4190 1180 4243 dum
1214 4193 1421 4244 soleam
1451 4190 1796 4261 simpliciter

142 4279 477 4343 nominant,
503 4294 665 4347 mque
696 4278 1021 4333 stereobata
1043 4295 1173 4332 cum
1199 4280 1586 4350 superpositis
1618 4280 1792 4351 style-

140 4371 321 4436 batis,
356 4367 598 4421 basibus
631 4366 943 4433 columnis,
1005 4368 1311 4438 capitellis,
1362 4371 1544 4436 trabe,
1604 4386 1793 4440 cyma-

135 4458 244 4522 tio,
282 4454 593 4527 epistyliis,
649 4455 881 4527 sigillis,
936 4456 1089 4511 vasis
1148 4474 1213 4511 ac
1273 4456 1495 4528 reliquo
1555 4474 1622 4512 ex
1672 4464 1793 4514 arte

134 4550 585 4605 coronamento,
618 4562 735 4599 una
764 4544 925 4599 verbi
987 4546 1224 4601 notione
1276 4548 1787 4603 comdrebenders.

1921 1966 2290 2025 nuncupatur.
2340 1958 2514 2012 Bema
2572 1958 2667 2011 hic
2725 1956 2835 2010 dici
2895 1956 3088 2009 locum
3173 1954 3330 2007 intra
3407 1970 3574 2007 sacra

1923 2052 2089 2119 septa
2119 2047 2189 2101 ab
2220 2046 2387 2101 altari
2422 2048 2492 2100 ad
2520 2046 2802 2101 cancellos
2854 2044 3155 2116 pertinens
3214 2041 3413 2097 nullus
3455 2043 3561 2096 du-

1920 2136 2089 2199 bitat,
2140 2136 2309 2203 quale
2361 2134 2528 2206 vulgo
2599 2133 3023 2207 presbyterium
3087 2131 3276 2185 Latini
3336 2147 3562 2185 nuncu-

1921 2243 2155 2298 pamus.
2192 2226 2332 2279 Hinc
2367 2226 2443 2279 ait
2500 2222 3043 2279 Thessalonicensis
3104 2220 3371 2275 exclusos
3431 2222 3567 2274 sub-

1918 2316 2195 2369 diaconos
2253 2314 2615 2384 lectoresque
2667 2313 2991 2383 legitimam
3068 2310 3371 2365 stationem
3458 2309 3565 2363 ha-

1920 2405 2119 2459 buisse
2146 2402 2269 2474 περί
2301 2400 2509 2455 σωλέαν
2542 2402 2691 2457 circa
2725 2403 2936 2456 soleam
2973 2417 2986 2467 ;
3031 2415 3204 2471 quem
3264 2402 3568 2469 propterea

1921 2493 2138 2549 soleam
2175 2498 2581 2562 nuncupatum
2614 2492 2693 2545 ait
2728 2491 2881 2561 βῆμα
2911 2473 3257 2553 ἀνάκίωστῶν,
3284 2486 3451 2558 quasi
3480 2487 3567 2540 di-

1920 2600 2016 2637 cas
2048 2584 2225 2636 altare
2252 2583 2531 2644 lectorum,
2564 2581 2779 2635 idcirco
2813 2580 2991 2650 quod,
3025 2581 3109 2644 ut,
3169 2576 3324 2649 βῆμα
3354 2575 3567 2647 ἱερέων,

1922 2696 2129 2749 nempe
2162 2696 2392 2733 sacrum
2430 2678 2630 2741 altare,
2664 2679 2825 2732 locus
2857 2680 2982 2729 erat
3011 2675 3256 2729 intimus
3283 2675 3353 2729 ad
3390 2689 3563 2743 quem

1921 2768 2187 2839 progredi
2224 2768 2551 2821 sacerdotes
2585 2770 2825 2837 possent
2854 2764 3037 2819 sacris
3071 2765 3127 2817 in
3168 2780 3233 2817 eo
3285 2777 3563 2833 peragen-

1918 2859 2032 2924 dis,
2069 2861 2147 2913 ita
2173 2858 2364 2913 soleas
2391 2863 2543 2913 meta
2601 2861 2725 2911 erat
2786 2857 2994 2910 ultima
3052 2854 3374 2908 ministoris
3422 2855 3562 2907 sub-

1918 2948 2295 3002 diaconorum
2331 2952 2386 3002 et
2418 2947 2715 3013 lectorum,
2747 2962 2895 3016 quos
2924 2948 3227 3016 penetrare
3275 2943 3334 2997 in
3396 2958 3561 2997 sacra

1918 3042 2082 3107 septa
2115 3038 2274 3092 nefas
2307 3041 2448 3091 erat.
2513 3037 2737 3091 Rursus
2782 3040 2846 3089 ut
2894 3034 3151 3105 spatium
3184 3033 3337 3087 circa
3375 3048 3558 3098 aram,

1916 3126 2072 3182 intra
2104 3128 2258 3198 quod
2296 3143 2479 3197 usque
2512 3126 2581 3179 ad
2614 3124 2905 3180 cancellos
2936 3134 3039 3178 aut
3088 3122 3306 3178 soleam
3368 3137 3559 3175 sacer-

1918 3215 2086 3269 dotas
2142 3214 2560 3281 consistebant,
2645 3212 2891 3285 βήματος
2949 3210 3338 3283 appellatione
3402 3225 3559 3263 com-

1912 3302 2404 3372 prehendebatur,
2439 3303 2523 3356 sic
2582 3304 2757 3357 etiam
2816 3301 3073 3372 spatium
3134 3303 3268 3354 ante
3316 3298 3556 3360 soleam,

1911 3390 1969 3445 in
2004 3408 2116 3459 quo
2174 3397 2299 3446 erat
2352 3391 2845 3446 subdiaconorum
2904 3394 2959 3445 et
3017 3388 3297 3444 lectorum
3358 3387 3557 3454 statio,

1912 3487 1994 3559 [P'
2030 3490 2154 3561 423]
2187 3488 2356 3544 soleas
2389 3506 2622 3560 quoque
2651 3488 2935 3544 vocabulo
2986 3487 3423 3559 designabatur,
3480 3486 3560 3540 ita

1911 3578 2063 3632 utin
2098 3579 2255 3634 hisce
2310 3580 2540 3633 duobus
2598 3579 2786 3634 soleas
2848 3579 3189 3649 fungeretur
3232 3576 3378 3647 ipsis
3436 3576 3559 3629 vice

1912 3666 2160 3739 βήματος
2195 3674 2251 3722 et
2283 3668 2411 3723 ideo
2456 3668 2608 3740 βῆμα
2660 3668 3020 3741 ἀναγνωστῶν
3082 3668 3239 3721 bema
3298 3666 3556 3719 lectorum

1906 3762 2229 3811 vocaretur.
2265 3761 2394 3812 Haec
2426 3757 2721 3812 sententia
2750 3761 2838 3811 est
2867 3758 3174 3811 verborum
3229 3753 3551 3826 Symeonis,

1907 3846 2212 3899 manifeste
2238 3846 2572 3901 docentium
2602 3845 2762 3900 illam
2789 3846 2995 3901 intime
3031 3847 3328 3899 admotam
3385 3842 3552 3897 soleas

1907 3933 2105 3997 templi
2186 3939 2407 4004 partem
2467 3934 2751 4003 impertiri
2836 3934 3066 3987 solitam
3121 3931 3554 4000 nuncupatione

1907 4022 2095 4087 solete,
2131 4038 2233 4093 per
2263 4024 2657 4078 extensionem
2690 4023 2909 4079 scilicet
2944 4021 3282 4095 popularem
3332 4026 3391 4075 et
3440 4022 3552 4075 mi-

1906 4127 2017 4166 nus
2051 4113 2237 4181 rigida
2295 4114 2669 4183 proprietate.
2736 4115 2915 4183 Atque
2970 4113 3078 4168 hoc
3125 4111 3276 4166 valet
3347 4112 3417 4165 ad
3459 4110 3555 4165 in-

1904 4201 2286 4270 telligendum
2324 4202 2381 4255 in
2416 4203 2570 4272 quod
2608 4202 2741 4256 alibi
2778 4203 2983 4257 scribit
3032 4202 3185 4256 idem
3242 4200 3553 4255 Thessalo-

1904 4289 2181 4351 nicensis,
2232 4290 2379 4345 libro
2441 4291 2718 4345 nimirum
2780 4298 2973 4345 contra
3032 4296 3288 4345 Haereses
3345 4288 3552 4342 Γίνεται

1904 4374 1961 4431 δὲ
2008 4376 2217 4439 εἷ’σοὸος
2268 4378 2343 4436 sic
2387 4379 2480 4433 τὸν
2527 4378 2733 4433 σωλέαν
2786 4380 2845 4434 ἐκ
2890 4384 2986 4434 τοῦ
3021 4380 3268 4453 βήματος
3302 4376 3553 4432 διακόνου

1901 4466 1990 4519 καὶ
2023 4468 2211 4542 ἱερέως
2245 4465 2376 4543 δίχα
2417 4469 2634 4544 φώτων*
2684 4473 2773 4526 Fit
2828 4470 3090 4525 introitus
3145 4469 3207 4523 in
3263 4470 3467 4523 soleam
3523 4485 3552 4523 e

1904 4559 2106 4613 bemate
2137 4558 2357 4613 diaconi
2413 4564 2465 4613 et
2522 4560 2817 4614 sacerdotis
2880 4563 3001 4614 sine
3057 4559 3379 4615 luminibus.
3439 4558 3550 4612 De-

128 4636 286 4699 Quin
320 4634 496 4689 etiam
521 4651 624 4705 pro
648 4639 827 4699 certo,
854 4634 1059 4702 habeo,
1086 4637 1262 4706 idque
1287 4652 1639 4709 magnopere
1663 4639 1786 4691 ani-

1913 4648 2106 4702 ;cribit
2146 4664 2367 4703 sacram
2426 4651 2743 4720 quamdam
2808 4650 3188 4718 iunctionem,
3251 4665 3365 4720 qua
3419 4664 3548 4703 mos

133 4725 626 4780 madvertendam
664 4728 821 4795 puto,
858 4741 972 4778 non
1006 4725 1188 4779 solam
1225 4726 1375 4780 hanc
1406 4727 1790 4782 substructio-

132 4830 274 4869 nem
304 4829 439 4868 cum
473 4813 598 4867 suis
631 4814 997 4868 ornamentis
1035 4814 1097 4866 τὸ
1134 4814 1287 4886 βῆμα
1336 4813 1441 4867 ἀπὸ
1490 4819 1585 4869 τοῦ
1632 4820 1789 4886 ναοῦ,

132 4903 324 4958 altare
348 4919 413 4956 ac
446 4902 871 4973 presbyterium
907 4920 940 4956 a
964 4904 1181 4973 templo
1231 4904 1455 4974 reliquo
1508 4907 1788 4962 dirimen-

128 4999 283 5055 tem,
344 4992 491 5045 611
542 4996 941 5063 nuucupatam
991 4992 1170 5048 fuisse
1226 4995 1473 5059 soleam,
1548 4998 1644 5051 sed
1735 4998 1786 5051 id

131 5096 354 5136 nomen
391 5084 661 5151 praeterea
691 5086 996 5136 extensum
1040 5083 1108 5136 ad
1172 5083 1623 5155 significandum
1685 5088 1789 5141 ali-

134 5174 432 5243 quantum
481 5170 651 5240 spatii
704 5171 813 5225 soli
849 5188 914 5227 ac
960 5172 1272 5242 pavimenti
1332 5176 1586 5230 ecclesias
1644 5178 1793 5232 inter

132 5260 360 5316 soleam
391 5266 449 5314 et
478 5259 672 5315 locum
718 5261 814 5315 ubi
857 5263 1052 5316 stabat
1109 5264 1361 5334 populus
1417 5267 1788 5337 interjacens.

134 5346 663 5414 Quemadmodum
688 5350 864 5405 etiam
904 5350 1074 5425 βῆμα,
1101 5355 1253 5424 quod
1285 5357 1516 5427 proprie
1542 5360 1788 5425 gradum

129 5444 309 5496 sonat
341 5444 397 5494 et
429 5438 611 5495 altare
643 5441 922 5511 gradibus
968 5442 1238 5499 videlicet
1303 5446 1600 5502 sublatum
1656 5466 1789 5520 syn-

127 5528 450 5587 ecdochice
500 5530 740 5597 indicat,
786 5531 1158 5602 significabat
1215 5546 1490 5604 praaterea
1530 5540 1786 5609 spatium

128 5620 241 5673 soli
304 5618 700 5687 satislatum,
749 5622 903 5690 quod
953 5620 1024 5673 ab
1084 5622 1286 5679 infimo
1347 5624 1548 5681 altaris
1603 5631 1785 5699 gradu

127 5726 319 5783 usque
371 5708 438 5763 ad
493 5709 783 5765 cancellos
842 5715 942 5765 aut
1009 5710 1225 5767 soleam
1316 5715 1570 5786 patebat,
1635 5719 1789 5775 intra

1902 4741 2026 4789 erat
2055 4736 2286 4806 prodire
2314 4754 2380 4791 ex
2421 4738 2780 4808 presbyterio
2836 4736 2892 4791 in
2949 4737 3147 4808 templi
3209 4742 3436 4807 partem
3495 4737 3548 4790 ei

1903 4830 2242 4895 praetentam
2284 4828 2643 4882 sacerdotem
2678 4843 2808 4881 cum
2837 4828 3103 4882 diacono.
3148 4826 3315 4881 Illam
3375 4842 3548 4897 porro

1902 4922 2102 4993 templi
2137 4928 2361 4994 partem
2390 4942 2506 4980 una
2535 4927 2701 4988 solea,
2739 4925 2857 4981 sive
2897 4924 3173 4981 cancellis
3229 4942 3262 4979 a
3313 4924 3550 4996 presby-

1900 5012 2045 5067 terio
2104 5013 2480 5083 diremptam,
2529 5016 2731 5070 soleam
2789 5014 3059 5086 appellat.
3109 5014 3238 5068 Pari
3314 5016 3553 5068 notione

1901 5099 2239 5169 accipienda
2273 5105 2598 5157 necessario
2629 5120 2737 5158 vox
2765 5103 2919 5158 solea
2950 5107 3040 5158 est
3070 5103 3219 5174 apud
3269 5102 3553 5157 Joannem

1901 5190 2402 5251 Cantacuzenum.
2435 5193 2589 5248 612
2625 5192 2759 5247 Hist.
2798 5192 2896 5246 lib.
2932 5210 2971 5255 ι,
3005 5209 3133 5263 cap.
3169 5193 3256 5260 41,
3303 5190 3400 5244 ubi
3457 5192 3559 5245 de-

1902 5280 2103 5334 scribit
2137 5282 2540 5336 caeremoniam
2578 5282 2972 5338 coronationis
3005 5282 3317 5337 Andronici
3350 5281 3554 5336 Junio-

1902 5368 1982 5421 ris
2016 5370 2256 5437 Augusti
2293 5371 2349 5424 in
2376 5388 2587 5442 magno
2619 5371 2839 5442 templo
2889 5376 3106 5426 Sanctae
3146 5370 3371 5441 Sophia:
3433 5386 3556 5441 per-

1900 5462 2113 5512 actam.
2159 5465 2254 5513 Ait
2300 5460 2455 5514 enim
2515 5466 2721 5514 caetera
2807 5460 2995 5515 multa
3062 5459 3551 5532 supplicationem

1902 5546 2053 5601 circa
2086 5548 2369 5618 templum
2405 5549 2641 5604 ductam
2676 5566 2709 5603 a
2742 5549 3095 5620 patriarcha,
3129 5549 3302 5607 clero.
3367 5548 3551 5617 impe-

1900 5636 2192 5691 ratoribus
2224 5642 2279 5691 et
2310 5638 2466 5691 omni
2503 5637 2736 5710 populo.
2769 5638 2915 5693 Tum
2972 5638 3028 5693 in
3092 5639 3285 5693 reditu
3342 5654 3551 5693 versus

1899 5723 2103 5797 altare,
2138 5727 2231 5782 ubi
2264 5731 2499 5783 ventum
2534 5728 2603 5783 ad
2638 5726 2852 5784 soleam
2890 5732 3059 5795 esset,
3103 5727 3248 5783 alios
3309 5727 3545 5800 quidem
