4218 6450
658 368 797 422 1075

1718 374 1776 423 Ρ.
1820 371 2095 423 POSSINI
2134 369 2746 428 OBSERVATIONUM
2782 376 2913 427 LIB.
2956 378 3000 428 Ι.

3921 366 4065 421 1076

651 508 854 549 omnes
923 493 1066 549 foris
1123 493 1433 559 mansisse,
1468 493 1658 548 solum
1725 493 2160 563 imperatorem,
2197 493 2298 563 qui
2332 495 2379 558 Α
2416 494 3291 567 scitenectemeredisputat,ab
3308 495 3419 550 alio
3436 493 4063 565 magiseruditoquam

657 583 1067 650 coronabatur,
1124 581 1458 653 ingressum
1547 582 1832 652 reperisse
1907 581 2297 652 patriarcbam

659 677 909 726 stantem
944 689 1123 742 supra
1153 673 1336 727 sacris
1387 671 1685 739 cancellis,
1746 671 1855 726 hoc
1912 678 2001 726 est
2057 671 2115 724 in
2178 672 2306 742 ipso

660 759 865 814 limine
896 767 1076 830 portae
1108 762 1298 827 soleae,
1321 778 1432 830 qua
1455 778 1520 814 ex
1547 759 1902 831 presbyterio
1925 760 1984 814 in
2017 759 2306 830 reliquum

657 851 943 920 templum
980 851 1342 920 prodibatur.
1377 849 1565 904 Verba
1591 849 1977 904 Cantacuzeni
2011 849 2130 902 haec
2149 853 2304 902 sunt:

658 937 765 991 Τὸν
828 934 884 990 δὲ
941 937 1064 990 ναὸν
1125 935 1501 1010 περιελθόντες
1565 935 1701 989 κατὰ
1775 936 1837 989 τὸ
1897 932 2018 997 ἔθος
2091 931 2306 988 ἐπειδᾶν

657 1025 901 1098 γίνοιντο
954 1025 1006 1079 ἐν
1063 1031 1142 1098 τῷ
1199 1023 1399 1096 σωλέᾳ,
1458 1026 1508 1079 οἱ
1561 1027 1654 1097 μὲν
1708 1022 1873 1078 ἄλλοι
1928 1023 2122 1085 πάντες
2157 1023 2312 1077 ἑστᾶ-

657 1135 738 1166 σιν
790 1112 961 1184 ἐκτὸς,
1013 1114 1174 1175 αὐτὸς
1225 1111 1282 1167 δὲ
1337 1111 1642 1188 (βασιλεὺς)
1706 1111 1872 1185 μόνος
1923 1112 2312 1186 εἷσερχόμενος

653 1203 747 1256 τὸν
778 1199 986 1256 σωλὲαν
1032 1203 1123 1256 τὸν
1167 1202 1515 1276 πατριάρχην
1569 1201 1656 1255 ἐπὶ
1703 1207 1822 1261 ταῖς
1870 1203 2042 1272 ἱεραῖς
2101 1199 2315 1274 κιγκλί-

657 1311 738 1344 σιν
773 1292 1036 1360 ἑστηκότα
1067 1289 1322 1366 εὑρίσκει.
1379 1294 1505 1348 Haec
1562 1291 1705 1357 ille;
1767 1309 1894 1363 quae
1950 1291 2102 1346 clare
2164 1290 2314 1345 indi-

655 1385 791 1436 cant
818 1381 1078 1452 spatium
1111 1380 1346 1454 aliquod
1381 1380 1589 1452 templi
1630 1397 1830 1436 sacros
1863 1379 2153 1436 cancellos
2198 1396 2316 1433 una

658 1484 727 1524 ex
748 1475 910 1540 parte
941 1469 1288 1541 contingens
1319 1469 1538 1525 soleam
1567 1475 1864 1538 vocatum,
1893 1469 1949 1522 in
1976 1469 2129 1539 quod
2163 1484 2316 1522 unus

658 1558 980 1630 imperator
1028 1558 1340 1628 introierit,
1402 1557 1624 1614 czeteris
1699 1556 2136 1612 abstinentibus
2223 1555 2316 1610 in-

659 1664 886 1719 gressu.
941 1648 1156 1702 Locum
1208 1653 1400 1702 autem
1472 1647 1653 1701 fuisse
1698 1646 2043 1700 distinctum
2106 1662 2138 1699 a
2197 1661 2323 1715 pre-

661 1737 882 1808 byterio
953 1737 1261 1792 manifeste
1311 1740 1467 1806 patet
1524 1753 1592 1790 ex
1657 1752 1723 1790 eo
1803 1736 1956 1806 quod
2048 1750 2319 1805 progres—

2416 582 2674 639 hnmano
2706 585 3054 639 incomitiati
3088 601 3293 653 parum
3339 584 3608 637 civiliter.
3653 582 4066 649 Conjecturam

2416 672 2485 725 de
2517 674 2675 727 solea
2705 690 2872 727 suam
2917 674 3238 728 verecunde
3293 677 3469 740 atque
3525 669 3768 724 abnoxie
3818 669 3882 733 (P
3947 669 4071 721 43Ιι

2417 762 2688 830 proponit
2714 761 3031 816 Ludovicus
3063 761 3341 816 Cellotius
3376 764 3590 822 noster,
3626 758 3661 810 l.
3706 773 3757 810 \‘l
3823 762 3900 811 De
3950 755 4070 808 hie-

2417 850 2650 918 rarcha,
2684 866 2734 904 c.
2780 851 2833 915 6,
2897 867 2950 920 p.
3016 851 3101 914 45,
3149 849 3208 902 in
3263 849 3409 902 hunc
3471 847 3705 900 modum
3751 845 4020 899 scribens
4059 861 4070 896 :

2421 937 2561 1003 Quid
2590 941 2642 992 si
2670 938 2879 992 divinet
2901 937 3102 1008 aliquis
3133 936 3192 991 in
3232 955 3300 992 ea
3324 937 3557 1007 planitie
3594 934 3748 988 chori
3801 934 3991 1004 ampla
4022 943 4072 987 et

2419 1028 2683 1098 aequabili
2712 1027 2965 1082 eductum
2995 1032 3090 1082 aut
3123 1029 3182 1082 in
3210 1027 3395 1081 medio
3425 1033 3526 1080 aut
3555 1025 3624 1079 rd
3653 1022 3893 1078 alterum
3925 1031 4074 1076 tatas

2419 1115 2669 1172 nobilius
2693 1117 2919 1188 aliquod
2945 1117 3123 1172 solum
3161 1117 3312 1171 omni
3359 1113 3652 1182 elegantia
3705 1113 4072 1172 adornatum,

2424 1211 2548 1261 etc..
2579 1206 2760 1276 sicque
2788 1207 2989 1260 soleam
3019 1221 3051 1258 a
3079 1205 3192 1259 sxto
3225 1206 3436 1259 dictum
3495 1207 3546 1257 et
3590 1203 3934 1272 pavimento,
3994 1200 4075 1252 vel

2423 1297 2474 1350 si
2491 1298 2664 1350 mavis
2692 1295 2760 1350 ab
2783 1311 3025 1366 expensa
3064 1293 3422 1365 aequabilitar
3479 1300 3530 1346 et
3580 1292 3706 1359 fuse
3751 1297 4072 1360 exporrcr/a

2423 1388 2626 1455 forma,
2669 1386 2850 1456 qualis
2875 1388 3006 1441 solae
3029 1388 3126 1439 est.
3164 1383 3292 1438 Haec
3314 1381 3593 1438 Cellotius
3626 1397 3791 1450 ;quze
3845 1380 4074 1434 conﬁdo

2427 1490 2633 1546 esqups
2663 1489 2868 1528 omnes
2901 1489 3250 1529 assensuros
3279 1472 3435 1526 baud
3470 1471 3611 1526 adeo
3643 1485 3769 1524 esse
3799 1468 4073 1535 absarda,

2428 1573 2490 1619 ut
2524 1581 2556 1618 a
2587 1565 2869 1636 scriptore
2901 1563 3171 1634 religioso
3198 1567 3318 1617 tam
3351 1561 3627 1616 atrociter
3673 1565 3732 1615 et
3785 1558 4077 1613 invidiose

2427 1656 2893 1709 traducerentur.
2930 1653 3181 1718 Gravius,
3214 1653 3428 1723 inquit,
3461 1651 3848 1705 hullucinatur
3906 1647 4078 1702 Cello-

2428 1745 2559 1808 tius,
2599 1745 2695 1815 qui
2723 1745 2792 1798 ab
2818 1759 3059 1814 expansa
3089 1747 3138 1797 et
3160 1749 3492 1812 exporrecta
3520 1742 3638 1811 ejus
3660 1741 3866 1807 forma,
3897 1737 4080 1806 qualis

660 1843 763 1924 Pus
816 1842 920 1924 Ρθξ·
976 1825 1124 1924 illi“?
1188 1827 1445 1924 ερεῐίυῐξι
1518 1825 1855 1924 imperato}:
1923 1824 2314 1924 Ρειτίδτοῗξξιω
2347 1859 2395 1924 Β
2430 1843 2506 1889 est
2534 1832 2726 1898 soleae,
2757 1835 2838 1887 sic
2856 1833 3063 1886 dictum
3095 1835 3273 1902 putat,
3307 1832 3466 1901 quasi
3492 1827 3747 1900 pro/anis
3810 1825 3975 1881 soleis
4024 1834 4076 1878 et

657 1913 946 1970 invenerit
1027 1912 1112 1967 ἐπὶ
1197 1919 1316 1975 ταῖς
1405 1913 1576 1988 ἱεραῖς
1672 1911 1946 1987 κιγκλίσιν
2045 1910 2312 1981 στηκόέτα

658 2009 914 2062 stantem
938 2022 1115 2075 super
1143 2004 1326 2060 sacris
1377 2004 1678 2073 cancellis,
1742 2006 1800 2059 in
1860 2005 1988 2076 ipso
2049 2003 2316 2059 videlicet

660 2095 806 2148 sacri
840 2094 988 2166 septi
1020 2095 1139 2149 sive
1172 2095 1518 2166 presbyterii
1553 2095 1739 2149 aditu.
1778 2094 1952 2150 Vides
1980 2094 2075 2148 hic
2108 2093 2317 2148 eximie

662 2200 1006 2240 concessum
1044 2185 1404 2254 imperatorii
1438 2184 1547 2239 soli
1607 2184 1799 2239 locum
1851 2185 2007 2238 intra
2074 2183 2314 2259 soleam,

661 2274 772 2330 hoc
795 2279 886 2330 est
935 2275 994 2328 in
1025 2273 1216 2346 spatio
1247 2273 1436 2329 vicino
1468 2274 1653 2329 sacris
1680 2273 1887 2344 septis,
1941 2273 2318 2328 subdiaconis

663 2369 720 2419 et
751 2363 1070 2418 lectoribus
1103 2368 1418 2431 reservato,
1445 2363 1599 2417 unde
1655 2361 1910 2434 populus
1967 2359 2315 2417 excludeba-

661 2459 783 2509 tur.
839 2453 913 2508 Eo
965 2453 1196 2508 videtur
1245 2451 1501 2508 alludere
1552 2453 1706 2522 quod
1736 2451 1966 2507 Nicetes
2025 2450 2319 2521 Paphlago

666 2541 870 2597 scribit
900 2543 958 2596 in
987 2541 1121 2596 Vita
1148 2541 1336 2598 sancti
1388 2540 1619 2613 Ignatii,
1671 2541 1928 2595 referens
1988 2555 2316 2610 priesagum

664 2633 962 2690 somnium
1015 2633 1214 2688 Bardae
1263 2633 1659 2703 imperatoris,
1729 2648 1845 2702 quo
1935 2631 2319 2702 praemonitus

666 2724 858 2778 fuerat
888 2724 958 2777 de
981 2723 1034 2776 vi
1067 2738 1195 2793 quae
1235 2720 1348 2792 ipsi
1407 2721 1618 2776 deinde
1673 2737 1773 2791 per
1817 2720 2100 2775 Basilium
2160 2719 2321 2774 illata

665 2818 755 2867 est
790 2812 988 2866 :visus
1019 2811 1176 2866 enim
1210 2811 1397 2865 fuerat
1422 2810 1531 2865 sibi
1567 2811 1761 2865 videre
1819 2811 1892 2864 ad
1949 2827 2011 2865 se
2069 2813 2320 2864 stantem

665 2900 725 2955 in
752 2899 967 2972 templo
1024 2898 1322 2954 venientes
1367 2898 1591 2954 albatos
1639 2899 1942 2968 quosdam,
2005 2893 2076 2949 ὧν
2139 2897 2165 2950 ὁ
2226 2896 2321 2967 μὲν

665 2986 886 3061 δέσμιον
947 2988 1038 3041 τὸν
1106 2985 1332 3060 βασιλέα
1401 2981 1690 3040 ἀναλαϐὼν
1764 2987 1852 3040 καὶ
1911 2985 1998 3039 ἐπὶ
2055 2985 2122 3040 τὰ
2180 2983 2325 3057 δεξιὰ

661 3076 978 3152 κατασύρων
1043 3075 1296 3146 ἐξωθεῖτο
1353 3078 1452 3144 τῆς
1540 3074 1770 3142 σωλέας,
1863 3092 2095 3147 quorum
2181 3092 2326 3131 unus

2428 1939 2537 1978 non
2567 1924 2758 1976 solutis
2788 1923 3169 1976 calceamentis
3190 1926 3339 1975 terra
3383 1923 3574 1974 sancta
3621 1917 3886 1972 calcanda
3916 1917 4081 1988 foret.

2431 2012 2529 2066 llic
2562 2028 2692 2066 vero
2727 2027 2922 2065 merus
2955 2014 3042 2064 est
3071 2025 3284 2064 succus
3344 2006 3620 2078 loliginis.
3646 2006 3813 2072 Quid,
3842 2005 4087 2059 amabo-

2430 2102 2597 2156 solea:
2631 2105 2813 2155 forma
2844 2100 2912 2152 ad
2947 2098 3095 2153 sacri
3133 2099 3240 2153 loci
3283 2096 3840 2153 contaminationem
3903 2093 4088 2164 perti-

2429 2191 2572 2247 net?
2603 2196 2689 2243 An
2724 2205 2928 2244 omnes
2961 2189 3129 2243 solea;
3163 2189 3419 2258 profanae
3452 2186 3478 2240 Τ
3508 2187 3685 2239 etiam
3721 2183 3835 2238 illae
3867 2183 4087 2254 quibus

2430 2281 2734 2350 pontifices
2747 2277 2928 2333 sacris
2952 2284 3259 2348 operantes
3277 2277 3382 2330 rite
3409 2280 3656 2330 utuntur
3689 2272 4088 2328 ecclesiastica

2430 2368 2831 2424 benedictione
2861 2365 3106 2420 sacratis
3137 2365 3395 2419 ‘IVideat
3424 2369 3616 2418 autem
3652 2363 3749 2433 qui
3785 2360 4086 2433 piaculum

2431 2464 2595 2530 putat
2622 2457 2690 2511 ad
2717 2456 3119 2527 explicandam
3146 2455 3393 2526 figuram
3430 2452 3538 2508 loci
3571 2452 3720 2507 sacri
3752 2453 3835 2504 uti
3871 2449 4088 2504 simili-

2431 2547 2630 2604 tudine
2663 2546 2852 2612 soleaa,
2887 2545 3024 2616 quid
3058 2560 3187 2599 enm
3224 2549 3480 2598 statuere
3512 2542 3588 2596 sit
3617 2556 3985 2610 consequens
4013 2540 4080 2592 de

2429 2637 2765 2692 Innocentio
2798 2635 2896 2704 ΙΙΙ,
2931 2639 3088 2704 pont.
3148 2650 3325 2699 max.,
3388 2633 3488 2702 qui
3536 2631 3576 2687 l.
3629 2649 3647 2685 ι
3696 2631 4083 2700 Mysteriorum

2429 2731 2633 2791 missae,
2666 2743 2716 2779 c.
2749 2726 2836 2788 35,
2874 2740 2976 2794 per
3002 2722 3463 2777 calceamentum
3501 2721 3713 2791 pedum
3758 2717 4087 2788 signiﬁcari

2433 2817 3053 2871 docetsacrosanctum
3083 2810 3503 2866 incarnationis
3527 2809 3696 2864 Verbi
3713 2808 4061 2879 mysterium
4075 2847 4087 2870 ,

2434 2922 2537 2978 per
2567 2905 2718 2975 quod
2756 2903 2835 2956 ait
2871 2906 3042 2957 Deum
3068 2903 3126 2954 in
3155 2899 3348 2956 Iudaea
3377 2903 3589 2966 notum,
3613 2907 3662 2952 et
3704 2899 3860 2964 cuius
3905 2899 3968 2950 in
4018 2898 4092 2948 Ls-

2433 2999 2560 3050 raet
2589 3009 2853 3062 magnum
2878 3007 3095 3054 nomen,
3130 2993 3188 3044 in
3219 2990 3514 3044 Idumaeam
3539 2986 3850 3043 extendisse
3887 2986 4097 3040 calcea-

2433 3088 2676 3141 menlum
2708 3099 2888 3137 suum.
2927 3086 2998 3136 At
3027 3081 3203 3135 etiam
3231 3096 3300 3134 ex
3350 3079 3634 3133 modestia
3684 3076 3904 3131 Cellotii
3969 3093 4071 3129 cun

662 3171 907 3223 vinctum
937 3173 1326 3237 imperatorem
1349 3165 1626 3236 arripiens
1657 3169 1705 3220 et
1737 3166 1810 3220 ad
1856 3166 2114 3220 dextrum
2179 3165 2325 3220 latus

2439 3193 2535 3232 sor
2571 3175 2749 3236 idem,
2776 3187 2946 3241 quem
2982 3171 3223 3224 bonoris
3256 3185 3432 3223 causa
3464 3167 3638 3222 modo
3679 3182 3789 3220 non
3833 3168 4098 3233 nomina,

667 3256 888 3312 trahens
913 3256 1241 3312 extrudebat
1291 3257 1461 3321 solea,
1523 3255 1758 3326 proprio
1817 3255 2082 3310 videlicet
2140 3255 2324 3326 impe-

666 3346 878 3402 ratoris
911 3346 1066 3401 intra
1101 3345 1382 3416 templum
1412 3345 1558 3413 loco,
1606 3344 1762 3399 unde
1821 3343 1958 3415 pelli
2018 3360 2190 3398 omen
2252 3343 2332 3398 fe-

668 3437 834 3491 rebat
865 3433 1232 3506 expulsionis
1263 3434 1336 3488 ab
1369 3433 1638 3506 imperio.
1683 3435 1744 3488 In
1803 3432 2114 3488 ritualibus
2174 3433 2328 3488 GN!!-

670 3541 871 3580 corum
907 3523 1076 3578 libris
1111 3523 1391 3578 distincta
1421 3539 1655 3594 quoque
1679 3523 1970 3594 reperitur
2016 3521 2329 3592 cujusdam

678 3614 854 3685 spatii
880 3617 1014 3668 ante
1037 3628 1237 3667 sacros
1270 3611 1558 3668 cancellos
1619 3611 1781 3666 solea
1838 3613 2026 3666 vocati
2085 3610 2329 3666 mentio.

678 3704 740 3758 in
798 3702 1164 3757 ordinatione
1219 3701 1451 3756 diaconi
1509 3702 1630 3755 haec
1699 3700 1910 3772 leges:
1999 3697 2336 3767 Ἐξελθόντες

678 3788 774 3845 δύο
830 3787 1071 3843 διάκονοι
1104 3788 1162 3842 ἐκ
1210 3793 1306 3842 τοῦ
1361 3788 1514 3862 ἁγίου
1569 3790 1816 3862 βήματος
1849 3783 2193 3860 λαμϐάνουσι
2242 3787 2331 3840 τὸν

681 3874 960 3949 μέλλοντα
1036 3876 1469 3950 χειροτονεῖσθαι
1544 3873 1820 3946 διάκονον,
1896 3876 2102 3928 ἑστῶτα
2158 3873 2208 3927 ἐν
2267 3877 2335 3947 τῇ

681 3964 883 4036 σωλὲᾳ.
928 3969 1205 4021 Ezeuntes
1227 3966 1332 4021 duo
1363 3965 1581 4021 diaeonl
1609 3982 1679 4021 ea:
1725 3982 1880 4022 saera
1929 3966 2138 4021 bemate
2193 3967 2336 4020 acci-

685 4064 851 4138 piunt
906 4080 1031 4119 eum
1080 4062 1178 4134 qui
1215 4063 1554 4118 ordinandus
1634 4066 1708 4118 est
1767 4065 2056 4126 diaconus,
2107 4067 2339 4118 stantem

684 4159 743 4208 in
790 4155 957 4210 solea.
1021 4154 1084 4206 In
1144 4152 1516 4206 ordinatione
1570 4168 1702 4206 vero
1764 4152 2130 4207 sacerdotis:
2196 4150 2343 4207 Μετὰ

681 4241 739 4297 δὲ
793 4243 856 4298 τὸ
917 4241 1282 4315 πληρωθῆναι
1313 4240 1405 4294 τὸν
1438 4235 1762 4314 χερουϐικὸν
1814 4239 1982 4313 ὕμνον
2027 4237 2242 4294 ἵσταται
2285 4239 2338 4292 ὲν

680 4329 918 4402 σωλέᾳὸ
972 4329 1198 4402 μέλλων
1260 4335 1697 4403 χειροτονεῖσθαι
1759 4325 2340 4405 πρεσϐύτερος.Ροδί-

680 4439 845 4494 quam
873 4423 1176 4492 completus
1206 4419 1377 4490 fuerit
1429 4421 1763 4476 Cherubicus
1805 4420 2068 4492 hymnus,
2124 4424 2234 4475 stat
2278 4420 2341 4474 in

678 4514 831 4569 solea
853 4514 950 4585 qui
981 4510 1332 4569 ordinandus
1360 4519 1440 4568 est
1470 4511 1742 4568 sacerdos.

752 4734 996 4785 Summa
1027 4729 1317 4785 dictorum
1350 4731 1408 4784 et
1429 4727 1733 4784 sententiis
1757 4726 1827 4782 de
1851 4726 2009 4783 solea
2041 4741 2182 4781 mea;
2212 4725 2336 4780 haec

683 4825 795 4886 est,
831 4819 1012 4874 fuisse
1040 4817 1258 4873 soleam
1322 4818 1528 4874 Latino
1586 4817 1828 4889 antiquo
1883 4817 2058 4872 verbo
2107 4815 2340 4888 proprie

685 4910 900 4964 dictam
917 4908 1418 4964 substructionem
1446 4906 1777 4980 stylobatis,
1793 4906 2106 4973 columnis,
2126 4907 2340 4978 episty-

681 5001 780 5056 liis
825 5005 1151 5070 caeteroque
1204 4997 1678 5054 architectorices
1742 4996 2025 5069 elegantis
2076 4996 2341 5068 specioso

687 5094 974 5163 apparatu
998 5093 1506 5160 coronatam,quas
1533 5088 1590 5142 in
1611 5087 1848 5159 templis
1867 5087 2194 5142 Graecorum
2218 5103 2339 5140 ma-

686 5178 1060 5253 gnificentius
1091 5179 1477 5242 ornatis,vice
1509 5178 1836 5249 ligneorum
1860 5174 2252 5232 cancellorum
2280 5192 2343 5231 ac

684 5268 966 5335 velorum,
1009 5268 1162 5324 613
1193 5285 1354 5324 aram
1392 5268 1708 5324 maximam
1742 5272 1799 5322 et
1818 5265 2248 5338 presbyterium
2272 5265 2343 5320 ab

685 5361 951 5431 ingressu
989 5358 1375 5430 inspectuque
1439 5356 1640 5430 populi
1700 5356 1982 5428 tegebat,
2040 5359 2338 5411 extensam

687 5466 922 5523 quoque
949 5449 1402 5521 appellationem
1426 5449 1595 5504 soleae
1621 5449 1688 5504 ad
1726 5449 1984 5520 spatium
2043 5447 2341 5518 quoddam

685 5541 784 5596 isti
817 5538 1242 5594 substructioni
1261 5539 1605 5610 contiguum
1633 5538 2087 5610 designandum.
2115 5535 2341 5591 Addam

687 5631 781 5686 hic
794 5629 1181 5685 humanitatis
1196 5629 1385 5684 officio
1405 5627 1722 5685 instinctus
1738 5645 1850 5684 non
1869 5626 2342 5698 intempestivam

683 5721 1135 5778 vindicationem
1158 5722 1293 5776 boni
1315 5719 1640 5792 scriptoris,
1673 5721 1813 5775 dum
1837 5719 1908 5775 de
1930 5718 2090 5774 solea
2114 5733 2225 5773 non
2249 5718 2340 5774 in-

2441 3281 2510 3320 ex
2541 3262 2848 3326 modestia,
2883 3261 3144 3329 inquam,
3175 3257 3413 3312 laudabi
3443 3255 3668 3312 Cellotii
3701 3255 4098 3318 occasionem,

2440 3353 2648 3424 arripit
2679 3352 2727 3407 ei
2759 3349 3137 3404 acerbissime
3171 3346 3517 3412 insultandi,
3550 3347 3690 3400 dum
3725 3344 3806 3400 sic
3839 3344 4048 3399 scribit
4086 3349 4098 3386 ἒ

2442 3442 2584 3512 Quid
2640 3441 2818 3511 igitur
2872 3438 3074 3494 solea?
3131 3437 3439 3506 interrogat
3494 3437 3729 3505 seipsum
3803 3433 4098 3489 Cellotius.

2443 3533 2629 3587 Haeret
2688 3529 2828 3584 mihi
2888 3545 3060 3598 aqua,
3112 3525 3447 3597 respondet.‘
3505 3525 3728 3579 turbida
3771 3529 3853 3577 est
3927 3528 4099 3587 certe,

2441 3636 2589 3677 corno
2619 3628 2670 3674 et
2699 3619 2809 3673 solo
2839 3625 2890 3672 et
2917 3615 3159 3671 sordidis
3214 3614 3333 3687 ejus
3384 3614 3546 3668 soleis
3601 3615 3913 3683 profanata.
3972 3613 4101 3665 Haec

2445 3708 2769 3764 catholicus
2803 3711 2862 3760 at
2892 3705 3198 3776 religiosus
3241 3705 3516 3758 sacerdos
3578 3703 3649 3756 de
3702 3699 3996 3755 catholico
4048 3705 4104 3753 et

2448 3799 2720 3870 religioso
2751 3798 3050 3851 sacerdote
3084 3794 3288 3849 scribit
3320 3813 3334 3862 ;
3367 3809 3498 3863 qua:
3527 3792 3577 3847 si
3635 3793 3915 3847 adversus
3984 3791 4102 3844 bae-

2447 3889 2693 3943 reticum
2727 3885 3321 3941 autMahumetanum
3344 3881 3759 3944 scriberentur,
3789 3881 3883 3934 vix
3903 3879 4104 3950 {excu-

2449 3977 2565 4035 sari
2624 3977 2693 4032 ab
2755 3973 3181 4030 inhumanitate
3240 3978 3500 4043 possent.
3552 3970 3832 4025 Caeterum
3893 3975 4111 4040 praeter

2448 4073 2644 4125 vetum
2678 4071 2797 4121 tam
2831 4063 3204 4120 stomachoso
3249 4061 3479 4117 censori
3541 4058 3788 4129 contigit
3848 4062 3911 4112 ut
3978 4074 4112 4129 quae

2450 4158 2688 4215 Jesuitae
2715 4157 2964 4210 libenter
2996 4151 3295 4223 inﬂigebat
3324 4150 3481 4204 haud
3536 4165 3782 4221 parcens
3837 4149 4112 4211 verbera,

2451 4249 2512 4303 in
2526 4263 2660 4302 eum
2675 4261 2848 4316 quem
2868 4242 3109 4298 minime
3133 4239 3305 4295 vellet
3326 4239 3636 4307 resilirent,
3671 4237 4111 4292 amicissimum

2453 4337 2588 4407 sibi,
2621 4335 2788 4391 nobis
2818 4338 2875 4389 et
2905 4330 3135 4388 cunctis
3168 4329 3375 4384 merito
3434 4344 3541 4384 suo
3573 4332 3768 4400 caput,
3819 4325 4114 4382 illustris-

2453 4427 2671 4482 simum
2703 4420 3006 4489 Allatium,
3041 4419 3138 4490 qui
3171 4417 3516 4473 doctissima
3564 4415 3984 4471 dissertatione
4045 4416 4112 4469 de

2367 4540 2417 4605 Ι)
2455 4516 2634 4585 solea,
2668 4530 2735 4568 ex
2762 4529 2877 4566 una
2908 4508 3230 4583 plurimum
3265 4506 3581 4579 profecisse
3614 4521 3706 4560 me
3754 4504 3920 4559 initio
3971 4521 4111 4560 sum

2449 4605 2747 4681 professus
2794 4603 2922 4672 ejus
2979 4599 3261 4672 originem
3324 4597 3578 4654 nominis
3637 4612 3926 4667 quaerens.
3994 4597 4115 4652 Non

2445 4697 2612 4764 male,
2645 4692 2858 4764 inquit,
2919 4691 3086 4745 etiam
3141 4705 3175 4743 a
3232 4687 3378 4742 solea
3433 4702 3545 4742 non
3592 4684 3965 4755 ulcrepidam
4027 4702 4113 4739 s0-

2448 4789 2573 4852 nat,
2642 4795 2954 4853 quanquam
3005 4780 3074 4832 ab
3125 4793 3189 4832 ea
3238 4792 3448 4848 quoque
3478 4791 3589 4831 non
3633 4777 3970 4830 inconcinne
4003 4774 4118 4829 dici

2448 4873 2732 4947 quispiam
2764 4874 3093 4925 autumaret.
3128 4865 3258 4920 Haec
3285 4865 3420 4920 ille:
3473 4865 3692 4935 quibus
3749 4863 3953 4918 omnia
4019 4864 4118 4918 illa

2451 4981 2580 5036 quae
2625 4962 2685 5016 in
2734 4957 3043 5014 Cellotium
3106 4955 3324 5026 pariter
3372 4954 3534 5024 loqui
3593 4969 3803 5009 ausum
3890 4953 4121 5008 intorta

2457 5053 2717 5108 vidimus
2748 5047 3019 5112 fulmina,
3052 5045 3108 5100 in
3145 5061 3319 5100 suum
3354 5049 3532 5116 caput
3562 5043 3873 5099 attraxisse
3925 5043 4120 5098 videri

2453 5145 2703 5215 poterat,
2765 5137 2879 5192 nisi
2941 5137 3095 5191 614
3148 5133 3415 5189 laureum
3478 5132 3756 5189 baculum
3829 5138 4119 5204 gestaret,

2454 5247 2557 5304 per
2587 5246 2758 5302 quem
2791 5232 2881 5284 est
2913 5244 2946 5281 a
2976 5223 3246 5298 procellis
3275 5223 3611 5280 istiusmodi
3644 5221 4013 5278 tutissimus.

2525 5354 2817 5424 Ταναΐτης,
2879 5369 3011 5426 pag.
3073 5352 3199 5405 422.
3259 5349 3430 5405 Venti
3489 5346 3758 5406 Tava‘l'rou
3803 5348 3946 5404 dicti
4009 5367 4123 5406 me~

2456 5447 2632 5502 minit
2664 5445 2998 5514 Procopius,
3039 5441 3141 5496 lib.
3176 5457 3231 5494 1v
3262 5441 3530 5496 secunda
3559 5439 3804 5494 tetradis
3863 5455 4001 5511 cap.
4065 5441 4117 5504 li,

2454 5554 2512 5609 p.
2544 5536 2651 5590 573
2681 5535 2772 5590 ed.
2800 5533 2920 5606 Reg
2948 5532 3040 5586 bis
3070 5530 3263 5585 verbis
3289 5547 3302 5586 :
3363 5527 3562 5585 Τάναϊν
3623 5525 3680 5582 δὶ
3732 5530 4005 5582 καλοῦσιν
4070 5528 4120 5581 οἱ

2452 5624 2748 5700 ἐπιχώριοι
2782 5621 2869 5676 καὶ
2899 5621 2998 5688 τήν
3044 5613 3281 5687 ἐκϐολὴν
3331 5618 3530 5689 ταύτην
3581 5616 3639 5673 ἐκ
3689 5616 3896 5689 λίμνης
3941 5618 4115 5692 ἀρξα..

2457 5716 2624 5789 μένην
2654 5719 2756 5783 τῆς
2781 5705 3094 5770 Μαιώτιδος
3123 5704 3255 5782 ἄχρι
3308 5707 3360 5772 ἐς
3403 5709 3493 5763 τὸν
3527 5707 3776 5782 Εὔξεινον
3832 5707 4114 5766 πόντον...
