4248 6438
176 380 313 435 10⁸17

1630 375 2116 434 GLOSSARIUM.

3450 382 3589 439 1078

173 500 318 556 ἀλλὰ
374 500 464 556 καὶ
522 501 613 555 τὸν
676 497 872 570 ἄνεμον
908 542 921 569 ,
999 495 1056 559 ὃς
1115 495 1326 561 ἐνθένδε
1381 501 1505 553 πνεῖ
1558 494 1822 565 Ταναΐτην

1940 508 2288 566 ministeriis
2348 516 2619 567 navasset
2676 526 2937 582 operam,
2980 511 3051 565 ab
3094 526 3160 565 eo
3210 510 3335 579 jam
3386 509 3585 564 adulto

173 590 702 663 προσαγορεύουσιν.
766 591 846 644 Ex
902 590 1119 660 quibus
1185 588 1576 659 intelligimus
1652 589 1829 657 hujus

174 682 330 735 venti
364 698 577 735 nomen
611 698 783 735 nona
843 696 974 734 vero
1037 694 1207 732 amne
1267 678 1447 732 Tanai
1503 678 1827 747 sumpium,

178 771 280 824 sed
316 771 387 825 ab
446 770 606 825 alveo
667 770 919 839 quodam
985 772 1085 821 aut
1141 784 1321 837 prono
1380 768 1537 821 ﬁuxu
1600 766 1829 837 paludis

175 858 455 913 Maeotidis
489 860 545 912 in
581 862 831 913 Pontum
878 857 1190 921 Euxinum,
1252 857 1350 926 qui
1409 856 1605 911 alveus
1652 856 1824 909 etiam

176 948 390 1003 Tanais
422 946 715 1003 nominari
739 947 1150 1011 consueverit;
1204 946 1274 999 ab
1333 960 1399 999 eo
1458 950 1651 999 autem
1708 943 1831 1013 spi-

174 1040 405 1091 rantem
434 1042 695 1103 ventum,
757 1036 879 1107 qui,
940 1036 1022 1089 ait
1071 1039 1291 1099 noster,
1352 1034 1500 1089 inter
1558 1032 1828 1088 Boreales

174 1123 324 1179 solet
353 1142 483 1182 esse
504 1124 1085 1189 vehementissimus,
1116 1123 1420 1178 Tanaitem
1441 1123 1576 1177 dici.

249 1216 492 1292 Ταρίτες,
538 1230 665 1287 prg.
698 1215 822 1269 419.
878 1214 1023 1269 Hinc
1071 1213 1359 1268 habemus
1415 1227 1590 1266 naves
1648 1227 1826 1281 quas-

172 1313 311 1367 dam
343 1311 654 1365 contractaa
685 1302 1094 1375 longitudinis,
1129 1301 1238 1357 hoc
1270 1306 1360 1356 est
1388 1301 1585 1355 minus
1620 1300 1827 1371 longas

175 1416 352 1472 quam
385 1396 679 1463 triremes,
714 1392 947 1448 Taritas
996 1409 1029 1446 a
1086 1390 1499 1447 Genuensibus
1556 1390 1627 1443 iis
1687 1388 1824 1443 olirn

175 1488 477 1545 utentibus
510 1487 692 1540 fuisse
747 1488 1002 1539 vocatas.
1062 1480 1389 1536 Verisimile
1447 1484 1535 1535 est
1590 1480 1826 1534 easdem

175 1580 284 1635 bas
314 1594 443 1634 esse
465 1592 601 1632 cum
633 1574 707 1628 iis
760 1590 908 1644 quas
963 1566 1188 1643 ταρίδας
1236 1570 1464 1625 Nicetas
1524 1568 1823 1639 appellat;

177 1685 296 1738 qua
350 1683 491 1721 voce
551 1659 839 1734 δρόμωνας
898 1661 982 1732 [Ρ.
1043 1661 1169 1729 425]
1240 1676 1374 1713 cum
1462 1657 1826 1729 signiﬁcasse

175 1755 465 1811 Meursius
500 1755 718 1807 censet.
754 1749 918 1805 Unde
953 1749 1099 1801 forte
1133 1746 1218 1801 vel
1253 1747 1347 1801 hic
1379 1745 1823 1800 rescribendum

1938 599 2374 654 manumissum
2435 600 2667 669 patroni
2728 616 2938 654 nomen
3000 614 3160 653 more
3237 598 3582 652 libertorum

1936 687 2250 756 accepisse,
2279 695 2337 744 et
2362 690 2629 759 ejusdem
2662 689 2851 761 gratia
2901 694 3237 759 promotum
3290 688 3347 741 in
3408 687 3582 742 istam

1937 773 2317 833 honoriﬁcam
2351 780 2779 849 praefecturam.

2008 874 2190 941 Τεθὲν,
2236 879 2446 945 p.222.
2480 878 2591 944 Ait,
2626 893 2757 931 cum
2799 876 2956 945 regio
3015 874 3115 929 illa
3167 874 3585 942 Maryandeno-

1936 979 2065 1016 rum
2123 964 2635 1036 etiPaphlagoniae
2699 965 2873 1019 rebus
2930 965 2998 1018 ad
3047 964 3268 1018 victum
3337 960 3579 1016 utilibus

1936 1051 2279 1120 abundaret,
2313 1053 2552 1125 signata:
2576 1058 2820 1108 monetae
2856 1069 3058 1123 parum
3112 1051 3377 1119 haberet,
3428 1050 3583 1120 quod

1933 1142 2241 1211 vectigalia
2270 1142 2328 1196 in
2364 1142 2629 1197 nummis
2678 1143 3068 1212 exigerentur,
3104 1144 3335 1195 coactos
3382 1154 3581 1193 earum

1934 1233 2221 1284 terrarum
2256 1230 2475 1285 incolas
2510 1230 2708 1299 fuisse,
2770 1230 2840 1285 ad
2901 1234 3100 1285 exacte
3157 1227 3581 1284 conﬁciendam

1933 1318 2136 1373 tributi
2180 1336 2499 1389 summam,
2558 1321 2803 1374 vendere
2864 1318 3087 1373 scilicet
3145 1317 3245 1371 vili
3304 1316 3581 1371 universa

1934 1424 2059 1476 qua
2089 1408 2446 1480 collegerant
2480 1425 2669 1463 messe
2702 1425 2766 1462 ac
2798 1407 3111 1471 vindemia,
3146 1411 3200 1460 et
3231 1404 3313 1460 sic
3374 1405 3583 1459 deinde

1934 1501 2051 1551 toto
2084 1515 2236 1552 anno
2279 1498 2626 1553 necessariis
2660 1498 2730 1551 ad
2780 1498 2998 1551 victum
3042 1495 3292 1566 eguisse.
3343 1494 3585 1547 Videtur

1934 1602 2067 1657 ergo
2111 1588 2205 1641 hic
2236 1586 2297 1639 τὸ
2325 1585 2470 1648 τεθὲν
2506 1586 2782 1657 peculiari
2815 1586 3051 1641 notione
3085 1589 3457 1655 usurpatum,
3511 1582 3581 1635 ad

1934 1676 2388 1746 signiﬁcandum
2424 1676 2710 1745 quidquid
2748 1676 3136 1745 reponebatur
3164 1674 3220 1726 in
3283 1687 3578 1727 annonam

1934 1770 1990 1819 et
2019 1766 2235 1819 victum
2273 1765 2504 1819 famitia:
2538 1782 2635 1834 per
2665 1781 2905 1819 annum.
2942 1764 3289 1832 Quanquam
3319 1777 3433 1815 non
3466 1760 3581 1813 dif-

172 1841 389 1917 ταρὲδες
442 1842 637 1906 fuerit,
672 1839 757 1895 vel
819 1838 973 1909 apud
1034 1837 1292 1891 Nicetam
1350 1834 1565 1906 ταρίτες
1625 1850 1821 1889 emen-

1938 1854 2098 1909 ﬁtcor
2139 1871 2309 1926 posse
2356 1854 2554 1909 referri
2609 1855 2677 1908 ad
2731 1869 3026 1908 summam
3087 1850 3421 1921 impositam
3483 1865 3583 1917 per

175 1936 463 1989 dandum.
496 1930 828 1984 Videndum
862 1927 1033 1982 etiam
1068 1944 1141 1981 an
1173 1942 1287 1979 non
1322 1924 1459 1979 hinc
1518 1940 1822 1978 emanave-

176 2024 253 2077 rit
284 2024 684 2083 Tartanarum,
721 2034 849 2089 quae
909 2016 1081 2070 hodie
1142 2014 1535 2085 appellantur,
1593 2028 1826 2067 nomen.

176 2114 465 2167 Caeterum
497 2109 546 2163 si
606 2104 882 2181 δρόμωνες
941 2106 1059 2160 sint
1106 2101 1343 2176 ταρίτες,
1402 2104 1474 2157 iis
1532 2101 1831 2156 conveniet

176 2199 492 2271 descriptio
516 2199 869 2252 dromonum
905 2211 1030 2265 qua:
1057 2194 1211 2265 apud
1248 2192 1616 2263 Procopium,
1676 2191 1773 2245 lib.
1813 2208 1829 2245 ι

176 2292 252 2345 De
284 2290 420 2344 bello
457 2283 766 2354 Vandalico,
827 2300 953 2354 cap.
1017 2282 1106 2349 ll,
1166 2282 1381 2353 legitur
1437 2281 1529 2335 his
1588 2280 1824 2335 verbis:

180 2377 359 2431 Πλοῖα
422 2373 602 2446 μακρᾶ
646 2372 719 2432 ὡς
777 2371 853 2430 εἷς
921 2369 1231 2443 ναυμαχέειν
1308 2367 1827 2441 παρεσκευασμένα,

181 2467 398 2538 μονήρη
459 2464 641 2535 μέντοι
699 2460 787 2514 καὶ
849 2459 1050 2535 ὀροφὰς
1102 2458 1322 2532 ὕπερθεν
1383 2456 1622 2531 ἔχοντα,
1684 2458 1830 2515 ὅπως

180 2555 232 2608 οἱ
274 2558 441 2607 ταῦτα
489 2551 796 2625 ἐρέσσοντες
847 2550 981 2619 πρὸς
1031 2553 1137 2600 τῶν
1188 2547 1472 2618 πολεμίων
1526 2547 1599 2609 ὡς
1636 2545 1831 2613 ἥκιστα

183 2641 503 2715 βάλλοιντο.
588 2639 883 2713 Δρόμωνας
947 2635 1175 2691 καλοῦσι
1232 2637 1298 2689 τὰ
1364 2636 1535 2689 πλοῖα
1586 2640 1753 2687 ταῦτα
1776 2635 1827 2686 οἱ

185 2737 277 2785 νῦν
322 2733 617 2805 ἅνθρωποι·
671 2727 827 2782 πλεῖν
888 2729 991 2801 γὰρ
1040 2727 1175 2779 κατὰ
1220 2726 1393 2799 τάχος
1441 2722 1685 2778 δύνανται
1731 2722 1832 2794 μά-

202 2820 383 2875 λιστα·
467 2822 658 2890 Longae
720 2835 880 2873 naves
940 2818 1008 2871 ad
1054 2818 1399 2871 maritimum
1440 2815 1699 2885 praelium
1746 2815 1831 2867 in-

193 2916 447 2977 structa,
505 2910 599 2965 sed
644 2910 805 2963 unico
862 2918 994 2962 actae
1076 2922 1349 2961 remorum
1407 2905 1625 2967 ordine,
1686 2901 1835 2957 testis

184 3005 425 3072 desuper
457 3001 836 3067 munitaz,quo
867 3013 1054 3052 eorum
1104 2998 1337 3066 remiges
1392 3011 1557 3064 quam
1603 2993 1834 3046 minime

184 3090 319 3147 telis
349 3090 639 3145 hostilibus
686 3094 957 3159 paterent.
1019 3088 1123 3140 Hoc
1180 3088 1405 3139 navium
1452 3100 1622 3154 genus
1681 3080 1836 3134 hodie

180 3181 474 3236 dromonas
502 3188 712 3244 vocant,
774 3194 901 3233 voce
957 3194 989 3228 a
1028 3192 1194 3229 cursu
1222 3174 1384 3228 ducta
1440 3190 1542 3244 quo
1602 3172 1713 3225 illae
1772 3171 1829 3223 in

176 3269 382 3340 primis
412 3267 585 3322 veloci
620 3268 823 3321 valent.
852 3266 977 3319 Haec
1015 3263 1346 3333 Procopius.

250 3360 444 3422 Τατᾶς,
500 3372 630 3427 pag.
686 3356 809 3407 5l2.
872 3354 1062 3423 Hujus
1110 3351 1411 3422 dignitatis
1469 3349 1556 3405 cui
1623 3365 1832 3403 nomen

179 3453 273 3502 est
303 3452 443 3501 tatas
476 3446 620 3499 aula:
647 3461 796 3515 saepe
826 3442 1091 3497 meminit
1141 3442 1417 3507 Codinus,
1471 3440 1527 3492 in
1588 3437 1687 3493 lib.
1761 3438 1834 3491 De

180 3538 309 3605 efﬁc
340 3536 454 3591 aul.
490 3552 617 3605 cap.
649 3536 702 3597 2,
726 3534 823 3587 ubi
856 3532 963 3587 hoc
1004 3532 1262 3585 ofﬁcium
1325 3534 1551 3583 sextum
1610 3534 1667 3582 et
1727 3530 1831 3581 tri-

186 3626 477 3680 cesimum
512 3624 819 3694 dignitatis
851 3622 1053 3676 ordine
1083 3637 1211 3676 esse
1242 3621 1323 3673 ait
1354 3620 1503 3672 inter
1543 3618 1828 3687 Palatina;

178 3731 309 3785 cap.
364 3714 417 3778 4,
479 3714 604 3781 ejus
679 3712 945 3765 habitum
1028 3710 1320 3780 explicat,
1388 3725 1512 3777 cap.
1560 3708 1694 3760 item
1776 3710 1826 3775 ὅ,

171 3802 737 3860 ubiobservatbuic
803 3802 994 3857 ofﬁcio
1047 3800 1274 3854 nullum
1332 3800 1668 3854 incumbere
1723 3798 1829 3851 mi-

172 3893 488 3947 nisterium
524 3887 647 3943 οὒδὲ
686 3885 740 3942 ἓν
804 3890 1132 3961 ὑπηρέτημα
1190 3888 1467 3955 κέκτηται.
1524 3889 1823 3957 Nusquam

171 3987 377 4037 autem
412 3980 593 4036 tradit
624 3981 908 4035 rationem
936 3978 1213 4043 nominis,
1241 3982 1341 4032 aut
1364 3994 1534 4047 quem
1555 3977 1622 4030 ad
1661 3976 1830 4029 ﬁnem

169 4071 452 4127 instituta
481 4070 604 4125 haec
638 4070 979 4140 prmfectura
1012 4068 1105 4124 sit.
1142 4069 1266 4121 Tata
1296 4066 1655 4135 Latinisjam
1688 4066 1825 4119 olim

172 4161 407 4233 puerile
440 4178 655 4216 nomen
686 4166 794 4227 est,
818 4176 934 4229 quo
970 4160 1226 4229 primum
1259 4176 1327 4213 ex
1362 4158 1610 4212 infantia
1633 4157 1688 4210 in
1715 4156 1828 4209 bal-

169 4252 400 4307 butiem
461 4251 816 4321 prodeuntes
879 4248 1126 4319 parvuli,
1187 4264 1335 4318 quos
1398 4246 1596 4301 vident
1654 4247 1826 4314 viros,

171 4345 340 4407 tatas,
375 4357 523 4412 quas
558 4338 855 4406 mulieres,
898 4354 1167 4392 mammas
1228 4336 1544 4408 appellant,
1608 4340 1670 4391 ut
1724 4336 1825 4389 do-

170 4435 309 4486 cent
339 4425 700 4500 interpretesi
736 4427 1020 4483 Martialis
1076 4427 1145 4482 ad
1200 4426 1361 4481 illum
1417 4442 1650 4480 versum
1710 4424 1827 4496 epi-

174 4520 527 4593 grammatis
559 4520 690 4589 ejus
720 4517 844 4573 lOl.
878 4517 980 4572 lib.
1017 4534 1034 4571 ι
1070 4533 1083 4571 :

169 4636 437 4691 Mammas
463 4638 625 4705 atque
655 4638 795 4689 tatas
819 4635 980 4690 habet
1014 4634 1148 4703 Afra
1178 4644 1197 4687 .‘
1241 4634 1336 4689 sed
1394 4635 1519 4701 ipsa
1585 4636 1832 4687 tatarum
1867 4605 1909 4667 θ

298 4708 440 4764 .Dici
468 4716 520 4762 et
547 4723 917 4762 mammarum
947 4723 1197 4761 maxima
1226 4724 1469 4761 mamma
1496 4710 1687 4776 potest.

171 4825 475 4897 Suspicari
525 4841 594 4880 ex
628 4825 734 4881 hoc
793 4826 938 4880 forte
1024 4841 1344 4896 possumus
1419 4827 1591 4879 tatam
1684 4826 1835 4881 aulzc

176 4933 357 4988 quem
390 4914 485 4970 hic
517 4915 857 4970 eunuchum
888 4915 1178 4981 videmus,
1212 4916 1393 4970 fuisse
1452 4914 1832 4986 praepositum

179 5005 516 5061 educationi
552 5022 617 5060 ac
668 5022 819 5061 curse
875 5004 1194 5061 liberorum
1252 5005 1403 5060 615
1466 5004 1835 5076 imperatoris

179 5095 378 5152 adhuc
410 5093 786 5167 parvulorum
821 5114 835 5163 ;
868 5100 926 5151 et
956 5100 1267 5167 propterea
1295 5095 1477 5165 hujus
1511 5094 1838 5167 ὑπηρέτημα

178 5184 417 5241 nullum
445 5184 739 5239 exstitisse
770 5200 908 5256 erga
963 5184 1397 5256 imperatorem,
1458 5202 1522 5240 ac
1581 5202 1651 5240 ne
1699 5185 1837 5239 fun-

178 5275 439 5331 otionem
491 5275 728 5346 quidem
790 5275 1189 5331 immediatam
1247 5275 1425 5331 ullam
1486 5292 1623 5347 erga
1678 5276 1839 5348 ipsos

177 5363 482 5437 parvulos,
520 5366 675 5436 quod
712 5381 929 5421 munus
986 5366 1115 5435 ejus
1174 5370 1329 5421 esset
1384 5367 1674 5437 imperare
1732 5384 1839 5422 nu-

179 5454 433 5511 tricibus
467 5460 525 5509 et
556 5455 801 5526 gerulis,
836 5456 932 5526 qui
967 5456 1051 5511 eis
1083 5456 1303 5510 addicti
1332 5456 1611 5511 curandis
1651 5462 1837 5512 erant.

178 5543 302 5599 Nec
322 5559 473 5598 vana
504 5543 772 5599 forsitam
800 5546 1137 5615 conjectura
1176 5544 1353 5600 fuerit
1402 5546 1557 5601 hunc
1610 5548 1841 5601 Andro-

183 5634 386 5687 nicum
420 5633 785 5701 eunuchum,
822 5636 978 5706 quod
1023 5635 1357 5691 Andronico
1390 5653 1547 5691 nunc
1580 5642 1845 5707 Augusto

182 5729 322 5777 ante
355 5722 539 5793 patris
571 5721 887 5793 imperium
950 5730 1107 5789 nato,
1168 5725 1473 5780 educando
1533 5726 1842 5781 servilibsu

1934 1960 2197 2010 censum,
2230 1942 2322 1999 cui
2362 1944 2539 1999 semel
2604 1942 2963 1998 exsolvendze
3020 1941 3293 1994 universa
3348 1954 3581 1993 annona

1932 2032 2118 2087 alieno
2152 2040 2412 2101 tempore
2443 2032 2537 2085 vili
2572 2032 2847 2086 distracta
2879 2029 3244 2102 proﬂiganda
3298 2031 3421 2082 erat
3474 2043 3579 2081 cu—

1936 2121 2084 2177 lonis
2118 2122 2367 2189 miseris,
2404 2124 2460 2175 in
2498 2122 2789 2192 reliquum
2826 2137 3046 2175 annum
3081 2120 3232 2173 victu
3282 2116 3577 2182 carituris,

1934 2212 2028 2265 cui
2064 2211 2282 2265 notioni
2320 2210 2505 2281 magis
2538 2210 2761 2265 accedit
2792 2210 2944 2279 quod
2974 2208 3209 2279 legitur,
3257 2206 3293 2262 l.
3328 2223 3367 2275 ι,
3423 2222 3470 2259 c.
3524 2206 3579 2267 5,

1933 2300 2007 2355 Τὸ
2036 2298 2227 2352 λοιπὸν
2258 2302 2352 2351 τοῦ
2382 2296 2623 2360 τεθέντος
2654 2297 2864 2357 τέλους.

2030 2406 2113 2479 [P.
2167 2408 2289 2480 4‘30]
2347 2402 2572 2478 Τελχίν,
2626 2424 2679 2476 p.
2732 2406 2838 2459 255
2896 2404 3239 2459 Eustathius
3304 2402 3360 2457 in
3417 2401 3579 2457 Iliad.

1934 2513 2041 2565 vp.
2091 2497 2189 2549 9’11
2239 2497 2328 2549 ed.
2392 2496 2557 2549 Rom.
2619 2492 2918 2566 Τελχῖνας,
2984 2494 3082 2563 ait,
3142 2489 3469 2545 πλάττουσιν
3532 2490 3584 2543 οἱ

1940 2585 2100 2655 μῦθοι
2162 2582 2421 2653 δαίμονάς
2476 2603 2622 2642 τινας
2670 2580 3024 2641 κακοποιούς.
3112 2581 3396 2637 Telchinas
3477 2581 3580 2651 ﬁn-

1934 2679 2068 2744 gunt
2100 2674 2300 2742 fabqu
2341 2674 2619 2729 dmmonas
2668 2673 2935 2745 quosdam
3000 2672 3294 2741 maleﬁcos.
3357 2670 3585 2724 Similia

1936 2770 1993 2819 et
2048 2764 2201 2817 idem
2264 2763 2423 2816 alibi.
2508 2765 2898 2833 Hesychius:
2977 2758 3240 2833 Τελχῖνες
3330 2759 3587 2833 βάσκανοι

1936 2851 2151 2925 γόητες,
2232 2850 2500 2925 φθονεροί.
2592 2850 3085 2923 Etymologicus:
3175 2847 3427 2920 Λέγονται
3533 2844 3590 2900 δὲ

1935 2943 2201 3013 Τελχῖνες
2284 2941 2334 2992 οἱ
2408 2941 2664 3015 φθονεροὶ
2726 2939 2815 2993 καὶ
2888 2937 3121 3011 πονηροὶ
3182 2938 3271 2991 καὶ
3332 2938 3591 3012 βασκανοι

1939 3028 2216 3102 δαίμονες.
2262 3034 2540 3085 Dicuntur
2572 3034 2761 3085 autem
2802 3028 3085 3085 Telchines
3121 3030 3325 3092 invidi,
3367 3028 3507 3082 mali
3538 3037 3589 3083 et

1940 3122 2208 3175 immanes
2238 3121 2532 3175 daemones.
2568 3120 2667 3174 His
2693 3120 3140 3175 auctoritatibus
3169 3120 3348 3172 fretus
3382 3119 3585 3171 malum

1860 3234 1902 3301 α
1940 3215 1991 3264 et
2024 3209 2269 3264 invidum
2315 3209 2582 3264 dwmoncs
2635 3208 3054 3280 interpretatus
3106 3224 3239 3262 sum
3291 3206 3399 3260 hoc
3460 3205 3585 3259 loco

1940 3296 2200 3371 Τελχῖνα.

2012 3397 2192 3467 Τόμος
2223 3396 2310 3449 καὶ
2374 3399 2770 3469 τομογραφεῖν,
2833 3414 2889 3467 p,
2946 3397 3071 3449 280.
3132 3395 3264 3467 Agit
3323 3396 3390 3449 de
3446 3398 3589 3447 Ger-

1943 3506 2139 3554 mano,
2173 3504 2344 3557 quem
2382 3486 2491 3540 sub
2525 3487 2698 3540 ﬁnem
2736 3486 3114 3557 praecedentis
3155 3483 3364 3555 capitis
3422 3484 3586 3537 dixe-

1941 3583 2028 3633 rat
2076 3577 2322 3631 electum
2396 3576 2580 3629 fuisse
2639 3575 2694 3627 in
2754 3574 3141 3644 patriarcham
3200 3574 3590 3627 concordibus

1941 3666 2351 3738 plerarumque
2384 3664 2714 3718 antistitum
2749 3663 3066 3734 sulTragiis,
3111 3664 3327 3733 quibus
3372 3668 3426 3717 et
3484 3662 3589 3716 im-

1941 3757 2222 3827 peratoris
2253 3755 2514 3809 calculus
2548 3754 2793 3809 accessit
2816 3754 3253 3824 comprobantis
3294 3751 3583 3821 judicium

1939 3846 2176 3917 synodi:
2214 3844 2367 3915 llupu
2408 3847 2514 3896 τῶν
2579 3839 2791 3895 λοιπῶν
2848 3842 3069 3912 ἠξιοῦτο
3124 3842 3223 3906 τὴν
3273 3846 3371 3907 τῆς
3430 3844 3589 3892 Κων-

1938 3931 2437 3991 σταντινουπὸλεως
2490 3932 2816 4003 προστασίαν
2887 3928 3281 3998 ἀναδέξασθαι,
3351 3928 3442 3979 σὺν
3505 3926 3585 3984 οἷς

1935 4027 2022 4078 καὶ
2060 4025 2086 4078 ὁ
2153 4020 2409 4098 βασιλεὺς
2465 4022 2563 4087 τήν
2612 4024 2793 4095 ψῆφον
2853 4018 3221 4090 ἀποδεξάμενς
3282 4020 3447 4073 'l'unc
3506 4019 3585 4070 vi-

1939 4118 2108 4169 detur
2138 4113 2439 4168 electionis
2471 4112 2746 4166 Germani
2781 4112 3081 4166 decretum
3117 4110 3222 4164 rite
3275 4108 3585 4179 perlatum,

1940 4206 2090 4276 quod
2150 4201 2319 4273 τόμος
2380 4202 2477 4256 hic
2534 4200 2749 4255 dicitur
2803 4200 3191 4255 usitatissima
3249 4200 3375 4268 ejus
3431 4198 3591 4251 vocis

1942 4293 2263 4349 notionein
2308 4290 2544 4360 scriptis
2602 4295 2933 4344 Graecorum
2999 4289 3208 4343 citima:
3263 4287 3592 4341 vetustatis.

1940 4384 2265 4455 prazsertim
2293 4382 2363 4435 de
2388 4382 2558 4435 rebus
2593 4379 3011 4434 ecclesiasticis
3041 4378 3362 4449 agentium.
3416 4377 3590 4431 Caete-

1941 4490 2069 4528 rum
2106 4470 2404 4525 difﬁcilem
2439 4470 2509 4523 ad
2552 4468 2996 4523 assentiendum
3056 4466 3326 4521 electioni
3386 4466 3476 4519 sui
3533 4482 3594 4519 se

1944 4564 2235 4634 praebente
2263 4564 2551 4614 Germano
2588 4575 2677 4613 res
2723 4557 3033 4627 pendebat,
3082 4556 3274 4627 quoad
3325 4559 3595 4610 exoratus

1942 4652 1991 4706 is
2024 4651 2261 4705 tandem
2297 4650 2369 4704 ab
2392 4648 2742 4719 imperatore
2772 4652 2830 4701 et
2860 4646 3101 4716 reliquis
3133 4644 3338 4700 amicis
3362 4643 3591 4699 annuit.

1941 4741 2008 4795 Et
2038 4744 2178 4794 tunc
2203 4738 2273 4792 ad
2308 4736 2802 4808 promulgandum
2837 4736 3133 4791 decretum
3168 4732 3332 4805 prius
3362 4732 3580 4787 factum

1944 4834 2315 4901 congrelatus
2370 4833 2459 4884 est
2508 4832 2692 4883 castus
2729 4827 2830 4898 qui
2888 4843 3023 4882 voce
3071 4824 3255 4878 κοινὸν
3309 4824 3414 4880 hoc
3470 4824 3596 4877 loco

1944 4919 2337 4991 signiﬁcatur,
2400 4923 2463 4972 ut
2536 4916 2809 4988 superius
2885 4916 3276 4971 ostendimus.
3356 4913 3598 4968 Distuli-

1948 5026 2195 5081 musque
2226 5009 2339 5063 huc
2395 5008 2772 5063 statuendum
2825 5006 2964 5077 quid
3017 5006 3111 5059 hic
3165 5005 3395 5058 dicatur
3451 4998 3599 5055 οινῦν

1951 5099 2054 5153 ὑπὸ
2096 5096 2253 5170 τὸμῳ
2312 5097 2557 5171 γεγονὸς,
2616 5097 2770 5151 816
2830 5103 2993 5150 cactus
3052 5096 3147 5149 sub
3201 5097 3344 5149 tomo
3394 5094 3602 5163 factus.

1946 5190 2189 5245 Videtur
2216 5186 2531 5260 signiﬁcari
2554 5190 2768 5241 coetum
2804 5186 2963 5240 hunc
2990 5185 3043 5240 vi
3080 5185 3242 5256 prius
3295 5185 3418 5254 jam
3473 5199 3604 5253 per-

1950 5280 2051 5335 lati
2080 5280 2151 5334 de
2182 5278 2463 5334 electione
2496 5276 2769 5332 Germani
2811 5275 3026 5331 decreti
3063 5281 3352 5331 coactum.
3384 5290 3499 5328 non
3543 5278 3609 5327 ut

1953 5369 2022 5425 de
2052 5385 2121 5425 ea
2142 5368 2509 5431 deliberaret,
2538 5368 2638 5421 sed
2672 5372 2739 5421 ut
2778 5384 2896 5423 rem
2954 5368 3233 5421 statutam
3265 5379 3607 5434 exsequere-

1950 5464 2048 5513 tur
2080 5463 2136 5513 et
2168 5474 2381 5512 novum
2417 5456 2813 5528 patriarcham
2846 5457 3014 5526 quasi
3067 5455 3125 5509 in
3174 5454 3610 5525 possessionem

1954 5548 2111 5605 sedis
2144 5548 2421 5603 mitteret.
2446 5546 2805 5617 Suspicabar
2835 5546 3014 5600 etiam
3043 5561 3111 5600 ex
3138 5546 3287 5599 facto
3320 5544 3613 5615 quadam-

1954 5644 2128 5694 tenus
2151 5637 2353 5703 simili,
2388 5636 2537 5708 quod
2603 5652 2738 5690 mox
2797 5636 3067 5705 referam,
3131 5638 3333 5690 Patres
3392 5633 3490 5704 qui
3552 5632 3609 5686 in

1956 5728 2112 5782 tunc
2170 5732 2386 5782 ccetum
2450 5728 2850 5781 convenerunt
2908 5722 3240 5797 cxemplum
3329 5722 3612 5793 scriptum
