4218 6450
671 361 689 411 1
701 357 809 412 079

1731 362 1792 412 Ρ.
1839 359 2106 413 ΡΈΒΘΙΝῙ
2141 357 2752 411 OBSERVATIONUM
2792 360 2922 411 LIB.
2966 363 3010 412 Ῑ.

3931 363 4073 416 1080

669 479 884 537 decreti
915 497 949 536 a
977 496 1039 535 se
1069 479 1233 551 prius
1263 479 1406 534 editi
1448 497 1623 534 manu
1682 495 1976 551 quemque
2028 477 2308 534 tenuisse.
2346 480 2391 544 Α
2425 477 2483 531 in
2512 494 2684 533 suum
2719 479 2909 535 locum
2941 481 3237 536 introsum
3274 501 3287 547 ;
3347 484 3516 552 cujus
3572 499 3780 537 nomen
3841 485 4081 540 videtur

671 570 765 625 Sic
796 569 948 624 enim
983 573 1179 623 actum
1212 570 1442 623 videtur
1471 570 1529 622 in
1592 568 1706 622 alio
1761 568 2120 622 ecclesistico
2176 582 2312 620 con-

671 663 866 723 ventu,
902 660 1071 728 cujus
1117 662 1205 712 est
1258 659 1472 711 mentio
1523 658 1582 711 in
1645 656 1775 710 Vita
1824 658 2030 711 Leonis
2074 671 2236 726 papa;
2271 653 2316 722 Ι,

2426 566 2706 632 alludere,
2737 570 2877 623 dum
2922 570 3266 644 φατριάρχης
3299 573 3465 641 quasi
3529 573 3910 645 φρατριάρχην
3972 591 4077 627 vo-

2427 662 2537 709 cat.
2568 655 2778 711 Notum
2809 659 2962 712 enim
2988 660 3488 730 Constantinopoli
3529 667 3651 714 erat
3684 663 3824 730 quid
3867 663 4078 716 Latina

675 747 918 802 recitata
949 753 1092 801 tom.
1143 746 1243 798 Ἧι
1298 746 1502 801 Concil.
1565 747 1634 800 ed
1686 746 1819 816 Reg.
1880 763 1937 816 p.
1993 747 2081 799 50.
2137 744 2320 797 Verba
2426 759 2536 797 vox
2565 747 2744 814 [raler
2773 763 3047 813 germano
3078 764 3402 819 synonyma
3424 754 3677 816 sonaret,
3705 766 3837 803 cum
3881 757 4088 806 essent

685 835 806 888 hFDC
828 839 966 888 sunt
996 851 1008 886 :
1069 833 1398 902 Congregali
1431 837 1557 886 sunt
1581 833 1685 885 256
1748 832 2078 886 sacerdotem
2114 839 2166 884 et
2215 828 2321 882 alii

675 925 780 978 406
832 925 1091 993 episcopi,
1145 939 1380 994 quorum
1435 923 1834 991 chirographus
1891 921 2153 975 cucurrit.
2215 916 2321 986 Qui

2430 833 2485 885 in
2520 849 2584 886 ea
2618 835 2760 887 urbe
2785 835 2973 890 Latini
3008 841 3127 890 tam
3153 836 3344 899 multi,
3369 838 3690 908 praesertim
3713 855 3844 893 cum
3871 839 4078 903 simul,

2432 925 2495 974 ut
2525 939 2655 977 mox
2687 924 2963 978 admonet
2994 924 3330 990 historicus,
3364 943 3704 998 germanam
3751 927 4072 998 imperato-

677 1011 990 1081 congregati
1007 1015 1138 1065 sunt
1167 1028 1282 1065 una
1331 1027 1462 1065 cum
1497 1017 1676 1074 tomo,
1709 1011 1808 1065 hoc
1835 1018 1913 1064 est
1941 1009 2046 1078 ﬁde
2103 1014 2323 1078 aposro—
2428 1010 2512 1064 ris
2542 1010 2842 1080 Eulogium
2878 1012 3114 1083 oblique
3172 1015 3613 1085 prestringeret.
3671 1015 3838 1069 Forte
3896 1018 4076 1071 etiam

679 1102 799 1155 lica
841 1100 1114 1155 Ecclesia.
1141 1100 1317 1154 Vides
1348 1100 1438 1154 hic
1487 1101 1786 1154 decretum
1842 1104 2015 1152 antea
2073 1098 2143 1150 de
2209 1095 2323 1149 fide

2443 1098 2777 1173 ρατριάρχης
2822 1101 3050 1156 infense
3103 1103 3323 1157 dictum
3389 1119 3491 1171 pro
3573 1104 3949 1177 πατριάρχης,
4025 1111 4088 1158 ut

679 1188 1013 1260 apostolica:
1047 1188 1332 1255 Ecclesia,
1377 1188 1483 1242 hoc
1538 1193 1628 1243 est
1687 1188 1963 1258 dogmate
2013 1183 2321 1249 catholico,

681 1277 970 1350 perlatum
1005 1286 1228 1332 tomum
1262 1278 1474 1343 vocari,
1500 1285 1556 1332 et
1589 1279 1741 1332 hunc
1777 1284 1999 1331 tomum
2033 1290 2326 1344 quemque

680 1371 1160 1438 congregatarum
1208 1382 1405 1421 secum
1475 1366 1802 1432 habuisse;
1865 1365 2022 1418 unde
2079 1370 2133 1416 et
2217 1362 2326 1416 hoc

678 1453 862 1508 κοινὸν
897 1452 1000 1505 ὑπὸ
1054 1452 1214 1525 τόμῳ
1272 1453 1494 1526 γεγονός
1548 1453 1658 1508 dici
1717 1454 1990 1524 potuerit.
2035 1454 2114 1506 Ac
2171 1450 2326 1520 quod

681 1544 832 1598 hanc
855 1541 1032 1612 τὸμου
1065 1542 1360 1597 notionem
1394 1543 1620 1607 attinet,
1653 1543 1805 1597 actio
1841 1543 1972 1613 ipsa
2028 1541 2327 1594 decretum

682 1632 970 1688 condendi
1023 1631 1160 1686 alibi
1193 1647 1226 1686 a
1258 1637 1458 1686 nostro
1497 1637 1677 1688 verba
1731 1634 2096 1706 τομιγραφεῖν
2138 1627 2329 1700 expri-

683 1725 886 1777 mitur.
921 1720 1199 1793 Nempe].
1233 1737 1306 1785 ιν,
1331 1737 1380 1775 c.
1411 1721 1501 1786 29,
1553 1723 1644 1776 ubi
1707 1723 1901 1792 agitur
1956 1721 2025 1774 de
2085 1734 2330 1774 corona-

2434 1189 2504 1242 ad
2537 1189 2792 1260 Philipp.
2828 1207 2887 1254 ιι,
2917 1191 2950 1244 3
2998 1193 3278 1262 κατατομή
3337 1209 3439 1263 pro
3498 1193 3792 1264 περηομ-ὴ,
3856 1214 3892 1263 φ
3951 1199 4008 1248 et
4055 1214 4088 1244 κ

2435 1277 2631 1330 nescio
2685 1278 2822 1346 quid
2887 1273 3170 1354 δύσφημην
3230 1280 3601 1336 trahentibus
3682 1298 3748 1336 ex
3826 1282 4078 1351 quadam

2435 1367 2602 1436 quasi
2627 1367 2972 1436 contagione
3003 1365 3217 1438 φαύλου
3257 1373 3315 1422 et.
3343 1370 3533 1420 κακοῦ.

2510 1471 2708 1542 Φήμη,
2766 1490 2821 1544 p.
2869 1474 2990 1540 145,
3059 1473 3390 1549 Ἀφικνεῖται
3423 1517 3434 1527 .
3483 1518 3494 1530 .
3541 1520 3552 1531 .
3625 1476 3782 1550 φήμη
3833 1495 3895 1548 γε
3958 1473 4087 1528 οὖσα

2437 1560 2527 1614 καὶ
2553 1560 2670 1620 θεὸς
2702 1561 2736 1628 ἠ
2783 1561 2966 1637 φήμη.
3031 1564 3115 1617 Ita
3164 1570 3361 1618 noster
3418 1566 3710 1620 recondita
3769 1581 3875 1619 suo
3927 1581 4090 1619 more

2440 1650 2498 1704 in
2533 1651 2696 1705 codd.
2733 1655 2861 1704 Bet
2917 1655 2982 1717 A,
3041 1653 3241 1723 quaaV
3289 1670 3396 1708 suo
3450 1655 3585 1708 item
3649 1671 3808 1708 more
3866 1655 4088 1707 omisit.

2444 1739 2586 1793 Puto
2623 1739 3029 1811 Parhymerem
3063 1740 3158 1795 hic
3190 1742 3247 1794 in
3282 1747 3478 1796 mente
3522 1741 3800 1797 habuisse
3857 1742 4090 1796 abstru-

683 1810 844 1865 tione
886 1809 1226 1879 Andronici,
1287 1807 1692 1881 ἐτομογράφουν
1751 1804 1831 1875 δὲ,
1888 1808 2105 1880 inquit,
2160 1804 2252 1859 καὶ
2280 1805 2332 1857 οἱ

2444 1829 2654 1884 siorem
2689 1804 2999 1900 quamdam
3058 1832 3354 1885 notionem
3416 1831 3676 1887 vocabuli
3740 1831 3923 1906 φήμη.
3989 1831 4089 1900 (l),

686 1897 965 1973 ἀρχιερεῖς
1024 1897 1111 1951 ὑπ’
1160 1897 1465 1974 ἀφορισμὸν
1518 1900 1821 1956 ποιοῦντες.
1896 1902 2005 1954 etc.
2093 1897 2333 1951 Decreto

687 1988 958 2044 videlicet
989 1987 1255 2059 synodali
1285 1987 1395 2042 rite
1425 1986 1680 2053 condito,
1717 1986 2010 2041 antistites
2042 1987 2151 2040 sub
2186 2001 2326 2039 ana-

677 2077 959 2132 thematis
989 2075 1470 2131 interminatione
1503 2081 1825 2131 sanxerunt
1876 2083 2060 2130 ratam
2123 2093 2154 2129 a
2185 2091 2327 2128 cun-

678 2169 788 2224 ctis
817 2169 1250 2240 agnoscendam
1284 2168 1733 2239 habendamque
1791 2168 2147 2222 evectionem
2210 2171 2330 2220 An-

680 2258 903 2312 dronici
937 2258 994 2312 in
1029 2256 1361 2328 imperium,
1404 2262 1754 2328 procurante
1815 2257 1871 2310 id
1933 2255 2154 2310 scilicet
2213 2259 2330 2308 Au-

679 2351 853 2417 gusto
884 2348 1012 2418 ejus
1046 2350 1261 2418 patres,
1295 2346 1514 2418 quippe
1559 2345 1943 2401 studiossime
1998 2353 2205 2414 agente
2267 2347 2333 2397 ut

680 2453 856 2509 quam
891 2437 1144 2493 maxime
1177 2438 1348 2493 ﬁrma
1377 2441 1434 2493 et
1463 2435 1860 2493 irrevocabilis
1890 2434 2004 2490 ista
2057 2435 2184 2505 ejus
2227 2432 2328 2487 ﬁlii

678 2531 835 2584 esset
861 2527 1173 2599 promotio.

771 2629 1190 2698 Τρικοκκιῶταὶ,
1258 2643 1315 2699 p.
1371 2626 1478 2680 202
1547 2627 1723 2678 Ταῦτα
1777 2621 1902 2696 περὶ
1986 2619 2114 2683 τοὺς
2199 2625 2329 2695 Τρι-

677 2714 1127 2776 κοχκιώτας.8ἰο
1183 2715 1546 2771 concorditer
1598 2720 1719 2770 tres
1779 2713 2028 2769 codices.
2087 2711 2333 2766 Videtur

676 2804 876 2878 populi
911 2821 1121 2861 nomen
1170 2823 1203 2860 a
1243 2804 1368 2860 loco
1415 2804 1681 2871 ductum,
1735 2802 1836 2874 qui
1893 2800 2183 2877 τρίκοκκον
2243 2799 2331 2856 vel

675 2891 986 2969 τρικόκκιον
1038 2894 1358 2950 diceretur.-
1438 2892 1644 2965 Reperi
1733 2893 1887 2964 apud
1963 2890 2334 2963 geographos

671 2985 1042 3046 Strabonem.
1076 2985 1475 3049 Ptolemaeum,
1510 2982 1676 3048 alios,
1703 2981 1985 3055 τρικύριον
2029 2986 2085 3036 et
2114 2980 2332 3054 τρικόρ-

676 3094 794 3127 νιον
831 3093 844 3130 :
881 3076 979 3130 sed
1007 3090 1302 3146 nusquam
1334 3072 1472 3129 alibi
1498 3069 1787 3146 τρίκοκκον
1835 3076 1936 3126 aut
1994 3069 2330 3143 τρικόκκιον.

679 3164 886 3220 Verum
936 3181 1008 3219 ne
1065 3164 1390 3236 quidquam
1415 3162 1760 3231 immuetur,
1815 3177 2141 3217 consensus
2171 3160 2331 3215 codi—

678 3269 812 3308 cum
837 3252 1125 3324 prohibet.

747 3349 1111 3425 Ὑποψήφιος,
1160 3366 1216 3421 p.
1267 3349 1391 3403 438.
1450 3352 1569 3404 Ηοο
1628 3347 1753 3404 loco
1803 3344 2118 3423 ὖςποψήφιος
2173 3363 2335 3403 voca-

676 3445 795 3508 tur,
830 3439 1123 3512 quijusta
1160 3439 1241 3494 'ad
1303 3439 1646 3509 dignitatem
1707 3435 1966 3509 aliquam
2025 3435 2332 3492 electivam

676 3528 956 3600 sulfragia
982 3527 1299 3584 electorum
1337 3525 1492 3593 tulit,
1513 3526 1777 3582 nondum
1809 3525 2333 3580 tamen'decretum

675 3617 978 3674 electionis
1002 3617 1113 3672 rite
1145 3616 1436 3688 perlatum
1468 3620 1576 3670 est.
1608 3615 1774 3670 Unde
1805 3615 1915 3669 iste
1945 3613 2335 3678 Theodosius,

676 3711 766 3777 (P.
800 3708 926 3778 427)
960 3706 1016 3761 in
1070 3722 1244 3777 quem
1311 3704 1765 3776 praeponendum
1827 3702 2038 3757 throno
2089 3701 2335 3772 patriar-

683 3797 837 3853 cbali
861 3795 1219 3866 Theopoleos
1251 3793 1370 3849 sive
1410 3792 1729 3848 Antiochia;
1762 3789 2052 3863 plerisque
2096 3791 2334 3846 Patrum

683 3884 987 3942 sententiae
1020 3883 1514 3954 conspiraverant,
1574 3885 1699 3936 erat
1727 3879 1943 3936 electus
1995 3883 2224 3934 tantum
2282 3883 2340 3935 et

684 3975 852 4047 quasi
887 3973 1232 4044 designatus
1286 3970 1641 4043 patriarcha,
1701 3970 1963 4024 nondum
2025 3973 2218 4024 tamen
2278 3969 2337 4024 in

684 4065 1116 4136 possessionem
1160 4061 1380 4117 missus
1436 4065 1492 4116 et
1547 4057 1950 4134 ἀνακηρυχθεὶς
2014 4057 2117 4112 ὑπὸ
2168 4052 2338 4128 κόινῷ

678 4153 858 4224 τόμῳ,
893 4152 1015 4208 utl.
1052 4169 1128 4219 IV,
1162 4168 1212 4207 ο.
1248 4150 1339 4217 43,
1373 4151 1444 4206 de
1474 4149 1766 4205 Germano
1807 4149 1865 4202 in
1922 4148 2339 4204 Constantino-

682 4244 1008 4316 politanum
1032 4241 1430 4314 patriarcham
1465 4240 1629 4312 prius
1661 4239 1844 4294 electo
1875 4238 2179 4305 scribitur,
2222 4237 2337 4292 hoc

680 4340 771 4391 est
798 4333 988 4405 palam
1018 4331 1353 4389 declaratus
1389 4329 1744 4401 patriarcha,
1774 4327 1996 4400 perlato
2039 4332 2096 4383 et
2148 4326 2342 4400 legiti-

686 4423 798 4480 mis
831 4421 1099 4478 formulis
1130 4421 1242 4477 rite
1275 4419 1502 4477 sancito
1533 4416 1830 4474 communi
1874 4417 2058 4473 totius
2109 4416 2339 4472 concilii

684 4513 754 4568 de
794 4511 909 4568 ista
964 4510 1245 4568 electione
1302 4510 1553 4577 decreto,
1614 4507 1768 4579 quod
1825 4503 2001 4578 τόμου
2057 4504 2338 4562 vocabulo

682 4602 1071 4676 signiﬁcatur.

769 4697 1069 4769 Φάκελλοι,
1103 4716 1159 4771 p.
1193 4699 1301 4754 512
1339 4697 1487 4763 Quid
1547 4694 1858 4773 φακέλλους
1903 4695 1999 4751 hic
2058 4698 2335 4766 putemus

680 4794 839 4850 aliud
872 4807 1050 4864 quam
1087 4789 1348 4844 Latiman
1380 4803 1579 4844 vocem
1614 4787 2026 4843 diminutivam
2059 4801 2128 4840 ex
2171 4784 2337 4854 fascis

678 4883 848 4956 quasi
876 4880 1137 4951 fascellos
1195 4878 1379 4944 dicas,
1429 4877 1585 4947 quod
1642 4876 2006 4944 frequentius
2063 4874 2341 4930 scribitur

675 4971 997 5044 fascisculos
1028 4968 1056 5023 ?
1085 4967 1386 5037 Synesius,
1421 4965 1605 5037 Epist.
1653 4965 1754 5020 133
1789 4983 1801 5020 :
1834 4965 2040 5019 ’Ἅπασι
2094 4962 2341 5039 γέγραφα

681 5058 954 5138 φάκελλον
989 5054 1315 5129 [ἐπιστολῶν
1351 5053 1588 5127 Διογένει
1623 5050 1750 5114 δούς
1821 5058 1938 5109 Hoc
1989 5054 2136 5108 617
2199 5058 2288 5109 est
2322 5071 2334 5109 :

684 5151 947 5209 Omnibus
1005 5147 1222 5218 scripsi,
1277 5146 1622 5222 fasciculum
1708 5147 2023 5200 litterarum
2109 5143 2340 5216 Diogeni

688 5240 1093 5298 commendans.

751 5336 1132 5412 Φατριάρχης,
1167 5335 1382 5406 p.287.
1441 5333 1633 5388 Verba
1690 5337 1830 5387 sunt
1886 5333 2113 5388 Arsenii
2166 5332 2337 5403 ejecti

684 5429 1059 5505 patiarcbatu
1082 5430 1137 5481 et
1165 5424 1225 5480 in
1258 5422 1516 5479 insulam
1571 5422 1880 5494 deportati.
1916 5424 1979 5478 In
2027 5422 2121 5478 his
2170 5439 2340 5478 voca-

681 5521 821 5579 bulo
850 5515 1201 5590 πατριάρχης
1236 5512 1615 5570 scommatice
1658 5513 1930 5585 designat
1980 5513 2340 5569 Germanum

2443 1935 2567 1988 quae
2591 1935 2721 1972 cum
2752 1917 2920 1987 vulgo
2952 1918 3242 1990 signiticet
3270 1919 3550 1974 indicium
3605 1920 3683 1973 rei
3743 1925 3922 1991 gesta:
3981 1919 4093 1972 hu-

2443 2023 2616 2062 mano
2646 2007 2983 2062 testimonio
3015 2008 3072 2062 in
3107 2008 3373 2063 notitiam
3399 2010 3729 2064 absentium
3788 2024 4096 2079 sparsum,

2441 2095 2755 2167 aliquando
2789 2096 3019 2167 proprie
3049 2097 3320 2167 designat
3345 2097 3618 2152 nuntium
3654 2114 3764 2152 non
3814 2095 4095 2150 humani-

2441 2190 2537 2239 tus
2567 2185 2808 2238 allatum
2843 2185 2922 2238 rei
2958 2201 3179 2256 magnas
3215 2186 3552 2257 longinquis
3585 2187 3641 2240 in
3674 2185 3818 2240 locis
3851 2191 4019 2247 actae,
4043 2188 4104 2238 et

2442 2274 2640 2328 statim
2675 2273 2753 2328 ibi
2790 2273 3033 2344 cognita:
3085 2291 3199 2345 quo
3255 2274 3417 2329 nulla
3463 2273 3730 2330 celeritas
3786 2288 4103 2328 cursorum

2442 2367 2562 2418 tam
2617 2362 2823 2432 exiguo
2873 2365 3063 2434 spatio
3119 2364 3418 2434 pervenire
3464 2364 3738 2436 potuerit.
3811 2361 4100 2433 Exempla

2439 2457 2666 2507 veteres
2701 2452 2961 2506 historici
2997 2452 3183 2508 muita
3215 2454 3491 2508 referunt.
3533 2453 3673 2508 Vide
3702 2451 3931 2506 Livium
3996 2451 4114 2505 ini-

2439 2541 2521 2596 tio
2551 2540 2589 2596 l.
2625 2558 2755 2611 XLV,
2799 2545 2858 2596 et
2913 2541 3297 2597 Plutarchum
3355 2542 3414 2596 in
3463 2541 3694 2597 Emilio
3753 2539 3958 2607 Paulo,
4010 2539 4110 2594 ubi

2443 2635 2650 2702 praeter
2679 2636 2947 2686 eventum
2981 2631 3311 2686 mirabilem
3363 2631 3582 2703 vulgati
3637 2634 3832 2686 Roma:
3897 2628 4108 2698 preliia

2441 2735 2556 2791 quo
2589 2720 2647 2774 in
2693 2719 3030 2775 Macedonia
3060 2721 3368 2791 quatriduo
3401 2723 3537 2775 ante
3585 2719 3941 2774 debellatum
3980 2719 4106 2773 fue-

2443 2813 2534 2863 rat
2565 2825 2697 2863 cum
2732 2809 2940 2864 Perseo
2972 2826 3124 2880 rege,
3161 2813 3415 2880 quatuor
3438 2809 3554 2864 alia
3612 2809 3880 2878 exempla
3938 2824 4102 2862 com-

2444 2897 3045 2968 memoratzsimilium
3079 2915 3348 2965 casuum,
3376 2903 3432 2953 et
3466 2899 3525 2952 in
3554 2897 3648 2953 his
3682 2913 3892 2965 unum,
3929 2899 4102 2967 cujus

2441 2987 2569 3058 ipse
2601 2987 2948 3042 Plutarchus
2979 2987 3148 3042 testis
3181 2987 3306 3054 fuit,
3349 2991 3516 3043 aetate
3543 3004 3670 3054 sua,
3704 2991 3767 3041 ut
3813 2987 3916 3052 ait,
3970 3003 4062 3040 om
4086 3017 4105 3026 -

2443 3077 2621 3131 nibus
2677 3076 2990 3148 perspecti,
3048 3077 3119 3131 de
3168 3077 3389 3148 perlata
3447 3077 3693 3132 Romam
3743 3076 3948 3130 eadem
4011 3076 4106 3152 die

2447 3167 2642 3236 quain
2675 3168 2988 3222 Germania
3018 3167 3285 3239 contigit,
3322 3168 3477 3223 caede
3540 3167 3798 3231 Antonii,
3858 3171 3914 3220 et
3976 3167 4108 3235 ejus

2447 3255 2735 3310 exercitus
2766 3255 2932 3309 clade
2964 3255 3062 3324 qui
3096 3260 3302 3309 contra
3333 3253 3728 3309 Domitianum
3764 3252 4106 3307 rebellarat.

2442 3343 2654 3398 SimiIli
2675 3347 2868 3397 autem
2895 3344 3117 3397 ratione
3149 3343 3382 3397 videtur
3415 3343 3674 3398 indicare
3734 3345 3932 3396 noster
3983 3356 4113 3411 per-

2443 3433 2673 3488 venisse
2704 3433 2775 3487 ad
2811 3432 3049 3487 Latinos
3088 3431 3495 3501 Daphnusiam
3552 3434 3970 3502 oppugnantes
4035 3429 4113 3482 fa-

2446 3539 2602 3577 mam
2637 3529 2818 3592 capla:
2847 3539 2880 3575 a
2911 3521 3123 3576 Graecis
3153 3521 3717 3592 ConstantinOpolis,
3751 3535 3929 3590 quam
3973 3535 4111 3589 pro-

2445 3617 2642 3684 pterea
2696 3614 2916 3679 famam
2964 3611 3216 3665 divinum
3249 3616 3432 3680 vocat,
3464 3608 3554 3662 καί
3610 3608 3730 3668 θεὸς
3759 3609 3989 3679 ὴφημη.
4026 3609 4113 3662 Si-

2445 3701 2688 3773 gnificat
2711 3700 2885 3755 etiam
2920 3716 3048 3754 eam
3081 3716 3210 3755 esse
3240 3715 3434 3754 veram
3471 3703 3529 3754 et
3562 3698 3852 3769 propriam
3907 3697 4109 3750 nomi-

2447 3791 2540 3846 nis
2587 3790 2747 3863 φήμη
2807 3790 3129 3855 notionem,
3191 3789 3530 3856 Homerum,
3592 3787 3820 3859 opinor,
3865 3792 4109 3841 secutus

2448 3881 2602 3952 apud
2648 3895 2843 3950 quem,
2904 3883 2968 3933 ut
3025 3877 3367 3933 Fustathius
3429 3877 3729 3945 admonet,
3789 3875 3951 3950 φήμη
4021 3879 4113 3929 est

2451 3968 2685 4041 μαντικῆ
2769 3963 3018 4036 κληδὼν,
3097 3964 3371 4020 τουτέστιν
3461 3965 3489 4019 ὁ
3579 3962 3882 4036 μέλλοντός
3959 3981 4112 4020 τινος

2450 4056 2763 4128 δηλωτικὸς
2819 4053 3010 4131 λόγος,
3065 4053 3116 4125 ἐξ
3171 4054 3482 4127 αὐτοματου
3560 4053 3908 4127 λεγόμενοςε
3969 4055 4112 4109 Pro-

2448 4149 2728 4221 pheticum
2752 4163 2933 4215 amen,
2969 4148 3067 4202 hoc
3095 4155 3174 4201 est
3193 4148 3279 4201 rei
3314 4149 3528 4216 futurae
3562 4145 3876 4215 eujuspiam
3928 4144 4117 4198 inde:

2447 4238 2680 4294 verbum
2710 4245 2900 4308 sponte
2927 4237 3230 4308 prolatum.
3262 4235 3410 4301 Quia
3437 4250 3574 4290 vero
3624 4235 3692 4288 ad
3729 4233 4110 4305 prophetiam

2449 4328 2624 4383 etiam
2660 4327 2914 4398 pertinet
2941 4325 3156 4381 notitia
3179 4341 3374 4381 rerum
3400 4325 3738 4379 absentium
3765 4322 4119 4394 longinquis

2450 4433 2518 4472 ex
2573 4416 2718 4473 locis
2774 4433 2891 4472 non
2950 4415 3211 4472 humana
3268 4431 3444 4487 opera
3523 4413 3737 4479 delata,
3790 4413 3929 4483 jure
4006 4428 4114 4466 suo

2450 4511 2650 4562 noster
2679 4505 2856 4561 etiam
2915 4507 2985 4561 ad
3037 4505 3146 4562 hoc
3204 4503 3573 4560 Homericam
3632 4499 3904 4558 vocabuli
3956 4505 4116 4571 fama

2370 4579 2416 4643 D
2449 4596 2748 4652 notionem
2778 4595 3079 4651 transfert.

2551 4703 2778 4778 Φορητή
2836 4699 3005 4767 οἰκία,
3070 4717 3124 4773 p.
3179 4701 3304 4756 330.
3364 4699 3487 4755 Non
3544 4713 3994 4770 usquequaque,
4062 4698 4118 4753 ni

2449 4793 2637 4859 fallor,
2696 4792 2866 4848 obvia
2919 4791 3013 4846 hic
3072 4794 3397 4862 usurpatur
3453 4789 3614 4845 notio
3672 4787 3828 4843 vocis
3889 4787 4113 4861 φορητή

2449 4899 2554 4957 pro
2584 4900 2650 4939 eo
2681 4882 2856 4954 quod,
2921 4879 3070 4936 718
3130 4879 3401 4951 analogia
3449 4896 3480 4935 e
3528 4877 3774 4948 solutili,
3839 4877 3923 4946 (P.
3991 4878 4114 4946 420)

2449 4971 2710 5029 classicis
2774 4970 2993 5027 usitata
3049 4985 3210 5036 voce,
3282 4969 3482 5035 ducta,
3565 4968 3814 5023 fortasse
3903 4966 4114 5021 Latine

2447 5063 2638 5118 dicere
2671 5078 2986 5133 possumus
3015 5060 3319 5131 portalilis.
3356 5058 3473 5114 Hac
3504 5073 3680 5130 porro
3714 5055 4115 5112 circumlocu-

2450 5153 2607 5209 tione
2637 5152 2723 5207 vel
2756 5151 2957 5220 σκηνάς
2989 5149 3353 5205 tabernacula
3400 5149 3715 5203 castrensia
3771 5147 4112 5218 exprimere

2451 5242 2837 5314 Pachymeres
2869 5239 3073 5307 voluit,
3104 5238 3214 5305 vel,
3249 5239 3404 5310 quod
3437 5237 3635 5293 verius
3661 5241 3824 5308 puto,
3852 5236 4123 5292 indicare

2451 5334 2657 5388 domos
2696 5349 2726 5388 e
2786 5330 3033 5386 materia
3086 5329 3356 5385 solutiles
3419 5329 3762 5400 proceribus
3808 5328 4119 5388 Romanis.

2451 5423 2745 5478 urbanum
2779 5421 2984 5476 luxum
3015 5419 3074 5474 in
3109 5418 3324 5474 militia
3341 5419 3534 5490 quoad
3563 5422 3803 5488 possent
3824 5434 4117 5491 usurpare

2450 5511 2851 5579 studentibus,
2885 5512 3120 5581 paratas
3150 5524 3218 5564 eo
3249 5507 3498 5564 artiﬁcio
3531 5512 3595 5562 ut
3647 5511 3845 5579 partes
3909 5523 4112 5563 earnm

758 5703 834 5778 (1)
858 5698 1076 5758 Habuit
1103 5697 1450 5755 Hesioceum
1486 5695 1632 5752 illud
1671 5693 1803 5757 Θεός
1830 5692 1893 5748 νύ
1923 5692 2005 5755 τίς
2038 5691 2149 5748 ἐστι
2175 5698 2269 5750 καῖ
2297 5692 2456 5766 αὐτή.
