4218 6450
140 404 265 459 1081

133 708 314 763 fuisse
342 707 599 779 οἰκίδιον,
632 716 801 785 cujus
831 724 920 773 est
951 724 1165 776 mentio
1199 723 1368 791 infra,
1403 724 1440 781 l.
1491 743 1545 794 ν,
1605 744 1654 782 c.
1712 729 1768 797 6,

136 811 248 865 quo
280 796 404 853 viso
458 800 705 857 refertur
751 804 1131 878 obstupuisse
1162 811 1334 865 cralis
1388 812 1602 866 Serbize
1648 796 1769 869 Ste?

132 882 359 953 pbanus
392 886 633 944 Uresis:
688 889 861 945 Ἀλλὰ
901 894 991 947 καὶ
1048 896 1111 950 τὸ
1155 898 1535 970 Θεραπευτικὸν
1593 901 1654 955 τὸ
1713 900 1765 955 ἰν

130 970 326 1033 κείνοις
409 972 628 1048 βλὲπων
700 978 923 1054 Οὗρέσις
1003 986 1091 1038 καὶ
1167 984 1399 1041 οῗκίδιον
1444 1032 1456 1045 .
1502 1034 1515 1046 .
1564 1032 1575 1045 .
1637 988 1765 1044 ἐπα-

129 1056 399 1129 λαστήσας
469 1066 654 1136 φησὶν,
722 1066 791 1124 Αἵ
863 1069 939 1137 ai,
995 1072 1047 1127 τί
1101 1078 1309 1143 ταῦτας
1373 1076 1463 1130 χαί
1519 1080 1652 1150 ἡμῖν
1705 1079 1767 1133 οὗ

130 1150 363 1218 συνήθης
406 1151 543 1222 αὕτη
600 1157 634 1222 ἡ
695 1154 894 1230 δίαιτᾶ,
953 1167 1062 1218 etc.
1122 1168 1258 1229 Quae
1312 1166 1572 1223 indicant
1630 1186 1765 1225 eum

128 1237 237 1292 ista
265 1242 460 1311 specie
506 1246 675 1314 quasi
718 1248 884 1303 nimii
946 1251 1116 1307 luxus
1174 1256 1480 1312 offensum.
1540 1258 1763 1328 Aliquid

127 1328 295 1382 etiam
331 1329 524 1387 simile
556 1332 731 1390 fuerit
761 1339 990 1405 σκηνική
1024 1339 1158 1401 νεὼς
1189 1340 1247 1396 ἐκ
1303 1342 1526 1398 πέπλων
1589 1340 1766 1399 στιϐα-

127 1417 230 1486 ρῶν
266 1416 517 1488 μετάξης,
563 1438 740 1492 quam
803 1430 1121 1485 monachus
1182 1434 1418 1489 nomine
1470 1436 1763 1507 princeps,

124 1505 413 1561 deducens
443 1511 513 1563 ad
549 1510 770 1568 Cbalaﬁ
796 1515 1191 1574 Tocharorum
1218 1521 1538 1593 principem
1592 1505 1767 1594 spon-

123 1606 244 1647 sam
276 1594 483 1686 Aﬁliam
532 1605 907 1671 Imperatoris
959 1605 1062 1658 ὑπὸ
1126 1606 1389 1680 μεγάλαις
1450 1610 1763 1686 φαντασίαις

120 1674 499 1752 κνὶᾶὄρότησι
534 1683 744 1759 σύναμα
807 1689 897 1744 καὶ
954 1692 1180 1767 πλούτῳ
1236 1694 1586 1770 παντοδαπῷ,
1646 1701 1759 1756 cir-

119 1769 387 1858 cumtulit
419 1775 489 1829 ad
522 1780 973 1838 ostentationem
1003 1786 1471 1857 magnificentiae,
1498 1794 1564 1844 ut
1597 1788 1638 1845 l.
1672 1805 1757 1858 Ill,

119 1872 164 1911 c.
195 1857 229 1914 3
259 1866 549 1919 narratur.

195 2007 440 2084 Φρὲριοι,
505 2031 563 2085 p.
620 2017 743 2071 360.
805 2016 913 2081 Οῧς
972 2021 1220 2098 φρεέορυς
1279 2025 1431 2082 αὐτοὶ
1478 2027 1755 2105 λέγουσιν,

134 2092 417 2187 ᾄδελφούς.
462 2103 785 2177 Religiosos
814 2092 1078 2168 videlicet
1108 2092 1255 2186 quos
1284 2120 1493 2187 fratres
1554 2092 1755 2178 vocare

116 2186 235 2256 jam
266 2194 393 2245 tum
424 2194 575 2263 apud
614 2195 789 2254 Italos
817 2197 1158 2259 invaluerat.
1192 2186 1341 2262 Galli
1371 2208 1493 2264 sivo
1526 2209 1752 2282 Franci,

121 2290 183 2330 ex
208 2292 330 2371 qua
352 2285 524 2351 gente
572 2283 811 2355 plurimi
869 2292 1369 2367 Constantinopoli
1418 2304 1474 2353 et
1533 2301 1750 2371 passim

118 2379 211 2457 per
238 2365 529 2457 Orientem
580 2373 891 2448 degebant,
946 2379 1155 2437 fratres
1199 2365 1393 2457 ﬁeres,
1440 2393 1505 2443 ut
1533 2365 1750 2457 'hodie,

117 2452 376 2547 dicebant
406 2475 421 2525 ;
456 2460 610 2516 unde
632 2463 809 2519 Grieci
842 2483 1040 2525 vocem
1093 2452 1344 2547 φριρίους
1378 2452 1747 2536 Τοτωιιτιιιιιξ

117 2539 361 2616 Usurpat
390 2563 560 2617 porro
591 2557 793 2609 noster
833 2554 935 2612 hoc
969 2539 1317 2618 voca-bulum
1348 2570 1408 2621 et
1446 2567 1583 2623 alibi
1644 2586 1749 2625 saa-

119 2629 263 2702 pius.
298 2637 478 2692 Erant
506 2637 567 2693 hi
598 2639 864 2714 plerique
892 2661 921 2701 e
948 2649 1131 2704 sacris
1165 2650 1403 2710 familiis
1436 2656 1532 2711 SS.
1570 2657 1746 2713 Fran-

116 2719 326 2816 cisci-et
346 2724 633 2785 Dominici
668 2747 1045 2808 :quanquam
1077 2744 1134 2795 et
1166 2740 1497 2800 Melitenses
1527 2747 1749 2816 equites

117 2811 257 2880 apud
286 2812 763 2876 Cantacuzenum
797 2822 1003 2882 frerios
1034 2828 1301 2886 videmus
1357 2832 1566 2890 dictos.

179 2979 405 3051 Φυλαχὴ
438 2985 671 3061 ἡμέρας,
705 3006 761 3061 p.
793 2992 918 3047 245.
954 2993 1026 3050 Ut
1056 3013 1190 3070 nox,
1248 2999 1329 3056 ita
1386 3006 1442 3057 et
1500 3004 1625 3060 dies
1684 3005 1744 3061 in

116 3071 402 3163 custodias
430 3080 686 3147 quatuor
733 3080 1120 3153 dividebatur,
1179 3087 1359 3144 trium
1421 3093 1747 3163 quamlibet

115 3157 400 3249 horarum.
465 3165 578 3221 Hoc
644 3174 881 3227 secutus
939 3170 1186 3249 φυλακήν
1247 3178 1355 3234 hoc
1402 3157 1526 3237 loco
1600 3185 1742 3239 verti

112 3247 420 3319 triharium,
453 3269 631 3325 quam
661 3274 857 3314 vocem
894 3247 1135 3319 memini
1190 3282 1283 3321 me
1340 3267 1551 3344 legere.
1586 3273 1738 3343 apud

114 3341 391 3397 auctorem
425 3348 570 3399 satis
598 3347 905 3419 antiquum
933 3368 1036 3407 nec
1069 3352 1476 3427 indiligentem
1527 3341 1743 3415 Latini-

111 3427 233 3481 tatis
263 3431 586 3489 Ausonium
620 3434 678 3490 in
715 3436 973 3495 Mosella.
1006 3442 1331 3500 Vaticanus
1383 3453 1514 3519 post
1568 3450 1745 3506 verba

112 3529 223 3582 quae
250 3518 535 3592 descripsi
585 3522 879 3596 glossema
936 3546 1113 3586 suum
1166 3518 1465 3605 quoddam
1514 3539 1744 3595 infercit

113 3617 212 3659 non
237 3606 405 3690 valde
436 3619 800 3684 accuratum,
834 3617 917 3673 sic
947 3622 1282 3690 exprimens
1309 3623 1464 3680 hunc
1497 3625 1691 3684 locum
1724 3646 1737 3683 :

116 3689 591 3789 (περαῦεὸηκότος
612 3699 771 3777 ἐγγὺς
796 3705 928 3759 εἶναι
960 3689 1221 3783 τέσσαρας
1254 3711 1400 3787 ὠρας
1429 3721 1495 3783 τῆ
1530 3718 1737 3789 πξήμὲ-

112 3781 320 3858 υρὺώτῃ
391 3786 575 3842 τοίνυν
647 3790 863 3868 φυλακῇ
934 3803 1033 3865 τῆς
1118 3781 1373 3875 ἦμὲρας).
1436 3781 1582 3868 Quid
1624 3781 1738 3864 "ita

116 3887 231 3930 vero
260 3875 288 3929 ?
317 3893 514 3935 nonne
540 3882 730 3952 potuit
762 3890 967 3943 auctor
1002 3889 1262 3948 indicare
1310 3894 1567 3952 voluisse
1622 3898 1735 3953 ini-

112 3960 240 4018 tium
264 3969 546 4026 custodie
569 3972 689 4027 sive
735 3974 987 4042 triborii,
1038 3996 1154 4035 non
1215 3987 1409 4039 autem
1463 3985 1734 4043 ultimam

109 4049 219 4120 ejus
239 4060 463 4144 partem
505 4061 840 4135 contiguam
900 4064 1055 4122 horse
1114 4068 1227 4125 diei
1281 4075 1558 4144 quartas?
1611 4079 1732 4133 Imo

106 4153 220 4230 vero
270 4142 424 4200 clare
485 4147 779 4220 significat
822 4152 892 4208 de
950 4156 1258 4230 principia,
1298 4142 1437 4218 vnon
1488 4164 1558 4220 de
1617 4166 1733 4221 fine

106 4229 256 4296 primi
288 4233 402 4290 diei
433 4236 683 4306 triborii,
718 4256 785 4300 se
808 4240 993 4314 loqui,
1032 4229 1172 4303 dum
1208 4265 1342 4306 mox
1400 4258 1541 4324 post
1593 4256 1734 4311 reci-

106 4319 394 4417 tata-verba
425 4326 735 4401 subjungit
766 4326 1299 4411 ὕπεραναρεορκότος
1328 4319 1420 4394 τὸν
1477 4343 1731 4417 ὁρίζοντα

106 4403 152 4459 ἱιι
184 4407 223 4461 ν
251 4427 361 4468 non
387 4423 784 4487 compareant,
820 4439 935 4478 non
976 4425 1210 4483 videtur
1232 4432 1426 4486 tamen
1481 4403 1727 4490 dubium

107 4496 223 4564 quin
271 4501 390 4557 sint
435 4505 650 4577 γνήσια.
699 4510 968 4567 Indicant
1017 4519 1236 4585 autem,
1294 4519 1350 4573 id
1406 4522 1559 4592 quod
1646 4522 1728 4578 ibi

108 4592 371 4681 narratur,
434 4595 752 4667 contigisse
809 4603 984 4671 paulo
1032 4610 1168 4676 post
1218 4612 1484 4665 exortum
1564 4612 1725 4681 solis,

1589 428 2067 486 GLOSSARIUM.

134 530 272 585 solvi
305 534 656 607 sejungique
678 541 1085 597 commissuris
1117 548 1172 599 et
1202 545 1315 601 alio
1374 548 1574 603 delata
1626 550 1762 605 alibi
1796 562 1848 629 Α

138 636 340 676 rnrsus
390 626 686 697 compingi
746 636 1006 698 possent.
1068 634 1208 702 Ejus
1258 636 1487 705 generis
1543 640 1773 694 videtur

3382 446 3521 500 1082

1988 554 2292 630 Ἀφιλαστα
2316 559 2405 612 καὶ
2434 560 2727 634 φώσσωνας
2761 560 3203 637 ὠργυιωμὲνους.

1882 660 2137 718 Isaacius
2194 666 2449 729 Tzetzes.
2502 668 2847 725 scholiastes
2929 674 3059 741 ejus
3116 675 3522 736 obscurissimi

1883 753 2185 818 poematis,
2219 754 2402 809 sicibi
2448 764 2682 813 enarrat
2710 758 2862 814 hanc
2914 777 3105 816 vocem
3140 781 3151 817 :
3211 764 3519 828 Φώστωνας

1879 839 1944 890 τὰ
2004 835 2197 913 λαίφη,
2258 842 2323 895 τὰ
2382 842 2607 918 ἄρμενα,
2670 848 2815 918 παρὰ
2871 847 2931 900 τὸ
2986 853 3069 924 φῶ
3101 850 3161 903 τὸ
3191 849 3516 925 λαμπρύνω-

1881 924 2044 981 λευκὰ
2113 930 2237 1003 γάρ.
2315 933 2386 987 ’Ἠ
2457 936 2603 1009 παρὰ
2656 935 2718 988 τὸ
2790 939 3083 1009 φυσσᾶσθαι
3162 940 3248 993 ὑπ’
3318 924 3518 1015 ἀνέμου

1876 1020 2171 1087 φυσσῶνες.
2213 1020 2315 1077 Ubi
2348 1022 2503 1078 vides
2562 1028 2841 1099 φυσσῶνας
2899 1028 3024 1083 vela
3072 1030 3307 1086 navium
3368 1051 3519 1100 esse,

1876 1105 1960 1159 sic
1991 1107 2145 1162 dicta
2176 1110 2259 1164 vel
2292 1113 2444 1181 quod
2478 1116 2767 1170 candeant
2806 1118 3055 1172 naturali
3112 1119 3303 1176 colore
3352 1122 3516 1179 lineae

1876 1194 2024 1261 telas,
2072 1212 2104 1250 a
2159 1199 2333 1254 verbo
2383 1203 2487 1275 φῶ,
2540 1204 2696 1272 quod
2756 1206 3003 1260 candere
3060 1206 3366 1277 significet,
3428 1214 3515 1266 vel

1876 1284 2030 1352 quod
2082 1283 2324 1343 inﬂante
2377 1296 2547 1344 vento
2595 1296 2881 1359 tumeant,
2940 1294 3020 1365 (P.
3082 1296 3185 1351 429
3234 1314 3267 1351 a
3335 1302 3508 1356 verba

1874 1371 2293 1447 φυσσάω,ςιιοά
2325 1377 2652 1433 estinflare.
2682 1381 2891 1436 Eodem
2945 1383 3212 1439 recidunt
3269 1402 3399 1456 qum
3455 1390 3511 1442 iri

1874 1474 2003 1514 eam
2037 1478 2234 1518 vocem
2264 1471 2549 1521 annotant
2580 1469 2921 1525 Eustathius
2943 1475 2999 1527 et
3029 1472 3371 1545 Hesychius.
3398 1478 3513 1531 Nm

1871 1552 2064 1604 Graeco
2099 1553 2320 1622 poetico
2379 1556 2657 1611 vocabulo
2708 1559 2975 1613 Latinum
3032 1561 3167 1615 item
3223 1565 3509 1632 poeticum

1872 1640 2280 1711 opposuimus,
2315 1659 2445 1697 cum
2498 1644 2711 1700 alicubi
2761 1646 3059 1718 φώσσωνας
3108 1659 3333 1705 carbasa
3384 1669 3509 1707 ver-

1869 1726 2071 1783 timus.

1938 1814 2167 1903 Xpdvoc,
2223 1837 2279 1890 p.
2330 1822 2420 1877 35.
2480 1823 2582 1880 Hic
2637 1826 2943 1882 manifeste
2982 1828 3239 1884 sumitur
3307 1830 3509 1903 χρόνος

1788 1940 1836 2005 Β
1869 1920 1971 1975 pro
2019 1901 2156 1969 ἔτος·
2204 1908 2345 1965 Item
2397 1911 2433 1966 Ι.
2489 1930 2562 1981 v1,
2616 1930 2665 1969 c.
2740 1915 2799 1969 21
2850 1932 2862 1970 :
2924 1914 3023 1968 Τὸν
3080 1901 3502 1992 εἶκοσιτὲταρτςωρ

1864 1998 1964 2060 τῆς
1999 1992 2276 2067 βασιλείας
2321 1998 2516 2072 χρόνον
2571 1997 2844 2070 ἐδήλωσεν
2902 2000 3171 2077 ἄντικρυς.
3231 2006 3335 2062 Ubi
3387 2014 3511 2079 agit

1866 2084 2193 2140 denumero
2235 2088 2558 2145 litterarum
2593 2092 2847 2147 nominis
2866 2093 3505 2168 MichaelisPaleeolopi,

1865 2173 1957 2228 cui
1999 2176 2402 2247 adjungantur
2459 2178 2660 2235 litteras
2709 2183 3074 2249 cognominis
3128 2185 3256 2253 ejus
3310 2188 3505 2242 minus

1864 2263 1983 2317 doti
2016 2265 2324 2331 Manuelis,
2348 2268 2489 2323 fient
2517 2268 2804 2325 elementa
2833 2271 3038 2342 viginti
3061 2280 3315 2343 quatuor
3371 2279 3472 2331 toti
3492 2310 3504 2316 -

1863 2351 1996 2407 dem
2026 2353 2078 2407 ei
2110 2370 2295 2410 annos
2324 2356 2550 2428 imperii
2585 2358 2925 2425 ominantia,
2950 2370 3013 2415 ut
3033 2367 3274 2417 eventus
3305 2372 3503 2421 osten-

1864 2439 1967 2495 dit.
1997 2444 2140 2496 Nam
2171 2443 2265 2498 hic
2295 2444 2630 2515 imperator,
2663 2463 2711 2501 c.
2748 2447 3039 2503 ultimo.l.
3082 2467 3161 2515 vr,
3214 2453 3281 2506 24
3333 2456 3503 2509 annis

1860 2528 2163 2600 inperasse
2209 2533 2460 2588 traditur
2542 2535 2633 2591 bis
2709 2537 2948 2604 verbis;
3027 2537 3359 2602 Βασιλεύσας
3446 2541 3505 2597 δὲ

1857 2618 2080 2691 ἡμερῶν
2141 2615 2375 2675 δεουσῶν
2436 2619 2603 2677 εἴκοσι
2659 2624 2727 2678 τὰ
2781 2622 2950 2679 εἶ’κοσι
3005 2628 3257 2702 τέσσαρα,
3295 2648 3504 2703 nempe

1857 2700 1975 2776 ἔτη,
2038 2711 2193 2778 quod
2254 2727 2466 2767 nomen
2520 2714 2685 2784 prius
2742 2722 3037 2787 posuerat.
3099 2700 3287 2782 Quare
3335 2700 3507 2778 debet

1858 2796 2068 2853 resolvi
2119 2798 2649 2880 diphthongus_ou
2682 2804 2741 2858 in
2801 2806 3040 2861 nomine
3095 2805 3389 2877 Μανουήλ,
3450 2819 3506 2866 ct

1857 2900 1961 2955 pro
2018 2886 2250 2942 duobus
2305 2889 2601 2946 distinctis
2674 2892 2980 2949 elementis
3037 2898 3385 2966 computari,
3445 2906 3509 2955 ut

1858 2991 2144 3031 numerus
2174 2993 2243 3031 ex
2272 2983 2469 3035 mente
2498 2981 2748 3037 aucloris
2775 2987 3019 3038 constet.
3054 2988 3180 3040 Non
3235 2987 3499 3044 omittam

1856 3068 2051 3119 autem
2087 3082 2320 3121 monere
2363 3071 2549 3123 totum
2609 3069 2720 3125 hoc
2769 3088 2998 3127 comma
3044 3074 3114 3128 de
3155 3078 3504 3145 cognomine

1855 3152 2143 3211 Manuelis
2172 3162 2229 3211 et
2269 3159 2548 3231 praesagio
2606 3178 2673 3215 ex
2712 3177 2779 3216 eo
2824 3162 2998 3217 ducto
3054 3180 3342 3220 annorum
3390 3169 3501 3222 im-

1858 3242 2000 3310 perii
2028 3244 2333 3317 Paleologi
2366 3249 2436 3301 ad
2469 3247 2763 3304 Allatiano
2793 3256 2848 3304 et
2879 3249 3157 3306 Vaticano
3201 3254 3501 3311 codicibus

1775 3308 1817 3374 (ἶ
1857 3332 2138 3400 abfuisse,
2195 3334 2254 3389 in
2311 3335 2436 3391 solo
2490 3353 2858 3404 [comnarere
2934 3339 3270 3407 Barberino,
3346 3347 3504 3413 Saepe

1852 3417 1993 3473 alibi
2016 3419 2396 3494 Pachymeres
2441 3423 2638 3498 χρόνον
2701 3429 2865 3497 ponit
2917 3425 3034 3480 ἀντὶ
3093 3426 3338 3483 ἐνιαυτοῦ
3394 3440 3495 3485 aut

1850 3502 2022 3575 ἔτους,
2056 3512 2381 3582 praesertim
2414 3514 2689 3583 hocloco,
2724 3532 2774 3570 c.
2834 3515 2871 3569 l.
2925 3517 3015 3581 20,
3077 3517 3115 3572 l.
3178 3534 3208 3570 v
3258 3537 3271 3575 :
3330 3518 3498 3574 Οὔπω

1848 3600 2048 3671 χρόνος
2078 3598 2402 3656 τετέλεσται.
2436 3608 2491 3658 et
2522 3603 2559 3657 l.
2591 3621 2670 3670 v.,
2702 3621 2751 3659 ο.
2790 3606 2855 3658 10
2887 3622 2900 3660 :
2958 3601 3102 3673 Ἤδη
3165 3602 3221 3658 δὲ
3277 3607 3492 3679 χρόνων

1846 3689 2261 3761 παρῳχηκότων
2284 3692 2577 3765 τεττάρων·

1919 3778 2306 3851 Χρυσόσυρμα,
2339 3798 2397 3852 ρ.
2428 3782 2553 3836 337.
2600 3782 2679 3838 De
2735 3783 2959 3839 Joanne
3014 3785 3258 3855 despota
3316 3785 3490 3857 depo-

1847 3874 2021 3921 nente
2079 3868 2317 3938 pileum,
2377 3870 2611 3941 insigne
2669 3873 2980 3943 despoticm
3037 3875 3364 3945 potestatis,
3432 3882 3491 3931 et

1844 3954 2025 4010 alium
2056 3957 2185 4027 ejus
2216 3956 2342 4013 loco
2371 3959 2672 4029 vulgarem
2730 3961 3068 4031 imponente
3127 3962 3322 4033 capiti.
3376 3966 3481 4019 Co-

1842 4045 2017 4101 dinus
2047 4046 2417 4117 CurOpalata,
2446 4048 2517 4103 Dc
2537 4049 2758 4122 officiis,
2792 4066 2841 4105 ο.
2875 4050 2929 4110 3.
2968 4067 3023 4121 p.
3050 4051 3117 4105 12
3170 4052 3261 4106 ed.
3297 4056 3478 4108 Paris.

1842 4134 1979 4189 anni
2036 4136 2177 4191 4625
2208 4152 2221 4191 :
2253 4135 2335 4190 Τὰ
2390 4134 2606 4191 σκιάδια
2656 4141 2764 4191 τῶν
2810 4132 3071 4212 γαμϐρῶν
3147 4142 3243 4193 τοῦ
3326 4139 3483 4214 βασι-

1840 4220 1981 4284 λέως
2055 4220 2329 4279 δεσποτῶν
2403 4220 2572 4281 ὄντων
2650 4227 3053 4300 χρυσοκόκκινα
3082 4229 3479 4301 ουρματὲϊναυτ

1838 4309 2039 4386 ἔχοντα
2122 4312 2386 4388 σταυροὺς
2472 4313 2989 4390 μαργαριταρεΐνους
3072 4317 3162 4371 καὶ
3245 4316 3478 4392 γύρους.

1837 4405 1981 4459 Pilei
2010 4420 2333 4473 generorum
2354 4405 2725 4477 imperatoris,
2758 4408 2809 4462 si
2845 4406 2960 4462 sint
3015 4407 3267 4479 despota.
3321 4412 3482 4465 aurei

1836 4504 1889 4547 et
1928 4493 2142 4549 caecini
2194 4493 2395 4550 coloris
2468 4503 2596 4550 sunt
2673 4501 2725 4550 et
2800 4496 3089 4565 ﬁmbriati,
3170 4498 3478 4565 habentque

1838 4598 2018 4639 cruces
2074 4599 2143 4638 ex
2182 4586 2503 4655 margaritis
2537 4588 2589 4639 et
2642 4600 2808 4655 gyros
2879 4601 2979 4639 seu
3050 4587 3308 4642 circulos.
3401 4588 3475 4642 En

108 4670 200 4731 hoc
227 4683 310 4734 est
333 4679 480 4737 hora
511 4684 708 4755 palma
738 4670 851 4744 άῑέί
884 4692 929 4746 L
986 4670 1060 4761 ni,
1128 4712 1178 4750 ο.
1236 4697 1289 4765 8,
1350 4716 1561 4756 nomen
1622 4670 1729 4759 ᾕοὸ
1761 4680 1806 4745 D
1839 4672 2028 4743 pileus
2061 4674 2316 4745 despotaz
2346 4688 2562 4765 aureus
2600 4678 2658 4728 et
2713 4673 3060 4765 fimoriatus.
3124 4675 3287 4730 Hunc
3344 4677 3477 4730 ὶιιριι

108 4759 239 4861 idem
268 4765 486 4844 φυλακή
520 4777 805 4834 nocturno
827 4782 1098 4854 tempori,
1128 4785 1219 4840 cui
1268 4789 1459 4861 magis
1514 4807 1726 4848 conve-

107 4851 468 4951 nit,j'patatur
524 4860 586 4917 in
636 4863 728 4921 bis
776 4851 969 4924 verbis
1011 4886 1024 4925 :
1087 4872 1185 4925 Καὶ
1245 4870 1311 4944 δὴ
1366 4851 1465 4945 ξῆν
1499 4884 1723 4951 πρώτην

107 4938 456 5042 φυλακὴν-τῆς
486 4952 678 5014 νυκτὸς
724 4952 935 5026 ἐκείνης
962 5000 974 5015 .
1001 4959 1105 5016 Ubi
1149 4938 1317 5021 nemo
1374 4938 1487 5023 non
1542 4938 1723 5042 lvidet,

104 5033 441 5127 quiquidem
465 5044 658 5097 totum
692 5044 886 5103 locum
917 5053 1139 5107 attente
1191 5053 1530 5127 inspexerit,
1587 5033 1725 5114 κατᾶ

103 5120 229 5181 M5
286 5144 385 5199 pro
423 5128 516 5183 καὶ
576 5132 761 5190 fuisse
819 5141 1244 5213 reponendum,
1306 5150 1370 5201 ut
1427 5147 1720 5220 fecimus;

104 5215 148 5265 et
171 5214 213 5269 si
238 5215 292 5273 in
322 5234 387 5275 eo
421 5222 633 5277 mendo
663 5226 784 5281 tres
814 5226 983 5283 codd.
1009 5234 1405 5292 convenirent.

164 5380 562 5446 Φώσσωνες.[ι.
602 5404 659 5453 v,
718 5405 768 5444 c.
830 5388 1039 5448 ultimo
1097 5400 1187 5452 ter
1241 5407 1564 5474 usurpatur
1611 5407 1720 5465 hoc

108 5471 449 5564 vocabulum,
503 5480 562 5531 et
607 5480 779 5535 tertio
828 5479 953 5537 loco
1012 5488 1329 5556 apponitur
1375 5471 1717 5564 adjunctum

110 5552 476 5658 ξῖιργυιωμιένοι,
514 5570 578 5621 ut
607 5583 723 5658 non
757 5569 836 5625 sit
865 5552 1113 5630 dubium
1160 5578 1301 5649 quia
1349 5552 1721 5658 Pachymeri's

112 5643 211 5751 hac
232 5652 537 5711 scribentis
568 5657 977 5717 obversaretur
1001 5643 1199 5722 animo
1226 5667 1388 5728 locus
1418 5643 1524 5731 ille
1547 5643 1720 5751 Lyco;

116 5733 323 5808 phronis
351 5744 410 5801 in
441 5743 787 5808 Alexandra.

1836 4765 2033 4831 poster
2088 4778 2205 4816 uno
2256 4762 2534 4818 vocabulo
2581 4761 2940 4835 χρυσόσυρμα
2997 4768 3300 4835 nuncupat
3373 4765 3481 4820 hoc

1835 4849 1985 4918 loco,
2019 4851 2154 4906 dam
2188 4850 2358 4906 illum
2390 4851 2615 4922 vulgari
2645 4858 2700 4907 et
2726 4851 2948 4921 privato
2981 4856 3273 4907 mutatum
3306 4853 3389 4908 ait
3446 4872 3479 4909 a

1832 4940 2059 4995 Joanne
2089 4941 2351 5012 despota.
2376 4941 2531 4996 680
2563 4940 2747 5011 Igitur
2773 4939 2836 4993 τὸ
2885 4938 2947 4993 ἐκ
3002 4957 3116 4995 non
3178 4942 3476 4998 materiam

1835 5028 1930 5083 hic
1960 5029 2182 5085 indicat
2213 5030 2345 5101 pilei
2378 5030 2733 5100 communis,
2783 5030 2882 5085 sed
2940 5032 3261 5086 terminum
3322 5034 3477 5087 unde

1833 5118 2135 5175 transierit
2166 5121 2233 5174 ad
2267 5119 2564 5189 vulgarem
2587 5119 2801 5189 pileum
2834 5120 2882 5174 is
2915 5118 3014 5190 qui
3042 5124 3213 5174 antea
3239 5120 3320 5173 uti
3382 5137 3445 5175 so
3466 5154 3478 5161 -

1832 5206 1974 5263 litus
2005 5214 2161 5266 esset
2190 5225 2366 5265 aureo
2399 5209 2711 5265 fimbriato.
2737 5209 2830 5264 Sic
2865 5209 3023 5279 Virg.
3058 5226 3141 5278 ιιι,
3171 5209 3297 5263 ίΕη.

1834 5362 1973 5430 Quos
2005 5364 2289 5419 hominum
2311 5381 2381 5419 ex
2406 5365 2551 5434 facie
2595 5362 2695 5419 dea
2738 5379 2887 5419 saeva
2937 5364 3249 5435 potentibus
3292 5363 3478 5419 herbis

1831 5435 2097 5491 Induerat
2126 5436 2277 5492 Circe
2310 5436 2366 5491 in
2401 5437 2579 5492 vultus
2608 5441 2660 5491 et
2688 5440 2839 5507 terga
2868 5435 3142 5508 ferarum.

1901 5585 2091 5643 Χωλαί
2124 5606 2179 5661 ρ.
2214 5588 2336 5643 404.
2384 5584 2585 5649 Χωλάς
2612 5608 2671 5642 τε
2727 5587 2921 5664 ῥυσσάς
2975 5609 3033 5644 τε
3100 5583 3478 5663 παραϐλῶπάς

1830 5678 1879 5732 τ’
1908 5675 2201 5754 ὀφθαλμώ.
2256 5678 2349 5735 Sic
2381 5678 2537 5734 enim
2565 5696 2634 5734 ex
2661 5679 2904 5736 Homero
2932 5681 3309 5743 correximus,
3341 5696 3475 5736 cum

1833 5770 1893 5824 in
1919 5784 2062 5825 mss.
2120 5764 2421 5845 ὀφθαλμῶν
2474 5766 2781 5840 legeretur.
2835 5769 2961 5827 Non
3010 5770 3297 5843 intelliget
3351 5769 3474 5828 haec
