4248 6438
694 398 832 454 1083

1748 408 1811 458 Ρ.
1850 406 2129 460 POSSINI
2164 404 2779 458 OBSERVATIONUM
2815 405 2946 456 LIB.
2991 404 3035 454 Ι.

3963 401 4103 456 1084

693 524 913 595 scripta
952 524 1023 579 de
1076 523 1257 580 Vecco
1311 539 1416 595 pro
1468 524 1584 580 reis
1644 524 1893 581 sollicite
1950 528 2179 598 agente,
2240 524 2342 595 qui
2373 525 2577 597 Aofﬁs
2598 526 2781 579 aureis
2830 525 2891 577 in
2939 538 2997 578 os
3049 524 3280 593 maestis
3325 522 3495 594 pasci.
3548 523 3659 578 Sed
3719 539 3841 578 rem
3902 524 3991 578 uti
4047 538 4105 578 se

690 611 886 667 locum
945 613 1183 668 Homeri
1242 614 1617 669 obversatum
1687 615 1882 669 animo
1963 613 2334 685 Pacbymeris

688 703 999 757 scribentis
1026 702 1213 757 oculis
1243 707 1300 757 et
1332 704 1455 773 ipse
1506 701 1685 757 lector
1728 719 1840 757 non
1870 702 2185 772 subjecerit
2234 706 2337 756 aut

688 792 971 847 memoria
1004 791 1375 847 revocaverit.
1411 791 1611 846 Iliadis
1635 792 1863 847 decima
1896 791 2133 846 Pbcenix
2184 791 2336 845 inter

686 881 803 936 alia
836 880 1023 935 multa
1059 897 1186 951 quae
1220 879 1432 952 allegat
1464 880 1679 935 Achilli
1727 882 2029 948 ﬂectendo,
2066 879 2336 951 preponit

686 972 928 1025 deorum
963 969 1317 1041 exemplum,
1350 970 1733 1026 exorabilium
1766 970 1827 1025 in
1848 970 2082 1027 veniam
2131 968 2334 1040 culpa-

687 1076 838 1127 rum,
872 1060 1014 1115 dum
1049 1058 1320 1131 precibus
1350 1059 1799 1115 conveniuntur.

1868 1171 2013 1247 Οὐδέ
2040 1174 2099 1228 τέ
2131 1193 2188 1247 σε
2219 1174 2329 1247 χρῆ

683 1245 899 1317 Νηλεὶς
953 1249 1091 1321 ἦτορ
1164 1243 1335 1320 ἔχειν.
1396 1245 1663 1319 Στριπτοὶ
1722 1243 1779 1300 3t
1824 1246 2018 1337 tsrxa‘i
2077 1245 2189 1300 θεοὶ
2223 1243 2335 1299 ’ἆύ-

1921 1339 2030 1374 τοι.
2068 1359 2081 1373 .
2129 1360 2143 1373 .
2189 1361 2202 1373 .
2248 1360 2260 1373 .

687 1390 918 1463 Καὶᾼμὶν
946 1388 1075 1450 τοὺς
1106 1390 1315 1443 (luteam.
1344 1390 1434 1442 καὶ
1467 1387 1739 1463 εὐχωλῇς.
1759 1322 1987 1462 ἆγανὲἱσι

684 1448 855 1518 Λοιϐ’”
892 1482 947 1515 τε
978 1463 1165 1535 κνίσσῃ
1188 1481 1246 1514 τε
1274 1448 1679 1536 παρατρωῖῆὦσδ
1707 1448 1984 1536 ἅνθβωττοι

684 1484 1031 1589 Λισσῖμενοι.
1064 1532 1153 1587 ὅτε
1180 1534 1268 1587 κὲν
1300 1553 1382 1589 τις
1417 1528 1664 1589 ὑπερϐήῃ
1697 1534 1787 1588 καὶ
1820 1533 1984 1589 dudm

681 1528 1031 1607 Λισσόμενοι,
1064 1528 1153 1587 8τὲ
1180 1534 1268 1587 κὲν
1300 1528 1382 1596 nl;
1417 1528 1664 1607 ὑὶτερϐήῃ
1697 1534 1787 1588 καὶ
1811 1528 2058 1610 ἆμάρτῃ.

679 1652 829 1706 Tum
862 1656 919 1706 et
949 1655 1019 1707 de
1051 1651 1191 1706 Litis
1215 1650 1452 1707 ﬁliabus
1483 1650 1844 1723 Jovisgaddit
1878 1668 1891 1706 :

684 1765 783 1841 ξςαξ
816 1767 916 1841 γάρ
948 1787 1009 1841 “te
1037 1765 1194 1841 Λιταί
1227 1766 1326 1819 εἶσι
1363 1766 1487 1841 Διὸᾈς
1519 1770 1709 1835 κοῦραι
1747 1764 2034 1841 μεγᾶλοιο,

677 1833 865 1895 Χωλάί
889 1833 955 1892 ¹τε
985 1837 1172 1913 ῥυσσαῖ
1202 1859 1260 1893 τε
1286 1833 1659 1912 παραϐλῶπές
1695 1833 2058 1915 τ”ὀφ’6αλμώ.

680 1955 851 2011 Tales
884 1956 1000 2011 deae
1034 1955 1337 2028 ingeniose
1390 1956 1697 2028 ﬁnguntur
1724 1956 1793 2012 ad
1828 1956 1944 2011 vim
2008 1955 2330 2011 beneﬁcam

686 2046 1101 2101 misericordiae
1166 2046 1632 2116 exprimendam.
1704 2047 1786 2117 (P.
1876 2046 1999 2115 430)
2085 2045 2336 2100 eximere

684 2152 861 2206 paenae
900 2135 1219 2205 satagentis
1282 2136 1580 2190 convictos
1628 2135 1965 2202 criminum,
2011 2138 2068 2190 et
2124 2134 2334 2189 horum

684 2240 931 2295 angores
963 2224 1019 2277 in
1056 2240 1117 2279 se
1149 2225 1529 2294 suscipientis
1559 2242 1571 2279 :
1609 2226 1679 2279 de
1709 2226 1925 2295 quibus
1973 2224 2159 2279 multa
2200 2241 2335 2279 eru-

680 2314 801 2367 dite
834 2312 1179 2368 Eustathius
1211 2313 1471 2383 disputat
1497 2315 1566 2367 ad
1601 2330 1735 2367 eum
1768 2314 1983 2367 locum.
2020 2314 2334 2368 Homerum

681 2407 879 2457 noster
910 2419 1016 2457 suo
1044 2402 1212 2472 genio
1274 2402 1589 2474 indulgens
1649 2403 1742 2457 hic
1801 2402 2130 2473 exscripsit,
2189 2401 2335 2456 nihil

680 2492 949 2547 solicitus
988 2492 1057 2546 dc
1101 2490 1312 2547 lectore
1364 2509 1571 2563 parum
1626 2492 1772 2546 forte
1817 2498 2043 2547 versato
2101 2491 2159 2545 in
2220 2491 2331 2545 Ho-

685 2582 829 2636 meri
864 2581 1129 2647 lectione,
1157 2583 1239 2657 sic
1273 2598 1483 2651 nempe
1534 2581 1741 2636 solitus
1798 2582 2017 2653 passim
2080 2581 2335 2636 intexere

684 2669 928 2724 orationi
980 2686 1098 2723 suae
1146 2670 1361 2725 crudos
1422 2670 1769 2741 ignotasque
1831 2669 2330 2724 innominatorum

693 2765 997 2814 auctorum
1027 2758 1279 2831 χρήσεις,
1314 2762 1483 2829 quasi
1538 2760 1996 2831 praescripsisset
2043 2760 2099 2813 in
2160 2760 2335 2814 vesti-

688 2849 824 2905 bulo
859 2848 951 2903 sui
979 2848 1172 2919 operis
1202 2849 1391 2904 simile
1421 2849 1642 2921 aliquid
1694 2851 1823 2919 ejus
1879 2850 2033 2919 quod
2093 2850 2152 2903 in
2204 2849 2336 2903 fori-

682 2942 791 2994 bus
859 2937 1071 2993 scholae
1134 2938 1406 3003 ,Platonis
1484 2938 1789 3010 legebatur
1849 2935 2037 2999 Οὐδεὶς
2122 2940 2331 2990 πάντων

677 3028 1003 3098 ποιημάτων
1080 3047 1138 3080 τε
1211 3027 1300 3080 καὶ
1376 3029 1817 3102 συγγραμμάτων
1890 3026 2135 3101 ἀρχαίων
2192 3025 2332 3099 ἀμύ-

684 3138 815 3186 ητος
847 3115 1260 3173 εἷσίτω.Ροῐϊο
1304 3119 1458 3195 sicut
1519 3118 1700 3186 Λιτάς,
1761 3119 1924 3190 quasi
1984 3120 2144 3173 dicas
2202 3134 2331 3189 sup-

678 3207 1021 3276 plicutiones,
1108 3206 1398 3261 Homerus
1473 3210 1895 3279 προσωποποιεῖ
1977 3205 2053 3267 εἷς
2138 3212 2333 3279 σχῆμα

682 3291 1085 3367 ταλαιπωρίαις,
1117 3295 1200 3349 sic
1232 3301 1290 3349 et
1340 3297 1397 3349 in
1456 3296 1710 3367 speciem
1774 3296 2039 3367 obsequii
2100 3297 2332 3351 obnoxii

679 3385 1022 3454 abjecthue
1085 3399 1187 3453 per
1245 3385 1641 3439 adulationem
1704 3384 1970 3439 demissii
2048 3385 2331 3439 subornat

679 3473 996 3528 blanditias
1030 3472 1334 3542 Martialis,
1366 3475 1506 3528 dum
1536 3474 1737 3529 scribit
1762 3476 1930 3545 epist.
1962 3476 2053 3545 72,
2088 3474 2187 3529 lib.
2250 3492 2280 3529 x

891 3589 1146 3655 Frustra,
1167 3589 1482 3658 blanditiae,
1512 3608 1607 3645 ven
1620 3593 1709 3646 itis
1722 3592 1797 3647 ad
1818 3609 1904 3647 me

891 3661 1112 3716 Attritis
1142 3662 1491 3717 miserabiles
1530 3663 1769 3718 labellis.
1803 3706 1813 3717 .
1854 3707 1865 3718 .
1916 3709 1925 3717 .

886 3736 1016 3788 Jam
1046 3750 1155 3789 non
1178 3740 1256 3789 est
1278 3736 1425 3789 locus
1456 3736 1561 3789 hac
1593 3739 1647 3790 in
1671 3738 1806 3789 urbs
1836 3734 2004 3790 vobis.

897 3806 976 3859 Ad
1011 3808 1245 3861 Parthos
1272 3807 1471 3878 procul
1492 3810 1567 3863 ite
1596 3809 1848 3878 piteatos,

898 3881 962 3950 Et
982 3879 1176 3946 ﬂentes
1205 3881 1547 3949 humilesque
1566 3880 1959 3950 supplicesque.

896 3948 1175 4005 Pictorum
1204 3953 1319 4006 sola
1352 3948 1562 4007 basiate
1590 3948 1803 4020 regum,
1837 3948 1945 4005 étc.

767 4062 1125 4134 Ψωμίζεσθαι
1180 4072 1432 4141 χρυσοῖς,
1493 4086 1547 4139 p.
1612 4070 1733 4122 129.
1794 4066 2087 4121 Nimirum
2174 4066 2333 4121 inva-

681 4153 885 4209 dentes
936 4155 1237 4210 Persidem
1293 4157 1541 4211 Tochari
1592 4156 1910 4226 Calypham
1964 4156 2084 4209 illic
2142 4155 2336 4209 domi-

676 4248 938 4307 nantem,
972 4260 1212 4299 avarum
1238 4249 1294 4301 et
1325 4246 1589 4312 divitem,
1615 4263 1756 4300 auro
1789 4245 2101 4315 liquefacto
2152 4246 2209 4297 in
2271 4261 2335 4299 os

674 4332 803 4400 ejus
866 4332 1061 4388 infuso
1114 4340 1516 4405 necaverunt;
1580 4336 1731 4406 quod
1814 4338 2012 4390 noctcr
2089 4334 2335 4389 obscure

675 4422 822 4477 621
896 4422 1043 4477 dicit
1130 4423 1484 4495 ψωμίζεοθαι
1572 4426 1799 4497 ρυσοῖς,
1877 4422 2043 4494 quasi
2121 4423 2339 4478 diceret

2446 614 2674 681 habuit,
2732 613 2990 668 declarat
3048 614 3367 667 Vaticanus
3433 612 3855 682 Paraphrastes
3936 613 4099 667 hunc

2444 702 2635 757 locum
2686 703 2767 755 sic
2813 701 3138 756 exhibens:
3218 701 3279 757 '0
3367 700 3459 771 μὲν
3543 699 3807 774 Χαλυφᾶς
3892 704 4103 773 χρυσοῦ

2444 790 2626 852 ἐοντος
2682 788 2818 843 κατὰ
2892 786 3165 863 λάρυγγος
3250 788 3458 842 ἐκείνου
3512 788 3771 862 χυθὲντος
3843 788 4100 842 ἐτελεύτα

2444 880 2725 952 Chalypha
2755 879 2971 951 quidem
3002 894 3138 934 auro
3175 883 3417 949 fervente
3471 881 3529 933 in
3586 884 3784 947 guttur
3836 880 3953 949 ejus
4000 878 4089 931 in-

2438 971 2567 1039 fuso
2597 974 2845 1024 mortuus
2872 978 2969 1024 est.
3002 970 3161 1034 Quod
3196 968 3277 1023 ita
3319 973 3550 1040 gestum
3584 967 3942 1038 astipulatur
3972 972 4087 1021 Ma-

2444 1059 2609 1114 rinus
2640 1060 2920 1125 Sanutus,
2952 1057 2991 1111 1.
3018 1074 3101 1123 In,
3137 1057 3321 1129 partis
3356 1058 3441 1127 13,
3466 1073 3517 1112 ο.
3546 1059 3580 1110 7
3637 1056 3721 1111 sic
3780 1056 4046 1111 scribens
4080 1073 4091 1109 :

2446 1148 2606 1219 Capti
2675 1148 2932 1220 Catyphm
2990 1150 3203 1215 gutturi
3268 1146 3543 1217 liquatum
3651 1163 3855 1201 aurum
3931 1147 4097 1213 jussit

2440 1236 2780 1309 (Haolonus)
2839 1236 3089 1307 infundi,
3140 1238 3443 1291 avaritiam
3517 1236 3882 1307 exprobrans,
3969 1236 4095 1307 quia

2441 1342 2568 1381 eum
2600 1327 2881 1380 immensis
2900 1326 3159 1397 afﬂueret
3189 1326 3485 1391 thesauris,
3545 1327 3847 1396 supiditate
3898 1326 4087 1379 deten-

2444 1419 2530 1469 tus
2552 1432 2649 1487 pro
2670 1412 2851 1470 salute
2878 1431 2979 1470 sua
3003 1431 3090 1470 eos
3120 1414 3427 1486 expendere
3474 1414 3663 1469 renuit
3719 1414 3851 1469 Haec
3903 1414 4090 1469 Sanu-

2443 1507 2559 1560 tus.

2515 1618 2725 1688 ’Qa'rcov,
2760 1638 2816 1692 p.
2853 1621 2974 1675 405.
3024 1625 3145 1675 Non
3209 1620 3347 1675 alibi
3400 1636 3727 1692 repereram
3765 1618 3943 1672 ὠάτον
3994 1637 4091 1691 pro

2444 1709 2714 1784 ὑπερῶον,
2768 1709 3064 1764 caenaculo
3115 1715 3216 1765 aut
3260 1709 3397 1764 aula
3457 1708 3747 1780 superiori
3805 1715 4094 1763 camerata

2442 1800 2593 1856 ovali
2628 1800 2831 1855 forma.
2868 1800 3017 1863 Quid
3058 1799 3212 1854 enim
3274 1798 3371 1853 hic
3428 1797 3587 1853 aliud
3643 1797 4044 1870 intelligamus
4072 1798 4097 1850 7

2544 1915 2961 1990 Ὠργυιωμὲνοι,
3009 1934 3065 1987 p.
3125 1916 3251 1969 424.
3315 1916 3403 1970 Ait
3451 1915 3783 1970 immissam
3850 1932 3885 1968 a
3940 1920 4095 1985 tergo

2448 2007 2579 2061 navi
2637 2006 2927 2061 Genuensi
2981 2004 3168 2075 plenis
3217 2003 3359 2059 velis
3443 2002 3696 2058 elabenti
3770 2002 4095 2058 onerariam

2448 2094 2814 2164 Catalanam,
2848 2111 2977 2165 quae
3008 2098 3245 2148 ventum
3278 2094 3330 2147 ei
3364 2110 3398 2147 a
3420 2093 3603 2164 puppi
3644 2109 3890 2147 suorum
3949 2092 4095 2145 velo-

2450 2202 2581 2239 rum
2644 2201 2910 2256 Oppansu
2964 2182 3333 2254 interciperet
3388 2198 3454 2238 ac
3506 2182 3589 2237 sic
3669 2182 4102 2237 sutﬁaminaret

2455 2274 2742 2345 impetum
2778 2274 3023 2328 ruentis.
3055 2270 3493 2346 Ὠργυιωμὲνους
3524 2273 3762 2327 Teztzes
3804 2272 3875 2325 ad
3928 2271 4100 2342 Lyco-

2455 2364 2738 2435 phronem
2791 2362 3212 2434 interpretatur
3268 2359 3682 2432 ἐκτεταμένους,
3732 2358 4101 2430 ἡπλωμὲνους

2454 2459 2688 2509 extensa
2709 2461 2759 2507 et
2788 2452 3068 2523 explicata
3099 2454 3241 2506 vela.
3275 2450 3602 2521 Subditque
3648 2450 3927 2505 continuo
3986 2448 4101 2501 ἐτὺ-

2450 2540 2718 2615 μογολίας
2755 2544 2811 2596 in
2860 2542 3016 2595 hunc
3064 2542 3345 2595 modum:
3400 2540 3470 2594 ’Ἡ
3532 2536 3637 2591 ἀπὸ
3688 2544 3789 2605 τῆς
3844 2535 4089 2610 ὀργυιᾶς,

2444 2628 2569 2699 ἤτοι
2636 2636 2735 2698 τῆς
2796 2628 3062 2689 ἐκτάσεως
3111 2633 3219 2682 τῶν
3281 2631 3503 2701 χειρῶν.
3565 2630 3631 2682 "ll
3693 2627 3784 2679 καὶ
3840 2626 3948 2679 ἀπὸ
4005 2629 4095 2679 τοῦ

2448 2719 2594 2793 ὀργῶ
2661 2718 2722 2771 τὸ
2793 2719 2973 2791 ὁρμῶ,
3051 2718 3244 2791 Ὀργᾷν
3315 2713 3373 2769 δὲ
3441 2717 3502 2769 τὸ
3563 2714 3622 2769 ἐκ
3650 2722 3750 2783 τῆς
3808 2713 4090 2785 συντόμως

2447 2808 2662 2885 ὀρούειν
2696 2829 2747 2861 τι
2778 2811 2886 2861 τῶν
2921 2811 3072 2883 φυτῶ
3104 2808 3139 2876 ἢ
3197 2810 3303 2859 τῶν
3368 2806 3633 2880 βοτανῶν.
3692 2808 3775 2861 Ila
3831 2804 3951 2870 ille,
4002 2804 4095 2875 qui

2446 2900 2647 2956 statim
2683 2897 2843 2953 addit
2874 2898 3048 2952 scribi
3082 2898 3290 2951 debere
3341 2893 3764 2969 ὠργυιωμὲνους
3823 2895 4095 2963 adjuncto

2448 2992 2562 3045 tad
2599 2987 2924 3043 usecundaa
2966 2984 3240 3058 syllabae;
3296 2986 3452 3039 unde
3509 3001 3615 3039 nos
3674 2983 3936 3038 codicem
4000 3000 4097 3037 no-

2445 3084 2659 3145 strum,
2708 3078 2808 3147 qui
2860 3074 3253 3149 ὠργνωμὲνους
3308 3075 3621 3142 scribebat,
3710 3073 4092 3128 correximus.

2444 3165 2905 3242 Ὠργυιωμὲνους,
2939 3165 3020 3220 ait
3074 3164 3331 3219 Tzetzes.
3396 3163 3528 3235 μετὰ
3584 3163 3944 3235 προηραφῆς
4004 3163 4091 3213 τοῦ

2368 3270 2410 3336 C
2444 3255 2527 3311 δεῖ
2573 3255 2815 3332 γράφειν.
2874 3254 3051 3309 Vides
3108 3253 3245 3309 hinc
3286 3252 3475 3309 obiter
3541 3251 3889 3307 familiarem
3984 3251 4093 3305 Pa—

2446 3347 2707 3419 chymeri
2734 3345 2916 3400 fuisse
2948 3343 3403 3415 Lycophronem,
3438 3342 3610 3414 genio
3635 3340 3905 3395 videlicet
3967 3357 4096 3395 con-

2442 3437 2678 3493 ciliante
2710 3431 2982 3488 σκοτεινὸν
3018 3434 3300 3502 σκοτεινῷ.
3363 3432 3430 3486 Et
3482 3430 3651 3485 illum
3703 3430 3943 3501 quidem
4010 3447 4097 3483 no-

2443 3534 2653 3594 strum,
2688 3526 2787 3595 qui
2816 3524 3082 3578 omnium
3113 3521 3464 3592 scriptorum
3489 3522 3759 3575 tenebras
3802 3521 3860 3573 in
3924 3536 4092 3574 suum

2444 3632 2592 3688 opus
2642 3629 2889 3685 congere
2939 3612 3219 3677 studeret,
3282 3626 3395 3666 non
3458 3614 3925 3679 temperaturum
4006 3626 4092 3662 ar-

2446 3706 2653 3770 bitror,
2688 3703 2737 3758 si
2771 3720 2888 3775 qua
2908 3701 3135 3756 occasio
3168 3700 3430 3755 daretur.
3474 3698 3645 3754 etiam
3703 3701 4095 3771 πεαρεγοχρῶ-

2440 3814 2535 3855 τας
2619 3792 2708 3846 καὶ
2789 3787 3127 3866 φαλακραίος
3206 3788 3372 3863 κόρας
3447 3784 3747 3862 ἀπαρκτίας
3818 3792 4093 3860 περηστῆ-

2446 3904 2539 3957 ρος
2570 3880 2797 3943 α’ίθωνος
2827 3881 3012 3945 πνοὰς,
3066 3897 3193 3951 qua:
3258 3879 3591 3951 Lycophron
3653 3878 3831 3932 habet
3881 3877 4091 3932 ibidem

2449 3974 2604 4029 unde
2646 3969 3070 4043 ὠργυιωμένους
3099 3969 3458 4040 exscriptum
3505 3972 3613 4035 est,
3672 3968 3729 4021 in
3783 3966 4094 4037 scriptione

2448 4064 2556 4119 hac
2590 4080 2698 4117 sua
2729 4077 2965 4131 ponere,
3000 4076 3175 4130 quam
3219 4064 3347 4114 tum
3388 4060 3624 4114 demum
3673 4056 4003 4128 elegantem
4045 4062 4095 4109 et

2448 4154 2738 4209 eruditam
2785 4149 2977 4204 visum
3038 4150 3108 4203 iri
3169 4148 3439 4213 credidit,
3498 4148 3548 4201 si
3609 4146 3875 4201 omnium
3938 4144 4094 4215 inligi

2450 4240 2838 4297 metuentium
2872 4239 3226 4310 scriptorum
3259 4236 3503 4308 griphos
3562 4240 3619 4289 et
3678 4238 3882 4288 noctes
3940 4233 4094 4288 avide

2449 4330 2814 4402 conquisitas
2847 4332 3189 4395 ostentaret,
3227 4342 3436 4397 parum
3474 4323 3638 4396 pensi
3672 4323 3900 4378 habens
3959 4338 4094 4393 quas

2448 4437 2655 4478 cruces
2685 4417 3009 4474 lectoribus
3042 4420 3144 4473 aut
3176 4413 3600 4487 interpretibus
3631 4412 3759 4469 suis
3789 4411 4013 4484 ﬁgeret.
