4218 6450
150 405 287 458 1085

1665 535 1870 543 ———_——

1733 409 1950 459 ΝΟΤΔΕ.

3408 404 3544 455 1086

1215 708 1711 829 PETRI
1823 711 2486 832 POSSINI

671 983 1711 1079 OBSERVATIONUM
1780 987 3017 1082 PACHYMERIANABUM

1579 1231 1936 1334 LIBER
2050 1235 2117 1332 ΙΙ

1395 1449 1558 1509 COM
1573 1451 1963 1512 PLECTENS
2007 1454 2286 1513 NOTAS.

720 1809 778 1862 In
810 1807 976 1861 titulo
1006 1809 1207 1878 operis.

212 1985 365 2041 62‘!
422 1987 509 2055 LP.
559 1983 705 2052 1:33],
767 1983 1151 2037 PACHYMERIS.
1211 1985 1352 2036 Cum
1415 1983 1556 2037 varii
1629 1984 1786 2038 vario

141 2075 410 2130 Graecum
486 2090 694 2128 nomen
774 2071 1108 2144 Παχυμερής
1171 2072 1373 2126 Latine
1432 2073 1673 2127 eﬁ‘erant
1737 2079 1793 2127 et

140 2165 469 2232 inﬁectant,
527 2162 622 2217 alii
685 2161 1123 2232 Pachymeram,
1174 2162 1269 2215 alii
1327 2161 1790 2232 Pachymerium,

143 2253 244 2308 alii
278 2252 442 2306 aliter
473 2256 764 2319 vocantes,
800 2251 943 2304 mihi
979 2250 1343 2304 commodius
1379 2257 1433 2305 et
1464 2250 1792 2321 expeditius

143 2342 339 2396 visum
372 2346 456 2395 est
484 2341 794 2395 inﬂexione
828 2339 910 2393 uti
957 2340 1159 2393 Latina
1218 2341 1525 2394 nominum
1586 2341 1794 2394 classis

145 2431 358 2484 tertia.
394 2431 540 2495 Quin
575 2430 631 2483 id
667 2431 744 2484 sit
774 2428 1100 2498 simplicius
1148 2435 1204 2482 et
1233 2429 1302 2482 ad
1339 2446 1511 2483 usum
1547 2429 1793 2495 facilius,

147 2536 324 2574 nemo
356 2520 666 2590 negaverit.
699 2518 838 2574 Jure
869 2523 1064 2571 autem
1100 2517 1244 2584 ﬁeri,
1269 2517 1548 2588 exemplis
1578 2520 1795 2572 astrui-

151 2615 273 2665 tur.
310 2610 452 2665 Nam
513 2609 766 2682 Ulysses,
795 2609 1073 2677 Socrates,
1113 2608 1529 2663 Demosthenes
1583 2608 1798 2664 similia

150 2700 414 2772 plurima
440 2715 595 2754 mere
627 2698 825 2753 Latine
856 2697 926 2752 ab
958 2698 1233 2753 omnibus
1275 2699 1602 2767 ﬂectantur,
1639 2698 1798 2753 nullo

147 2794 420 2860 respectu
450 2790 521 2843 ad
555 2787 1146 2842 inﬂexionesGraecas
1182 2789 1425 2842 istorum
1463 2789 1793 2841 nominum.

148 2879 292 2942 Quis
352 2878 508 2933 enim
569 2893 830 2948 unquam
892 2877 1242 2931 adumbrare
1313 2877 1538 2930 curavit
1595 2878 1798 2930 Latino

149 2984 298 3023 sono
370 2966 693 3038 genitivum
770 2962 1146 3036 Δημοσθένους
1221 2970 1321 3019 aut
1399 2966 1798 3020 accusativum

155 3053 505 3127 Δημοσθένη,
565 3055 946 3109 balbutiendo
1001 3054 1393 3109 Demoalhenus
1454 3059 1555 3108 aut
1617 3055 1800 3108 Demo-

156 3147 376 3210 sthene,
445 3150 707 3199 Romana
764 3144 1024 3199 Minerva
1083 3143 1488 3199 invitissima?
1518 3149 1636 3198 Hoc
1693 3144 1800 3198 etsi

153 3251 400 3307 parvum
434 3234 616 3297 dictu,
652 3249 889 3288 necesse
920 3234 1110 3288 visum
1145 3233 1237 3287 hic
1272 3233 1550 3304 proﬁteri.

226 3325 560 3378 Micmsus.
595 3325 816 3388 Quotus
874 3322 970 3376 hic
1003 3322 1154 3376 inter
1209 3323 1604 3392 imperatores‘
1647 3322 1800 3376 Con-

149 3412 716 3483 stantinOpolitanos
749 3411 994 3466 Michael
1057 3412 1251 3478 fuerit,
1284 3428 1398 3466 non
1459 3412 1569 3465 erit
1601 3409 1806 3465 inutile

151 3502 340 3559 semel
374 3505 647 3556 statuere.
687 3501 920 3555 Primus
952 3500 1022 3554 ad
1071 3500 1382 3571 imperium
1435 3500 1544 3556 hoc
1594 3516 1802 3554 nomen

153 3591 399 3665 pertulit
429 3590 676 3645 Michael
703 3588 1074 3660 CurOpalata,
1110 3595 1492 3660 cognomento
1536 3589 1806 3660 Rhanga-

156 3683 371 3748 benus,
405 3679 855 3735 laudatissimus
887 3679 1183 3750 princeps,
1216 3696 1368 3733 anno
1418 3678 1630 3733 Christi
1681 3679 1805 3732 8tl.

155 3772 467 3828 Secundus
501 3770 677 3826 homo
711 3768 1167 3824 scelestissimus
1218 3768 1463 3824 Michael
1513 3767 1746 3837 Balbus,
1778 3784 1809 3823 e

152 3877 388 3916 carcere
433 3860 529 3914 ubi
566 3860 636 3914 ad
680 3858 1167 3913 vivicomburium
1228 3857 1589 3922 servabatur,
1623 3858 1676 3909 vi
1736 3857 1806 3910 ad

150 3951 372 4006 solium
406 3950 601 4019 erupit
639 3965 792 4003 anno
849 3948 1064 4002 Christi
1115 3947 1240 4001 820.
1269 3947 1499 4001 Tertius
1560 3945 1808 4000 Michael

151 4038 692 4111 Porphyrogenitus
721 4037 1025 4108 TheOphili
1061 4036 1432 4107 imperatoris
1490 4035 1646 4090 ﬁlius
1675 4052 1805 4089 cum

151 4144 342 4188 matre
373 4130 680 4185 Theodora
711 4128 1025 4199 imperium
1062 4126 1273 4192 tenuit,
1309 4142 1523 4197 magno
1581 4125 1806 4196 reijpu-

159 4223 322 4278 blica:
357 4227 414 4276 et
458 4218 724 4274 Ecclesia
785 4217 979 4272 malo:
1018 4217 1125 4271 fuit
1175 4216 1355 4281 enim,
1391 4216 1489 4270 ubi
1536 4214 1807 4281 adolevit,

153 4311 547 4384 impissimus.
607 4308 792 4378 Ctepit
848 4306 1139 4362 dominari
1200 4322 1350 4360 anno
1408 4305 1624 4360 Christi
1682 4305 1807 4358 842.

155 4400 312 4457 male
347 4397 522 4471 periit
575 4398 698 4452 867.
734 4401 900 4451 Anno
958 4397 1094 4450 inde
1151 4395 1362 4450 Christi
1399 4395 1533 4448 1034
1567 4392 1809 4448 Michael

155 4490 499 4562 Pbaphlago
531 4504 562 4542 a
595 4486 786 4557 patria
815 4485 1029 4555 dictus,
1080 4484 1309 4539 adulter
1338 4485 1477 4538 Zoes
1507 4487 1807 4554 Augusta,

1825 1813 1870 1875 Α
1907 1815 2175 1866 nostrum
2209 1828 2342 1866 cum
2404 1828 2574 1866 nemo
2633 1811 2716 1866 sic
2773 1809 3102 1880 appellatus
3158 1805 3547 1878 imperaverit,

1909 1900 2289 1971 Palzeologus,
2322 1903 2493 1970 cujus
2553 1900 2647 1953 hic
2710 1899 3014 1954 historiam
3076 1897 3310 1964 damus,
3345 1910 3548 1949 nume-

1903 1991 2126 2044 randus
2155 1991 2265 2044 erit
2295 1989 2539 2044 Michael
2575 1990 2720 2045 \'llI.

1975 2078 2135 2149 [Pag.
2171 2078 2700 2149 434.]PALE0L001.
2760 2082 2942 2132 Natus
2983 2075 3075 2130 hic
3127 2092 3278 2130 anno
3338 2073 3550 2128 Christi

1907 2167 2040 2219 1224
2075 2184 2140 2221 ex
2175 2168 2531 2223 Andronicos
2583 2167 2897 2237 Palaeologo
2948 2181 3156 2236 magno
3215 2164 3554 2227 domestico,

1907 2261 2090 2310 matre
2124 2256 2460 2329 Palaaoltiga,
2490 2259 2683 2312 [renes
2710 2261 2766 2310 et
2795 2256 2981 2310 Alexii
3015 2252 3318 2323 Palmologi
3350 2254 3554 2320 despo-

1904 2350 1974 2399 tae
2025 2346 2163 2401 ﬁlia.
2194 2346 2323 2401 Haec
2376 2347 2559 2412 Irene,
2594 2345 2893 2400 Michaelis
2947 2346 3072 2399 avia
3119 2349 3403 2408 materna,
3439 2339 3555 2393 ﬁlia

1908 2435 2240 2505 fuitAngeli
2274 2435 2598 2499 Commeni,
2631 2452 2744 2505 quo
2777 2435 3103 2504 imperante
3151 2429 3556 2486 Constantino-

1909 2525 2059 2594 polis
2094 2529 2264 2595 capta
2294 2530 2382 2579 est
2412 2542 2443 2579 a
2480 2525 2720 2578 Latinis.
2753 2525 2925 2578 Dedit
2971 2523 3020 2576 is
3066 2538 3192 2576 eam
3245 2520 3549 2589 conjugem

1914 2613 2109 2668 Alexio
2142 2613 2459 2682 Palazologo
2492 2614 2577 2684 (ut
2609 2614 2923 2667 Phrantzes
2975 2612 3150 2666 habet
3180 2628 3191 2664 :
3223 2608 3552 2679 Acropolita

1909 2704 2308 2758 Andronicum
2345 2703 2640 2774 appellat),
2676 2719 2844 2773 quem
2886 2707 2943 2756 et
2992 2702 3293 2770 despotam
3342 2695 3554 2752 creavit

1909 2797 1964 2847 et
1996 2793 2225 2862 imperii
2257 2808 2652 2848 successorem
2689 2791 3034 2856 designavit.
3078 2789 3188 2843 Sed
3217 2789 3264 2842 is
3288 2786 3441 2840 brevi
3469 2791 3557 2839 est

1913 2889 2200 2948 mortuus,
2235 2882 2408 2936 unica
2439 2899 2505 2936 ex
2538 2883 2784 2952 conjuge
2809 2880 2928 2934 ﬁlia
2960 2882 3235 2948 suscepta
3291 2892 3416 2945 qua:
3451 2877 3560 2927 An—

1912 2972 2133 3026 dronici
2168 2971 2471 3042 Palaaologi
2499 2972 2695 3043 magni
2722 2970 3028 3025 domestici
3058 2985 3223 3031 uxor,
3257 2964 3557 3021 Michaelis

1913 3061 2212 3129 Palaeologi
2246 3066 2428 3115 mater
2459 3061 2587 3114 fuit.
2622 3061 2809 3122 Quare
2835 3059 2883 3113 is
2917 3073 2946 3113 a
2970 3063 3131 3129 patre
3156 3058 3322 3126 juxta
3356 3058 3558 3108 matre-

1913 3168 2024 3222 que
2051 3150 2385 3221 Palzcologie
2403 3149 2854 3222 appellationem
2890 3148 3043 3210 tulit,
3076 3140 3559 3198 Διπλοπαλαιολό-

1910 3259 2004 3312 γος
2052 3246 2357 3311 propterea
2403 3245 2664 3306 vocatus,
2697 3243 2759 3292 ut
2811 3237 3124 3290 Phrantzes
3176 3234 3371 3299 habet,
3407 3250 3454 3285 c.
3490 3233 3555 3296 l;

1915 3329 2066 3382 idem
2104 3329 2274 3382 tradit
2309 3326 2867 3399 Graegoras,1.m,p.
2901 3326 2992 3389 32,
3020 3325 3117 3378 sed
3153 3325 3558 3378 etComnenus

1916 3437 1949 3474 a
1967 3420 2171 3472 matris
2196 3436 2298 3472 avo
2318 3418 2522 3488 angelo
2547 3418 2860 3472 Comnemo
2878 3417 3231 3486 imperatore
3263 3413 3476 3478 dictus,
3502 3416 3561 3462 ut

1918 3507 2234 3562 Phrantzes
2288 3507 2502 3561 ibidem
2540 3507 2735 3572 docet;
2769 3521 2834 3558 ac
2865 3502 3080 3574 passim
3113 3503 3190 3555 ita
3221 3505 3458 3554 vocatur
3490 3498 3560 3552 ab

1914 3596 2244 3667 AcrOpolita
2289 3596 2573 3666 scriptore
2600 3593 2712 3665 ipsi
2748 3592 3172 3648 faventissimo.
3199 3589 3360 3645 Unde
3380 3587 3563 3641 credi-

1917 3685 2102 3740 derim
2144 3685 2447 3739 affectasse
2501 3683 2842 3738 Michaelem
2899 3686 3029 3736 ante
3087 3678 3400 3750 imperium
3451 3675 3560 3728 dici

1916 3777 2297 3843 Comnenum,
2320 3774 2472 3845 quod
2491 3789 2616 3826 eam
2633 3789 2754 3827 rem
2780 3769 3055 3825 veliﬁcari
3113 3766 3420 3823 ambitioni
3446 3782 3560 3818 suae

1921 3865 2198 3918 crederet.
2231 3863 2336 3917 Sed
2373 3868 2429 3917 et
2460 3861 2640 3932 hujus
2672 3865 2937 3932 posteros
2969 3859 3040 3913 ob
3073 3857 3436 3912 nobilitatem
3470 3853 3526 3906 in
3551 3888 3565 3895 ο

1919 3952 2080 4024 clytaa
2115 3957 2199 4006 tot
2230 3953 2512 4022 Augustis
2546 3950 2778 4004 familiae
2818 3953 3271 4005 Comnemorum
3304 3944 3562 4015 appella-

1919 4042 2076 4097 tione
2105 4041 2382 4112 gloriatos
2432 4041 2752 4095 ostendunt
2802 4037 3218 4108 inscriptiones
3266 4032 3565 4089 Michaelis

1919 4135 1974 4183 et
1997 4129 2314 4183 Andronici
2346 4129 2659 4184 Juniorum
2692 4146 2724 4182 a
2757 4129 3017 4183 Pontano
3063 4124 3368 4194 descripta:
3403 4120 3564 4177 Notis

1918 4220 1988 4274 ad
2008 4219 2356 4274 Phrantzen.
2374 4219 2538 4273 Hunc
2557 4235 2727 4290 porro
2750 4223 3014 4272 nostrum
3032 4213 3396 4280 Michaelem,
3419 4214 3568 4281 post-

1922 4325 2096 4379 quam
2124 4309 2192 4363 ad
2229 4309 2541 4380 imperium
2577 4308 2857 4379 pervenit,
2891 4305 3041 4360 haud
3089 4317 3437 4374 magnopere
3470 4318 3569 4354 cu-

1921 4415 2080 4453 rasse
2107 4399 2471 4453 Comnenum
2535 4397 2646 4450 dici
2707 4396 2841 4450 licet
2883 4393 3208 4464 intelligere
3240 4409 3308 4446 ex
3342 4390 3567 4457 Pachy-

1922 4503 2099 4549 mere,
2121 4504 2220 4558 qm
2254 4486 2304 4541 ei
2339 4485 2671 4550 familiaris,
2705 4491 2761 4538 et
2793 4485 2903 4539 sub
2933 4485 3061 4553 ejus
3090 4482 3209 4536 ﬁlio
3241 4478 3570 4534 Andronico

157 4578 425 4634 Romano
457 4575 584 4645 ejus
615 4573 737 4629 viro
769 4572 1135 4644 strangulato
1192 4574 1503 4644 imperium
1541 4572 1806 4642 arripuit,
1842 4574 1884 4640 C
1924 4576 2181 4645 Seniore,
2215 4593 2328 4630 non
2363 4574 2490 4629 sine
2523 4590 2662 4629 cura
2695 4573 3060 4628 demerenda:
3096 4568 3440 4641 regnatricis
3468 4568 3568 4620 do-

155 4675 213 4724 et
273 4664 440 4722 tenui
495 4664 676 4720 annis
737 4663 855 4718 fere
915 4667 1062 4719 octo.
1097 4662 1352 4718 Moriens
1409 4677 1809 4718 successorem

159 4756 370 4812 habuit
415 4752 762 4810 Michaelem
814 4757 1199 4824 cognomento
1257 4750 1655 4823 Calepbatem,
1684 4752 1811 4821 ejus

160 4844 420 4903 nominis
481 4843 774 4914 quintum,
808 4842 911 4913 qui
965 4845 1100 4912 post
1156 4857 1374 4897 annum
1436 4858 1469 4895 a
1523 4841 1650 4909 Zoe,
1685 4858 1810 4912 quas

159 4936 331 4990 illum
370 4935 760 5005 promoverat,
795 4929 1040 5002 imperio
1095 4934 1152 4986 et
1190 4930 1377 4986 oculis
1410 4930 1668 5001 privatus
1723 4931 1810 4985 lo-

157 5041 293 5080 cum
356 5021 536 5078 cessit
603 5019 988 5076 Constantino
1055 5019 1337 5075 Monacho
1386 5035 1539 5075 anno
1595 5018 1811 5075 Christi

158 5114 320 5170 1032.
363 5109 814 5177 Quatuordecim
874 5113 1006 5180 post
1061 5110 1232 5164 annis
1291 5107 1536 5164 Michael
1596 5124 1810 5180 cogno-

160 5208 362 5260 mento
390 5199 773 5271 Stratonicus,
805 5203 1005 5256 sextus
1028 5201 1158 5272 ejus
1190 5200 1469 5267 nominis,
1499 5204 1813 5255 coronatur

157 5297 503 5367 Augustus:
537 5291 691 5347 628
721 5292 822 5347 sed
857 5308 991 5347 mox
1022 5307 1173 5346 anno
1203 5291 1339 5345 1057
1381 5290 1604 5346 Isaacio
1637 5293 1810 5346 Com-

163 5401 319 5440 neno
399 5381 554 5437 ultro
632 5381 956 5437 concedens
1034 5380 1325 5436 abdicavit
1393 5379 1809 5452 principatum.

158 5481 330 5529 Anno
382 5471 577 5527 Christ
635 5471 768 5525 4071
830 5468 1076 5525 Michael
1135 5473 1524 5541 cognomento
1579 5468 1812 5539 Parapi-

159 5578 403 5630 nacens,
430 5560 585 5616 ﬁlius
613 5559 975 5615 Constantini
1001 5559 1171 5615 Duce
1191 5557 1814 5631 impereratoris,mor—

159 5659 269 5711 tuo
323 5652 591 5709 Romano
647 5649 890 5722 Diogeni
949 5649 1254 5717 successit,
1311 5648 1603 5721 septimus
1662 5649 1815 5704 inter

157 5746 458 5816 Augustos
489 5741 838 5813 Byzantinos
885 5738 1171 5810 Michael;
1197 5755 1370 5812 quem
1401 5738 1555 5795 inter
1575 5742 1635 5794 et
1655 5736 1814 5796 hunc

1922 4682 2056 4721 mus
2087 4665 2308 4737 gratiae,
2341 4664 2626 4733 scribens,
2659 4677 2963 4732 nunquam
3026 4677 3158 4715 eum
3217 4658 3330 4714 alio
3369 4655 3570 4729 gentili

1922 4771 2098 4827 quam
2133 4753 2437 4825 Palaeologi
2467 4753 2703 4808 nomine
2735 4752 3019 4822 designat.

1997 4847 2266 4900 HISTORIA
2297 4845 2527 4899 Renum.
2561 4843 2718 4898 Duas
2751 4842 3030 4897 historias
3087 4837 3376 4911 separatis
3406 4835 3569 4890 volu-

1922 4935 2184 4990 minibus
2216 4939 2272 4989 et
2303 4933 2489 4988 titulis
2522 4933 2905 5004 Pachymeres
2937 4930 3199 5000 reliquit,
3224 4933 3288 4982 ut
3319 4927 3377 4981 in
3411 4925 3566 4981 codi-

1919 5025 2087 5080 cibus
2115 5024 2355 5094 optimis
2368 5023 2685 5078 Barberino
2707 5026 2763 5077 et
2785 5019 3076 5076 Allatiano
3106 5015 3568 5073 distinctissimae

1920 5116 2219 5188 leguntur.
2254 5116 2412 5169 Licet
2447 5113 2755 5170 Vaticanus
2784 5111 3223 5184 paraphrastes,
3257 5109 3357 5180 qui
3389 5105 3574 5162 multa

1920 5205 2227 5276 contraxit,
2310 5204 2575 5277 quasdam
2645 5201 2888 5270 abdidit,
2960 5203 3234 5274 pleraque
3303 5196 3573 5261 mutavit,

1922 5298 2125 5353 ambas
2148 5297 2206 5351 in
2252 5313 2400 5368 opus
2433 5311 2619 5350 unum
2675 5294 3042 5362 conﬂaverit;
3073 5293 3167 5348 cui
3223 5291 3368 5346 forte
3400 5287 3572 5343 simi-

1922 5386 1995 5442 lis
2029 5385 2203 5441 t'uerit
2233 5387 2610 5458 Augustanus
2642 5382 2739 5438 ille
2769 5383 2969 5451 codex,
3004 5383 3152 5438 unde
3213 5396 3321 5437 sua
3377 5387 3573 5432 excero

1922 5481 2021 5548 pta
2051 5475 2304 5531 Wolﬁus
2336 5473 2595 5545 sumpsit
2642 5490 2776 5528 nam
2801 5478 2858 5528 et
2898 5473 2947 5528 is
2980 5489 3159 5526 unam
3219 5487 3288 5526 ex
3343 5466 3573 5523 duabus

1922 5567 2296 5637 Pachymeris
2319 5564 2623 5624 historiam
2657 5563 2892 5618 videtur
2929 5559 3399 5635 agnoscere.Nos
3417 5556 3574 5629 prio-

1923 5673 2045 5711 rem
2080 5654 2382 5711 Michealis
2414 5653 2540 5709 VIII
2599 5651 2913 5724 Palaaplogi
2973 5657 3103 5708 acta
3159 5651 3570 5719 exsequentem

1924 5746 2094 5802 modo
2119 5744 2352 5815 damus,
2376 5740 2542 5811 alias,
2563 5741 2678 5798 Deo
2711 5740 2959 5809 volente,
2984 5739 3386 5797 Andronicum
3419 5735 3548 5807 ejus
