4248 6438
632 398 767 452 1087

1679 399 1740 449 Ρ.
1783 394 2059 448 POSSINI
2097 391 2713 447 OBSERVATIONUM
2753 395 2884 447 LIB.
2928 399 2998 448 ῐῙ.

3904 392 4056 447 1088

626 524 759 577 dem
793 519 1122 593 scriptoris,
1154 520 1274 576 sive
1297 520 1367 575 de
1406 519 1589 590 gestis
1648 516 1964 573 Andronici
2023 514 2361 579 SeniorisA
2400 512 2556 583 μὲνον
2618 512 2973 582 παιδεύσεως,
3032 518 3406 587 perfunctum
3459 519 3581 588 jam
3640 520 3767 573 tum
3828 518 4058 573 studiis

627 611 810 665 libros
833 609 953 676 VII,
990 610 1046 663 in
1080 608 1271 665 lucem
1305 608 1605 664 amissuri.

712 706 849 769 Pag.
902 700 985 752 11.
1050 697 1699 767 Constantinopolitanus
1728 711 1923 766 genere
1955 736 1967 759 ,
2020 698 2180 747 ortus
2236 700 2287 747 et

625 788 885 843 educatus
916 786 1135 844 Nicaeae.
1175 786 1555 859 Pachymores
1590 786 1771 856 hujus
1803 787 2001 839 Πέδιον.
2064 800 2118 853 p.
2184 782 2283 835 148

630 881 881 932 testatur
909 880 1133 947 patrem
1195 893 1369 930 suum
1431 873 2148 945 Constantinopolitanum
2202 870 2285 924 ci-

626 982 757 1020 vem
794 965 995 1032 fuisse,
1054 964 1288 1019 exulare
1342 981 1375 1018 a
1426 964 1617 1034 patria
1668 967 1933 1017 coactum
1996 961 2067 1016 ob
2129 958 2283 1014 Lati-

634 1070 743 1109 nos
780 1053 859 1108 ibi
913 1054 1251 1109 dominante
1300 1054 1450 1108 Sane
1503 1069 1634 1106 cum
1696 1051 1853 1106 idem
1904 1049 2287 1120 Pachymares

629 1142 725 1197 hic
758 1141 959 1197 doceat
975 1158 1037 1197 se
1064 1158 1283 1197 annum
1317 1140 1507 1196 aetatis
1543 1139 2046 1194 undevicesimum
2079 1141 2288 1208 agente

631 1231 835 1304 pulsos
879 1230 1382 1301 Constantinopoli
1414 1231 1568 1285 924
1603 1229 1861 1292 Latinos,
1886 1233 1941 1282 et
1970 1227 2152 1281 libros
2184 1226 2288 1304 haf

624 1302 755 1377 rum
790 1320 1007 1375 Observ.
1044 1338 1104 1374 ιιι
1148 1318 1612 1374 demonstraturi
1660 1318 1849 1372 simus
1908 1322 2198 1387 receptam
2231 1302 2289 1369 et

625 1409 846 1463 Latinis
898 1410 1102 1465 urbem
1164 1425 1543 1480 recuperasse
1601 1408 1828 1461 Graecos
1886 1410 1942 1460 et
1995 1404 2291 1474 quinqua-

626 1497 790 1567 ginta
821 1498 993 1552 annis
1020 1503 1330 1568 postquam
1361 1498 1701 1561 amiserant,
1735 1494 1898 1549 facile
1925 1482 2288 1565 potuitnasci

628 1584 823 1639 Nicone
853 1586 1235 1655 Pachymeres
1256 1587 1406 1656 patri
1434 1585 1957 1655 quiuquagenario,
1977 1584 2077 1652 qui
2098 1598 2288 1652 usque

624 1675 694 1737 ad
737 1692 955 1728 annum
982 1676 1169 1729 aetatis
1195 1674 1569 1729 undecimum
1595 1674 1651 1727 in
1684 1679 1923 1744 paterna
1940 1673 2113 1725 domo
2136 1673 2287 1723 Con-

626 1762 1008 1834 stantinopoli
1044 1764 1331 1818 educatus
1356 1764 1427 1818 ob
1453 1780 1684 1817 rxosam
1707 1762 2051 1816 Latinorum
2080 1758 2158 1812 ibi
2183 1759 2284 1812 do-

622 1852 1007 1908 minationem
1043 1852 1294 1909 Nicaeam
1327 1852 1680 1925 migraverit.
1704 1849 2079 1905 Traditenim
2105 1849 2287 1902 Acro-

622 1940 801 2012 polita
833 1941 1088 1996 Historiae
1121 1959 1239 1997 suae
1272 1958 1319 1997 c.
1348 1943 1403 1995 6.
1440 1942 1677 1996 Latinos
1704 1940 1846 1995 urbe
1906 1943 2082 2010 capta
2141 1935 2287 2012 libet

622 2006 745 2085 ram
779 2030 997 2086 Graecis
1034 2032 1269 2085 dedisse
1302 2030 1638 2087 facultatem
1672 2028 1757 2085 vel
1790 2029 1868 2083 ibi
1904 2006 2291 2083 manendive1

619 2118 732 2174 alio
766 2120 1058 2191 migrandi
1095 2138 1107 2175 ε
1149 2121 1265 2187 Τῆς
1298 2118 1517 2179 πόλεως
1552 2116 1927 2191 κυριεύσαντες
1980 2116 2031 2169 οἱ
2086 2112 2289 2170 Ἰταλοὶ

618 2204 797 2261 ἄδειαν
848 2205 1116 2262 δεδώκασι
1148 2214 1268 2270 τοῖς
1297 2208 1499 2277 ταύτης
1552 2207 1866 2281 οἰκήτορσι,
1919 2204 2048 2267 τοὺς
2095 2202 2287 2267 θέλον-

620 2318 716 2358 τας
776 2299 951 2369 μένειν
1005 2318 1064 2352 τε
1113 2298 1203 2352 καί
1251 2298 1354 2352 ὑπὸ
1408 2302 1598 2371 χεῖρας
1647 2297 1779 2351 εἶναι
1824 2294 1997 2350 αὐτῶν
2053 2293 2183 2355 τοὺς
2240 2290 2289 2347 δι

624 2385 926 2448 ἀκωλυτως
958 2387 1288 2463 ἀπέρχεσθαι
1323 2382 1428 2455 ὅπη
1488 2385 1546 2440 ἂν
1616 2385 1927 2461 βούλοιντο.
1993 2386 2121 2440 Mox
2182 2386 2282 2439 ad-

626 2479 710 2533 dit
742 2478 1055 2551 plerosque
1086 2480 1475 2535 illustriorum
1511 2479 1660 2533 clam
1683 2483 1783 2533 aut
1815 2478 2005 2550 palam
2042 2476 2279 2544 abiisse,

636 2584 887 2640 quorum
922 2585 952 2624 e
983 2586 1227 2625 numero
1260 2568 1441 2624 fuisse
1465 2568 1838 2641 Pachymeris
1871 2572 2098 2639 patrem
2125 2566 2278 2620 veri-

640 2657 834 2713 simile
863 2663 971 2714 est.
1112 2663 1118 2670 '

703 2747 849 2801 Ibid.
887 2746 1039 2803 Clero
1070 2750 1371 2819 ascriptus.
1409 2748 1472 2802 In
1502 2747 1699 2802 Graeco
1732 2746 1947 2817 legitur
1976 2744 2132 2816 apud
2179 2760 2279 2814 op-

630 2836 804 2891 timos
836 2837 1003 2891 codd.
1038 2836 1078 2891 B
1108 2842 1164 2892 et
1192 2839 1237 2891 A
1268 2834 1396 2907 θείῳ
1435 2835 1627 2895 σωθεὶς
1673 2834 1893 2909 κλήρῳ,
1952 2838 2125 2906 prout
2180 2849 2279 2887 ex-

632 2925 915 2997 pressius.
946 2926 1215 2998 Nemque
1247 2925 1509 2992 σώζεσθαι
1531 2925 1847 2995 aliquando
1869 2920 2270 2993 est’appellere

630 3018 731 3068 aut
766 3015 1086 3084 perdenire.
1122 3014 1399 3083 Codinus,
1434 3031 1481 3068 c.
1516 3015 1698 3075 22,de
1724 3013 2278 3083 sponsaimperato-

632 3104 750 3158 ris:
815 3103 957 3155 Κατά
1011 3104 1111 3170 τὴν
1169 3102 1377 3175 ἡμέραν
1410 3103 1530 3156 καθ’
1560 3103 1622 3169 ἣν
1679 3101 1873 3173 μέλλει
1930 3101 2277 3169 ἀποσωθῆναι

629 3188 708 3253 εἷς
734 3191 833 3257 τήν
893 3191 1078 3246 πόλιν.
1136 3194 1250 3261 Quo
1308 3194 1402 3247 die
1452 3202 1787 3264 perventura
1838 3194 1898 3247 in
1940 3192 2129 3246 urbem
2178 3199 2275 3245 est.

628 3280 1085 3352 Vaticanusjam
1119 3283 1257 3337 hinc
1288 3282 1576 3353 incipiens
1634 3282 1975 3337 obscuriora
2014 3280 2267 3345 clariori-

630 3371 743 3425 bus
778 3376 1004 3425 mutare
1036 3368 1165 3441 θείῳ
1196 3368 1392 3443 κλήρῳ
1425 3367 1601 3433 δοθεὶς
1620 3370 1836 3441 posuit.

701 3465 837 3531 Pag.
876 3462 961 3514 12.
1000 3460 1061 3516 Ut
1087 3460 1276 3515 doctus
1307 3460 1531 3531 quidam
1593 3459 1844 3515 asseruit.
1908 3461 2166 3530 Apparet
2212 3472 2280 3512 ex

630 3548 746 3604 illis
776 3566 946 3620 verya
977 3546 1065 3602 διὰ
1092 3549 1155 3603 τὸ
1196 3549 1425 3626 φανὲντα
1480 3548 1807 3621 κρύπτεσθαι
1858 3553 1969 3603 etc.
2036 3548 2094 3613 (P
2154 3548 2279 3619 435)

629 3639 864 3694 doctum
901 3640 1057 3695 hunc
1080 3640 1426 3710 Sophoclem
1450 3656 1599 3703 esse,
1620 3641 1791 3707 cujus
1812 3638 1870 3693 in
1897 3640 2066 3709 Ajace
2093 3656 2280 3708 μαστι-

626 3727 848 3805 γοφόρῳ
881 3729 981 3784 illa
1010 3735 1195 3784 exstat
1227 3730 1475 3783 celebris
1502 3729 1572 3783 de
1628 3733 1887 3799 tempore
1938 3727 2229 3783 sententia
2263 3744 2276 3783 :

732 3846 962 3899 ”Απανθ’
996 3846 1034 3918 ὁΔ
1058 3846 1271 3918 μακρὸς
1293 3844 1700 3918 κάναρίθμητος
1732 3845 1931 3918 ’χρόνος

738 3918 870 3971 Φύει
900 3920 945 3972 τ’
979 3914 1278 3986 ἄδηλακαὶ
1308 3914 1537 3994 φανέντα
1557 3914 1872 3990 κρύπτεται.

703 4036 838 4101 Pag.
863 4036 947 4089 14.
984 4036 1133 4090 Isturt
1162 4043 1567 4107 argumentum
1592 4036 2117 4105 prmocrupatumab
2148 4037 2278 4091 aliis

628 4124 823 4177 Videri
850 4128 1043 4195 potest
1070 4124 1315 4179 innuere
1346 4124 1608 4179 Nicetam
1659 4124 2020 4191 Choniatem,
2064 4125 2163 4195 qui
2223 4129 2281 4181 et

633 4213 795 4266 urbis
826 4214 1317 4283 expugnationem
1353 4230 1384 4266 a
1411 4213 1631 4267 Latinis
1663 4218 1717 4267 et
1750 4229 1841 4267 res
1874 4212 2099 4283 aliquot
2149 4218 2282 4285 post

628 4319 776 4369 eam,
804 4317 1115 4367 annorum,
1151 4306 1323 4370 prout
1355 4301 1476 4371 geri
1510 4301 1759 4365 videbat,
1822 4301 2057 4371 scripsit
2102 4302 2278 4357 Geor-

626 4391 785 4462 gium
822 4391 1057 4460 quidem
1083 4392 1477 4459 Acropolitam
1513 4390 1869 4460 logothetam
1902 4395 1958 4444 et
1996 4391 2277 4462 Nicepho-

624 4466 754 4535 rum
789 4480 1104 4551 Gregoram
1139 4496 1210 4534 ne
1238 4480 1403 4533 innui
1437 4478 1543 4534 hoc
1569 4480 1693 4533 loco
1725 4496 1759 4534 a
1788 4479 2137 4551 Pachymere
2168 4496 2274 4550 pu-

2395 604 2573 658 i'uisse
2590 606 2661 658 hu
2676 606 3005 660 maniorum
3029 606 3379 671 litterarum,
3397 607 3604 677 magis,
3626 608 3684 661 ni
3702 606 3889 675 fallor,
3907 623 4058 661 con—

2394 693 2552 761 gruit
2582 710 2713 747 cum
2747 698 2912 748 aetate
2943 711 3232 748 annorum
3264 695 3577 750 sexdecim.
3613 699 3825 749 Parum
3882 695 4052 749 enim

2393 786 2482 835 est
2514 782 2827 837 verisimile
2862 784 3259 838 undecennem
3292 800 3535 854 puerum
3571 784 4053 855 grammaticam,

2396 872 2767 940 rhetoricam,
2802 874 2989 944 ipsam
3019 874 3472 945 philosophiam,
3500 891 3630 929 cum
3658 874 3885 929 artibus
3910 889 4056 944 qua-

2394 966 2529 1017 tuor
2559 962 2696 1015 huic
2714 963 3019 1033 subjectis,
3053 964 3204 1019 625
3230 964 3619 1028 arithmetica,
3647 964 3887 1028 musica,
3912 980 4055 1034 geo-

2399 1050 2604 1105 metria
2637 1055 2694 1105 et
2723 1053 3102 1120 astromania,
3138 1053 3285 1107 satis
3338 1057 3639 1123 perceptas
3679 1052 3893 1107 habere
3945 1069 4057 1124 po-

2397 1140 2599 1195 tuisse.
2635 1136 2916 1200 ῐῐαίδευσις
2945 1141 3233 1211 siquidem
3277 1138 3568 1213 ἐγκύκλιος
3612 1146 3697 1196 tot
3734 1141 3836 1195 illa
3884 1158 4056 1196 com-

2399 1230 2783 1301 plectebatur,
2808 1235 2867 1285 ut
2899 1247 2965 1285 ex
2995 1230 3219 1285 Joanne
3240 1230 3829 1302 Tzetzeinlelligitur,
3860 1231 3945 1281 sic
3977 1231 4055 1284 de

2400 1320 2491 1377 his
2523 1320 2815 1377 scribente
2848 1321 3111 1376 Chitliad.
3145 1338 3221 1391 ιιι,
3258 1326 3399 1377 sect.
3428 1322 3533 1375 367
3567 1339 3578 1377 :

2613 1446 2914 1521 ξΕγκύκλια
2948 1449 3245 1519 μαθήματα
3269 1446 3561 1521 καλούνται

2398 1519 2453 1572 Ὀ
2510 1518 2711 1580 κύκλος
2767 1522 2828 1573 τὸ
2892 1518 3259 1593 σύμπὲρασμα
3331 1518 3545 1572 πάντων
3611 1522 3716 1571 τῶν
3790 1519 4053 1593 μαθημά-

3820 1592 3972 1661 how,

2398 1666 2814 1737 Ερεμματικῆς,
2850 1661 3168 1737 emoriri.“
3201 1660 3368 1729 αὐτῆς
3394 1660 3733 1737 φιλοσο-φίᾳεν

2398 1731 2658 1787 Κάἰλῶν
2711 1731 3000 1808 τεσσάρων
3036 1731 3091 1787 δὲ
3143 1738 3352 1809 τεχνῶν
3411 1738 3519 1787 τῶν
3577 1731 3663 1785 ὑπ’
3720 1731 3887 1799 αὐτὴν
3936 1752 4049 1785 κει-

3755 1805 3973 1875 [μὲνων,

2319 1881 2365 1945 Β
2395 1881 2508 1962 Τῆς
2540 1874 2902 1965 ἀριθμρύσηςρ
2924 1880 3199 1965 μουσικῆς,
3216 1875 3302 1928 καὶ
3335 1882 3434 1965 τῆς
3465 1874 3801 1964 γεωμετρίας

2401 1948 2506 2001 Καὶ
2536 1942 2636 2017 τῆς
2667 1942 3106 2021 οὐρανοϐἀμινος
3140 1942 3311 2015 αὐτῆς
3342 1942 3724 2019 ἀστρονομίας.

2402 2073 2605 2127 Fateor
2657 2072 2950 2128 interdum
3019 2072 3206 2127 solam
3268 2072 3709 2142 grammaticam
3758 2068 4055 2145 ἐγκυκλίου

2398 2157 2731 2223 παιδεύσεως
2792 2162 3085 2217 mentione
3156 2162 3452 2231 designari
3520 2160 3655 2214 κατὰ
3705 2160 4053 2233 κατάχρησιν

2399 2249 2460 2303 ού
2494 2248 2644 2323 λόγῳ
2676 2247 2733 2303 δὲ
2761 2249 2954 2323 κυρίῳ,
2988 2256 3053 2306 ut
3083 2251 3237 2305 idem
3263 2252 3495 2306 Teztzes
3526 2250 4052 2320 ibidemloquitur;

2397 2356 2501 2394 nec
2524 2356 2589 2393 eo
2614 2340 2839 2395 inﬁcias
2862 2340 3041 2395 videri
3070 2356 3239 2410 posse
3263 2338 3520 2395 locutum
3556 2356 3621 2394 eo
3644 2355 3821 2393 sensu
3873 2341 4052 2393 Acro-

2396 2429 2660 2500 politam,
2686 2430 2823 2483 dum
2851 2430 2921 2483 de
2954 2428 3054 2483 illa
3085 2446 3259 2499 quam
3287 2429 3615 2500 percepisse
3639 2430 3761 2498 jam
3802 2434 3929 2482 tum
3988 2444 4054 2482 se

2395 2523 2475 2573 ait
2494 2518 2784 2589 encyclica
2806 2517 3091 2581 doctrina,
3114 2520 3312 2571 statim
3338 2518 3534 2572 subdit
3558 2517 3619 2579 ἢν
3652 2516 4051 2589 γραμματικὴν

2390 2605 2854 2677 κατονομάζουσιν
2888 2605 2939 2659 οἳ
2972 2602 3199 2673 πολλοὶ,
3235 2623 3401 2677 quam
3456 2606 3710 2677 plerique
3764 2623 4051 2675 gramma-

2392 2699 2559 2751 ticam
2586 2696 2904 2762 nominant,
2934 2696 3254 2767 praesertim
3280 2712 3413 2750 cum
3448 2696 3621 2767 paulo
3655 2701 3804 2761 post,
3839 2711 3890 2749 ο.
3954 2696 4051 2748 ni-

2394 2786 2605 2841 mirum
2640 2786 2727 2854 32,
2753 2786 2907 2839 idem
2942 2786 3226 2856 adjungat
3266 2802 3328 2840 se
3388 2785 3619 2839 hortatu
3676 2785 4055 2855 imperatoris

2389 2876 2750 2943 Joannis,ad
2784 2892 2958 2945 quem
3008 2878 3228 2931 missus
3290 2876 3497 2940 fuerat,
3563 2872 3883 2947 ὑψηλοτὲρᾳ
3940 2876 4051 2926 τῶν

2391 2960 2573 3037 λόγων
2600 2960 2876 3017 παιδεύσει
2938 2963 3027 3017 καὶ
3088 2961 3335 3038 λογικοῖς
3394 2960 3755 3035 παιδεύμασιν
3808 2980 4055 3034 operam

2390 3056 2642 3121 dedisse,
2699 3054 2981 3124 magistro
3041 3054 3345 3109 Theodoro
3404 3052 4053 3125 Exapterygo.§Verum

2389 3145 2510 3200 haec
2544 3162 2654 3198 non
2687 3145 2924 3197 obstant
2948 3144 3073 3214 jam
3111 3142 3335 3213 positis,
3364 3160 3495 3197 cum
3534 3143 3612 3197 sit
3639 3158 3771 3197 vero
3792 3142 4059 3196 similius

2390 3237 2781 3307 γραμματικῆς
2825 3232 3175 3286 vocabulum
3233 3249 3346 3286 non
3406 3233 3883 3305 καταχρηστικῶς,
3945 3232 4051 3286 sed

2387 3324 2591 3398 κυρίως
2623 3323 2702 3377 ibi
2738 3322 3128 3393 Acropolitam
3165 3339 3512 3393 usurpasse,
3540 3339 3603 3377 ac
3636 3340 3749 3377 non
3803 3322 4053 3378 alterius

2390 3413 2619 3483 generis
2648 3411 3019 3479 disciplinas,
3050 3412 3148 3466 sed
3186 3401 3467 3482 majorem
3489 3413 3545 3467 in
3565 3414 3688 3482 jam
3715 3412 4049 3483 degustatis

2390 3518 2766 3575 progressum
2800 3500 2857 3554 in
2891 3500 3090 3555 schola
3122 3502 3786 3573 Exapterygiquaesisse,
3820 3501 4047 3572 quippe

2390 3609 2421 3647 a
2455 3608 2592 3663 quo,
2627 3596 2690 3644 ut
2722 3592 2845 3661 ipse
2877 3606 3010 3645 mox
3043 3590 3222 3655 addit,
3256 3595 3479 3661 septem
3513 3590 3684 3645 annis
3718 3589 3862 3644 nihil
3922 3590 4043 3644 nisi

2386 3685 2494 3735 τῶν
2542 3676 2868 3750 ποιημάτων
2902 3678 3191 3754 σαφήνειαν
3245 3677 3334 3731 καὶ
3364 3681 3462 3742 τῆς
3494 3682 3599 3732 τῶν
3627 3676 3806 3751 λόγων
3839 3678 4047 3751 τέχνης

2390 3767 2741 3825 διδασκαλίαν
2776 3770 3118 3840 perceperit,
3152 3786 3403 3840 quorum
3442 3774 3715 3825 neutrum
3736 3768 4046 3841 encyclicae

2389 3860 2609 3915 limites
2630 3859 2873 3913 excedit.
2910 3858 3168 3929 Denique
3204 3858 3493 3913 sexdecim
3529 3866 3724 3913 natum
3758 3876 3947 3914 annos
3985 3875 4047 3914 se

2389 3950 2447 4003 in
2472 3948 2714 4004 Joannis
2731 3946 2922 4001 aulam
2950 3948 3276 4002 admissum
3305 3948 3445 4003 satis
3466 3950 3773 4004 manifeste
3806 3950 4050 4004 demon-

2390 4042 2538 4093 strat
2570 4037 2913 4107 Acropolita,
2948 4038 3088 4090 dum
3118 4054 3167 4091 c.
3214 4038 3284 4091 32
3316 4038 3563 4108 primam
3598 4054 3717 4093 rem
3772 4038 4046 4093 omnium

2391 4143 2517 4198 quae
2550 4126 2658 4196 ipsi
2686 4126 2742 4179 in
2776 4126 3058 4179 comitatu
3088 4125 3335 4181 Joannis
3365 4127 3611 4197 Augusti
3647 4127 4049 4198 contigerunt,

2391 4217 2681 4269 memorat
2712 4212 2799 4267 sui
2835 4213 3207 4269 traditionem
3243 4214 3301 4268 in
3335 4214 3709 4285 disciplinam
3754 4214 4050 4269 Theodori

2391 4303 2761 4374 Exapterygi,
2791 4319 2961 4373 quem
2997 4319 3057 4357 se
3101 4304 3303 4358 audire
3352 4304 3595 4375 cepisse
3654 4305 3735 4359 ait
3786 4301 4051 4359 ἑπτακαι-

2391 4388 2611 4445 δέκατον
2672 4388 2794 4452 ἔτος
2850 4391 3069 4463 ἄγον-τα,
3111 4394 3384 4447 decimum
3431 4394 3723 4464 septimum
3798 4403 4052 4465 agentem

2386 4498 2601 4538 ammm
2632 4496 2646 4535 :
2682 4481 2890 4549 quodsi
2916 4482 3042 4551 jam
3076 4482 3385 4539 undecimo
3415 4483 3605 4538 aetatis
3634 4484 3706 4538 ad
3752 4484 4050 4539 Joannem

622 4573 739 4623 tem
776 4569 1100 4640 facit.quod
1118 4569 1401 4639 Gregoras
1419 4573 1549 4639 post
1570 4567 1979 4637 Pachymerem
2016 4568 2271 4639 scripsit:
2306 4612 2351 4675 D
2384 4570 2661 4635 venisset,
2685 4571 3045 4641 oportuisset
3076 4588 3209 4626 eum
3241 4571 3321 4626 ibi
3349 4588 3451 4627 sex
3500 4573 3640 4628 totis
3692 4574 3863 4627 annis
3914 4573 4050 4629 sine

620 4657 953 4729 Acropolita
982 4673 1137 4723 vero,
1162 4657 1293 4712 licet
1324 4656 1642 4728 aliquando
1677 4656 1872 4712 senior
1900 4657 2267 4729 Pachymere,

614 4748 819 4817 junior
848 4751 1042 4801 tamen
1079 4746 1187 4801 fuit
1220 4763 1394 4818 quam
1424 4750 1487 4801 ut
1518 4763 1610 4801 res
1654 4745 1943 4801 Theodori
2004 4746 2271 4802 Lascaris

624 4838 837 4908 prioris
867 4842 1130 4909 spectare
1166 4854 1420 4908 praesens
1456 4838 1725 4908 potuerit,
1788 4854 1933 4908 quas
1991 4855 2058 4892 ex
2118 4842 2271 4892 fama

621 4931 677 4981 et
705 4929 1105 4983 monumentis
1137 4929 1194 4982 in
1230 4927 1538 4983 historiam
1580 4927 1845 4997 digessit.
1880 4928 1995 4982 Hoc
2043 4945 2111 4983 ex
2141 4928 2271 4997 ejus

622 5015 869 5072 historia
900 5018 1053 5073 clare
1084 5018 1387 5073 discimus.
1427 5015 1639 5071 Scribit
1671 5016 1825 5071 cnim
1859 5017 1953 5072 ille
1984 5017 2063 5073 ibi
2096 5035 2143 5073 c.
2176 5021 2268 5083 29,

621 5124 676 5177 q.
708 5108 798 5170 25,
833 5108 921 5162 ed.
962 5108 1098 5179 Reg.
1139 5105 1308 5163 εΤὸτε
1364 5105 1453 5158 καὶ
1516 5105 1677 5165 αὐτὸς
1732 5106 1869 5179 πρὸς
1920 5110 2027 5159 τῶν
2062 5109 2266 5181 γονέων

617 5194 676 5249 ἐκ
730 5197 828 5262 τῆς
884 5195 1292 5250 Κωνσταντῖνου
1350 5192 1659 5261 ἀπεστάλην
1706 5198 1783 5265 τῷ
1831 5196 2046 5268 βασιλεῖ
2090 5196 2267 5251 ἑκκαι-

620 5282 848 5353 δεκάτης
882 5287 1139 5358 (videtur
1167 5287 1481 5359 legendum
1523 5280 1934 5353 ἑκκαιδεκαέτης
1992 5280 2085 5357 ὣν)
2128 5288 2270 5343 Tunc

620 5384 669 5431 et
690 5376 809 5447 ipse
839 5394 871 5430 a
914 5376 1239 5447 parentibus
1290 5393 1359 5431 ex
1417 5376 1551 5429 urbe
1608 5374 2086 5445 Constantinopoli
2131 5377 2267 5433 mis-

611 5482 702 5522 sus
728 5482 849 5521 sum
878 5466 949 5522 ad
978 5467 1372 5538 imperatorem
1400 5464 1679 5519 sexdecim
1706 5478 1884 5518 aunos
1912 5473 2098 5519 natus.
2151 5468 2269 5535 Ap-

614 5560 781 5627 paret
811 5558 1221 5613 doctissimum
1284 5556 1664 5624 interpretcm
1724 5552 1936 5623 legisse
1985 5548 2266 5623 ἐνδεκαὲτη

617 5662 721 5717 pro
750 5642 1165 5715 ἑκκαιδεκαέτης
1197 5645 1370 5701 vertit
1403 5642 1557 5697 enim
1592 5640 1845 5696 undecim
1875 5659 2047 5697 annos
2077 5649 2267 5705 natus.

616 5734 726 5792 Sed
758 5736 911 5808 quod
944 5736 1107 5792 addit
1138 5736 1333 5791 statim
1378 5734 1578 5788 auctor
1628 5725 1916 5802 ἐγκυκλίου
1974 5727 2269 5807 ἀπηλλαγ-

2383 4660 2497 4716 alla
2529 4659 2913 4730 occupatione
2938 4660 3251 4716 desedisse.
3314 4667 3421 4717 Pro
3476 4666 3636 4717 certo
3696 4661 3878 4733 igitur
3935 4662 4048 4719 ha-

2381 4750 2639 4805 bendum
2674 4752 2834 4803 sexto
2868 4749 3093 4804 decimo
3129 4750 3317 4806 aetatis
3336 4767 3488 4805 anno
3520 4750 3763 4821 coepisse
3789 4756 4048 4822 Acropo-

2381 4838 2543 4893 litam
2578 4838 2786 4892 Joanni
2843 4842 3108 4909 Augusto
3165 4839 3480 4895 adhaerere.
3542 4841 3664 4903 Quo
3724 4845 3922 4895 autem
3987 4842 4047 4896 id

2382 4928 2647 4998 ejusdem
2680 4927 2922 4982 Joannis
2954 4928 3189 4998 imperii
3224 4933 3400 4999 atque
3438 4930 3581 4984 adeo
3622 4929 3836 4985 Christi
3887 4947 4047 4986 anno

2382 5015 2713 5087 contigerit,
2747 5016 3172 5088 explorandum
3207 5035 3365 5073 nunc
3395 5023 3505 5085 est,
3533 5020 3618 5089 (Ρ.
3655 5019 3779 5089 436)
3810 5019 4048 5077 Adven-

2381 5111 2508 5163 tum
2542 5108 2601 5160 in
2636 5104 2829 5161 aulam
2862 5106 3109 5163 Joannis
3131 5124 3303 5163 suum
3338 5108 3395 5162 in
3426 5108 3481 5163 id
3508 5108 4047 5181 tempusincidisse

2382 5200 2580 5251 narrat
2604 5195 2953 5265 Acropolita,
2988 5213 3101 5268 quo
3131 5201 3391 5269 tempore
3408 5198 3659 5254 Roberto
3694 5198 4043 5255 Latinorum

2380 5287 2733 5357 imperatore
2767 5290 2997 5341 mortuo
3018 5286 3271 5343 Joannes
3303 5286 3439 5342 olim
3503 5287 4043 5361 Hierosolymorum

2380 5391 2479 5431 rex
2530 5375 3099 5446 Constantinopolim
3164 5381 3255 5431 est
3312 5385 3586 5433 evocatus
3637 5380 3707 5432 ad
3764 5396 3858 5433 res
3920 5379 4043 5436 illic

2380 5464 2794 5531 moderandas,
2856 5467 3045 5535 quoad
3104 5466 3432 5522 Balduinus
3482 5484 3628 5538 puer
3695 5469 3754 5521 in
3808 5472 4041 5524 aetatem

2380 5552 2923 5624 imperioidoneam
2953 5554 3321 5623 adolevisset,
3348 5556 3638 5611 Robertus
3663 5562 3855 5611 autem
3886 5574 4040 5613 anno

2381 5640 2596 5698 Christi
2656 5644 2793 5697 1228
2852 5655 2954 5699 aut
3012 5648 3280 5714 sequenti
3340 5650 3429 5701 est
3485 5653 3802 5711 mortuus;
3885 5650 4039 5702 unde

2378 5732 2622 5789 Joannis
2656 5731 3014 5789 Brennensis
3045 5748 3113 5788 ex
3160 5733 3345 5805 Italia,
3402 5734 3500 5789 ubi
3557 5733 3832 5807 Gregorio
3872 5736 4036 5794 Nono
