4218 6450
640 408 774 463 1091

1682 414 1744 465 P.
1784 410 2060 464 POSSI‘NI
2098 408 2705 467 OBSERVATIONUM
2747 417 2879 469 LIB.
2921 420 2990 472 II.

3900 427 4048 482 1092

641 528 907 586 Ἰσαακίου
980 532 1075 582 τοῦ
1147 528 1321 582 Δούκα
1402 526 1629 603 ὲγγόνην
1706 530 1803 597 τήν
1861 526 2165 601 Θεοδώραν,
2218 529 2255 595 ἢ

2397 536 2504 599 rat,
2538 536 2691 603 quod
2725 537 2883 606 prole
2906 555 3108 595 carens
3133 542 3392 598 mascula
3414 543 3599 600 virum
3624 546 3752 617 ejus
3778 564 3841 603 ac
3866 551 4044 605 sobo-

641 618 811 688 μόνην
868 619 893 670 ὁ
954 618 1130 689 πατὴρ
1192 617 1358 685 αὐτῆς
1416 615 1831 677 καταλελοιπὼς
1892 618 1919 669 ὁ
1976 621 2070 669 τοῦ
2122 611 2281 669 σιδα-

636 708 1001 780 στοκρὰτορος
1060 702 1174 767 υἱὸς
1234 700 1490 776 Ἰωάννης
1552 702 1628 759 ἔτι
1686 705 1736 759 ἐν
1807 703 2044 781 μείραξιν
2097 702 2168 758 ὢν
2220 705 2281 759 τὸ

636 796 812 870 χρεὼν
844 794 1183 866 ἐξεμέτρησε.
1228 797 1313 850 Ita
1342 795 1459 850 ille.
1507 797 1582 850 Ex
1625 796 1718 851 his
1771 796 2059 849 habemus
2106 796 2279 848 Joan-

636 907 766 944 nem
796 890 1012 944 Ducam
1047 892 1164 943 sive
1200 894 1479 944 Balatzem
1504 895 1832 960 Augustum
1861 894 2107 960 purgato
2136 889 2279 942 satis

632 997 665 1033 a
695 979 1042 1033 criminibus
1075 980 1345 1049 impactis
1378 983 1434 1032 et
1482 985 1708 1050 recepto
1768 980 1825 1032 in
1872 980 2118 1049 gratiam
2174 978 2275 1031 Mi-

630 1068 816 1123 chaeli
842 1067 1356 1138 Palasologo,quem
1381 1068 1534 1123 628
1564 1067 1880 1138 acropolita
1912 1067 2275 1121 Comnenum

626 1164 813 1223 vocat,
848 1157 1078 1211 dedisse
1120 1174 1354 1211 uxorem
1401 1157 1597 1211 fratris
1646 1158 1737 1211 sui
1793 1156 2276 1211 sebastocratoris

625 1247 829 1302 Isaacii
904 1251 1068 1300 Ducae
1144 1246 1362 1317 neptim
1439 1246 1827 1312 Theodoram,
1884 1246 2054 1315 cujus
2112 1250 2276 1316 pater

624 1336 882 1391 Joannes
940 1334 1143 1388 Isaacii
1202 1333 1357 1389 filius
1418 1335 1472 1388 in
1516 1335 1905 1389 adolescentia
1956 1338 2272 1404 praereptus

592 1425 834 1479 .acerba
863 1428 1048 1477 morte
1083 1424 1313 1477 unicam
1348 1440 1471 1478 eam
1509 1424 1725 1493 prolem
1763 1424 2077 1493 reliquerat
2110 1422 2273 1475 uxori

627 1531 744 1567 suae
777 1513 1042 1567 Eudocize
1068 1512 1311 1567 Joannis
1342 1511 1542 1583 Angeli
1576 1513 1728 1575 filiae,
1750 1530 1876 1582 qua:
1903 1512 2154 1565 Eudocia
2173 1512 2272 1565 flo-

624 1607 788 1656 rente
821 1600 953 1656 licet
982 1606 1155 1655 aetate
1185 1602 1305 1655 viro
1344 1604 1584 1667 amisso,
1632 1600 1913 1654 laudabili
1973 1599 2271 1671 religionis

620 1690 883 1761 exemplo
910 1690 967 1744 in
1001 1690 1281 1745 viduitate
1313 1690 1427 1744 Deo
1461 1691 1716 1743 serviens
1752 1688 2270 1759 permansit;unde

624 1779 779 1834 haud
844 1796 988 1834 vane
1043 1780 1318 1849 Opinatur
1370 1778 1706 1849 Acropolita
1762 1784 1985 1848 partem
2047 1775 2270 1847 praemii

621 1868 904 1923 divinitus
939 1869 1143 1922 tributi
1187 1868 1385 1921 virtuti
1429 1869 1553 1934 ejus
1604 1867 1782 1921 videri
1837 1865 2094 1937 potuisse
2148 1871 2267 1920 tam

617 1957 753 2012 felix
787 1958 1123 2029 conjugium
1159 1956 1286 2011 filiae
1312 1973 1412 2028 per
1443 1956 1499 2010 id
1536 1956 1604 2010 ad
1631 1955 1941 2026 imperium
1978 1971 2108 2009 mox
2138 1971 2266 2009 eve-

622 2046 844 2101 hendze.

690 2156 836 2211 Ibid.
892 2154 1082 2226 Magni
1135 2156 1449 2209 conostauli
1503 2155 1797 2223 dignitate.
1848 2154 2086 2208 Videtur
2147 2155 2264 2209 haec

616 2246 875 2313 dignitas
909 2243 1174 2298 Michaeli
1207 2244 1525 2314 Paleeologo
1560 2244 1769 2297 collata
1801 2243 2103 2297 occasione
2154 2261 2263 2297 nu-

616 2336 871 2407 ptiarum
909 2334 1077 2388 modo
1114 2343 1588 2397 memoratarum,
1624 2335 1695 2387 ab
1728 2334 1854 2403 ipso
1888 2350 2089 2386 earum
2125 2350 2263 2386 con-

614 2424 913 2480 cialiatore
945 2422 1171 2476 Joanne
1204 2424 1481 2491 Augusto.
1539 2422 1679 2477 Nam
1712 2422 2051 2476 Theodorus
2085 2422 2263 2491 hujus

613 2529 921 2569 successor
948 2511 1240 2581 iniquiore
1273 2511 1454 2564 fuisse
1475 2510 1632 2565 visus
1656 2511 1713 2563 in
1746 2510 2083 2565 Michaelem
2110 2528 2259 2565 sem-

612 2619 715 2673 per
744 2606 832 2656 est
861 2602 1058 2654 animo
1090 2616 1265 2670 quam
1294 2606 1356 2653 ut
1380 2601 1437 2653 in
1469 2616 1599 2653 eum
1635 2601 1961 2654 ornandum
1995 2605 2108 2653 tam
2138 2618 2261 2671 pro-

610 2690 779 2745 fusus
810 2694 982 2757 esset,
1018 2688 1235 2760 alioqui
1269 2687 1499 2753 solitus,
1531 2693 1593 2741 ut
1625 2705 1671 2742 c.
1708 2704 1830 2759 seq.
1878 2688 2261 2759 Pachymeres

609 2780 899 2845 observat,
931 2778 1245 2849 dignitates
1276 2778 1568 2847 ejusmodi
1598 2777 1853 2833 tribuere
1877 2777 2039 2832 novis
2066 2780 2260 2849 potius

608 2869 952 2923 hominibus
984 2884 1160 2939 quam
1196 2867 1559 2938 principibus
1604 2867 1745 2938 regii
1780 2867 2257 2940 sanguinis,quo-

611 2976 741 3013 rum
776 2963 898 3013 erat
931 2958 1309 3028 deprimendo
1344 2956 1657 3028 supercilio
1690 2957 1973 3013 intentus.

674 3066 757 3136 [P.
792 3066 919 3135 438]
981 3067 1107 3119 Vota
1165 3066 1279 3135 ejus
1330 3068 1549 3135 generis
1608 3069 1787 3119 mente
1845 3068 1995 3119 clam
2056 3067 2257 3120 intima

602 3151 975 3219 subsidentia,
1008 3156 1115 3206 etc.
1152 3154 1255 3206 His
1287 3153 1609 3222 exprimere
1642 3157 1884 3206 conatus
1938 3170 2067 3207 sum
2112 3153 2251 3207 illud

604 3241 1039 3295 subobscurum
1073 3237 1123 3308 ἐξ
1154 3240 1225 3291 ὧν
1266 3240 1695 3310 ὑποκαθημὲνων
1751 3240 1886 3312 εἶχε,
1937 3242 2251 3301 sententia.

614 3336 676 3382 ut
698 3346 890 3399 spero,
924 3330 994 3383 ab
1028 3331 1283 3385 auctoris
1316 3346 1490 3384 sensu
1547 3347 1662 3385 non
1720 3331 2088 3385 abhorrente.
2142 3332 2250 3386 Sed

604 3418 880 3488 deinceps
940 3419 1092 3473 circa
1149 3418 1359 3472 similis
1410 3419 1807 3489 perplexitatis
1857 3418 2001 3488 loca,
2064 3421 2259 3490 qualia

606 3507 824 3577 passim
855 3510 1174 3560 occurrunt
1196 3507 1253 3559 in
1291 3507 1396 3560 hoc
1419 3507 1878 3577 scriptore,nihil
1906 3509 2256 3563 moraborlc-

607 3601 823 3650 ctorem
861 3595 916 3649 in
953 3595 1044 3649 his
1080 3596 1272 3662 notis;
1306 3595 1523 3665 quibus
1553 3601 1782 3650 tantum
1809 3597 2253 3666 necessaria,id-

603 3702 716 3755 que
752 3684 1114 3749 brevissime,
1137 3684 1396 3738 indicare
1428 3685 1783 3755 propositam
1818 3687 2105 3751 est.Quod
2133 3702 2250 3740 rem

600 3774 789 3845 ipsam
825 3773 1056 3839 attinet,
1090 3790 1207 3839 qua
1237 3774 1307 3827 de
1342 3773 1435 3828 hic
1466 3776 1680 3845 agitur,
1726 3780 1948 3830 certum
2002 3780 2089 3829 est
2142 3776 2250 3830 Mi-

600 3863 859 3917 chaelem
897 3862 1283 3933 Palaaolegum
1312 3864 1436 3933 jam
1470 3881 1502 3917 a
1536 3880 1712 3932 puero
1764 3864 2063 3919 titillatum
2101 3866 2251 3919 ima-

596 3950 1273 4022 ginationibusimperii,
1328 3950 1686 4007 conscientia
1733 3954 2014 4008 natalium
2055 3957 2249 4025 Augu-

597 4046 823 4095 storum
859 4045 915 4095 et
949 4057 1213 4111 prcesaga
1271 4040 1626 4096 indicatione
1667 4043 2048 4113 auguriorum
2100 4042 2249 4097 exci-

590 4130 749 4185 tatis.
784 4130 910 4184 Non
934 4128 1115 4183 semel
1149 4128 1231 4183 illi
1265 4137 1600 4183 narraverat
1661 4148 1825 4185 soror
1849 4131 2086 4203 Eulogia
2128 4131 2247 4186 lac-

598 4224 848 4274 ctentem
882 4219 1073 4272 adhuc
1106 4219 1299 4288 ipsum
1337 4236 1450 4273 non
1482 4220 1552 4272 ad
1582 4219 1753 4273 aliam
1789 4220 2012 4275 facilius
2040 4222 2247 4275 obdor-

592 4309 838 4363 miscere
872 4309 1118 4361 nzeniam
1152 4307 1416 4372 solitum,
1451 4325 1625 4377 quam
1654 4310 1722 4363 ad
1767 4326 1893 4363 eam
1944 4326 2072 4380 qua:
2129 4313 2246 4365 Au-

587 4402 829 4469 gustum
872 4396 1166 4464 quondam
1199 4395 1365 4450 illum
1402 4397 1695 4451 invectum
1730 4397 1797 4451 iri
1836 4399 2245 4454 Constantino-

593 4485 772 4556 polim
793 4502 888 4557 per
908 4490 1133 4556 portam
1160 4487 1405 4539 Auream
1434 4486 1923 4540 carnerct.Refert
1946 4488 1999 4540 id
2025 4492 2246 4553 noster,

587 4593 639 4645 p.
681 4575 800 4628 1‘28.
833 4574 1041 4628 Vocem
1078 4573 1321 4628 Maneov
1354 4575 1423 4629 de
1456 4576 1597 4629 cmlo
1634 4574 1877 4629 missam
1914 4582 2243 4631 contextam

2388 620 2499 673 lem
2535 640 2768 679 cernere
2794 627 3155 699 principatus
3176 630 3571 687 haereditatem
3591 636 3829 690 omnino
3846 639 4041 693 vellet.

2388 708 2501 763 Nec
2525 717 2649 764 erat
2680 716 2779 782 qui
2822 731 2935 768 non
2969 718 3188 771 videret
3222 718 3352 773 talis
3413 720 3648 778 indolis.
3710 730 3884 780 tantae
3937 745 4045 781 no-

2387 797 2631 855 bilitatis
2664 801 3085 859 adolescentem
3111 806 3211 861 tali
3238 824 3431 862 rerum
3458 815 3612 865 statu
3636 812 3791 866 haud
3822 816 4041 869 absur-

2385 887 2535 941 dein
2562 905 2803 959 magnas
2838 909 3143 964 assurgere
3174 912 3303 966 spes
3328 902 3711 968 posse.Quare
3740 903 4037 959 Joannem

2385 975 2677 1043 Batatzen,
2740 982 3033 1050 praeclaris
3084 983 3303 1057 alioqui
3365 987 3670 1044 Michaelis
3730 991 4027 1048 faventem

2384 1064 2621 1121 dotibus
2652 1069 2804 1124 629
2835 1072 3193 1128 abstinuisse
3226 1076 3296 1129 ab
3329 1093 3394 1131 eo
3427 1078 3745 1150 evehendo,
3780 1089 3941 1137 metu
3966 1101 4039 1139 ne

2383 1153 2431 1206 is
2458 1158 2827 1213 successibus
2861 1160 3239 1217 insolesceret
3272 1181 3457 1235 usque
3490 1167 3560 1220 ad
3594 1168 3887 1224 ambitum
3928 1189 4037 1225 su-

2383 1260 2589 1313 premae
2623 1250 2946 1316 potestatis,
2998 1255 3197 1304 narrat
3253 1254 3586 1322 Acropolita
3643 1274 3693 1310 c.
3754 1258 3897 1313 Hist.
3942 1262 4033 1313 50.

2382 1333 2720 1403 significans
2769 1337 2987 1392 Irenem
3065 1341 3355 1395 Theodori
3415 1343 3681 1400 Junioris
3760 1347 4035 1403 Lascaris

2381 1424 2831 1494 primogenitam
2866 1428 3129 1482 Michaeli
3164 1430 3346 1485 fuisse
3394 1434 3749 1489 destinatam
3800 1438 3871 1491 ab
3928 1456 4034 1493 avo

2379 1512 2708 1583 conjugem,
2734 1517 2833 1570 sed
2867 1517 2917 1570 ei
2949 1518 3198 1583 timenti,
3236 1522 3392 1589 quod
3426 1522 3566 1585 dixi,
3603 1526 3786 1579 tutius
3816 1527 4033 1582 deinde

2377 1600 2567 1655 visum
2602 1619 2713 1657 non
2766 1606 3075 1661 admovere
3135 1608 3243 1662 sibi
3302 1614 3422 1665 tam
3484 1612 3692 1667 intime
3738 1621 4031 1686 suspecta

2378 1689 2716 1746 ambitionis
2742 1692 2949 1749 virum.
2984 1695 3244 1767 Denique
3276 1698 3389 1753 ista
3422 1702 3682 1772 suspicio
3716 1703 3845 1759 fons
3897 1722 4030 1759 om-

2380 1777 2538 1831 nium
2573 1796 2722 1849 quas
2755 1788 2845 1836 est
2871 1784 3192 1855 imperante
3223 1787 3524 1844 Theodoro
3558 1789 3847 1861 plurimus
3900 1810 4034 1864 pas-

2382 1883 2506 1933 sus,
2541 1870 2909 1925 miseriarum
2942 1873 3266 1945 Palmologo
3298 1878 3563 1933 Michaeli
3598 1881 3728 1947 fuit,
3756 1881 3863 1937 hoc
3896 1883 4032 1937 ideo

2374 1953 2520 2021 loco,
2550 1960 2701 2013 unde
2732 1960 2858 2029 ejus
2893 1962 3099 2033 incipit
3130 1964 3397 2032 historia,
3452 1970 3658 2023 merito
3708 1987 3740 2024 a
3800 1971 4031 2043 Pachy-

2376 2062 2531 2100 mere
2562 2046 2877 2113 indicatus,
2911 2067 3043 2105 cum
3076 2069 3144 2107 ex
3174 2070 3240 2108 eo
3291 2055 3705 2128 plerarumque
3751 2075 3884 2115 mox
3937 2079 4029 2117 re-

2374 2135 2741 2191 ferendarum
2779 2155 2970 2194 rerum
3000 2149 3409 2212 argumentum
3448 2148 3819 2213 processerit.

2443 2247 2578 2314 Pag.
2613 2245 2700 2297 2‘3.
2735 2246 3048 2315 Singularis
3078 2251 3401 2305 certaminis
3448 2256 3840 2319 experimento.
3877 2256 4029 2312 Hinc

2372 2331 2661 2388 habemus
2693 2336 2843 2405 apud
2878 2336 3105 2393 Graecos
3157 2356 3389 2411 quoque
3452 2342 3837 2414 imperatores
3889 2347 4031 2400 inva

2370 2421 2552 2477 luisse
2585 2440 2757 2478 usum
2793 2428 3077 2497 purgandi
3109 2429 3316 2483 dubias
3359 2430 3681 2487 delationes
3730 2436 4028 2504 permisso

2372 2517 2471 2565 aut
2495 2513 2670 2567 etiam
2704 2515 3044 2586 praescripto
3076 2518 3227 2572 inter
3246 2524 3647 2576 accusatorem
3680 2530 3737 2577 et
3763 2525 4027 2579 delatum

2370 2602 2687 2657 certamine
2714 2605 2937 2670 ﬁcoram
2998 2606 3257 2661 arbitris.
3328 2609 3649 2665 Verisimile
3693 2617 3783 2669 est
3839 2613 4028 2669 istum

2371 2706 2591 2745 morem
2619 2692 2675 2745 in
2705 2691 2997 2748 Orientem
3026 2694 3318 2751 invectum
3344 2715 3376 2752 a
3406 2700 3666 2767 Francis,
3717 2702 3817 2771 qui
3852 2719 4029 2757 occa-

2369 2780 2531 2834 sione
2576 2797 2876 2836 sacrarum
2927 2784 3370 2854 Expeditionum
3426 2804 3491 2843 eo
3551 2790 3792 2859 profecti
3844 2791 4030 2864 longo

2368 2866 2488 2921 illic
2519 2872 2776 2939 tempore
2801 2870 3201 2941 perstiterunt.
3236 2874 3296 2927 In
3340 2875 3662 2947 antiquiori
3707 2878 3863 2933 enim
3902 2897 4029 2935 me-

2368 2956 2557 3011 moria
2581 2960 2910 3012 Graacorum
2938 2966 3036 3013 aut
3056 2964 3452 3018 Romanorum
3473 2964 3628 3022 haud
3655 2968 3820 3023 facile
3849 2969 4027 3040 quid-

2368 3062 2543 3116 quam
2578 3046 2691 3101 tala
2725 3048 3030 3118 repereris.
3066 3053 3223 3105 Inter
3253 3056 3506 3109 Francos
3540 3060 3733 3111 autem
3778 3058 4025 3113 usitatis

2366 3136 2581 3189 simum
2616 3136 2672 3189 id
2707 3137 2844 3190 olim
2879 3137 3005 3206 fuit,
3031 3144 3094 3192 ut
3122 3140 3319 3208 passin
3348 3148 3588 3212 apparet
3617 3162 3685 3199 ex
3718 3147 4025 3202 veteribus

2367 3224 2630 3278 historiis
2664 3242 2754 3279 res
2778 3242 2979 3281 eorum
3013 3230 3421 3285 tractantibus.
3466 3232 3567 3286 Hic
3592 3235 3757 3304 ritus,
3792 3236 3861 3290 de
3898 3254 4022 3307 quo

2286 3281 2326 3345 C
2370 3315 2494 3368 fuse
2579 3314 2811 3368 disserit
2900 3322 3099 3371 noster
3178 3318 3393 3389 Detrio,
3467 3281 3757 3394 Disquisit.’
3817 3281 4019 3395 Magio.

2363 3407 2503 3457 tom.
2530 3404 2600 3469 II,
2636 3404 2842 3458 merito
2877 3405 3084 3459 deinde
3116 3406 3432 3477 abrogatas
3464 3416 3549 3464 est
3586 3416 3650 3466 ut
3672 3412 3937 3482 injustus
3961 3420 4024 3469 et

2363 3493 2662 3555 immanis,
2692 3493 3103 3549 conﬁxusideo
3126 3497 3494 3565 gravissimis
3517 3500 3770 3555 decretis
3796 3502 3943 3557 Julii
3972 3504 4024 3559 II

2362 3581 2579 3636 summi
2612 3582 2926 3651 pontificis,
2959 3584 3128 3652 cujus
3163 3583 3329 3639 Bulla
3368 3591 3528 3642 extat
3556 3605 3623 3643 ea
3655 3591 3725 3644 de
3767 3607 3827 3646 re
3858 3592 4026 3647 edita

2362 3686 2563 3725 mense
2593 3671 2772 3742 Aprili
2806 3688 2942 3725 ann.
2978 3674 3135 3738 1508,
3195 3675 3423 3729 consilii
3476 3678 3805 3734 'l‘ridentini
3859 3698 4021 3738 sese.

2357 3760 2427 3813 25
2457 3762 2528 3815 De
2574 3762 2820 3830 reform.,
2868 3778 2914 3814 c.
2971 3762 3058 3828 19,
3109 3762 3372 3835 Gregorii
3418 3765 3547 3822 XIII
3591 3768 4024 3827 constitutione

2360 3865 2485 3918 qua:
2512 3848 2721 3919 incipit
2754 3867 2766 3906 :
2801 3850 2882 3903 Ad
2915 3852 3233 3917 tollendum,
3270 3858 3403 3920 ctc.,
3456 3856 3615 3910 edita
3666 3858 3703 3910 9
3731 3858 3864 3913 Dec.
3913 3878 4019 3917 an.

2360 3938 2515 3992 1583.
2551 3940 2776 4002 Quibus
2826 3939 3050 3994 dudum
3099 3947 3271 3996 antea
3302 3943 3605 4013 praeiverat
3651 3946 3935 4004 Nicotaus
3969 3953 4017 4016 Ι,

2357 4028 2527 4095 cujus
2558 4029 2629 4081 de
2662 4026 2771 4081 hoc
2792 4033 2990 4082 statua
3018 4029 3237 4084 inserta
3260 4033 3486 4102 corpori
3530 4035 3683 4104 juris
3730 4036 4022 4108 leguntur

2354 4115 2407 4181 2,
2443 4117 2566 4186 q.1i
2597 4122 2653 4170 ct
2692 4117 2771 4182 l5,
2807 4134 2861 4187 (ι.
2896 4119 2950 4184 6,
2975 4134 3023 4172 c.
3057 4120 3110 4174 2.

2427 4213 2571 4268 Ibid.
2612 4214 2853 4285 Cumque
2881 4216 2982 4270 diu
3000 4217 3191 4272 nullus
3218 4227 3355 4274 esset
3383 4222 3483 4293 qui
3507 4238 3610 4292 pro
3659 4232 3773 4278 tam
3816 4242 4019 4298 suspe-

2353 4305 2456 4369 cto,
2492 4307 2602 4356 etc.
2637 4308 2766 4357 Haec
2798 4304 3037 4359 brevius
3069 4307 3413 4379 perstringit
3452 4316 3671 4379 noster,
3728 4315 3881 4383 quod
3940 4317 4015 4371 ad

2357 4391 2954 4460 imperium'Joannis
2981 4394 3359 4464 pertinerent,
3405 4413 3535 4452 eum
3588 4400 3714 4471 ipse
3772 4401 3830 4454 in
3893 4403 4019 4459 fine

2355 4479 2736 4546 praecedentis
2767 4480 2976 4550 capitis
3006 4485 3063 4534 et
3093 4481 3270 4551 hujus
3301 4483 3466 4539 initio
3497 4485 3920 4558 signiﬁcaverit
3953 4509 4022 4548 se

2354 4567 2426 4620 ab
2459 4567 2700 4636 imperio
2733 4568 3020 4623 Theodori
3052 4586 3177 4625 sum
3210 4571 3467 4627 historiae
3501 4576 3858 4648 principium
3894 4582 4022 4635 du-

585 4681 612 4716 e
648 4682 746 4717 sex
784 4664 995 4717 litteris
1028 4680 1154 4735 quae
1189 4662 1541 4717 Michaelum
1572 4667 1892 4736 Augustum
1941 4665 2228 4720 Romano-
2266 4650 2306 4713 Ι)
2340 4672 2487 4711 cere.
2525 4656 2718 4727 Longe
2749 4662 2942 4711 autem
2975 4658 3164 4713 fusius
3200 4659 3664 4733 distinctiusque
3696 4666 3877 4722 istam
3918 4674 4019 4725 to-

585 4771 714 4807 rum
750 4753 913 4807 ocius
948 4753 1273 4807 vocandum
1307 4753 1733 4824 signiﬁcarent,
1789 4770 1819 4808 a
1866 4754 2238 4810 Thessaloni-

580 4843 737 4897 censi
772 4842 1038 4896 antistite
1071 4841 1240 4896 laetus
1272 4843 1557 4911 audierat,
1600 4852 1659 4897 ut
1710 4850 1982 4898 narratur
2030 4844 2137 4899 hoc
2178 4861 2234 4914 p.

578 4934 667 4985 28.
713 4932 975 5002 Denique
1026 4931 1265 4997 tacitus,
1326 4933 1427 4987 sed
1489 4931 1797 5003 gratulans
1854 4932 2237 5004 gaudensque

579 5022 785 5076 iutime
815 5036 985 5075 omen
1022 5024 1362 5090 captaverat
1393 5038 1461 5075 ex
1483 5026 1655 5076 cantu
1682 5022 1924 5077 fortuito
1980 5023 2235 5078 Chadeni

583 5112 915 5182 proximum
949 5109 999 5164 ei
1058 5109 1463 5165 vaticiniorum
1517 5127 1763 5182 regnum
1820 5112 2234 5183 spondentium

576 5206 849 5255 eventum
906 5204 1252 5270 augurente,
1316 5204 1490 5271 prout
1563 5200 1807 5269 ibidem,
1877 5219 1933 5272 p.
2004 5203 2094 5267 30,
2157 5203 2235 5256 le-

573 5290 752 5361 gitur.
787 5289 995 5343 Juveni
1032 5289 1284 5360 denique
1308 5290 1535 5359 solerti,
1570 5291 1723 5355 forti,
1772 5306 2053 5362 generoso
2088 5291 2237 5346 altos

573 5379 812 5434 afﬂabat
844 5378 1087 5449 spiritus
1129 5383 1322 5433 lrenes
1355 5379 1492 5433 aviae
1520 5384 1798 5433 maternas
1832 5379 2236 5451 primogenita

576 5468 756 5522 Alexii
793 5468 1170 5539 imperatoris
1204 5469 1299 5537 jus
1344 5470 1415 5523 ad
1469 5468 1783 5539 imperium
1846 5475 2088 5539 paterna
2137 5469 2234 5523 de-

572 5560 903 5629 signatione
934 5558 992 5611 in
1021 5557 1211 5612 virum
1243 5560 1374 5626 ejus
1394 5558 1733 5630 prolemque
1765 5560 2231 5629 propagandum.

569 5650 713 5703 Nam
750 5648 907 5715 huic,
938 5652 1001 5700 ut
1032 5648 1207 5701 refert
1240 5650 1547 5719 Gregoras,
1582 5648 1619 5701 l.
1656 5665 1741 5713 IlI,
1779 5666 1831 5717 p.
1883 5649 1971 5706 32.
2035 5650 2231 5720 Augu-

570 5745 697 5793 stus
730 5736 959 5810 genitor
990 5736 1298 5792 rubrarum
1332 5738 1702 5809 crepidarum
1754 5754 1926 5793 usum
1961 5738 2230 5794 decreve-

2351 4749 2471 4799 tam
2514 4744 2812 4800 Michaelis
2844 4747 3275 4803 accusationem
3309 4767 3375 4803 ac
3407 4752 3734 4821 periculum
3768 4760 4021 4827 exponit

2350 4850 2418 4888 ex
2440 4834 2673 4889 oculata
2699 4835 2907 4889 notitia
2938 4837 3223 4907 Georgius
3268 4840 3601 4910 Acropolita
3647 4844 3785 4899 Hist.
3838 4863 3891 4901 c.
3938 4850 4018 4903 50

2348 4928 2406 4977 et
2434 4924 2524 4977 51.
2550 4926 2730 4985 Quem
2764 4924 3025 4979 consule.

2421 5020 2504 5094 [P.
2533 5022 2658 5091 439]
2695 5021 2827 5093 Pag.
2860 5022 2950 5075 24.
2986 5024 3518 5081 Prothieracarium.
3580 5028 3785 5087 Fuisse
3842 5032 4017 5092 hunc

2351 5110 2541 5166 locum
2578 5110 2881 5182 praecipua:
2900 5111 3622 5189 dignitatis,prmterquam
3645 5118 3781 5175 hinc
3814 5130 4011 5192 patet,

2350 5218 2483 5256 cum
2518 5202 2838 5273 imperator
2876 5201 3176 5259 hominem
3212 5204 3481 5276 impense
3517 5207 3631 5263 sibi
3662 5209 3914 5268 charum
3948 5215 4012 5270 in

2348 5307 2479 5346 eum
2506 5291 2881 5361 promoverit,
2925 5292 3102 5346 etiam
3136 5292 3387 5367 intelligi
3419 5301 3612 5368 potest
3640 5313 3706 5353 ex
3755 5317 4015 5361 numero

2349 5379 2573 5451 ingenti
2597 5380 3005 5435 ministrorum
3025 5381 3075 5436 ei
3095 5383 3698 5457 subjectorum,cujus
3718 5389 4021 5450 indicium

2347 5471 2633 5525 habemus
2666 5486 2731 5524 ex
2764 5486 2827 5523 eo
2862 5470 3015 5543 quod
3043 5472 3218 5527 refert
3249 5474 3595 5545 Acropolita,
3630 5479 3770 5533 Hist.
3819 5497 3872 5536 c.
3922 5486 3990 5538 61

2348 5559 2439 5614 his
2506 5576 2606 5614 ver
2662 5576 2673 5613 :

2348 5647 2659 5723 βασιλεῦσιν
2716 5646 2768 5701 ἐν
2823 5651 3015 5723 θήραις
3066 5656 3185 5711 ταῖς
3236 5654 3343 5703 τῶν
3392 5657 3576 5724 θηρῶν
3628 5652 3827 5729 ἄγραις
3880 5659 4020 5715 ἑλέ..

2345 5761 2462 5813 φων
2509 5761 2567 5794 τε
2613 5739 2703 5792 καὶ
2753 5739 2982 5814 χοίρων,
3025 5740 3113 5793 καὶ
3157 5738 3283 5801 τοὺς
3324 5738 3369 5795 δ’
3404 5742 3633 5816 ἱεράκων
3666 5747 4016 5822 θηρεύοντας

4005 5530 4023 5553 ἳ

2735 5558 2937 5611 Αὐτίκα
3002 5560 3102 5634 γὰρ
3168 5558 3297 5621 τοὺς
3360 5559 3827 5635 ἐξυηρετοῦντας
3893 5578 4023 5632 τοῖς
