4248 6438
198 390 341 447 1093

195 514 399 576 πάντας
495 511 826 583 ἁπαξαπλῶς
918 520 1225 588 στρατικοῖς
1322 513 1612 588 συντέταχε

202 625 354 677 μασι,
387 604 476 658 καὶ
506 604 572 672 ἦν
600 604 662 657 τὸ
709 604 1048 677 συνηγμένον
1100 603 1313 673 πλῆθος
1362 601 1531 658 πολύ.
1576 606 1699 658 Haec
1729 604 1858 674 ille,

200 710 271 750 ex
299 693 514 764 quibus
547 693 804 764 prudens
836 691 1025 764 quivis
1048 698 1235 765 potest
1266 707 1616 765 cognoscere
1649 692 1852 763 ingen-

200 788 319 838 tem
356 782 538 837 fuiese
568 781 1003 837 multitudinem
1029 782 1405 838 servientium
1432 781 1769 852 imperatori
1794 782 1852 836 in

200 870 617 927 venationibus
674 886 991 926 cervorum
1050 887 1469 944 aprorumque,
1529 869 1849 943 praesertim

202 964 402 1015 autem
435 958 493 1013 in
526 958 778 1030 aucupio
809 976 911 1031 per
950 960 1283 1031 accipitres,
1316 960 1553 1031 quando
1584 975 1652 1013 ex
1679 957 1753 1012 iis
1780 958 1853 1012 ad

205 1048 482 1103 militiam
534 1046 836 1103 translatis
886 1064 1138 1119 magnus
1209 1048 1498 1103 exercitus
1558 1050 1855 1103 momento

201 1138 493 1194 conﬂatus
522 1138 767 1193 exstitit.

273 1238 431 1298 6&0
460 1238 596 1309 Cap.
632 1236 687 1292 9.
750 1236 832 1291 De
881 1236 1020 1307 fuga
1070 1235 1369 1291 Michaelis
1430 1234 1735 1306 Paleologi
1793 1234 1851 1288 in

201 1326 501 1382 Persidem
536 1326 645 1382 hoc
674 1325 864 1397 capite
896 1328 1129 1383 narrata
1161 1324 1330 1396 plura
1363 1325 1541 1379 refert
1570 1324 1853 1395 Georgius

204 1414 543 1486 AcrOpolita
609 1419 754 1469 tunc
812 1414 967 1486 apud
1016 1413 1431 1485 imperatorem
1487 1412 1851 1468 Theodorum

204 1519 409 1575 agens,
442 1503 677 1575 quando
716 1504 767 1558 is
814 1508 905 1558 eet
960 1504 1030 1558 ad
1081 1504 1274 1573 ipsum
1322 1503 1568 1558 nuntius
1616 1501 1851 1558 allatus.

203 1592 407 1663 Opera
438 1595 691 1663 pretium
732 1591 934 1647 lectori
979 1592 1155 1647 luerit
1213 1591 1406 1646 videre
1453 1595 1511 1645 et
1565 1606 1699 1645 cum
1759 1589 1854 1645 his

202 1681 389 1737 nostri
420 1681 683 1736 conferre
705 1697 833 1751 quae
868 1679 967 1737 ille
999 1684 1197 1735 narrat
1229 1696 1279 1735 c.
1312 1681 1450 1734 Hist.
1486 1696 1605 1735 suae
1624 1680 1716 1744 64,
1751 1678 1852 1733 ubi

200 1771 384 1827 etiam
416 1769 606 1825 obiter
637 1771 944 1825 observare
994 1769 1225 1841 poterit,
1259 1786 1386 1841 quas
1446 1768 1502 1822 in
1559 1768 1851 1824 Clossario

199 1860 378 1914 verbo
400 1856 693 1912 Μεσοθινία
724 1858 1059 1914 notavimus
1091 1859 1160 1913 de
1193 1857 1420 1929 legione
1468 1863 1571 1911 aut
1618 1856 1853 1912 cohorte

196 1949 317 2004 isto
344 1950 579 2004 nomine
601 1947 914 2020 appellata,
929 1964 1044 2003 non
1068 1946 1260 2003 solum
1285 1946 1620 2017 Acropolita:
1644 1946 1856 2018 ipsius,

202 2039 305 2094 sed
333 2042 391 2093 et
411 2038 739 2093 doctissimi
773 2040 901 2108 ejus
927 2037 1269 2108 interpretis
1317 2038 1665 2091 auctoritate
1717 2051 1857 2091 eon-

198 2127 454 2183 ﬁrmala.
486 2127 634 2182 Nam
666 2126 770 2181 illa
802 2126 1079 2182 Historici
1111 2126 1312 2181 Graeca
1352 2124 1551 2189 verba,
1584 2123 1723 2197 πρὸς
1752 2125 1860 2175 τῶν

199 2213 690 2289 στραταρχούντων
721 2213 772 2267 ἐν
809 2214 1034 2284 Βιθυνίᾳ
1062 2212 1151 2267 καὶ
1209 2209 1539 2282 Μεσοθυνίᾳ,
1572 2213 1656 2267 sic
1717 2213 1856 2267 red-

208 2307 295 2362 dit
326 2306 771 2361 illustrissimus
802 2305 1086 2361 Allatius:
1113 2305 1151 2360 Α
1191 2303 1497 2361 cohortium
1527 2305 1859 2376 Bithynica-

204 2413 330 2450 rum
362 2402 414 2450 et
444 2396 795 2467 Mesothyniz
815 2396 1114 2466 praefectis.

272 2494 408 2567 Pag.
440 2495 530 2548 25.
566 2494 703 2549 Cum
735 2494 985 2549 hostibus
1014 2492 1252 2548 sultani:
1284 2508 1609 2566 congressus
1663 2493 1853 2561 fortis-

198 2584 339 2639 sime
379 2600 437 2639 se
478 2583 645 2652 gerit.
704 2583 897 2654 Longe
972 2583 1093 2637 hec
1153 2582 1343 2637 fusius
1391 2598 1457 2636 ac
1515 2580 1855 2653 diligentius

198 2673 535 2743 Acropolita
582 2676 874 2743 pertracat
930 2676 1050 2727 toto
1092 2687 1143 2726 ο.
1200 2672 1292 2740 65,
1351 2687 1471 2741 qua
1526 2670 1853 2740 occasione,

202 2778 354 2833 quos
384 2762 625 2827 ducens,
658 2766 881 2831 quanta
904 2760 1214 2831 prudentia
1244 2776 1310 2814 ac
1342 2758 1703 2814 fortitudine.
1736 2775 1853 2830 quo

206 2852 461 2922 denique
520 2866 800 2905 successu
850 2850 1132 2904 adversus
1191 2848 1508 2903 Tacharioe
1542 2846 1649 2917 (sic
1694 2848 1848 2903 enim

204 2940 463 3011 appellat
518 2939 853 3011 Acropolita
921 2954 1069 3009 quos
1124 2942 1320 2993 noster
1375 2937 1690 3009 Tocharos)
1747 2954 1851 3009 pro

198 3030 435 3085 sultane
466 3045 588 3084 rem
631 3029 879 3101 gesserit
930 3028 1177 3083 Michael
1232 3027 1615 3099 Palaeologue.
1674 3043 1849 3099 expo-

196 3135 365 3175 nens.

270 3218 405 3289 Pag.
438 3218 528 3272 26.
562 3219 854 3273 Reversum
881 3216 1109 3287 benigne
1148 3216 1371 3286 excipit.
1421 3216 1695 3270 Reditum
1744 3214 1847 3269 Mi-

195 3307 418 3362 chaelis
447 3306 728 3363 Comneni
778 3308 848 3366 ad
885 3306 1297 3377 imperatorem
1322 3304 1689 3360 Theodorum
1715 3304 1847 3359 bre-

190 3397 340 3451 viter
371 3398 646 3451 memorit
709 3393 1042 3465 Acropolita
1090 3410 1140 3449 c.
1173 3394 1266 3459 69,
1317 3393 1401 3448 uti
1451 3397 1509 3449 et
1565 3396 1848 3464 Gregoras

192 3486 232 3541 l.
267 3504 354 3551 ιιι,
390 3490 597 3542 neuter
627 3484 1098 3555 interposilorum
1131 3484 1189 3538 in
1213 3499 1341 3537 eam
1368 3499 1487 3538 rem
1522 3482 1848 3538 Idoniensis

192 3575 453 3647 episcopi
504 3575 832 3629 ofﬁciorum
893 3573 1252 3628 mentionem
1296 3572 1537 3639 faciens,
1598 3572 1845 3627 fortasse

190 3666 346 3735 quod
377 3664 503 3730 illa,
528 3669 594 3719 ut
624 3664 737 3719 alia
787 3663 978 3718 multa
1036 3679 1230 3718 rerum
1288 3661 1607 3728 Michaelis,
1641 3665 1843 3717 nostro

194 3753 409 3809 melius
442 3758 901 3826 perspectarum,
932 3751 1348 3823 ignoraverint.

218 3846 230 3853 ’
264 3854 414 3908 Ibid.
492 3851 770 3907 Michaelis
846 3851 1088 3922 despotz
1169 3849 1369 3905 nothus
1454 3854 1507 3905 et
1583 3850 1843 3905 obscurus

190 3946 364 4014 ﬁlius.
417 3944 546 3999 Haac
604 3942 903 4014 copiosius
979 3940 1437 4012 distinctiueque
1509 3940 1846 3996 referuntur

188 4053 223 4089 a
281 4036 529 4105 Georgio
578 4032 913 4104 Acropolita
960 4047 1028 4086 ex
1082 4029 1314 4086 oculata
1380 4046 1526 4102 pene
1585 4030 1838 4098 notitia;

1785 389 2013 447 NOTJE.

3463 407 3603 463 1094

1708 512 1844 587 τάγ-
1874 519 1929 585 Α
1958 515 2148 602 vocat)
2178 518 2256 585 τῷ
2285 516 2518 587 πρώτως
2560 515 2850 592 ἐρχομένῳ
2901 520 3219 593 ξυναντήσας
3276 525 3469 600 βάλλει
3523 530 3605 602 τῷ

1964 599 2149 676 δόρατι
2175 602 2263 657 καὶ
2298 604 2472 679 ῥίπτει
2503 613 2603 675 τῆς
2639 605 2970 685 ἐφεστρίδος.
3028 615 3136 668 Sed
3189 599 3311 671 leve
3369 618 3425 673 id
3481 599 3603 675 dis-

1960 692 2179 748 crimen
2204 695 2467 749 vocabuli
2497 696 2677 751 videri
2710 704 2919 769 potest,
2978 706 3165 771 praeut
3220 704 3278 758 in
3365 723 3423 761 re
3474 707 3601 778 ipsa

1960 781 2235 837 dissentit
2266 784 2337 838 ab
2372 785 2703 856 Acropolita
2738 789 3137 863 Pachymeres,
3171 793 3465 865 siquidem
3503 796 3598 851 hic

1959 887 2075 926 non
2107 872 2477 930 Theodorum
2511 892 2545 930 a
2582 876 2899 949 Palaeologo
2932 880 3255 952 impulsum
3318 884 3485 940 basta
3541 891 3602 941 et

1959 958 2084 1014 loco
2117 966 2364 1032 motum,
2393 964 2493 1018 sed
2528 966 2651 1019 vice
2682 982 2847 1022 versa
2880 968 3267 1041 Palzeologum
3328 989 3362 1027 a
3414 974 3603 1029 Theo-

1960 1049 2123 1117 doro,
2152 1055 2216 1104 ut
2250 1056 2405 1122 patet
2456 1069 2524 1107 ex
2550 1053 2643 1109 his
2674 1055 2863 1112 verbis
2908 1074 2922 1112 :
2972 1058 3100 1113 Ὅτε
3156 1059 3246 1112 καὶ
3279 1061 3306 1113 ὁ
3363 1064 3459 1115 τοῦ
3520 1060 3606 1116 δε-

1961 1136 2163 1189 σπότου
2223 1138 2458 1212 Μιχαὴλ
2500 1138 2560 1194 ἐκ
2611 1141 2820 1205 νοθείας
2882 1144 3097 1206 σκότιος
3154 1152 3280 1209 παῖς
3338 1150 3607 1219 Μονουήλ

1961 1226 2107 1281 6³1
2144 1226 2331 1300 τυχὼν
2381 1226 2552 1282 ἐκεῖσε
2584 1229 2673 1283 σὺν
2721 1232 2889 1303 ἱκανῷ
2938 1234 3322 1308 στρατεύματι,
3366 1240 3446 1310 [Ρ.
3482 1242 3607 1312 440]

1961 1312 2048 1364 καῖ
2088 1312 2431 1385 συμπλακεὶς
2482 1322 2560 1387 τῷ
2607 1316 2862 1391 πολέμῳ,
2920 1322 2988 1374 τὰ
3035 1327 3226 1396 πρῶτα
3288 1326 3380 1396 μὲν
3442 1328 3611 1399 ὁμόσε

1962 1404 2226 1474 χωρήσας
2294 1409 2375 1475 τῷ
2442 1405 2675 1479 ἡγεμόνι
2738 1413 2818 1479 τῷ
2871 1415 3051 1481 κοντῷ
3109 1420 3337 1476 συνωθεῖ
3385 1415 3473 1468 καὶ
3527 1416 3612 1491 ῥί-

1961 1509 2107 1558 πτει,
2138 1497 2248 1547 etc.
2281 1494 2453 1549 Addit
2483 1512 2516 1549 a
2547 1499 2813 1553 restituto
2846 1500 2905 1554 in
2952 1500 3177 1570 sellam,
3210 1505 3362 1559 unde
3420 1507 3613 1562 luerat

1962 1580 2253 1651 dejectus,
2307 1583 2625 1655 Palmologo
2686 1587 2931 1642 nothum
2994 1589 3301 1646 Michaelis
3357 1593 3611 1665 dcepota:

1961 1667 2150 1724 filium
2187 1669 2387 1727 letbali
2438 1690 2781 1743 percussum
2842 1676 2962 1732 ictu
3021 1680 3353 1750 nequivisse
3413 1699 3612 1754 parem

1960 1765 2277 1821 reponere;
2312 1770 2438 1825 quas
2471 1756 2810 1827 significant
2833 1775 3011 1814 manu
3044 1765 3102 1815 et
3132 1762 3282 1818 ferro
3305 1762 3615 1837 Palaeologi

1963 1838 2246 1893 cecidisse
2274 1840 2641 1898 Theodorum
2700 1845 2817 1900 sive
2876 1846 3201 1903 Manuelem
3262 1849 3446 1906 istum
3507 1869 3609 1907 no-

1892 1900 1934 1964 Β
1967 1925 2157 1981 thum.
2194 1928 2256 1983 Id
2289 1946 2423 1986 vero
2469 1934 2810 2005 pernegabit
2841 1936 2944 2006 qui
2978 1900 3205 1992 mecum
3239 1900 3615 1997 existimave-

1974 2014 2050 2069 rit
2078 2017 2419 2088 Acropolita;
2465 2021 2653 2090 potius
2698 2023 3077 2094 credendum,
3112 2031 3342 2082 tantum
3380 2046 3492 2085 non
3528 2029 3618 2085 his

1972 2107 2263 2174 praesenti,
2298 2110 2513 2180 quippe
2545 2109 2724 2181 hujus
2756 2113 2912 2168 socio
2949 2114 3191 2170 militiae.
3225 2115 3274 2171 le
3332 2119 3487 2173 enim
3521 2120 3613 2174 di-

1970 2198 2124 2249 serte
2156 2194 2411 2251 afﬁrmat
2440 2215 2751 2255 excussum
2790 2200 2931 2256 sella
2961 2202 3329 2260 Theodorum
3364 2223 3614 2281 moxque

1969 2297 1999 2335 e
2030 2281 2195 2353 lapsu
2230 2286 2596 2342 sublevatum
2644 2291 2967 2346 accurrisse
3011 2294 3081 2347 ad
3140 2294 3501 2352 Comnenum
3562 2302 3616 2354 et

1971 2371 2315 2443 suppliciter
2338 2376 2707 2448 deprecatum
2742 2396 2963 2435 necem.
3017 2386 3382 2451 Comnenum
3415 2392 3610 2442 autem

1968 2460 2335 2533 ignorantem
2365 2467 2500 2538 quis
2534 2468 2623 2523 hic
2655 2475 2830 2539 esset,
2864 2472 3389 2545 tradidisseipeum
3422 2474 3609 2532 Turco

1969 2552 2245 2623 cuipiam,
2279 2556 2378 2625 qui
2410 2572 2543 2611 eum
2588 2560 2875 2615 interfecit
2926 2564 3075 2615 εΤοῦ
3131 2563 3427 2634 πτώματος
3485 2568 3614 2638 γοῦν

1968 2639 2195 2703 ἀναστὰς
2240 2641 2396 2705 οὗτος
2429 2646 2789 2715 (Theodorus
2848 2650 3088 2722 nothus)
3134 2649 3480 2726 προσέδραμε
3536 2659 3616 2726 τῷ

1970 2730 2239 2802 Κομνηνῷ
2296 2732 2527 2807 Μιχαὴλ
2564 2776 2577 2800 ,
2643 2734 2729 2789 καὶ
2802 2734 3066 2793 ἐδυσώπει
3127 2741 3202 2811 μή
3264 2744 3612 2817 φονευθῆναι.

1966 2818 2173 2891 Ἠγνόεί
2238 2817 2294 2873 δὲ
2341 2826 2532 2876 τοῦτον
2594 2823 2622 2875 ὁ
2683 2827 2987 2897 Κομνηνὸς,
3038 2828 3127 2880 καὶ
3180 2828 3331 2890 ἀστις
3390 2831 3455 2898 ἦν
3517 2831 3617 2887 οὐκ

1965 2907 2251 2976 ἠπίστατο.
2306 2908 2653 2982 Ηαραδίδωσι
2705 2918 2834 2988 γοῦν
2886 2916 3046 2969 αὐτὸν
3086 2916 3319 2990 Toupqu
3349 2921 3479 2987 τινὶ,
3524 2922 3619 2975 καὶ

1966 2995 2026 3056 ὃς
2058 2998 2351 3074 πεφόνευκε
2400 3004 2615 3057 τοῦτον.
2681 3004 2853 3060 Porro
2914 3008 3066 3075 quod
3123 3006 3336 3061 σκότιον
3400 3012 3614 3067 obscu-

1965 3103 2092 3142 rum
2128 3088 2281 3144 hunc
2312 3091 2610 3147 Michaelis
2642 3094 2893 3165 despotas
2924 3095 3111 3151 filium
3141 3101 3339 3154 noster
3358 3100 3516 3168 dicit,
3540 3102 3612 3157 ad

1963 3176 2402 3249 illegitimorum
2439 3181 2721 3238 natalium
2740 3184 3122 3255 ignominiam
3141 3187 3408 3258 pertinet,
3436 3206 3611 3261 quam

1879 3264 1922 3332 C
1962 3266 2115 3322 idem
2150 3273 2206 3323 et
2236 3269 2396 3339 alibi,
2430 3275 2495 3325 ut
2534 3271 2708 3336 inl'ra,
2742 3289 2796 3343 p.
2846 3274 2938 3340 85,
2972 3274 3121 3329 solet
3181 3276 3292 3332 ista
3340 3280 3613 3336 tenebra-

1960 3370 2091 3409 rum
2114 3357 2413 3411 mentione
2444 3358 2769 3426 designare,
2790 3360 3079 3428 alludens,
3114 3364 3344 3435 opinor,
3373 3366 3606 3423 Homeri

1953 3441 2146 3498 locum
2179 3443 2345 3500 Hiad.
2363 3448 2390 3512 ζ
2411 3447 2482 3501 de
2504 3447 2812 3503 Bucolione
2833 3449 3245 3508 Laomedontis
3262 3454 3383 3510 filio
3400 3456 3607 3513 notho:

1950 3610 2264 3692 ἓουκολίων
2294 3611 2342 3668 δ’
2371 3615 2438 3683 ἧν
2470 3615 2585 3692 υἱὸς
2611 3616 2808 3692 ἀγανοῦ
2839 3617 3220 3692 Λαομέδοντος

1951 3678 2325 3757 Πρεσ6·5τατος
2396 3678 2579 3762 ίγενεῇέ
2656 3678 2882 3744 ’σκότιον
2962 3678 3022 3747 te
3097 3678 3359 3769 ἐγείνατο
3385 3696 3498 3769 μή-

3381 3767 3528 3840 [τηρο

1951 3929 2020 3983 ad
2055 3945 2229 4000 quem
2263 3929 2456 3987 locum
2484 3936 2651 3989 vetus
2683 3934 3063 3992 scholiastes:
3101 3938 3328 3990 Σκότιον
3385 3934 3445 3990 ἐκ
3500 3934 3596 3990 λα-

1952 4018 2143 4090 θραίας
2200 4018 2397 4090 μίξεως
2453 4021 2546 4075 τὸν
2613 4020 2783 4095 λάθρα
2839 4024 3197 4097 γεγενημένον
3240 4024 3329 4079 καὶ
3387 4024 3485 4080 οὐκ
3539 4026 3600 4081 ἐκ

184 4140 323 4180 nam
372 4122 425 4179 is
476 4122 655 4192 hujus
722 4121 781 4175 in
849 4121 1225 4176 Occidentem
1286 4119 1676 4190 expeditionis
1733 4119 1840 4175 Mi-

1958 4113 2046 4176 εῆς
2104 4109 2241 4163 κατὰ
2293 4108 2464 4181 νόμον
2510 4112 2855 4185 γαμηθείσης
2888 4160 2902 4185 ,
2959 4115 3051 4169 τὸν
3103 4114 3154 4185 ἐξ
3198 4113 3595 4190 ἀδᾳδουχήτων

184 4212 372 4269 chaeli
409 4209 730 4282 Paleologo
757 4225 954 4264 comes
1014 4209 1145 4275 fuit,
1181 4208 1290 4263 etsi
1332 4224 1445 4263 nou
1479 4209 1682 4263 eodem
1716 4206 1842 4263 loco
1948 4195 2162 4270 γάμων.
2197 4198 2303 4255 Ubi
2336 4199 2629 4269 eleganter
2655 4220 2894 4258 causam
2928 4205 3183 4260 innuens
3214 4223 3319 4261 cur
3362 4206 3601 4262 obscuri

185 4301 489 4377 pugnavit,
522 4302 581 4357 in
629 4301 743 4355 alia
792 4300 1112 4355 divisarum
1162 4300 1461 4370 copiarum
1504 4304 1668 4370 parte
1716 4315 1838 4354 rem
1950 4288 2221 4343 dicantur
2252 4289 2563 4361 illegitimi,
2594 4292 2650 4345 id
2684 4293 2906 4348 indicat
2935 4310 3005 4349 ex
3045 4310 3113 4350 eo
3163 4296 3383 4351 factum
3437 4298 3593 4366 quod

185 4409 418 4466 gerens.
450 4390 597 4454 Quia
625 4406 759 4445 vero
791 4389 884 4444 ille
917 4390 1179 4461 quaedem
1231 4389 1399 4443 aliter
1428 4405 1494 4444 ac
1527 4388 1839 4461 Pachyme-
1950 4394 2066 4432 Ποῦ
2101 4394 2168 4433 ex
2194 4380 2469 4452 coniugio
2492 4382 2738 4436 SOlemni
2769 4384 2962 4437 fucum
3020 4384 3341 4455 genialium
3387 4387 3591 4457 prmla-

184 4500 280 4540 res
314 4486 533 4549 narrat,
566 4480 838 4551 equidem
874 4478 1218 4549 AcrOpolitae
1249 4478 1443 4549 potius
1474 4477 1570 4532 hic
1600 4478 1839 4549 quidem

1958 4466 2103 4522 tione
2135 4468 2449 4535 illustrato,
2486 4471 2585 4525 sed
2621 4471 2830 4527 furtivo
2862 4476 3115 4545 captatis
3146 4475 3402 4529 tenebris
3457 4491 3598 4529 con-

185 4571 550 4628 credendum
584 4574 748 4640 puto,
773 4568 992 4639 quippe
1020 4567 1119 4638 qui
1153 4568 1305 4638 ejus,
1335 4568 1420 4621 uti
1444 4566 1587 4636 dixi,
1620 4566 1837 4638 negotii
1948 4556 2147 4612 cubitu
2182 4558 2301 4613 nati
2365 4560 2497 4614 sint.
2555 4559 2731 4616 Istius
2788 4562 3197 4633 originationis
3257 4563 3409 4618 verbi
3468 4561 3599 4616 σκό-

180 4676 325 4733 pars
362 4658 562 4724 fuerit,
596 4674 773 4729 quam
810 4660 1009 4711 nostro
1054 4656 1155 4727 qui
1202 4671 1295 4711 res
1352 4659 1495 4711 tunc
1554 4659 1716 4711 actae
1768 4672 1835 4711 ex

1958 4647 2411 4715 :tocillegitimis
2456 4652 2662 4720 aptati,
2727 4652 2878 4722 quod
2937 4648 2988 4722 ἐξ
3043 4648 3436 4726 ἆδᾳδουχήτων
3499 4651 3599 4725 γά-

182 4752 363 4816 fama,
388 4764 495 4804 nec
525 4764 593 4803 ea
652 4746 797 4801 satis
856 4744 1164 4817 explicata,
1221 4745 1454 4800 videtur
1511 4744 1831 4816 accepisse.
1950 4757 2064 4807 μων
2099 4738 2209 4792 orti
2260 4738 2398 4805 sint,
2455 4742 2750 4794 auctorem
2819 4739 3164 4795 Eustathius
3221 4758 3277 4812 p.
3337 4742 3442 4795 622
3499 4742 3591 4797 ed.

179 4840 380 4897 Prima
404 4835 885 4908 discrepantiaiu
921 4835 1159 4889 nomine
1188 4835 1359 4890 ducis
1400 4834 1661 4890 hostium
1723 4842 1834 4902 est,
1948 4828 2113 4882 Rom.
2167 4825 2380 4899 allegat
2442 4829 2725 4899 Apionem
2782 4834 3033 4885 veterem
3092 4830 3291 4901 magni
3342 4830 3593 4886 nominis

180 4945 361 5003 quem
410 4930 612 4983 noster
660 4924 991 4980 Manuelem
1048 4930 1235 4980 vocat.
1284 4927 1496 4979 Contra
1548 4922 1835 4994 Georgius
1944 4918 2419 4989 grammaticum.

174 5016 527 5090 AcrOpolita,
578 5012 709 5069 Hist
764 5030 815 5069 c.
862 5013 926 5066 7t
990 5011 1358 5068 Theodorum
1414 5011 1688 5084 appellat.
1739 5012 1833 5068 Sic
2014 5006 2153 5079 Cap.
2191 5008 2276 5061 ll.
2320 5008 2458 5071 Qua:
2511 5007 2618 5063 hoc
2676 5007 2863 5080 capite
2922 5014 3240 5064 narrantur
3297 5010 3367 5064 de
3419 5014 3591 5080 capto

173 5110 332 5166 enim
362 5107 443 5163 ibi
500 5105 734 5161 scribit:
787 5103 885 5156 Ἦν
947 5098 1005 5156 δὲ
1062 5102 1090 5155 ὁ
1151 5100 1336 5177 ῥηθεὶς
1378 5105 1478 5156 τοῦ
1524 5101 1832 5156 ἆποστάτου

1958 5097 2252 5169 vinctoque
2284 5114 2385 5169 per
2414 5096 2751 5152 Chadenum
2779 5097 3119 5170 Palaeologo,
3152 5099 3340 5169 deque
3382 5115 3593 5169 pressa-

173 5193 411 5273 Μιχαήλ
442 5195 601 5258 νόθος
631 5192 748 5253 υἱὸς
790 5188 1095 5266 Θεόδωρος.
1147 5194 1281 5247 Erat
1326 5200 1503 5248 autem
1564 5191 1613 5247 is
1670 5209 1831 5264 quem

1958 5187 2053 5257 giis
2082 5186 2292 5259 imperi
2326 5203 2392 5241 ea
2422 5187 2727 5242 occasione
2784 5187 2866 5242 illi
2928 5188 3162 5257 oblatis,
3220 5203 3421 5243 eorum
3484 5205 3591 5243 nec

168 5288 296 5345 dixi
332 5287 619 5357 delectaris
660 5284 951 5343 Michaelis
998 5283 1198 5338 nothus
1274 5282 1427 5351 ﬁlius
1495 5283 1822 5337 Theodorus.
1939 5276 2067 5332 vola
2096 5293 2201 5331 nec
2250 5276 2566 5347 vestigium
2620 5277 2881 5331 cernitur
2936 5279 3090 5350 apud
3151 5277 3589 5349 Acropolitam;

168 5380 409 5436 Dixerat
437 5391 571 5430 vero
601 5378 773 5428 antea
804 5373 1012 5426 ducem
1046 5372 1347 5441 copiarum
1381 5370 1681 5426 Michaelis
1728 5373 1827 5428 de-
1936 5367 2147 5439 opinor
2177 5366 2305 5421 ideo
2338 5366 2491 5438 quod
2534 5366 2631 5421 ille
2663 5384 2766 5437 per
2796 5368 2851 5422 id
2887 5372 3123 5439 tempus
3170 5368 3228 5422 in
3290 5384 3589 5438 expugna-

170 5472 376 5541 spotze,
422 5461 656 5519 rebellis
708 5465 1107 5516 occurrentem
1178 5459 1447 5515 Michaeli
1500 5460 1825 5533 Palaeologo
1937 5458 2092 5512 tione
2123 5455 2339 5527 Prilapi
2372 5457 2547 5512 castri
2576 5462 2784 5528 captus
2806 5462 2863 5511 et
2894 5457 3066 5526 longo
3096 5462 3359 5529 tempore
3391 5462 3591 5512 custo-

172 5560 340 5613 hasta
372 5569 719 5628 percussum
746 5551 897 5606 abeo
913 5549 1115 5621 etequi
1139 5550 1701 5605 sellaexcuseumz'O
1726 5550 1819 5620 μὶν
1935 5549 2031 5603 dia
2062 5548 2336 5602 detentus
2374 5547 2446 5601 ab
2479 5546 2775 5615 hostibus,
2810 5552 2873 5601 ut
2905 5547 3030 5618 ipse
3084 5547 3276 5615 docet,
3338 5548 3473 5601 Hist.
3535 5563 3585 5600 c.

164 5644 262 5701 οὖν
298 5642 591 5718 Κομνηνὸς
620 5636 859 5714 Μιχαὴλ
892 5640 1053 5712 (nam
1087 5645 1152 5695 ut
1182 5656 1362 5712 supra
1414 5640 1637 5711 monui,
1700 5640 1817 5695 Mi-

1958 5640 2020 5705 b2,
2054 5638 2161 5693 ista
2196 5653 2311 5691 non
2345 5634 2576 5690 viderit.
2611 5635 2901 5707 Gregoras
2932 5652 3167 5708 quoque
3198 5637 3269 5691 de
3304 5636 3583 5703 histacet,

166 5736 431 5795 chuclem
450 5728 1815 5804 PaiasologumAcropolitasemperComncnum
1930 5728 2118 5784 multo
2148 5726 2377 5793 leviori,
2408 5730 2474 5782 ut
2501 5742 2572 5781 ex
2601 5726 2829 5783 caeteris
2859 5732 3122 5799 apparet,
3151 5727 3373 5783 tinctus
3432 5725 3587 5781 noti-
