4248 6438
592 406 732 465 1095

1642 393 1706 444 Ρ.
1746 388 2021 443 POSBINI
2057 380 2665 438 OBSERVATIONUM
2702 383 2834 436 LIB.
2876 385 2946 435 II.

3872 369 4016 427 1096

597 537 680 591 tia
710 546 904 588 rerum
948 522 1251 582 Michaelis
1291 517 1616 585 Palasologi,
1667 530 1813 584 quas
1853 511 1950 581 qui
2013 507 2242 580 plenius

2370 504 2431 591 [ο
2466 506 2604 589 μήτε
2635 501 2844 591 δρῖισαιΝ
2859 506 2997 589 μῇτε
3026 507 3105 574 τῷ
3135 500 3423 591 ξυνειξὲναι

594 626 704 679 hoc
735 624 935 676 nostro
970 612 1292 677 tradiderit,
1317 608 1539 663 frustra
1568 612 1882 675 quaeretur.

667 766 805 835 Cap.
843 762 927 815 12.
983 764 1057 813 De
1108 755 1310 810 morbo
1370 755 1426 806 ct
1474 752 1661 804 morte
1710 740 2014 835 Theodori
2058 754 2245 835 pauca

599 827 767 928 pene-
796 846 1188 924 perfunctorie
1250 841 1455 898 scribit
1507 838 1721 893 absens
1778 838 1917 928 tunc
1966 829 2068 928 ab.
2111 827 2245 881 aula

596 916 879 1015 iieorgi-us
912 934 1264 1006 Acropolita,
1297 932 1357 985 in
1393 929 1488 983 his
1540 922 1829 981 immorari
1865 916 2241 1015 potissimum

599 1004 951 1102 solitusque:
986 1004 1272 1097 spectavit
1302 1033 1576 1092 praesens.
1614 1010 1961 1069 Brevissime
2015 1008 2152 1061 item
2186 1004 2241 1059 id

599 1119 878 1191 transigit.
909 1117 1214 1187 Gregoras.

669 1266 806 1333 Pag.
841 1260 930 1315 33.
962 1260 1022 1313 In
1051 1251 1286 1310 innoxia
1314 1248 1745 1321 pertractatione
1774 1241 1915 1312 ferri
1928 1237 2243 1333 candentis.

597 1356 659 1409 Id
688 1321 909 1408 fetuum
950 1349 1009 1400 in
1049 1345 1246 1400 Graeco
1296 1342 1461 1393 vocat
1504 1334 1889 1403 Pachymeres
1934 1323 2136 1398 μύδρον
2190 1321 2249 1375 ἐκ

596 1442 766 1513 πυρὸς
793 1435 903 1506 ἤδη
940 1430 1146 1503 ζέοντα.
1195 1430 1348 1485 632
1401 1425 1591 1481 Potuit
1648 1420 1917 1477 sufﬁcere
1976 1432 2082 1468 vox
2145 1409 2249 1482 μύ-

599 1506 746 1605 δρος,
781 1542 959 1599 quam
992 1528 1155 1577 vetus
1186 1516 1532 1574 scholiastes
1563 1508 1866 1582 Sophoclis
1897 1506 2245 1605 interpreta-

602 1588 1223 1687 ῐίιινπεπυρακτωμένος
1253 1602 1497 1675 σίδηρος,
1551 1606 1608 1655 et
1667 1596 1985 1667 Hesychius
2026 1588 2249 1663 σίδηρος

602 1702 995 1779 πεπυρωμένος
1034 1718 1045 1753 :
1080 1698 1163 1754 sic
1221 1694 1375 1750 enim
1432 1688 1871 1745 rescribendum
1925 1699 2027 1755 pro
2083 1699 2247 1733 πεπυ-

605 1770 887 1872 ρωμένως.
922 1792 1055 1847 Fuit
1084 1790 1205 1842 haec
1260 1800 1435 1853 prava
1489 1781 1615 1834 sine
1673 1776 1850 1830 dubio
1903 1770 2248 1868 innocentia:

604 1858 916 1960 probandae
951 1880 1118 1943 ratio,
1153 1873 1358 1928 merito
1389 1871 1445 1925 in
1475 1870 1608 1938 jure
1660 1863 1938 1919 canonico
2000 1858 2247 1931 prescri-
2281 1874 2328 1939 Β

604 1952 701 2050 pta
726 1992 851 2043 cap.
890 1964 1252 2031 Consuluisti,
1272 1977 1399 2031 cap.
1432 1959 1683 2050 blennarn
1710 1956 1766 2020 2,
1906 1952 1977 2017 5;
2006 1954 2063 2003 et
2121 1963 2249 2017 cap.

607 2042 827 2129 belirti,
863 2065 1077 2115 extrav.
1106 2056 1178 2109 De
1204 2048 1547 2123 purgatione
1588 2042 1831 2112 vulgari,
1868 2057 1971 2110 Cap
2028 2047 2249 2091 senten-

604 2158 743 2210 tiam
774 2157 1015 2214 extrav.,
1041 2161 1142 2199 nec
1171 2159 1295 2197 eam
1332 2144 1532 2193 noster
1566 2132 1846 2204 probavit,
1877 2130 1973 2183 sed
2020 2130 2253 2181 tantum

608 2242 811 2299 retulit
842 2240 977 2309 quid
1014 2237 1201 2294 fieret,
1233 2230 1405 2285 etiam
1440 2226 1601 2291 alibi,
1637 2236 1845 2289 nempe
1876 2308 1881 2309 ν
2008 2232 2071 2279 11,
2118 2231 2164 2269 c.
2203 2214 2255 2281 1,

607 2307 914 2405 gratulans
943 2332 1225 2395 tanquam
1278 2316 1588 2374 emendato
1648 2310 1728 2405 rei
1792 2307 2253 2405 publicazns‘tatu

610 2392 763 2493 quod
796 2418 910 2471 ista
942 2392 1256 2468 desiis‘sent
1287 2406 1429 2461 fieri.
1475 2397 1719 2457 Michael
1768 2398 1985 2493 quippe
2044 2392 2255 2493 Pallam-

607 2482 777 2581 lbgus
803 2512 935 2561 ante
965 2500 1279 2569 imperium
1306 2496 1496 2548 adhuc
1529 2486 2001 2581 despota,-cm‘pit
2030 2482 2259 2537 abolere

615 2573 787 2654 usum
813 2591 1080 2663 adigendi
1120 2586 1387 2663 homines
1422 2579 1675 2663 adistud
1708 2573 2100 2663 periculosum
2161 2586 2257 2663 enr-

612 2654 1021 2752 perimentiim,
1056 2656 1209 2740 quod
1237 2669 1362 2736 jam
1418 2660 1677 2731 privatus
1739 2654 2257 2725 praedamnaverat.

618 2739 815 2823 itelert
846 2763 1002 2817 enim
1036 2739 1388 2825 AicrOpolita,
1416 2751 1556 2804 Hist.
1581 2763 1630 2800 ο.
1663 2745 1751 2797 50.
1787 2762 1842 2813 p.
1874 2743 1943 2794 53
1970 2741 2060 2794 ed:
2098 2739 2262 2808 Reg.,

623 2874 755 2913 cum
798 2853 1020 2908 Phocas
1076 2837 1614 2911 Philadelphiensis
1664 2830 2036 2901 metropolita
2083 2829 2258 2898 jussu

618 2939 991 3013 imperatoris
1018 2932 1265 2991 Joannis
1294 2931 1536 2984 Batatzze
1569 2923 1634 2996 [P
1673 2921 1796 2991 441]
1830 2917 2096 3013 Michaeli
2156 2916 2263 2970 Pa-

618 3009 854 3104 laaulogo
915 3023 1328 3100 perduellionis
1411 3009 2122 3104 suspecto-purgatiouem
2166 3022 2268 3077 per

618 3096 835 3180 ferrum
870 3096 1128 3172 candens
1154 3105 1631 3183 praescripsisset,
1658 3101 1743 3155 sic
1774 3115 1905 3153 cum
1935 3096 2262 3165 alloquens:

619 3217 708 3266 Δεῖ
737 3230 793 3263 σε
823 3211 900 3277 τῷ
939 3200 1130 3276 μύδρῳ
1162 3199 1264 3265 τὴν
1324 3189 1583 3260 ἀλήθειαν
1641 3184 2105 3259 παραστήσασθαι,
2169 3200 2261 3237 re—

617 3270 1344 3375 spondisse-Michaelem:
1400 3283 1544 3357 Ἐγὼ
1602 3281 1698 3353 μὲν
1756 3270 2084 3375 ἁμαρλτιωλὸς
2147 3274 2262 3375 εἰμι

617 3362 897 3463 ἅνθρωπος
930 3383 1018 3439 καὶ
1070 3378 1449 3454 τερατουργεῖν
1506 3373 1729 3424 τοιαῦτα
1790 3368 1853 3420 οὗ
1887 3363 2141 3437 δύναμαι.
2204 3362 2265 3417 El

618 3449 816 3550 δὲημοι
875 3449 1223 3545 συμϐουλεύῃ
1286 3449 1705 3538 μήτροπολίτης
1758 3454 1831 3510 ὢν
1881 3456 1966 3510 καὶ
2010 3457 2143 3550 Θεοῦ
2175 3449 2264 3506 ἄν·

617 3571 835 3633 θόιοπος
886 3563 1037 3618 τουτὶ
1089 3556 1501 3629 διαπράξασθαι,
1551 3546 1764 3603 ἔνδυσαι
1815 3546 1907 3617 μὶν
1954 3543 2115 3603 αὐτὸς
2164 3543 2263 3609 τήν

613 3659 762 3729 ἱεράν
814 3675 908 3708 σου
956 3656 1128 3705 πᾶσαν
1181 3644 1407 3711 στολὴν,
1453 3640 1631 3703 καθὼς
1676 3635 1870 3697 εἴωθας
1922 3632 1974 3687 ἐν
2023 3636 2099 3701 τῷ
2141 3630 2266 3701 θείῳ

614 3715 955 3820 εἰσέρχθσθαι
1020 3738 1227 3811 βήματι
1283 3730 1371 3820 καὶ
1430 3726 1799 3820 ἐντυγχάνειν*
1836 3726 1983 3820 Θιειῖιἰ
2033 3720 2143 3773 εἶτα

613 3807 916 3894 ταῖςιμσαῖς
977 3826 1164 3901 χερσὶν
1225 3816 1535 3892 ἐκπύρωσόν
1602 3836 1692 3887 μοι
1749 3812 1839 3866 τὸν
1903 3807 2146 3879 σίδηρον,
2180 3812 2267 3868 αῖς

614 3928 710 3979 τοῦ
770 3918 915 3975 θείου
969 3916 1178 3993 ἐφάπτῃ
1232 3910 1567 3979 θύματος....
1621 3903 1712 3957 καὶ
1762 3903 1981 3959 ταύταις
2033 3895 2099 3965 δὴ
2148 3902 2265 3957 ταῖς

617 4017 791 4086 ἱεραῖς
872 4030 967 4062 σου
1008 3984 1202 4080 ⁸χερσῖν
1261 3999 1439 4060 ἐπίθες
1494 3995 1562 4069 τῇ
1622 3993 1770 4067 χειρί
1833 4012 1937 4061 μου
1988 3989 2078 4042 τὸν
2113 3984 2267 4056 σίδη-

620 4080 738 4177 ρον,
770 4107 877 4158 etc.
915 4098 1156 4153 Petebat
1208 4092 1487 4147 nimirum
1544 4091 1608 4140 ut
1639 4084 1888 4139 antistes
1924 4081 2085 4151 prius
2145 4080 2272 4149 ipse

619 4167 873 4265 ignitum
908 4191 1126 4241 ferrum
1162 4183 1321 4236 nuda
1353 4194 1527 4232 manu
1587 4174 1771 4228 otiose
1833 4175 2144 4225 tractatum
2208 4167 2270 4220 in

620 4257 788 4338 suam
818 4280 1158 4348 deponeret.
1205 4271 1365 4335 Quod
1401 4262 1770 4335 metropolita
1805 4275 2084 4315 recusans
2119 4257 2273 4310 hunc

626 4386 848 4426 morem
880 4382 1009 4422 esse
1043 4366 1217 4432 negat
1247 4355 1495 4414 Romani
1530 4360 1632 4408 aut
1681 4348 2059 4406 ecclesiastici
2111 4362 2273 4413 usus,

623 4462 723 4515 sed
761 4455 1159 4515 barbaricum,
1191 4462 1481 4503 excusans
1512 4437 1876 4496 ineluctabili
1912 4454 1972 4491 se
2020 4437 2273 4505 impera-

623 4550 763 4603 toris
794 4544 1139 4599 auctoritate
1172 4539 1433 4593 adistatn
1467 4534 1548 4587 illi
1574 4531 1984 4603 purgationem
2012 4526 2272 4580 indicen-

622 4602 753 4692 dam
792 4634 1154 4705 adigi;quam
1189 4636 1386 4681 tamen
1415 4602 1667 4679 Michael
1702 4616 1993 4673 recusavit
2014 4620 2283 4670 constan-
2311 4602 2358 4666 Β

624 4725 870 4780 tissime.
898 4703 1105 4773 VVideri
1140 4720 1331 4787 potest
1358 4730 1426 4768 ex
1457 4709 1721 4779 reliquiis
1755 4707 1863 4761 hoc
1918 4703 2281 4773 superfuisse

622 4815 891 4877 ethnicus,
925 4816 979 4864 et
1005 4808 1244 4879 quidem
1265 4803 1647 4876 perantiquus,
1672 4793 2279 4866 superstitionis.Nam

622 4904 938 4977 SOphocles
969 4900 1218 4955 heroicis
1253 4896 1378 4965 jam
1424 4890 1791 4960 temporibus
1848 4886 2279 4956 OEdipodarum

625 4997 841 5054 Thebis
874 4991 1247 5064 regnantium
1280 4983 1532 5042 exerceri
1567 4981 1809 5036 solitum
1860 4978 2103 5044 indicat,
2137 4977 2279 5030 dum

622 5090 682 5143 in
716 5086 1011 5156 Antigona
1040 5080 1178 5136 facit
1210 5092 1393 5132 unum
1438 5071 1751 5128 custodum
1789 5085 1938 5140 quos
1970 5084 2068 5121 rex
2098 5067 2279 5121 Creon

620 5181 971 5250 ;tpposuerat
1001 5169 1265 5227 cadaveri
1302 5163 1597 5238 Polynicis
1626 5166 1690 5216 ut
1723 5159 1960 5231 sepeliri
2005 5157 2278 5250 prohibe-

627 5246 773 5332 rent,
812 5270 1121 5336 postquam
1184 5259 1239 5312 id
1291 5258 1362 5311 ab
1422 5253 1715 5323 Antigona
1774 5254 2039 5320 opertum
2098 5246 2280 5301 humo

628 5362 833 5421 fuerat,
866 5355 1083 5408 factum
1121 5347 1242 5417 regi
1280 5345 1648 5405 referentem,
1678 5346 1736 5394 et
1786 5354 2141 5409 niagnOpere
2179 5353 2283 5391 ex-

623 5452 930 5503 cusantem
962 5443 1018 5496 id
1051 5440 1197 5495 citra
1228 5452 1397 5492 suam
1432 5439 1487 5489 et
1522 5431 1819 5486 sociorum
1855 5428 2279 5483 conscientiam

624 5549 839 5605 actum,
875 5536 995 5589 haec
1026 5533 1235 5586 dicere.

618 5666 811 5734 Ἡμεῖς
842 5657 1133 5734 δ’-ἓτοιμοι
1165 5652 1261 5734 κᾶν
1301 5648 1537 5734 μύᾷρους
1572 5645 1739 5719 α’ίρειν
1775 5650 1986 5733 χεροῖν,

620 5722 726 5794 Καὶ
758 5738 865 5809 πῦρ
898 5722 1137 5807 διέρπειν
1169 5726 1259 5781 καὶ
1293 5722 1445 5791 θεοὺς
1486 5722 1846 5794 ὁρκωμοτεῖνν

2357 575 2434 632 Τὸ
2466 574 2686 649 πρᾶγμα
2721 574 3073 651 βουλεύσαντι
3109 576 3235 647 μήτ’
3268 574 3630 648 εἰργασμένῳ.

2356 692 2533 747 Oll'ert
2562 708 2624 747 se
2655 697 2712 747 et
2741 694 2933 747 socios
2963 692 3034 746 ad
3068 691 3550 746 contrectandum
3599 691 3817 744 ferrum
3868 704 4012 742 can-

2356 783 2502 837 dens
2564 784 2619 837 in
2658 784 3065 853 probationem
3141 782 3486 837 innocentiae
3534 797 3546 835 :
3608 780 3728 835 scio
3786 796 3855 833 ex
3910 794 4009 832 ve-

2355 872 2704 927 tustissimis
2759 873 2891 941 ejus
2953 872 3063 926 loci
3123 870 3459 925 scholiastis
3520 886 3702 923 unum
3764 869 3875 923 hoc
3931 868 4006 920 ad

2355 962 2671 1031 quamdam
2699 961 3095 1031 jurisjurandi
3146 960 3549 1013 czsremoniam
3613 958 3849 1011 referre.
3913 956 4009 1011 Sic

2357 1050 2510 1104 enim
2570 1050 2649 1103 ibi
2711 1051 3013 1104 adnotat:
3076 1046 3315 1103 Εἷώθασι
3399 1045 3503 1120 γὰρ
3577 1046 3628 1098 οὶ
3714 1043 4009 1116 ὀμνύοντες

2354 1140 2522 1190 ταῦτα
2590 1142 2792 1193 ποιεῖν.
2871 1134 3126 1207 Μύδρους
3196 1135 3299 1210 γὰρ
3377 1133 3621 1209 α’ίροντες
3700 1133 4009 1206 ὲπαρῶνται

2363 1224 2535 1298 μὲνειν
2591 1225 2659 1279 τὰ
2715 1225 2873 1300 ὅρκια
2927 1223 3032 1288 ἓως
3087 1224 3240 1278 αὐτοὶ
3294 1229 3523 1301 φανῶσι,
3583 1223 3675 1277 καὶ
3734 1222 4016 1298 ῥίπτουσιν

2358 1314 2551 1376 αὐτοὺς
2583 1315 2658 1376 εἷς
2691 1315 2985 1378 θάλασσαν·
3020 1316 3206 1371 Solent
3257 1317 3409 1370 enim
3468 1314 3708 1385 (inquit)
3756 1315 4017 1384 jurantes

2357 1408 2572 1461 sublata
2604 1407 2756 1461 688
2799 1406 2941 1475 ferri
2968 1422 3153 1460 massa
3186 1412 3237 1459 et
3266 1407 3327 1459 in
3356 1420 3514 1458 mare
3569 1405 3776 1466 iactata
3831 1407 4015 1472 prole-

2357 1497 2497 1551 stari
2550 1512 2873 1550 mansuram
2934 1497 3075 1565 ipsis
3131 1496 3456 1550 Juratorum
3498 1493 3686 1562 ﬁdem,
3747 1492 3896 1562 quod
3953 1493 4014 1545 id

2357 1584 2804 1656 pondusemari
2850 1586 3160 1648 emerserit,
3222 1583 3370 1653 quod
3433 1598 3733 1651 nunquam
3790 1580 4019 1635 scilicet

2360 1673 2622 1727 futurum
2649 1673 3008 1739 sit.[taille;
3045 1673 3199 1743 quod
3254 1672 3387 1725 ferri
3448 1676 3645 1741 posset
3700 1669 3751 1723 si
3812 1665 4019 1739 μύδρος

2362 1779 2475 1816 non
2536 1762 2918 1833 significaret,
2982 1769 3041 1814 ut
3088 1761 3213 1831 ipse
3274 1761 3464 1826 docet,
3516 1756 4019 1832 πεπυρακτωμένον

2362 1846 2603 1921 σίδηρον.
2639 1850 2784 1904 Nam
2819 1850 2960 1921 quid
2996 1851 3169 1903 ardor
3197 1849 3292 1903 hic
3344 1851 3571 1913 taceret,
3627 1849 3725 1902 ubi
3778 1850 4016 1918 pondus

2360 1940 2555 1995 solum
2590 1941 2646 1994 in
2682 1956 2882 1993 massa
2914 1940 3055 1993 ferri
3090 1938 3499 2008 requirebatur
3527 1938 3554 1991 ?
3581 1940 3769 2000 Quare
3828 1938 4019 1990 verior

2361 2036 2451 2085 est
2478 2030 2677 2099 altera,
2711 2044 2887 2100 quam
2924 2044 3055 2082 mox
3090 2028 3352 2096 subjicit,
3402 2026 3705 2081 sententia.
3770 2024 4016 2087 Εἴώθασι

2364 2115 2420 2171 δὲ
2468 2116 2761 2189 ὀμνύοντες
2810 2116 2900 2169 καὶ
2953 2115 3162 2175 πίστεις
3218 2112 3455 2174 διδόντες
3519 2111 3755 2187 μύδρους
3816 2114 4020 2187 βαστά-

2366 2212 2471 2275 ζειν
2526 2205 2751 2277 καὶπῦρ
2788 2198 3147 2275 ὑπερϐαίνειν
3192 2201 3321 2263 τοὺς
3368 2203 3469 2277 γὰρ
3525 2204 3598 2273 μή
3654 2201 3886 2276 ἐνόχους
3944 2206 4025 2271 τῷ

2366 2295 2721 2367 ἁμαρτήματι
2751 2289 2927 2363 ᾤοντο
2958 2292 3045 2345 καὶ
3084 2290 3135 2345 ἐν
3168 2291 3385 2351 τούτοις
3450 2291 3525 2361 μὴ
3586 2290 3797 2364 ἀλγεῖν
3859 2292 4027 2346 Soiili

2366 2396 2490 2440 sant
2512 2385 2781 2454 jurantes
2842 2388 2891 2438 et
2950 2383 3113 2452 ﬁdem
3172 2381 3451 2436 dictorum
3506 2385 3689 2450 facere
3742 2380 4027 2435 studentes

2365 2478 2506 2546 ferri
2534 2492 2743 2529 massas
2775 2473 2982 2541 ignitas
3004 2477 3230 2543 portare
3258 2477 3312 2526 el
3337 2488 3502 2541 super
3550 2488 3763 2542 prunas
3822 2471 4024 2526 ambu-

2369 2567 2507 2630 lare,
2538 2566 2920 2619 existimantes
2949 2564 3093 2617 citra
3126 2578 3347 2616 sensum
3402 2562 3612 2616 doloris
3663 2560 3722 2615 id
3778 2566 4026 2631 facturos

2368 2673 2454 2712 eos
2481 2655 2578 2726 qui
2608 2656 2826 2709 nullius
2859 2654 2968 2708 sibi
2996 2655 3197 2707 conscii
3226 2652 3447 2722 fraudis
3474 2652 3606 2707 sint.
3804 2718 3807 2721 Α

2442 2751 2576 2815 Pag.
2611 2745 2701 2799 33.
2737 2743 2887 2811 Quod
2915 2748 3172 2796 sanctum
3202 2742 3485 2796 vocabant.
3521 2741 3709 2796 Etiam
3766 2743 4027 2813 Acropo-

2371 2834 2476 2889 lita
2505 2834 2629 2888 loco
2660 2833 2920 2895 laudato,
2955 2848 3011 2902 p.
3038 2832 3131 2890 53.
3194 2832 3414 2885 ferrum
3474 2832 3735 2886 candens
3774 2848 3893 2902 quo
3952 2832 4022 2886 ad

2373 2922 2662 2993 ejusmodi
2691 2920 3066 2992 purgationes
3099 2920 3418 2974 utebantur
3448 2919 3605 2991 ἅγιον
3643 2930 3894 2975 sanctum
3927 2937 4030 2975 vo-

2376 3013 2493 3068 cari
2524 3011 2763 3067 solitum
2789 3010 3032 3063 indicat.
3060 3012 3120 3064 In
3156 3008 3344 3065 Gallia
3374 3015 3570 3065 tamen
3593 3011 3872 3079 judicium
3925 3029 4031 3081 ap-

2378 3101 2723 3172 pellabatur,
2759 3104 2821 3151 ut
2842 3097 3225 3168 intelligimus
3249 3115 3317 3153 ex
3342 3098 3591 3153 formula
3616 3100 3869 3165 quadam
3892 3117 4032 3172 pur-

2318 3243 2332 3251 ,
2380 3190 2631 3261 gationis
2688 3187 3023 3243 istiusmodi
3086 3187 3205 3241 illic
3264 3188 3510 3255 usitatae,
3572 3204 3748 3259 quam
3810 3191 4036 3261 profert

2320 3282 2336 3301 ’
2378 3285 2585 3335 Petrus
2618 3278 2893 3349 Loyerius
2923 3294 2991 3331 ex
3021 3277 3079 3330 S.
3112 3277 3364 3332 Mauritii
3397 3279 3837 3349 Andegavensis
3862 3281 4035 3333 tabu-

2378 3370 2543 3433 lario,
2575 3374 2633 3423 et
2662 3384 2728 3421 ex
2759 3383 2825 3421 eo
2858 3367 3063 3421 recitat
3106 3365 3301 3421 Det'rio
3360 3372 3520 3421 tomo
3579 3368 3627 3421 ll
3682 3367 3835 3437 Disq.
3883 3368 4028 3436 Mog.

2378 3460 2415 3515 l.
2444 3477 2515 3513 1v.
2552 3475 2601 3512 ο.
2635 3460 2687 3523 4,
2721 3474 2776 3527 q.
2811 3456 2864 3520 4,
2898 3463 3041 3509 sect.
3085 3456 3139 3519 3,
3206 3457 3307 3510 ubi
3373 3456 3623 3527 legitur:
3685 3456 3883 3526 Sponte
3928 3475 4036 3512 sua

2365 3548 2659 3618 judicium
2680 3550 3033 3616 portaturum
3063 3562 3236 3599 manu
3281 3562 3378 3599 sua
3437 3544 3660 3609 obtulit,
3720 3552 3777 3600 et
3836 3548 4029 3601 infra:

2377 3644 2502 3693 Post
2540 3634 2816 3706 judicium
2865 3640 3144 3706 portatum
3196 3634 3477 3689 Telbaldus
3506 3635 3624 3698 ille,
3669 3640 3776 3691 Deo
3837 3639 4027 3706 prapi-

2376 3730 2575 3793 tiante,
2608 3725 2820 3780 itlaesus
2849 3728 2899 3778 et
2929 3739 3099 3777 sanus
3128 3725 3359 3778 omnino
3399 3727 3682 3794 apparuit.
3749 3726 4029 3780 Viderunt

2376 3822 2559 3871 autem
2580 3813 2859 3885 judicium
2896 3815 3116 3883 portari
3170 3814 3254 3867 vel
3311 3829 3546 3867 manum
3605 3816 3767 3868 tertia
3824 3814 3917 3870 die
3968 3816 4035 3869 de

2380 3922 2529 3960 more
2556 3903 2893 3974 reguardari
2920 3906 3035 3974 fere
3068 3902 3321 3956 universi
3341 3900 3611 3970 homines,
3637 3907 3746 3957 etc.

2453 4010 2597 4067 Ibid.
2661 4009 2859 4063 Triduo
2910 4009 3070 4079 prius
3126 4009 3427 4065 custoditus
3485 4019 3535 4066 et
3616 4027 3784 4065 manu
3875 4013 4039 4066 invo-

2380 4106 2520 4166 luta,
2554 4104 2661 4154 etc.
2699 4100 2815 4153 Hoc
2847 4098 3040 4168 ipsum
3070 4103 3160 4153 est
3186 4100 3338 4169 quod
3375 4101 3546 4155 modo
3582 4100 3869 4155 innuebat
3916 4103 4041 4153 An-

2382 4189 2749 4260 degavensis,
2784 4188 2902 4241 illis
2934 4188 3125 4243 verbis
3154 4204 3385 4242 manum
3417 4190 3579 4244 tertia
3624 4190 3712 4244 die
3760 4188 3828 4243 de
3880 4205 4044 4243 more

2384 4278 2658 4348 reguarda
2667 4280 2738 4330 ri.

2458 4368 2601 4421 Ibid.
2636 4368 2878 4433 Ignitum
2902 4366 3147 4436 globum.
3176 4368 3272 4423 Sic
3308 4363 3514 4441 μύδρον
3549 4369 3644 4425 hic
3673 4373 3843 4440 verti,
3881 4378 4043 4447 quod

2386 4474 2501 4511 non
2538 4455 2729 4511 solum
2764 4456 3069 4511 materiam
3111 4457 3383 4527 ignitam,
3411 4460 3510 4513 sed
3536 4458 3783 4530 ﬁguram
3810 4466 4047 4523 orbicu-

2388 4547 2568 4599 larem
2603 4550 2705 4601 aut
2728 4544 3077 4616 sphaericam
3104 4562 3171 4601 ea
3208 4563 3343 4601 voce
3387 4547 3632 4603 indicari
3686 4551 3931 4620 quidam
3958 4572 4051 4609 ve-

2394 4643 2579 4690 terum
2616 4635 2968 4705 signiﬁcent,
3007 4640 3070 4688 ut
3101 4638 3476 4707 Anaxagoras
3522 4640 3670 4707 apud
3724 4640 4049 4711 Laertium,

2391 4725 2430 4780 l.
2482 4740 2546 4793 ιι,
2596 4726 2739 4779 dum
2786 4724 2970 4778 solem
3012 4726 3257 4780 vocabat
3303 4722 3507 4797 μύδρον
3562 4722 3848 4801 διάπυρον.
3884 4731 4052 4789 Uude

2392 4814 2734 4869 crediderim
2801 4830 3031 4867 massas
3092 4815 3237 4869 istas
3290 4814 3388 4869 ubi
3426 4812 3625 4889 μύδροι
3666 4819 4054 4893 vocabantur,

2392 4920 2601 4977 nempe
2624 4904 2683 4959 in
2715 4905 2957 4970 Graecia,
2991 4905 3247 4975 globosis
3279 4906 3477 4961 formai
3509 4908 3713 4973 fuisse,
3766 4926 3884 4965 non
3946 4929 4055 4968 ne-

2392 4996 2554 5049 scius
2586 4994 2748 5057 alibi,
2785 5000 2848 5048 ut
2875 4995 2932 5048 in
2964 4994 3299 5059 Germania.
3332 5011 3563 5052 massas
3593 5000 3918 5056 candentes
3966 5002 4054 5058 al-

2393 5086 2579 5140 terius
2612 5084 2815 5156 figurte
2844 5085 2915 5139 ad
2947 5085 3239 5155 ejusmodi
3273 5087 3679 5157 probationem
3724 5089 4053 5163 adhibitae,

2396 5174 2676 5229 nimirum
2709 5174 3305 5243 vomeres;qualium
3358 5191 3459 5231 sex
3516 5179 3898 5236 candentium
3963 5182 4051 5255 [Ρ.

2390 5267 2515 5337 442]
2549 5270 2785 5336 arreptu
2827 5270 3182 5337 portatuque
3212 5266 3449 5322 innoxio
3471 5269 3529 5324 S.
3559 5269 4054 5343 Chuuegundem,

2392 5373 2629 5411 uxorem
2665 5356 2722 5410 S.
2764 5355 2993 5410 Henrici
3024 5357 3420 5426 imperatoris,
3470 5358 3867 5431 virginitatem
3918 5380 4052 5435 pro-

2394 5448 2568 5501 basse
2601 5451 2933 5500 memorant
2959 5446 3200 5501 Annales
3228 5447 3515 5513 Boiorum,
3551 5449 3587 5506 Ι.
3620 5466 3696 5504 Ix.

2467 5546 2603 5600 Ibid.
2637 5546 2800 5600 Nuda
2834 5560 3027 5599 manu.
3058 5545 3283 5615 Supina
3312 5546 3554 5602 scilicet.
3598 5550 3758 5615 Quod
3819 5552 4055 5625 signiﬁ-

2398 5653 2541 5691 cans
2599 5635 2988 5708 Paohymeres
3070 5635 3344 5708 superius
3402 5638 3601 5710 posuit
3660 5640 3808 5716 χειρὶ
3862 5641 4058 5717 κύψαν-

2397 5745 2481 5787 τες
2492 5764 2505 5781 ο
