4218 6450
210 360 350 450 iovi

1790 390 2019 446 NOTB.

3462 388 3600 443 1098

274 518 423 574 Ibid.
456 517 517 574 in
543 521 771 575 aetatem
804 518 930 589 jam
974 521 1090 573 tum
1138 516 1401 588 puberem
1448 516 1691 571 adultus.
1738 514 1847 569 Pa-
1880 516 1933 581 Α
1962 516 2078 569 tur.
2111 514 2244 578 Qua
2280 512 2427 568 ratio
2475 513 2722 569 fortasse
2768 512 2933 567 illum
2994 510 3230 584 impulit
3270 513 3341 568 ad
3384 518 3598 569 metam

207 607 507 679 chymeres
540 606 637 661 ubi
670 604 1239 675 Constantinopolim
1263 604 1440 673 venit,
1466 604 1663 659 statim
1690 603 1762 658 ab
1781 618 1849 657 ea

210 714 239 752 e
269 696 492 751 Latinis
522 699 887 766 recuperata,
935 694 1293 764 undeviginti
1344 709 1528 748 annos
1567 696 1691 747 erat
1742 708 1847 745 na-

208 790 325 851 tus,
361 793 422 839 ut
454 785 578 855 ipse
609 783 753 839 aitl.
788 800 850 850 ιι,
884 800 933 838 ο.
967 785 1018 849 1;
1049 783 1293 853 contigit
1323 783 1377 837 id
1403 798 1556 837 anno
1592 781 1750 846 4261,
1786 784 1848 834 ut

208 872 245 928 l.
279 890 342 929 ιιι
375 873 661 928 dicemus.
695 872 957 935 Quatuor
1006 877 1107 926 aut
1138 872 1399 943 quinque
1429 876 1564 926 ante
1594 870 1703 924 hoc
1734 885 1846 923 an-

208 962 297 1019 nis
315 964 639 1033 imperante
662 962 963 1015 Theodoro
990 960 1076 1015 hee
1109 961 1482 1030 probationes
1510 976 1611 1030 per
1630 959 1847 1011 ferrum

209 1052 466 1107 candens
506 1050 707 1105 Nicaea
755 1049 1297 1121 frequentabantur,
1348 1048 1449 1103 ubi
1496 1064 1596 1103 eas
1644 1046 1740 1101 ille
1784 1046 1848 1099 14

209 1144 307 1197 aut
340 1141 552 1211 15jam
587 1156 873 1193 annorum
908 1137 1243 1193 adolescens
1274 1142 1539 1209 spectare
1571 1136 1775 1208 potuit.

273 1239 432 1293 684
467 1238 608 1291 Ibid.
640 1238 917 1305 Quosdam
946 1237 1087 1289 citra
1118 1236 1292 1290 ullam
1317 1235 1599 1305 defunctos
1641 1250 1851 1289 noxam

208 1326 499 1384 candentis
528 1325 739 1380 metalli
770 1327 1061 1379 lactulloc
1085 1323 1355 1395 ﬁebat,[si
1388 1330 1581 1378 tamen
1617 1322 1850 1392 magicas

212 1423 363 1473 artes
395 1415 791 1479 aberant,Deo
807 1413 1124 1469 miserante
1152 1413 1441 1468 infelicem
1467 1412 1848 1467 innocentum

212 1506 639 1566 necessitatem,
672 1520 785 1557 non
844 1508 1039 1556 autem
1095 1503 1454 1572 approbante
1512 1516 1848 1573 perversum

212 1610 383 1648 usum
416 1592 557 1647 talia
579 1590 938 1661 jubentium.
971 1590 1136 1655 Vide,
1161 1592 1209 1645 si
1242 1590 1402 1656 libet,
1446 1589 1851 1659 apudeanta-

211 1698 515 1745 cuzenum,
542 1680 583 1735 l.
617 1697 703 1746 ιιι,
737 1680 892 1745 ο.27,
914 1679 1195 1751 ρ.4396ἀ.
1229 1684 1389 1750 Reg.,
1424 1678 1641 1733 mirum
1662 1692 1852 1732 exem-

214 1770 371 1841 plum
401 1769 665 1825 mulieris
700 1767 971 1824 adulterii
1021 1784 1129 1823 reae
1174 1768 1272 1823 sed
1316 1766 1669 1839 paenitentis,
1722 1782 1849 1836 quae

212 1861 291 1915 sic
316 1876 381 1915 se
412 1859 786 1915 innocentem
817 1858 940 1913 viro
972 1857 1256 1928 probavit.
1293 1858 1360 1912 Et
1398 1856 1511 1911 alia
1562 1856 1850 1926 quadam-
1882 1889 1929 1955 B

216 1959 381 2007 tenus
412 1950 631 2006 similia
662 1949 814 2020 apud
854 1947 1192 2004 Cesarium.
1241 1948 1278 2002 Ι.
1314 1965 1378 2003 ιιι
1435 1947 1845 2013 Miraculorum,

210 2056 331 2111 quae
366 2040 502 2094 inde
529 2038 736 2093 recitat
770 2036 956 2093 Delrio
991 2036 1281 2108 locojjam
1322 2036 1598 2105 indicato,
1634 2052 1690 2107 p.
1744 2036 1843 2090 321

210 2130 299 2184 ed.
334 2129 518 2199 Lugd.

277 2226 417 2297 Cap.
451 2226 537 2281 13.
570 2225 677 2282 Ubi
710 2225 925 2295 legitur
958 2225 1014 2279 in
1051 2225 1266 2280 nostris
1295 2224 1468 2279 editis
1507 2224 1588 2283 οἷς
1624 2222 1652 2275 ὁ
1684 2220 1852 2294 λόγος

214 2311 555 2386 σπούδασμα,
589 2315 718 2369 cod.
753 2314 922 2369 Barb.
954 2313 1129 2368 aliam
1162 2314 1515 2385 suggerebat
1543 2313 1851 2367 lectionem

214 2420 326 2459 non
367 2402 815 2475 improbabilem
846 2400 907 2455 τὸ
944 2397 1407 2472 σπουδαζόμενον.

278 2504 415 2573 Cap.
453 2502 541 2558 14.
575 2502 735 2566 Quod
765 2501 880 2556 duo
911 2501 1305 2571 codd.optimi
1342 2500 1571 2555 Barber.
1601 2504 1659 2554 et
1683 2498 1853 2553 Allat.

212 2590 449 2658 habent,
504 2587 593 2642 καὶ
653 2585 962 2657 ἀλαστήσας
1022 2588 1158 2659 πρὸς
1216 2586 1416 2641 ἐκεῖνον
1473 2588 1611 2655 οἷον,
1669 2586 1854 2642 Vatic.

215 2680 408 2734 reddit
435 2676 524 2731 καὶ
557 2678 671 2732 οἷον
704 2676 1069 2749 θυμούμενος.
1106 2678 1326 2749 Nempe
1364 2674 1611 2730 ἀλαστὲω
1660 2677 1859 2732 minus

217 2769 440 2824 usitata
486 2785 592 2823 vox
657 2767 782 2821 visa
840 2767 1222 2838 paraphraste
1281 2771 1384 2821 aut
1446 2766 1861 2837 interpolatore

216 2858 415 2928 potius
444 2873 619 2928 quam
668 2857 989 2928 excriptore
1050 2857 1106 2910 in
1164 2856 1448 2910 tritiorem
1511 2872 1618 2911 usu
1675 2856 1865 2909 notio-

218 2960 462 3015 remque
494 2949 719 2998 mutata
739 2949 848 3011 est,
883 2948 1057 3015 prout
1116 2944 1333 3014 passim
1376 2944 1651 3015 deinceps
1708 2943 1863 2997 idem

216 3033 375 3089 solet.
416 3034 550 3097 Quae
574 3033 880 3104 sigillatim
913 3037 1113 3087 notare
1146 3032 1323 3087 nimis
1355 3032 1594 3104 longum
1629 3033 1792 3085 foret.

285 3133 431 3203 Cap.
468 3130 551 3185 16.
586 3131 775 3200 Hujus
796 3130 1093 3185 concionis
1110 3147 1143 3184 a
1162 3130 1459 3185 Muzalone
1483 3131 1864 3201 protovestia-

217 3220 299 3274 rio
354 3219 571 3275 habitas
628 3220 981 3274 sententiam
1044 3218 1295 3274 breviter
1350 3219 1867 3289 comprehendisse

212 3309 375 3363 visus
408 3314 499 3363 est
526 3307 890 3378 Nicephorus
938 3308 1244 3376 Gregoras,
1292 3306 1328 3360 l.
1365 3324 1448 3373 ιιι,
1504 3324 1559 3378 p.
1603 3308 1691 3374 30,
1726 3308 1867 3361 dum

214 3396 295 3450 sic
358 3396 602 3451 scribit:
662 3396 846 3450 Ταῦτα
920 3390 976 3448 δὲ
1036 3393 1134 3448 οὐκ
1189 3392 1440 3464 ἐλελήθει
1506 3392 1864 3462 Μουζάλωνα·

216 3480 395 3545 δεινὸς
462 3485 553 3556 μὲν
613 3484 715 3559 γὰρ
747 3484 775 3537 ὁ
801 3482 939 3557 ἀνὴρ
971 3484 1058 3537 καὶ
1092 3482 1358 3557 πρότερον
1389 3483 1455 3553 ἦν
1489 3482 1541 3545 ἐς
1590 3484 1651 3538 τὸ
1698 3479 1871 3537 συνιέ-

214 3593 297 3627 ναι
352 3576 607 3627 τοιαῦτα·
665 3573 791 3627 τότε
846 3569 903 3627 δὲ
958 3572 1049 3627 καὶ
1107 3576 1213 3627 τῶν
1274 3573 1610 3649 πραγμάτων
1643 3572 1868 3641 ζεόντων

213 3664 302 3717 καὶ
353 3662 600 3737 ἀγωνίαν
655 3661 913 3738 μεγίστην
960 3666 1030 3735 τῇ
1088 3662 1294 3716 τούτων
1344 3666 1498 3737 ψυχῇ
1548 3661 1871 3738 προξενοῦν-

212 3772 345 3820 των,
410 3752 778 3824 συνετώτερος
830 3750 988 3813 αὐτὸς
1030 3749 1204 3806 ἐδόκει
1249 3749 1451 3823 πολλῷ
1499 3750 1711 3807 ἑαυτοῦ.
1765 3750 1871 3806 Καὶ

210 3837 276 3909 δὴ
308 3842 415 3909 τὴν
466 3839 736 3915 ταχίστην
783 3839 837 3901 ἐς
894 3837 1289 3915 βουλευτήριον
1333 3842 1569 3902 ἅπαντας
1624 3846 1873 3915 μεγιστᾶ-

208 3950 299 3992 va;
331 3928 711 4001 συνηθροικὼς
740 3926 911 3999 δεξιάν
943 3950 1001 3983 τε
1047 3927 1229 3984 ἐδίδου
1258 3935 1376 3991 τοῖς
1429 3928 1602 3995 ὅλοις,
1648 3929 1737 3983 καὶ
1768 3929 1873 3983 ἀπὸ

206 4016 302 4073 τοῖ’)
333 4018 571 4088 ἥττονος
620 4014 891 4094 προῦφερι
920 4020 1020 4088 τὴν
1048 4017 1294 4091 ὁμιλίαν,
1346 4018 1435 4073 καὶ
1469 4016 1640 4087 δῆλος
1670 4020 1735 4087 ἦν
1768 4039 1873 4073 πα-

212 4111 570 4183 ραχωρήσων
617 4107 868 4180 ἆσμὲνως
919 4112 998 4179 τῷ
1051 4107 1377 4181 βουλομένῳ
1419 4109 1519 4176 τήν
1572 4108 1872 4179 ἐπιτροπὴν

210 4201 315 4251 τῶν
347 4218 411 4252 τε
455 4200 659 4251 κοινῶν
707 4195 1045 4270 πραγμάτων
1089 4198 1175 4250 καὶ
1229 4194 1391 4251 αὐτοῦ
1443 4194 1637 4267 δήτοῦ
1683 4194 1877 4260 παιδὸς

212 4291 309 4340 τοῦ
340 4284 645 4362 βασιλέως.
675 4286 805 4343 Haec
837 4287 939 4342 ibi.
974 4292 1051 4342 Ex
1098 4288 1314 4358 quibus
1359 4293 1519 4359 patet
1562 4287 1873 4359 Georgium

220 4376 599 4433 Muzalonem
664 4375 1173 4448 protovestiorium
1241 4376 1390 4431 bene
1450 4376 1875 4447 intelligentem

215 4471 444 4536 quanta
475 4464 537 4519 in
571 4481 705 4519 eum
738 4466 1014 4537 ﬂagraret
1056 4464 1295 4532 invidia,
1348 4466 1421 4520 ad
1472 4467 1766 4536 principes
1814 4465 1875 4519 in

213 4559 497 4610 senatum
533 4558 878 4610 convocatos
910 4569 1043 4608 cum
1087 4554 1382 4609 submisse
1427 4559 1603 4625 atque
1633 4554 1877 4609 obnoxie

1957 600 2215 657 historiae
2248 618 2366 656 suis
2403 601 2771 672 tigendamin
2803 600 3243 673 recuperatione
3265 600 3597 672 urbis,qu£e

1957 688 2202 745 Joannis
2232 690 2672 745 excacationem
2708 690 2861 745 haud
2895 690 3065 761 longo
3088 690 3276 761 spatio
3301 692 3601 761 praecessit

1960 783 2025 832 ut
2055 777 2203 833 libro
2218 778 2499 833 iubarum
2525 778 3009 833 Observationum
3034 780 3595 835 demonstrabimus.

1958 870 2072 921 Nec
2104 868 2266 923 abest
2296 868 2930 938 aiverisimilisensisse
2954 869 3366 941 Acropolitam,
3389 869 3453 939 [P
3471 870 3598 941 443]

1959 955 2175 1027 quippe
2207 956 2502 1011 hominem
2527 957 2828 1028 politicum
2861 958 2921 1012 in
2954 958 3176 1029 paucis,
3222 974 3400 1028 quam
3448 965 3603 1013 esset

1959 1044 2107 1101 635
2137 1045 2342 1100 merito
2374 1051 2681 1116 suspectus
2713 1046 2951 1101 Michael
3003 1046 3362 1117 Palzeologus
3393 1064 3603 1117 procu-

1960 1139 2094 1188 ratze
2125 1132 2275 1187 clam
2306 1134 2626 1190 eversionis
2656 1150 2722 1189 oc
2766 1135 2940 1190 caedis
2988 1134 3383 1203 Muzalonum,
3434 1137 3602 1207 cujus

1959 1223 2087 1276 ideo
2117 1222 2518 1294 catastrophes
2550 1228 2868 1295 apparatus
2917 1240 2981 1277 ac
3011 1239 3220 1279 causas
3277 1225 3603 1295 disquirere

1958 1311 2247 1366 curiosius
2277 1312 2541 1367 omiserit
2570 1313 2628 1367 in
2661 1329 2832 1385 opere
2863 1314 2932 1367 ad
2966 1312 3237 1384 gratiam,
3268 1318 3329 1367 ut
3361 1320 3603 1385 apparet

1962 1400 2292 1470 Paleologaa
2324 1399 2556 1454 familiae
2590 1405 2727 1455 tunc
2760 1402 3057 1472 regnantis
3079 1401 3256 1457 edito.
3304 1402 3601 1472 Suspicio-

1961 1490 2053 1543 nis
2084 1490 2211 1559 ejus
2243 1495 2471 1558 (praeter
2515 1489 2853 1545 Cassianam
2914 1491 3307 1558 conjecturam
3343 1507 3407 1545 ex
3468 1508 3601 1545 suc-

1960 1592 2126 1632 cessu
2160 1577 2420 1648 petitam,
2441 1594 2568 1648 quae
2601 1578 2649 1632 si
2672 1594 2804 1633 eum
2821 1579 3286 1648 onerabatcujus
3314 1578 3504 1633 fructu
3536 1596 3601 1633 ac

1961 1667 2111 1722 bono
2146 1666 2397 1721 maximo
2428 1668 2608 1722 amoti
2648 1685 2679 1721 e
2725 1668 2914 1722 medio
2972 1668 3303 1723 Muzalones
3362 1670 3601 1735 fuerint,

1960 1756 2254 1811 neminem
2292 1756 2480 1828 magis
2507 1756 2831 1811 infamabat
2869 1773 3044 1827 quam
3097 1757 3461 1824 Michaelem,
3507 1761 3600 1813 cui

1963 1845 2156 1899 aditus
2186 1845 2257 1899 ad
2291 1845 2605 1916 imperium
2637 1845 2746 1900 hoc
2780 1847 2928 1901 facto
2961 1847 3434 1917 patuerit)etiam
3468 1848 3601 1902 fun-

1960 1934 2302 1988 damentum
2367 1932 2526 1987 aliud
2577 1934 2960 2006 Pachymeres
3001 1935 3284 2005 suggerit,
3320 1952 3375 2006 p.
3423 1936 3494 1989 55
3543 1938 3601 1993 in

1958 2022 2113 2076 hunc
2144 2023 2382 2076 modum
2410 2022 2701 2078 scribens:
2733 2020 2919 2077 Λῖτίαν
2955 2020 3013 2076 δὲ
3031 2017 3188 2096 ἔσχεν
3219 2022 3293 2083 εἰς
3322 2027 3509 2092 τοῦτο,
3530 2026 3605 2089 ὡς

1960 2109 1987 2161 ὁ
2044 2112 2149 2161 τῶν
2207 2107 2435 2164 πολλῶν
2496 2109 2660 2185 λόγος
2714 2106 2853 2185 ἔχει,
2888 2113 2915 2166 ὁ
2944 2112 3150 2166 τούτων
3189 2120 3289 2181 τῆς
3322 2116 3602 2191 φάλαγγος

1960 2196 2431 2271 ἐξηγούμενος,ὃς
2488 2200 2574 2253 καὶ
2624 2199 2791 2255 πάλαι
2845 2202 2939 2273 μὶν
2969 2203 3334 2275 ὡρμημένους
3386 2202 3600 2274 αὐτοὺς,

1958 2286 2081 2340 τότε
2113 2284 2158 2340 δ’
2190 2286 2505 2365 ἐξαφθέντας
2534 2288 2726 2361 ξπλὲον
2788 2290 3060 2351 ἀνεθὲντας
3114 2295 3211 2344 τοῦ
3269 2287 3461 2368 φόϐου,
3515 2292 3605 2346 καὶ

1964 2373 2313 2452 δρασείοντας
2370 2380 2436 2432 τὰ
2486 2378 2781 2449 ἀνήκεστα,
2844 2379 2894 2450 ἐξ
2951 2380 3171 2452 ἑτοίμου
3244 2383 3461 2451 ἠρέθισε
3515 2383 3606 2436 τὸν

1965 2467 2126 2543 φόνον
2185 2466 2554 2540 ἐπιτολμῆσαι
2606 2469 2791 2543 καιρὸν
2850 2466 3096 2545 ἔχοντας.
3162 2472 3323 2526 Καὶό
3356 2470 3517 2544 λόγος
3551 2471 3611 2525 ἐκ

1963 2560 2068 2609 τῶν
2128 2554 2346 2631 ὕστερον
2407 2554 2556 2634 φέρει
2613 2558 2691 2611 τὸ·
2731 2560 2978 2621 πιθανόν·
3041 2557 3295 2634 οὐδὲγὰρ
3337 2558 3609 2631 ἐτόλμων,

1964 2645 2017 2699 τί
2069 2646 2143 2717 μή
2174 2667 2320 2707 τινας
2349 2642 2701 2721 προϐιϐάσας
2761 2647 2937 2722 εἶχον,
2968 2646 3285 2712 ἀλλοεθνεῖς
3328 2644 3477 2710 ὄντες
3523 2650 3613 2704 καὶ

1966 2736 2029 2788 τὸ
2059 2735 2225 2789 πλέον
2256 2734 2548 2805 ἐπήλυδες,
2592 2743 2700 2794 etc.
2760 2741 2894 2804 Quae
2944 2739 3280 2809 signiﬁcant
3326 2741 3614 2809 jactatum

1965 2827 2088 2895 jam
2122 2830 2246 2879 tum
2291 2827 2519 2881 arcanis
2578 2828 2841 2882 susurris
2902 2827 3339 2899 plerarumque,
3399 2831 3614 2885 eisdem

1972 2913 2347 2970 Muzalonum
2380 2916 2451 2970 ab
2503 2915 2705 2971 Italica
2760 2917 3011 2971 maxime
3061 2916 3273 2972 militia
3326 2924 3615 2989 patratum

1977 3003 2130 3057 haud
2165 3004 2290 3058 sine
2320 3004 2678 3060 conscientia
2708 3010 2765 3061 et
2794 3005 2969 3061 tacito
2998 3006 3261 3077 impulsu
3294 3008 3465 3062 ducis
3504 3008 3618 3062 hu-

1969 3091 2071 3161 jus
2102 3091 2332 3163 generis
2366 3093 2621 3148 militum
2652 3094 2831 3148 videri
2865 3100 3235 3151 attentatam.
3264 3096 3386 3152 Non
3412 3098 3495 3152 ait
3526 3098 3616 3151 hic

1978 3182 2215 3251 quidem
2251 3182 2595 3237 nominatim
2628 3183 2764 3253 quis
2795 3183 2903 3238 iste
2934 3184 3050 3239 dux
3083 3184 3256 3239 fuerit
3279 3186 3410 3253 ;sed
3446 3203 3619 3257 supe-

1899 3258 1944 3325 C
1983 3269 2105 3323 rius
2138 3286 2189 3339 p.
2223 3270 2282 3323 2i
2310 3271 2436 3339 jam
2469 3270 2693 3326 dixerat
2742 3270 2972 3327 Italicas
3021 3289 3226 3329 omnes
3272 3275 3469 3345 cepias
3516 3275 3619 3327 Mi-

1979 3357 2163 3413 chaeli
2226 3358 2565 3431 Palteologo,
2625 3365 2691 3415 ut
2748 3376 2960 3432 magno
3016 3363 3376 3431 conostaulo,
3441 3364 3624 3419 fuisse

1980 3449 2300 3518 subjectae.
2335 3448 2499 3505 Unde
2528 3454 2755 3505 constat
2782 3450 2890 3505 hoc
2929 3450 3052 3506 loco
3084 3452 3458 3523 designatum
3517 3454 3627 3509 Mi-

1981 3535 2262 3605 chaelem,
2295 3538 2466 3592 tacito
2497 3543 2692 3593 tamen
2723 3539 2851 3609 ejus
2896 3541 3152 3611 nomine,
3201 3542 3272 3596 ad
3325 3542 3627 3597 vitandam

1982 3625 2204 3681 scilicet
2235 3627 2614 3682 offensionem
2648 3628 2995 3699 imperantis
3029 3631 3261 3686 domus.

2054 3736 2190 3801 Pag.
2226 3733 2312 3786 49.
2348 3733 2513 3804 Cujus
2562 3737 2757 3789 uxoris
2797 3737 3135 3790 avunculum
3180 3754 3238 3792 se
3288 3738 3630 3793 meminerat.

1983 3820 2302 3892 Conjugem
2360 3823 2784 3893 protovestiarii
2850 3824 3172 3881 Muzalonis
3231 3826 3535 3897 Gregoras,
3590 3828 3628 3881 Ι.

1984 3926 2068 3975 ιιι,
2104 3927 2234 3982 pag.
2268 3912 2359 3980 29,
2393 3912 2585 3967 solum
2617 3913 2698 3967 ait
2724 3912 3179 3985 eximperatorio
3196 3932 3406 3987 genere
3427 3917 3628 3972 fuisse:

1983 4006 2215 4071 gentem
2248 4017 2361 4055 non
2394 4002 2686 4073 exprimit.
2725 4002 3071 4074 Diligentius
3119 4009 3316 4059 noster
3354 4007 3479 4076 jam
3529 4023 3631 4060 su-

1986 4089 2205 4161 perius,
2240 4090 2408 4160 p.24,
2449 4092 2768 4162 scripserat
2814 4092 2997 4147 fuisse
3054 4092 3214 4147 illam
3276 4094 3626 4150 Cantacuze-

1985 4195 2119 4233 nam
2153 4195 2220 4232 ex
2246 4184 2404 4249 patre
2437 4178 2736 4234 Michaelis
2760 4180 3067 4252 Palaeologi
3100 4198 3297 4236 sorore
3345 4184 3629 4254 genitam,

1984 4268 2219 4323 nomine
2245 4268 2628 4323 Theodoram.
2662 4269 2809 4325 Vere
2841 4285 2976 4342 ergo
3008 4270 3213 4326 scribit
3234 4276 3433 4327 noster
3461 4278 3517 4327 et
3538 4274 3631 4328 hic

1984 4364 2042 4413 et
2071 4359 2180 4412 sub
2214 4358 2387 4411 tinem
2422 4375 2476 4428 p.
2508 4359 2598 4424 62,
2636 4358 2979 4414 Michaelem
3032 4359 3420 4432 Palaaologum
3462 4358 3633 4428 θὲῖον,

1986 4446 2095 4501 hoc
2126 4451 2213 4500 est
2244 4445 2599 4501 avunculum
2637 4448 2817 4503 fuisse
2848 4448 3042 4503 uxoris
3075 4448 3415 4504 Muzalonis.
3442 4450 3635 4513 Quan-

1986 4551 2158 4606 quam
2194 4534 2338 4589 mihi
2365 4536 2738 4602 posteriorem
2773 4536 2962 4592 locum
2999 4538 3409 4610 interpretanti
3448 4541 3637 4610 patrui

212 4642 513 4708 locutum,
547 4649 673 4696 tum
722 4641 873 4697 serio
917 4642 1295 4715 deprecatum
1359 4642 1571 4698 nimios
1629 4643 1865 4697 honore:

1988 4624 2342 4680 vocabulum
2399 4642 2502 4697 pro
2572 4626 2857 4681 avunculo
2915 4627 3165 4696 excidit;
3225 4630 3380 4699 quod
3432 4645 3638 4701 precor

211 4732 435 4803 quibus
468 4736 631 4786 esset
662 4731 838 4787 homo
887 4748 1076 4787 novus
1134 4731 1520 4787 nobilissimis
1579 4731 1875 4803 praelatus,

210 4821 367 4877 ultro
402 4821 850 4877 abdicationem
892 4820 1426 4877 administrationis
1455 4820 1783 4891 reipublicaa
1819 4828 1878 4878 et

210 4910 409 4965 tutelae
442 4908 621 4980 pueri
666 4910 921 4981 Augusti
967 4909 1276 4965 obtulisse.
1308 4910 1468 4966 Unde
1498 4915 1735 4982 apparet
1788 4910 1876 4966 vel

210 4996 361 5055 hanc
392 5014 537 5055 esse
566 4997 759 5070 ipsam
799 4996 1131 5071 αὐτόχρημα
1172 4998 1494 5055 Muzalonis
1526 4998 1875 5067 orationem,

210 5090 382 5159 cujus
400 5087 749 5159 exemplum
778 5087 1154 5161 Pachymeres
1184 5093 1391 5143 nactus
1414 5088 1550 5143 huic
1578 5088 1702 5143 loco
1722 5089 1874 5144 inse-

213 5178 416 5243 ruerit,
472 5177 567 5233 vel
620 5177 668 5233 si
729 5177 801 5233 ab
859 5177 989 5249 ipso
1016 5176 1347 5248 conscripta
1378 5181 1468 5233 est
1501 5176 1871 5250 Pachymere,

212 5274 342 5338 apte
374 5268 453 5323 ab
490 5282 566 5321 eo
618 5267 687 5321 ad
738 5282 936 5321 vervm
998 5266 1385 5331 eﬂ’ormatam,
1444 5266 1776 5337 AcrOpolita
1806 5268 1877 5323 de

212 5355 305 5413 his
334 5356 502 5421 silet,
535 5372 606 5411 ac
637 5355 869 5411 solitam
903 5355 1270 5428 diligentiam
1306 5356 1601 5411 remittere
1648 5357 1879 5411 videtur

215 5447 269 5501 in
304 5447 442 5503 istis
480 5444 927 5516 initiisimperii
980 5444 1302 5513 Michaelis,
1358 5445 1573 5513 vitans,
1629 5451 1695 5500 ut
1751 5447 1877 5519 opi-

216 5552 340 5603 nor,
392 5541 689 5605 tanquam
742 5532 1048 5604 scopulum
1104 5534 1387 5589 nefariam
1433 5534 1876 5606 oppressionem

215 5625 425 5698 pupilli
452 5623 739 5691 Joannis,
772 5640 843 5681 ne
874 5623 1290 5695 imperatorem
1320 5622 1682 5689 Michaelem,
1707 5626 1877 5697 cujus

218 5729 532 5788 nunquam
571 5712 701 5769 sine
730 5712 918 5785 elogio
951 5711 1237 5783 meminit,
1269 5712 1602 5785 vituperare
1643 5728 1874 5788 cogere-

542 5834 818 5894 ΡΑτιιοι..
866 5833 978 5894 Gn.
1024 5831 1278 5894 CXLIII.

1988 4713 2265 4769 lectorem
2298 4730 2370 4769 ne
2402 4715 2692 4786 corrigere
2722 4721 3015 4788 gravetur.

2057 4821 2193 4891 Pag.
2242 4822 2333 4876 50.
2390 4823 2470 4877 lbi
2515 4822 2710 4892 fatalis
2757 4824 3057 4879 necessitas
3104 4840 3333 4881 causam
3362 4827 3627 4882 absolvit.

1985 4911 2198 4966 Mentio
2226 4910 2319 4965 hic
2352 4910 2545 4967 fatalis
2580 4913 2946 4969 necessitatis
2990 4914 3063 4969 ad
3123 4914 3331 4969 mortis
3387 4916 3632 4971 inevita-

1984 4999 2160 5056 bilem
2195 5000 2603 5056 certitudinem
2640 5001 3041 5073 pertinet,non
3064 5004 3534 5076 autem,opinor,
3559 5006 3630 5061 ad

1985 5093 2369 5148 astruendum
2410 5092 2658 5165 impium
2717 5095 2932 5167 dogma
2987 5094 3317 5151 libertatem
3381 5098 3628 5154 arbitrii.

1985 5198 2161 5253 quam
2229 5182 2496 5238 doctrina
2547 5183 2836 5239 catholica
2903 5185 3054 5239 tueri
3104 5187 3296 5257 jubet,
3361 5189 3637 5243 extermi-

1986 5288 2132 5326 nans
2156 5288 2460 5342 perperam
2494 5278 2715 5327 asserta
2742 5290 3058 5330 causarum
3091 5280 3441 5330 aaternarum
3468 5277 3638 5332 obvia

1990 5377 2236 5431 quaeque
2266 5360 2720 5417 ineluctabiliter
2752 5363 3106 5432 rapientium
3139 5364 3354 5419 invicta
3383 5367 3637 5436 quadam

1984 5450 2061 5507 vi.
2092 5450 2149 5505 Si
2182 5455 2375 5505 tamen
2411 5451 2505 5506 hic
2563 5456 2665 5506 aut
2722 5451 2860 5507 alibi
2920 5458 3123 5508 uester
3182 5454 3496 5509 historicus
3541 5459 3645 5511 aut

1985 5539 2110 5610 ipse
2134 5539 2392 5595 afﬁrmat
2423 5539 2726 5611 quidpiam
2761 5545 2863 5595 aut
2891 5540 3037 5596 alios
3079 5542 3301 5597 aientes
3352 5544 3548 5608 refert,
3582 5545 3640 5598 in

1986 5644 2102 5701 quo
2134 5629 2264 5699 ejus
2294 5630 2605 5700 proscripti
2638 5631 2711 5685 ab
2743 5629 3002 5687 Ecclesia
3051 5632 3266 5688 erroris
3322 5632 3639 5704 vestigium

1989 5718 2226 5791 aliquod
2255 5718 2753 5791 deprehendatur,
2785 5720 3123 5778 meminerit
3167 5721 3350 5778 lector
3393 5722 3639 5778 catholi-

3241 5841 3315 5900 35

3786 4486 3811 4521 τ
