4248 6438
626 400 767 455 1099

1670 400 1739 453 P.
1780 396 2057 451 POSSINI
2093 393 2709 451 OBSERVATIONUM
2745 396 2882 451 LIB.
2921 400 2994 453 Π.

3902 404 4043 462 1100

624 540 729 578 cus
762 523 908 577 nihil
944 521 1332 593 praajudicare
1351 524 1550 575 contra
1571 519 1951 575 orthodoxam
1976 518 2277 572 veritatem
2310 518 2363 584 Α
2393 523 2787 572 consentanea
2813 519 2993 575 variis
3027 520 3287 580 historia
3337 528 3393 581 et
3451 525 3711 583 chronici
3762 527 3854 584 sui
3895 528 4037 585 locis

625 610 926 681 quaslibet
986 609 1506 665 schismaticorum
1560 608 1883 677 oﬂniones.
1932 606 2078 660 Nam
2128 610 2191 659 ut
2222 606 2281 660 in

625 698 968 768 praefatione
1000 699 1491 769 praemonuimus,
1544 696 1635 749 hic
1685 696 1937 765 scriptor
1992 692 2280 749 schisma~

628 788 785 842 ticus
816 792 924 843 est.

698 887 852 941 636
884 887 1024 958 Cap.
1061 886 1147 940 19.
1202 887 1337 951 Quae
1388 885 1529 940 urbs
1576 901 1811 940 scenam
1870 882 2093 939 dederit
2142 879 2282 935 huic

623 976 949 1045 tragoedias,
983 990 1088 1029 nec
1127 980 1327 1028 noster
1358 990 1462 1028 nec
1494 974 1831 1045 AcrOpolita
1869 989 1973 1026 nec
1996 974 2280 1041 Gregoras

627 1064 801 1132 clare,
834 1064 976 1117 dum
1012 1079 1139 1118 eam
1176 1069 1440 1130 narrant,
1476 1063 1826 1132 exprimunt.
1852 1060 2052 1115 Fuisse
2085 1063 2279 1113 autem

626 1152 989 1224 Magnesiam
1058 1168 1123 1205 ex
1197 1152 1429 1205 duobus
1496 1149 1860 1221 argumentis
1926 1147 2278 1217 colligimus.

626 1241 792 1295 Prius
824 1241 1091 1311 estquod
1134 1257 1183 1294 c.
1239 1241 1304 1293 15
1357 1241 1533 1294 r-.-fert~
1590 1238 1991 1309 Pachymcres,
2051 1240 2280 1290 mortuo

622 1330 927 1385 Theodoro
960 1333 1221 1399 Augusto
1250 1329 1379 1399 ejus
1414 1328 1598 1382 filium
1632 1328 1704 1382 ab
1735 1328 1863 1398 ejus
1906 1330 2095 1379 tutore
2153 1328 2276 1378 Mu-

619 1418 822 1474 zalone
855 1418 1174 1473 deductum
1209 1417 1269 1471 in
1303 1415 1769 1472 munitissimam
1810 1431 2002 1471 arcem
2035 1415 2105 1468 ad
2140 1412 2279 1467 Her-

621 1524 785 1562 mum
824 1506 1154 1578 Magnesiae.
1209 1508 1398 1571 Quare
1447 1522 1580 1560 cum
1645 1506 2021 1559 manifestum
2081 1501 2155 1557 sit
2212 1518 2280 1556 ex

617 1596 751 1666 ipsa
782 1595 1062 1651 relatione
1095 1596 1176 1650 rei
1210 1611 1365 1650 nono
1392 1595 1483 1648 die
1514 1612 1547 1649 a
1577 1594 1861 1649 Theodori
1894 1593 2053 1647 obitu
2078 1596 2275 1663 gestas,

622 1702 735 1740 non
759 1684 932 1756 longe
956 1684 1217 1739 abfuisse
1235 1686 1515 1739 Joannem
1540 1682 1823 1754 pupillum
1852 1681 2020 1737 aloco
2044 1680 2141 1735 ubi
2159 1681 2277 1736 Mu-

621 1774 854 1829 zaloncs
886 1773 1175 1828 interfecti
1210 1772 2047 1844 sunt,oportetidfactumnon
2076 1768 2272 1841 procul

622 1864 693 1917 ab
719 1863 862 1917 urbe
891 1863 1205 1933 Magnesia.
1240 1862 1409 1917 Aliud
1437 1868 1846 1933 argumentum
1881 1861 2174 1914 sumimus
2205 1876 2273 1913 ex

620 1952 837 2022 templo
858 1952 1418 2019 Sosandrorum,ubi
1445 1950 1743 2021 piaculum
1779 1950 1923 2004 illud
1976 1954 2270 2021 patratum

620 2047 727 2096 est.
768 2044 841 2096 De
873 2058 989 2112 quo
1022 2041 1105 2095 sie
1137 2041 1342 2095 scribit
1373 2040 1680 2110 Gregoras,
1716 2039 1754 2093 l.
1792 2055 1851 2105 Il,
1896 2054 2027 2109 pag.
2060 2040 2150 2106 21,
2202 2039 2272 2093 de

616 2131 844 2185 Joanne
875 2136 1032 2185 Duca
1066 2130 1185 2184 sive
1218 2131 1445 2184 Batatza
1469 2133 1526 2183 et
1558 2130 1688 2199 ejus
1720 2128 1963 2196 conjuge
2007 2130 2273 2198 Augusta

617 2236 793 2274 rene:
855 2215 1175 2289 Ἐδείμαντο
1233 2214 1289 2271 δὲ
1338 2217 1427 2270 καὶ
1461 2217 1621 2279 ναοὺς
1652 2215 1950 2292 ἀμφότεροι
2003 2213 2124 2269 λίαν
2171 2236 2271 2268 πε-

615 2305 917 2382 ρικαλλεῖς,
971 2305 1249 2367 πλείστοις
1294 2304 1647 2378 ἀναλώμασιν
1704 2304 1957 2378 μεγίστας
2008 2303 2097 2357 καὶ
2146 2324 2271 2358 ποι-

610 2395 770 2458 κίλας
822 2396 919 2458 τὰς
976 2394 1181 2450 τούτων
1242 2392 1541 2468 οἰκοδομὰς
1591 2397 1675 2465 [Ρ.
1712 2396 1837 2466 414]
1881 2395 2271 2448 κατεσκευακό-

612 2507 721 2556 τες,
783 2487 809 2540 ὁ
869 2487 961 2558 μὲν
1027 2484 1280 2559 βασιλεὺς
1330 2484 1419 2538 τόν
1466 2505 1524 2538 τε
1552 2483 1675 2557 περὶ
1707 2483 1803 2551 τήν
1838 2483 2147 2557 Μαγνησίαν
2198 2481 2275 2545 εἷς

616 2571 793 2647 ὄνομα
843 2581 942 2644 τῆς
1002 2577 1353 2648 Θεομήτορος
1410 2571 1705 2646 Σώσανδρα
1761 2572 2125 2644 καλούμενον,
2182 2573 2272 2626 καὶ

614 2664 706 2718 τὸν
767 2663 915 2725 ἐντὸς
960 2670 1062 2732 τῆς
1109 2656 1334 2724 Νικαίας
1362 2662 1436 2723 εἷς
1470 2659 1644 2734 ὄνομα
1700 2662 1992 2717 Ἀντω-.ίου
2049 2664 2143 2714 τοῦ
2180 2681 2271 2733 με-

616 2751 899 2827 γάλου.Εη
918 2753 1204 2825 templum
1227 2754 1656 2808 Sosandrorum
1675 2751 1897 2805 dictum
1921 2751 2269 2806 aediﬁcatum

621 2843 1208 2915 magnificentissime
1241 2860 1272 2896 a
1302 2842 1527 2896 Joanne
1561 2844 1789 2895 Batatza
1842 2844 2100 2910 Augusto
2147 2839 2271 2914 περὶ

618 2929 939 3005 Μαγνησίαν
1001 2930 1153 2984 circa
1212 2931 1595 3001 Magnesiam,
1644 2929 1749 2983 hoc
1781 2934 1889 2997 est,
1926 2933 1988 2983 ut
2044 2929 2270 3000 opinor,

618 3022 677 3075 in
707 3022 1047 3075 suburbano
1079 3021 1207 3089 ejus
1240 3019 1496 3073 civitatis
1531 3028 1691 3073 exlra
1720 3019 1846 3088 ejus
1878 3034 2097 3073 muros.
2126 3018 2272 3074 Nam

619 3111 723 3163 hoc
754 3110 931 3180 exigit
964 3107 1276 3162 antithesis
1309 3124 1441 3161 cum
1477 3106 1591 3161 alio
1627 3106 1683 3159 in
1720 3107 1999 3160 honorem
2032 3111 2087 3159 S.
2148 3114 2271 3161 An-

614 3199 757 3253 tonii
786 3198 1005 3267 Magni,
1057 3194 1207 3255 ἐντὸς
1262 3202 1365 3263 τῆς
1425 3192 1651 3254 Νικαίας
1711 3196 1867 3249 intra
1926 3204 2125 3250 urbem
2175 3196 2273 3249 Ni-

618 3304 795 3341 caeam
826 3288 898 3341 ab
925 3286 1137 3340 cadum
1172 3290 1416 3339 structo.

688 3389 825 3456 Pag,
880 3386 973 3449 6,2
1025 3387 1250 3454 Impune
1302 3386 1449 3438 velut
1480 3399 1508 3438 e
1560 3384 1722 3453 Mysis
1775 3381 2026 3453 praedam
2080 3400 2264 3450 conge-

616 3478 828 3543 rebant,
863 3480 993 3541 etc.,
1030 3475 1113 3527 sic
1146 3474 1544 3544 expressimus
1585 3473 1787 3526 Graeca
1832 3471 1933 3526 illa
1975 3470 2065 3523 καὶ
2125 3469 2270 3525 λείαν

618 3563 814 3617 Μυσῶν
847 3562 1105 3616 τάκείνων
1170 3560 1411 3615 ἐποίουν.
1476 3562 1688 3616 Notum
1750 3561 2083 3615 Graecorum
2132 3563 2270 3617 ada-

621 3656 784 3726 gium
818 3660 908 3708 est
939 3654 1140 3707 Μυσῶν
1195 3648 1362 3718 λείας
1422 3651 1478 3705 in
1531 3652 1701 3721 cujus
1754 3651 2122 3705 enarratione
2180 3669 2269 3707 as-

621 3745 843 3799 sentior
892 3743 1087 3814 potius
1118 3740 1368 3796 Zenobio
1430 3744 1487 3795 et
1542 3740 1732 3793 Suidae
1795 3740 2022 3809 passive
2084 3740 2139 3793 id
2200 3742 2270 3795 de

610 3834 786 3903 Mysis
820 3833 1027 3904 praedas
1060 3833 1185 3886 sine
1228 3830 1456 3884 vindice
1498 3829 1782 3899 expositis
1840 3828 2269 3899 interpretanti-

612 3925 744 3990 bus,
781 3940 957 3993 quam
995 3922 1354 3991 Diogeniano
1390 3920 1581 3990 Mysos
1631 3920 1982 3989 praedatores
2035 3920 2265 3975 vicino—

608 4030 741 4067 rum
774 4016 900 4068 sinc
934 4017 1174 4066 auctore
1208 4010 1417 4063 idoneo
1453 4010 1772 4063 inducenti.

675 4115 814 4181 Pag.
844 4111 934 4165 59.
970 4113 1224 4164 Calceum
1258 4107 1317 4160 in
1362 4116 1586 4161 mortuo
1642 4105 1887 4175 nigrum.
1950 4106 2263 4161 Existima~

600 4205 733 4253 rant
767 4199 922 4253 hunc
955 4196 1465 4269 Theophylactum
1491 4195 1945 4264 grammaticum
1969 4212 2097 4249 esse
2129 4211 2261 4266 pro-

596 4288 999 4343 tovestiarium
1036 4284 1687 4355 Muzalonem.ideeque
1711 4282 1879 4337 illum
1904 4284 2258 4341 occiderant.

596 4378 707 4431 Sed
741 4393 878 4431 cum
916 4374 1132 4429 mortui
1169 4374 1397 4428 calceos
1424 4373 1627 4443 nigros
1681 4371 2256 4444 animadvertissent,

594 4458 821 4520 errasse
854 4481 915 4518 se
939 4468 1320 4535 agnoverunt.
1385 4461 1699 4528 Nimirum,
1753 4464 1816 4514 ut
1866 4461 2033 4514 docet
2088 4461 2251 4516 Codi-

594 4572 728 4621 nus,
766 4560 842 4609 De
866 4554 1036 4623 ofﬂa,
1070 4568 1118 4606 c.
1153 4553 1205 4618 4,
1234 4568 1287 4621 ρ.
1316 4551 1383 4605 l6
1409 4551 1498 4604 ed.
1525 4550 1547 4603 1
1577 4548 1788 4612 Paris.,
1815 4548 1895 4603 Τὰ
1923 4544 2255 4620 ὐποδήματα

590 4642 755 4697 αὐτοῦ
833 4634 1406 4715 (πρωτοϐεστιαρίου)
1480 4638 1751 4712 πράσινα.
1822 4637 1967 4691 Hinc
2044 4639 2255 4693 intelli-

588 4733 837 4805 giturin
873 4731 1099 4786 caeteris
1147 4727 1513 4783 indumentis
1572 4726 1720 4781 nihil
1781 4731 1905 4780 tum
1969 4727 2247 4783 eximium

587 4822 1031 4895 protovestiario
1057 4820 1257 4888 fuisse,
1292 4836 1405 4888 quo
1448 4836 1481 4872 a
1514 4818 1737 4887 privato
1796 4815 2246 4873 discerneretur.

586 4916 649 4968 In
666 4929 783 4983 quo
810 4915 1319 4983 posteamutatum
1351 4906 1677 4977 quidpiam.
1699 4906 1946 4959 Utenim
1981 4906 2252 4961 observat

586 5004 741 5057 idem
763 5002 1022 5056 Codinus
1056 5016 1103 5053 c.
1138 5000 1194 5067 2,
1216 5015 1270 5068 p,
1287 4994 1598 5062 8,Miehael
1621 4995 1845 5065 primus
1864 5011 1893 5049 e
1913 4994 2247 5067 Palseolegis

586 5095 904 5165 imperator
933 5088 1572 5163 prasinaindumenta,
1626 5104 1757 5157 quae
1800 5087 2027 5155 insigne
2084 5090 2248 5159 prius

584 5184 818 5239 fuerant
852 5179 1263 5254 protosebasti,
1292 5180 1361 5233 ad
1393 5177 2244 5248 protovestiariumtranstulit:

584 5272 905 5342 Σημείωσαι
938 5268 1021 5323 ὅτι
1080 5263 1343 5341 βασιλεὺς
1382 5263 1617 5339 Μιχαὴλ
1673 5269 1780 5317 τῶν
1848 5262 2243 5340 [Ιαλαιολὸγων

577 5366 820 5436 πρῶτος,
853 5360 959 5413 ἀπὸ
987 5361 1085 5411 τοῦ
1130 5352 1595 5426 πρωτοσεὲαστοῦ
1628 5354 1692 5409 τὰ
1731 5355 1965 5428 πρασινα
2006 5356 2244 5433 ἀιρελὼν,

574 5451 796 5528 ἐφόρεσε
847 5454 1017 5505 ταῦτα
1076 5448 1151 5509 είς
1210 5449 1303 5501 τὸν
1366 5446 1595 5519 ἀνεψιὸν
1658 5444 1823 5498 αὐτοῦ
1865 5446 2100 5519 Μιχαὴλ
2153 5449 2246 5502 τὸν

573 5541 1019 5615 Ταρχανειώτην,
1078 5537 1319 5609 τιμήσας
1396 5529 1928 5610 πρωτοϐεστιάριον.
1994 5537 2079 5590 lta
2126 5538 2242 5593 ille.

649 5642 779 5713 Pag.
821 5640 909 5695 81.
973 5636 1250 5693 Theodori.
1303 5636 1383 5690 De
1418 5636 1523 5689 boc
1586 5634 1902 5688 Theodoro
1956 5634 2247 5693 videndus

574 5730 930 5803 Acropolita,
964 5727 1152 5784 multa
1201 5727 1273 5782 de
1304 5724 1404 5781 illo
1438 5724 1534 5779 his
1572 5740 1700 5795 quas
1756 5722 1851 5778 hic
1910 5723 2248 5783 indicantur

2393 606 2667 660 referens.
2703 607 2836 677 Agit
2867 613 2924 662 et
2956 610 3027 663 de
3055 611 3154 665 illo
3188 615 3498 682 Gregoras,
3533 615 3572 671 1.
3623 632 3687 686 ιι,
3743 633 3800 688 p.
3859 617 3922 673 l1
3982 623 4041 673 et

2393 694 2478 763 12,
2514 693 2635 761 ubi,
2670 696 2842 750 etiam
2868 698 3146 755 ascivisse
3177 700 3375 772 ipsum
3411 703 3525 759 sibi
3583 720 3796 760 nomen
3857 707 4040 778 impe-

2390 783 2603 837 ratoris
2632 784 2809 838 tradit
2841 785 2930 840 bis
2960 788 3177 855 verbis,
3208 788 3299 842 καὶ
3336 789 3614 863 βασιλείας
3660 791 3834 863 ἑαυτῷ
3886 814 4043 869 περι-

2387 868 2598 939 τίθησιν
2632 866 2808 942 ὅνομα
2838 891 2851 938 ς
2886 875 3038 930 637
3076 893 3328 947 quorum
3363 883 3713 937 sententiam
3746 900 3863 937 non
3896 866 4040 940 satis

2389 963 2677 1033 expressit
2705 962 3013 1035 interpres,
3048 968 3187 1023 dum
3215 972 3385 1025 vertit
3430 974 3540 1026 sibi
3570 972 3787 1041 regium
3841 990 4039 1030 nomen

2391 1053 2644 1106 aseiscit:
2706 1053 2850 1107 satis
2908 1055 3064 1109 enim
3125 1073 3193 1112 ex
3242 1061 3737 1130 consequentibus
3796 1068 4039 1135 apparet

2390 1139 2637 1194 seillum
2675 1158 2777 1212 pro
2806 1142 3158 1214 imperatore
3215 1148 3494 1218 gessisse,
3556 1155 3612 1204 et
3667 1150 3843 1206 talem
3902 1169 4041 1207 con-

2391 1229 2572 1282 suetis
2630 1229 2840 1285 ritibus
2899 1231 3239 1305 inaugurari
3293 1252 3355 1291 se
3386 1253 3623 1293 curasse
3666 1256 3699 1294 a
3756 1240 4040 1311 Bulgaria

2391 1316 2683 1389 episcopo,
2721 1325 2784 1373 ut
2809 1335 2941 1375 mox
2967 1322 3137 1377 docet
3166 1323 3323 1379 idem
3357 1324 3677 1399 Gregoras:
3710 1328 3803 1383 cui
3841 1334 4041 1385 noster

2390 1407 2765 1462 consentiens
2797 1410 2971 1479 paulo
3003 1411 3267 1482 inferius,
3323 1414 3434 1470 hoc
3464 1417 3672 1486 capite,
3707 1417 3767 1471 id
3819 1417 4038 1473 factum

2390 1495 2462 1549 ab
2496 1496 2839 1552 Aehridensi
2869 1498 3164 1570 episcopo,
3199 1503 3289 1556 cui
3321 1503 3582 1560 Jacobus
3641 1522 3857 1562 nomen
3918 1512 4045 1563 erat

2387 1585 2587 1641 tradit.
2617 1585 2837 1657 Nempe
2884 1588 3095 1644 Achris
3154 1590 3440 1663 Bulgaria
3494 1597 3834 1666 metropolis
3891 1601 4039 1665 erat,

2457 1683 2595 1755 Cap.
2628 1683 2722 1737 31.
2750 1683 3004 1741 Victoria
3034 1686 3143 1742 hoc
3174 1688 3365 1759 capite
3394 1696 3651 1757 narrata,
3704 1709 3821 1764 qua
3881 1695 4040 1766 prin-

2386 1787 2522 1842 ceps
2548 1771 2775 1826 Achaia:
2809 1790 2841 1828 a
2870 1776 3149 1831 Romanis
3180 1777 3430 1833 ducibus
3460 1787 3669 1851 captus
3728 1786 3838 1849 est,
3900 1799 4035 1855 pro-

2304 1885 2351 1949 B
2385 1860 2603 1914 ditione
2632 1861 2876 1917 Joannis
2902 1862 3085 1933 nothi,
3118 1867 3359 1921 confuse
3391 1868 3463 1922 ab
3486 1869 3821 1940 Acropolita
3855 1887 3904 1925 c.
3940 1872 4031 1939 82,

2384 1954 2440 2003 et
2469 1965 2502 2002 a
2531 1948 2786 2021 Gregora
2818 1950 2855 2005 l.
2891 1968 2975 2020 III,
3010 1970 3065 2024 p.
3124 1954 3193 2007 35
3251 1961 3630 2011 memoratur.
3688 1958 4032 2016 Clarissima

2382 2037 2645 2093 omnium
2678 2056 2803 2094 eam
2836 2046 3032 2097 noster
3062 2046 3317 2114 exponit,
3349 2045 3624 2102 indicatis
3656 2049 3783 2117 ejus
3815 2050 4034 2119 causis,

2383 2146 2635 2200 quarum
2670 2131 2957 2201 praecipua
2990 2132 3095 2186 luit
3128 2135 3482 2189 contumelia
3510 2136 3723 2191 Joanni
3756 2139 3937 2193 notho
3969 2139 4033 2194 il-

2383 2218 2520 2284 lata,
2554 2235 2727 2288 quam
2762 2220 2857 2274 ille
2878 2221 3205 2290 proditione
3232 2223 3391 2277 ultus
3414 2225 3539 2279 suis
3574 2226 3870 2282 foederatis
3902 2244 4035 2283 ma-

2383 2309 2900 2379 gnamimproviso
2932 2311 3156 2366 cladem
3191 2313 3475 2370 intulerit.
3527 2314 3673 2370 Illud
3718 2320 3952 2372 tantum
4002 2335 4035 2374 a

2385 2402 2583 2453 nostro
2618 2400 3077 2469 praetermissum
3124 2402 3231 2457 hoc
3264 2402 3409 2467 loco,
3445 2404 3547 2459 sed
3580 2405 3837 2476 positum
3874 2413 4033 2478 post-

2382 2503 2470 2552 ea,
2525 2503 2573 2540 e.
2625 2488 2709 2553 13,
2770 2488 2810 2543 l.
2860 2506 2921 2555 ιι,
2985 2499 3310 2561 opportune
3368 2493 3629 2565 suggerit
3676 2496 4032 2565 Acropolita,

2382 2580 2498 2630 tres
2534 2576 2927 2632 Romanorum
2962 2580 3162 2643 duces,
3197 2580 3414 2650 quibus
3446 2580 3541 2635 hic
3564 2598 3877 2639 successus
3900 2600 4033 2639 con-

2380 2664 2532 2735 tigit.
2563 2665 2851 2719 Joannem
2878 2666 3178 2722 Michaelis
3196 2670 3439 2739 Augusti
3469 2669 4031 2737 fratrem,Constan-

2381 2755 2573 2809 tinum
2616 2756 2950 2810 Tornicium
3004 2763 3062 2812 et
3116 2756 3385 2814 Alexium
3445 2760 3925 2832 Strategopulum
3973 2762 4033 2818 in

2383 2848 2683 2915 praemium
2739 2845 2992 2901 victorias
3052 2847 3234 2902 fuisse
3302 2848 3370 2903 ab
3428 2849 3774 2920 imperatore
3826 2856 4033 2907 auctos

2383 2934 2742 2989 honoribus:
2771 2938 3053 2990 Joannem
3090 2937 3245 2991 enim
3280 2937 3444 3007 prius
3503 2939 4032 2996 sebastocratorem

2384 3025 2685 3094 despotam
2730 3030 3012 3085 creatum.
3073 3026 3341 3081 Tornicio
3394 3042 3529 3082 vero
3587 3034 3758 3084 antea
3818 3046 4036 3102 magno

2384 3110 2714 3182 primicerio
2748 3112 3231 3169 sebastocratoris
3264 3114 3504 3170 titulum
3564 3116 3866 3173 collatum.
3926 3118 4037 3173 De-

2387 3201 2564 3270 nique
2634 3198 2725 3252 τὸν
2794 3198 3255 3275 Σρατηγόπουλον
3323 3202 3566 3272 Ἀλὲξιον
3625 3206 3842 3277 (verba
3896 3212 4043 3263 sunt

2384 3288 2757 3359 Acropolitae)
2873 3287 3038 3362 μὲγαν
3141 3287 3466 3362 δομὲστικον
3552 3294 3580 3347 ὁ
3682 3294 4040 3369 αὐνοκράτωρ

2380 3376 2718 3449 τετιμηκὼς,
2778 3378 2847 3430 δι’
2897 3377 3213 3447 ἀποστολῆς
3260 3381 3523 3452 τετίμηκε
3580 3382 3820 3457 Καίσαρα
3877 3385 4042 3441 Stra-

2382 3466 2706 3536 tegopulum
2736 3468 2991 3522 Alexium
3037 3472 3199 3535 prius
3226 3487 3262 3525 α
3320 3486 3377 3525 se
3412 3471 3490 3541 [P.
3525 3471 3651 3543 445]
3707 3474 4042 3529 honoratum

2381 3558 2577 3625 magni
2610 3556 2896 3611 domestici
2951 3560 3153 3627 ofﬁcio,
3217 3560 3483 3615 Casarem
3520 3562 3802 3617 absentem
3862 3565 4034 3631 dixit,

2380 3656 2431 3701 et
2462 3646 2624 3700 istius
2672 3646 2781 3716 ipsi
2834 3647 3125 3717 dignitatis
3176 3652 3324 3705 misit
3356 3653 3627 3720 insignia.
3682 3653 3787 3707 Hic
3843 3654 4041 3709 Caesar

2381 3735 2554 3806 paulo
2590 3741 2720 3806 post
2751 3740 2957 3807 captus
2990 3738 3062 3792 ab
3112 3737 3402 3805 hostibus,
3449 3747 3513 3795 ut
3570 3757 3695 3812 cap.
3760 3744 4038 3814 sequenti

2380 3833 2575 3878 noster
2600 3825 2796 3889 tradit,
2830 3827 2926 3879 sed
2978 3843 3118 3897 pace
3170 3828 3322 3883 facta
3370 3829 3516 3883 liber
3566 3830 3877 3897 dimissus,
3930 3850 4035 3887 ur—

2378 3912 2508 3966 bem
2569 3914 3134 3985 Constantinopolim
3193 3923 3396 3986 postea
3443 3918 3662 3990 recepit
3712 3936 3742 3974 e
3804 3920 4039 3977 Latinis

2378 4001 2515 4056 Post
2544 4004 2695 4071 quod
2748 4003 2958 4058 iterum
3019 4010 3247 4076 captus,
3307 4012 3364 4061 et
3406 4008 3466 4061 in
3529 4008 3698 4064 Italia
3753 4010 4036 4065 detentus

2376 4092 2662 4158 custodia,
2696 4092 2831 4147 inde
2865 4096 3293 4164 permutatione
3324 4113 3458 4151 cum
3493 4098 3733 4152 domina
3764 4101 3931 4154 Anna
3950 4116 4040 4155 re-

2374 4181 2619 4234 stitutus
2651 4185 2739 4234 est
2769 4182 2987 4251 patria.

2444 4277 2579 4348 Pag.
2612 4278 2676 4331 91
2712 4278 3050 4333 Modulatam
3071 4283 3286 4347 tussim,
3349 4281 3543 4337 Graece
3592 4279 3833 4353 ἐμμελὲς
3891 4282 4031 4356 βήτ-

2366 4386 2498 4420 τειν.
2533 4369 2831 4422 Consuetaa
2863 4369 3232 4424 adulatorum
3264 4387 3456 4426 voces.
3513 4373 3722 4427 Juven.
3772 4373 3892 4427 Sat.
3924 4389 4029 4428 In:

2369 4457 2629 4511 Laudare
2654 4466 2888 4527 paratus
2917 4460 2968 4513 si
2999 4459 3132 4514 bene
3162 4460 3427 4531 ructavit,
3460 4466 3570 4517 etc.

2440 4556 2574 4627 Pag.
2609 4556 2699 4609 91.
2734 4555 2899 4611 Nemo
2929 4561 3181 4614 contactu
3210 4560 3351 4628 ferri
3378 4559 3681 4628 candentis,
3714 4564 3822 4615 etc.
3886 4561 4033 4618 Sus-

2370 4645 2510 4700 tulit
2545 4645 2735 4700 adhuc
2768 4647 3031 4717 despota,
3066 4650 3163 4703 sed
3189 4649 3425 4705 inhians
3485 4651 3732 4721 imperio
3773 4650 4032 4706 Michael

2358 4734 2629 4806 iniquum
2656 4752 2831 4790 usum
2868 4736 3141 4807 adigendi
3190 4746 3496 4794 accusatos
3529 4738 3845 4794 dubiorum
3908 4740 4029 4795 cri-

2360 4824 2588 4878 minum
2651 4825 2720 4877 ad
2782 4825 3179 4881 innocentiam
3239 4828 3600 4898 probandam
3660 4827 4031 4899 ancipitibus

2359 4914 2777 4985 experimentis
2819 4916 3244 4970 monomachia:
3303 4922 3404 4971 aut
3448 4922 3753 4973 contactus
3812 4934 4028 4974 massas

2360 5001 2707 5070 candentis;
2743 5002 2812 5056 de
2852 5003 3068 5073 quibus
3101 5020 3208 5059 nos
3240 5020 3420 5076 supra
3449 5005 3519 5059 ad
3555 5020 3685 5076 pag.
3718 5003 3809 5059 33.

2432 5102 2569 5174 Pag.
2604 5103 2695 5165 94,
2738 5104 2889 5158 Vicit
2916 5113 3099 5158 tamen
3146 5104 3345 5160 divina
3397 5104 3843 5177 praedestinatio,
3903 5109 4025 5159 etc.

2356 5192 2417 5245 In
2471 5192 2872 5246 evectionibus
2931 5192 3239 5249 hominum
3301 5195 3371 5249 ad
3431 5210 3608 5267 regna
3659 5193 4028 5265 peculiarem

2358 5297 2591 5351 semper
2620 5281 2975 5337 intervenire
3008 5283 3105 5337 Dei
3139 5284 3588 5353 providentiam,
3618 5300 3741 5355 qua
3784 5282 4029 5337 nullum

2356 5388 2421 5425 eo
2456 5370 2698 5442 perduci
2732 5372 2989 5441 patiatur
3020 5390 3133 5427 non
3168 5378 3302 5429 ante
3334 5373 3446 5430 sibi
3482 5374 3883 5446 designatum,
3918 5390 4031 5445 pro

2356 5466 2512 5516 certo
2547 5466 2603 5514 et
2632 5459 2807 5532 vulgo
2839 5467 2974 5516 noto
3033 5464 3304 5534 proponit
3355 5463 3484 5535 ipse
3535 5462 3779 5518 Michael
3840 5462 4028 5527 infra,

2358 5550 2582 5621 p.154,
2645 5548 2738 5604 his
2800 5552 3037 5606 verbis:
3097 5550 3201 5607 Καὶ
3260 5550 3412 5620 Θεὸν,
3475 5551 3624 5625 εἷ’περ
3690 5550 3797 5604 τινὶ
3859 5548 4028 5622 ἄλλῳ

2361 5658 2619 5713 μεγιστῳ,
2696 5638 2785 5692 καὶ
2864 5639 3184 5695 καταστάσει
3260 5638 3545 5715 βασελείας
3633 5637 3870 5695 συνιέναι
3929 5660 4029 5693 πι-

2355 5726 2637 5800 στεύομεν,
2670 5733 2781 5785 etc.
