4248 6438
193 403 332 460 1101

1777 390 2007 446 ΝΟΤΒ.

3467 390 3607 446 1102

271 527 408 597 Pag.
438 525 529 578 95.
583 521 745 588 Quod
792 519 886 574 hic
918 517 1154 586 dicitur,
1205 515 1464 572 solutum
1513 532 1546 569 a
1599 514 1842 586 synodio
1876 517 1924 580 Α
1956 523 2113 570 tuum
2160 517 2224 572 de
2271 519 2383 574 loco
2441 533 2560 587 suo,
2610 517 2723 572 nisi
2765 516 3145 586 paenitentiam
3187 515 3360 586 egeris
3417 517 3602 586 (Apoc.

198 615 430 686 antiqui
469 611 749 682 religione
790 605 1184 678 jurisjurandi
1237 603 1602 668 Michaelem,
1631 602 1848 673 quibus

195 703 548 774 exprimitur
575 698 786 763 verbis,
823 713 934 750 non
968 694 1199 748 videtur
1244 692 1401 746 aliud
1431 708 1639 746 sonare
1673 706 1847 759 quam

198 793 528 848 declarasse
587 789 744 858 ipsos
792 784 932 856 quid
968 783 1024 837 in
1061 800 1118 837 re
1167 788 1346 849 esset,
1405 785 1461 835 et
1507 780 1660 834 638
1715 795 1850 832 con-

204 882 394 938 sultos
427 886 482 934 et
530 879 795 932 doctores
827 872 1200 943 respondisse
1251 887 1366 924 non
1424 869 1605 923 videri
1648 869 1851 922 vincu-

201 971 324 1024 lum
361 967 569 1040 prioris
623 965 781 1018 illius
827 960 1175 1016 sacramenti
1227 960 1298 1013 ad
1354 958 1462 1012 hoc
1519 963 1751 1027 tempus
1788 971 1852 1008 ac

203 1075 399 1114 rerum
432 1053 743 1110 articulum
777 1050 1022 1106 extendi.
1059 1051 1406 1118 Quanquam
1456 1046 1503 1100 si
1537 1046 1720 1100 Graeci
1757 1043 1852 1097 isti

202 1155 258 1204 et
289 1154 426 1201 tunc
458 1145 528 1198 ab
564 1141 832 1198 Ecclesiae
869 1141 1137 1194 Romana
1177 1135 1593 1192 communione
1624 1131 1855 1187 discissi

202 1237 496 1293 antistites
520 1233 776 1302 aliquam
804 1229 914 1284 sibi
931 1226 1410 1298 jurisdictionem
1433 1230 1489 1279 et
1510 1227 1854 1295 potestatem

205 1327 362 1380 ultra
411 1325 498 1377 fas
547 1326 603 1376 et
635 1334 923 1374 canonum
973 1315 1382 1388 praescriptum
1443 1312 1858 1375 attribuerent,

206 1414 452 1470 minime
484 1412 540 1464 id
572 1410 788 1463 mirum
821 1410 992 1472 esset,
1021 1421 1153 1459 cum
1189 1403 1332 1458 talia
1360 1401 1711 1471 jamdudum
1748 1400 1856 1453 im-

207 1518 364 1574 pune
415 1513 654 1572 peccare
706 1495 864 1551 soliti
914 1497 1130 1549 essent.
1188 1493 1333 1562 Ergo
1366 1497 1421 1545 et
1473 1491 1601 1558 hac,
1637 1494 1700 1542 ut
1748 1488 1862 1542 alia

207 1609 335 1662 qua
371 1606 482 1644 non
520 1603 701 1658 pauca
730 1586 788 1638 in
814 1585 934 1638 haec
966 1581 1216 1637 historia
1237 1583 1546 1634 occurrent
1569 1577 1862 1632 schisma-

208 1681 310 1734 tici
345 1676 598 1732 auctoris
643 1673 850 1728 vitium
885 1670 1230 1735 redolentia,
1283 1669 1429 1723 citra
1461 1664 1864 1737 praeiudicium

211 1773 269 1824 et
301 1783 436 1822 cum
469 1764 740 1818 cautione
772 1760 968 1815 debita
1000 1759 1295 1830 legantur.

285 1856 423 1926 Cap.
454 1854 508 1906 8.
562 1853 711 1907 Loca
762 1867 889 1920 quas
921 1847 1015 1902 hic
1057 1848 1203 1902 citat
1247 1844 1629 1916 Pachymeres
1660 1859 1728 1897 ex
1759 1842 1865 1896 Ho-

212 1961 374 2000 mero
431 1942 708 2012 leguntur
762 1940 819 1993 in
871 1937 1032 1992 Iliad.
1088 1938 1130 2006 Ι,
1183 1953 1236 1991 ν.
1291 1933 1672 2000 44οεΝήπιον,
1715 1928 1867 1984 οὔπω

212 2030 378 2094 εἰδόθ’
421 2028 617 2101 ὁμοίου
670 2025 966 2098 πολὲμοιο,
1023 2031 1078 2081 et
1127 2019 1369 2094 Iliad,8,
1414 2041 1467 2078 v.
1501 2023 1642 2076 3‘30:
1697 2017 1870 2075 Ἀλλά

215 2143 272 2175 σε
301 2127 474 2194 γῆρας
514 2117 677 2191 τείρει
733 2114 971 2188 ὁμοίιον.
1023 2115 1108 2169 Ad
1162 2130 1335 2185 quem
1391 2116 1753 2183 postremum
1788 2110 1877 2163 lo-

221 2228 354 2266 cum
414 2215 579 2265 vetus
631 2207 998 2268 scholiastes,
1052 2220 1228 2274 quem
1261 2203 1580 2273 Didymum
1633 2198 1874 2270 quidam

228 2304 460 2372 putant,
508 2300 589 2353 sic
641 2299 918 2351 adnotat:
972 2292 1164 2345 Ἰστέυν
1195 2287 1241 2342 δ’
1283 2290 1364 2343 ὅτι
1410 2289 1436 2342 ὁ
1469 2289 1705 2356 ποιητὴς
1753 2306 1879 2339 παν-

223 2394 403 2466 ταχοῦ
431 2390 492 2442 τὸ
539 2386 757 2460 ὁμύίιον
803 2383 889 2438 ἐπὶ
940 2387 1037 2436 τοῦ
1087 2380 1298 2458 φαύλου
1333 2373 1625 2451 λαμϐάνει.
1686 2379 1876 2433 Scien-

226 2482 358 2537 dum
396 2484 594 2551 paetum
640 2477 841 2548 ubique
887 2474 1073 2529 simile
1101 2487 1202 2544 pro
1231 2469 1384 2526 malo
1427 2486 1664 2524 sumere.
1716 2468 1876 2522 Idem

231 2571 415 2626 tradit
443 2575 500 2624 et
522 2567 869 2624 Eustathius
893 2566 963 2618 ad
988 2580 1121 2618 eum
1140 2563 1331 2616 locum
1359 2577 1410 2630 p.
1437 2559 1541 2612 476
1570 2558 1661 2621 ed,
1687 2561 1878 2624 Rom.,

228 2660 451 2716 addens
487 2663 545 2713 et
587 2657 708 2711 haec
742 2673 754 2710 :
791 2653 1000 2708 Ἀπίων
1046 2654 1176 2724 γοῦν
1236 2647 1324 2702 καὶ
1357 2643 1689 2721 Ἠρωδιανός
1721 2665 1877 2721 φασιν

230 2751 314 2804 ὅτι
376 2747 427 2801 οἱ
480 2744 903 2820 γλωσσογράφοι
973 2739 1190 2813 ὁμοίιον
1245 2736 1380 2791 κατᾶ
1437 2733 1696 2809 διαίρεσιν
1753 2754 1880 2811 φασι

221 2838 285 2892 τὸ
319 2835 487 2891 κακόν
520 2842 631 2891 etc.
667 2835 748 2889 ibi
783 2832 1054 2886 videnda.

300 2931 440 2997 Pag.
478 2926 597 2980 104.
654 2923 806 2990 Quod
855 2922 1079 2976 omnino
1123 2920 1377 2987 futurum
1427 2919 1506 2970 est
1537 2915 1696 2968 nulla
1724 2930 1879 2985 posse

224 3014 528 3090 prudentia
557 3011 839 3084 praeverti.
875 3008 1063 3064 Semel
1098 3006 1371 3077 superius
1423 3004 1645 3071 monui,
1679 3003 1726 3056 si
1760 3002 1880 3056 haec

235 3107 306 3161 ad
341 3103 722 3160 astruendam
759 3116 995 3171 pravam
1031 3098 1103 3151 de
1135 3097 1250 3150 fato
1290 3095 1607 3148 humanam
1645 3092 1881 3147 liberta-

227 3202 349 3251 tem
403 3194 729 3265 perimente
774 3188 1102 3244 doctrinam
1153 3183 1409 3254 cuipiam
1461 3182 1749 3254 pertinere
1799 3181 1886 3234 vi-

230 3261 506 3350 deantur,
561 3283 622 3352 (P
670 3280 797 3345 446)
845 3277 1141 3332 erroribus
1194 3273 1450 3328 auctoris
1500 3271 1882 3337 accensenda,
1915 3261 1957 3328 C

233 3379 299 3429 ut
331 3372 473 3427 nihil
508 3373 712 3425 contra
742 3367 861 3422 veri
895 3365 1157 3435 certique
1189 3362 1486 3432 dogmatis
1517 3359 1890 3431 praescribere

241 3463 648 3520 auctoritatem
683 3460 921 3529 queant.

315 3552 452 3621 Pag.
490 3549 613 3604 113.
666 3548 880 3602 Nicetas
928 3544 1212 3614 episcopus
1255 3541 1530 3596 Heraclea?
1562 3540 1889 3594 mitteretur.

242 3643 508 3696 Graeca:
586 3637 869 3707 Πεμπουσι
953 3631 1080 3690 τοὺς
1176 3628 1300 3701 περὶ
1395 3627 1488 3682 τὸν
1571 3625 1891 3698 Ἡρακλείας

243 3728 505 3796 Nini-ram
544 3727 671 3780 Haec
703 3728 843 3779 sunt
872 3739 939 3777 ex
965 3721 1090 3776 cod.
1148 3719 1442 3774 Allatiano
1482 3721 1539 3772 et
1569 3718 1619 3772 ei
1651 3734 1894 3772 consen-

239 3818 429 3872 tiente
461 3812 915 3871 Vaticano.Nam
937 3810 1291 3866 Barberinus
1312 3808 1584 3870 habebat,
1616 3806 1895 3876 ΙΙέμπουσι

236 3904 366 3967 τοὺς
418 3903 545 3979 περὶ
597 3904 690 3956 τὸν
740 3897 1122 3972 Νικομηδείας
1151 3898 1430 3966 Ἰωάννην.
1480 3897 1699 3951 Tamen
1741 3897 1895 3951 idem

247 3999 429 4052 codex
474 3995 783 4051 lectionem
839 3991 1108 4046 Allatiani
1158 3987 1562 4043 annotabatin
1615 3986 1895 4057 margine,

245 4087 329 4143 uti
368 4093 422 4141 et
455 4084 788 4139 Allatianus
817 4080 1078 4135 vicissim
1112 4078 1422 4134 lectionem
1456 4076 1686 4130 Barber.
1712 4078 1899 4141 Quare

244 4193 379 4232 cum
415 4174 500 4229 illi
553 4175 669 4228 duo
721 4171 984 4241 ambigui
1030 4175 1246 4235 essent,
1299 4166 1574 4236 suffragio
1630 4165 1896 4219 Vaticani

245 4267 333 4322 eis
366 4265 658 4334 dirempta
689 4265 811 4327 est;
845 4265 901 4314 et
930 4257 1193 4314 omnium
1220 4258 1344 4327 jam
1377 4269 1664 4310 consensu
1689 4255 1896 4325 proba-

243 4362 366 4411 tam
427 4353 655 4410 cunctis
714 4349 944 4405 restitui
999 4348 1332 4408 lectionem,
1393 4361 1461 4398 ex
1510 4345 1696 4416 ipsius
1754 4346 1897 4399 forte

245 4443 506 4500 auctoris
554 4441 912 4498 correctione
959 4443 1170 4503 ortam,
1218 4435 1318 4507 qui
1368 4435 1521 4505 quod
1579 4434 1744 4504 prius
1794 4451 1898 4504 po-

246 4538 465 4601 suerat,
521 4532 845 4587 emendans
895 4527 1228 4583 mutaverit.
1273 4525 1440 4579 Certo
1488 4524 1898 4594 pronuntiare-

1959 623 2034 670 x1,
2060 606 2136 673 5).
2171 607 2252 661 Ne
2282 623 2414 662 vero
2439 607 2569 677 quis
2604 607 2674 660 ad
2709 605 3051 659 hodiernam
3085 605 3436 660 nostratium
3462 621 3604 658 con-

1958 695 2334 750 suetudinem
2360 697 2480 750 haac
2511 697 2747 766 exigens
2781 694 2926 747 forte
2973 694 3293 747 arbitretur
3327 694 3605 748 candela-

1959 785 2130 838 brum
2168 786 2259 840 bic
2289 785 2537 855 intelligi
2571 783 2738 855 quale
2782 783 3037 854 praferri
3091 799 3124 836 a
3157 782 3425 837 ministro
3458 784 3605 838 cele-

1962 874 2270 929 brantibus
2348 873 2636 944 episcopis
2703 872 2871 940 solet,
2951 876 3224 942 argenteo
3296 873 3605 927 manubrio

1963 978 2196 1017 cereum
2250 964 2550 1018 ardentem
2602 967 2864 1033 portans,
2914 961 3068 1031 quod
3121 961 3289 1030 vulgo
3335 963 3392 1016 in
3443 963 3608 1016 Italia

1967 1052 2193 1118 bugiam
2221 1058 2430 1107 vocant
2463 1057 2520 1106 et
2552 1053 2704 1106 inter
2743 1050 3134 1120 episcopalem
3181 1049 3606 1120 supellectilem

1967 1147 2270 1195 censetur:
2307 1157 2398 1208 ne,
2461 1142 2726 1210 inquam,
2786 1139 2843 1192 id
2920 1138 3134 1193 habere
3202 1137 3394 1194 locum
3455 1139 3606 1193 689

1967 1231 2172 1301 possit,
2210 1230 2420 1294 obstat,
2455 1231 2608 1300 quod
2641 1227 3057 1282 candelabrum
3090 1229 3261 1297 cujus
3315 1227 3408 1282 hic
3434 1232 3492 1282 et
3552 1229 3610 1283 in

1969 1318 2114 1373 locis
2165 1317 2591 1389 Apocalypseos
2640 1317 2896 1371 laudatis
2945 1322 3035 1370 est
3094 1316 3333 1383 mentio,
3369 1333 3483 1370 non
3517 1334 3609 1372 ce-

1969 1424 2133 1461 reum
2167 1407 2361 1461 funale
2395 1407 2663 1477 praetulit,
2693 1405 2792 1460 sed
2830 1421 2931 1458 vas
2964 1403 3095 1468 olei,
3129 1405 3248 1459 sive
3277 1402 3611 1476 lampadem

1968 1497 2122 1552 intra
2169 1514 2346 1569 quam
2397 1496 2521 1550 oleo
2575 1496 2857 1550 innatans
2902 1495 3259 1566 ellychnium
3314 1496 3611 1550 ﬂammam

1971 1593 2308 1658 conceptam
2368 1587 2606 1657 pinguis
2677 1584 2924 1656 liquoris
2990 1601 3162 1639 succo
3221 1584 3420 1640 aleret.
3479 1585 3616 1640 Tale

1973 1678 2186 1748 quippe
2220 1676 2329 1729 fuit
2358 1673 2776 1730 candelabrum
2810 1673 3170 1728 tabernaculi
3202 1675 3614 1742 veteris,Exod.

1972 1782 2099 1831 xxv,
2133 1765 2221 1833 31,
2253 1769 2309 1818 et
2357 1781 2482 1834 quis
2535 1764 2603 1816 ad
2657 1762 2837 1831 hujus
2885 1761 3214 1832 exemplum
3271 1761 3623 1817 candelabra

1974 1857 2174 1910 decem
2207 1870 2384 1909 aurea
2414 1853 2546 1907 fecit
2578 1850 2852 1906 Salomon
2886 1855 2942 1905 et
2972 1851 3168 1920 posuit
3199 1851 3256 1905 in
3289 1851 3526 1922 templo,
3572 1852 3621 1906 II

1988 1943 2167 2000 Paral.
2220 1960 2296 2007 iv,
2345 1943 2399 1999 7.
2457 1941 2660 2013 Itaque
2689 1945 2746 1996 et
2775 1941 2834 1994 in
2881 1939 3225 2010 Apocalypsi
3275 1941 3627 1996 candelabra

1984 2035 2107 2088 hzec
2139 2029 2360 2104 λυχνίαι
2384 2036 2685 2094 vocantur,
2717 2030 2869 2100 quod
2894 2028 3167 2099 cerigeris
3189 2029 3625 2096 instrumentis,

1985 2123 2213 2194 opinor,
2248 2138 2364 2176 non
2396 2120 2686 2186 convenit,
2723 2117 2806 2173 uti
2842 2134 2944 2172 nec
2975 2134 3102 2189 qua:
3137 2118 3230 2173 hic
3260 2122 3452 2174 Graece
3486 2119 3628 2190 legi-

1986 2217 2080 2266 tur
2109 2227 2218 2265 vox
2239 2205 2660 2281 λαμπαδοῦχον.
2689 2212 3046 2278 Argenteum
3097 2223 3228 2261 vero
3265 2208 3405 2262 illud
3453 2208 3632 2262 cerei-

1983 2300 2371 2372 gestatorium
2404 2316 2436 2352 a
2467 2298 2680 2352 Graecis
2705 2297 3129 2352 recentioribus
3153 2297 3386 2351 videtur
3420 2317 3634 2368 pavo-J-

1986 2389 2143 2442 άλιυν
2178 2389 2368 2460 potius
2398 2388 2644 2442 dictum.
2679 2387 2911 2442 Nicetas
2961 2387 3020 2440 in
3056 2387 3309 2442 -Isaacio
3343 2393 3401 2441 et
3447 2388 3640 2442 Alexio

1987 2478 2064 2534 Τά
2092 2498 2151 2531 τε
2210 2476 2515 2548 μανουάλια
2579 2475 2666 2528 καὶ
2721 2472 3020 2544 κανδήλας.
3086 2483 3254 2530 Anna
3319 2478 3638 2532 Commena

1988 2569 2026 2623 l.
2061 2586 2132 2623 xv
2165 2564 2501 2638 μανουηλήμ
2571 2565 2821 2638 appellat
2867 2565 3283 2621 candelabrum
3339 2573 3469 2621 ante
3529 2567 3636 2622 im-

1990 2663 2317 2729 peratorem
2351 2656 2606 2726 praeferri
2641 2653 2907 2723 solitum,
2939 2670 3074 2710 cum
3107 2654 3290 2708 funali
3318 2657 3540 2712 scilicet
3585 2662 3643 2711 et

1991 2762 2151 2799 cerea
2183 2744 2444 2799 candelo.
2480 2743 2642 2806 Quod
2677 2742 2724 2797 si
2759 2741 3178 2796 candelabrum
3225 2759 3457 2814 quoque
3499 2761 3640 2814 pon-

1990 2833 2248 2888 titicibus
2281 2832 2611 2904 praelatum,
2644 2846 2753 2886 usu
2795 2830 3076 2886 similium
3129 2848 3322 2885 rerum
3363 2833 3672 2888 vocabula

1991 2922 2287 2991 vulgante,
2321 2921 2646 2992 reperiatur
2680 2915 3011 2990 μανουάλιον
3040 2923 3095 2974 et
3121 2919 3316 2991 ipsum
3360 2921 3579 2975 dictum
3613 2939 3647 2977 a

1994 3011 2295 3066 Philotheo
2327 3011 2384 3064 in
2417 3009 2750 3075 Diaconico,
2785 3014 2982 3063 tamen
3015 3024 3130 3063 non
3164 3008 3242 3063 illi
3278 3026 3500 3078 cereus,
3537 3012 3636 3066 sed

1994 3100 2220 3171 lampas
2271 3099 2704 3170 imponebatur,
2753 3101 2818 3152 ut
2856 3097 3012 3152 idem
3046 3097 3122 3152 ibi
3157 3097 3446 3165 observat,
3483 3099 3577 3151 Καὶ
3612 3100 3639 3153 ὁ

1995 3186 2247 3248 διάκονος
2284 3188 2607 3259 (inquiens)
2643 3183 2852 3238 ἵσταται
2904 3182 3133 3254 δεξιὸθεν
3195 3186 3362 3240 αὐτοῦ
3392 3187 3640 3262 κατέχων

2001 3277 2330 3351 μανουάλιον
2405 3277 2538 3348 μετᾶ
2613 3273 2902 3348 λαμπάδος
2974 3274 3257 3347 ἡμμένης,
3332 3278 3642 3350 Proprium

2001 3385 2134 3440 ergo
2165 3369 2395 3423 videtur
2424 3367 2802 3422 ecclesiastici
2827 3371 2884 3421 et
2921 3366 3270 3437 episcopalis
3311 3369 3649 3424 candelabri

2000 3458 2338 3529 lampadem
2399 3473 2532 3510 cum
2582 3456 2705 3512 oleo
2782 3460 3030 3527 gestare.
3091 3459 3252 3510 Unde
3302 3458 3447 3513 forte
3490 3460 3644 3530 apud

2001 3547 2338 3604 Zachariam
2371 3546 2735 3618 prophetam,
2768 3563 2818 3600 c.
2850 3546 2903 3614 4,
2937 3545 3222 3600 olivarum
3265 3563 3397 3600 cum
3432 3550 3646 3603 cande-

2003 3638 2167 3692 labro
2207 3636 2425 3690 mentio
2471 3635 2765 3705 jungitur.
2817 3638 2940 3688 Huc
2980 3634 3324 3689 crediderim
3377 3637 3649 3692 allusisse

2001 3724 2336 3797 Synesium,
2370 3724 2508 3777 dum
2555 3723 2958 3794 episcopatum
2992 3721 3180 3775 ὲλαίου
3213 3729 3271 3778 et
3301 3722 3506 3792 ἐλαίας,
3539 3727 3651 3781 olei

2005 3822 2061 3869 et
2094 3816 2256 3869 oliva:
2305 3812 2589 3884 symbolis
2639 3813 3025 3867 adumbravit.
3075 3813 3349 3869 Scribens
3397 3815 3552 3870 enim
3577 3817 3647 3870 ad

2005 3904 2261 3958 amicum
2297 3903 2396 3972 qui
2428 3901 2520 3957 sui
2553 3902 2836 3956 rationem
2868 3902 3127 3956 absentis
3151 3901 3352 3958 haberi
3396 3904 3650 3960 comitiis

2007 3991 2437 4064 episcopalibus
2487 3991 2807 4062 cupiverat,
2857 4007 2963 4046 nec
3012 4007 3252 4062 compos
3292 3994 3475 4064 optati
3525 3999 3652 4049 erat

2008 4084 2216 4149 factus,
2249 4097 2567 4152 serumque
2597 4097 2701 4136 nec
2755 4080 2879 4152 spei
2939 4081 3114 4134 afﬁne
3165 4082 3288 4151 jam
3344 4082 3400 4136 id
3453 4088 3651 4140 votum

2008 4175 2150 4234 erat,
2185 4170 2341 4240 quod
2370 4170 2648 4224 omnibus
2682 4169 2878 4224 vacuis
2917 4169 3157 4224 sedibus
3205 4170 3465 4241 impositi
3500 4189 3647 4243 prae-

2008 4261 2163 4317 sides
2194 4260 2452 4330 episcopi
2511 4259 2782 4325 fuissent,
2818 4259 2875 4314 id
2931 4258 3128 4329 ipsum
3182 4259 3401 4314 indicat
3459 4262 3650 4333 {enig-

2011 4351 2218 4405 matice
2249 4349 2340 4402 his
2369 4348 2560 4402 verbis
2593 4365 2606 4402 :
2633 4348 2694 4398 Ὃ
2748 4347 2848 4420 γὰρ
2898 4342 3083 4400 ἓλαιον
3121 4345 3182 4399 σύ
3212 4367 3270 4399 τε
3319 4347 3516 4419 ἀξιοῖς,
3548 4358 3658 4406 etc.

2009 4446 2065 4494 et
2093 4437 2266 4510 paulo
2309 4443 2479 4508 post:
2530 4433 2662 4492 Οὐδ’
2697 4435 2851 4490 ἐλαία
2897 4457 2979 4496 τις
3014 4435 3153 4489 ἐστιν
3208 4434 3658 4512 ἐνοεξθαλμισμά-

2008 4548 2115 4580 των
2149 4525 2506 4598 ἐστερημένη.
2555 4569 2566 4580 .
2613 4566 2624 4578 .
2681 4567 2692 4583 .
2733 4523 2812 4600 ἐφ’
2865 4523 3003 4597 ᾗπερ
3039 4524 3095 4578 ἂν
3155 4526 3181 4578 ὁ
3217 4523 3352 4594 ἡδὺς
3386 4525 3545 4603 φίλος
3575 4528 3661 4603 ἐγ-

249 4641 383 4680 mus
415 4623 486 4678 de
518 4638 599 4687 re,
635 4621 684 4676 si
717 4622 1010 4675 constaret
1067 4621 1198 4670 utra
1230 4615 1288 4668 in
1322 4613 1578 4675 civitate,
1629 4613 1902 4669 Heraclea
1933 4633 1977 4697 Β
2007 4614 2372 4688 κεντρισθείη.
2428 4621 2497 4671 At
2546 4615 2756 4671 melius
2800 4615 2977 4670 fuerit
3025 4621 3204 4670 totam
3259 4616 3430 4672 istam
3476 4624 3660 4689 Sync-

248 4731 322 4770 an
373 4711 735 4776 Nicomedia,
782 4713 938 4763 esset
986 4704 1428 4761 monasterium.
1469 4707 1526 4756 S.
1577 4701 1896 4769 Diomedis,

252 4805 427 4875 cujus
454 4801 549 4857 hic
582 4799 827 4855 mentio.

323 4897 463 4963 Pag.
500 4891 622 4946 115.
659 4889 821 4954 Quod
861 4884 1278 4942 candelabrum
1318 4883 1607 4954 repetitur
1636 4883 1707 4937 ab
1739 4887 1901 4938 Arse-

254 4983 352 5038 nio
385 4982 442 5035 in
477 4980 711 5050 signum
745 4976 998 5031 abdicati
1033 4974 1269 5029 honoris
1303 4971 1731 5044 patriarchalis,
1766 4973 1902 5028 inde

252 5073 483 5128 videtur
517 5065 916 5134 factum,quod
951 5063 1104 5134 apud
1137 5067 1364 5116 Graecos
1390 5061 1622 5132 insigne
1644 5065 1902 5132 potesta-

254 5163 335 5218 tis
365 5156 722 5230 episcOpalis
755 5152 1175 5209 candelabrum
1211 5151 1541 5206 haberetur.
1577 5150 1722 5205 Nam
1755 5156 1813 5206 et
1843 5151 1902 5206 in

251 5247 604 5321 Apocalypsi
637 5250 860 5316 septem
892 5242 1152 5314 episcopi
1183 5241 1327 5296 Asiae
1362 5245 1583 5310 septem
1628 5241 1904 5296 candela-

255 5340 499 5395 brorum
550 5333 812 5406 symbolo
862 5331 1290 5402 designantur;
1345 5336 1401 5384 et
1432 5331 1530 5384 ubi
1581 5347 1649 5384 ex
1681 5331 1770 5385 his
1804 5331 1905 5385 uni

257 5427 554 5500 Ephesino
579 5420 959 5479 comminatio
990 5420 1313 5474 intentatur
1342 5419 1906 5491 eripiendihonoris,

255 5535 324 5576 ea
380 5512 733 5587 exprimitur
785 5510 878 5566 his
925 5510 1118 5565 verbis
1171 5525 1183 5564 :
1245 5508 1454 5565 Μουθὺο
1507 5509 1908 5567 candelabrum

2009 4707 2157 4763 siani
2190 4722 2317 4760 vere
2343 4704 2705 4761 characteris
2750 4705 3086 4776 epistolam,
3131 4721 3263 4776 quae
3295 4708 3446 4761 inter
3475 4708 3663 4765 editas

2010 4814 2120 4852 non
2156 4800 2456 4867 comparet
2479 4796 2580 4865 (a),
2615 4810 2682 4848 ex
2733 4795 2956 4865 optimo
3002 4794 3284 4850 Vaticano
3334 4797 3532 4851 codice
3567 4797 3660 4852 hic

2012 4886 2362 4952 describere,
2399 4884 2676 4954 adjuncta
2707 4888 2910 4939 nostra
2934 4883 3412 4954 interpretatione
3435 4887 3662 4942 Latina.

2013 4976 2107 5031 Sic
2138 4971 2828 5046 igiturdhabetzEuveoiou
2891 4973 2974 5044 [Ρ.
3009 4974 3135 5044 4⁷7]
3191 4971 3456 5043 ἐπιστολή
3522 4978 3660 5049 ρκγ’,

2016 5062 2154 5136 πρός
2202 5084 2323 5116 τινα
2377 5064 2482 5116 τῶν
2546 5061 2770 5135 ἑταίρων
2826 5060 3127 5130 ἐπισκοπὴν
3161 5061 3220 5116 ἔκ
3273 5065 3537 5137 μακρόθεν
3590 5069 3671 5119 αἳ-

2016 5157 2253 5225 τήσαντα
2287 5156 2418 5225 μετᾶ
2441 5155 2539 5221 τὴν
2591 5158 2698 5207 τῶν
2755 5152 3064 5207 ἐπισκόπων
3098 5153 3552 5210 ἀποκατάστασιν.
3587 5159 3670 5213 Τὰ

2018 5247 2330 5321 σοφώτατον
2357 5245 2576 5318 γράμμ,
2611 5251 2723 5300 etc.

2092 5336 2431 5390 640-641
2460 5335 2596 5405 Cap.
2633 5335 2718 5388 19.
2754 5335 2834 5404 (P.
2862 5335 2987 5405 448)
3015 5334 3198 5390 Valde
3224 5336 3454 5390 videtur
3495 5343 3672 5392 notan

2020 5426 2156 5480 dum
2187 5425 2484 5481 somnium
2517 5423 2626 5478 hoc
2671 5424 3083 5495 propheticum
3136 5424 3399 5482 oblatum
3430 5427 3674 5482 Joanni-

2021 5518 2206 5572 Vecco
2233 5519 2290 5571 et
2319 5513 2723 5570 testimonium
2749 5515 2904 5586 quod
2926 5514 3086 5570 illius
3107 5515 3240 5571 ﬁdei
3275 5533 3338 5571 ac
3371 5517 3670 5573 veracitati

338 5732 420 5806 (α)
447 5731 651 5788 Exstat
678 5727 738 5785 in
771 5730 976 5784 nostra
1004 5723 1263 5782 editione
1292 5722 1553 5796 Operum
1584 5727 1831 5798 Synesii.
1863 5729 2010 5788 Vide
2035 5735 2180 5790 tom.
2213 5729 2406 5802 LXVI,
2439 5731 2548 5789 col.
2581 5731 2739 5787 1559.
