4248 6438
608 402 643 473 ’1
661 417 757 473 l03

1656 413 1718 464 P.
1761 408 2040 464 POSSINI
2076 401 2694 460 OBSERVATIONUM
2730 400 2864 470 LIB.
2903 399 2976 452 II.

3883 391 4027 449 i104

619 535 1113 612 Pachymeres,illi
1139 534 1412 605 alias,ubi
1429 534 1501 588 de
1530 529 1953 588 conciliationis
1974 525 2257 582 Ecclesia-
2289 527 2345 591 Α
2375 522 2754 593 repudientur
2782 522 2840 574 et
2863 516 3229 588 corrigantur
3249 531 3282 570 a
3302 514 3585 585 prudente
3614 513 3830 571 lectore
3851 515 4028 587 juxta

621 647 750 685 rum
787 626 1018 698 negotio
1048 627 1474 697 agitur,parum
1508 616 2092 691 aequus,reddit,dum
2125 630 2259 669 eum

617 714 901 794 φιλαληθῆ
950 714 1024 775 εἷς
1082 711 1261 767 πίστιν
1315 714 1421 764 τῶν
1484 708 1795 783 λεγομὲνων
1859 706 2039 760 fuisse
2096 702 2257 768 dicit,

613 792 720 862 hoc
750 812 839 863 est
864 804 1128 861 veritatis
1160 807 1478 868 amentem,
1533 805 1591 854 et
1618 799 1712 853 cui
1762 802 1891 851 tuto
1917 795 2066 864 quod
2102 792 2259 846 affir-

606 892 1352 953 mabatcrederetur.Unde
1377 889 1764 959 intelligimus
1787 902 1913 957 quae
1938 884 2033 938 ille
2051 881 2260 939 deinde

608 987 796 1041 multa
830 999 1163 1056 magnaque
1199 998 1302 1053 pro
1340 979 1555 1036 Latinis
1604 981 1807 1031 contra
1847 974 2077 1029 Graecos
2110 971 2258 1026 scri-

607 1076 727 1145 psit
758 1080 815 1129 et
843 1074 1009 1140 dixit,
1046 1087 1221 1143 quam
1254 1070 1325 1125 ob
1354 1067 1516 1123 omni
1565 1064 1905 1139 exceptione
1951 1058 2175 1116 fraudis
2201 1062 2260 1113 et

608 1164 725 1219 fuci
758 1163 949 1218 aliena
980 1162 1233 1216 debeant
1262 1158 1486 1213 haberi.

682 1261 817 1332 Pag.
854 1260 976 1314 124.
1013 1260 1076 1313 1η
1101 1255 1390 1312 suburbio.
1449 1253 1615 1308 Forte
1646 1250 1845 1321 aptius
1884 1246 2255 1317 scripsissem

605 1356 663 1407 in
686 1352 1020 1407 suburbano.
1057 1354 1193 1402 Nam
1232 1346 1585 1402 suburbium
1634 1343 1866 1397 videtur
1911 1339 2075 1393 locus
2124 1334 2255 1389 urbi

600 1444 889 1497 admotior
910 1456 1087 1512 quam
1121 1438 1216 1492 hic
1236 1436 1553 1502 indicatus,
1588 1432 1809 1503 quippe
1834 1431 1900 1483 ad
1936 1427 2253 1499 septimum

602 1532 752 1587 situs
784 1530 1065 1601 lapidem.
1096 1526 1366 1580 Nondum
1391 1530 1588 1578 tamen
1622 1536 1710 1574 me
1744 1520 1872 1588 ipse
1903 1516 2252 1582 condemno,

602 1620 703 1691 qui
733 1621 914 1674 sciam
944 1618 1003 1671 in
1049 1615 1325 1671 maximis
1364 1618 1420 1668 et
1464 1610 1642 1681 regiis
1688 1607 1936 1662 urbibus
1971 1602 2255 1659 suburbia

601 1709 899 1764 interdum
933 1707 1003 1761 ad
1037 1707 1235 1761 decem
1267 1706 1323 1757 et
1370 1700 1523 1756 ultra
1574 1697 1823 1752 miliaria
1853 1694 2081 1749 extendi
2113 1708 2252 1746 con-

606 1800 772 1853 tinua
804 1797 922 1851 fere
954 1796 1104 1851 serie
1152 1793 1447 1847 villarum.
1489 1792 1681 1843 Romae
1716 1802 1856 1841 sane
1887 1780 2253 1853 longiuscule

2372 612 2585 685 placita
2620 609 2925 666 orthodoxi
2960 607 3280 678 dogmatis.

2443 720 2562 791 Pag
2594 719 2714 774 141.
2766 716 3161 773 Monasterium
3208 713 3280 768 ad
3320 714 3541 767 Fontem
3598 714 3790 768 situm.
3842 713 4015 769 Hunc

2372 808 2589 863 fontem
2623 812 2679 862 et
2710 807 2902 861 locum
2930 802 3207 858 describit
3236 801 3553 872 Procopius
3607 802 3644 856 Ι.
3678 819 3697 856 ι
3736 802 3865 873 Περὶ
3900 822 4027 855 κτι-

2371 897 2611 967 σμάτων,
2666 912 2714 950 c.
2751 895 2804 962 3,
2854 893 2993 947 dum
3042 889 3247 961 templi
3279 889 3337 943 in
3383 889 3605 944 honore
3660 890 3905 961 Deipare
3938 890 4019 945 ibi

2370 1005 2401 1043 a
2432 986 2763 1042 Iustiniano
2812 982 3031 1041 conditi
3094 980 3365 1035 meminit
3395 980 3489 1035 his
3520 981 3717 1035 verbis
3750 998 3762 1035 :
3794 981 4021 1052 Ἕτερον

2367 1072 2424 1128 δὲ
2454 1074 2598 1149 ἱερὸν
2627 1074 2762 1145 αὐτῇ
2796 1074 2880 1144 (τῇ
2912 1063 3175 1140 θεάτὸκῳ)
3208 1065 3259 1121 ἐν
3293 1068 3467 1141 χώρῳ
3499 1064 3826 1141 κολουμὲνῳ
3860 1072 4021 1143 Πηγῇ

2366 1163 2641 1233 ἀνέθηκεν.
2699 1161 2959 1217 Ἐνταῦθα
3006 1157 3116 1212 ἐστι
3176 1153 3337 1219 δάσος
3386 1155 3756 1229 κυπαρίσσων,
3808 1156 4022 1231 λειμὼν

2365 1251 2416 1305 ἐν
2479 1252 2714 1314 ἁπαλαῖς
2754 1254 2873 1311 ταῖς
2920 1246 3177 1321 ἀρούραις
3225 1242 3474 1313 τεθηλὼς
3511 1246 3709 1315 ἄνθεσι,
3763 1244 4027 1322 παράδει-

2366 1362 2458 1403 σος
2514 1340 2760 1416 εὐφορῶν
2812 1338 2879 1392 τὰ
2938 1337 3112 1409 ὡραῖα
3146 1381 3159 1407 ,
3218 1336 3373 1409 πηγή
3427 1334 3671 1410 ἀψοφητὶ
3744 1332 4027 1411 βλύζουσα

2362 1429 2601 1507 γαληνὸν
2651 1430 2713 1484 τὸ
2770 1425 2916 1503 ὕδωρ
2969 1426 3061 1480 καὶ
3114 1423 3375 1498 πότιμον.
3422 1424 3680 1481 Hacine
3724 1442 3901 1497 τιξοδδ
3936 1427 4023 1482 sic

2365 1522 2587 1577 Latinis
2618 1525 2830 1575 sonant
2860 1536 2930 1573 ex
2958 1516 3209 1586 eleganti
3266 1515 3748 1585 interpretatione
3785 1515 4025 1571 Claudii

2363 1610 2616 1667 Maltreti
2675 1608 2907 1664 nostri:
2963 1607 3151 1662 Eidem
3192 1604 3498 1677 (Deiparee)
3557 1605 3821 1675 templum
3863 1605 4024 1661 aliud

2361 1699 2604 1756 condidit
2627 1696 3038 1770 (Justinianus)
3069 1694 3215 1766 apud
3237 1696 3455 1749 Fontem
3480 1710 3491 1747 :
3512 1694 3592 1747 sic
3617 1693 3799 1747 locum
3830 1695 4025 1764 appet-

2364 1792 2524 1851 tant;
2556 1790 2615 1842 in
2648 1805 2750 1860 quo
2780 1784 3168 1858 opacissimum
3211 1788 3292 1836 est
3339 1785 3752 1851 cupresselum;
3785 1783 4025 1851 ﬂoribus

601 1885 965 1959 procurrisse
999 1885 1071 1937 ab
1105 1883 1250 1937 urbe
1282 1878 1570 1934 suburbia
1612 1877 1732 1945 jam
1769 1879 1906 1928 tunc
1947 1888 2063 1926 aevo
2095 1870 2251 1925 Cice-
2285 1893 2333 1957 B
2367 1879 2529 1933 moui
2552 1879 2664 1933 δοιο
2716 1876 3064 1944 surgentibus
3112 1881 3336 1945 pratum
3370 1872 3563 1926 υενηαι
3600 1889 3614 1937 ς
3646 1870 3823 1924 domi;
3885 1886 4027 1924 εχει-

600 1977 781 2039 ronis,
817 1974 1035 2028 indicio
1060 1976 1149 2026 est
1181 1970 1335 2041 quod
1370 1967 1625 2038 legimus
1648 1962 1900 2032 Philipp.
1932 1960 2034 2014 XII
2064 1976 2075 2012 :
2100 1960 2257 2013 Hisce

596 2081 689 2135 ego
724 2080 808 2119 me
834 2064 943 2118 viis
987 2059 1360 2123 committam,
1398 2054 1494 2126 qui
1540 2051 1934 2108 terminatibus
1970 2064 2149 2119 nuper
2195 2049 2255 2101 in

595 2152 941 2217 suburbium,
974 2155 1034 2204 ut
1084 2148 1270 2204 eodem
1326 2147 1418 2200 die
1448 2152 1769 2208 recerterer,
1803 2142 1889 2194 ire
1935 2154 2045 2192 non
2089 2153 2257 2190 ausus

594 2245 746 2299 sim?
777 2241 915 2297 Utut
963 2241 1035 2294 de
1075 2238 1183 2292 hoc
1234 2234 1331 2302 sit,
1372 2233 1517 2288 illud
1567 2231 1806 2302 quidem
1867 2231 2092 2282 certum
2145 2233 2254 2291 est,

600 2332 963 2387 Hebdomon.
990 2329 1060 2382 de
1091 2342 1207 2397 quo
1241 2328 1440 2379 noster
1478 2322 1585 2376 hoc
1628 2319 1775 2383 loco,
1810 2331 2024 2371 nomen
2072 2314 2255 2369 fuisse

602 2418 929 2478 suburbani
961 2413 1458 2484 ConstantinOpoli
1491 2409 1775 2480 disjuncti
1809 2405 2137 2461 miliaribus
2166 2419 2254 2458 se-

601 2516 782 2583 ptem,
818 2512 991 2581 prout
1023 2506 1251 2562 erudite
1280 2504 1649 2557 demonstrat
1682 2498 1956 2553 Nicolaus
1981 2494 2255 2548 Alaman-

601 2617 714 2655 nus
744 2599 909 2654 Notis
939 2597 1033 2651 ad.
1067 2611 1116 2649 ο.
1140 2595 1231 2667 ,45
1276 2591 1543 2647 Historia:
1602 2603 1826 2643 arcanae
1867 2583 2156 2653 Praecpii,
2189 2598 2257 2638 ex

599 2691 854 2751 Socrate,
885 2690 1204 2741 Sozomeno
1237 2689 1288 2736 el
1321 2680 1524 2735 ldatio.

673 2786 789 2857 Cap
818 2784 907 2838 24.
943 2782 1265 2851 Postquam
1300 2794 1393 2832 res
1426 2774 1685 2839 Persica,
1738 2772 1892 2843 quod
1929 2770 2023 2825 hic
2054 2785 2252 2824 narra-

600 2880 698 2930 tur
746 2870 1044 2928 succuluit
1086 2866 1386 2931 Tocharis,
1450 2864 1685 2920 videtur
1744 2859 2066 2931 contigisse
2098 2857 2251 2928 quod

601 2968 802 3020 noster
848 2978 901 3033 p.
956 2961 1021 3013 18
1066 2956 1286 3020 retulit,
1337 2960 1403 3009 ut
1448 2967 1744 3024 pugnaces
1796 2948 2035 3019 quidam
2070 2946 2254 3001 Persis

604 3067 807 3122 parere
854 3046 1137 3104 Tocharis
1187 3042 1510 3115 dedignati,
1562 3056 1727 3095 arces
1776 3037 2019 3093 Romani
2053 3034 2257 3089 limitis

600 3156 804 3196 vexare
835 3139 1097 3210 ceperint
1128 3151 1274 3206 quas
1306 3138 1363 3188 et
1388 3132 1624 3199 tandam
1662 3129 2092 3198 expugnarunt.

668 3244 807 3308 Pag.
844 3236 966 3290 134.
1000 3234 1115 3289 Non
1158 3231 1289 3285 inde
1333 3229 1401 3283 ad
1430 3226 1719 3300 proprium
1767 3227 1973 3279 victum
2013 3236 2248 3276 sumere.

598 3327 815 3383 Grecis
865 3324 983 3378 illis
1033 3319 1491 3390 respondentia:
1525 3313 1799 3387 Φὲροντας
1826 3309 1870 3365 δ’
1901 3308 2096 3380 ἔξωθεν
2132 3309 2247 3361 ἐπι-

595 3415 801 3469 τάττων
863 3409 1177 3479 σιτίζεσθαι.
1239 3413 1369 3461 Heec
1427 3405 1700 3460 videntur
1754 3420 1787 3457 a
1866 3404 2251 3473 paraphraste

596 3506 883 3559 Vaticano
917 3519 1031 3555 non
1066 3497 1385 3553 intellecta:
1420 3499 1485 3548 ut
1518 3510 1635 3548 non
1671 3509 1800 3545 raro
1823 3490 1966 3545 alias
1999 3490 2248 3543 aberrat.

598 3600 705 3650 Pro
737 3592 829 3647 his
861 3590 1013 3645 enim
1048 3588 1130 3643 sic
1190 3586 1396 3659 ponit:
1434 3584 1705 3655 Φέροντας
1738 3576 1785 3633 δ’
1808 3574 2001 3648 ἔξωθεν
2056 3577 2117 3629 τὸ
2155 3576 2248 3648 μὲν

599 3682 795 3756 ἀρκοῦν
855 3682 951 3732 τοῦ
1011 3675 1159 3729 σίτου
1220 3679 1483 3747 χρῆσθαι,
1544 3671 1606 3723 τὸ
1640 3666 1696 3723 δὲ
1726 3667 1893 3721 πλέον
1922 3663 2088 3720 πάλιν
2120 3664 2252 3719 ἀπο-

594 3772 856 3833 τίθεσθαι.
912 3769 1090 3839 Atqui
1147 3764 1209 3817 τὸ
1267 3761 1457 3832 ἔξωθεν
1502 3779 1571 3816 ex
1621 3768 1818 3814 mente
1872 3757 2125 3813 auctoris
2178 3757 2248 3811 ad

593 3859 884 3929 σιτίζεσθαι
934 3859 1222 3912 refertur:
1273 3860 1337 3907 ut
1364 3850 1615 3905 voluerit
1662 3848 1815 3903 042
1859 3848 2116 3902 Joannes
2146 3846 2247 3899 im-

591 3958 830 4024 perator
849 3946 1082 4018 bajulos
1116 3942 1396 3998 frumenti
1426 3938 1745 4010 reponendi
1768 3937 1822 3991 in
1849 3936 2085 3991 arcibus
2103 3934 2247 3988 nihil

590 4042 727 4097 inde
760 4038 947 4094 obiter
999 4038 1264 4089 minuere
1318 4031 1388 4085 ad
1424 4026 1720 4100 proprium
1770 4026 2004 4089 victum,
2047 4025 2145 4079 sed
2174 4023 2247 4078 iis

590 4129 830 4185 aliunde
857 4124 1143 4197 assignari
1179 4121 1335 4175 unde
1366 4118 1423 4173 in
1448 4117 1551 4172 tali
1583 4116 1672 4171 via
1690 4131 1754 4170 ac
1786 4113 2114 4169 ministerio
2146 4128 2243 4167 ve-

589 4224 914 4277 scerentur.

661 4311 798 4381 Pag.
837 4308 959 4362 140.
993 4305 1136 4361 Idem
1169 4302 1270 4358 ille
1324 4298 1679 4355 Cutritzaces.
1713 4294 1927 4350 Mentio
1959 4293 2245 4347 Cutritza-

584 4402 668 4456 cis
702 4396 1013 4473 in_Graacis
1063 4393 1235 4449 editis
1267 4407 1384 4445 non
1432 4391 1772 4459 comparet:
1820 4383 1921 4438 illa
1950 4382 2107 4438 enim
2153 4398 2245 4436 ex.

583 4471 785 4561 pressa
835 4491 976 4542 sunt
1033 4501 1101 4538 ex
1159 4482 1288 4536 cod.
1342 4478 1581 4543 Barber,
1643 4480 1698 4529 et
1762 4473 1935 4528 Allat.
2000 4472 2081 4543 (P.
2115 4471 2239 4542 449)

582 4594 831 4650 quorum
865 4576 925 4629 in
976 4576 1184 4628 neutro
1235 4568 1468 4641 legitur.
1514 4564 1816 4636 Supplevit
1855 4567 2051 4617 autem
2085 4566 2238 4616 recte

2368 1970 2521 2023 berat
2561 1967 2929 2029 viridarium;
2981 1965 3107 2033 fons
3158 1964 3335 2015 tacita
3370 1959 3712 2028 scaturigine
3751 1959 3939 2014 lenem
3972 1964 4029 2014 et

2364 2056 2583 2112 dulcem
2617 2072 2819 2125 aquam
2847 2052 3099 2124 effundit.
3122 2050 3454 2119 Templum,
3486 2054 3547 2102 ut
3578 2048 3685 2102 alia
3721 2047 4026 2118 pleraque,

2369 2146 2817 2201 custodiendum
2850 2148 2939 2197 est
2964 2140 3245 2196 traditum
3293 2137 3622 2207 monachis,
3656 2137 3878 2207 quibus
3913 2139 4026 2192 do-

2369 2234 2657 2288 micilium
2692 2236 3018 2287 astructum
3054 2230 3146 2282 hic
3175 2226 3597 2282 monasterium
3645 2226 3845 2281 Fontis
3877 2226 4027 2281 dici-

2365 2328 2479 2379 tur.
2515 2322 2648 2377 Erat
2677 2325 2870 2376 autem
2903 2320 2959 2373 id
2994 2318 3196 2384 situm,
3222 2321 3282 2371 ut
3312 2316 3465 2371 idem
3499 2315 3814 2387 Procopius
3845 2316 4026 2386 paulo

2365 2418 2497 2484 post
2526 2413 2899 2482 docet,prope
2931 2413 3158 2481 portam
3193 2413 3470 2475 Auream,
3504 2402 3739 2478 ἄγχιστα
3799 2424 3877 2473 πη
3912 2408 4024 2457 τῶν

2365 2500 2585 2572 Χρυσῶν
2646 2496 3003 2568 καλουμένων
3054 2492 3268 2549 πυλῶν.
3323 2494 3453 2548 Hec
3502 2499 3591 2547 est
3619 2496 3779 2562 porta
3807 2493 4023 2567 Fontis,

2365 2590 2538 2658 cujus
2572 2587 2742 2659 paulo
2783 2585 3032 2641 inferius
3082 2584 3467 2654 Pachymeres
3504 2581 3793 2636 meminit.
3857 2580 4020 2636 Idem

2364 2679 2528 2739 alibi.
2563 2692 2770 2748 nempe
2802 2693 2859 2747 p.
2895 2675 3017 2744 168,
3067 2672 3305 2746 Χροσὲαν
3354 2667 3537 2738 πύλην
3586 2677 3844 2727 Auream
3881 2683 4017 2742 por-

2364 2774 2484 2822 tam
2518 2766 2799 2839 appellat.
2834 2769 3052 2819 Auctor
3103 2760 3402 2816 Pandectw
3453 2759 3599 2814 Hist.
3638 2760 3793 2814 Ture.
3830 2776 3880 2814 ο.
3912 2760 4022 2815 200

2363 2855 2637 2927 δοιγὺπ-ίαε
2662 2859 2888 2925 portam
2922 2853 3139 2907 dictam
3174 2866 3407 2921 quoque
3446 2849 3527 2903 ait
3559 2865 3572 2904 :
3609 2849 3744 2903 Inde
3772 2848 4016 2921 (inquit)

2357 2945 2681 3015 pervenitur
2703 2941 2771 2997 ad
2787 2942 3055 2995 decimam
3086 2944 3323 3005 sextam,
3353 2936 3604 2992 videlicet
3634 2935 3906 3007 Silybria?
3934 2936 4019 2992 vel

2364 3033 2633 3105 Selybriw
2686 3035 2928 3103 portam,
2976 3046 3101 3100 quae
3132 3045 3166 3083 a
3215 3026 3423 3098 priscis
3480 3025 3667 3099 Χρυσῆ
3709 3024 3891 3099 πόρτα
3934 3026 4019 3081 vel

2364 3125 2543 3177 Aurea
2567 3127 2727 3193 porta
2771 3119 3182 3176 nominabatur.
3230 3117 3367 3172 Nam
3396 3125 3557 3171 extra
3604 3121 3823 3185 portam
3875 3114 4019 3171 hanc

2364 3217 2441 3267 est
2473 3212 2737 3283 hodieque
2769 3211 2925 3278 Fons,
2953 3210 3052 3279 qui
3080 3204 3415 3281 χρυσοπηγή
3475 3205 3561 3260 vel
3591 3195 3799 3260 aureus
3828 3207 3957 3272 Ions
3990 3222 4023 3259 a

2367 3302 2569 3357 Grazcis
2625 3302 2855 3370 antiquo
2923 3298 3152 3352 nomine
3206 3296 3438 3364 dicitur,
3506 3293 3735 3349 celebris
3809 3294 3873 3348 in
3932 3310 4019 3349 eo-

2360 3408 2484 3445 rum
2524 3391 2794 3457 historiis,
2834 3401 2964 3459 quae
2999 3399 3377 3456 saepenumero
3417 3382 3620 3453 palatii
3665 3382 3851 3453 πηγῆς
3903 3385 4023 3439 sive

2357 3475 2526 3542 fontis
2558 3474 2886 3526 mentionem
2910 3471 3148 3541 faciunt,
3170 3471 3224 3521 et
3249 3465 3442 3537 templi
3490 3466 3745 3537 Deipara'e
3774 3467 4017 3538 virginis

2359 3562 2435 3616 ad
2462 3580 2643 3632 πηγην
2701 3564 2817 3615 sive
2842 3562 3067 3628 fontem.
3101 3560 3184 3613 Ita
3215 3555 3333 3611 ille.

2434 3670 2565 3740 Pag.
2634 3668 2755 3722 150.
2817 3666 2878 3721 In
2937 3666 3029 3720 bis
3102 3664 3320 3719 Graecis
3381 3663 3574 3717 verbis
3649 3662 4021 3723 καταστάντος

2358 3761 2492 3811 κατὰ
2522 3757 2709 3830 χώραν
2764 3754 3102 3821 ὑπνούντων,
3130 3753 3238 3809 etsi
3268 3770 3335 3808 ex
3384 3753 3553 3809 codd.
3598 3754 3845 3824 optimis
3876 3753 4019 3808 Bar-

2361 3850 2479 3901 ber.
2512 3853 2567 3901 et
2598 3845 2772 3911 Allat,
2807 3860 2939 3899 cum
2992 3843 3105 3897 fide
3136 3857 3411 3913 expressa
3452 3841 3607 3895 648
3655 3846 3816 3907 sunt,
3852 3856 4019 3895 men-

2359 3937 2497 3991 dum
2536 3936 2688 3990 inest
2721 3951 2833 3989 non
2862 3933 3134 3987 dubium.
3185 3930 3331 3995 Quid
3387 3929 3540 3984 enim
3574 3928 3714 3983 illuc
3743 3928 3883 3983 facit
3909 3946 4022 3985 vox

2361 4024 2672 4078 ὑπνούντων
2708 4025 2899 4079 locum
2931 4037 3226 4092 occupans
3256 4017 3549 4087 vocabuli,
3582 4018 3739 4089 quod
3773 4034 4020 4089 respon-

2355 4118 2489 4171 deat
2517 4113 2821 4187 participio
2842 4109 3204 4170 καταστάντος
3231 4109 3253 4163 ?
3286 4109 3460 4164 Recte
3494 4108 3674 4179 igitur
3704 4111 3761 4162 et
3789 4124 3859 4162 ex
3892 4124 4021 4163 me-

2355 4206 2509 4273 liori,
2543 4207 2771 4277 opinor,
2821 4201 3140 4273 exemplari
3190 4216 3295 4272 pro
3343 4195 3655 4252 ὑπνούντων
3693 4197 4015 4253 Vaticanus

2354 4295 2521 4366 ponit
2562 4292 2897 4365 πνεύματος,
2948 4307 3127 4345 sensu
3160 4290 3284 4359 jam
3336 4287 3531 4359 plano,
3585 4302 3760 4358 quem
3792 4290 3854 4341 et
3902 4303 4015 4342 nos

2356 4386 2413 4439 in
2447 4382 2929 4455 interpretatione
2948 4380 3269 4435 tenuimus.
3305 4377 3439 4440 Quae
3456 4380 3791 4447 sequuntur
3820 4376 3881 4430 in
3902 4377 4013 4431 iis-

2356 4476 2485 4529 dem
2521 4473 2687 4528 codd.
2724 4473 2764 4527 B
2796 4476 2853 4525 et
2878 4473 2943 4533 A,
2994 4470 3365 4539 desperatam
3419 4464 3861 4536 perplexitatem
3902 4464 4015 4520 ha-

2354 4565 2493 4619 bent
2525 4568 2783 4629 auctore,
2838 4567 2902 4615 ut
2956 4559 3123 4628 solet,
3161 4564 3281 4612 tam
3332 4556 3391 4610 in
3440 4555 3667 4610 delectu
3715 4571 3895 4626 quam
3950 4556 4012 4610 in

586 4629 717 4650 π-ν-
741 4629 829 4632 μή
1292 4629 1325 4641 υ
1600 4629 1615 4636 -
1641 4629 1656 4635 -

579 4665 941 4720 Vaticanus:
976 4666 1065 4716 est
1099 4658 1257 4713 enim
1306 4657 1375 4709 ad
1426 4654 1780 4709 sententiam
1833 4650 2241 4721 explicandam
2275 4629 2319 4693 Ῑ)
2353 4654 2735 4709 collocatione
2761 4651 3070 4705 verborum
3125 4647 3356 4702 obviam
3410 4644 3751 4699 facilitatem
3802 4643 4014 4699 sedulo

581 4754 934 4810 necessaria.
999 4750 1103 4805 Ille
1162 4749 1247 4802 sic
1307 4744 1520 4799 habet:
1581 4742 1774 4811 Ὅμως
1830 4737 1989 4798 αὐτὸς
2023 4737 2237 4797 οὗτοςὸ

578 4842 986 4916 Κουτριτζάκης
1045 4837 1137 4891 τὸν
1216 4834 1383 4888 τόπον
1466 4827 1651 4891 καλῶς
1700 4827 2080 4895 ἐπιστάμενος.
2161 4828 2236 4883 Ex

578 4950 725 5003 quos
740 4949 847 4987 nos
866 4936 1057 4986 totum
1081 4929 1272 4982 locum
1299 4925 1381 4979 sic
1400 4920 1823 4977 restimendnm
1857 4917 2233 4987 putabamus:

575 5002 709 5083 Τοῖς
740 5013 1221 5088 ὑποϐαλλομὲνοις
1266 5003 1581 5085 προσέχων,
1633 5008 1774 5081 ὁμοῦ
1805 5005 1909 5079 γὰρ
1949 5003 2109 5065 αὐτὸς
2142 5002 2232 5058 οὖ-

570 5131 664 5172 τος
727 5110 755 5163 ὁ
816 5104 1223 5182 Κουτριτζάκης
1280 5097 1335 5153 εὖ
1397 5096 1556 5158 εἰδὼς
1612 5100 1720 5150 τῶν
1772 5094 1955 5148 τόπων
2016 5093 2229 5166 συνῄει.

571 5202 708 5265 Quae
766 5201 1029 5254 inserere
1077 5190 1376 5249 contextui
1464 5187 1617 5252 ausi,
1680 5197 1870 5241 tamen
1947 5184 2232 5255 interpre-

573 5291 750 5345 tando
782 5285 1186 5359 expressimus
1216 5296 1229 5334 ε
1285 5277 1596 5333 manifeste
1656 5273 1875 5345 quippe
1904 5288 2111 5326 manca
2140 5275 2232 5326 est

568 5377 837 5433 codicum
870 5375 1122 5431 aliorum
1157 5368 1350 5432 lectio,
1386 5380 1490 5420 nec
1533 5378 1778 5418 sensum
1841 5377 1943 5432 per
1974 5376 2036 5415 se
2067 5376 2228 5415 com-

567 5469 809 5523 modum
844 5465 1045 5521 efﬁcit.

635 5567 772 5638 Pag.
799 5566 957 5620 139.J
964 5577 1057 5617 am
1078 5559 1232 5631 quod
1250 5555 1345 5611 hic
1362 5556 1559 5610 noster
1592 5548 1933 5607 inevitabilis
1957 5548 2227 5620 efﬁcaciae

563 5673 694 5713 esse
725 5656 808 5712 ait
835 5655 1058 5710 decreta
1100 5644 1486 5721 providentiae,
1540 5642 1589 5696 si
1650 5641 1743 5696 cui
1783 5640 2094 5695 videantur
2150 5640 2223 5694 ad

562 5747 905 5802 damnatam
940 5738 1136 5797 fatalis
1170 5731 1539 5793 necessitatis
1569 5727 1899 5786 doctrinam
1932 5732 2222 5800 spectare,

2352 4743 2627 4812 fugiente.
2653 4742 2974 4795 Vaticanus
3003 4754 3071 4793 ea
3092 4734 3440 4807 compendio
3473 4740 3532 4789 et
3561 4733 3778 4788 clarius
3805 4733 3879 4786 de
3900 4749 4014 4788 suo

2347 4832 2682 4904 exprimens
2716 4830 2799 4885 sic
2850 4829 3062 4884 habet:
3099 4825 3211 4881 Εἶτ’
3268 4821 3354 4877 ἐάν
3414 4843 3467 4877 τι.
3517 4822 3642 4896 περὶ
3679 4820 3746 4874 τὰ
3774 4820 4013 4890 αἰσθητὰ

2347 4914 2627 4992 συμϐαίη,
2692 4919 2767 4990 μὴ
2828 4916 3190 4975 καταστάντος
3247 4912 3383 4967 κατὰ
3439 4910 3627 4987 χώραν
3687 4913 3785 4964 τοῦ
3842 4909 4012 4964 meti-

2350 5029 2516 5082 ματος
2575 5007 2619 5062 εἰ
2684 5007 2777 5079 μὶν
2830 5002 3042 5077 ὁμαλόν
3101 5001 3209 5057 ἐστι
3263 5002 3352 5056 καὶ
3400 5004 3509 5055 τῶν
3546 5001 3792 5069 συνήθων
3825 5001 3890 5053 τὸ
3922 4999 4015 5053 civ-

2341 5092 2820 5171 τιλαμϐανόμενον
2872 5092 3070 5171 αἴφνης
3130 5092 3426 5160 ἀκουσθέν,
3488 5090 3549 5145 οὐ
3603 5093 3867 5144 τοσοῦτον
3919 5090 4012 5164 γί-

2341 5208 2486 5241 νεται
2515 5186 2577 5241 τὸ
2626 5180 2831 5261 βλάϐος
2863 5183 2986 5259 περὶ
3016 5183 3078 5237 τὸ
3130 5180 3471 5256 λογιστικόν.
3506 5179 3568 5236 Ei
3601 5177 3658 5233 δὶ
3680 5180 3934 5253 λυπηρον
3967 5180 4005 5249 ἢ

2340 5278 2531 5352 χάριεν
2578 5277 2639 5330 τὸ
2692 5267 3238 5346 ἀντιλαμϐανόμενον
3292 5269 3488 5333 εὐθέως
3541 5266 3796 5332 ἅκουσθέν
3851 5270 4008 5342 παρᾶ

2339 5372 2512 5422 πᾶσαν
2580 5363 2959 5440 προσδοκίαν,
3010 5356 3462 5437 τεθορυϐημένων
3520 5363 3627 5414 τῶν
3688 5356 4001 5429 αῗσθήσεων

2338 5456 2600 5527 ἔκπληξιν
2647 5453 3024 5529 ἀπεργάζεται.
3060 5457 3142 5509 Ita
3188 5452 3285 5508 ille
3344 5456 3583 5507 mutans
3641 5455 3699 5505 et
3757 5456 3999 5506 contra-

2337 5547 2484 5603 hens
2510 5565 2611 5619 pro
2643 5546 2899 5601 arbitrio.
2920 5544 3037 5599 Nos
3060 5547 3358 5598 auctorem
3384 5540 3579 5612 ipsum
3614 5539 4000 5609 exhibemus,

2336 5643 2391 5692 et
2421 5654 2593 5708 quam
2658 5635 2999 5691 fidelissime
3030 5649 3095 5687 ac
3152 5630 3480 5687 clarissime
3519 5646 3808 5686 conamur
3870 5631 4001 5685 red-

2334 5728 2492 5783 dere.
