4248 6438
179 398 320 454 1105

1770 395 1996 449 ΝΟΤΒ.

3442 400 3580 454 1106

252 525 337 591 [Ρ.
375 519 496 588 45οῙ
533 519 665 587 Pag.
730 518 848 571 160.
915 519 1215 587 Postquam
1273 516 1370 569 diu
1425 517 1646 569 clausa:
1695 531 1814 579 per-
1848 516 1899 583 Α
1939 523 1990 570 et
2027 518 2244 571 Venetos
2273 519 2443 574 multo
2491 521 2781 590 inferiores
2829 539 3058 578 numero
3109 523 3262 576 intra
3314 521 3575 576 manium

173 613 456 662 manserat
493 618 686 674 aperta
735 610 814 659 est
845 614 999 675 porta
1050 607 1252 658 Aurea.
1303 605 1394 657 Sic
1452 603 1817 658 reddidimus

178 699 329 752 quod
366 715 422 750 in
475 701 672 749 (ἑτερου
733 696 966 764 legitur,
1026 696 1276 745 Ἤνοικτο
1312 694 1343 757 ἡ
1401 691 1608 762 Χρλσὲα
1665 689 1813 759 πύλη

178 787 393 858 χωρέει.
433 786 514 839 Ita
547 787 701 839 clare
730 784 1070 854 exprimunt
1107 784 1312 854 optimi
1362 783 1530 836 codd.
1571 783 1628 836 Β.
1662 787 1719 835 et
1750 785 1810 836 Α.

179 875 488 928 Vaticanus
550 879 744 928 autem
800 889 901 942 pro
951 869 1144 944 χρονία
1197 872 1361 940 ponit
1416 867 1600 940 μόλις.
1653 869 1815 924 Unde

172 961 572 1016 intelleximus
595 961 739 1015 velle
754 966 1050 1014 auctorem
1067 960 1400 1030 signiﬁcare
1425 964 1553 1030 post
1577 959 1810 1028 longam

170 1051 426 1120 denique
447 1049 938 1119 exspectationem
970 1051 1229 1120 patuisse
1263 1050 1393 1103 illas
1439 1050 1534 1102 diu
1584 1050 1814 1104 obsera-

169 1143 262 1194 tas
297 1141 466 1194 l'ores.
506 1139 662 1194 More
685 1138 951 1192 videlicet
985 1155 1329 1209 pomparum
1365 1138 1812 1205 solemniorum,

171 1229 412 1298 quibus,
447 1234 511 1282 ut
540 1227 940 1282 Tertullianus
970 1228 1040 1280 de
1072 1227 1366 1298 mysteriis
1397 1226 1602 1280 scribit
1649 1226 1813 1280 initio

168 1317 303 1370 iibri
365 1319 643 1372 adversus
691 1316 1150 1380 Valentinianos,
1199 1319 1523 1370 cruciantur
1577 1315 1809 1382 aditus;

165 1407 322 1476 quod
356 1406 552 1459 relerri
590 1411 779 1476 potest
809 1405 878 1459 ad
910 1421 1102 1459 moras
1157 1405 1212 1458 in
1253 1405 1540 1458 vestibulo
1589 1404 1811 1458 haren-

167 1501 339 1548 timu.
374 1495 550 1549 Paulo
585 1500 714 1564 post
739 1494 890 1548 idem
925 1498 1211 1548 memorat
1238 1495 1484 1560 suspiria
1500 1497 1810 1562 portarum,

154 1585 330 1654 juxta
363 1585 660 1640 lectionem
683 1587 984 1654 cujusdam
1032 1585 1251 1639 codicis
1309 1601 1420 1638 non
1473 1600 1810 1654 usquequa~

165 1690 283 1743 que
317 1675 584 1729 fortassis
617 1673 1084 1744 improbabilem,
1140 1675 1246 1728 etsi
1303 1675 1507 1728 merito
1559 1673 1661 1726 viri
1708 1673 1809 1726 do-

164 1765 242 1816 cti
301 1763 661 1830 pratulerint
725 1763 970 1833 suspiria
1028 1769 1347 1833 epoptarum
1416 1779 1548 1816 nam
1627 1761 1808 1814 videri

163 1859 355 1922 :JUt-Ult
385 1854 529 1907 velle
561 1859 768 1907 auctor
794 1852 1115 1923 exprimere
1143 1868 1490 1923 suspensam
1517 1850 1808 1920 inquietu-
1839 1878 1885 1942 B

161 1943 360 1996 dinem
389 1945 852 2013 exspectantium
887 1943 958 1996 ad
993 1947 1188 2012 portas
1216 1947 1270 1996 et
1299 1943 1368 1995 ad
1403 1946 1660 2012 optatam
1707 1957 1806 1994 ea-

161 2049 296 2085 rum
332 2031 776 2101 patefactionem
810 2032 1560 2102 suspirantiuui.Admonet
1585 2034 1804 2096 autem,

160 2125 518 2190 opportunet
549 2122 616 2174 ad
654 2122 807 2192 quod
844 2120 1117 2184 dicimus,
1152 2126 1345 2174 noster
1391 2121 1802 2189 imperatorem

161 2209 446 2280 peculiari
474 2211 670 2264 studio
702 2227 938 2265 curasse
972 2219 1027 2264 ut
1063 2228 1239 2281 quam
1271 2211 1518 2264 maxime
1552 2213 1804 2279 augusta

163 2303 490 2370 sanctaque
520 2299 640 2354 hac
674 2299 1019 2355 caremonia
1050 2301 1134 2354 sui
1173 2298 1450 2353 solemnis
1496 2298 1551 2351 in
1600 2299 1807 2352 urbem

163 2389 386 2458 regiam
420 2390 721 2460 ingressus
755 2390 1042 2443 evaderet.
1106 2389 1299 2456 Quam
1358 2388 1416 2442 in
1473 2403 1595 2441 rem
1647 2387 1802 2440 inter

166 2483 376 2532 catera
423 2478 766 2533 diuturnam
814 2478 986 2532 istam
1033 2477 1302 2532 adhibuit
1348 2493 1572 2530 moram
1624 2479 1801 2546 porta

164 2569 366 2621 Aurea
400 2568 884 2637 aperienda,ante
917 2584 1094 2639 quam
1120 2567 1380 2621 clausam
1398 2565 1804 2637 persistentem

165 2654 392 2726 aliquot
426 2656 547 2710 dies
580 2673 710 2710 cum
745 2655 1021 2710 comitatu
1057 2655 1340 2723 substitit;
1374 2655 1578 2724 etipso
1600 2653 1808 2708 trium-

162 2744 362 2816 phalis
394 2746 673 2799 introitus
706 2762 819 2798 non
855 2749 987 2799 ante
1038 2744 1341 2799 meridiem
1373 2743 1547 2814 pandi
1600 2743 1807 2808 voluit,

163 2838 228 2887 ut
255 2836 428 2903 paulo
464 2840 592 2900 post
625 2832 854 2888 dicitur.
898 2834 1013 2888 Nec
1044 2839 1133 2887 est
1191 2831 1527 2886 incredibile
1584 2836 1808 2885 tantam

166 2941 196 2973 Tt
231 2923 318 2973 ‘z‘ii:
345 2925 506 2974 tmen;
537 2923 966 2976 soloinnuatem
1003 2922 1060 2976 in
1095 2939 1200 2976 suo
1254 2923 1364 2975 isto
1427 2938 1526 2991 per
1583 2925 1807 2991 portam

167 3022 417 3064 Auream
456 3014 718 3080 ingressu
756 3012 1104 3076 affectatam,
1139 3011 1294 3083 quod
1327 3027 1452 3064 eam
1484 3009 1593 3063 sibi
1618 3009 1810 3064 adhuc

162 3102 401 3155 lactenti
459 3103 791 3170 praedictam
847 3103 1428 3170 audisset,narrante
1479 3100 1590 3172 ipsi
1636 3100 1808 3153 Eulo-

161 3191 258 3260 gia
295 3207 510 3245 sorore.
548 3191 689 3245 Vide
724 3208 846 3246 rem
884 3191 1241 3262 descriptam
1276 3207 1473 3261 supra,
1508 3207 1564 3260 p.
1604 3190 1724 3243 1:28.

240 3373 399 3438 Pag.
463 3368 582 3421 l63.
647 3369 786 3436 Quos
845 3367 1106 3422 altatrari
1159 3385 1282 3422 cum
1314 3377 1663 3438 apparerent.
1720 3367 1814 3421 Sic

165 3475 570 3528 expressunus
604 3458 755 3527 quod
792 3458 986 3512 Grace
1017 3455 1251 3517 ἐκείνους
1285 3452 1331 3508 δ’
1377 3454 1816 3527 ὑλαγτουμένους

163 3550 245 3616 τῷ
277 3545 500 3614 πλήθει.
535 3547 877 3614 Quanquam
916 3564 1025 3600 non
1062 3546 1391 3612 dissimulo,
1436 3563 1502 3601 ex
1551 3564 1665 3618 quo
1688 3547 1811 3617 jam

170 3636 296 3690 hac
329 3637 412 3689 sic
443 3640 607 3688 erant
639 3636 814 3699 edita,
849 3636 1189 3690 observasse
1235 3651 1321 3690 me
1370 3635 1428 3690 in
1473 3636 1670 3690 conice
1713 3653 1815 3689 an-

165 3725 334 3795 tiquo
393 3721 799 3794 ἠλαττωμένους
873 3741 973 3794 pro
1043 3722 1478 3794 ὑλακτομένους.
1530 3725 1632 3779 Est
1692 3725 1815 3793 qui-

168 3816 304 3868 dem
340 3814 466 3868 sine
498 3813 676 3867 dubio
710 3814 1059 3867 mendosum
1087 3813 1230 3868 illud
1256 3813 1705 3881 vocabulum,ut
1736 3813 1814 3867 ibi

167 3903 458 3972 scriptum
495 3902 609 3956 vidi
646 3918 776 3956 cum
812 3918 843 3955 o
877 3919 1052 3971 parvo
1082 3901 1140 3956 in
1176 3903 1342 3957 tertia
1385 3901 1626 3970 syllaba,
1680 3918 1812 3955 cum

166 3993 242 4047 ab
302 3988 544 4044 ἐλαττόω
597 3988 1024 4060 ἠλαττωμένους
1072 3991 1219 4047 ﬂecti
1267 3991 1422 4046 644
1475 3991 1813 4062 oportuerit.

165 4082 452 4136 Caterum
482 4080 528 4134 si
561 4080 649 4134 cui
677 4079 868 4150 magis
888 4079 1008 4134 hac
1037 4079 1223 4152 placet
1248 4079 1810 4149 lectio,rel‘erendum

167 4185 496 4241 pronomen
530 4166 771 4228 txelvouc
803 4169 872 4222 ad
908 4168 1157 4223 Venetos
1173 4169 1486 4223 etPisanos
1510 4169 1812 4239 erit,quos,

167 4260 314 4330 quia
343 4257 555 4312 minori
589 4272 835 4312 numero
867 4262 1064 4312 essent
1095 4275 1272 4328 quam
1306 4262 1368 4312 ut
1398 4258 1466 4312 ab
1509 4257 1579 4312 iis
1622 4257 1816 4312 timeri

168 4347 382 4404 seditio
417 4351 636 4418 posset,
668 4346 824 4400 haud
869 4351 1103 4417 gravate
1154 4351 1452 4417 pateretur
1502 4347 1819 4418 imperator

169 4440 331 4493 intra
363 4436 529 4492 urbis
590 4435 809 4491 mania
866 4437 1095 4506 degere,
1158 4453 1356 4491 cuma
1412 4436 1818 4492 Cenuensibus

169 4525 553 4582 multitudine
580 4525 907 4580 metuendis
938 4525 1144 4579 turbas
1176 4525 1405 4596 aliquas
1437 4525 1653 4579 timens
1704 4526 1817 4578 mi-

1938 605 2209 660 ambitum
2236 607 2421 662 domos
2454 608 2654 663 habere
2680 610 2834 665 haud
2858 627 3006 681 (egre
3034 612 3266 666 sinebat.

2008 694 2140 761 Pag.
2180 696 2298 747 173.
2335 695 2825 768 Χειροτονηθεῖσιν.
2861 700 3017 754 Hanc
3038 716 3234 754 vocem
3266 700 3349 752 sic
3373 715 3576 753 emen-

1936 782 2220 847 davimus,
2258 789 2588 841 necessaria
2620 793 2682 841 ut
2732 789 3088 858 putabamus
3135 789 3381 857 ratione,
3437 805 3571 842 cum

1935 870 1990 924 in
2026 871 2355 943 archetypis
2378 873 2530 928 clare
2556 876 2844 946 legeretur
2874 877 3360 950 χειροθετηοεῖσιν.

2003 962 2137 1028 Cap.
2173 963 2224 1015 8.
2249 961 2402 1024 Quos
2433 963 2540 1018 hoc
2589 967 2774 1034 capite
2833 972 3021 1020 noster
3046 966 3342 1035 {Ethiopas
3374 964 3575 1036 appel-

1931 1049 2031 1113 lat,
2059 1051 2115 1104 hi
2150 1057 2314 1105 erant
2344 1053 2611 1108 Saraceni
2644 1055 2887 1126 .‘Egypto
2931 1072 3032 1126 per
3080 1056 3134 1108 id
3174 1062 3406 1125 tempus
3463 1055 3574 1108 im-

1935 1139 2272 1208 peritantes,
2299 1157 2431 1194 cum
2467 1143 2685 1212 quibus
2718 1149 2774 1196 et
2823 1149 3027 1198 sancto
3077 1143 3362 1197 Ludovico
3408 1145 3574 1195 Fran-

1932 1244 2129 1283 corum
2164 1229 2246 1299 (P.
2282 1230 2406 1299 451)
2439 1231 2554 1298 regi
2592 1238 2650 1284 et
2670 1231 2803 1286 aliis
2825 1231 3188 1302 principibus
3223 1231 3572 1286 Christianis

1930 1316 2371 1389 Herosolymam
2401 1329 2458 1374 et
2483 1319 2596 1374 alia
2620 1320 2935 1376 Palastina
2969 1321 3093 1375 loca
3141 1319 3572 1390 occupantibus

1931 1425 2136 1479 graves
2191 1409 2602 1466 dimicationes
2654 1411 2913 1466 fuerunt.
2964 1410 3164 1480 Aperit
3223 1415 3420 1465 autem
3475 1408 3571 1463 hic

1931 1499 2084 1552 clare
2116 1498 2500 1567 Pachymeres
2535 1499 2816 1568 originem
2867 1500 3101 1554 famosa
3137 1499 3359 1552 militia
3393 1497 3578 1552 Mam-

1932 1586 2364 1654 maluchorum,
2387 1588 2646 1642 conflata
2665 1605 2732 1643 ex
2750 1589 3060 1659 mancipiis
3086 1588 3293 1656 majori
3324 1604 3390 1640 ex
3413 1591 3578 1656 parte

1928 1676 2388 1747 Scythicis,qua
2425 1676 2628 1747 puerili
2662 1682 2827 1732 atate
2883 1693 2950 1731 ex
3009 1677 3229 1731 Euxino
3286 1676 3342 1729 in
3400 1675 3574 1744 .‘Egy-

1930 1769 2093 1835 ptum
2129 1767 2433 1834 deportata
2464 1767 2542 1820 ibi
2574 1769 2963 1820 educarentur
2995 1772 3050 1820 et
3073 1765 3474 1819 adolescerent
3506 1763 3565 1816 in

1929 1854 2146 1909 milites
2181 1855 2552 1919 fortissimos,
2589 1872 2796 1922 magno
2828 1854 3293 1910 Christianorum
3326 1854 3566 1922 damno,

1927 1944 2273 2013 nec_minori
2317 1945 2489 2014 culpa
2538 1945 3007 1998 Christianorum
3054 1939 3563 2010 Constantinopoli

1926 2030 2379 2097 dominantium,
2412 2031 2628 2101 quibus
2658 2036 2782 2085 erat
2812 2030 3134 2084 facilimum
3171 2029 3323 2082 istud
3360 2027 3562 2081 exitio-

1925 2135 2057 2173 sum
2093 2118 2616 2190 Hierosolymitano
2651 2136 2826 2190 regno
2858 2119 3270 2174 commercium
3325 2115 3561 2170 interci-

1926 2225 2082 2278 pere,
2122 2207 2233 2262 nisi
2267 2209 2530 2275 avaritia,
2561 2209 2824 2274 ambitio,
2859 2211 3012 2262 avita
3064 2207 3356 2260 amulatio
3407 2205 3562 2257 Lati-

1926 2314 2138 2353 norum
2163 2297 2296 2368 plus
2357 2299 2511 2370 apud
2571 2315 2670 2352 eos
2724 2314 2900 2368 quam
2956 2296 3254 2367 religionis
3313 2296 3565 2349 rationes

1926 2386 2269 2452 valuissent;
2302 2403 2480 2456 quare
2522 2387 2728 2441 merito
2777 2387 3162 2460 Pachymeres
3211 2384 3501 2456 capitibus
3532 2382 3564 2436 4

1927 2481 1983 2530 et
2009 2477 2042 2528 5
2077 2476 2460 2546 sequentibus
2492 2476 2599 2530 hoc
2633 2477 2851 2530 factum
2888 2476 3200 2544 improbat.

2002 2565 2133 2635 Pag.
2174 2567 2296 2620 180.
2336 2565 2456 2620 Tres
2489 2565 2716 2636 reginae.
2771 2565 2885 2620 Hoc
2943 2569 3034 2619 est
3079 2570 3198 2618 tres
3247 2562 3415 2633 regia
3452 2560 3567 2614 vir-

1929 2652 2113 2726 gines:
2151 2671 2284 2708 nam
2318 2669 2382 2708 ex
2443 2655 2678 2724 regibus
2729 2659 2896 2708 natas
2951 2655 3183 2725 reginas
3240 2650 3566 2720 nuncupari

1929 2757 2072 2795 usus
2096 2741 2375 2810 jamolim
2417 2739 2680 2804 invaluit,
2719 2742 2890 2810 cujus
2938 2739 3204 2809 exempla
3228 2737 3568 2809 passimoc-

1930 2834 2194 2886 currunt.

2000 2919 2136 2974 Ibid.
2192 2918 2330 2973 Maio
2360 2919 2429 2973 de
2478 2919 2777 2974 Beticurto.
2839 2917 3065 2972 Iudicat
3133 2918 3318 2971 forma
3375 2915 3566 2969 nomi-

1929 3011 2043 3066 nis.
2076 3011 2362 3064 Francum
2396 3007 2553 3062 hunc
2577 3009 2777 3074 fuisse,
2812 3010 3134 3078 suadetque
3186 3006 3360 3070 idem,
3410 3004 3564 3074 quod

1932 3100 2326 3170 Peloponneso
2359 3097 2478 3152 sive
2510 3097 2735 3162 Morea,
2781 3097 2934 3150 unde
2985 3096 3078 3150 hic
3122 3100 3284 3150 ortus
3330 3094 3565 3153 dicitur,

1934 3188 2140 3245 Franci
2173 3193 2298 3241 tum
2327 3187 2763 3258 imperitabant,

2006 3279 2140 3348 Pag.
2177 3278 2298 3330 181.
2339 3276 2673 3331 Vintimilia.
2727 3276 2873 3331 Nota
2930 3275 3050 3330 hac
3108 3279 3201 3329 eat
3258 3272 3569 3344 appellatio

1937 3368 2191 3437 antiqua
2223 3383 2288 3420 ac
2303 3365 2638 3436 praenobilis
2655 3365 2884 3419 familia
2900 3363 3571 3432 Genuensis,h0dieque,

1937 3467 1997 3513 ut
2029 3457 2256 3528 opinor,
2290 3454 2651 3525 superstitis.

2008 3553 2144 3617 Pag.
2172 3547 2360 3600 t83.ln
2391 3544 2843 3615 purpura.Vides
2877 3544 3010 3597 hinc
3044 3560 3157 3598 non
3192 3541 3335 3597 satis
3369 3541 3574 3605 fuisse,

1936 3643 2000 3694 ut
2031 3638 2163 3708 quis
2194 3635 2728 3706 Porphyrogenitus
2771 3635 3082 3700 diceretur,
3131 3639 3333 3687 natum
3394 3631 3576 3686 fuisse

1934 3744 2001 3782 ex
2034 3730 2193 3797 patre
2219 3725 2344 3795 jam
2380 3723 2609 3796 imperii
2655 3725 2803 3780 645
2859 3728 3146 3793 compote,
3200 3727 3263 3776 ut
3313 3720 3574 3792 plerique

1936 3817 2218 3870 hactenus
2263 3818 2402 3869 sunt
2454 3812 2699 3883 opinati,
2749 3830 3020 3884 purpura
3074 3811 3308 3867 nomine
3354 3809 3569 3864 intelli-

1934 3909 2140 3976 gentes
2155 3919 2410 3969 pannum
2436 3917 2794 3972 purpureum
2812 3918 2926 3971 quo
2947 3900 3353 3972 exciperentur
3373 3903 3572 3970 partus

1934 3999 2360 4068 Augustarum.
2396 3992 2738 4064 Requiritur
2767 3993 2920 4047 enim
2952 3997 3226 4062 praterea
3279 3989 3438 4046 nasci
3486 3991 3572 4042 in-

1934 4091 2026 4142 tra
2057 4087 2300 4141 domum
2334 4101 2457 4156 qua
2478 4081 2733 4158 πορφύρα
2771 4099 3018 4153 purpura
3058 4083 3396 4137 vocabatur.
3445 4080 3575 4134 Hac

1937 4194 2071 4247 pars
2126 4179 2252 4229 erat
2309 4173 2703 4244 imperialium
2756 4172 2969 4226 adium
3029 4169 3575 4239 Constantinopoli;

1937 4266 2093 4320 unde
2121 4261 2682 4333 Constantinopolim
2720 4261 3005 4333 migrasse
3037 4261 3201 4332 prius
3245 4263 3582 4331 oportuerat

1938 4358 2210 4426 parentes
2234 4351 2619 4417 Constantini,
2657 4355 2719 4405 ut
2749 4350 2797 4405 is
2833 4350 3367 4421 Porphyrogenitus
3417 4347 3579 4402 nasci

1939 4446 2156 4513 posset.
2194 4442 2390 4510 Itaque
2447 4439 2838 4502 Andronicus,
2892 4439 2996 4494 etsi
3052 4444 3224 4494 natus
3284 4443 3454 4500 esset,
3519 4440 3581 4490 ut

1939 4531 2321 4602 Pachymeres
2359 4529 2592 4584 videtur
2622 4529 2898 4594 voluisse,
2930 4528 3163 4600 imperii
3198 4527 3380 4598 patris
3428 4543 3579 4581 anno

169 4617 331 4671 nime
364 4620 558 4670 tutum
595 4613 958 4670 existimaret
988 4613 1062 4668 iis
1093 4613 1389 4669 domicilia
1433 4615 1490 4668 in
1527 4614 1670 4669 urbe
1714 4615 1821 4668 tri-
1851 4605 1895 4669 Ι)
1939 4620 2150 4692 primo,
2185 4619 2339 4690 quod
2376 4618 2763 4673 discutiemus
2797 4617 2833 4672 Ι.
2871 4618 2965 4684 ΙΙΙ,
3008 4634 3059 4672 c.
3093 4619 3146 4685 8,
3207 4634 3320 4671 non
3380 4620 3578 4670 tamen

168 4709 370 4762 buere.
407 4707 618 4771 Quare,
649 4708 712 4758 ut
737 4704 946 4758 deinde
977 4721 1024 4759 c.
1059 4705 1127 4758 35
1158 4704 1457 4768 scribitur,
1501 4704 1658 4774 ipsos
1703 4703 1816 4775 pri-

170 4813 338 4851 mum
375 4795 707 4850 Heracleam
741 4794 1006 4849 Thracia
1036 4794 1432 4856 submoverat,
1467 4795 1566 4849 sed
1615 4799 1816 4864 postea

169 4889 407 4942 mutata
439 4885 730 4939 sententia
755 4900 852 4938 eos
876 4883 933 4936 in
968 4884 1317 4938 suburbium
1345 4883 1608 4939 Galatam
1635 4889 1818 4938 trans-

174 4975 334 5032 tulit.
367 4975 494 5030 Non
528 4976 770 5046 panitet
801 4973 1032 5043 quidem
1068 4990 1160 5028 me
1218 4973 1428 5044 prioris
1465 4974 1590 5043 jam
1650 4975 1816 5028 edita

171 5064 468 5132 lectionis,
501 5081 628 5136 qua
658 5063 1009 5119 sententiam
1045 5062 1202 5117 haud
1246 5062 1685 5119 inverisimilem
1719 5079 1818 5118 ex-

171 5157 400 5229 primit:
434 5160 628 5210 tamen
662 5155 710 5210 si
746 5155 880 5226 quis
911 5155 1020 5208 erit
1051 5154 1140 5208 cui
1178 5153 1307 5225 plus
1342 5154 1596 5209 arrident
1619 5154 1818 5219 altera,

171 5250 224 5303 is
258 5247 328 5302 ad
353 5263 480 5300 eam
516 5243 1442 5313 conformareinterpretationem
1472 5244 1734 5299 Latinam
1759 5244 1816 5300 in

172 5340 334 5394 hunc
371 5336 610 5391 modum
645 5336 890 5407 poterit:
938 5335 1206 5390 Caterum
1261 5333 1632 5390 Genuensibus
1678 5337 1821 5390 satis

174 5429 348 5498 ﬁdere
377 5441 484 5480 non
517 5433 738 5496 poterat
770 5427 924 5478 intra
946 5425 1134 5478 urbem
1151 5422 1640 5494 degentibus,quod
1662 5425 1825 5477 multi

178 5519 360 5574 essent
389 5530 491 5571 nec
510 5530 641 5571 cum
670 5513 803 5568 aliis
831 5515 1203 5568 communiter
1231 5513 1472 5568 viverent
1495 5512 1572 5584 (a)
1599 5511 1825 5568 Pisanos

1936 4725 2064 4765 esse
2095 4725 2224 4764 vere
2257 4707 2789 4780 Porphyrogenitus
2815 4707 3023 4778 potuit,
3057 4707 3210 4777 quod
3243 4711 3402 4761 extra
3433 4709 3578 4760 Con-

1936 4797 2377 4868 stantinopolim
2413 4798 2490 4852 sit
2522 4796 2810 4862 natus,uti
2844 4813 2946 4851 nec
2977 4796 3345 4851 Theodorum
3375 4797 3578 4864 junio-

1938 4905 2058 4942 rem
2087 4886 2406 4942 Lascarim.
2449 4885 2557 4940 etsi
2619 4885 2906 4956 principio
2959 4885 3186 4956 imperii
3249 4886 3433 4956 patris
3479 4885 3579 4938 Jo-

1938 4977 2110 5033 annis
2144 4977 2385 5030 Batatza
2422 4980 2646 5038 natum,
2698 4974 3266 5046 Porphyrogenitum
3330 4991 3580 5044 usquam

1939 5067 2160 5120 dictum
2184 5065 2457 5136 legimus,
2494 5063 2784 5119 Nimirum
2816 5064 2936 5118 hac
2961 5063 3357 5118 nomenclatio
3406 5064 3584 5117 duce-

1938 5155 2114 5210 batur
2142 5170 2210 5208 ex
2240 5153 2364 5208 loco
2398 5158 2624 5224 partus,
2660 5154 2832 5207 domo
2869 5153 2959 5206 cui
2995 5170 3261 5224 purpura
3306 5157 3429 5207 erat
3480 5169 3586 5206 no-

1940 5261 2094 5311 men,
2128 5243 2242 5297 sita
2272 5241 2800 5313 Constantinopoli,
2837 5242 2893 5296 in
2927 5258 3104 5312 quam
3158 5243 3344 5310 partui
3388 5242 3589 5295 vicina

1942 5338 2216 5403 Augusta
2248 5331 2590 5404 immigrare
2621 5335 2788 5386 erant
2814 5331 3021 5386 'solita.
3055 5338 3224 5386 Anna
3271 5331 3588 5398 Comnena,

1944 5424 1985 5478 Ι.
2045 5421 2133 5491 V1,
2192 5441 2246 5493 p.
2304 5422 2432 5487 166,
2488 5427 2658 5476 vocat
2716 5419 2928 5490 οἴκημα
2987 5418 3368 5496 ἀφωρισμένον
3420 5418 3589 5473 πάλαι

1939 5514 2058 5572 ταῖς
2088 5510 2400 5573 τικτούσαις
2427 5512 2535 5563 τῶν
2597 5505 2895 5584 βασιλίδων
2947 5516 3005 5565 et
3063 5510 3247 5578 addit,
3308 5509 3587 5587 πορφύραν

249 5734 332 5804 (α)
361 5732 468 5789 Nec
496 5762 566 5772 —
604 5731 866 5788 viverent.
899 5731 1010 5787 [mo
1041 5733 1090 5786 et
1122 5729 1238 5785 illis
1268 5728 1518 5803 utrisque
1546 5728 1714 5785 etiam
1734 5728 2036 5799 conjunctis
2062 5743 2292 5784 numero
2312 5730 2636 5803 superiorss.
