4248 6438
672 384 815 441 1107

1740 390 1803 443 Ρ.
1846 390 2124 445 ΡΟΒΒΙΝΙ
2160 384 2779 446 OBBBBVATIONUH
2814 391 2950 446 LIB.
2990 395 3064 448 Π.

3947 390 4087 447 1108

676 506 734 563 δε
762 513 924 565 τοῦτο
957 511 1009 564 οἱ
1036 504 1286 575 ἀνέκαθεν
1314 510 1699 584 ὀνομάζουσιν,
1757 511 1809 583 ἐξ
1868 510 1930 567 οὗ
1985 512 2073 566 καὶ
2106 511 2169 565 τὸ
2209 513 2318 565 τῶν
2356 513 2409 579 Α
2513 511 2644 585 Pag.
2685 512 2812 569 214.
2872 508 3242 586 Προσπίπτειν
3299 513 3379 582 τῷ
3433 517 3535 582 τῆς
3587 511 3808 586 Ῥώμης
3863 510 4089 585 πάππα.

678 602 1201 675 πορφυρογεννήτων
1269 594 1447 672 ὄνομα
1524 599 1601 662 είς
1664 600 1765 668 τὴν
1828 602 2158 673 οἰκουμένην
2216 593 2329 653 8ιέ-

2463 598 2633 657 Ῑοιιὺο.
2662 606 2802 657 sunt
2848 600 3247 673 imperatoris,
3299 601 3517 672 quibus
3566 603 3830 659 oﬁ‘ensus
3876 604 4093 659 duritie

687 685 912 760 δραμεν.
941 689 1232 745 Describit
1272 705 1401 746 eam
1434 691 1677 746 domum
1702 690 1841 746 alibi
1871 692 2060 757 Anna,
2090 689 2129 743 l.
2163 689 2325 743 vide-

682 776 820 834 licet
848 795 947 845 vn,
982 796 1039 850 p.
1076 780 1195 847 190,
1232 783 1290 834 et
1318 780 1370 834 ei
1402 796 1616 836 nomen
1651 781 1871 835 factum
1927 780 2009 835 ait
2055 796 2089 834 a
2138 778 2330 833 colore

684 867 997 923 marmoris
1022 884 1091 923 ex
1122 884 1236 939 quo
1267 876 1387 925 erat
1439 874 1685 935 structa,
1743 870 1899 941 quod
1960 868 2103 923 dicit
2148 868 2332 922 fuisse

684 957 868 1012 Roma
902 960 1197 1029 portatum
1232 958 1305 1013 ab
1337 959 1814 1029 imperatoribus,
1847 958 2082 1029 quando
2130 957 2331 1011 sedem

683 1046 915 1118 imperii
947 1048 1285 1118 Byzantium
1314 1047 1769 1103 transtulerunt.
1804 1047 1935 1101 Haec
1978 1046 2149 1101 verba
2180 1045 2329 1100 Con—

685 1136 1016 1191 stantinum
1044 1137 1317 1207 Magnum
1350 1136 1729 1208 indignitant.
1762 1137 1829 1190 Et
1855 1135 2095 1190 memini
2144 1134 2334 1205 legere

685 1225 909 1297 aliquid
959 1226 1113 1296 apud
1158 1225 1370 1280 lElium
1423 1226 1826 1296 Lampridium
1886 1224 1945 1278 in
1997 1222 2333 1294 AIagabalo,

688 1314 843 1386 quod
873 1312 1024 1369 trahi
1058 1315 1126 1369 ad
1180 1314 1357 1369 istam
1410 1314 1853 1369 translationem
1911 1312 2333 1368 adstruendam

687 1402 893 1473 possit.
926 1402 1118 1457 Verba
1142 1402 1458 1473 Lampridii
1490 1402 1612 1457 haec
1646 1407 1805 1457 sunt:
1842 1401 2055 1457 Stravit
2103 1401 2155 1456 et
2189 1402 2339 1456 saxis

692 1490 1127 1547 Lacedaemoniis
1158 1507 1222 1546 ac
1278 1491 1695 1563 Porphyreticis
1740 1493 1959 1561 plateas
2013 1492 2070 1544 in
2128 1489 2339 1559 palatio

692 1597 829 1651 quas
858 1580 1265 1636 Antoninianas
1295 1582 1531 1649 vocavit,
1556 1596 1679 1650 quae
1734 1597 1873 1635 saxa
1922 1595 2092 1650 usque
2123 1578 2193 1633 ad
2241 1593 2344 1633 no-

690 1678 863 1724 stram
892 1671 1217 1724 memoriam
1249 1676 1575 1725 menserunt
1606 1669 1835 1740 (scribit
1862 1670 1982 1723 haec
2005 1673 2207 1723 auctor
2230 1666 2340 1722 sub

694 1758 1198 1829 Constantino,cui
1225 1758 1588 1830 huncipsu‘tn
1612 1758 1829 1813 librum
1846 1758 2344 1829 dicat),sednuper

692 1856 854 1903 eruta
882 1853 933 1904 et
948 1857 1146 1904 exacta
1173 1850 1418 1903 sunt.Ita
1439 1848 1924 1913 ille.Quidnivero
1946 1864 2052 1902 nos
2078 1846 2341 1917 suspice-

692 1952 827 1991 mur
856 1936 1445 2007 erutaetByzautium
1470 1936 1944 2005 translatajussu
1972 1935 2343 1990 Constantini

692 2041 757 2080 eo
773 2024 1170 2097 migratis,aut
1187 2026 1378 2096 potius
1393 2027 1704 2081 credamus
1718 2027 1894 2080 Anna:
1907 2024 1963 2078 id
1983 2021 2346 2079 alfirmanti?

763 2138 900 2203 Pag.
982 2134 1099 2187 188.
1161 2133 1274 2200 Quo
1331 2134 1393 2187 in
1449 2148 1650 2200 genere
1707 2130 2011 2186 Laconibus
2078 2128 2348 2201 plurimis

697 2222 895 2278 Graeca
926 2221 1019 2276 hic
1050 2220 1110 2275 in
1143 2222 1342 2277 codice
1383 2223 1601 2291 Optimo
1634 2226 1903 2293 B,quem,
1925 2224 1989 2275 ut
2018 2237 2167 2291 saepe
2207 2220 2345 2286 dixi,

697 2313 944 2366 fundum
977 2311 1251 2365 editionis
1280 2310 1620 2380 habuimus,
1676 2309 1889 2365 mutila
1941 2316 2125 2364 erant.
2181 2310 2343 2365 lluno

697 2400 853 2455 enim
886 2400 945 2454 in
977 2400 1217 2454 modum
1248 2399 1327 2454 ibi
1376 2399 1594 2471 legitur
1626 2417 1638 2455 2
1668 2399 1845 2455 ’Ὁπου
1874 2417 1935 2471 γε
1994 2396 2084 2450 καὶ
2128 2394 2345 2450 Λάκωσι

697 2488 976 2548 πλείστοις
1006 2487 1224 2560 ὕστερον
1256 2485 1315 2541 ἐκ
1344 2492 1491 2546 τοῦ..
1614 2485 1953 2564 ἆςριγμὲνοις,
2008 2488 2107 2542 ubi
2168 2489 2348 2543 codex

698 2582 743 2634 A
803 2580 977 2633 habet
1032 2575 1253 2650 ὕστερον
1312 2577 1370 2631 ἐκ
1420 2584 1523 2645 τῆς
1581 2576 1802 2638 πόλεως
1860 2576 2184 2653 ἀφιγμένοις
2220 2620 2233 2645 ,
2285 2578 2349 2647 [Ρ

700 2668 826 2738 452]
861 2668 959 2721 ubi
993 2661 1202 2722 merito
1230 2684 1460 2738 quaeras
1482 2684 1549 2721 ex
1582 2684 1701 2738 qua
1740 2668 1883 2721 urbe
1935 2667 2240 2721 advenisse
2289 2667 2349 2721 hi

702 2758 958 2811 Lacones
990 2756 1281 2811 dicantur.
1316 2757 1466 2811 Sane
1499 2756 1663 2811 urbis
1704 2755 1963 2824 nomine,
2028 2772 2164 2810 cum
2224 2756 2351 2811 sine

700 2846 899 2901 addito
932 2845 1171 2916 ponitur
1196 2846 1349 2916 apud
1387 2846 1490 2900 bos
1532 2844 1872 2915 scriptores,
1928 2844 2351 2900 Constantino-

702 2933 880 3007 polim
906 2933 1154 3006 intelligi
1188 2950 1279 2989 res
1312 2934 1442 3006 ipsa
1468 2934 1751 3005 loquitur.
1820 2934 1897 2989 Ex
1955 2935 2099 2989 urbe
2156 2938 2350 2989 autem

700 3022 1209 3095 Constantinopoli
1242 3023 1375 3094 quis
1425 3024 1781 3094 persuadere
1839 3022 1950 3078 sibi
2001 3024 2188 3095 possit
2238 3023 2352 3078 dici

698 3113 930 3171 venisse
958 3112 1125 3179 istos,
1158 3112 1256 3183 qui
1290 3112 1486 3183 potius
1518 3113 1612 3167 hic
1638 3113 1696 3167 in
1731 3129 1859 3167 eam
1892 3113 2352 3184 transmigrasse

704 3201 1063 3258 memorent?
1119 3202 1323 3273 Itaque
1381 3198 1533 3256 recte
1584 3202 1903 3256 Vaticanus
1940 3202 2351 3273 paraphrastes

704 3291 790 3347 sic
821 3290 976 3345 hunc
1006 3289 1199 3345 locum
1233 3289 1697 3351 effertz’Evteiioev
1717 3287 2041 3343 καὶΛάκωσι
2076 3288 2354 3351 πλείστοις

706 3377 925 3452 ὕστερον
956 3376 1032 3439 εἷς
1058 3375 1221 3430 πόλιν
1253 3375 1765 3452 ἀφιγμένοιςυῠᾶθ
1799 3379 2043 3435 fortasse
2064 3380 2360 3451 corrigen-

708 3469 817 3524 dus
848 3468 921 3523 sit
950 3467 1593 3539 Allat.codex,reposito
1622 3466 1811 3535 εἷςτὴν
1846 3464 2144 3524 πόλιννίοθ
2174 3466 2233 3521 ἐκ
2261 3470 2359 3536 τῆς

708 3555 1056 3618 πόλεως.3ο(1
1073 3556 1190 3611 ί]ωο
1207 3573 1317 3612 non
1336 3556 1640 3611 sufﬁciunt
1654 3558 1917 3613 sanando
1929 3557 2153 3613 vulneri
2169 3575 2359 3614 exem-

707 3646 888 3717 plaris
922 3646 1243 3717 archetypi.
1276 3646 1423 3701 Nam
1457 3647 1512 3699 in
1536 3646 1820 3702 articulus
1855 3646 2221 3703 masculinus
2260 3652 2362 3703 aut

710 3741 915 3792 neuter
942 3739 1039 3790 τοῦ
1072 3737 1312 3805 indicat,
1344 3737 1399 3791 id
1434 3739 1589 3808 quod
1624 3738 1824 3792 statim
1868 3738 2033 3793 deest
2083 3739 2238 3794 646
2278 3739 2359 3795 fe-

712 3827 919 3882 minini
956 3828 1188 3898 generis
1221 3844 1337 3881 non
1371 3843 1521 3883 esse.
1556 3828 1685 3898 Ipse
1727 3827 1906 3898 igitur
1936 3844 1997 3883 se
2030 3828 2300 3900 suppleat
2324 3830 2363 3884 Β

708 3918 885 3973 codex
917 3917 1016 3989 qui
1042 3934 1173 3971 cum
1211 3935 1265 3989 p.
1305 3917 1427 3983 180,
1463 3918 1868 3972 consentiente
1901 3917 2011 3972 sibi
2044 3917 2358 3988 Allatiano,

709 4007 928 4061 scribat
957 4004 1064 4058 ἀπὸ
1096 4004 1191 4058 toi}
1224 4002 1459 4078 Μορὲου,
1503 4007 1768 4077 suggerit
1814 4006 1985 4061 nobis
2034 4005 2174 4077 quid
2230 4012 2363 4079 post

705 4098 828 4153 haec
859 4114 967 4153 sua
996 4098 1169 4153 verba
1200 4095 1258 4150 ἐκ
1287 4101 1499 4154 τοῦ.....
1547 4098 1875 4169 exscriptor
1924 4098 2189 4154 omiserit
2226 4116 2362 4171 spa-

702 4189 784 4243 tio
817 4188 1039 4244 relicto.
1074 4187 1393 4243 Vaticanus
1427 4187 1550 4242 loco
1592 4188 1691 4242 illo
1725 4188 2061 4259 tertiumgse
2094 4190 2360 4260 adstipu-

705 4278 951 4334 latorem
988 4280 1172 4345 addit,
1209 4279 1321 4333 nisi
1356 4279 1511 4349 quod
1546 4276 1799 4349 Μοραίου
1848 4280 2057 4334 scribit
2106 4297 2210 4351 pro
2244 4285 2362 4333 Mo-

706 4368 853 4440 ρὲου.
883 4368 1145 4423 Profecto
1179 4384 1248 4422 ex
1279 4372 1469 4423 Moreo
1504 4366 1623 4422 sive
1657 4368 1871 4434 Morea,
1925 4368 2034 4424 hoc
2065 4375 2154 4424 est
2202 4370 2362 4425 Pelo-

704 4466 989 4531 pOnneso,
1023 4460 1253 4515 venisse
1291 4460 1551 4514 Laconas
1609 4460 1890 4530 oportuit,
1956 4477 2089 4515 cum
2153 4460 2234 4515 ibi
2287 4461 2363 4516 sit

707 4547 1343 4603 Laconica.Translati
1397 4552 1592 4603 autem
1655 4549 1791 4604 inde
1850 4553 1991 4604 tunc
2046 4550 2357 4617 videntur,

704 4639 962 4709 quando,
1004 4642 1067 4693 ut
1099 4638 1253 4692 infra
1285 4638 1463 4708 p.205
1494 4642 1693 4693 noster
1720 4638 1946 4693 scribit.
1980 4639 2157 4709 ’Ἄκρα
2188 4636 2361 4692 Πελο-
2394 4617 2441 4682 D

701 4726 979 4795 ποννήσου
1061 4726 1201 4803 ἀμφὶ
1312 4720 1692 4797 Μονεμϐασίαν
1780 4725 1871 4780 σὺν
1962 4728 2185 4803 Σπάρτῃ
2268 4729 2359 4783 καὶ

706 4812 1081 4889 Λακεδαίμονι
1116 4815 1219 4869 ὑπὸ
1246 4815 1542 4888 Ῥωμαίοις
1574 4815 1837 4891 ἐγένοντο.

776 4930 913 4995 Pag.
950 4924 1053 4977 192
1087 4922 1376 4995 Dacibyzae
1399 4923 1630 4978 dictam.
1680 4924 1925 4979 Videtur
1975 4924 2363 4997 Pachymeres

703 5017 760 5070 et
793 5014 887 5069 hic
921 5018 977 5069 et
1008 5014 1279 5080 inferius,
1316 5030 1371 5085 p.
1409 5014 1533 5080 498,
1570 5018 1967 5085 praetereaque
2021 5033 2074 5086 p.
2108 5017 2232 5083 307,
2266 5017 2363 5072 Ni-

702 5104 1051 5160 cetiatarum
1084 5109 1347 5158 castrum
1380 5120 1513 5157 cum
1540 5104 1826 5175 Dacibyza
1849 5104 2363 5179 confundere,quaa

705 5200 908 5249 tamen
974 5193 1311 5265 Acropotita
1370 5192 1702 5263 distinguit,
1755 5194 1838 5249 sic
1893 5195 2156 5249 scribens
2187 5212 2235 5250 c.
2298 5198 2367 5251 37

708 5286 885 5349 Hist,
915 5301 970 5354 p.
1014 5284 1083 5336 3'2
1118 5300 1130 5338 :
1179 5280 1278 5336 Καὶ
1311 5280 1659 5355 παραμείψας
1690 5281 1807 5355 “rev:
1832 5282 2045 5356 χάρακα
2098 5282 2368 5357 ἐπόρθησε

704 5374 805 5442 τὴν
870 5367 1173 5441 Δακιϐύζαν
1235 5372 1340 5447 πρὸ
1413 5376 1606 5447 καιροῦ
1672 5372 1761 5426 καὶ
1838 5373 2069 5448 κατέσχε
2123 5374 2363 5449 ταύτην,

708 5461 1029 5535 προσέτικαὶ
1061 5467 1158 5516 τοῦ
1191 5462 1525 5532 Νικητιατου
1556 5462 1838 5536 φρούριον.
1904 5466 2073 5520 Forte
2130 5467 2365 5540 utrique

717 5553 838 5611 arci
869 5569 1185 5608 commune
1217 5549 1549 5621 Νικητιάτου
1583 5569 1796 5608 nomen
1833 5555 2028 5622 tuerit,
2062 5553 2230 5610 alteri
2262 5574 2364 5612 au-

703 5649 827 5700 tem
865 5659 1068 5698 earum
1118 5644 1424 5715 proprium
1477 5634 1809 5712 Δακιϐύζης,
1865 5645 2023 5700 unde
2088 5644 2365 5714 Νικητιά-

706 5753 837 5805 των,
875 5731 1091 5806 plurali
1129 5749 1395 5802 numero,
1430 5737 1632 5790 noster
1652 5732 1933 5805 posuerit.

2438 689 2665 745 Arsenii
2698 689 3069 763 patriarchae,
3098 689 3211 745 sibi
3242 690 3539 746 confitenti
3585 691 3803 748 crimen
3848 697 3909 748 et
3955 692 4093 749 oﬁe-

2441 778 2596 833 renti
2626 795 2689 835 se
2719 778 3097 850 paratumlad
3131 780 3558 837 satifactionem
3611 785 3669 836 et
3714 798 3948 852 pennam
4001 798 4097 836 ca-

2442 868 2740 935 nonicam,
2805 868 3210 940 paenitentiam
3263 872 3320 925 et
3376 886 3539 941 spem
3598 869 4098 927 reconciliationis

2443 962 2649 1013 contra
2673 975 2926 1013 canones
2975 959 3270 1029 negantis,
3311 960 3393 1014 ait
3435 964 3669 1033 tempus
3715 977 3845 1017 esse
3897 978 4096 1017 recur-

2445 1047 2613 1102 rendi
2644 1048 2717 1102 ad
2750 1048 3084 1104 Romanum
3118 1049 3480 1120 pontificem,
3513 1051 3582 1105 ad
3616 1066 3791 1122 quem
3819 1050 4097 1106 videlicet

2448 1138 2803 1208 agnoscebat
2832 1138 3141 1209 antiquum
3168 1139 3267 1209 jus
3301 1154 3431 1195 esse
3462 1140 3816 1211 provocandi
3866 1140 3939 1195 ab
3985 1140 4093 1194 ini-

2449 1226 2582 1295 quis
2606 1226 2848 1295 judiciis
2881 1242 3250 1283 summorum
3282 1228 3458 1283 etiam
3492 1228 3997 1299 patriarcharum.
4032 1228 4097 1282 Et

2451 1311 2973 1384 moduslloquendi
3024 1313 3318 1386 significat
3362 1314 3621 1386 viguisse
3671 1316 3864 1371 adhuc
3912 1314 4100 1385 illam,

2449 1401 2627 1455 etiam
2677 1401 2737 1457 in
2798 1402 3021 1458 Graecia
3078 1403 3402 1459 schismate
3456 1421 3490 1459 a
3559 1404 3784 1459 Latinis
3842 1404 4099 1471 divulsa,

2453 1490 2791 1561 opinionem
2806 1492 4100 1565 atquesententiam,quippefundatissimam

2451 1579 2512 1633 in
2545 1596 2711 1635 sacro
2744 1580 3014 1651 dogmate
3043 1585 3102 1636 et
3137 1584 3194 1636 in
3226 1581 3388 1637 omni
3424 1581 3715 1637 memoria
3744 1580 4107 1637 ecclesiasti-

2456 1686 2537 1725 cae
2566 1672 2955 1743 antiquitatis.

2529 1804 2662 1869 Pag.
2695 1796 3059 1868 216,Ἐκείνη
3096 1797 3142 1853 δ’
3194 1796 3253 1853 ἐκ
3294 1797 3527 1863 νοθείας.
3581 1800 3695 1857 Res
3756 1800 3852 1856 hic
3907 1817 4115 1856 narra-

2375 1880 2419 1943 B
2453 1892 2551 1943 tur
2582 1892 2699 1943 tam
2725 1887 3081 1943 incredibilis
3130 1893 3195 1944 ut
3246 1889 3526 1944 mendum
3576 1888 3797 1944 codicis
3847 1889 4113 1960 primum

2456 1976 2657 2048 legens
2690 1976 3158 2048 suspicarer,nec
3188 1977 3469 2033 inducere
3501 1994 3730 2049 possem
3761 1978 3815 2031 in
3844 1978 4113 2033 animum

2458 2082 2696 2121 uxorem
2718 2064 3006 2137 :despotas
3064 2066 3349 2135 Joannis,
3399 2067 3659 2122 fratriam
3719 2066 4117 2138 imperatoris,

2458 2158 2788 2209 matronam
2819 2154 2945 2224 ejus
2975 2153 3111 2223 loci,
3147 2173 3259 2211 non
3294 2154 3487 2211 solum
3511 2172 3580 2210 ex
3611 2154 3900 2210 adulterio
3933 2171 4118 2227 pepe-

2458 2243 2738 2309 risse,sed
2775 2243 2968 2314 palam
3002 2243 3125 2299 viro
3151 2243 3435 2299 tolerante
3460 2244 3743 2299 educasse
3763 2243 3949 2299 ﬁliam
3979 2261 4119 2315 spu-

2459 2332 2629 2397 riam,
2663 2348 2791 2403 quae
2824 2338 3045 2403 postea,
3076 2334 3321 2389 Joannes
3355 2333 3577 2389 scilicet
3628 2332 3757 2405 ipso
3790 2333 4040 2404 despota
4071 2337 4125 2388 et

2461 2420 2638 2477 fratre
2670 2422 2859 2493 ipsius
2893 2427 3157 2494 Augusto
3190 2422 3669 2487 conciliantibus,
3704 2422 3907 2478 Iberia;
3960 2422 4125 2493 prin-

2464 2510 2579 2583 cipi
2613 2509 2899 2566 collocata
2929 2511 3026 2566 sit.
3052 2512 3381 2567 Tantumne
3417 2520 3529 2567 tam
3562 2512 3809 2583 impune
3857 2511 4126 2567 mulieri-

2462 2603 2577 2657 bus
2607 2600 2687 2655 ibi
2720 2600 2916 2655 licuit?
2939 2594 3157 2656 Verum
3191 2601 3500 2657 conferens
3534 2600 3679 2656 alios
3710 2600 3945 2656 codices
3998 2617 4119 2656 rem

2463 2690 2685 2761 ubique
2727 2694 3063 2745 constanter
3103 2690 3157 2744 in
3192 2691 3461 2746 eumdem
3498 2690 3736 2745 modum
3780 2706 4122 2761 expressam

2462 2778 2975 2850 reperi.Disertius
2989 2780 3165 2835 etiam
3179 2779 3240 2834 in
3266 2779 3549 2834 Vaticano
3565 2779 3664 2850 qui
3679 2779 3779 2834 ubi
3793 2779 3865 2834 de
3876 2779 4125 2835 Joannis

2462 2870 2720 2939 despotic
2749 2868 3103 2924 castimonia
3133 2869 3401 2925 dixisset:
3430 2868 3687 2937 Ἐπήνθει
3715 2864 3773 2921 δὲ
3797 2866 3887 2921 καὶ
3922 2868 3987 2921 τὸ
4022 2870 4123 2921 σῶ-

2463 2977 2595 3033 φρον
2654 2954 2867 3029 ἐκείνῳ,
2900 2957 2975 3019 ὡς
3035 2954 3299 3011 οὐδέποτε
3354 2956 3686 3026 ἀκουσθῆναι
3746 2955 3908 3011 αὐτὸν
3972 2956 4126 3031 ἑτέρᾳ

2462 3044 2678 3120 γυναικὶ
2737 3047 3048 3120 χρήσασθαι
3103 3048 3138 3116 ἢ
3196 3049 3264 3120 τῇ
3321 3042 3435 3117 ἰδίᾳ
3473 3044 3563 3099 καὶ
3602 3045 4122 3119 μίνῃ,8υὶ)]αῠεὶιε

2464 3132 2627 3189 ’Λλλ’
2687 3132 2863 3205 ἐκείνη
2899 3135 3001 3189 οὐκ
3057 3136 3122 3204 ἦν
3186 3135 3261 3197 ὡς
3289 3134 3499 3196 ἐκεῖνος
3531 3136 3713 3205 (vides
3746 3136 3905 3191 unde
3946 3137 4124 3191 ducta

2469 3225 2589 3280 sint
2622 3225 3256 3296 illa,interpretationis
3296 3226 3492 3291 verba,
3538 3225 3779 3281 multum
3818 3224 3918 3280 illi
3968 3226 4133 3281 dissi-

2466 3314 2666 3383 milis),
2725 3310 2991 3367 ἀλλὰκαὶ
3043 3314 3332 3387 θυγάτριον
3394 3313 3725 3388 ἀπεγέννησε
3774 3311 3929 3377 νόθον
3994 3310 4131 3367 ἐκεί-

2468 3421 2564 3454 νου
2616 3401 2918 3475 στρατείαις
2969 3404 3363 3477 προσέχοντος.
3416 3404 3501 3472 [Ρ.
3565 3403 3691 3475 453]
3740 3403 3805 3458 Αἰ
3864 3404 3967 3458 illa
4021 3420 4130 3459 non

2470 3494 2589 3547 erat
2621 3491 2760 3546 sicut
2808 3493 2925 3561 ille,
2984 3492 3076 3549 sed
3108 3499 3159 3548 et
3207 3494 3442 3563 ﬁliolam
3495 3495 3689 3562 genuit
3744 3492 3979 3547 nothum
4036 3493 4131 3547 illo

2477 3580 2635 3636 bellis
2666 3582 2925 3649 gerendis
2977 3582 3307 3638 attendente.
3368 3584 3655 3637 Caeterum
3708 3581 3863 3651 quod
3918 3582 4132 3636 attinet

2474 3670 2543 3726 ad
2579 3670 2758 3741 hujus
2790 3686 2858 3724 ex
2889 3671 3175 3727 adulterio
3215 3676 3367 3727 natae
3422 3670 3630 3742 puellae
3683 3670 3926 3742 nuptias
3979 3672 4128 3726 047

2473 3759 2544 3814 ab
2573 3758 2929 3831 imperatore
2961 3760 3302 3817 conciliatas
3350 3777 3482 3816 cum
3507 3760 3671 3831 Mepe
3720 3759 3922 3815 Iberiae
3971 3760 4137 3832 prius

2472 3848 2619 3920 cipe,
2653 3864 2939 3919 agnocere
2971 3849 3030 3904 in
3063 3849 3174 3905 hoc
3202 3850 3336 3906 licet
3373 3858 3557 3905 artem
3607 3849 3910 3921 politicam
3972 3849 4134 3905 adhi-

2470 3938 2593 3993 beri
2627 3937 2860 3993 solitam
2885 3955 2919 3992 a
2940 3938 3611 4011 Constantinopolitanis
3644 3938 4129 4010 imperatoribus,

2471 4027 2784 4083 deliniendi
2821 4028 3127 4096 barbaros,
3160 4030 3379 4101 quibus
3409 4028 3821 4102 expugnandis
3853 4044 3917 4085 se
3951 4029 4139 4101 impa-

2473 4135 2564 4174 res
2597 4119 2952 4188 sentiebant,
2986 4120 3360 4192 nuptialibus
3388 4120 3598 4193 pactis.
3618 4120 3953 4175 Audiamus
3977 4136 4048 4176 ea
4071 4121 4137 4175 de

2474 4228 2534 4265 re
2563 4211 3060 4278 Cantacuzenum,
3096 4213 3133 4267 Ι.
3164 4230 3205 4282 ι,
3239 4228 3289 4267 c.
3333 4213 3425 4283 39,
3478 4212 3579 4267 ubi
3636 4210 3761 4283 agit
3807 4211 3880 4265 de
3940 4210 4138 4267 Mmsis

2473 4300 2759 4357 afﬁnitate
2823 4301 3149 4358 conciliatis
3208 4302 3542 4358 Andronico
3568 4301 3833 4372 juniori:
3883 4299 4139 4356 Μάλιστα

2475 4385 2532 4442 δὲ
2588 4388 2784 4451 αὐτοὺς
2844 4389 3113 4465 ἐξημὲρου
3167 4391 3258 4445 καὶ
3319 4388 3522 4467 φιλίως
3580 4386 3797 4453 διετίθει
3831 4390 3974 4463 πρὸς
4008 4391 4139 4446 Ῥω·

2475 4476 2669 4549 μαίους
2696 4478 2758 4532 τὸ
2790 4476 2849 4532 ἐκ
2894 4482 3002 4533 τῶν
3061 4478 3365 4554 βασιλικῶν
3401 4478 3565 4533 οἷ’κων
3622 4482 3888 4553 γυναῖκας
3920 4474 4137 4553 ἄγεσθαι

2472 4566 2703 4629 ἑαυτοῖς.
2766 4568 3160 4644 Περιμάχητον
3227 4570 3330 4645 γὰρ
3394 4569 3581 4630 αὐτοῖς
3637 4568 3699 4623 τὸ
3750 4572 4009 4623 τοιοῦτο.
4078 4572 4140 4626 Et

2472 4659 2646 4731 paulo
2679 4665 2838 4732 post:
2864 4660 2931 4715 Ὃ
2988 4657 3053 4728 δὴ
3113 4658 3204 4715 καὶ
3236 4660 3287 4714 οἱ
3321 4659 3617 4731 Ῥωμαίων
3652 4656 3903 4733 βασιλεῖς
3938 4656 4141 4720 εἰδότες

2471 4746 2765 4820 παρθένους
2816 4748 2916 4816 τὴν
2976 4744 3099 4822 ὄψιν
3163 4746 3522 4823 διαπρεπεῖς,
3585 4746 3685 4802 οὔκ
3744 4746 3800 4802 εὗ
3851 4748 4141 4823 γεγονυίας

2477 4836 2667 4909 μόνον,
2727 4836 2872 4892 ἀλλᾶ
2926 4837 3017 4891 καὶ
3076 4837 3126 4910 ἐξ
3186 4839 3415 4911 ἀσήμων
3466 4842 3663 4912 γενῶν,
3716 4834 3769 4890 ἐν
3822 4843 3944 4899 τοῖς
4002 4839 4140 4915 βασι·

2474 4926 2644 4988 λείοις
2722 4925 3092 5005 ἐκτρέφοντες,
3172 4927 3250 4989 ὡς
3322 4926 3616 5003 θυγατέρας
3683 4926 3916 4997 ἑαυτῶν,
3983 4928 4139 4983 ὁπότε

2477 5013 2610 5087 δέοι,
2668 5020 2786 5078 τοῖς
2845 5021 3069 5080 Σκυθῶν
3133 5018 3432 5091 σατράπαις
3488 5015 3840 5093 κατηγγῦων.
3904 5018 4140 5076 Maxime

2476 5124 2604 5163 voro
2651 5110 2796 5179 ipso:
2829 5108 3144 5165 deliniebat
3171 5117 3227 5165 et
3256 5108 3592 5165 conciliabat
3653 5110 3942 5175 Romanis,
4012 5109 4137 5183 quod

2477 5215 2546 5254 ea:
2575 5200 2954 5271 imperatoria
2985 5200 3211 5272 familia
3240 5216 3445 5256 uxores
3498 5203 3994 5256 nanciscerentur.
4051 5204 4139 5257 Hoc

2477 5291 2626 5345 enim
2656 5289 2791 5360 ipsis
2824 5293 2881 5345 in
2902 5290 3109 5362 primis
3140 5290 3443 5361 expetibile
3464 5291 3684 5345 videtur
3714 5292 3763 5343 et
3795 5293 4141 5346 contentione

2480 5379 2779 5451 quantavis
2799 5383 2909 5435 emi
2938 5381 3195 5448 dignum.
3234 5380 3371 5435 Post
3401 5378 3633 5450 aliqua:
3668 5378 3725 5434 Id
3759 5380 3909 5449 quod
3949 5382 4138 5436 Roma-

2477 5486 2678 5525 norum
2710 5471 3072 5540 imperatores
3102 5487 3227 5525 cum
3262 5470 3665 5537 intelligerent,
3688 5470 3954 5539 virgines
3975 5473 4139 5540 forma

2476 5562 2819 5632 praestantes,
2853 5575 2963 5614 non
2993 5562 3150 5615 modo
3182 5558 3431 5627 legitime
3491 5574 3561 5613 ea:
3616 5556 3904 5613 nobilibus
3960 5567 4129 5624 natas,

2478 5649 2568 5705 sed
2590 5653 2641 5702 et
2657 5664 2727 5703 ea:
2752 5649 3078 5719 parentibus
3112 5647 3323 5720 plebeii
3347 5646 3570 5717 generis
3596 5648 3915 5716 genitas,in
3945 5649 4136 5719 palatia

2479 5739 2725 5809 alebant,
2758 5753 2916 5809 quas,
2947 5739 3047 5795 ubi
3075 5752 3162 5796 res
3189 5740 3458 5810 posceret,
3488 5735 3747 5809 ﬁliarum
3778 5737 4139 5811 appellem
