4248 6438
186 396 324 452 1109

1775 387 1997 440 NOTB.

3456 390 3591 441 1110

179 521 491 578 honestatus
535 520 864 591 Scytharum
919 517 1161 589 satrapis
1216 514 1632 586 desponderent.
1692 510 1820 566 Hec
1852 510 1907 577 Α
1934 513 2084 567 circa
2113 513 2330 583 Hyadas
2359 529 2653 585 apparens.
2690 518 2828 569 Erat
2860 521 3046 567 autem
3076 515 3347 582 fumosus,
3379 512 3590 567 divisus

178 611 279 665 ibi.
314 612 491 679 Cujus
518 611 697 664 moris
730 607 995 677 exempla
1053 609 1111 661 in
1164 607 1273 661 hac
1326 611 1523 659 nostra
1582 601 1828 657 historia

178 702 351 771 plura
382 705 631 755 exstant.
684 700 775 754 Sic
802 698 958 753 enim
1010 714 1185 767 supra
1232 713 1288 767 p.
1345 695 1443 748 174
1497 694 1566 746 ad
1610 690 1826 744 Chalau

180 792 507 862 principem
545 790 972 847 Tocharorum}
1007 787 1250 844 Michael
1308 784 1667 855 Palteologus
1716 783 1825 835 im-

177 886 410 951 perator
442 878 623 934 tiliam
662 895 831 934 suam
879 879 1115 933 notham
1151 876 1390 931 Mariam
1452 872 1633 927 mittit
1687 887 1826 923 con-

173 968 407 1039 jugem,
432 985 562 1039 quas
594 968 810 1023 Chalau
843 973 1073 1022 mortuo
1129 966 1277 1037 ejus:
1312 964 1431 1018 ﬁlio
1490 966 1547 1016 et
1596 976 1825 1015 succes-

181 1057 297 1112 sori
324 1060 533 1128 Apage
559 1056 779 1128 nupsit.
808 1057 877 1111 Et
906 1072 1037 1111 mox
1073 1072 1125 1125 p.
1164 1055 1285 1120 180,
1318 1053 1490 1122 Nogas
1544 1050 1831 1105 Tocharo-

177 1163 312 1202 rum
340 1147 732 1202 Occiduorum
768 1144 971 1218 regulo
1003 1144 1120 1200 alia
1152 1142 1416 1211 ejusdem
1452 1136 1830 1210 imperatoris

180 1234 310 1290 filia
341 1235 523 1291 notha
551 1234 936 1307 Euphrosyne
968 1231 1542 1303 vocataiccllocatur.
1585 1228 1679 1283 Sic
1729 1226 1829 1281 de-

177 1323 364 1394 nique
389 1323 481 1379 hic
512 1325 772 1395 dynastis
806 1325 1103 1378 Iberorum
1137 1319 1333 1391 puella
1365 1316 1655 1373 adulterio
1686 1330 1830 1369 uxo-

177 1413 260 1467 ris
293 1413 552 1483 despotte
581 1412 827 1467 Joannis
850 1415 985 1466 nata
1007 1408 1404 1480 conjungitur.
1440 1406 1513 1462 Ut
1544 1405 1657 1461 alia
1690 1420 1830 1476 prce-

179 1504 398 1556 teream
434 1502 619 1555 multa
650 1500 889 1554 similia.

254 1630 390 1699 Pag.
420 1626 547 1679 2‘33.
579 1629 837 1691 Cometa,
874 1626 1044 1694 cujus
1080 1623 1176 1678 hic
1209 1620 1479 1676 meminit
1520 1619 1833 1691 Pachyme-

179 1732 293 1779 res,
329 1722 448 1770 toto
475 1722 763 1770 terrarum
792 1714 930 1768 orbe
962 1711 1435 1783 spectatissimus
1476 1714 1533 1763 et
1577 1709 1828 1779 scripto-

180 1822 311 1859 rum
346 1804 505 1859 illius
536 1803 636 1857 aevi
686 1804 1089 1857 monumentis
1143 1798 1645 1854 celebratissimus
1698 1798 1825 1852 fuit.

1939 601 2226 669 bi/artam.
2260 607 2321 658 In
2356 606 2452 657 illo
2482 604 2703 674 quidem
2726 603 2871 657 haud
2902 604 3167 657 aberrare
3196 618 3229 654 a
3263 616 3387 654 vero
3426 601 3579 656 dixe—

1939 707 2066 756 rim,
2127 696 2269 761 quod
2326 694 2381 746 in
2443 694 2651 747 boreuli
2708 698 2871 761 parte
2930 691 3135 745 indicat
3211 693 3581 759 apparuisse:

1938 789 2145 843 Taurus
2176 793 2341 855 enim,
2379 794 2434 845 in
2466 808 2571 859 quo
2613 800 2738 845 sunt
2792 790 3025 859 Hyades,
3087 791 3299 844 borealc
3355 794 3586 862 signum

1936 886 2028 932 est.
2055 882 2351 933 Hactenus
2400 897 2648 934 censura
2693 879 3073 948 marginalis;
3110 898 3239 951 qum
3290 884 3441 952 quod
3497 882 3579 933 ait

1938 967 2228 1022 indicasse
2261 968 2672 1038 Paehymerem
2734 968 2785 1021 in
2838 969 3053 1023 borealt
3102 976 3265 1039 parte
3319 976 3582 1025 cometen

1938 1057 2334 1126 apparuisssc,
2368 1074 2398 1111 e
2428 1058 2595 1112 titulo
2628 1056 2837 1127 capitis
2885 1067 3185 1125 sumptum
3222 1064 3328 1124 est,
3377 1060 3473 1113 ubi
3523 1058 3583 1111 in

1940 1144 2135 1199 Graeco
2209 1145 2418 1217 legitur
2490 1144 2611 1215 περὶ
2690 1148 2786 1197 τοῦ
2868 1146 3124 1220 φανέντος
3226 1149 3475 1217 κομήτου
3558 1144 3583 1199 ἆ

1943 1232 2115 1306 βορῥα
2146 1235 2361 1304 quibus
2393 1251 2647 1305 congrue
2677 1250 2724 1289 c.
2770 1236 2841 1289 25
2886 1233 3055 1288 initio
3103 1236 3308 1289 scribit
3365 1243 3581 1301 noster,

1941 1332 2361 1388 Macedonibus
2391 1337 2450 1387 et
2476 1332 2798 1387 Thracibus
2830 1332 2900 1386 ad
2930 1333 3396 1403 Septentrionem
3430 1334 3581 1387 Con-

1940 1421 2321 1493 stantinopoli
2342 1420 2599 1476 obversis
2630 1422 2817 1475 visum
2851 1437 2980 1475 esse
3012 1427 3276 1476 cometen
3324 1422 3582 1477 infausta

1942 1510 2174 1565 minari.
2206 1526 2354 1581 quas
2400 1511 2587 1564 minas
2630 1514 2827 1579 postea
2887 1508 3079 1566 sultan
3140 1510 3433 1575 Azatinus.
3478 1510 3581 1580 qui

1940 1600 2369 1670 provinciarum
2402 1598 2635 1653 illarum
2664 1600 2969 1654 vastationi
3010 1616 3244 1653 causam
3279 1600 3460 1661 dedit,
3521 1599 3578 1652 in

1944 1707 2061 1744 rem
2097 1690 2402 1745 denuxerit
2434 1710 2447 1755 ;
2474 1706 2599 1759 qua).
2634 1689 2969 1757 signiﬁcant
3018 1688 3073 1741 in
3135 1687 3580 1758 septentrionali

1940 1779 2061 1833 οωιί
2100 1785 2261 1849 parte
2291 1784 2571 1832 cometem
2606 1779 2817 1832 visum.
2854 1783 3030 1831 Porro
3092 1778 3198 1831 hac
3260 1781 3396 1830 nota
3450 1778 3577 1831 obi-

180 1894 260 1948 De
294 1893 389 1948 illo
420 1894 576 1947 enim
605 1898 787 1964 agunt
817 1892 1102 1946 Theodor.
1136 1890 1193 1944 in
1252 1888 1385 1941 Vita
1436 1886 1651 1942 Urbani
1716 1886 1820 1954 IV;

1941 1873 2024 1924 tex
2054 1868 2261 1939 colligo
2310 1867 2567 1922 codicem
2615 1867 2769 1920 hunc
2819 1881 2994 1935 quem
3057 1864 3457 1919 Barberimum
3520 1884 3577 1919 a-

178 1981 665 2053 Supplementum
701 1981 1029 2037 Parisiense
1064 1978 1297 2049 Rigordi
1352 1995 1401 2032 c.
1436 1978 1542 2031 475
1574 1993 1587 2042 ;
1647 1974 1827 2029 Villa-

180 2072 337 2136 nius,
374 2071 408 2125 l.
462 2088 542 2136 v1,
597 2074 758 2138 0.7;
818 2075 875 2126 S.
936 2069 1217 2125 Antoniu.
1278 2070 1366 2120 tit.
1426 2064 1490 2119 19
1548 2064 1605 2118 in
1672 2066 1821 2130 fin.;

174 2160 478 2215 Bernadus
510 2159 697 2215 Guido
730 2160 789 2215 in
846 2158 1098 2214 Chronic.
1130 2174 1150 2218 ,·
1200 2161 1460 2223 Magnum
1523 2153 1829 2208 Chronicon

172 2250 474 2319 Belgirum,
537 2248 595 2302 iu
630 2248 863 2303 Urbano
897 2248 1007 2312 iV;
1055 2244 1381 2300 Palmerius
1435 2242 1494 2297 in
1544 2242 1827 2309 Chrmiin,

169 2342 279 2404 etc,
301 2338 638 2392 Relatorum
665 2339 735 2392 ab
762 2337 853 2392 his
872 2344 1171 2391 summam
1187 2334 1271 2389 sic
1290 2332 1515 2403 colligit
1540 2333 1825 2386 Henricus

165 2426 527 2497 Spondanus
559 2426 617 2480 in
654 2426 871 2482 Contin.
908 2425 1230 2491 Annalium,
1262 2438 1414 2477 anno
1464 2422 1603 2474 120’:
1668 2423 1825 2489 (nam

166 2531 232 2569 eo
264 2531 450 2570 annos
481 2515 575 2569 hic
607 2520 835 2571 cometa
860 2520 949 2569 est
979 2514 1184 2578 visus),
1221 2529 1276 2566 n.
1303 2516 1335 2565 8
1370 2514 1657 2567 :Comctes
1679 2511 1829 2565 visus

165 2612 262 2671 est,
294 2607 392 2675 qui
420 2604 486 2659 ab
508 2606 737 2662 Oriente
761 2621 998 2672 surgens
1028 2620 1199 2674 usque
1232 2602 1305 2657 ad
1353 2601 1598 2656 medium
1652 2600 1829 2655 hemi-

166 2695 378 2764 sphzri
434 2709 622 2749 versus
674 2694 1016 2750 Occidentem
1082 2709 1300 2748 comam
1347 2690 1730 2763 protrahebat,
1779 2697 1837 2746 et

168 2784 343 2849 Julio,
366 2785 601 2854 Angusto
630 2800 702 2839 ac
768 2783 1081 2854 Septembri
1126 2797 1309 2838 mense
1362 2784 1478 2851 fere
1506 2798 1538 2835 a
1592 2780 1831 2835 solstitio

171 2871 416 2929 xstioali
445 2888 618 2943 usque
658 2872 729 2927 ad
788 2871 1175 2945 aequinoctium
1226 2870 1562 2939 autumule)
1614 2868 1831 2939 insigni

174 2960 576 3029 magnitudine
605 2960 862 3031 fulgens,
924 2978 989 3017 ac
1028 2960 1263 3031 speciem
1315 2963 1588 3031 ingentem
1644 2959 1827 3025 edens,

136 3067 369 3105 omnes
397 3052 657 3106 mortales
688 3052 750 3105 in
805 3052 895 3105 sui
951 3050 1391 3105 admirationem
1446 3049 1708 3112 adduxit,
1769 3049 1831 3103 in

171 3140 395 3195 Gracia
414 3143 463 3195 et
494 3140 659 3211 Syria
680 3142 1024 3211 praesertim,
1056 3139 1153 3195 ubi
1198 3142 1367 3195 etiam
1418 3155 1544 3193 cum
1600 3139 1832 3194 horrore

173 3231 509 3284 mortalium
537 3228 687 3284 visus
719 3228 955 3285 dicitur.
1018 3229 1311 3283 Hactenus
1349 3228 1699 3299 Spondanus
1757 3243 1824 3283 ex
1858 3239 1902 3307 ρ

173 3317 386 3390 priscis
418 3318 784 3383 auctoribus,
810 3318 1029 3390 quibus
1063 3316 1423 3373 contrarium
1458 3319 1657 3371 noster
1721 3316 1827 3371 Pa-

171 3408 477 3479 chymeres
508 3407 787 3477 afﬁrmat,
820 3408 964 3461 dum
997 3407 1093 3462 hic
1123 3406 1329 3462 scribit
1355 3422 1425 3460 ea:
1452 3404 1728 3469 occidente
1769 3404 1834 3459 in

170 3504 355 3552 ortum
384 3496 660 3567 effulsisse
687 3513 721 3551 a
751 3512 877 3552 vere
898 3511 1066 3567 usque
1107 3496 1176 3550 ad
1220 3500 1573 3550 autumnum.
1634 3492 1835 3549 Graeca

174 3585 258 3640 sic
291 3585 511 3640 habent
544 3602 557 3641 :
592 3584 797 3658 Ἀστὴρ
829 3586 1085 3656 κομήτης
1119 3582 1179 3638 ἐκ
1232 3580 1435 3643 δύσεως
1491 3582 1644 3638 848
1696 3580 1835 3635 κατᾶ

171 3673 233 3727 τὸ
265 3673 488 3727 ἑωθινὸν
520 3672 822 3745 ἐξέλαμπεν
884 3672 935 3742 ἐξ
994 3675 1129 3746 ἦρος
1180 3671 1255 3732 εἷς
1313 3668 1704 3744 φθινόπωρον..
1770 3673 1832 3725 In

176 3763 454 3818 duobusa
474 3762 879 3834 relinquorum
894 3780 1039 3833 quos
1057 3761 1488 3817 nominavimus
1504 3760 1719 3815 indicio
1742 3776 1833 3814 re-

176 3852 351 3908 cedit.
385 3851 558 3907 Prius
571 3857 683 3921 est,
705 3852 859 3923 quod
879 3852 951 3905 ab
972 3851 1283 3907 Occidente
1306 3867 1509 3905 versus
1535 3848 1829 3904 Orientem

177 3946 405 3997 motum
465 3944 749 3997 cometem
811 3940 991 4007 dicat,
1051 3940 1301 3995 alterum
1352 3956 1385 3994 a
1442 3954 1575 3994 vere
1644 3953 1833 4008 usque

174 4030 247 4085 ad
279 4036 815 4099 autumnum,cum
844 4028 929 4084 illi
952 4034 1156 4085 contra
1181 4032 1472 4084 testentur
1502 4027 1574 4082 ab
1597 4026 1835 4081 Oriente

172 4120 234 4175 in
256 4120 543 4175 Occasum
579 4119 968 4192 processisse;
997 4123 1050 4174 et
1082 4118 1239 4174 circa
1287 4116 1606 4173 solstitium
1666 4116 1831 4171 testi-

170 4225 312 4265 vum
346 4208 597 4281 ccepisse
646 4225 950 4281 apparere.
998 4208 1060 4264 In
1136 4207 1246 4263 hac
1310 4205 1709 4262 controversia
1768 4208 1833 4259 ut

171 4297 343 4355 facile
402 4297 793 4370 astipulemur
856 4296 1129 4369 pluribus
1180 4301 1386 4353 contra
1432 4311 1643 4360 unum,
1695 4293 1834 4350 facit

171 4387 329 4459 quod
363 4387 541 4443 etiam
574 4387 814 4443 aliunde
840 4387 1239 4458 comperimus
1283 4384 1699 4457 Pachymerem
1729 4402 1831 4435 πα-

170 4473 578 4551 lacepto-up“
613 4476 674 4532 iu
704 4476 888 4547 hujus
945 4478 1183 4552 cometa
1242 4472 1649 4530 observatione
1703 4489 1832 4527 ver-

173 4571 393 4622 satum.
429 4566 490 4622 Id
514 4567 673 4621 enim
732 4564 1081 4621 testificatur
1129 4563 1371 4635 quidam
1421 4563 1711 4626 eruditus,
1770 4566 1835 4617 ut

1941 1958 2236 2022 postetiori
2275 1972 2608 2027 possessore
2642 1954 2914 2020 dicimus,
2971 1972 3000 2008 e
3038 1956 3258 2009 Graecia
3314 1953 3575 2008 delatum

1938 2044 1995 2098 in
2030 2045 2442 2099 bibliothecam
2478 2042 2693 2097 Urbani
2736 2042 2858 2096 Vlll
2890 2044 2989 2094 τοῦ
3036 2041 3360 2115 μακαρίτου,
3407 2043 3586 2095 videri

1940 2151 2006 2191 ex
2029 2135 2233 2203 primis
2266 2133 2447 2188 fuisse
2477 2132 2577 2203 qui
2612 2148 2713 2202 per
2754 2131 2958 2186 urbem
3015 2131 3583 2201 ConstantinOpolim

1937 2224 2153 2293 vulgati
2187 2222 2412 2278 suntab
2432 2222 2557 2292 ipso
2582 2224 2815 2275 auctore
2841 2236 3009 2274 suam
3036 2220 3336 2274 historiam
3358 2220 3591 2282 edente,

1940 2312 2267 2365 vivi-nlibus
2301 2310 2492 2365 adhuc
2540 2310 2740 2364 multis
2793 2310 2891 2379 qui
2943 2326 3135 2364 rerum
3180 2310 3288 2363 hac
3348 2308 3593 2362 historia

1941 2407 2312 2455 narraturum
2338 2398 2597 2452 αὐτόπται
2652 2400 2929 2465 fuerant;
2982 2415 3234 2469 quorum
3298 2414 3447 2452 unus
3510 2398 3591 2451 lac

1940 2508 2111 2562 psum
2149 2490 2408 2544 historici
2443 2490 2499 2542 in
2545 2487 2820 2543 relatione
2872 2471 3058 2557 hujus
3115 2488 3478 2559 pliaenomeui
3529 2505 3596 2540 ex

1940 2597 2047 2635 suo
2082 2580 2308 2634 aculato
2349 2578 2688 2634 testimonio
2744 2578 3092 2647 redarguere
3148 2576 3415 2647 potuerit.
3485 2577 3587 2640 Qui

1942 2672 2095 2725 idem
2120 2670 2274 2741 quod
2294 2670 2538 2725 verbum
2566 2670 2624 2723 in
2649 2667 2822 2723 titulo
2844 2668 3051 2737 capitis
3076 2667 3326 2738 positum
3354 2670 3588 2720 nomine

1941 2760 2196 2816 auctoris
2228 2759 2413 2830 ipsius
2444 2760 2607 2826 citat,
2640 2762 2703 2811 ut
2732 2757 3005 2824 vidimus,
3030 2761 3446 2821 argumentum
3485 2772 3585 2808 no-

1942 2851 2031 2905 bis
2060 2850 2321 2920 suggerit
2353 2846 2632 2918 opinandi
2666 2845 2867 2901 titulos
2897 2845 3151 2916 capitum
3186 2846 3257 2898 ab
3291 2846 3417 2915 ipso
3478 2844 3586 2898 l’a-

1942 2939 2211 3010 chymere
2236 2936 2452 2991 inditos
2484 2941 2541 2991 et
2580 2935 2965 3007 conscriptos,
3000 2939 3064 2987 ut
3090 2935 3145 2988 in
3180 2934 3346 2987 Barb.
3390 2934 3585 2987 codice

1940 3033 1996 3083 et
2027 3027 2162 3080 inde
2194 3027 2253 3080 in
2286 3025 2394 3081 hac
2424 3025 2679 3079 editione
2708 3028 2909 3078 nostra
2966 3025 3159 3079 Graeco
3216 3028 3583 3093 comparent,

1942 3126 2144 3193 fuisse,
2178 3130 2381 3181 contra
2414 3140 2588 3195 quam
2623 3122 2909 3193 suspicari
2950 3121 3098 3178 forte
3145 3120 3358 3191 aliquis
3389 3127 3589 3192 posset

1941 3229 2009 3269 ex
2060 3230 2127 3268 eo
2175 3212 2331 3283 quod
2363 3211 2422 3266 in
2449 3209 2738 3265 Allatiann
2760 3210 2961 3265 codice
3012 3207 3228 3280 alioqui
3261 3210 3483 3280 optimo
3533 3215 3590 3264 ct

1943 3305 2292 3375 perantiquo
2317 3317 2429 3357 non
2466 3300 2755 3373 legantur.
2787 3300 3004 3355 Suadet
3043 3298 3162 3354 haec
3217 3300 3435 3354 mentio
3493 3317 3591 3354 no-

1941 3392 2077 3448 bilis
2102 3396 2362 3458 cometis,
2394 3395 2450 3445 et
2480 3394 2714 3459 tempus
2745 3405 2861 3461 quo
2892 3388 3012 3442 haec
3032 3388 3359 3444 scribebam
3390 3405 3594 3443 mense

1943 3480 2123 3551 Aprili
2157 3478 2295 3534 anni
2328 3479 2492 3545 4665,
2538 3476 2835 3532 similibus
2879 3476 3280 3546 phaenomenis
3337 3492 3591 3547 suspen-

1944 3587 2099 3635 sum,
2132 3575 2198 3623 ut
2230 3568 2322 3622 hic
2356 3566 2576 3638 aliquid
2613 3568 2683 3621 de
2712 3565 2954 3621 cometis
2982 3566 3175 3620 dicam
3200 3566 3271 3619 ab
3303 3565 3397 3620 his
3421 3568 3593 3636 quin-

1944 3676 2056 3732 que
2086 3660 2240 3713 649
2274 3662 2424 3712 retro
2449 3656 2753 3712 mensibus
2792 3672 3005 3727 magna
3021 3654 3242 3726 passim
3283 3654 3590 3709 hominum

1942 3748 2325 3803 admiratione
2397 3750 2453 3799 et
2530 3743 2956 3799 exsoectatione
3033 3743 3334 3813 spectatis.
3428 3745 3592 3798 Prior

1945 3853 2146 3893 mense
2177 3833 2521 3892 Novembris
2553 3832 2875 3905 superioris
2901 3832 3196 3887 anni166/i
3220 3832 3465 3903 cmpisse
3489 3850 3589 3903 ap-

1942 3942 2147 3997 parere
2177 3924 2393 3980 dicitur
2423 3940 2438 3991 ;
2474 3924 2573 3978 sed
2603 3940 2635 3978 a
2658 3922 2860 3993 paucis
2892 3926 3031 3975 tunc
3064 3926 3327 3990 notatus,
3389 3938 3589 3977 mense

1940 4014 2246 4071 Decembri
2278 4012 2676 4069 celebritatem
2709 4016 2799 4067 est
2821 4010 3091 4080 adeptus,
3134 4014 3255 4064 tota
3288 4016 3424 4065 tunc
3484 4016 3591 4065 Eu-

1944 4121 2105 4176 ropa,
2140 4107 2311 4175 prout
2340 4118 2371 4157 e
2399 4100 2635 4171 scriptis
2667 4100 3058 4169 undecunque
3086 4097 3340 4170 vulgatis
3371 4098 3593 4154 intelli-

1944 4194 2126 4267 gitur,
2157 4190 2688 4248 observatissimus.
2708 4188 2984 4242 Vidimus
3006 4192 3060 4242 et
3085 4205 3192 4242 nos
3211 4186 3377 4243 illum
3403 4188 3595 4244 Romae

1944 4298 2100 4353 saape
2132 4280 2431 4350 otioseque
2457 4293 2588 4332 cum
2620 4277 2825 4331 hister
2875 4275 3149 4330 ulnarum
3206 4291 3393 4344 coma,
3455 4278 3596 4332 orbe

1946 4370 2152 4427 stellas
2179 4372 2381 4442 prima:
2427 4365 2859 4437 magnitudinis
2898 4365 2969 4419 ad
3003 4363 3462 4435 oculijudicium
3522 4384 3601 4422 ae-

1943 4464 2179 4532 quante,
2214 4458 2437 4529 fulgore
2470 4454 2805 4527 subpallido
2830 4454 3165 4520 micantem,
3195 4470 3372 4509 cursu
3396 4472 3595 4510 erran-

1943 4554 2061 4605 tem
2093 4546 2433 4613 desultorio,
2465 4544 2704 4601 mutatis
2735 4544 2792 4597 in
2818 4542 2941 4597 dies
2975 4542 3139 4598 locis.
3199 4544 3494 4615 Scripsere
3525 4547 3595 4601 de

170 4660 502 4728 appareret,
532 4656 660 4726 ejus
683 4653 885 4721 lector,
928 4654 1029 4726 qui
1089 4608 1349 4710 eddicem
1401 4652 1561 4708 hunc
1612 4608 1832 4723 ipsum,
1874 4608 1910 4669 υ
1946 4638 2046 4695 illo
2070 4637 2311 4711 Plurimi
2343 4636 2522 4728 huius
2555 4633 2656 4689 ωνί
2690 4636 3036 4728 Ρτ-εεξξθηίεῗε
3066 4634 3467 4728 _99tr°“0mia_
3494 4636 3591 4728 ριξί

172 4761 352 4818 quem
368 4745 617 4801 fundum
637 4744 916 4801 editionis
930 4742 1272 4811 habuimus,
1290 4740 1477 4799 oculis
1501 4741 1833 4811 subjectum

172 4836 401 4894 habens
434 4841 635 4894 tenere
667 4854 729 4893 se
759 4853 875 4892 non
909 4835 1072 4908 potui
1110 4836 1253 4907 quin
1286 4852 1317 4891 e
1361 4834 1597 4906 regione
1651 4832 1834 4902 hujus

173 4925 289 4982 loci
321 4926 394 4982 ad
431 4926 762 4998 marginem
813 4925 1173 4981 adscriberet
1228 4923 1464 4980 rubrica
1501 4922 1644 4991 haec,
1704 4922 1834 4992 ipsa

166 5017 390 5072 verba:
433 5014 495 5072 Ὀ
554 5011 614 5070 δὶ
666 5016 830 5070 τοῦτο
917 5016 1254 5089 παριστορεῖ.
1311 5013 1368 5065 '0
1424 5012 1528 5086 γὰρ
1578 5010 1833 5081 κομήτης

168 5104 247 5166 ὡς
300 5105 465 5175 ἡμεῖς
525 5101 1009 5175 αὖτωπτεύσαμεν,
1054 5100 1108 5171 ἐξ
1158 5099 1429 5169 ἀνατολῆς
1474 5101 1576 5169 τὴν
1624 5098 1834 5169 κίνησιν

167 5193 436 5263 ἐποιεῖτο,
491 5191 619 5268 περί
672 5214 779 5248 που
838 5193 935 5256 τὰς
981 5188 1173 5253 Ὑάδας
1223 5190 1574 5267 φαινόμενος.
1624 5189 1725 5245 Ἠν
1774 5184 1831 5243 δὲ

163 5281 485 5359 καπνώδῃς,
545 5280 685 5359 δίχα
742 5280 1145 5357 διαιρούμενος·
1184 5279 1309 5335 οὐδὲ
1351 5284 1513 5335 τοῦτο
1567 5298 1829 5352 παριστο-

167 5376 273 5448 psi.
332 5358 492 5435 Ἴάως
554 5370 611 5427 δὲ
672 5358 1037 5447 βορειότερον·
1102 5370 1130 5425 ὁ
1160 5370 1263 5445 γὰρ
1296 5370 1426 5445 βοῦς
1454 5372 1561 5423 τῶν
1597 5367 1825 5442 βορείων

167 5463 407 5537 ἄστρων,
439 5462 578 5517 ὅπου
614 5461 704 5517 καὶ
764 5462 821 5516 αἱ
875 5457 1058 5522 Ὑάδας
1110 5460 1243 5517 Hec
1298 5460 1426 5516 sine
1477 5459 1675 5515 Latine
1732 5475 1825 5514 εο-

170 5557 349 5609 nant:
380 5552 566 5611 Aliter
594 5553 695 5610 hoc
720 5569 788 5610 ac
811 5568 1004 5609 revera
1032 5567 1091 5608 se
1119 5550 1313 5607 habuit
1367 5549 1541 5623 refert
1597 5548 1828 5605 histori-

1945 4746 2075 4785 mea
2106 4726 2574 4784 nomenclatiane
2606 4740 2719 4779 non
2748 4722 3035 4793 indigent,
3060 4722 3218 4777 fama
3273 4740 3382 4779 sua
3422 4723 3585 4780 clari.

1944 4829 2102 4884 Duos
2130 4832 2325 4883 tamen
2360 4823 2696 4880 memorabo
2728 4821 3011 4877 instinctu
3038 4821 3187 4893 grati
3211 4821 3413 4894 animi,
3435 4825 3589 4895 quod

1942 4917 1983 4972 ii
2014 4933 2154 4972 suos
2186 4915 2330 4971 mihi
2361 4916 2490 4986 ejus
2532 4911 2860 4983 argumenti
2906 4912 3358 4967 commentarios
3416 4914 3594 4968 dona-

1943 5010 2102 5075 runt,
2136 5010 2201 5060 D.
2230 5004 2517 5061 Joannem
2548 5000 2921 5058 Dominicum
2954 5000 3262 5055 Cassinum
3295 5006 3352 5056 et
3399 5002 3465 5057 R.
3528 5002 3589 5059 P.

1938 5095 2225 5150 Jacobum
2259 5094 2593 5161 Grandamy
2625 5107 2745 5147 soc.
2776 5094 3010 5153 nostra),
3043 5105 3297 5160 quorum
3331 5089 3430 5146 illo
3485 5092 3589 5147 Ro-

1942 5199 2073 5249 mae,
2105 5183 2200 5238 hic
2234 5181 2467 5255 parisiis
2498 5198 2638 5237 suas
2666 5180 2736 5234 de
2759 5179 2870 5233 isto
2896 5183 3121 5233 cometa
3149 5178 3593 5236 lucubrationes

1938 5273 2265 5328 ediderunt.
2300 5271 2525 5325 Addam
2588 5270 2920 5325 universam
2980 5268 3109 5338 ejus
3168 5268 3593 5327 observationis

1939 5360 2245 5417 historiam
2273 5361 2441 5433 pauci
2477 5354 2962 5431 comprehensam
3026 5373 3059 5411 a
3092 5356 3309 5411 nostris
3366 5358 3591 5413 mathe-

1938 5450 2169 5507 maticis
2202 5446 2791 5523 lngolstadiensibus,
2827 5444 2927 5517 qui
2977 5445 3049 5500 ad
3112 5462 3205 5501 me
3251 5446 3540 5502 miserunt
3574 5465 3589 5505 :

1936 5544 2091 5599 Anno
2138 5541 2274 5597 1654
2350 5543 2561 5597 cometa
2617 5545 2850 5594 eareunte
2906 5534 3221 5600 Novembri,
3253 5539 3315 5589 ut
3361 5536 3592 5594 aliunde

170 5659 286 5702 eus.
320 5642 460 5699 Nam
487 5651 699 5700 cometa
745 5658 849 5715 quo
899 5642 965 5698 de
1005 5642 1209 5713 agitur,
1256 5648 1413 5710 prout
1442 5656 1542 5697 nos
1578 5638 1827 5711 propriis
1932 5633 2254 5701 nuntiatur,
2296 5631 2411 5701 iam
2469 5634 2713 5684 exortus.
2776 5624 3099 5695 lngolstndii
3157 5624 3223 5679 18
3281 5626 3585 5683 Decembris

171 5730 350 5792 oculis
373 5732 459 5804 [Ρ.
490 5732 619 5804 45η
650 5730 1080 5800 observavimus,
1111 5729 1180 5787 ab
1226 5727 1447 5786 Oriente
1506 5728 1827 5786 mouebatur
1934 5724 1970 5780 6
1999 5730 2134 5778 mat.
2162 5722 2351 5793 primo
2383 5719 2536 5777 nobis
2564 5719 2718 5774 visus
2747 5723 2847 5786 est,
2880 5716 3033 5785 infra
3064 5716 3331 5785 trapicum
3389 5716 3583 5789 Capri-
