4218 6450
623 389 758 444 1111

1671 389 1733 438 Ρ.
1775 383 2046 439 ΡωΒΙΝΙ
2083 377 2688 436 ΟΒΒΕΒἿΔἸἸΟΝῸΗ
2725 377 2862 431 LIB.
2899 378 2974 430 II.

3887 369 4038 427 1112

624 514 790 568 carni
818 511 916 567 sub
933 515 1112 566 rostro
1145 511 1322 576 Corvi,
1356 510 1524 564 barba
1572 509 1782 564 directe
1837 525 1868 562 a
1918 508 2030 562 sole
2083 520 2273 561 uersus
2298 503 2352 570 Α
2383 498 2862 570 intempestivum
2909 496 3164 569 Lissum,
3233 494 3327 550 his
3403 493 3693 565 exemplto
3721 492 4041 549 versiculis

627 616 875 656 occasum
928 600 1221 655 hiemalem
1249 607 1508 670 protenso
1533 603 1585 653 et
1635 598 1740 652 late
1785 613 1892 668 qua
1923 595 2263 651 terminaba-

624 693 716 743 tur
776 691 998 760 diﬂusa.
1044 691 1109 744 19
1165 689 1357 743 nubes.
1405 689 1476 742 20
1511 693 1630 744 Dec.
1691 689 1839 742 intra
1877 686 2159 741 Craterem
2216 688 2264 739 et

626 778 877 833 Corvum.
945 778 1038 848 21,
1086 780 1178 846 22,
1237 777 1328 844 23,
1379 779 1449 831 24
1506 778 1698 831 nubes.
1755 778 1826 830 25
1883 777 1988 830 Dee
2041 777 2072 828 4
2129 781 2263 828 mat.

625 868 775 930 infra
806 876 1044 923 ventrem
1077 868 1279 938 Hydri,
1314 883 1422 937 qua
1455 866 1507 920 ei
1540 866 1728 919 Crater
1758 864 1988 933 insistit,
2019 864 2117 918 sub
2147 860 2266 917 eod.

626 959 765 1028 lrop.
799 958 1130 1027 comparuit.
1166 956 1340 1026 Caput
1371 956 1474 1008 hae
1500 955 1588 1009 die
1651 953 1942 1025 apparenti
1997 953 2270 1006 diametro

623 1049 740 1116 fere
768 1062 876 1115 par
915 1047 1137 1113 Veneri,
1172 1046 1404 1100 barbam
1434 1044 1703 1099 albicanli
1736 1049 1865 1101 :‘tuce
1922 1041 2273 1113 splendidam

628 1136 698 1189 ad
745 1137 814 1190 30
860 1135 1064 1206 gradus
1119 1136 1340 1190 evibare
1396 1136 1595 1202 visum,
1653 1135 1744 1196 26,
1811 1133 1903 1197 27,
1935 1133 2006 1184 29
2076 1133 2270 1185 nubes.

628 1225 698 1278 30
726 1227 852 1280 Dec.
884 1226 919 1278 9
946 1241 1090 1294 vesp.
1126 1227 1186 1278 in
1218 1229 1421 1291 Lepore
1459 1222 1610 1278 velut
1666 1224 1901 1276 criintus
1956 1221 2216 1291 apparuit
2258 1235 2272 1276 :

629 1341 763 1378 nam
789 1323 853 1379 ob
885 1324 1034 1380 lunaD
1053 1322 1316 1378 viciniam
1335 1322 1514 1377 cauda
1547 1319 1724 1376 videri
1744 1335 1854 1374 non
1880 1321 2079 1390 potuit.
2103 1320 2277 1373 Porro

629 1412 882 1468 eumdem
914 1412 1057 1467 hunc
1102 1429 1226 1467 cum
1253 1414 1437 1482 priore
1491 1418 1701 1466 cometa
1755 1425 1888 1475 esse,
1946 1409 2281 1477 conﬁrmant

631 1503 1047 1558 observationes
1080 1501 1320 1556 Trident.
1354 1515 1480 1571 quae
1509 1499 1578 1553 38
1617 1500 1732 1554 Dec.
1764 1514 1890 1553 eum
1918 1513 2120 1569 propre
2172 1500 2277 1553 Ca-

634 1608 759 1646 nem
789 1593 1080 1661 majorem,
1111 1592 1371 1646 ceteriori
1399 1606 1563 1661 quam
1601 1591 1763 1642 initio
1820 1591 1972 1641 motu
2026 1602 2280 1657 progres-

638 1699 762 1739 sum
791 1699 860 1738 ex
888 1685 1156 1738 matutino
1187 1685 1572 1751 vespertinum,
1602 1698 1671 1734 ex
1701 1681 1926 1735 barbato
1978 1680 2284 1734 caudatum

641 1773 882 1826 evasisse
913 1775 1204 1826 testantur.
1267 1772 1329 1824 31
1400 1770 1643 1824 Decemb.
1711 1769 1860 1823 inter
1920 1770 2177 1838 Lepprem
2234 1771 2286 1822 et

645 1861 971 1926 Eridanum,
1018 1864 1152 1932 jam
1206 1861 1441 1915 multum
1496 1876 1668 1928 supra
1721 1860 2006 1927 Tropicum
2075 1865 2286 1912 evectus
2321 1871 2367 1935 Β

648 1949 1111 2020 conspiciebatur.
1152 1950 1305 2005 Anno
1349 1949 1486 2003 1665
1517 1950 1540 2002 1
1575 1948 1859 2016 Januarii,
1887 1949 1953 2001 12
1983 1949 2178 2015 noctis,
2213 1945 2290 2000 ad

645 2038 970 2103 australem,
997 2045 1047 2094 et
1077 2039 1266 2094 eadem
1308 2039 1401 2094 die
1455 2039 1488 2092 9
1545 2039 1849 2104 vespertina
1903 2037 1973 2091 ad
2021 2035 2290 2091 borealem

651 2129 884 2184 Eridani
920 2129 1104 2200 ripam
1134 2131 1372 2183 constiti.
1406 2132 1438 2182 2
1493 2127 1756 2184 Januarii
1812 2143 1986 2198 prope
2040 2142 2094 2181 os
2152 2126 2287 2181 Ceti.

646 2227 678 2279 3
707 2231 838 2282 Jan.
874 2226 991 2281 Ceti
1021 2225 1415 2282 mandibulam
1447 2225 1655 2293 attigit,
1688 2241 1874 2296 syrma
1929 2223 2148 2282 Orienti
2193 2223 2288 2278 ob-

644 2331 862 2370 versum
887 2316 1128 2370 trahens.
1163 2316 1194 2369 4
1223 2317 1327 2370 Jan
1363 2320 1695 2385 xquatorem
1742 2311 2043 2382 superavit.
2074 2313 2109 2365 Ξ)
2163 2313 2289 2366 Jan.

640 2406 676 2457 6
702 2421 846 2476 vesp.
882 2407 941 2460 in
960 2406 1150 2460 caudas
1177 2405 1354 2460 medio
1382 2420 1548 2475 prope
1603 2403 1867 2457 nucleum
1926 2406 2142 2457 cometa
2201 2402 2291 2455 lu-

639 2493 771 2550 eida
823 2494 955 2563 Ceti,
1015 2494 1236 2549 Menkar
1290 2494 1458 2562 dicta,
1520 2494 1668 2548 elare
1723 2491 2081 2562 resplenduit.
2143 2489 2294 2558 Qoud

639 2583 807 2639 etiam
841 2584 1055 2649 Leodii,
1100 2585 1393 2653 0lumucii,
1461 2581 1697 2647 Vienna,
1759 2583 2017 2648 Mantuae,
2068 2582 2291 2650 Pragx,

645 2675 935 2740 Lucernae,
972 2672 1221 2728 Tridenti
1249 2677 1348 2728 sub
1377 2673 1522 2727 idem
1555 2682 1762 2741 tempus
1792 2674 2138 2727 observatum
2195 2674 2290 2737 est,

652 2763 800 2817 Unde
828 2763 1014 2833 gotlici
1039 2771 1215 2835 potest
1245 2772 1513 2818 cometam
1573 2761 1718 2816 hunc
1775 2777 1960 2816 carere
2007 2760 2296 2831 parallacci

653 2851 908 2905 sensibili
935 2853 1177 2922 adeoque
1209 2853 1344 2907 luna
1370 2853 1693 2919 inferiorem
1724 2867 1834 2906 non
1865 2866 1996 2905 esse.
2028 2849 2109 2920 [P.
2171 2848 2294 2918 455)

651 2939 928 3008 Quantum
959 2956 1088 2995 vero
1110 2957 1276 3011 supra
1308 2942 1500 2995 lunam
1545 2940 1789 2995 elevatus
1845 2939 1938 3003 sit,
1995 2939 2060 2994 ob
2113 2939 2296 3008 paral-

656 3030 877 3084 luxium
909 3029 1362 3084 incertitudincm
1382 3030 1666 3084 evidenter
1686 3029 2061 3084 demonstrari
2081 3030 2293 3098 nequit.

649 3119 704 3183 6,
735 3119 790 3184 7,
823 3119 878 3184 8,
907 3119 962 3184 9,
999 3120 1064 3173 10
1094 3119 1356 3175 Januarii
1384 3136 1484 3190 per
1511 3124 1681 3190 caput
1713 3119 1826 3173 Ceti
1857 3118 2008 3172 tarde
2047 3132 2297 3188 progres-

646 3223 760 3273 sus,
798 3210 858 3262 11
893 3225 1064 3278 pr0pe
1121 3204 1428 3264 anteriores
1486 3209 1695 3264 Arieezs
1744 3207 1904 3280 pedes
1968 3207 2296 3277 comparuit,

645 3298 825 3353 cauda
848 3299 1092 3354 breviore
1113 3315 1300 3354 versus
1324 3300 1542 3354 oculum
1600 3300 1765 3354 Tauri
1829 3304 2168 3366 emporrecta.
2232 3296 2298 3349 12

646 3389 751 3442 Jan
793 3390 851 3442 in
882 3405 1025 3456 genu
1047 3389 1266 3445 Arietis.
1306 3389 1370 3442 13
1394 3394 1444 3444 et
1475 3388 1727 3458 deinceps
1756 3403 1929 3458 usque
1979 3385 2049 3440 ad
2107 3387 2141 3438 4
2195 3386 2297 3439 Fe-

653 3477 879 3531 bruarii
911 3479 1114 3533 lentius
1150 3481 1208 3532 in
1241 3478 1354 3533 dies
1393 3481 1541 3533 inter
1567 3481 1752 3548 pectus
1783 3477 1984 3530 Arietis
2012 3480 2061 3530 et
2101 3476 2300 3530 Linum

653 3565 810 3620 650
844 3569 1088 3622 Piscium
1114 3584 1457 3638 progressus,
1481 3583 1708 3637 corpore
1735 3567 1972 3620 multum
2002 3564 2301 3619 imminuto

653 3672 719 3710 ac
752 3661 994 3726 syrmate
1048 3657 1286 3713 breviori
1341 3658 1572 3729 eﬂulsit.
1608 3657 1638 3710 4
1692 3657 1986 3711 Februarii
2030 3663 2303 3725 postremo

652 3744 948 3800 caudatum
978 3746 1137 3801 licuit
1169 3749 1557 3802 instrumentis
1587 3747 1895 3801 observare.
1937 3745 2085 3801 Visus
2119 3749 2305 3797 tamen

653 3850 822 3902 porro
852 3835 1012 3890 nobis
1044 3846 1120 3891 est
1149 3837 1307 3890 intar
1328 3837 1498 3892 stellae
1527 3836 1808 3891 nebulosae
1835 3836 1888 3898 5,
1929 3835 1984 3901 7,
2032 3833 2100 3887 10
2128 3837 2178 3887 et
2239 3833 2299 3886 11

663 3925 958 3980 Februarii
998 3926 1142 3979 inter
1172 3941 1379 3980 cornua
1423 3927 1620 3980 Arietis
1677 3929 1729 3980 et
1784 3925 1984 3979 Linum
2041 3921 2304 3977 Piscuim.

655 4022 920 4093 Deinceps
951 4039 1076 4078 vero
1108 4027 1274 4078 etiam
1304 4025 1372 4079 ab
1402 4025 1717 4078 acutissime
1748 4022 2056 4077 videntibae
2103 4022 2304 4087 depre-

656 4113 828 4167 hendi
859 4112 1113 4183 amplius
1154 4129 1264 4168 non
1321 4114 1515 4185 potuit.
1576 4115 1722 4167 Hlnc
1778 4120 1984 4166 constat
2041 4115 2306 4164 cometam

657 4203 806 4256 hunc
836 4205 1143 4257 maximam
1173 4219 1326 4258 zona
1387 4203 1609 4258 torridas
1661 4206 1878 4272 partem
1928 4200 2309 4271 perlustrasse,

659 4293 902 4363 adeoque
933 4292 1142 4361 majori
1170 4293 1382 4360 Africa:
1414 4301 1462 4346 et
1494 4306 1714 4362 magnae
1759 4291 1904 4346 Asia
1935 4307 2002 4344 ac
2040 4288 2313 4344 Armenia

658 4382 828 4453 parti,
852 4399 1160 4454 nunquam,
1203 4388 1384 4436 tamen
1407 4385 1652 4453 Europae
1676 4381 1994 4435 verticalem
2011 4378 2310 4433 incessisse.

656 4480 955 4537 Hactenus
988 4481 1512 4537 astronominostri
1538 4479 2032 4551 Ingolstadienses
2064 4478 2134 4533 de
2165 4476 2316 4548 prio-

654 4569 704 4624 ri
733 4575 978 4626 cometa.
1013 4571 1303 4626 Posterior
1334 4571 1488 4624 circa
1520 4569 1638 4624 Kal.
1689 4567 1907 4640 Aprilis
1977 4565 2311 4622 ostentandi

2380 586 2704 659 pangendis
2729 602 2743 641 :

2456 732 2598 786 Cum
2618 746 2900 800 superum,
2937 727 3242 796 Francisce,
3277 728 3378 782 tibi
3430 728 3752 782 tribuuntur
3781 727 4046 796 honores,

2526 801 2815 857 Abscondit
2846 801 3095 854 tetricum
3115 808 3304 869 sponte
3335 805 3560 853 cometa
3581 800 3770 869 jubar.

2455 875 2668 939 Erigor
2696 872 2936 941 augurio
2971 887 3106 937 ;nec
3127 872 3251 942 jam
3281 875 3538 940 portenta
3559 870 3846 941 minasque

2529 946 2617 998 Tot
2647 945 2986 998 crinitarum
3016 943 3151 996 duco
3174 943 3424 996 timenda
3451 947 3660 1010 lacum.

2459 1017 2804 1070 Averruncus
2829 1017 2980 1069 adest
3008 1030 3306 1080 noxarum,
3339 1017 3391 1068 et
3419 1022 3610 1068 sancta
3663 1012 3918 1068 sacerdos

2525 1087 2632 1153 Qui
2653 1102 2826 1141 novus
2849 1085 3172 1158 ingreditur
3223 1089 3468 1141 monstra
3498 1085 3708 1158 luenda,
3729 1086 3866 1154 piat.

2457 1157 2615 1213 Svme
2636 1159 2877 1225 animos,
2912 1157 3041 1212 cati
3059 1159 3292 1225 spaclris
3319 1159 3586 1211 exterrita
3614 1157 3779 1210 tellus
3804 1172 3821 1208 :

2529 1230 2657 1285 Stat
2683 1229 2797 1283 tibi
2824 1233 2979 1284 certa
3008 1226 3192 1292 salus,
3219 1229 3356 1284 dum
3387 1236 3529 1284 tenet
3561 1231 3718 1282 astra
3745 1226 3936 1281 Sales.

2459 1371 2518 1426 P.
2550 1369 2655 1425 229
2678 1374 2874 1426 Fatum
2912 1369 3094 1425 irisle.
3152 1369 3349 1425 Graece
3393 1369 3560 1442 μοῖρά
3608 1387 3691 1428 τις
3742 1363 4053 1439 δυστυχής.

2388 1459 2508 1515 Fati
2542 1459 2784 1529 mentio,
2817 1459 2865 1514 si
2901 1459 2995 1514 cui
3027 1459 3132 1514 hoc
3164 1458 3290 1514 loco
3333 1463 3392 1513 et
3438 1458 3570 1514 aliis
3620 1457 3802 1529 hujus
3852 1457 4055 1529 operis

2388 1549 2683 1605 similibus
2710 1549 2981 1603 videatur
3037 1547 3220 1602 ullam
3262 1547 3610 1602 afﬁnitatem
3642 1547 3860 1602 habere
3910 1561 4050 1600 cum

2392 1654 2566 1710 pravo
2598 1642 2654 1692 et
2683 1637 2952 1692 heretico
3002 1638 3276 1708 dogmate
3329 1634 3657 1691 libertatem
3718 1634 4053 1690 humanam

2394 1728 2835 1797 suicompotem
2861 1730 3132 1796 negante,
3171 1724 3554 1795 rejiciendum
3587 1728 3742 1780 esset
3773 1740 3909 1795 cum
3943 1739 4054 1777 ce-

2387 1813 2536 1870 teris
2567 1814 2861 1869 erroribus
2884 1813 3064 1884 hujus
3096 1813 3418 1885 scriptoris.
3455 1813 3593 1868 Vide
3625 1829 3751 1885 quae
3811 1811 4055 1867 monui-

2401 1921 2533 1958 mus
2561 1904 2630 1957 ad
2666 1920 2722 1974 p.
2761 1904 2858 1956 104
2880 1906 2934 1956 et
2964 1919 3018 1973 p.
3057 1901 3176 1956 139.

2473 1993 2532 2047 P.
2564 1993 2688 2046 251.
2725 1991 2920 2046 Oratio
2952 1991 3325 2063 imperatoris
3355 1990 3466 2047 hoc
3497 1990 3684 2062 capite
3712 1990 3898 2046 relata
3949 1991 4056 2044 ob-

2401 2081 2746 2137 scurissima
2778 2081 2834 2135 in
2870 2080 3064 2135 Graeco
3123 2085 3230 2135 est.
3272 2081 3606 2135 Vaticamus
3639 2079 4063 2152 paraphrastes

2403 2188 2506 2242 pro
2565 2187 2632 2225 ea
2679 2170 2833 2241 quod
2890 2169 3068 2224 voluit
3129 2171 3468 2241 supposuit.
3526 2170 3644 2241 Ego
3713 2170 4064 2239 conjectura

2402 2265 2657 2316 mentem
2683 2259 2959 2326 auctoris,
2995 2263 3059 2313 ut
3092 2275 3284 2330 spero,
3328 2263 3640 2314 assecutus
3672 2257 3889 2331 partim
3933 2275 4063 2312 ver-

2403 2349 2586 2414 sione,
2636 2346 2872 2420 partim,
2907 2346 3006 2402 ubi
3056 2347 3226 2402 aliter
3284 2364 3398 2402 non
3459 2347 3642 2418 potui,
3706 2346 4067 2419 paraphrasi

2404 2455 2533 2494 eam
2558 2437 2798 2508 exposui
2829 2453 3005 2508 quam
3033 2437 3193 2508 potui
3227 2436 3574 2492 clarissime.

2474 2527 2685 2581 P.257.
2709 2527 2880 2581 Noctu
2920 2534 3036 2596 post
3066 2526 3230 2596 ﬁnem
3273 2525 3604 2596 hymnodiae.
3655 2523 3826 2592 Nam,
3889 2528 3954 2580 nt
4009 2527 4068 2580 in

2406 2615 2701 2672 Glossario
2729 2614 2902 2670 verbo
2931 2613 3219 2676 ἀκάθιστος
3248 2615 3579 2684 innuimus,
3624 2618 3741 2669 tota
3802 2630 3917 2669 nox
3968 2631 4070 2686 pa-

2405 2704 2694 2770 triarcha,
2756 2702 2929 2774 clero,
2992 2704 3330 2774 imperatori
3380 2712 3431 2758 et
3486 2702 3702 2775 populo
3758 2703 4069 2758 stantibus

2407 2794 2505 2861 illo
2578 2795 2723 2848 festo
2773 2791 3247 2864 pervigilabatur,
3305 2793 3586 2848 continua
3656 2793 4068 2847 decantatione

2407 2883 2767 2956 psalmorum
2797 2886 2852 2937 et
2887 2882 3264 2953 hymnorum,
3298 2898 3426 2952 quae
3459 2886 3524 2936 ut
3553 2881 3790 2936 tandem
3825 2881 3937 2936 sub
3969 2881 4068 2935 di-

2409 2973 2674 3028 luculum
2735 2970 2928 3037 desiit,
2987 2970 3142 3025 hunc
3187 2970 3312 3025 loco
3371 2975 3427 3025 et
3486 2976 3748 3041 tempore
3827 2974 4069 3041 captato

2409 3065 2719 3118 accusator
2751 3059 2978 3115 Arsenii
3013 3059 3278 3116 libellum
3309 3059 3622 3115 delationis
3681 3058 3895 3115 obtulit
3943 3061 4070 3114 Au-

2415 3156 2605 3223 gusto.

2488 3241 2635 3296 051
2675 3239 2735 3293 P.
2767 3239 2894 3293 259.
2927 3237 3050 3291 Vox
3075 3234 3408 3291 ἐκκλείοιντο
3433 3237 3745 3292 emendata
3777 3253 3812 3292 a
3841 3253 3936 3292 me
3977 3241 4074 3292 est

2409 3347 2476 3386 ex
2510 3329 2869 3399 conjectura,
2893 3343 3028 3382 cum
3069 3327 3194 3381 cod.
3231 3327 3272 3381 Β
3329 3326 3568 3382 haberet
3628 3323 3960 3400 ἰγκλιίοντο,
4024 3330 4067 3379 Α

2408 3436 2544 3474 vero
2572 3414 2934 3483 ὲκκλίνοιντο,
2967 3415 3310 3471 Vaticamus
3351 3432 3521 3488 porro
3578 3415 3846 3471 libertate
3895 3414 4076 3471 solita

2413 3525 2517 3582 pro
2553 3523 2618 3562 eo
2649 3507 2823 3561 verbo
2858 3510 3099 3578 poneret
3129 3504 3553 3573 ἀποστήσονται.
3591 3503 3896 3561 Sententia
3935 3521 4075 3560 vero

2410 3598 2520 3654 loci
2553 3596 2862 3652 manifeste
2886 3594 3148 3666 postulat
3179 3591 3536 3648 ἐκκλείοιντο.

2488 3688 2545 3741 Ρ.
2576 3685 2700 3740 261.
2732 3687 3057 3756 Imperatori
3084 3683 3265 3739 tribui
3289 3685 3604 3755 principem
3635 3685 3815 3739 locum
3872 3684 3936 3737 in
3995 3700 4084 3738 co-

2412 3777 2660 3849 gnitione
2690 3790 2879 3829 rerum
2909 3775 3581 3830 ecclesiasticarum..lam
3606 3772 3880 3828 monuiin
3903 3772 4076 3828 Glos-

2416 3861 3675 3937 sarioverbotmo-rnpovapxnccognitionem
3710 3863 3882 3918 istam
3929 3863 4081 3918 meri

2413 3957 2535 4012 fere
2565 3954 2914 4018 testimonii,
2952 3971 3064 4009 non
3085 3953 3644 4024 jurisdictionisant
3666 3952 3941 4008 decisive
3976 3969 4082 4023 po-

2416 4044 2648 4100 testatis
2679 4058 2828 4098 esse.
2865 4043 2958 4097 Sic
2991 4044 3144 4097 enim
3179 4042 3604 4097 Constantinus
3625 4045 3869 4113 Magnus
3892 4040 4079 4096 Nicae-

2419 4151 2531 4201 nae,
2549 4132 2881 4188 Marcianus
2903 4131 3408 4194 Cbalcedomensi,
3425 4131 3522 4185 alii
3541 4130 4084 4202 aliisimperatores

2418 4220 2659 4294 synodis
2690 4219 3158 4285 intervenerunt,
3186 4220 3384 4274 missis
3407 4219 3611 4285 etiam,
3637 4236 3769 4274 cum
3795 4219 4086 4274 interesse

2422 4312 2531 4383 ipsi
2568 4327 2683 4366 non
2719 4313 3005 4381 poterant,
3030 4307 3314 4380 delegatis
3347 4325 3378 4362 a
3401 4324 3462 4363 se
3490 4333 3503 4374 ;
3533 4309 3686 4380 quod
3715 4309 3772 4362 in
3802 4308 4086 4363 recentio-

2423 4401 2587 4455 ribus
2606 4415 2835 4470 quoque
2854 4396 3139 4466 conciliis,
3182 4402 3324 4468 puta
3353 4397 3718 4462 Tridentino,
3777 4402 4084 4452 servatum

2427 4490 2669 4553 scimus,
2705 4493 2768 4543 ut
2798 4487 2859 4542 in
2892 4503 2956 4542 eo
2989 4485 3200 4558 legatis
3231 4485 3628 4557 imperatoris,
3652 4501 3856 4558 regum
3884 4503 3953 4541 ac
3975 4504 4084 4542 cae-

2425 4585 2683 4635 terorum
2717 4577 3048 4649 principum
3084 4575 3478 4645 saecularium,
3512 4576 3678 4632 locus
3722 4575 4090 4633 tribueretur

660 4660 753 4715 sui
798 4661 934 4716 fecit
965 4661 1198 4715 initium
1232 4661 1525 4715 contrario
1559 4658 1738 4729 priori
1772 4661 1975 4712 exortu
2019 4661 2075 4710 et
2132 4660 2316 4725 motu,
2351 4647 2397 4710 D
2429 4686 2544 4725 non
2576 4647 2866 4738 cum—jure
2912 4647 3144 4721 ferendi
3208 4667 3278 4720 ad
3337 4665 3685 4720 dicigionem
3739 4665 4088 4734 dogmatum

662 4750 850 4805 cauda
879 4748 1128 4821 longiori
1163 4749 1561 4820 densiorique,
1591 4749 1662 4802 de
1705 4764 1820 4818 quo
1871 4746 2122 4800 videnda
2178 4760 2304 4815 quas

659 4856 793 4894 cum
831 4840 928 4894 alii
960 4839 1097 4895 alibi
1121 4840 1227 4894 viri
1260 4839 1754 4906 doctissimi,tum
1780 4837 1956 4892 iidem
1985 4836 2148 4906 prius
2183 4850 2309 4888 me-

659 4932 872 4984 morati
905 4930 1181 4985 Cassinus
1220 4931 1434 4997 Romae,
1472 4929 1809 4996 Grandamy
1844 4931 2044 4981 noster
2072 4923 2311 4979 Parisiis

656 5019 718 5074 in
754 5020 938 5084 lucem
971 5020 1299 5074 ediderunt.
1337 5018 1516 5074 Desiit
1558 5033 1836 5090 apparere
1862 5032 1894 5070 a
1943 5013 2063 5070 sole
2114 5014 2313 5068 absor-

651 5113 791 5180 ptus
826 5109 1059 5164 circiter
1091 5109 1245 5163 diem
1285 5110 1348 5162 19
1381 5107 1625 5178 Aprilis,
1661 5123 1776 5176 quo
1823 5105 1913 5159 die
1945 5119 2075 5159 eum
2135 5102 2187 5157 S.
2249 5105 2314 5155 D.

651 5200 719 5255 N.
757 5200 1086 5255 Alexander
1119 5200 1218 5254 νη
1258 5199 1351 5254 hic
1390 5202 1580 5254 Roma:
1643 5199 1700 5252 in
1756 5195 2003 5252 Basilica
2050 5195 2108 5248 S.
2165 5191 2318 5248 Petri

651 5292 1099 5348 solemnissima
1127 5291 1477 5346 caeremonia
1509 5291 1566 5344 Β.
1603 5288 1979 5344 Franciscum
2031 5287 2100 5340 de
2155 5284 2318 5339 Sales

659 5403 689 5441 e
711 5386 1017 5456 piscopum
1052 5383 1450 5438 Genevensem
1484 5381 1591 5435 rite
1614 5384 1950 5434 sanctorum
1976 5376 2105 5431 albo
2140 5374 2316 5429 ascri-

664 5475 904 5551 psisset,
937 5473 1060 5528 visa
1094 5472 1237 5526 mihi
1274 5477 1362 5527 est
1393 5471 1513 5526 haec
1568 5467 1828 5543 συγκυρία
1885 5467 2017 5523 novi
2074 5465 2318 5535 indigeti

662 5582 942 5638 superum
984 5562 1179 5618 choris
1215 5562 1417 5617 inserti
1450 5567 1506 5617 et
1537 5559 1938 5617 evanescentis
1962 5561 2197 5612 cometae
2228 5573 2318 5609 ar-

665 5660 1015 5729 gumentum
1046 5671 1159 5708 non
1193 5652 1501 5723 illepidum
1535 5650 2000 5723 epigrammatis,
2021 5652 2077 5702 et
2108 5646 2318 5701 remis-

668 5764 760 5804 me
792 5746 1041 5802 libenter
1071 5761 1099 5799 e
1143 5743 1384 5800 tristitia
1408 5759 1649 5799 morosae
1677 5738 2081 5813 occupationis
2104 5737 2162 5791 in
2203 5752 2318 5792 non

2417 4758 2708 4829 suffragii,
2741 4757 2842 4812 sed
2873 4759 2937 4810 ut
2956 4759 3136 4810 testes
3159 4760 3358 4810 essent
3380 4759 3643 4810 actorum
3663 4754 3957 4826 primique
3992 4772 4086 4811 co-

2422 4848 2774 4919 gnoscerent
2793 4844 3089 4914 vulganda
3111 4844 3492 4916 postmodum
3519 4843 3576 4897 in
3605 4842 3874 4915 populos,
3901 4844 4089 4900 inte--

2422 4937 2653 5006 rimque
2684 4933 3029 4988 auctoritate
3063 4949 3127 4987 ac
3159 4936 3449 5004 potestate
3478 4932 3792 5004 principali
3837 4933 4084 4990 liberta-

2424 5029 2567 5090 tem,
2600 5023 2995 5089 securitatem,
3022 5021 3207 5076 otium
3232 5021 3683 5078 decernentibus
3703 5021 3979 5079 Patribus
4005 5025 4088 5079 fa-

2428 5118 2642 5169 cerent.
2676 5112 2770 5167 Sic
2801 5112 2859 5165 in
2893 5110 3201 5166 collatione
3226 5110 3697 5182 Carthaginensi,
3740 5110 3841 5165 ubi
3905 5128 4088 5167 causa

2427 5203 2862 5259 Donatistarum
2897 5200 3285 5266 tractabatur,
3319 5216 3445 5255 cum
3502 5199 3771 5272 episcopis
3799 5199 4092 5269 ingressus

2428 5302 2505 5350 est
2533 5292 2733 5360 (verba
2764 5294 2904 5345 sunt
2933 5289 3211 5360 epitomis
3244 5289 3580 5344 Baroinanaa
3605 5289 3906 5359 Spondani
3946 5307 4087 5346 ann.

2430 5383 2615 5437 411a.
2649 5381 2703 5451 4)
2734 5381 2904 5434 etiam
2955 5379 3308 5433 Marcellinus
3365 5379 3426 5432 in
3484 5377 3661 5433 locum
3715 5379 3786 5432 ad
3832 5379 4091 5435 collatio-

2431 5489 2555 5527 nem
2575 5473 2856 5542 paratum,
2891 5467 2988 5540 qui
3017 5468 3242 5538 quidem
3264 5484 3373 5523 nou
3393 5467 3574 5522 solum
3620 5467 3881 5523 tribunus
3932 5470 4090 5523 mili-

2432 5562 2568 5616 taris
2597 5557 2853 5627 erat,sed
2882 5561 2932 5612 et
2963 5560 3243 5623 notarius,
3280 5556 3380 5612 hoc
3425 5561 3502 5610 est
3558 5573 3591 5610 a
3643 5557 3868 5612 secretis
3912 5560 4089 5630 impe-

2430 5649 2657 5716 ratoris,
2691 5653 2749 5702 ut
2779 5651 2999 5703 constat
3019 5663 3094 5701 ea:
3116 5647 3275 5701 titulo
3299 5645 3547 5717 epistolae
3572 5647 3972 5702 cothoticorum
4021 5649 4092 5702 ad

2428 5741 2615 5811 ipsum
2637 5748 2763 5796 ante
2790 5739 3149 5796 collationem
3174 5740 3422 5809 scripta.
3454 5741 3565 5794 Nec
3617 5741 3810 5793 tamen
3865 5737 3930 5795 in
3989 5741 4056 5796 it.
