4248 6438
177 412 319 471 1113

1771 415 1998 469 ΝΟΤΒ.

3444 409 3584 466 1114

177 539 479 594 collatione
515 537 725 610 judicis
781 537 1111 610 simpliciter
1155 538 1248 593 sed
1295 538 1591 607 cognitoris
1632 551 1831 592 nomen
1861 538 1914 603 Α
1945 539 2005 593 in
2037 539 2184 594 serie
2215 537 2681 609 patriarcharum
2714 538 3068 592 Graecorum.
3096 536 3233 590 Eam
3257 538 3586 590 Germanus

176 624 297 699 prae
321 646 380 685 se
408 631 558 686 tulit.
602 631 680 685 Ita
712 629 864 686 enim
894 631 1190 684 nominare
1219 629 1494 684 consuevit
1524 629 1833 698 antiquitas
1938 627 2494 697 Adrianopolitanus
2536 626 2818 681 successit
2854 625 3117 689 Arsenio,
3156 624 3434 678 Arsenius
3464 627 3584 678 Ma-

176 719 398 788 judices
437 720 757 782 saculares,
794 735 1023 788 quorum
1065 718 1301 772 arbitrio
1351 726 1548 771 cuncta
1577 717 1831 785 dispone-

180 814 398 874 rentur,
429 807 522 862 sed
544 811 625 861 ita
657 811 716 860 ut
742 809 1017 876 integrum
1050 807 1321 860 indicium
1351 807 1614 876 episcopis
1662 806 1830 858 relin-

179 900 429 966 querent,
461 912 561 950 nec
590 895 806 966 aliquid
835 895 940 966 ipsi
973 897 1084 949 sibi
1115 899 1447 965 usurparent
1467 896 1580 948 nisi
1600 893 1743 964 quod
1765 892 1833 946 ad

173 1000 367 1055 pacem
399 999 465 1039 ac
513 987 761 1055 quietum
811 1000 1163 1053 congressum
1194 985 1514 1053 pertineret,
1564 986 1726 1051 utque
1775 984 1833 1035 in

177 1074 430 1128 omnibus
475 1084 640 1144 pacta
688 1079 953 1129 conventa
1005 1081 1482 1137 conservarentur,
1532 1071 1588 1124 in
1632 1070 1830 1140 quibus

178 1163 289 1218 rite
318 1164 646 1218 ordinandis
693 1163 871 1219 eidem
915 1161 1327 1233 interloquendi
1370 1163 1605 1232 facultas
1651 1163 1781 1216 esset
1810 1172 1831 1220 ,°

177 1257 341 1323 atque
392 1253 608 1308 demum
637 1255 794 1323 cujus
838 1253 1168 1307 alterutrius
1211 1254 1389 1322 partis
1437 1250 1659 1318 potiora
1702 1251 1830 1318 jura

176 1349 375 1407 essent,
407 1358 477 1396 ex
504 1358 662 1412 sequo
684 1342 1049 1411 pronuntiare
1079 1341 1362 1395 deberent.
1401 1341 1465 1396 Ut
1497 1342 1569 1394 de
1599 1338 1684 1392 his
1714 1354 1830 1392 om-

178 1429 351 1485 nibus
380 1439 593 1486 constat
622 1447 746 1486 cum
773 1447 846 1484 ea:
871 1430 1006 1501 ipsis
1037 1430 1174 1485 actis
1188 1429 1474 1500 prmsentis
1493 1427 1834 1494 collationis,

176 1522 298 1573 tum
329 1534 401 1574 ea:
445 1521 582 1574 aliis
630 1520 975 1575 diversarum
1024 1518 1376 1588 synodorum,
1426 1534 1489 1572 ac
1525 1518 1836 1587 praesertim

175 1608 653 1665 atcumenicarum
721 1611 909 1679 gestis.
985 1610 1068 1663 Ita
1115 1608 1399 1662 Baronius
1443 1607 1595 1678 apud
1661 1620 1833 1659 suum

180 1699 646 1768 epitomatorem.
683 1698 761 1752 Ex
791 1698 1008 1768 quibus
1039 1697 1224 1752 cuivis
1259 1712 1386 1751 esse
1411 1696 1647 1766 planum
1683 1700 1836 1765 pote-

178 1788 257 1842 rit
289 1788 579 1860 qualenus
611 1805 672 1843 se
703 1789 978 1844 extendat
1010 1788 1129 1841 haec
1156 1783 1651 1858 ἐπιστημοναρχία,
1678 1785 1836 1854 prin-

180 1892 318 1946 osps
341 1877 598 1948 cognitio
637 1893 827 1932 rerum
863 1875 1394 1932 ecclesiasticarum
1428 1875 1592 1929 laicis
1623 1873 1837 1944 princi-
1868 1904 1914 1969 B

1941 716 2122 780 nueli,
2154 715 2383 769 Manuel
2428 716 2743 776 Methodio,
2769 713 3098 767 Methodius
3117 712 3407 766 Germano
3431 711 3585 766 Nau-

1943 804 2078 874 plio.
2113 804 2278 858 Hunc
2313 804 2506 872 potius
2539 809 2603 857 ut
2635 803 2726 857 hic
2759 802 2923 856 innui
2960 806 3156 871 putem
3192 815 3364 870 quam
3400 799 3582 853 alium

1943 892 2109 960 longe
2124 893 2536 962 antiquiorem,
2558 901 2826 946 sanetum
2843 891 3200 945 Germanum
3217 887 3584 958 scriptisedi-

1943 982 2017 1034 tis
2039 986 2283 1045 motum,
2313 980 2409 1050 qui
2435 997 2588 1034 anno
2609 979 2940 1035 Christi7ili
2965 978 3084 1032 Kal.
3116 978 3358 1048 Augusti
3380 975 3582 1030 Joanui

1941 1070 2585 1141 Constantinopolitano
2637 1068 2977 1140 patriarchas
3029 1068 3328 1130 successit,
3381 1066 3589 1120 suadet

1941 1159 2285 1228 adjunctum
2333 1157 2657 1231 μακαρίτης,
2698 1159 2852 1229 quod
2887 1159 2956 1211 de
2997 1156 3242 1212 mortuis
3273 1172 3384 1210 non
3420 1159 3585 1209 vetu-

1942 1246 2216 1302 stissimis
2252 1248 2545 1302 memoriae
2578 1265 2610 1301 a
2642 1248 2858 1302 Graecis
2885 1249 3228 1316 usurpatur.

2015 1337 2073 1391 P.
2099 1337 2223 1390 296.
2258 1335 2348 1402 Μή
2383 1333 2515 1408 ἅψῃ,
2545 1336 2620 1407 μὴ
2656 1333 2826 1408 θίγῃς.
2853 1335 3044 1389 Verba
3066 1338 3290 1389 suntex
3323 1334 3379 1389 S.
3406 1333 3587 1388 Paulo

1943 1426 2013 1480 ad
2047 1424 2265 1480 Coloss.
2319 1443 2366 1480 c.
2404 1444 2464 1494 ιι,
2497 1443 2548 1479 v.
2597 1429 2687 1492 21,
2723 1441 2848 1496 quae
2894 1424 3074 1479 Graeci
3111 1423 3477 1494 usurpabant
3527 1422 3585 1475 in

1945 1513 2352 1569 occasionibus
2384 1515 2716 1570 aversanda
2738 1512 3174 1568 communionis
3204 1528 3406 1567 eorum
3439 1528 3586 1582 quos

1944 1603 2328 1659 heterodoxos
2396 1608 2496 1658 aut
2535 1603 2943 1658 schismaticos
3008 1602 3309 1673 putabant.
3360 1601 3584 1670 Saepius

1947 1698 2310 1763 usurpentur
2352 1694 2412 1748 in
2446 1692 2552 1747 hac
2603 1693 2879 1759 historia;
2913 1693 2984 1746 de
3026 1707 3141 1761 quo
3172 1689 3348 1745 semel
3381 1691 3584 1744 admo-

1948 1783 2148 1836 nuisse
2175 1782 2320 1836 satis
2354 1784 2540 1836 visum
2575 1787 2683 1836 est.

2019 1875 2080 1924 P.
2113 1871 2237 1924 304.
2272 1870 2377 1925 Illa
2407 1871 2604 1926 Graeca
2633 1870 2806 1924 verba
2836 1868 2933 1920 ὅσα
2961 1865 3050 1921 καὶ
3081 1865 3340 1939 ἀσφαλῶς
3373 1863 3588 1934 ἀποφή-

181 1965 358 2036 pibus
389 1982 668 2021 concessa
698 1983 800 2037 per
821 1981 1076 2022 canones
1108 1969 1164 2019 et
1194 1966 1511 2036 antiquum
1542 1979 1734 2031 usum,
1764 1963 1835 2016 de
1868 1956 1913 1969 “’
1941 1959 2150 2029 vacem,
2195 1975 2320 2030 quae
2347 1975 2537 2015 secure
2567 1958 3000 2024 ostenderentur,
3052 1963 3350 2027 utcunque
3384 1956 3588 2009 Latina

181 2069 302 2124 qua
334 2053 426 2110 hic
458 2055 697 2110 mentio.

258 2163 315 2218 P.
363 2163 489 2217 272.
525 2163 628 2219 Cui
654 2179 712 2219 se
743 2165 924 2232 ipsum
971 2180 1140 2218 manu
1191 2164 1420 2235 propria
1469 2161 1835 2217 Athanasium

179 2252 564 2323 inscripserat.
599 2253 957 2308 Athanasius
986 2268 1198 2307 nomen
1227 2257 1350 2307 erat
1372 2253 1527 2324 quod
1552 2250 1834 2306 Androni-

179 2357 288 2396 cus
314 2340 423 2395 iste
454 2341 765 2397 Sardensis
789 2341 1100 2412 episcopus
1128 2345 1552 2412 assumpserat,
1592 2358 1721 2396 cum
1743 2340 1834 2394 ab-

181 2431 374 2486 dicato
419 2431 759 2502 episcopatu
795 2432 1186 2486 monasticum
1223 2431 1490 2486 habitum
1545 2431 1834 2498 induerat,

181 2524 360 2590 prout
391 2521 663 2592 superius
714 2525 1015 2575 narratum
1061 2525 1149 2575 cst
1196 2538 1244 2574 c.
1296 2520 1426 2574 181.
1479 2538 1515 2574 ιι
1571 2519 1742 2574 Porro
1787 2518 1837 2571 is

183 2614 520 2680 speraverat
549 2609 672 2664 fieri
707 2624 874 2680 posse
899 2612 985 2676 ut,
1018 2626 1136 2664 sua:
1155 2609 1327 2664 istius
1352 2609 1688 2664 monasticae
1708 2624 1836 2679 pro-

185 2697 461 2754 fessionis
516 2697 738 2753 abolita
789 2697 1088 2764 memoria,
1140 2699 1198 2753 in
1241 2703 1474 2764 ccetum,
1529 2702 1593 2752 ut
1634 2697 1838 2770 prius,

183 2787 527 2859 episcopum
581 2787 994 2842 admitteretur
1049 2804 1061 2842 :
1119 2804 1221 2842 nec
1287 2788 1441 2842 enim
1497 2790 1620 2841 erat
1676 2785 1840 2840 facile

184 2892 306 2931 rem
341 2877 451 2931 sub
485 2876 684 2946 paucis
704 2881 890 2930 actam
917 2878 1163 2930 testibus
1189 2877 1454 2947 probare.
1480 2874 1689 2929 Verum
1718 2892 1842 2945 pro-

188 2964 308 3020 lata
333 2965 582 3036 epistola
613 2981 790 3035 quam
826 2966 1013 3036 ipsius
1055 2981 1181 3020 esse
1220 2970 1356 3019 nota
1390 2981 1600 3018 manus
1634 2964 1841 3035 prode-

190 3060 300 3120 rct,
355 3055 524 3126 cujus
576 3055 728 3110 652
795 3054 854 3109 in
905 3053 1076 3109 titulo
1137 3071 1297 3108 more
1354 3054 1598 3125 antiquo
1665 3070 1839 3108 suum

182 3144 578 3218 prae-scribens
603 3160 814 3198 nomen
848 3143 1236 3199 Athanasium
1261 3160 1321 3198 se
1349 3143 1473 3215 ipse
1498 3160 1599 3213 pro
1622 3145 1842 3197 Andro-

184 3235 320 3288 nico
351 3237 678 3299 vocaverat,
701 3236 1116 3304 argumentum
1143 3233 1198 3287 id
1225 3232 1622 3303 irrefragahile
1653 3232 1840 3287 visum

185 3321 578 3378 monachatus
611 3321 949 3388 Andronici,
982 3321 1070 3375 cui
1110 3338 1211 3376 nec
1243 3320 1369 3392 ipse
1402 3321 1501 3393 qui
1534 3321 1580 3374 ei
1617 3321 1845 3375 favebat

181 3411 520 3484 patriarcha
540 3410 810 3465 resistere
833 3427 1036 3476 ausus,
1062 3415 1336 3465 conatum
1361 3408 1843 3480 remisitjuvandi

182 3502 336 3571 ejus,
371 3500 470 3571 qui
502 3516 609 3554 sua
635 3516 695 3554 se
727 3498 856 3570 ipsa
887 3501 1180 3570 scriptura
1209 3499 1590 3553 convinceret.

258 3612 322 3662 P.
372 3607 499 3661 281.
551 3607 794 3662 Sinistra
837 3605 904 3662 de
954 3605 1222 3661 Germano
1272 3607 1496 3662 iudicia.
1549 3610 1668 3662 Hoc
1718 3605 1842 3662 loco

183 3698 577 3770 Pachymeres
622 3697 772 3752 inter
804 3697 1239 3752 enumerandas
1286 3698 1401 3751 odii
1437 3696 1738 3769 popularis
1783 3696 1843 3752 in

184 3789 548 3844 Germanum
578 3803 789 3841 causas
805 3802 984 3840 unam
1008 3803 1074 3842 ex
1099 3786 1407 3857 praecipuis
1430 3786 1666 3855 omittit,
1686 3785 1842 3857 quod

184 3877 316 3950 paci
343 3875 738 3932 Ecclesiarum
762 3875 1044 3941 studeret,
1070 3876 1224 3930 unde
1249 3875 1619 3946 postmodum
1643 3875 1713 3928 ab
1736 3875 1844 3929 im-

185 3970 457 4038 peratore
503 3964 750 4019 Romam
793 3964 1024 4035 legatus
1073 3963 1370 4036 negotium
1414 3962 1843 4034 concordiasZibi

187 4054 461 4122 confecit,
511 4059 683 4124 prout
739 4053 947 4108 Noster
988 4059 1185 4107 narrat
1253 4071 1308 4124 p.
1355 4053 1480 4108 384.
1535 4055 1723 4118 Quare
1771 4052 1839 4106 ad

184 4145 298 4200 hoc
320 4149 506 4198 totum
528 4143 1244 4198 conciliationisEcclesias
1265 4147 1470 4197 Graecae
1491 4161 1624 4198 cum
1643 4142 1846 4197 Latina

184 4233 490 4304 negotium
526 4232 611 4287 vel
645 4231 967 4303 plurimum
991 4232 1117 4303 ipse
1145 4233 1409 4288 contulit.
1443 4232 1525 4303 [P.
1550 4233 1673 4302 457]
1697 4232 1841 4286 Nam

183 4328 243 4377 et
276 4323 338 4376 in
364 4321 610 4377 concilio
656 4321 1029 4392 Lugdunensi
1055 4322 1409 4392 comparuit,
1434 4326 1498 4376 ut
1520 4322 1578 4375 in
1603 4322 1728 4391 ejus
1751 4339 1846 4375 sa-

184 4429 298 4468 crae
343 4410 718 4466 cecumenicie
751 4411 958 4482 synodi
1016 4411 1168 4466 Actis
1224 4416 1464 4466 notatur
1511 4429 1636 4467 sess
1668 4415 1845 4466 Porro

186 4506 504 4573 antequam
558 4500 628 4554 ad
673 4499 792 4554 haec
846 4500 1246 4566 adhiberetur,
1293 4501 1628 4556 observerat
1678 4501 1842 4556 vide-

182 4590 323 4645 licet
349 4590 670 4661 imperator
695 4589 1149 4660 propensionem
1181 4591 1309 4660 ejus
1340 4591 1407 4643 ad
1447 4590 1704 4657 Latinos,
1736 4591 1844 4644 ob-

1944 2050 2193 2105 reddens
2237 2050 2533 2122 expressi:
2567 2053 2730 2104 erant
2777 2048 2930 2103 enim
2962 2047 3019 2102 in
3070 2055 3316 2117 ulroque
3365 2046 3585 2115 Optimo

1944 2140 2162 2211 codice,
2209 2141 2345 2196 licet
2375 2157 2441 2195 ea
2473 2140 2811 2206 Vaticanus,
2847 2143 2911 2193 ut
2955 2137 3227 2209 pleraque
3260 2153 3374 2190 non
3410 2134 3585 2189 intel-

1945 2228 2095 2285 lecta
2125 2230 2259 2296 sibi,
2305 2229 2562 2284 transiit.
2596 2229 2876 2283 Caeterum
2907 2228 3090 2282 fateor
3123 2243 3211 2281 me
3241 2225 3396 2280 haud
3438 2225 3585 2278 satis

1947 2320 2241 2392 percipere
2271 2319 2409 2389 quid
2431 2317 2633 2372 velint.
2665 2317 2786 2372 Nisi
2819 2315 2959 2371 forte
2991 2316 3323 2388 significent
3349 2315 3586 2369 Germa-

1948 2426 2088 2463 num
2142 2408 2460 2462 liberaliter
2499 2406 2699 2478 largiri
2763 2406 2999 2461 solitum
3044 2405 3352 2475 egentibus
3401 2420 3468 2457 ex
3516 2403 3587 2456 iis

1949 2514 2078 2568 quae
2126 2499 2182 2551 iu
2217 2513 2423 2552 manus
2461 2500 2517 2551 et
2551 2501 2897 2567 potestatem
2945 2496 3070 2563 ejus
3101 2494 3432 2559 veniebant,
3474 2491 3588 2545 nisi

1947 2587 2088 2642 talia
2120 2591 2316 2641 essent
2349 2603 2474 2656 quae
2508 2585 2879 2657 pecularibus
2906 2601 2973 2638 ex
3004 2583 3200 2638 causis
3230 2583 3480 2636 donasse
3505 2581 3590 2634 in-

1947 2677 2239 2732 vidiosum
2275 2680 2450 2731 esset.
2484 2676 2630 2730 Puta
2651 2675 2698 2728 si
2733 2691 2864 2728 cum
2887 2673 3008 2744 ipse
3029 2673 3339 2743 episcopus
3374 2674 3473 2725 aut
3497 2687 3592 2741 pa-

1949 2767 2206 2822 triarcha
2236 2767 2364 2830 fuit,
2396 2782 2464 2820 ex
2495 2765 2895 2820 oblationibus
2917 2764 2986 2818 ad
3019 2779 3080 2817 se
3110 2761 3320 2816 delatis
3338 2777 3405 2815 ea
3428 2761 3594 2815 daret

1951 2857 2351 2912 consumenda
2381 2857 2535 2912 853
2587 2854 2970 2926 pauperibus,
3012 2870 3135 2922 quae
3189 2851 3286 2922 qui
3317 2850 3593 2906 otIerrent

1953 2947 2206 3017 appendi
2236 2945 2412 2999 tholis
2446 2945 2630 3000 sacris
2664 2950 2763 2998 aut
2794 2943 2850 2997 in
2884 2943 3163 2997 thesauro
3196 2939 3596 2996 ecclesiastico

1954 3036 2175 3091 servari
2205 3035 2550 3102 voluissent,
2586 3033 2831 3089 moleste
2860 3032 3034 3088 laturi
3067 3033 3117 3087 si
3148 3049 3215 3086 ea
3247 3031 3353 3086 teri
3396 3030 3584 3085 mani-

1953 3126 2064 3182 bus
2095 3131 2151 3181 et
2180 3125 2444 3181 consumi
2481 3141 2592 3180 usu
2623 3127 2920 3195 egentium
2951 3122 3239 3178 viderent.

2025 3218 2087 3268 P.
2121 3215 2245 3270 311.
2281 3209 2683 3286 Μαρυανδηνοῦ
2744 3213 3114 3285 Θρηνητῆρος.
3157 3210 3444 3265 Alludunt
3474 3209 3595 3264 haec

1956 3303 2229 3375 adagium
2263 3308 2450 3371 vetus,
2480 3305 2650 3372 cujus
2684 3303 2899 3357 mentio
2922 3303 2986 3356 ﬁt
3015 3318 3183 3356 versu
3216 3300 3322 3354 686
3338 3304 3595 3354 Stroma-

1955 3392 2029 3448 tei
2056 3392 2494 3463 proverbiorum
2518 3393 2896 3463 antiquorum
2921 3391 3072 3461 apud
3097 3390 3382 3444 Andream
3400 3389 3596 3443 Schot-

1951 3487 2076 3536 tum
2110 3486 2378 3536 nostrum
2420 3482 2479 3536 in
2513 3481 2850 3536 collectione
2900 3481 3230 3535 Graecorum
3281 3478 3596 3534 Parmmia-

1953 3576 2202 3627 starum.
2237 3570 2453 3626 Versus
2487 3570 2602 3625 illic
2634 3572 2715 3625 sic
2749 3574 2953 3626 sonat:

2201 3727 2606 3806 Μαρυανδηνῶν
2653 3728 2900 3802 μέμνησο
2942 3727 3344 3804 θρηνητηρίων.

2025 3876 2198 3947 Origo
2232 3877 2376 3931 forte
2408 3876 2598 3948 adagii
2633 3875 2740 3930 fuit
2770 3876 2924 3946 quod
2950 3875 3104 3947 apud
3136 3874 3294 3929 illam
3330 3874 3595 3942 Maryan'

1954 3966 2239 4021 denorum
2265 3973 2496 4035 gentem
2517 3966 2721 4020 funera
2742 3965 3117 4020 ambitiosius
3140 3964 3594 4032 celebrarentur,

1952 4055 2333 4111 maestissimo
2364 4059 2559 4120 cantu,
2590 4055 2754 4110 tibiis
2784 4059 2841 4110 et
2872 4054 2928 4108 id
2953 4071 3139 4125 genus
3166 4054 3402 4124 organis
3426 4053 3598 4107 adhi-

1954 4145 2113 4200 bilis.
2162 4143 2324 4199 Unde
2371 4144 2428 4198 in
2485 4144 2857 4215 proverbium
2909 4143 3162 4198 abierint
3207 4137 3600 4216 Μαρυανδηνὸς

1956 4233 2239 4306 θρηνητήρ
2271 4238 2328 4289 et
2356 4229 2715 4306 Μαρυανδηνὰ
2754 4232 3117 4307 θρηνητήρια.

2025 4327 2106 4376 Ρ.
2154 4323 2280 4377 313.
2329 4322 2627 4377 Athanasio
2676 4322 2896 4377 Audita.
2955 4322 3188 4376 Dixerat
3243 4321 3416 4392 paulo
3467 4325 3602 4376 ante

1956 4411 2110 4466 hunc
2151 4409 2827 4481 fuissefAlexandrinum
2862 4409 3274 4481 patriarcham.
3310 4410 3605 4465 Hic'vide-

1953 4504 2049 4554 tur
2079 4499 2447 4555 successione
2479 4499 2739 4568 Nicolao,
2773 4499 2944 4569 cujus
2977 4499 3193 4554 mentio
3220 4504 3308 4554 est
3337 4498 3468 4553 libri
3499 4499 3602 4554 hu-

1947 4591 2049 4661 jus
2082 4607 2131 4645 c.
2163 4590 2217 4644 9.
2251 4591 2330 4644 Ex
2363 4590 2542 4660 hujus
2582 4590 2794 4661 capitis
2824 4589 3015 4644 verbis
3064 4588 3350 4644 habemus
3382 4589 3601 4660 Pachy-

187 4643 568 4736 servaveir-ant
620 4682 676 4732 et
697 4643 830 4746 lalii‘,
883 4678 983 4749 qui
1037 4643 1254 4734 addicii
1306 4680 1610 4734 schismati
1663 4643 1734 4734 o'b
1786 4679 1842 4733 id
1879 4643 2102 4734 D‘ineri
2161 4643 2464 4751 adyxpovo;
2517 4682 2574 4733 et
2634 4643 2982 4733 familiarem
3044 4677 3224 4733 fuisse
3283 4643 3600 4748 quemdam

186 4771 387 4841 ipsum
421 4785 552 4823 cum
585 4767 841 4838 pessime
866 4768 1110 4822 oderant
1133 4773 1188 4823 et
1218 4769 1406 4824 eidem
1433 4774 1636 4841 postea
1664 4769 1849 4839 impu-

185 4863 396 4914 tarunt
416 4857 703 4929 quidquid
739 4857 794 4910 in
823 4856 930 4912 hoc
954 4873 1159 4927 genere
1181 4863 1380 4913 contra
1422 4874 1622 4913 eorum
1646 4863 1844 4914 votum

185 4949 456 5021 contigit.
487 4949 831 5014 Anonymus
863 4947 1142 5018 ineditus,
1180 4949 1348 5019 cujus
1382 4949 1711 5019 exemplum
1746 4965 1844 5004 ex-

182 5043 309 5095 stat
341 5037 493 5110 apud
521 5035 606 5090 ill.
665 5035 951 5090 Allatium
985 5036 1043 5090 in
1079 5052 1252 5108 Opere
1284 5038 1358 5093 De
1385 5038 1846 5093 translationibus

179 5131 592 5200 episcoporum,
650 5124 863 5196 spiritu
925 5125 1300 5182 schismatico
1361 5132 1662 5193 aestuans,
1726 5127 1845 5183 haec

181 5217 426 5274 scribit:
467 5215 527 5271 '0
552 5211 1063 5288 Ἀδριανουπὸλεως
1113 5215 1407 5291 Γερμανός,
1449 5217 1474 5269 ὁ
1526 5217 1843 5285 ἐπικληθεὶς

183 5306 594 5380 Μαλχουτζᾶς,
655 5304 715 5366 ’ὸς
773 5304 860 5357 καὶ
924 5303 1267 5381 λατινὸφρων
1323 5306 1508 5382 γέγονε
1563 5305 1650 5359 καὶ
1707 5307 1847 5360 κατὰ

179 5402 294 5454 τῶν
343 5389 578 5450 εὐσεϐῶν
619 5391 862 5466 διωγμὸν
917 5391 1133 5464 ἐκίνησε
1186 5396 1372 5470 μέγαν.
1422 5397 1845 5469 AdrianOpoleos

187 5488 512 5554 Germanus,
553 5491 921 5557 cognomento
973 5485 1328 5557 Malchutms,
1361 5489 1456 5559 qui
1484 5492 1534 5542 et
1563 5504 1687 5542 cum
1735 5488 1844 5542 La-

185 5579 330 5636 tinis
373 5575 545 5632 sensit
575 5577 625 5631 et
650 5581 852 5630 contra
875 5577 998 5646 pios
1037 5580 1243 5648 (immo
1277 5578 1490 5649 impios
1512 5577 1847 5633 schismati-

187 5673 316 5736 cos)
346 5666 786 5739 persecutionem
815 5669 982 5719 movit
1015 5682 1290 5737 magnam.

264 5759 328 5816 Ρ.
357 5758 465 5815 282
513 5754 778 5816 Germani
825 5753 1078 5812 alterius.
1115 5755 1244 5813 Fuit
1286 5755 1382 5813 hio
1412 5762 1566 5814 retro
1599 5755 1846 5828 quintus

1954 4768 2345 4823 Athanasium
2381 4767 2770 4840 patriarcbam
2802 4767 3260 4823 Alexandrinum
3293 4811 3308 4837 ,
3342 4768 3442 4838 qui
3475 4783 3604 4822 sine

1958 4858 2136 4913 dubio
2172 4858 2222 4913 is
2273 4857 2448 4912 fuerit
2480 4858 2650 4928 cujus
2685 4858 2917 4912 hortatu
2950 4874 3011 4913 se
3062 4857 3446 4929 Pachymercs
3478 4856 3602 4928 ipse

1957 4948 2280 5020 profitetur,
2317 4948 2374 5002 in
2423 4947 2597 5002 titulo
2631 4947 3007 5019 paraphrasis
3052 4964 3170 5002 suae
3203 4947 3272 5002 ad
3323 4946 3602 5018 epistolas

1957 5037 2215 5109 Dionysii
2237 5036 2620 5109 Areopagitas.
2650 5036 2733 5108 [P.
2766 5038 2910 5106 458],
2932 5054 3080 5108 opus
3103 5037 3244 5091 illud
3272 5053 3599 5109 sgressum.

1959 5127 2071 5182 Hoc
2121 5127 2252 5182 ideo
2286 5126 2509 5195 monui,
2560 5126 2694 5197 quia
2753 5129 2919 5183 video
2967 5135 3230 5183 nostrum
3280 5127 3597 5182 Antonium

1954 5216 2335 5273 Possevinum
2359 5217 2694 5288 putasseibi
2725 5218 3014 5273 nominari
3043 5235 3320 5290 magnum
3347 5219 3602 5273 Athana-

1956 5307 2144 5374 sium;
2180 5308 2250 5361 de
2283 5323 2397 5377 quo
2430 5307 2476 5361 si
2511 5311 2800 5378 ageretur,
2827 5307 3231 5376 rectejuberet
3254 5307 3604 5363 Possevinus

1955 5396 2137 5452 deleri
2170 5397 2330 5452 illam
2372 5396 2815 5469 inscriptionem
2849 5399 3305 5452 ut'mendacem.

2031 5492 2085 5542 P.
2115 5488 2239 5544 314.
2287 5487 2344 5542 Si
2381 5486 2486 5542 hoc
2537 5487 2726 5558 capite
2758 5492 2815 5542 et
2862 5487 2999 5542 alibi
3050 5487 3159 5542 hoc
3209 5487 3358 5542 libro
3410 5492 3606 5543 noster

1954 5575 2274 5632 historicus
2304 5593 2513 5648 parum
2548 5583 2878 5632 reverenter
2902 5577 3164 5650 loquitur
3192 5578 3263 5633 de
3294 5578 3599 5634 monachis

1951 5668 2188 5733 Graecis,
2223 5667 2513 5723 offendere
2556 5666 2910 5723 catholicum
2954 5668 3226 5724 lectorem
3258 5686 3375 5724 non
3407 5669 3600 5734 debet,

1954 5773 2090 5815 cum
2118 5759 2158 5814 li
2188 5757 2455 5832 plerique
2486 5755 2849 5814 sobismatici
2880 5759 3100 5817 fuerint
3127 5765 3185 5816 et
3203 5759 3477 5818 Romanis
3502 5762 3601 5818 Ec-
