4248 6438
691 359 830 414 1115

1736 373 1797 424 P.
1841 372 2116 428 POBSINI
2152 373 2760 433 OBSERVATIONUM
2799 380 2934 434 LIB.
2974 383 3048 434 II.

3959 385 4096 441 1116

694 482 883 580 cissies
917 484 1240 580 Latinoque
1269 489 1495 580 nomini
1516 491 1932 560 infensissimi,
1963 512 2113 567 quos
2144 497 2336 568 potius
2366 499 2419 566 Α
2449 499 2586 570 ejus.
2619 501 2908 572 Respondit
2927 503 3024 559 ille
3052 505 3394 575 imperatori,
3417 527 3445 554 ‹‹
3467 505 3582 562 Non
3610 525 3858 579 agnosco.
3886 509 4102 580 Siquid

689 589 723 627 a
754 573 953 629 Greco
1004 579 1060 629 et
1101 575 1479 634 schismatici
1527 582 1810 653 scriptore
1855 589 1921 639 ut
1969 584 2341 641 turbulentos
2449 603 2575 643 vero
2624 595 3010 660 argumentari
3055 573 3472 664 etlconjectura
3517 573 3781 668 persequi
3826 573 3996 652 datur
4034 615 4103 653 ex

692 665 749 714 et
781 668 1160 720 contumaces
1202 668 1453 734 traduci,
1492 686 1594 739 pro
1627 671 1962 727 testimonio
2011 690 2200 728 causa
2242 690 2336 728 or-

691 750 955 806 thodoxze
998 753 1227 810 favente
1249 757 1655 828 accipiendum
1688 765 1796 815 est.

2454 675 2569 732 loco
2596 680 2654 732 in
2684 696 2788 749 quo
2836 681 3100 749 considet,
3133 684 3388 753 princeps
3430 693 3508 738 est
3534 687 3623 738 tui
3660 690 3840 742 sancti
3870 689 4103 757 imperii

2448 764 2749 822 honoribus
2802 769 3106 825 decoratus.
3140 774 3205 825 At
3233 773 3463 841 quinam
3487 774 3585 828 ille
3612 774 3685 828 sit
3731 776 3980 830 nondum
4011 793 4101 830 ca-

761 881 824 931 p.
893 879 1016 933 316‘
1084 880 1314 949 Georgio
1375 885 1735 954 Acropolilz.
1800 886 2095 941 Habemus
2154 889 2334 957 hujus
2442 854 3282 957 pio.n‘Respondi'timperator,
3323 861 3544 957 «Filius
3568 867 3816 957 tuusest,
3841 864 4102 919 dominus

689 968 1074 1022 eruditissimi
1093 971 1198 1023 viri
1223 970 1527 1027 historiam
1553 978 1606 1028 et
1637 975 1952 1030 chronicon
1978 993 1992 1042 ;
2022 976 2243 1031 scimus
2267 993 2336 1033 ex

687 1055 819 1110 aliis
852 1056 1037 1112 multa
1066 1060 1135 1113 de
1168 1061 1296 1130 ejus
1325 1061 1445 1116 vita
1474 1069 1528 1116 et
1560 1065 1732 1118 rebus
1764 1065 1966 1134 gestis,
2000 1082 2105 1120 nec
2134 1071 2331 1121 tamen

687 1145 918 1215 uspiam
963 1146 1291 1203 invenimus
1335 1148 1609 1206 idoneum
1662 1152 2113 1208 fundamentum
2161 1153 2331 1210 illum

683 1232 1104 1292 insimulandis
1134 1235 1373 1293 laxioris
1418 1241 1810 1296 conscientiae.
1845 1245 2033 1306 Quare
2065 1245 2335 1314 suspicor

683 1338 750 1377 ex
783 1323 916 1379 odio
947 1325 1004 1379 in
1039 1343 1172 1381 cum
1224 1327 1738 1386 schismaticcrum
1788 1332 1938 1386 hanc
1970 1331 2327 1387 calumniam

2452 945 2753 1001 Theodorus
2803 964 3032 1018 magnus
3080 950 3271 1017 legota.
3320 973 3348 999 n
3396 950 3613 1017 Abiecta
3659 955 3810 1008 omni
3855 963 4082 1007 cuncta-

2444 1033 2595 1087 tione
2622 1034 2775 1102 ﬁlius
2808 1053 3104 1106 assurgens
3134 1038 3347 1094 nudato
3374 1042 3554 1108 capite
3579 1047 3796 1108 patrem
3828 1043 4093 1114 aggredi-

2443 1125 2556 1186 tur,
2590 1129 2640 1176 et
2663 1124 2897 1178 salutem
2927 1126 3072 1180 ultro
3094 1128 3338 1198 citroque
3365 1131 3522 1196 pater
3541 1137 3592 1182 et
3615 1128 3772 1196 ﬁlius
3798 1131 3915 1185 sibi
3937 1130 4104 1184 dede-

2443 1220 2595 1265 runt.
2648 1212 2778 1266 Tum
2797 1229 2999 1268 rursus
3042 1218 3344 1285 imperator
3381 1218 3686 1272 orationem
3731 1218 3802 1272 ad
3845 1234 3975 1272 eum
4019 1219 4102 1272 di-

2441 1300 2588 1354 rexit
2621 1317 2633 1356 :
2669 1324 2697 1350 «
2731 1303 2926 1372 Magne
2945 1304 3232 1372 logothela.
3259 1321 3343 1360 res
3366 1305 3447 1360 ita
3467 1307 3784 1361 ceciderunt
3803 1315 4101 1378 coegerunt

685 1418 904 1467 natam.
934 1415 1076 1469 Cum
1110 1417 1266 1471 enim
1302 1416 1396 1472 ille
1424 1417 1597 1474 homo
1631 1422 1998 1490 pereruditus
2014 1426 2070 1476 et
2102 1421 2241 1477 recti
2265 1437 2332 1476 ac
2441 1405 2544 1490 aue
2572 1391 2768 1490 alii“
2944 1395 3129 1490 “is?”
3160 1395 3221 1490 li"
3252 1397 4093 1490 magﬂumralllmevadenm'

689 1501 856 1556 liberi
892 1503 1106 1574 judicii
1138 1522 1205 1559 ex
1235 1507 1483 1562 lectione
1525 1508 1759 1563 Patrum
1805 1513 2088 1576 veterum,
2141 1511 2224 1564 uti
2274 1516 2329 1566 et

2442 1477 2621 1544 Quare
2646 1479 2729 1548 [P.
2779 1479 2902 1550 459]
2936 1482 3096 1536 modo
3124 1485 3302 1536 visum
3331 1487 3410 1537 est
3438 1482 3587 1537 mihi
3635 1487 3685 1538 et
3715 1483 3861 1539 hisce
3906 1501 4096 1539 rerum

683 1567 926 1660 Vaccus,
959 1595 1299 1665 agnovisset
1329 1612 1567 1651 causam
1613 1597 1974 1666 Latinorum,
2005 1567 2154 1669 quos
2203 1599 2328 1654 sine
2437 1567 2913 1669 9,“””"“’°""’“3'
3076 1581 3124 1669 ίῗ
3169 1570 3275 1626 huc
3323 1571 3633 1669 ,αάάυςίυῃ
3665 1572 4100 1669 ,αίίθῗῗίενεηωῗ

683 1697 861 1735 causa
895 1683 986 1736 Sui
1033 1683 1214 1738 (ἓνωοί
1247 1691 1676 1751 aversarentur,
1710 1688 2022 1755 justiorem
2056 1704 2205 1754 esse,
2243 1689 2325 1743 uti

679 1772 736 1822 et
757 1769 930 1823 fidem
957 1771 1109 1824 circa
1131 1773 1346 1842 dogma
1367 1774 1436 1827 de
1461 1775 1645 1827 sancti
1679 1775 1929 1845 Spiritus
1950 1793 2016 1831 ex
2052 1776 2213 1831 Patre
2237 1777 2326 1830 Fi-

2438 1655 2502 1709 de
2540 1671 2604 1710 ea
2648 1673 2706 1711 re
2737 1672 2862 1727 quae
2895 1659 3052 1713 nobis
3092 1659 3231 1714 bona
3276 1664 3438 1731 atque
3490 1661 3717 1716 honesta
3767 1662 4014 1728 videtur,
4047 1666 4097 1718 si

2438 1750 2626 1800 tamen
2657 1755 2752 1800 tua
2797 1748 3048 1803 voluntas
3076 1765 3185 1804 non
3236 1750 3431 1804 abnuit
3461 1766 3558 1804 nos
3605 1751 3820 1817 audire,
3874 1757 3935 1806 ut
3983 1770 4098 1806 una

689 1855 885 1927 lioque
932 1838 1301 1928 processidne
1337 1838 1760 1927 orthodoxum-,
1811 1868 1970 1919 totus
2014 1866 2111 1932 ex‘;
2131 1865 2329 1920 animo
2362 1879 2407 1945 Β
2658 1838 3114 1945 fleui???“
3147 1839 3430 1945 Ἶθὺίδίξίξφ
3469 1839 3778 1945 ,θῗῗῗκῆίαδ
3808 1842 3964 1894 Circa
3995 1842 4094 1945 δί’

681 1945 981 2002 incubruit
1013 1949 1070 2002 in
1107 1951 1402 2019 negotium
1436 1952 1814 2007 conficiendas
1847 1953 2006 2023 pacis
2038 1953 2322 2008 Ecclesia-

683 2052 838 2100 rum,
891 2037 1122 2093 fidelem
1157 2039 1216 2093 in
1249 2055 1315 2094 eo
1348 2057 1412 2094 ac
1440 2057 1554 2095 non
1591 2059 1799 2113 parum
1835 2042 2038 2097 utilem
2086 2059 2324 2114 cperam

683 2124 1027 2196 imperatori
1060 2145 1299 2184 navans.
1336 2129 1442 2193 Qui
1475 2135 1533 2185 et
1562 2131 1619 2184 in
1653 2129 1902 2186 solemni
1934 2131 2219 2202 legatione
2253 2134 2324 2188 ad

670 2215 1013 2287 Gregorium
1035 2218 1079 2272 Χ
1104 2237 1314 2291 papam
1340 2237 1472 2276 eum
1499 2222 1651 2276 inter
1667 2221 1974 2277 saeculares
1997 2222 2323 2294 principem

677 2304 857 2375 misit,
907 2313 969 2361 ut
1001 2308 1383 2380 Pacbymeres
1433 2311 1622 2376 docet,
1660 2327 1716 2381 p.
1771 2311 1895 2376 384,
1943 2315 2001 2366 et
2050 2313 2322 2366 eumdem

673 2410 809 2452 cum
833 2411 900 2450 ex
932 2399 1268 2467 patriarcha
1300 2401 1588 2455 Germano
1619 2416 1956 2472 comparere
1984 2400 2108 2455 vice
2138 2402 2228 2456 sui
2263 2403 2321 2457 in

673 2483 1054 2556 Lugdunensi
1103 2489 1348 2543 concilio
1373 2488 1584 2554 voluit,
1619 2495 1683 2543 ut
1713 2506 1781 2544 ex
1827 2489 1988 2544 Actis
2019 2490 2148 2560 ejus
2181 2506 2321 2544 con-

660 2573 781 2628 cilii
815 2591 963 2630 sese.
998 2577 1030 2630 4
1062 2582 1312 2655 constat.
1339 2578 1487 2633 Hinc
1518 2577 1790 2655 videlicet
1819 2595 2028 2634 exosus
2052 2578 2146 2634 hic
2165 2579 2318 2634 schi-

669 2663 932 2719 smaticis
965 2682 1082 2721 non
1116 2654 1288 2722 modo
1310 2666 1702 2722 contumelias
1735 2654 1807 2722 ab
1831 2669 1924 2734 iis,
1945 2670 2044 2723 sed
2062 2668 2316 2724 vexatio-

671 2768 776 2806 nes
808 2753 982 2808 etiam
1026 2755 1412 2827 gravissimas
1441 2761 1530 2811 est
1575 2774 1809 2827 passus,
1842 2761 1975 2828 post
2017 2757 2317 2812 Michaelis

670 2841 826 2896 654
873 2841 1178 2915 Paleologi
1213 2850 1460 2901 mortem
1502 2845 1955 2916 praevalentibus
1997 2847 2149 2917 apud
2200 2852 2319 2900 An-

670 2929 979 2986 dronicum
1012 2932 1263 2988 infensis
1296 2934 1445 3006 paci.
1478 2935 1583 2998 Qui
1620 2944 1932 3006 postquam
1963 2951 2088 2990 eam
2121 2934 2316 2990 abillo

668 3020 1067 3092 abrogandam
1102 3023 1685 3096 abrumpendamque
1718 3029 2018 3092 curarunt,
2051 3025 2229 3079 etiam
2262 3024 2315 3080 ei

660 3117 978 3166 suaserunt
1029 3117 1094 3166 ut
1122 3112 1542 3183 Acropolitam,
1579 3130 1765 3169 unum
1798 3130 1867 3169 ex
1913 3113 2313 3169 columinibus

662 3198 963 3255 catholica:
1011 3201 1217 3272 partis,
1252 3202 1311 3257 in
1345 3191 1635 3257 carcerem
1676 3202 1969 3257 conderet.
2003 3203 2178 3258 Istam
2215 3202 2311 3258 ille

659 3287 932 3357 injuriam
972 3306 1148 3361 quam
1185 3291 1316 3345 forti
1349 3291 1568 3357 animo,
1592 3307 1770 3362 quam
1796 3292 2015 3348 invicta
2044 3297 2314 3348 constan-

658 3379 740 3433 tia
779 3377 1013 3445 tulerit,
1047 3380 1216 3434 docet
1245 3380 1494 3452 epistola
1525 3380 1805 3436 Demetrii
1841 3381 2044 3436 Raulis
2071 3381 2314 3437 Cabacis

664 3467 734 3523 ad
770 3467 958 3524 lilium
994 3469 1323 3525 Manuelem
1356 3473 1569 3539 Greece,
1601 3470 1701 3525 sed
1735 3469 1886 3540 stylo
1915 3470 2315 3527 semibarbaro

658 3557 897 3628 scripta,
931 3575 999 3613 ex
1050 3575 1167 3630 qua
1200 3576 1388 3630 nuper
1417 3559 1577 3614 edita
1605 3560 1678 3615 ab
1709 3558 1795 3615 ill.
1838 3559 2071 3626 Allatio,
2100 3559 2178 3629 (in
2211 3561 2312 3616 do-

654 3646 920 3703 ctissime
969 3663 1142 3719 opere
1189 3648 1678 3704 Exercitationum
1738 3651 1800 3704 in
1858 3649 2267 3721 Creyghtonum
2294 3690 2309 3720 ,

655 3752 712 3808 p.
759 3736 866 3792 6l6
898 3744 952 3792 el
983 3737 1136 3808 seq.)
1167 3737 1424 3794 auctoris
1471 3737 1686 3803 verbis,
1720 3742 1786 3793 ut
1827 3739 1900 3794 ab
1929 3739 2133 3794 eodem
2183 3739 2309 3794 viro

653 3841 869 3897 magno
903 3827 1106 3882 Latine
1137 3827 1490 3891 redduntur.
1524 3827 1773 3883 referam
1801 3826 1975 3899 plane
2005 3827 2309 3884 heroicum

652 3915 832 3987 hujus
864 3915 969 3970 viri
1004 3916 1250 3985 factum,
1283 3933 1400 3988 quo
1434 3917 1671 3972 abunde
1703 3917 2054 3989 purgabitur
2082 3917 2308 3973 calum-

656 4005 755 4059 nia
786 4004 879 4060 hic
909 4009 966 4060 et
993 4006 1249 4077 impacta
1278 4005 1546 4062 laxitoris
1575 4006 1969 4062 conscientiae.
2003 4007 2098 4062 Sic
2129 4005 2310 4078 igitur

656 4093 776 4151 ait:
809 4095 939 4151 Post
985 4095 1187 4151 multos
1235 4095 1447 4168 elapsos
1491 4111 1684 4162 annos,
1737 4112 1862 4152 cum
1899 4095 2084 4152 adhuc
2121 4098 2309 4152 senior

650 4184 957 4258 (Georgius
983 4185 1320 4257 Acropolita
1352 4185 1445 4242 hic
1477 4187 1700 4258 noster)
1726 4186 1786 4242 in
1819 4187 1990 4242 exilio
2018 4191 2068 4242 et
2089 4203 2306 4243 carcere

647 4274 990 4344 perduraret
1018 4292 1186 4332 causa
1215 4276 1509 4346 legationis
1531 4279 1755 4348 propter
1773 4278 2036 4333 unionem
2065 4292 2193 4332 cum
2210 4294 2303 4333 ca-

647 4364 856 4421 tholica
885 4364 1152 4433 Ecclesia,
1187 4365 1494 4438 alloquitur
1532 4367 1833 4438 imperator
1861 4366 1924 4421 D.
1957 4366 2304 4423 Andronicus

643 4451 825 4525 ﬁlium
847 4453 1013 4510 illius
1031 4464 1367 4526 exterasque
1376 4458 1602 4511 senatus
1629 4457 1934 4528 principes,
1949 4459 2078 4511 ante
2088 4472 2216 4511 eum
2239 4458 2300 4511 in

644 4544 874 4600 consilio
887 4545 1219 4602 assidentes.
1253 4567 1282 4596 α
1299 4544 1611 4616 Principes,
1627 4545 1915 4600 videturne
1928 4545 2075 4600 vobis
2099 4545 2294 4600 bonum

2436 1923 2622 1980 etesia
2650 1924 2902 1980 dissidia.
2939 1928 3044 1980 Hoc
3080 1927 3229 1980 enim
3261 1926 3401 1981 mihi
3429 1931 3481 1981 et
3510 1929 3627 1996 ﬁlio
3657 1938 3756 1982 tuo
3805 1946 4013 1997 magno
4051 1931 4098 1984 lo

2434 2012 2670 2080 gothetse
2720 2013 2919 2068 bonum
2970 2019 3264 2084 reputatur
3293 2021 3344 2070 et
3376 2018 3594 2082 decens,
3627 2027 3686 2072 ut
3719 2017 3874 2072 nobis
3907 2020 4092 2072 obtem

2435 2117 2590 2170 peres
2617 2104 2864 2157 omniaet
2882 2105 3114 2159 vulnera
3143 2121 3207 2159 ac
3235 2105 3435 2174 tristia,
3465 2120 3585 2175 quae
3611 2108 3933 2161 necessitate
3955 2116 4099 2161 tem-

2433 2191 2583 2259 poris
2614 2190 2673 2245 in
2702 2200 2755 2246 te
2794 2191 2898 2246 illa
2935 2198 3078 2262 suat,
3107 2195 3447 2248 sanabimns.
3484 2216 3512 2243 ››
3545 2194 3652 2250 Hic
3679 2211 3846 2265 porro
3878 2196 3952 2250 ad
3987 2198 4095 2249 im-

2433 2288 2745 2350 peratorem
2779 2280 2861 2335 ita
2890 2284 3139 2352 effatur:
3184 2306 3211 2332 ‹‹
3247 2283 3449 2338 Sancte
3476 2283 3713 2343 domine.
3751 2301 4101 2355 quaecunque

2433 2368 2589 2423 adme
2617 2369 2922 2425 enuntiasti
2937 2374 3174 2442 percepi.
3211 2374 3410 2427 Verum
3428 2389 3574 2426 nunc
3598 2373 3898 2444 respondeo
3930 2380 3986 2427 et
4008 2391 4096 2429 re-

2429 2459 2547 2527 fero
2571 2459 2714 2529 quod
2743 2461 2955 2527 mihiin
2972 2463 3158 2516 animo
3170 2463 3346 2531 ﬁxum
3357 2465 3455 2517 est.
3474 2463 3684 2517 lustius
3703 2466 3841 2516 estet
3867 2466 4093 2533 aequius

2430 2551 2492 2600 ut
2521 2553 2711 2602 sancta
2750 2549 2900 2606 055
2935 2549 3090 2620 regia
3121 2555 3216 2605 tua
3247 2552 3507 2620 majestas
3537 2551 3647 2606 mei
3669 2551 3885 2606 domini
3908 2554 4092 2623 impc-

2429 2636 2636 2690 ratoris
2647 2636 2823 2706 patris
2838 2640 2924 2692 tui
2938 2640 3279 2694 sententiam
3291 2641 3674 2711 subsequatur,
3693 2647 3743 2695 el
3754 2641 3912 2708 ﬁlius
3930 2659 4090 2696 meus

2427 2723 2682 2780 dominus
2733 2726 3034 2782 Theodorus
3065 2745 3266 2792 meam,
3299 2746 3464 2800 quam
3513 2746 3610 2784 nos
3653 2739 3977 2784 vestram.»
4031 2733 4090 2785 Et

2427 2813 2573 2868 nihil
2612 2815 2764 2870 ultra
2802 2817 3012 2871 retulit.
3037 2817 3140 2872 Sed
3169 2834 3268 2872 nec
3296 2820 3393 2888 qui
3421 2817 3773 2888 imperatoris
3803 2828 3979 2874 nutus
4010 2837 4090 2875 se-

2425 2902 2747 2960 cundabant
2768 2904 3075 2976 principes,
3108 2923 3208 2963 nec
3240 2909 3351 2978 ipse
3381 2907 3691 2978 imperator
3719 2909 3950 2962 verbum
3988 2926 4087 2964 ea:-

2420 2993 2638 3062 pressit,
2663 2993 2907 3064 justitia,
2931 2995 3176 3062 ratione,
3193 2999 3557 3067 generositate
3571 3001 3623 3051 et
3641 2997 4077 3066 magniﬁcentia

2423 3079 2484 3134 in
2506 3081 2761 3136 ruborem
2791 3083 3006 3153 suﬂusi,
3023 3086 3211 3139 omnia
3232 3085 3530 3156 sequidem,
3549 3084 3844 3140 dummodo
3854 3087 4083 3156 justum

2420 3185 2490 3225 ac
2537 3170 2735 3226 decens
2759 3171 2980 3227 salvum
3011 3177 3166 3238 esset,
3211 3173 3365 3229 nihil
3411 3175 3717 3244 reputabat.
3771 3175 3901 3229 Haec
3936 3176 4064 3231 ibi:

2343 3256 2387 3322 C
2426 3274 2551 3328 qum
2584 3259 2776 3314 videat
2805 3260 3105 3330 etjudicet
3135 3278 3339 3332 aequus
3375 3260 3558 3316 lector
3580 3279 3652 3316 an
3678 3262 3797 3317 sint
3817 3263 4086 3319 hominis

2424 3346 2900 3419 κατημελημένως
2922 3352 3029 3401 τῶν
3066 3346 3143 3409 εἷς
3173 3345 3477 3418 συνείδησις
3501 3345 3748 3424 ἔχοντος,
3779 3353 4091 3406 minimum

2421 3438 2580 3508 pensi
2607 3438 2856 3494 habentis
2884 3441 2942 3494 in
2981 3439 3149 3494 rebus
3178 3441 3434 3510 gerendis
3464 3441 3596 3511 quid
3623 3441 3716 3512 fas
3745 3445 3796 3496 et
3827 3442 4087 3510 ofﬁcium

2421 3532 2670 3582 moneret
2692 3528 2848 3598 quod
2883 3528 3030 3584 falso
3050 3528 3324 3585 videlicet
3354 3529 3404 3585 ei
3441 3530 3652 3586 Noster
3682 3530 3941 3601 imponit
3972 3531 4081 3586 hoc

2421 3614 2571 3673 loco.
2601 3618 2711 3672 Sed
2744 3633 2817 3672 ne
2847 3618 3102 3690 cuipiam
3134 3620 3445 3674 videamur
3473 3619 3849 3690 suspiciosus
3882 3623 4080 3692 ageris

2420 3721 2554 3761 cum
2586 3706 2964 3778 Pachymerc,
2997 3707 3098 3778 qui
3131 3707 3285 3780 quod
3317 3707 3465 3763 alias
3513 3709 3703 3763 fuerat
3734 3713 3945 3764 notare
3977 3727 4086 3781 pa-

2417 3794 2618 3864 tuerit,
2653 3811 2789 3850 cum
2819 3795 3136 3851 mutabiles
3166 3797 3288 3851 sint
3318 3813 3511 3852 mores
3543 3797 3880 3864 hominum,
3915 3799 4079 3853 dica-

2419 3899 2551 3938 mus
2582 3901 2744 3954 sane,
2777 3884 2827 3939 si
2859 3885 3249 3956 negligentior
3278 3886 3574 3941 rationum
3599 3886 3775 3941 ofﬁcii
3800 3887 3947 3941 vixit
3981 3905 4083 3941 un-

2417 3989 2596 4044 quam
2625 3973 2908 4046 Georgius
2937 3974 3294 4046 Acrcpolita,
3319 3979 3443 4030 tum
3471 3991 3710 4031 necesse
3732 3983 3822 4031 est
3848 3976 3902 4030 id
3931 3977 4080 4032 fuis-

2415 4077 2478 4117 se
2509 4064 2748 4133 quando
2774 4062 3045 4119 addictus
3068 4063 3257 4119 adhuc
3290 4063 3599 4120 schismati
3620 4065 3966 4120 adhaerebat
3983 4082 4076 4120 er-

2415 4153 2650 4208 roribus
2679 4154 3009 4208 Graecorum
3048 4170 3061 4208 :
3093 4160 3291 4223 postea
3321 4154 3560 4224 quidem
3585 4171 3761 4225 quam
3796 4153 4075 4210 Ecclesiae

2414 4241 2633 4298 Latinae
2674 4242 3091 4300 reconciliatus
3139 4247 3249 4309 est,
3281 4247 3513 4300 tantum
3547 4244 3868 4315 profecisse
3898 4244 4073 4299 illum

2411 4337 2656 4404 apparet
2699 4336 2764 4388 ut
2793 4331 3029 4389 culmen
3080 4333 3276 4406 ipsum
3310 4332 3648 4404 apostolica)
3689 4332 4075 4402 perfectionis

2411 4421 2679 4494 attigisse
2710 4423 2998 4478 videatur.

2481 4546 2541 4602 P.
2574 4546 2700 4602 317.
2755 4546 2996 4601 Eudoeia
3023 4561 3228 4618 magno
3267 4546 3416 4617 apud
3445 4545 3642 4602 urbem
3692 4545 3920 4602 domino
3953 4547 4070 4602 elo-

646 4641 707 4690 ut
735 4651 1007 4706 magnum
1053 4634 1387 4707 logothetam
1434 4635 1539 4690 huc
1564 4634 1866 4691 adductum
1909 4638 2299 4705 pertentemus,
2329 4625 2378 4690 Ι)
2407 4639 2533 4691 cata
2561 4645 2637 4692 est
2691 4635 2832 4699 Quis
2859 4637 2968 4692 iste
3001 4651 3252 4708 magnus
3283 4635 3562 4691 dominus
3592 4637 3651 4690 in
3689 4636 3834 4691 urbe
3856 4635 3883 4690 ?
3916 4635 4075 4691 Infe-

645 4741 717 4780 an
744 4726 1036 4781 nobiscum
1055 4727 1350 4782 conveniat
1363 4727 1390 4779 γ
1413 4729 1535 4798 post
1553 4729 1630 4782 tot
1657 4725 1895 4781 carceris
1915 4724 2174 4781 eiexsilii
2193 4743 2296 4781 an-

642 4829 742 4870 nos
770 4818 914 4885 forte
942 4814 1107 4870 nobis
1136 4815 1549 4887 obtemperabit,
1581 4819 1632 4871 et
1662 4816 1971 4887 conjunctis
2009 4814 2298 4871 sententiis

641 4903 928 4960 nobiscum
975 4905 1223 4960 concinet
1271 4906 1334 4959 in
1373 4903 1478 4960 hoc
1516 4905 1894 4960 Ecclesiarum
1939 4902 2193 4960 discidio.
2243 4907 2297 4960 et

636 4993 840 5049 vitabit
863 5010 1055 5049 rerum
1075 4993 1436 5066 asperitatem
1455 4997 1507 5050 et
1527 4994 1673 5065 quod
1687 5000 1770 5050 ter
1792 4995 1952 5050 tanto
1970 4993 2172 5048 melius
2191 5002 2292 5061 est,

634 5083 893 5140 libertate
921 5085 1260 5156 perfruetur,
1291 5093 1346 5140 et
1373 5083 1750 5139 addecentiori
1775 5099 1923 5140 cura
1952 5082 2118 5138 illius
2142 5083 2292 5138 vale-

635 5173 821 5230 tudini
852 5173 1264 5244 indulgebitur.
1299 5195 1328 5223 »
1375 5172 1571 5229 Omnes
1609 5188 1721 5230 uno
1751 5188 1845 5229 ore
1873 5172 2290 5245 responderunt,

640 5285 668 5314 «
702 5266 1043 5335 Bonumest,
1073 5265 1314 5332 domine,
1347 5267 1398 5319 et
1440 5262 1783 5319 exsecutioni
1828 5263 2139 5319 mandetur.
2171 5266 2291 5319 Imo

631 5355 793 5427 jussa
822 5364 922 5411 tua
948 5355 1100 5410 nulli
1125 5356 1296 5410 noxia
1325 5357 1475 5408 sunt.
1510 5375 1540 5403 »
1569 5352 1660 5408 Sic
1687 5351 1875 5424 itaque
1908 5368 2032 5407 cum
2061 5367 2289 5424 respon-

636 5445 864 5514 dissent,
913 5448 1218 5516 imperator
1246 5443 1539 5500 mandavit
1569 5445 1632 5497 ut
1681 5441 2048 5498 adduceretur
2075 5460 2090 5510 ;
2122 5457 2291 5514 eoque

631 5543 918 5607 prasente.
949 5538 1010 5590 ut
1038 5533 1232 5590 mitius
1260 5534 1551 5603 negotium
1578 5531 1991 5604 disponeretur,
2009 5534 2094 5589 sic
2123 5547 2287 5588 exor-

627 5642 723 5681 sus
749 5629 832 5682 est
859 5626 1168 5682 orationem
1195 5625 1503 5696 imperator
1523 5639 1543 5679 :
1569 5644 1591 5672 ι
1620 5621 1952 5693 Agnoscisne
1978 5620 2287 5694 principem

628 5715 821 5788 illum,
851 5717 1110 5790 quisnam
1127 5712 1233 5772 ille
1259 5714 1331 5772 sit
1350 5712 1379 5770 γ
1409 5733 1440 5766 α
1461 5711 1531 5769 Et
1545 5710 1733 5783 digito
1749 5709 2084 5769 monstravit
2099 5710 2286 5785 ﬁlium

2409 4726 2552 4793 rius,
2587 4741 2644 4797 p.
2698 4726 2823 4792 328,
2857 4725 3140 4780 scribitur
3188 4725 3259 4780 de
3289 4725 3518 4780 Joanne
3551 4725 3720 4793 duce,
3768 4741 3906 4780 cum
3962 4727 4067 4782 ob-

2407 4830 2642 4870 sessum
2673 4813 2733 4870 in
2762 4814 2907 4869 urbe
2942 4813 3034 4868 cui
3067 4830 3281 4869 nomen
3315 4818 3516 4883 Patris,
3551 4831 3685 4870 cum
3737 4819 3914 4868 noctu
3954 4831 4058 4869 au-

2407 4903 2651 4975 fugisset
2695 4903 2926 4960 venisse
2954 4903 3210 4972 Tbebas,
3243 4909 3302 4959 et
3350 4903 3428 4958 ibi
3463 4905 3748 4975 reperisse
3779 4920 4069 4973 magnum

2406 4994 2737 5060 dominum,
2787 4991 2878 5046 τὸν
2914 4991 3078 5068 μέγαν
3110 4992 3324 5066 κύριον.
3374 4993 3464 5049 Sic
3496 4998 3764 5049 vocatum
3818 4999 4072 5065 apparet

2401 5082 2734 5138 Thebarum
2804 5083 3131 5154 principem
3185 5082 3373 5138 Latini
3417 5082 3672 5154 generis.
3729 5081 3853 5137 Dici
3925 5100 4068 5156 ergo

2401 5176 2596 5244 potest
2642 5172 2960 5228 Eudociam
3009 5172 3244 5228 tertiam
3279 5170 3463 5227 tiliam
3497 5171 3767 5227 Lascaris
3807 5174 4069 5245 Augusti

2401 5277 2614 5330 magno
2656 5261 2894 5318 domino
2945 5261 3198 5334 principi
3264 5261 3594 5317 Thebarum
3623 5301 3637 5328 ,
3683 5260 3869 5332 hujus
3918 5263 4067 5318 forte

2399 5366 2574 5422 quem
2621 5350 2881 5406 Joannes
2911 5351 3028 5406 dux
3078 5351 3161 5406 ibi
3207 5351 3425 5422 reperit
3469 5349 3622 5422 patri
3675 5354 3779 5405 aut
3825 5357 4064 5423 patruo,

2398 5439 2583 5495 fuisse
2604 5438 2973 5509 collocatam,
3007 5439 3576 5511 matrimoniumque
3601 5439 3658 5494 id
3693 5438 4064 5497 celebratum

2395 5529 2459 5585 in
2489 5529 2634 5586 urbe
2664 5529 3199 5603 Constantinopoli,
3232 5528 3333 5584 ubi
3366 5533 3492 5584 tum
3535 5527 3588 5585 is
3620 5527 3901 5602 princeps
3938 5531 4059 5588 fue-

2394 5618 2475 5674 rit
2497 5618 2556 5674 in
2589 5619 2870 5676 camitatu
2903 5618 3279 5690 imperatoris
3317 5617 3513 5674 Latini
3555 5635 3753 5675 rerum
3798 5619 3928 5676 illic
3961 5638 4058 5695 po.

2394 5706 2620 5779 tientia,
2648 5707 2733 5766 ita
2760 5712 2826 5767 ut
2855 5706 2920 5764 τὸ
2963 5707 3102 5764 κατὰ
3138 5707 3238 5778 τήν
3278 5704 3444 5762 πόλιν
3477 5708 3549 5765 ad
3581 5707 3780 5765 locum
3814 5711 4054 5784 nuptia-
