4248 6438
187 397 329 458 1117

1779 403 2007 459 ΝΟΤΒ.

3457 400 3597 457 1118

190 540 324 579 rum
358 522 437 580 sit
466 521 861 589 referendum,
897 539 1014 578 non
1065 524 1136 579 ad
1185 524 1385 595 magni
1422 524 1645 579 domini
1680 527 1843 595 pote-
1873 537 1927 603 Α
1957 522 2215 581 voluisse
2250 519 2606 594 μυστηριώδη
2639 522 2797 579 hunc
2838 525 3154 595 quemdam
3195 529 3253 579 et
3278 524 3597 595 lucifugam

189 617 423 677 atatem,
486 613 657 683 quasi
713 613 766 668 is
818 628 947 668 eam
1010 614 1067 668 in
1131 614 1275 668 urbe
1330 610 1845 682 Constantinopoli

192 707 484 757 exerceret
514 702 565 757 ei
589 701 967 771 dominando,
993 704 1088 756 sed
1120 703 1271 772 quod
1306 702 1385 756 ibi
1418 701 1636 773 degens
1670 700 1843 755 titulo

193 791 280 847 sui
314 790 633 862 peculiaris
663 791 910 845 dominii
943 790 1081 845 alibi
1114 790 1232 857 siti,
1266 806 1473 861 nempe
1504 790 1843 853 Thebis,in-

193 879 532 949 signiretur.
562 880 687 934 Pari
702 880 967 951 exemplo
994 880 1119 951 ipse
1147 880 1239 934 hic
1262 878 1583 950 imperator
1606 876 1848 932 Michael

195 984 373 1023 unam
406 984 436 1023 e
488 968 723 1023 ﬁliabus
771 968 1054 1023 Theodori
1108 968 1349 1033 Augusti
1400 967 1549 1023 Maio
1599 966 1848 1021 Belicur-

193 1057 275 1111 tio
311 1056 562 1127 principi
612 1056 1034 1126 Peloponnesio
1081 1056 1403 1127 conjunxit,
1453 1056 1695 1111 alteram
1748 1071 1844 1109 co-

193 1144 321 1201 miti
354 1144 693 1199 Vintimilim
741 1145 1057 1214 Genuensi,
1115 1150 1179 1199 ut
1223 1145 1483 1199 vidimus
1514 1146 1553 1198 l.
1590 1160 1677 1212 ιιι,
1711 1159 1759 1198 c.
1794 1144 1843 1196 6.

195 1234 335 1290 Istis
367 1250 540 1304 porro
601 1234 1029 1305 principatibus
1080 1250 1180 1306 per
1213 1233 1511 1289 Orientem
1561 1249 1629 1288 ex
1662 1232 1849 1287 ruinis

191 1321 427 1394 imperii
463 1322 711 1378 Romani
738 1323 1234 1379 subnascentibus
1258 1339 1381 1379 suae
1413 1323 1685 1395 quaedam
1719 1339 1849 1394 pro-

195 1412 333 1483 prius
369 1410 795 1482 appellationes
820 1417 1010 1478 erant,
1044 1428 1193 1482 quas
1216 1413 1286 1467 ab
1315 1412 1766 1483 imperatoribus
1790 1426 1851 1465 se

192 1500 492 1571 accepisse
514 1499 1015 1570 gloriabantur.ln
1041 1518 1156 1572 quo
1181 1501 1534 1556 affectabunt
1561 1501 1851 1571 antiquis-

196 1590 381 1645 simos
413 1606 682 1661 quosque
713 1590 963 1658 allegare
1006 1591 1441 1661 privilegiorum
1474 1598 1528 1646 et
1561 1590 1848 1645 honorum

195 1679 535 1734 istiusmodi
568 1678 895 1750 largitores,
930 1695 1091 1734 more
1142 1679 1448 1734 hominum
1484 1696 1591 1734 sua
1624 1694 1855 1748 semper

196 1767 385 1821 facere
415 1767 760 1838 augustiora
790 1767 1209 1839 satagentium.
1232 1769 1432 1838 Itaque
1465 1771 1534 1822 ad
1562 1770 1851 1823 Constan-

1920 614 1925 617 ’
1964 611 2330 683 scriptorem,
2364 629 2539 668 sensa
2568 630 2677 668 sua
2706 614 2764 667 in
2798 629 2915 667 suae
2951 614 3165 667 mentis
3199 612 3599 683 penetralibus

1961 700 2266 770 introspici
2299 701 2493 771 potius
2521 718 2696 772 quam
2731 702 2918 773 signis
2947 718 3222 772 expressa
3255 700 3599 771 intelligibi-

1962 788 2119 843 libus
2141 794 2367 844 exstare
2398 791 2455 844 in
2501 791 2625 845 suis
2657 790 2886 861 paginis
2931 791 3304 860 gaudentem,
3352 805 3598 860 praeser-

1962 880 2065 932 tim
2101 895 2233 933 cum
2269 878 2414 933 alias
2443 879 2727 934 Joannem
2762 880 3062 949 despotam
3109 878 3373 950 impense
3404 896 3436 933 a
3469 877 3599 933 reli-

1963 966 2135 1038 gione
2192 969 2707 1035 commendaverit,
2768 973 2823 1022 et
2872 968 3118 1022 mutatio
3150 984 3277 1038 qua:
3333 966 3602 1036 contigit,

1964 1056 2145 1111 divini
2177 1057 2377 1111 auxilii
2412 1074 2525 1113 non
2580 1058 2798 1113 frustra
2848 1058 3144 1130 implorati
3177 1058 3349 1111 ﬁdem
3383 1057 3600 1111 fecerit.

2031 1163 2091 1217 Ρ.
2136 1163 2257 1217 340.
2319 1161 2393 1217 Εὖ
2446 1162 2546 1239 γὰρ
2576 1161 2911 1237 Ἡρακλείτῳ
2969 1163 3238 1239 εἰρῆσθαι.
3298 1165 3380 1219 Ad
3441 1162 3583 1217 intel

1963 1250 2260 1322 ligendam
2292 1252 2444 1308 hanc
2477 1254 2751 1309 Heracliti
2782 1255 3159 1321 sententiam,
3192 1269 3370 1326 quam
3394 1253 3607 1307 Noster

1965 1356 2104 1396 suos
2136 1341 2452 1413 indulgens
2483 1347 2745 1413 σκοτεινῷ
2794 1344 2986 1415 genio,
3012 1343 3328 1397 Heraclitea
3362 1355 3603 1413 prorsus

1967 1430 2325 1487 obscuritate
2357 1432 2451 1487 hic
2500 1433 2759 1501 involvit,
2796 1434 2961 1488 tateri
3006 1434 3187 1488 debeo
3236 1430 3424 1486 lucem
3461 1426 3607 1483 mihi

1964 1526 2293 1591 opportune
2342 1521 2639 1593 praslatam
2671 1540 2703 1578 a
2752 1522 3135 1594 paraphraste
3173 1520 3472 1584 Vaticano,
3508 1516 3607 1586 qui

1963 1608 2122 1664 hunc
2167 1608 2358 1664 locum
2410 1611 2493 1665 sic
2525 1612 2838 1682 exprimit:
2882 1610 3073 1672 Καθὼς
3127 1608 3227 1683 γὰρ
3257 1604 3609 1681 Ἡράκλειτος

1964 1694 2139 1771 ἔλεγε.
2190 1698 2258 1751 τά
2308 1697 2598 1773 πράγματα
2650 1697 2700 1752 ἐν
2762 1699 2862 1773 ῥοῇ
2915 1700 3003 1753 καὶ
3063 1697 3345 1772 άπορῥοῇ.
3405 1698 3607 1765 ’Ὠσπερ

1965 1786 2065 1839 οὐκ
2122 1784 2262 1840 ἔστιν
2324 1786 2410 1841 ἐπὶ
2457 1793 2554 1841 τοῦ
2603 1787 2932 1864 παρῥὲοντος
2995 1786 3258 1861 ῥεύματος
3305 1782 3384 1845 δὶς
3446 1785 3612 1858 βάψαι

196 1855 389 1911 tinum
432 1872 622 1927 usque
670 1859 945 1927 Magnum
997 1857 1237 1928 quidam
1287 1864 1439 1912 retro
1490 1859 1746 1911 nitentes
1792 1856 1851 1910 in

201 1945 305 1969 -a-:
340 1944 655 1969 .‘--t-L:-_-
708 1945 1113 1969 _-_s:__-L-_L
1187 1951 1477 1969 -.--A-_-...
1530 1946 1693 1969 ιιι.-.-
1733 1945 1855 1969 -..2-

1977 1875 2055 1928 τὸν
2104 1872 2368 1929 δάκτυλον
2430 1876 2517 1931 ἐπὶ
2576 1882 2673 1931 τοῦ
2730 1877 2891 1931 αὐτοῦ
2945 1877 3033 1930 καὶ
3085 1876 3197 1936 ἰνὸς
3231 1872 3446 1939 ὕδατος,
3490 1868 3615 1925 οὖδέ

198 1945 308 1999 etsi
333 1944 657 2014 jactatione
708 1945 1137 2016 pertingebant,
1185 1951 1480 2000 auctorem
1530 1946 1697 1999 illum
1732 1945 1857 1999 suis

198 2035 527 2105 majoribus
559 2034 770 2090 talium
802 2036 986 2091 fuisse
1019 2036 1328 2091 nominum
1376 2036 1629 2092 ferentes
1656 2053 1668 2102 ;
1696 2035 1847 2105 quod

198 2124 309 2179 etsi
342 2122 657 2179 ridiculum
690 2121 873 2190 dictu,
905 2140 1039 2179 cum
1070 2126 1435 2180 Constantini
1491 2124 1682 2195 Magni
1739 2139 1857 2178 aevo

200 2228 305 2267 nec
334 2212 506 2283 longe
538 2217 740 2283 postea
771 2213 894 2269 istas
928 2214 1119 2268 adhuc
1152 2214 1388 2269 minuta:
1414 2214 1698 2286 dynastise
1726 2229 1859 2268 con-

202 2301 422 2357 stitutas
454 2301 731 2366 fuissent,
764 2302 921 2357 haud
954 2308 1150 2357 tamen
1200 2308 1553 2373 aspernatus
1585 2308 1674 2357 est
1720 2304 1858 2356 Gre-

203 2405 398 2461 goras,
431 2391 585 2461 apud
619 2407 793 2461 quem
820 2392 937 2445 haec
978 2391 1232 2463 legimus
1257 2392 1296 2446 l.
1333 2409 1430 2459 νιι,
1466 2392 1860 2463 p.109:656

203 2478 265 2534 Ὁ
322 2474 381 2532 δὲ
435 2478 727 2541 Ῥωσσικὸς
778 2480 879 2548 τήν
937 2500 996 2532 τε
1046 2481 1228 2533 στάσιν
1287 2480 1372 2533 καὶ
1426 2480 1487 2533 τὸ
1540 2480 1754 2550 ἀξίωμα
1800 2480 1861 2533 τὸ

204 2564 291 2621 ἐπὶ
347 2572 449 2635 τῆς
522 2567 797 2642 τραπέζης
850 2568 999 2641 παρᾶ
1051 2572 1148 2622 τοῦ
1213 2568 1457 2642 μεγάλου
1514 2567 1861 2641 κεκλήρωται

208 2656 640 2713 Κωνσταντίνου.
705 2658 760 2710 Ὀ
815 2653 872 2710 δὲ
919 2655 1428 2726 Πελοποννησιακὸς
1475 2658 1536 2711 τὸ
1565 2660 1663 2710 τοῦ
1698 2657 1864 2731 Πρίγ-

205 2764 393 2811 κιπος,
453 2745 481 2798 ὁ
541 2742 598 2799 δὲ
653 2752 752 2813 τῆς
803 2745 1059 2814 ’Δττικῆς
1106 2766 1164 2800 τε
1212 2746 1302 2799 καὶ
1347 2747 1584 2816 Ἀθηνῶν
1619 2746 1864 2820 ἀρχηγὸς

205 2835 267 2889 τὸ
323 2838 422 2889 τοῦ
482 2836 729 2910 μεγάΛου
787 2832 1003 2907 δουκὸς,
1064 2837 1090 2890 ὁ
1126 2833 1181 2889 δὲ
1212 2842 1309 2905 τῆς
1344 2836 1611 2897 Βοιωτίας
1637 2836 1728 2890 καὶ
1758 2840 1865 2889 τῶν

209 2918 407 2993 Θηϐῶν
430 2924 493 2977 τὸ
522 2928 619 2978 τοῦ
670 2923 911 2999 μεγάλου
955 2926 1345 3000 πριμικηρίου,
1399 2927 1426 2979 ὁ
1460 2924 1516 2979 δὲ
1546 2932 1643 2993 τῆς
1701 2924 1867 2998 μεγά-

213 3010 324 3082 λης
376 3014 544 3083 νήσου
581 3011 837 3075 Σικελίας
893 3015 956 3069 τὸ
1013 3018 1113 3068 τοῦ
1165 3013 1355 3090 ῥηγὸς,
1383 3013 1474 3069 καὶ
1507 3013 1671 3069 ἄλλοι
1703 3012 1865 3069 ἄλλα.

211 3104 471 3159 Rossicus
530 3109 738 3159 statum
778 3113 829 3160 et
896 3104 1221 3176 dignitatem
1264 3109 1520 3178 praefecti
1578 3121 1785 3163 mensae
1838 3123 1873 3160 ιι

212 3209 416 3265 magno
499 3197 728 3249 sortitus
783 3199 861 3248 est
935 3193 1310 3265 Constantino,
1374 3197 1872 3266 Peloponnesiacus

1966 1964 2147 2017 στάσιν
2207 1965 2380 2040 εὑρεῖν
2439 1962 2607 2020 ἔνεστι
2654 1971 2762 2020 τῶν
2806 1965 3138 2042 πραγμάτων
3190 1962 3346 2032 δίκην
3400 1960 3615 2035 ἀείρῥου

1968 2052 2233 2128 ῥεύματος
2277 2054 2759 2130 παρατρεχόντων.
2808 2057 2938 2114 Haec
2968 2057 3103 2119 ille;
3161 2069 3411 2127 quorum
3452 2050 3618 2105 auxi—

1968 2143 2043 2197 lio
2067 2144 2295 2200 confido
2330 2161 2421 2199 me
2456 2147 2605 2203 657
2642 2163 2840 2201 verum
2878 2145 3135 2201 auctoris
3163 2159 3401 2199 sensum
3434 2142 3617 2194 inter-

1971 2234 2255 2303 pretando
2306 2235 2686 2306 expressisse.
2747 2236 2910 2290 Mitto
2961 2249 3223 2307 qumrere
3274 2232 3429 2286 unde
3477 2229 3619 2283 istas

1972 2320 2211 2391 Diogeni
2249 2324 2467 2379 Laertio
2500 2326 2677 2395 (quod
2714 2325 2949 2396 quidem
3002 2322 3336 2395 repererim)
3390 2321 3619 2390 ignotas

1973 2409 2246 2466 Heracliti
2279 2417 2334 2468 et
2364 2415 2573 2486 Cratyli
2617 2432 2864 2486 gnomas
2905 2414 3168 2469 hauserit
3198 2413 3575 2483 Pachymercs
3602 2426 3616 2474 ;

1974 2498 2075 2566 qui
2106 2500 2308 2571 utique
2342 2502 2559 2557 vidisse
2594 2503 2781 2557 multa
2836 2503 3025 2575 potuit
3057 2504 3414 2556 monument:
3466 2498 3619 2551 Grie-

1976 2601 2200 2657 corum,
2230 2608 2355 2660 qua:
2390 2608 2497 2645 nos
2533 2592 2746 2646 latent:
2777 2597 2833 2647 et
2858 2594 3045 2646 tuisse
3091 2590 3431 2660 diligentem
3467 2584 3619 2638 unti-

1978 2678 2219 2746 quitatis
2254 2681 2735 2754 investigatorum
2768 2683 2911 2738 satis
2943 2686 3203 2754 apparet.

2048 2768 2110 2823 P.
2144 2769 2271 2823 342.
2325 2772 2663 2828 Monasterio
2717 2773 2839 2840 Deo,
2875 2774 2971 2842 qui
2999 2776 3094 2837 est,
3147 2785 3301 2824 sacro
3330 2768 3483 2838 (nam
3508 2767 3625 2821 hzec

1978 2858 2130 2929 erat!
2148 2860 2452 2930 peculiaris
2500 2861 2690 2917 domus
2726 2866 2845 2931 ejus
2875 2861 3255 2931 nuncupatio).
3291 2858 3513 2912 Grzrce:
3546 2856 3623 2925 Τῇ

1984 2949 2126 3018 μονῇ
2179 2948 2275 3001 τοῦ
2316 2944 2472 3010 ὄντος
2518 2953 2651 3003 Θεοῦ
2706 2954 2804 3021 (τῷ
2867 2950 2971 3024 γὰρ
3031 2944 3145 3001 ὄντι
3204 2944 3406 3019 κυρίως
3457 2962 3624 3012 προσ-

1980 3035 2263 3109 ανὲκειτο).
2294 3038 2416 3106 His,
2451 3040 2509 3094 ni
2542 3039 2729 3107 fallor,
2762 3040 3172 3111 :significatur,
3226 3036 3381 3090 istud
3418 3035 3472 3087 in
3509 3048 3621 3103 quo

1981 3125 2341 3183 Blemmidas
2363 3129 2629 3199 debebat,
2652 3129 3074 3185 monasterium
3093 3125 3463 3199 peculiariter
3483 3139 3627 3176 nun-

1982 3222 2259 3289 cupatum
2311 3219 2489 3275 fuisse
2534 3224 2650 3291 Θεῷ
2704 3224 2784 3291 τῷ
2814 3218 2949 3273 ὄντι.
3013 3218 3311 3273 Alluditur
3360 3215 3430 3269 ad
3482 3213 3623 3266 illud

210 3297 341 3380 vero
370 3281 643 3353 principis
692 3282 943 3380 titulum;
971 3284 1202 3380 Attica:
1219 3293 1405 3380 αιξξίηι
1434 3289 1487 3380 et
1534 3284 1867 3380 Atﬁeparufn
1899 3275 1942 3342 C
1985 3275 2183 3373 Exedi,
2214 3326 2300 3377 ιιι,
2335 3310 2420 3376 14,
2450 3275 2806 3380 jum'int,
2839 3309 2938 3365 Dei
2974 3309 3043 3363 ad
3068 3308 3299 3380 Moysen
3334 3302 3475 3377 Ἐγώ
3508 3299 3623 3370 ei,“

212 3370 468 3441 dynasta
498 3387 701 3427 nomen
732 3372 928 3443 magni
948 3372 1104 3428 ducis
1144 3373 1227 3433 (P.
1260 3373 1407 3443 460).
1438 3373 1503 3427 At
1531 3376 1626 3443 qui
1649 3371 1871 3427 Baetim

212 3468 270 3515 et
299 3458 488 3515 Thebis
509 3464 734 3532 praeest,
765 3460 958 3531 magni
1002 3461 1321 3532 primicerii
1356 3464 1585 3516 titulum
1610 3460 1869 3527 obtinuit,

215 3550 299 3603 uti
329 3556 379 3603 et
424 3550 595 3619 regis,
647 3548 745 3619 qui
772 3566 1040 3619 magnam
1088 3551 1329 3605 insulam
1358 3549 1577 3606 Siciliae
1624 3550 1784 3603 habet
1814 3550 1875 3603 in

212 3639 497 3708 potestate,
528 3646 580 3693 et
627 3637 735 3693 alii
783 3638 919 3693 alia.
955 3640 1040 3695 Ita
1068 3639 1149 3694 ibi
1201 3644 1509 3711 Gregoras,
1566 3639 1664 3710 qui
1700 3640 1873 3710 paulo

216 3730 351 3798 post
383 3727 547 3781 addit
577 3727 649 3783 de
681 3728 958 3783 Thebano
978 3728 1226 3800 dynasta
1250 3747 1373 3799 quas
1394 3727 1775 3800 singulariter
1800 3729 1871 3783 ad

214 3832 341 3871 rem
376 3820 638 3873 nostram
670 3817 897 3873 faciunt
928 3834 942 3874 :
971 3816 1074 3871 Τὸν
1111 3817 1215 3889 γάρ
1246 3838 1333 3871 τοι
1362 3823 1464 3885 τῆς
1490 3815 1754 3876 Βοιωτίας
1784 3816 1872 3869 καὶ

212 3906 323 3958 τῶν
354 3898 549 3974 Θηϐῶν
578 3902 856 3980 ἀρχηγὸν,
906 3904 1022 3959 ἀντὶ
1062 3904 1307 3979 μεγάλου
1357 3907 1747 3980 πριμικηρίου,
1782 3905 1875 3977 μὲ-

212 4014 311 4068 γαν
362 3992 553 4068 κύριον
605 3993 936 4067 ὀνομάζουσι
984 3999 1101 4064 νῦν,
1146 3994 1223 4057 εἷς
1256 3999 1419 4049 τοῦτο
1450 3995 1874 4071 παρενεχθέντες

213 4080 275 4137 ἐκ
302 4086 402 4138 τοῦ
428 4085 831 4159 παρενεχθῆναι
860 4085 961 4153 τήν
1000 4085 1226 4159 πρώτην
1279 4078 1585 4154 συλλαϐήν.
1632 4087 1877 4141 Videtur

216 4172 365 4229 velle
383 4190 491 4230 usu
513 4179 573 4230 et
600 4174 759 4247 vulgi
782 4176 1155 4248 corruptione
1181 4182 1321 4231 tunc
1342 4173 1665 4231 invaluisse
1687 4176 1878 4230 utdux

212 4261 680 4335 Thebarum,qui
698 4263 836 4321 olim
854 4281 1108 4337 magnus
1126 4263 1497 4335 primicerius
1513 4268 1670 4320 esset
1684 4264 1876 4320 dictus

216 4352 610 4424 πριμικήριος,
644 4353 866 4409 sensim
899 4354 1247 4424 compendio
1303 4353 1502 4426 κήριον
1531 4353 1743 4409 cerium
1775 4371 1878 4425 pro

224 4441 562 4513 primicerio
595 4443 936 4513 vocitatum,
969 4460 1035 4499 ac
1092 4442 1344 4515 denique
1384 4442 1443 4497 in
1498 4460 1636 4499 voce
1683 4443 1879 4516 κήριος

217 4530 544 4587 secundam
608 4531 867 4588 litteram
929 4536 1235 4599 mutatam,
1270 4540 1335 4587 ut
1386 4528 1574 4605 κύριος
1628 4548 1728 4603 pro
1773 4532 1879 4600 κή-

220 4637 338 4693 ριος
373 4619 687 4710 diceretur,
740 4626 796 4677 et
852 4622 1143 4710 adjuncta
1171 4638 1345 4693 quam
1400 4637 1633 4692 semper
1670 4620 1878 4677 habuit
1906 4645 1953 4710 D

216 4709 612 4783 appellatione
644 4712 863 4784 magni.
897 4709 1060 4785 μὲγας
1084 4709 1295 4785 κύριος,
1332 4728 1566 4783 magnus
1594 4712 1871 4767 dominus.

293 4800 353 4855 P.
385 4800 511 4855 324.
547 4799 745 4855 Videri
778 4804 970 4873 potest
1013 4800 1132 4857 hac
1182 4800 1448 4855 scribens
1495 4800 1879 4873 Pachymeres

218 4890 279 4946 in
309 4890 513 4947 animo
546 4890 829 4948 habuisse
859 4891 992 4948 illos
1024 4909 1227 4947 versus
1260 4891 1590 4963 Euripidis:

292 5022 462 5099 Φιλεῖ
488 5045 540 5079 τι
573 5024 824 5099 πόλεμος
860 5026 920 5081 οὗ
952 5024 1107 5079 πάντ’
1139 5026 1413 5099 εὐτυχεῖν,

296 5095 633 5173 Ἐσθλῶνᾳδὲ
663 5095 846 5173 χαίρει
878 5095 1442 5173 πτώμασιν-νεάνίων,

296 5168 506 5244 Καίκους
538 5168 595 5225 δὶ
630 5168 908 5244 μισεῖ-Τῇ
940 5169 1101 5225 πόλει
1138 5170 1230 5242 μὶν
1266 5169 1372 5244 οὖν-
1400 5171 1558 5244 νόσος

292 5239 423 5298 Τόδ’
454 5238 589 5317 ἔστι,
619 5238 763 5299 τοῖσι
797 5241 854 5298 δὲ
879 5238 1232 5298 κατθανοῦσιν
1264 5241 1499 5303 εὐκλεὲς.

294 5382 354 5433 Ρ.
416 5379 541 5435 334.
609 5376 833 5440 ’Ἄλλως
899 5376 1036 5453 ἔγνω
1099 5376 1434 5451 παρακαλεῖν
1493 5376 1584 5430 καὶ
1661 5377 1876 5451 θερμῶς

220 5464 504 5522 ἱκετεύειν.
533 5469 739 5525 Fateor
789 5469 884 5525 hic
916 5470 1068 5524 clare
1119 5484 1233 5524 non
1275 5468 1390 5522 dici
1436 5472 1621 5522 Deum
1646 5467 1875 5523 invoca-

216 5557 352 5610 tum
386 5572 420 5611 a
452 5556 716 5629 despota,
750 5558 905 5629 quod
939 5562 1136 5612 tamcn
1171 5556 1227 5610 in
1263 5554 1744 5626 interpretatione
1778 5572 1883 5627 pou

222 5643 341 5700 sui.
375 5646 789 5715 Conjectnram
842 5650 1042 5702 tamen
1092 5661 1207 5700 non
1253 5660 1404 5700 vana
1434 5650 1525 5699 est
1553 5642 1607 5698 id
1643 5660 1880 5715 quoque

222 5733 419 5791 verbis
490 5734 609 5793 illis
684 5733 1019 5813 παρακαλεῖν
1099 5742 1157 5793 et
1232 5732 1488 5790 ἱκετεύειν
1545 5735 1881 5808 signiﬁcare

1981 3393 2008 3446 ὁ
2044 3393 2139 3449 ὥν.
2172 3397 2258 3464 (Ρ.
2293 3398 2412 3463 461)
2464 3398 2627 3453 Unde
2678 3404 2767 3454 est
2795 3404 2850 3454 et
2879 3400 3054 3469 Apoc.
3118 3414 3159 3461 ι,
3191 3396 3259 3449 4:
3296 3393 3459 3463 Χάρις
3494 3389 3621 3459 ὑμῖν

1981 3482 2293 3557 καῖέεῖρήνη
2339 3485 2443 3539 ἀπὸ
2492 3489 2588 3539 τοῦ
2617 3486 2679 3543 Ὀ
2712 3484 2809 3555 ὢν,
2860 3492 2970 3542 etc.
3023 3488 3300 3555 Proprius
3342 3480 3621 3535 nimirum

1982 3572 2287 3629 character
2318 3581 2539 3631 naturae
2576 3576 2699 3643 Dei,
2743 3582 3037 3648 quatenus
3086 3579 3459 3643 comparatur
3490 3584 3619 3621 cum

1984 3660 2213 3730 creatis,
2246 3668 2334 3719 est
2392 3680 2624 3735 semper
2662 3669 2718 3720 et
2763 3663 3094 3720 necessario
3152 3660 3447 3716 exsistere.
3483 3654 3629 3709 Huic

1984 3763 2121 3821 ergo
2158 3751 2407 3823 principi
2438 3753 2605 3824 quasi
2639 3753 2739 3809 Dei
2764 3753 3047 3809 atlributo
3068 3748 3445 3821 singulariter
3466 3744 3629 3798 dica-

1983 3843 2110 3895 tum
2144 3840 2407 3897 voluerat
2436 3844 2793 3899 Blemmidas
2825 3858 2999 3899 suum
3035 3839 3473 3896 monasterium.

2056 3946 2139 4018 (P.
2203 3949 2348 4021 483).
2406 3955 2465 4005 P.
2527 3950 2651 4005 342.
2704 3947 2801 4010 Ei‘c
2861 3944 3206 4023 περιποίησίν
3261 3964 3338 3997 τε.
3389 3941 3514 4012 Agit
3560 3941 3630 3994 de

1985 4042 2221 4093 centum
2253 4039 2425 4096 libris
2472 4042 2597 4095 auri
2626 4044 2786 4109 (nam
2834 4040 3154 4096 Vaticanus
3201 4036 3414 4090 diserte
3455 4031 3631 4086 habet

1985 4124 2171 4179 ἑκατὸν
2207 4124 2398 4201 λίτρας
2434 4128 2687 4203 χρυσίου)
2720 4148 2864 4201 quas
2893 4128 3251 4185 Blemmidas
3283 4126 3629 4179 testamento

1984 4216 2215 4289 legebat
2263 4220 2729 4291 monasteriojin
2766 4226 2900 4291 {quo
2931 4218 3197 4290 degebat,
3232 4213 3306 4273 εἰς
3336 4210 3631 4284 περιποίη-

1985 4326 2090 4358 σιν·
2124 4324 2251 4379 quze
2288 4316 2481 4364 tamen
2533 4327 2767 4365 summa
2814 4313 2946 4381 post
2970 4309 3098 4379 ejus
3145 4310 3411 4366 mortem,
3472 4300 3633 4355 nulla

1988 4395 2209 4452 ratione
2248 4399 2585 4453 testamenti
2629 4399 2851 4464 habita,
2904 4392 3267 4469 προσανενὲθη
3300 4395 3366 4463 τῇ
3401 4387 3631 4462 Μεγάλῃ

1987 4481 2253 4556 ἐκκλησίᾳ
2284 4485 2360 4547 εἷς
2408 4484 2787 4561 περιποίησιν,
2820 4492 2884 4542 ut
2932 4484 3105 4558 paulo
3138 4483 3381 4537 inferius
3422 4480 3637 4533 dicitur

1990 4572 2098 4628 hoc
2133 4576 2336 4631 eodem
2372 4577 2581 4650 capite.
2616 4577 2740 4641 Qua
2784 4576 3019 4631 notione
3068 4577 3381 4644 usurparet
3412 4567 3633 4638 Pachy-

1988 4680 2177 4719 meres
2237 4665 2297 4719 in
2327 4665 2446 4737 Ellis
2506 4666 2736 4722 duobus
2794 4664 2937 4721 locis
2996 4680 3193 4720 vocem
3260 4657 3638 4733 περιποίησις,

1990 4753 2272 4822 querenti
2308 4755 2455 4810 mihi
2478 4756 2732 4812 occurrit
2758 4754 3079 4828 Hesychius
3114 4753 3208 4823 qui
3238 4750 3374 4821 σμὸν
3400 4746 3635 4800 πλεονα-

1990 4841 2128 4913 σμὸν
2172 4860 2299 4899 eam
2358 4846 2792 4918 interpretatur.
2842 4844 2989 4899 Nam
3031 4843 3087 4897 in
3151 4842 3279 4912 ejus
3324 4839 3501 4892 lexico
3553 4836 3635 4889 sic

1988 4930 2241 5005 legimus
2292 4934 2511 4990 hodie:
2588 4932 2964 5007 ῐῐεριποίησις,
3025 4926 3394 4999 πλεονασμὸς,
3447 4926 3635 4991 κτῆσις

1990 5021 2158 5077 Forte
2209 5022 2356 5079 alias
2385 5024 2708 5096 ilegebatur
2760 5021 3107 5094 πλεονασμὸς
3148 5019 3413 5087 κτήσεως,
3448 5016 3634 5069 aliun-

1990 5110 2192 5165 dantia
2226 5113 2644 5183 possessionis,
2694 5129 2904 5169 novum
2966 5113 3183 5167 bonum
3233 5108 3513 5163 accedens
3565 5104 3634 5157 ad

1992 5199 2154 5270 prius
2188 5207 2373 5271 parta,
2408 5208 2465 5257 et
2510 5209 2890 5274 augmentum
2943 5198 3357 5271 superveniens
3405 5210 3634 5267 posses—

1988 5289 2139 5343 sioni
2174 5292 2448 5361 antiquae,
2481 5291 2639 5347 velut
2689 5292 3070 5347 adventitium
3122 5287 3415 5360 peculium
3458 5282 3635 5338 Veteri

1990 5379 2343 5448 patrimonio
2374 5382 2845 5453 superadditum.
2877 5381 2940 5437 Id
2971 5380 3198 5436 erudite
3238 5376 3509 5447 vulgatus
3544 5374 3633 5426 in-

1989 5473 2215 5541 terpres
2249 5470 2462 5543 Ephes.
2498 5488 2539 5539 ι,
2568 5471 2634 5527 44
2666 5473 2955 5544 eXpressit
2989 5468 3271 5526 vocabulo
3318 5464 3637 5537 acquisitio-

1988 5559 2101 5616 nis.
2139 5559 2301 5624 Quod
2337 5560 2416 5615 ibi
2447 5559 2671 5636 κυρίως,
2705 5562 2767 5617 in
2791 5562 2980 5617 stricta
3018 5561 3363 5632 proprietate,
3394 5573 3635 5611 sumen-

1988 5648 2154 5715 dum,
2193 5654 2257 5705 ut
2305 5656 2475 5707 sonet
2531 5651 2835 5723 quidpiam
2885 5651 3411 5723 superadjunctum
3462 5653 3635 5703 antea

1990 5737 2272 5807 quesitis.
2296 5740 2485 5803 Quare
2517 5740 2738 5798 frustra
2756 5744 3063 5814 argutatur
3081 5743 3324 5797 novator
3345 5736 3632 5810 interpres
