4218 6450
673 363 814 421 1119

1713 376 1776 427 Ρ.
1817 374 2095 429 POBBINI
2131 373 2744 435 OBBBBVATIONUM
2780 383 2913 436 LIB.
2952 385 3025 438 Π.

3934 380 4070 438 1120

674 492 732 542 et
764 489 865 559 qui
895 505 1029 545 eum
1071 490 1276 547 laudat
1324 493 1608 550 Henricus
1660 496 1999 568 Stephanus
2059 497 2119 552 in
2174 497 2317 552 The-
2345 497 2401 564 Α
2431 491 2558 570 ϐρία
2586 506 2651 557 ut
2680 503 2831 560 idem
2864 522 2994 562 esse
3043 506 3357 562 videretur.
3407 506 3590 562 Sonat
3628 509 3822 562 autem
3858 525 3998 576 μεση
4013 527 4071 577 μ-

672 593 848 632 sauro
877 582 1082 633 Graeca:
1115 578 1351 651 linguas,
1385 582 1526 637 dum
1574 583 1837 640 instincti
1888 590 2135 656 uterque
2179 585 2315 641 libi-
2425 580 2553 659 ὅρια
2584 592 2911 649 meridiem.
2962 595 3045 648 Ibi
3089 593 3232 648 latet
3279 593 3592 649 antithesis
3639 596 3708 648 ad
3768 593 3920 646 σκιὰν
3949 612 4071 649 um-

671 665 806 720 dine
837 667 1239 722 calumniandi
1269 675 1519 726 veterem
1554 689 1664 726 usu
1695 673 1963 728 Ecclesiae
2005 676 2312 745 probatam

671 752 811 808 Novi
844 757 1180 810 testamenti
1212 759 1560 826 versionem,
1603 764 1967 818 contendunt
2017 761 2311 836 περιποίη-

668 860 749 892 σιν
782 842 878 897 illo
912 845 1172 914 Apostoli
1205 845 1329 902 loco
1362 864 1572 905 sonare
1590 851 1952 906 assertionem
1982 854 2102 908 sive
2128 853 2309 908 vindi-

669 934 954 999 cationem,
979 935 1133 1003 quod
1155 952 1329 1005 quam
1363 937 1720 1010 sitineptum
1772 943 1995 1010 patebit
2025 960 2093 997 ex
2119 943 2307 998 consi-

667 1020 965 1077 deratione
995 1025 1304 1079 verborum
1331 1027 1514 1081 sancti
1539 1028 1724 1082 Pauli.
1755 1029 1904 1084 Sunt
1935 1037 2130 1086 autem
2164 1033 2304 1087 haec:

663 1107 765 1167 "Oc
824 1107 965 1161 ἐστιν
1012 1105 1263 1184 ἆῤῥαϐὼν
1309 1118 1407 1180 τῆς
1450 1111 1824 1188 κληρονομίας
1874 1118 2033 1189 ἡμῶν
2063 1117 2139 1179 εἰς
2172 1119 2305 1173 ἀπο-

663 1192 935 1268 λύτρωσιν
1021 1204 1123 1266 τῆς
1206 1204 1548 1275 πιριποιήσε.
1648 1207 1782 1270 Qum
1866 1208 1951 1262 sic
2033 1208 2306 1279 vulgatus

662 1286 871 1340 vertit:
907 1288 1014 1355 Qui
1056 1289 1360 1360 (nimirum
1391 1294 1662 1363 ,Spiritus
1707 1300 1968 1369 sanctus)
1997 1303 2073 1352 est
2102 1302 2307 1368 pignus

663 1375 1002 1432 hereditatis
1055 1384 1256 1435 nostrae
1304 1381 1365 1436 in
1407 1385 1839 1455 redemptionem
1895 1388 2303 1458 acquisitionis.

661 1463 900 1534 Nempe,
935 1470 997 1520 ut
1025 1474 1260 1524 enarrat
1289 1471 1740 1543 Chrysostomus
1781 1475 1935 1530 hunc
1965 1476 2184 1542 locum,
2209 1478 2302 1534 his

663 1553 760 1624 qui
796 1553 970 1608 ﬁdem
1005 1560 1060 1609 et
1103 1558 1447 1614 charitatem
1501 1561 1738 1630 habent,
1775 1565 1897 1633 jam
1946 1581 2100 1620 nunc
2132 1567 2304 1623 datur

653 1640 756 1711 jus
783 1641 853 1696 ad
908 1642 1330 1716 hereditatem,
1381 1649 1550 1719 cujus
1598 1657 2048 1723 repraesentetur
2092 1656 2301 1726 pignus

661 1735 717 1784 et
754 1730 962 1786 arrha:
1001 1734 1139 1804 quin
1173 1740 1229 1789 et
1259 1738 1388 1806 ejus
1427 1741 1597 1809 quasi
1643 1742 1977 1798 substantia
2007 1746 2306 1800 confertur

2425 678 2599 734 bram.
2635 683 2695 736 Id
2739 684 2846 738 etsi
2911 683 3070 738 dictu
3130 698 3396 754 parvum,
3470 682 3850 738 admonuisse
3910 701 4073 754 opor-

2422 770 2552 838 tuit,
2586 788 2657 827 ne
2706 771 2978 829 lectorem
3030 772 3121 828 hic
3173 773 3490 828 offenderet
3545 772 3958 844 intempestiva
4021 779 4073 829 et

2422 855 2819 930 ἆπροσδιόυσος
2851 863 2974 917 visa
2999 862 3218 917 umbra
3249 862 3489 918 mentio.

2492 967 2553 1021 P.
2586 968 2708 1022 349.
2761 964 2890 1023 Οδὲ
2942 967 3183 1037 Μύτζης.
3231 972 3303 1023 Ut
3345 985 3469 1039 quas
3523 970 3630 1024 hoc
3688 969 3873 1038 capite
3916 970 4065 1023 refe.

2420 1062 2634 1111 runtur
2664 1057 3086 1128 intelligantur,
3112 1059 3489 1128 repetendum
3522 1075 3590 1113 ex
3611 1058 3880 1138 superius
3907 1075 4068 1129 spar-

2419 1146 2530 1201 sim
2592 1148 2843 1201 narratis
2899 1164 2931 1201 a
2997 1147 3351 1219 Pachymere
3409 1156 3461 1202 et
3528 1164 3597 1202 ex
3650 1150 3902 1216 Gregora
3960 1152 4066 1212 est,

2415 1233 2703 1290 Joannem
2733 1235 3166 1305 imperatorem,
3201 1252 3372 1306 quem
3406 1237 3796 1307 Pachymeres
3829 1236 3925 1289 hic
3955 1235 4066 1290 Du-

2416 1340 2540 1379 cam
2572 1329 2758 1391 vocat,
2814 1325 3272 1389 Cantacuzenus,
3322 1326 3381 1379 in
3434 1325 3768 1380 Praefatione
3801 1325 4064 1380 Historia:

2415 1412 2729 1483 Catatzam,
2790 1414 2884 1468 cui
2943 1415 3282 1469 Theodorus
3341 1414 3600 1469 Lascaris
3655 1415 3811 1485 prior
3871 1413 4061 1468 dotale

2415 1503 2729 1572 imperium
2774 1503 3204 1571 transmiserat,
3238 1504 3372 1558 data
3420 1503 3471 1558 ei
3503 1504 3563 1558 in
3615 1519 3852 1558 uxorem
3898 1504 4060 1556 lrene

2417 1591 2554 1658 ﬁlia,
2587 1591 2774 1646 ﬁlium
2807 1597 2864 1647 et
2895 1607 3290 1647 successorem
3315 1591 3544 1663 imperii
3567 1591 3846 1646 habuisse
3875 1592 4064 1645 Theo-

2413 1683 2644 1751 dorum,
2677 1681 2966 1736 Lascarim
3003 1698 3035 1736 a
3075 1685 3261 1736 matre
3292 1681 3538 1748 dictum,
3572 1686 3840 1752 nepotem
3874 1680 4064 1734 Theo-

2414 1769 2539 1825 dori
2600 1773 2860 1825 Lascaris
2922 1769 3117 1842 primi.
3162 1771 3308 1825 Huic
3365 1772 3721 1841 desponsam
3780 1769 4058 1823 Helenam

659 1818 954 1875 infusione
984 1822 1185 1892 gratiae
1219 1823 1560 1894 habitualis,
1596 1845 1711 1900 qua
1751 1833 2168 1888 constituimur
2196 1834 2295 1888 ﬁlii

661 1906 756 1931 τω
808 1909 1026 1931 nu“.
1052 1915 1196 1931 ,μη
1350 1915 1401 1931 ..
1511 1917 1547 1931 ..
1795 1920 1826 1931 .,
1959 1927 1966 1931 ,
2226 1924 2236 1931 .

2405 1860 2618 1914 Asanis
2634 1818 3014 1931 Bulgarorum
3038 1860 3191 1930 regis
3207 1860 3386 1914 ﬁliam
3411 1818 3607 1914 nali-rat
3628 1858 4058 1928 Gregoras.l.n,

659 1906 780 1962 Dei.
806 1909 1031 1964 Desunt
1052 1915 1246 1968 tamen
1270 1915 1437 1971 nobis
1456 1917 1648 1973 adhuc
1689 1920 1872 1975 multa
1911 1927 1976 1977 ut
2005 1924 2301 1994 pervenia-

659 2013 792 2052 mus
835 1999 907 2053 ad
955 2000 1372 2071 perfectionem
1431 2013 1674 2077 speratae
1725 2010 2040 2066 felicitatis.
2102 2012 2301 2069 Gratia

656 2085 838 2155 igitur
867 2089 1019 2146 ωδ
1052 2089 1372 2149 habitualis
1400 2093 1799 2169 κληρονομίας,
1833 2100 2173 2158 haereditatis
2202 2119 2297 2157 vo-

654 2176 862 2232 cabulo
921 2178 1225 2249 signatur:
1289 2184 1443 2239 dona
1495 2190 1688 2242 autem
1776 2191 2036 2245 nondum
2097 2191 2299 2246 habita

653 2265 986 2322 necessaria
1002 2270 1385 2339 perducendis
1399 2273 1569 2328 nobis
1589 2275 1659 2329 ad
1676 2275 1850 2331 ﬁnem
1868 2277 2142 2334 ultimum
2159 2297 2297 2335 con-

650 2359 961 2409 summates
995 2357 1398 2428 beatitudinis,
1431 2364 1858 2435 περιποιήσιως,
1911 2368 2298 2440 acquisitionis

647 2439 990 2499 indicantur
1018 2447 1209 2503 verbo.
1248 2449 1366 2505 Ista
1411 2451 1564 2507 dona
1592 2453 1751 2509 velut
1783 2455 1840 2511 in
1895 2439 2085 2513 aliena
2115 2475 2295 2514 manu

646 2532 836 2657 posita
859 2533 1199 2591 redimenda
1231 2538 1396 2593 nobis
1427 2547 1589 2607 sunt,
1621 2543 1726 2598 hoc
1776 2549 1863 2600 est
1899 2549 2210 2603 emerenda
2241 2551 2297 2604 et

675 2624 1013 2657 mnnfnnnAn
1049 2624 1217 2657 kn-h.
1245 2630 1518 2657 ,πω-ειη...
1556 2636 1605 2657 ,ι
1653 2633 1919 2657 _..__:L-__
1991 2636 2066 2657 ιτ-
2108 2642 2287 2657 ---μμ

674 2624 1018 2692 mpetranda
1049 2624 1219 2680 bonis
1244 2630 1520 2699 operibus
1552 2636 1608 2686 et
1653 2633 1942 2703 precibus.
1991 2636 2071 2692 Ne
2103 2642 2294 2693 autem

649 2711 1029 2780 desperemus
1060 2730 1127 2768 ea
1158 2717 1472 2786 impetrare
1501 2737 1567 2775 ac
1601 2725 1917 2792 promereri
1964 2743 2070 2781 nos
2103 2743 2298 2798 posse,

646 2798 823 2853 datur
855 2801 1024 2856 nobis
1057 2805 1137 2860 (P.
1176 2806 1302 2868 484)
1335 2824 1534 2862 eorum
1595 2829 1850 2880 praesens
1903 2817 2115 2885 pignus
2159 2835 2292 2872 san-

645 2893 776 2944 ctus
807 2892 1088 2960 Spiritus,
1135 2893 1406 2965 idemque
1457 2899 1907 2958 efﬁcacissimus
1949 2906 2181 2974 adjutor
2221 2908 2291 2962 ad

649 2981 1012 3047 operandum
1047 2983 1202 3052 quod
1236 3001 1268 3038 a
1302 2986 1467 3040 nobis
1510 2992 1781 3057 exigitur,
1842 2999 1903 3046 ut
1935 2993 2158 3064 plenam
2194 3013 2289 3050 sa-

649 3075 826 3152 lutem
862 3087 1270 3141 assequamur.
1305 3075 1472 3129 Juxta
1509 3077 1660 3131 hunc
1708 3097 1944 3137 sensum
2000 3101 2174 3152 quam
2202 3103 2287 3139 re-

648 3168 734 3210 cte
769 3145 1058 3215 cohaerent
1091 3165 1261 3218 verba
1313 3167 1568 3235 Apostoli
1630 3170 1783 3224 videt
1843 3145 2100 3241 profecto
2152 3191 2290 3245 pru-

647 3246 793 3302 dens
824 3247 1034 3317 lector;
1066 3252 1362 3324 simulque
1393 3255 1853 3329 intelligitquam
1877 3261 2096 3317 nullam
2130 3279 2291 3318 com-

646 3337 881 3392 modam
914 3342 1267 3396 sententiam
1321 3344 1536 3400 efﬁciat
1584 3347 1936 3406 Genevensis
1983 3352 2288 3422 expositio.

643 3426 778 3490 Quae
812 3433 900 3482 est
931 3430 1082 3484 enim
1115 3432 1411 3504 redemptio
1464 3437 1787 3493 assertionis
1843 3442 1937 3494 aut
1968 3441 2294 3498 vindicatio-

641 3517 729 3571 nis
759 3516 786 3570 ?
826 3520 898 3573 At
946 3520 1353 3593 acquisitionis,
1405 3525 1513 3580 hoc
1567 3532 1674 3597 est,
1726 3529 1806 3583 rei
1857 3532 2120 3586 nundum
2157 3550 2292 3603 pos-

643 3621 819 3660 sessas
853 3609 1240 3681 adjungendaa
1273 3615 1343 3668 ad
1378 3614 1433 3670 id
1468 3617 1623 3686 quod
1649 3619 1774 3688 jam
1800 3619 2106 3688 habemus,
2127 3621 2291 3677 facile

646 3695 841 3765 quivis
875 3699 1155 3771 perspicit
1184 3701 1304 3758 ﬁeri
1341 3704 1766 3776 redemptionem
1817 3725 2007 3780 posse,
2042 3709 2151 3765 hoc
2182 3715 2290 3779 est,

651 3785 842 3854 parari
874 3803 1001 3842 eam
1036 3793 1092 3843 et
1123 3792 1292 3861 quasi
1326 3794 1480 3848 enim
1516 3795 1816 3867 persoluto
1845 3799 2029 3868 pretio
2062 3799 2289 3855 idoneo.

645 3870 810 3927 Certe
847 3875 1065 3931 Latinis
1099 3878 1484 3949 scriptoribus
1515 3899 1697 3955 prmia
1727 3886 1935 3942 classis
1966 3888 2294 3958 acquirendi

643 3962 882 4017 verbum
917 3962 1069 4021 hanc
1100 3967 1287 4039 ipsam
1344 3986 1520 4042 quam
1570 3976 1953 4046 exposuimus
1994 3976 2290 4033 notionem

645 4048 821 4105 habet
852 4057 1152 4124 augmenti
1183 4066 1234 4113 et
1267 4059 1586 4118 additionis
1617 4080 1796 4135 super
1827 4065 1991 4137 prius
2020 4083 2292 4137 possessa

639 4139 978 4199 cumulatae.
1031 4145 1149 4200 Cic.
1209 4147 1380 4220 epist.
1415 4151 1469 4218 7,
1527 4151 1566 4206 l.
1600 4169 1698 4208 in:
1736 4159 1932 4210 Postea
1970 4172 2094 4210 vero
2125 4174 2291 4228 quam

637 4231 716 4284 ita
748 4231 956 4303 accepi,
992 4233 1072 4289 ita
1103 4238 1248 4305 gessi
1276 4239 1514 4310 imperia
1544 4241 1834 4313 'maxima,
1885 4247 1944 4299 ut
1973 4245 2116 4301 mihi
2146 4246 2292 4301 nihil

634 4336 812 4392 neque
861 4323 930 4377 ad
959 4325 1222 4382 honorem
1280 4343 1454 4401 neque
1490 4330 1560 4386 ad
1597 4333 1844 4402 gloriam
1889 4335 2292 4407 acquirendum

631 4417 908 4481 putarem.
945 4414 1106 4470 Idem
1140 4416 1200 4470 in
1258 4417 1499 4475 Catilin.
1567 4421 1706 4477 Nam
1736 4424 1883 4480 mihi
1911 4425 2130 4495 quidem
2178 4424 2291 4495 ipsi

635 4501 768 4572 quid
798 4510 877 4557 est
905 4503 1044 4574 quod
1075 4505 1190 4573 iam
1241 4507 1311 4561 ad
1368 4508 1500 4566 vitae
1554 4515 1801 4581 fructum
1850 4515 2016 4584 possit
2045 4517 2285 4586 acquiri.

635 4589 708 4645 Ut
741 4590 961 4647 similia
991 4594 1234 4650 omitam
1269 4597 1455 4653 multa
1485 4601 1703 4672 passim
1736 4602 1924 4658 obvia.
1977 4603 2107 4659 Haec
2138 4605 2284 4660 satis
2315 4603 2363 4667 D

632 4685 774 4734 sunt
828 4681 899 4736 ad
931 4682 1317 4740 evincendum
1374 4693 1572 4744 contra
1621 4691 2018 4749 cavillationes
2050 4698 2284 4749 novato-

632 4785 783 4838 rum,
817 4774 1066 4828 veterem
1099 4772 1475 4848 interpretem
1503 4778 1808 4852 vulgatum
1859 4800 1974 4838 non
2018 4784 2284 4855 potuisse

633 4859 847 4916 melius
915 4863 1238 4934 exprimere
1294 4868 1408 4922 vim
1454 4868 1663 4926 Graecae
1719 4871 1879 4928 vocis
1930 4873 2284 4946 περιποίησις

630 4967 808 5022 quam
826 4951 901 5019 ei,
926 4957 990 5007 ut
1021 4953 1174 5024 fecit,
1209 4959 1558 5029 opponendo
1581 4961 1931 5018 vocabulum
1969 4965 2281 5034 acquisitio;

634 5056 738 5094 nec
779 5057 886 5096 nos
917 5044 1072 5112 quod
1107 5049 1302 5101 noster
1348 5047 1456 5103 hoc
1512 5047 1639 5105 loco
1670 5049 1991 5108 historicus
2021 5050 2097 5113 εἰς
2129 5071 2286 5125 περι-

631 5127 853 5196 ποίησιν
909 5133 1258 5190 attributum
1310 5136 1472 5205 dicit,
1522 5138 1674 5194 male
1718 5139 2052 5198 declarasse
2079 5142 2285 5214 ;verbis

628 5216 747 5273 illis
778 5220 836 5274 in
861 5228 1217 5293 augmentum
1241 5225 1609 5297 fundationis,
1645 5232 1756 5284 etc.

703 5345 786 5412 (P.
821 5348 945 5418 461)
1006 5367 1061 5421 p.
1121 5351 1246 5407 348.
1281 5354 1364 5409 Ne
1409 5355 1667 5410 umbram
1703 5356 1926 5429 quidem
1959 5360 2132 5416 ullius
2161 5377 2285 5416 mu-

626 5436 994 5494 nitiunculee.
1045 5439 1107 5494 In
1157 5439 1356 5498 Graeco
1416 5437 1558 5513 μηδὶ
1613 5444 1879 5520 φρουρίου
1928 5449 2103 5504 σκιάν.
2161 5449 2289 5504 Hec

628 5524 905 5583 alludunt
935 5529 1006 5582 ad
1039 5545 1238 5586 vocem
1276 5525 1652 5605 μεσημϐρείας
1685 5550 1821 5592 mox
1851 5539 2124 5609 positam.
2150 5539 2286 5604 Quae

629 5628 842 5668 nomen
875 5615 1111 5686 quidem
1140 5622 1266 5673 erat
1295 5624 1444 5674 note
1477 5618 1664 5690 urbis,
1707 5623 1777 5680 de
1797 5640 1916 5696 qua
1946 5626 2040 5682 hic
2068 5628 2285 5698 agitur.

627 5700 738 5758 Sed
765 5705 921 5777 quod
955 5709 1072 5764 tam
1119 5724 1301 5781 prope
1331 5708 1636 5767 accederet
1686 5713 1758 5769 ad
1816 5730 2016 5772 vocem
2070 5735 2289 5790 μεσημ-

2410 1966 2466 2020 p.
2503 1949 2590 2015 13,
2624 1949 2793 2019 cujus
2824 1965 2989 2004 soror
3018 1949 3218 2017 Mytzaa
3243 1949 3454 2018 conjux
3487 1949 3618 2017 fuit,
3658 1953 3720 2002 ut
3753 1963 3858 2002 nos
3891 1948 4062 2000 docet

2407 2037 2788 2110 Pachymeres
2812 2038 2921 2092 hoc
2955 2039 3098 2108 loco,
3141 2038 3387 2110 Mytzam
3422 2037 3573 2094 659
3596 2039 3654 2091 et
3684 2036 4058 2091 Theodorum

2409 2127 2704 2183 Lascarim
2757 2120 3136 2200 συγγάμϐρους
3187 2143 3422 2182 vocans.
3476 2127 3552 2181 Ex
3609 2125 3719 2181 hoc
3772 2122 4067 2180 Theodori

2409 2217 2674 2272 Lascaris
2705 2215 2947 2273 secundi
2980 2216 3358 2272 matrimonio
3408 2221 3606 2271 natam
3641 2216 3866 2270 lrenem
3903 2214 4057 2267 idem

2406 2306 2665 2362 Joannes
2699 2311 2889 2362 Ducas
2919 2305 3211 2361 Theodori
3247 2311 3411 2377 pater
3458 2305 3649 2360 adhuc
3681 2305 3882 2358 vivens
3913 2303 4068 2358 Con-

2405 2396 2663 2450 stantino
2716 2395 3014 2452 collocavit
3043 2393 3202 2461 huic,
3264 2395 3335 2449 de
3365 2411 3480 2462 quo
3530 2393 3626 2448 hic
3674 2398 3895 2457 noster,
3961 2392 4062 2463 qui

2404 2494 2628 2558 partem
2659 2486 2890 2558 generis
2928 2503 2998 2541 ex
3044 2486 3247 2541 Serbia
3293 2483 3583 2539 trahebat.
3637 2483 3810 2538 Recte
3861 2488 4058 2537 autem

2404 2583 2568 2632 vocat
2599 2575 2967 2630 Constantini
3007 2574 3318 2645 conjugem
3361 2574 3583 2628 lrenem
3635 2570 3859 2645 ἐκγὸνην
3912 2575 4062 2626 Asa-

2406 2668 2516 2732 nis,
2551 2665 2658 2719 hoc
2707 2669 2795 2720 est
2844 2667 3095 2734 neptem,
3146 2662 3360 2734 quippe
3408 2679 3476 2717 ex
3529 2661 3747 2717 Helena
3777 2663 4061 2732 genitam,

2405 2754 2618 2811 Asanis
2650 2753 2792 2809 ﬁlia.

2480 2866 2532 2919 P.
2569 2864 2692 2917 360.
2728 2859 3048 2914 Cardinales
3079 2873 3343 2929 quatiam,
3377 2863 3486 2913 etc.
3526 2858 3668 2912 Pius
3693 2856 3760 2919 ll,
3795 2854 4063 2910 oratione

2404 2956 2471 3008 ad
2509 2950 2858 3016 cardinales,
2892 2965 3018 3018 quas
3055 2949 3263 3014 Texstat
3311 2953 3624 3002 comment.
3661 2946 3698 2999 Ι.
3736 2961 3809 3012 ιν,
3844 2944 3930 2997 sic
3964 2959 4064 2996 eos

2402 3041 2748 3110 compellat:
2803 3042 2910 3092 Vos
2934 3038 3054 3091 veri
3097 3035 3296 3090 mundi
3346 3034 3623 3101 cardines,
3649 3050 3819 3104 supra
3855 3033 4064 3102 quibus

2398 3132 2696 3186 militantis
2709 3129 2912 3183 ostium
2932 3126 3200 3181 Eccleeiae
3218 3125 3540 3180 volvendum
3561 3141 3623 3178 ac
3647 3122 3944 3192 regendum
3961 3125 4062 3174 est.

2323 3229 2366 3296 α
2408 3222 2636 3277 Ostium
2668 3222 2863 3272 autem
2900 3232 3049 3287 papa
3068 3219 3306 3270 vocatur
3333 3218 3396 3268 ut
3423 3211 3635 3268 Christi
3670 3208 4062 3280 vicarius,qui

2402 3314 2473 3367 de
2515 3326 2575 3364 se
2620 3308 2749 3379 ipso
2800 3306 2943 3360 dicit
2990 3304 3257 3374 Joannis,
3289 3321 3344 3369 χ,
3393 3303 3464 3356 9:
3515 3305 3624 3371 Ego
3673 3317 3795 3354 sum
3835 3300 4062 3354 ostium.

2400 3399 2563 3465 Quod
2600 3397 2667 3452 de
2701 3394 2971 3464 auroIhic
3003 3393 3278 3448 scribitur
3307 3392 3375 3447 ad
3418 3389 3744 3445 cardinales
3778 3389 3966 3443 misso
4002 3392 4068 3441 ut

2403 3503 2610 3560 papam
2649 3503 2760 3556 quo
2792 3482 3019 3538 volebat
3060 3483 3378 3554 imperator
3411 3480 3730 3544 ﬂecterent,
3763 3478 3966 3548 accipe
3993 3483 4069 3575 .ut

2403 3579 2693 3647 scriptum
2725 3591 2758 3629 a
2788 3573 3166 3628 schismatico
3208 3587 3301 3626 res
3348 3570 3684 3625 Latinorum
3719 3573 3774 3621 et
3803 3570 4072 3636 negotia-

2401 3665 2620 3721 tionem
2654 3678 2779 3733 quas
2813 3678 2968 3716 nunc
3000 3660 3388 3715 inchoabatur
3426 3655 3832 3712 conciliatonis
3866 3654 4071 3708 Eccle-

2401 3756 2626 3811 siarum
2662 3752 2945 3807 infamare
2978 3754 3226 3805 conante
3257 3747 3694 3819 suspicionibus
3725 3743 4069 3800 calumnio-

2401 3844 2506 3900 sis.
2542 3843 2732 3906 Quare
2762 3840 2812 3895 is
2844 3839 3254 3895 auctoritatem
3288 3837 3345 3891 in
3379 3837 3488 3891 hoc
3519 3835 3750 3906 quidem
3803 3850 3922 3887 non
3957 3832 4066 3886 ha-

2400 3933 2518 4000 bet,
2554 3931 2646 3987 cui
2679 3935 2807 3985 tuto
2861 3928 3034 3983 inniti
3076 3927 3366 3983 credendo
3412 3925 3667 3996 prudens
3704 3923 3910 3994 possit.
3951 3923 4070 3977 Nec

2402 4039 2552 4095 opus
2577 4025 2706 4076 orat
2736 4019 3171 4090 imperatorem,
3223 4016 3382 4070 haud
3441 4013 3660 4085 alioqui
3723 4011 4069 4082 prodigum,

2401 4110 2648 4182 pecunia
2679 4123 2870 4164 emere
2913 4121 3263 4162 consensum
3317 4102 3610 4174 pontiﬁcis
3659 4107 3760 4156 aut
3789 4100 4072 4196 cardiu-‘8:

2399 4199 2546 4255 lium
2581 4200 2638 4253 in
2673 4195 3229 4270 ireconciliationem
3281 4193 3694 4260 Ecclesiarum,
3748 4207 3927 4261 quam
3986 4188 4070 4242 illi

2399 4305 2653 4361 semper,
2690 4291 2754 4342 ut
2783 4286 2958 4341 etiam
2987 4288 3184 4339 noster
3215 4282 3353 4337 alibi
3386 4298 3499 4336 non
3534 4280 4074 4344 dissimulat,sum-

2400 4377 2514 4432 mis
2546 4377 2696 4432 votis
2728 4377 3096 4446 optaverant,
3147 4370 3299 4426 ultro
3350 4371 3534 4441 parati
3581 4385 3684 4441 pro
3715 4386 3782 4424 ea
3822 4368 4073 4439 quidvis

2399 4466 2637 4540 pacisci.
2670 4466 2753 4520 Ad
2787 4462 3223 4535 impetrandum
3255 4477 3389 4515 vero
3426 4478 3459 4515 a
3491 4460 3766 4531 pontiﬁce
3800 4463 3864 4512 ut
3883 4458 4072 4512 Caro-

2399 4555 2438 4610 li
2509 4555 2661 4627 regis
2716 4554 3025 4608 adversum
3087 4567 3148 4605 se
3204 4549 3635 4620 expeditionem
3693 4547 4069 4618 prohiberet,

2396 4644 2549 4717 quod
2587 4643 2755 4698 facile
2785 4640 3133 4698 crediderim
3167 4655 3282 4708 pra:
3332 4639 3609 4693 omnibus
3651 4636 3912 4692 voluisse
3949 4637 4068 4691 Mi-

2392 4732 2677 4801 ohaelem,
2728 4733 2872 4786 satis
2904 4731 3026 4802 ipse
3083 4726 3452 4800 intelligebat
3481 4727 3603 4782 fore
3634 4741 3834 4780 verum
3879 4743 4063 4781 suum

2391 4825 2450 4880 in
2485 4838 2684 4894 pacem
2711 4819 3101 4876 Ecclesiarum
3124 4816 3552 4889 procurandam
3580 4814 3913 4871 declarasse
3937 4822 4069 4871 stu-

2394 4912 2581 4968 dium.
2635 4910 2896 4981 Denique
2948 4909 3041 4964 hic
3088 4911 3318 4962 tantum
3378 4904 3776 4977 qualicunque
3809 4904 3927 4959 ﬁde
3963 4911 4072 4960 Pa-

2393 5002 2696 5074 chymeres
2727 4998 2984 5054 afﬁrmat
3003 4996 3268 5053 oblatum
3302 4995 3374 5050 ab
3398 4994 3755 5066 imperatore
3785 4995 4071 5051 cardine.

2396 5091 2554 5146 libus
2609 5106 2842 5155 aurum,
2903 5091 3210 5158 acceptum
3261 5086 3335 5141 ab
3391 5083 3463 5138 iis
3523 5099 3638 5139 non
3706 5085 3946 5140 asserit.
4001 5083 4075 5141 Et

2396 5179 2579 5236 fuisse
2611 5179 2836 5234 scimus
2886 5177 3123 5232 aliunde
3157 5174 3257 5229 illo
3305 5190 3421 5228 aevo
3470 5172 3798 5228 cardinales
3830 5174 4078 5247 aliquos

2396 5274 2518 5324 tam
2551 5272 2808 5333 sanctos,
2842 5265 2942 5338 qui
2977 5263 3397 5320 abstinentiam
3422 5262 3696 5330 Fabricii,
3720 5263 4074 5319 Samnitum

2397 5373 2609 5414 aurum
2638 5355 3030 5429 aspernantis,
3057 5353 3117 5408 in
3147 5369 3208 5409 se
3250 5351 3570 5408 desiderari
3623 5369 3736 5407 non
3770 5353 4073 5409 sinerent.

2469 5448 2536 5519 (P
2576 5447 2704 5514 462)
2752 5450 2814 5502 Ρ.
2855 5446 2982 5502 361.
3034 5443 3195 5513 Regii
3242 5441 3673 5497 archidiaconus
3730 5443 3891 5499 Cleri.
3953 5449 4083 5500 Sie-

2398 5535 2534 5609 pius
2562 5535 2622 5591 in
2660 5535 2771 5591 hac
2804 5533 3053 5590 historia
3073 5530 3458 5602 Pachymerea
3489 5531 3716 5587 indicat
3751 5532 3940 5589 fuisse
3977 5536 4086 5589 do-

2398 5626 2674 5683 mesticos
2731 5625 2918 5682 cleros
2977 5620 3333 5696 principum.
3391 5619 3482 5676 Sic
3541 5622 3839 5693 superius,
3881 5639 3934 5679 c.
3971 5625 4076 5694 22,

2395 5715 2439 5772 l.
2472 5732 2549 5789 xv,
2583 5714 2788 5774 scribit
2822 5711 3175 5787 Joaephnm,
3219 5714 3536 5782 antequam
3589 5712 3924 5771 monachus
3955 5714 4074 5770 ﬁe-
