4218 6450
218 377 351 453 1121

1793 389 2024 446 ΝΟΤΒ.

3470 387 3610 448 1122

214 526 321 588 ret,
349 517 583 575 lectoris
616 517 876 572 officium
932 514 1261 570 exercuisse
1320 514 1380 568 in
1443 513 1593 568 clero
1654 513 1936 579 dome—A
2037 512 2098 568 P.
2149 513 2274 566 366.
2337 514 2486 580 Quia
2547 512 2890 582 contingebat
2934 511 3216 582 frequenti
3286 517 3604 586 pontiﬁcum

214 611 358 666 stico
381 607 630 662 dominae
662 605 876 659 Irenes.
907 604 1034 658 Haec
1069 603 1177 657 fuit
1207 603 1362 674 prior
1421 619 1563 656 uxor
1590 601 1858 672 {impera-

212 699 359 754 toris
389 695 629 752 Joannis
661 695 828 748 Ducaa
870 693 1084 762 saepius
1134 691 1438 745 memorati
1498 690 1553 742 in
1609 689 1856 743 Historia

213 786 440 856 Georgii
465 783 828 853 Acropolitas.
856 783 948 836 Sic
965 783 1035 834 de
1061 781 1269 834 Pinaca
1289 778 1643 845 Heracleota,
1669 779 1855 847 capite

210 892 346 930 mox
400 874 490 937 24,
553 873 630 924 ibi
689 875 912 932 narrat,
974 868 1206 938 quando
1264 867 1314 920 ei
1375 872 1610 937 ereptus
1673 867 1856 918 honor

208 971 320 1030 est,
357 963 464 1034 ipsi
497 960 715 1030 alioqui
763 959 1018 1023 debitus,
1073 956 1454 1010 consecrandi
1516 954 1855 1026 patriarcha:

206 1052 469 1123 Josephi,
503 1051 704 1103 datum
737 1048 796 1102 in
829 1046 1105 1101 solatium
1169 1051 1232 1098 ut
1281 1046 1338 1098 in
1397 1045 1613 1115 palatio
1675 1043 1855 1097 sacris

209 1145 550 1213 aperaretur
582 1156 595 1204 ;
630 1153 757 1208 qua
790 1151 900 1203 res,
948 1141 1011 1189 ut
1060 1135 1268 1188 ibidem
1332 1139 1566 1202 patitur
1627 1131 1856 1200 magnis

206 1227 666 1284 auctoramentis
727 1229 1063 1295 quaestuosa
1119 1228 1260 1276 erat.
1317 1223 1407 1276 Sic
1462 1226 1516 1275 et
1595 1221 1650 1273 in
1705 1219 1856 1275 aulis

209 1319 674 1374 Christianorum
709 1313 1097 1369 Occidentalis
1134 1313 1400 1367 Ecclesiae
1432 1312 1854 1381 imperatorum

212 1425 279 1462 ac
314 1423 513 1478 regum
575 1404 840 1458 videmus
899 1401 1119 1471 templa
1204 1401 1465 1470 ipsorum
1540 1399 1858 1453 domestica

209 1514 352 1553 suos
384 1498 522 1550 item
557 1494 743 1550 cleros
773 1497 829 1546 et
859 1493 1051 1546 omnis
1091 1490 1313 1544 ordinis
1375 1489 1678 1543 ministros
1731 1490 1856 1558 jam

209 1587 352 1642 olim
384 1583 614 1638 habere.
650 1583 719 1637 Ut
767 1581 836 1634 de
891 1579 1021 1634 aliis
1080 1579 1306 1644 sileam,
1366 1578 1422 1631 id
1487 1578 1704 1647 prolixe
1757 1577 1855 1630 do-

209 1682 299 1730 cet
333 1673 583 1729 Historia
607 1673 833 1726 Sanctae
866 1667 1152 1740 Cappellse
1196 1669 1405 1722 domus
1464 1667 1618 1738 regis
1680 1667 1856 1720 Fran-

210 1765 312 1820 cia
345 1764 569 1817 dudum
602 1760 757 1814 edita
790 1775 1002 1828 magno
1034 1757 1351 1812 volumine.

1965 610 2141 656 morte
2197 605 2338 656 alios
2403 618 2474 655 ex
2530 601 2660 654 aliis
2708 618 2876 671 papas
2932 602 3072 670 ﬁeri.
3134 604 3270 657 Vere
3330 605 3436 659 hoc
3516 609 3607 661 di-

1966 695 2146 744 ctum.
2190 695 2332 744 Nam
2384 705 2484 759 per
2533 689 2651 742 haec
2704 694 2967 759 tempora
3022 684 3480 765 βραχυϐιώτεροι,
3544 701 3610 750 ut

1965 779 2048 833 sic
2081 779 2308 849 loquar,
2371 794 2549 848 quam
2604 779 2720 831 fere
2781 777 2924 831 alias
2986 778 3227 832 Romani
3303 784 3608 851 pontifices

1968 867 2144 933 fuere,
2183 867 2475 936 siquidem
2511 866 2828 919 Alexander
2860 869 2932 918 IV
2974 881 3072 920 sex
3129 873 3358 923 tantum
3423 888 3606 926 annos

1962 956 2118 1019 vixit,
2157 955 2423 1008 Urbanus
2459 971 2586 1008 vero
2622 955 2690 1007 1V
2725 963 2860 1018 tres,
2895 971 2998 1008 nec
3052 956 3235 1012 multo
3289 959 3417 1029 plus
3477 960 3606 1016 Cle-

1967 1063 2133 1100 mens
2167 1046 2260 1109 IV,
2295 1046 2677 1115 GregoriusX
2709 1049 2823 1098 tres
2857 1062 2985 1100 cum
3021 1047 3289 1114 dimidio,
3320 1052 3604 1105 Innocen-

1967 1134 2405 1206 tiuquuatuor
2423 1134 2748 1196 mensibus,
2767 1135 3096 1190 Hadrianus
3114 1140 3160 1188 V
3176 1153 3268 1193 ses
3291 1141 3390 1209 qui
3409 1157 3608 1197 mense

1965 1240 2078 1277 non
2112 1229 2252 1288 toto,
2285 1224 2542 1277 Joannes
2602 1223 2737 1276 XXI
2794 1240 2996 1278 novem
3057 1227 3378 1282 mensibus.
3441 1229 3606 1284 Nico-

1967 1313 2096 1366 laus
2120 1313 2191 1366 III
2228 1329 2340 1366 non
2375 1313 2514 1366 totis
2547 1312 2740 1365 tribus
2776 1313 2965 1366 annis.
3003 1313 3111 1366 Sed
3147 1321 3202 1368 et
3243 1315 3298 1369 in
3333 1316 3440 1370 hoc
3489 1326 3612 1372 erat

1966 1401 2186 1471 aliquid
2227 1418 2342 1470 quo
2403 1401 2582 1454 Graeci
2642 1416 2954 1469 agnoscere
3015 1408 3252 1472 possent
3311 1405 3609 1462 meliorem

1968 1487 2238 1542 Ecclesiae
2298 1488 2687 1542 conditionem
2751 1505 2814 1541 ac
2862 1493 3079 1542 statum
3142 1492 3294 1561 apud
3377 1495 3610 1550 Latinos

1970 1595 2146 1648 quam
2179 1578 2332 1648 apud
2369 1579 2543 1648 ipsos.
2608 1577 2830 1631 Etenim
2887 1594 3020 1631 cum
3070 1579 3267 1634 minus
3327 1581 3441 1636 fere
3485 1600 3613 1638 cre-

1971 1669 2106 1721 bras
2157 1667 2616 1737 patriarcharum
2674 1666 3028 1722 mutationes
3105 1669 3610 1743 Constantinopoli

1971 1756 2335 1825 contingeret
2375 1756 2496 1809 fieri
2547 1771 2721 1824 quam
2783 1772 3066 1824 paparum
3130 1757 3344 1824 Romze,
3404 1761 3610 1816 discri-

290 1876 350 1926 P.
386 1870 506 1923 363.
545 1867 799 1938 De/uncti
829 1866 1070 1920 cadaver
1099 1881 1198 1934 pro
1226 1862 1421 1918 merito
1470 1864 1696 1930 animae,
1751 1865 1857 1916 etc.
1893 1866 1940 1931 B
1974 1863 2104 1901 me“
2137 1853 2257 1938 ξδῐἪί
2315 1850 2556 1938 ίθηὶθηχ
2589 1844 2744 1938 CI”de
2791 1861 2949 1938 ξειρω
3008 1847 3210 1938 mortis
3256 1851 3612 1938 necessitate

215 1962 376 2015 Satis
409 1960 528 2013 haec
561 1963 960 2012 consentanea
994 1953 1062 2007 iis
1102 1970 1228 2024 qua}
1281 1953 1481 2007 Franci
1547 1953 1861 2021 scriptorcs

215 2051 462 2106 tradunt
481 2051 546 2102 de
569 2051 751 2101 morte
770 2046 922 2099 660
937 2051 991 2098 et
1013 2043 1068 2098 lu
1081 2059 1213 2097 nere
1237 2043 1416 2096 sancti
1442 2042 1592 2112 regis
1614 2040 1864 2095 Ludovi-

214 2141 293 2205 ci,
329 2137 628 2208 exquibus
679 2134 1026 2204 compendio
1083 2131 1252 2185 refert
1303 2131 1653 2200 Spondanus
1709 2146 1862 2184 anno

216 2229 377 2288 12-70.
413 2241 573 2280 num.
608 2226 640 2278 4
674 2241 684 2277 :
713 2224 880 2277 Sacra
909 2224 1026 2292 ejus
1059 2237 1184 2275 ossa
1212 2236 1375 2274 carne
1398 2219 1675 2273 denudata
1709 2220 1860 2273 lotio-

208 2334 282 2372 ne
311 2315 691 2380 mundissima,
724 2314 923 2383 pannis
971 2312 1159 2365 sericis
1215 2325 1340 2364 eum
1388 2310 1730 2363 aromatibus
1788 2307 1866 2362 in-

208 2404 503 2473 voluta,in
535 2402 718 2459 loculo
752 2405 1026 2457 reservata
1070 2401 1261 2468 fuisse,
1303 2398 1602 2466 deferenda
1654 2399 1721 2451 ad
1779 2413 1861 2451 ec-

208 2495 439 2551 clesiam
467 2493 522 2547 S.
560 2494 830 2562 Dionysii,
868 2496 1004 2553 etc.,
1044 2489 1279 2543 Carnem
1309 2503 1434 2541 vero
1477 2493 1531 2541 et
1573 2487 1859 2550 intestina,

208 2604 244 2640 a
277 2601 375 2639 suo
409 2586 594 2654 nepote
626 2581 889 2652 Philippo
920 2596 1046 2649 rege
1075 2581 1385 2646 impetrata,
1430 2595 1462 2631 a
1504 2577 1693 2631 Carolo
1744 2577 1862 2645 ejus

210 2678 396 2744 fratre
454 2672 748 2740 honoriﬁce
809 2673 866 2724 in
927 2668 1178 2723 Siciliam
1235 2666 1439 2733 delata,
1499 2670 1550 2720 et
1625 2667 1864 2734 reposita

215 2767 278 2818 in
329 2761 560 2818 ecclesia
608 2758 798 2815 Montis
850 2757 1096 2830 Regalis,
1153 2754 1481 2810 monasterii
1535 2754 1746 2809 ordinis
1805 2755 1861 2809 S.

217 2849 508 2906 Benedicti
555 2865 718 2919 prope
774 2854 1134 2903 Panormum.
1196 2849 1315 2897 Huc
1359 2845 1595 2914 respicit
1647 2843 1864 2897 mentio

214 2959 248 2997 ε
289 2945 487 2995 nostro
543 2939 691 2993 facta
751 2936 1060 2992 toculorum
1116 2938 1484 3005 pretiosorum
1545 2934 1603 2986 in
1652 2932 1862 3002 plurali

216 3043 506 3082 numero:
541 3027 656 3080 duo
689 3027 844 3080 enim
870 3026 1125 3091 fuerunt,
1161 3040 1409 3094 quorum
1444 3022 1626 3076 altero
1657 3027 1711 3075 S.
1753 3023 1863 3076 Lu-

216 3117 410 3172 dovici
442 3133 576 3171 ossa
606 3117 662 3170 in
711 3114 958 3168 Galliam
1020 3118 1249 3185 portata
1305 3116 1466 3178 sunt,
1528 3112 1707 3166 altero
1776 3111 1863 3164 in-

216 3207 438 3261 testina
468 3210 523 3259 et
554 3221 758 3259 carnes
783 3203 842 3257 in
874 3202 1134 3257 Siciliam
1169 3201 1472 3256 translata.

296 3313 353 3366 P.
410 3312 532 3365 365.
595 3309 754 3364 Verti
806 3313 1115 3379 argentum
1175 3309 1370 3362 vivum
1422 3306 1651 3380 ἄργυρον
1706 3303 1868 3378 ὑγρὰν

215 3397 388 3473 χυτόν
424 3399 688 3452 imitatus
725 3397 1444 3467 Aristotelisinterpretes,
1499 3396 1536 3449 1.
1589 3412 1602 3448 1
1637 3397 1706 3450 De
1753 3396 1875 3449 ani-

218 3506 335 3553 ma,
371 3488 466 3558 qui
502 3487 584 3542 sic
617 3486 816 3541 Latine
850 3487 1102 3540 reddunt
1161 3481 1392 3558 ἄργυρον
1455 3482 1643 3557 χυτόν.
1705 3486 1864 3547 Quod

218 3585 278 3633 et
315 3576 474 3650 ὑγρόν
507 3586 664 3632 recte
696 3593 728 3631 a
755 3582 950 3631 nostro
982 3576 1198 3629 dicitur
1231 3591 1242 3631 :
1301 3581 1389 3629 est
1443 3575 1596 3628 enim
1659 3575 1873 3628 humor

220 3669 509 3737 liquidus,
544 3671 599 3721 et
639 3667 818 3736 liquor
863 3675 1122 3730 κίεν-ηαδ,
1187 3670 1250 3719 ut
1311 3665 1528 3718 Plinius
1593 3665 1871 3734 loquitur,

222 3758 351 3812 Nat.
388 3758 524 3810 Hist.
561 3756 598 3809 l.
633 3772 831 3824 χχχιι,
863 3771 913 3809 c.
945 3756 980 3807 6
1015 3759 1071 3809 et
1127 3757 1181 3820 8,
1241 3756 1412 3823 guttis
1456 3755 1630 3808 dividi
1687 3754 1874 3823 facilis

222 3851 274 3902 et
308 3847 523 3900 lubrico
556 3845 780 3899 humore
809 3845 1107 3913 conﬂuens.
1146 3843 1519 3914 Hydrargyri,
1557 3846 1710 3913 quod
1747 3843 1873 3897 vul-

221 3950 364 4008 gare
393 3936 570 4003 hujus
604 3935 682 3988 rei
710 3950 919 3988 nomen
946 3935 1089 4002 scio,
1113 3933 1393 3988 vocabulo
1427 3933 1681 3988 abstinui
1746 3950 1875 4002 pro-

220 4028 423 4095 pterea
455 4024 607 4094 quod
633 4039 764 4077 cum
792 4023 969 4092 huius
996 4023 1239 4094 liquoris
1263 4023 1474 4092 duplex
1497 4039 1681 4093 genus
1706 4022 1781 4077 sit
1810 4038 1876 4076 ex

217 4115 407 4170 Plinio
428 4116 674 4179 ibidem,
703 4113 953 4168 alterum
982 4113 1527 4181 naturale,alterum
1558 4114 1874 4180 factitium,

219 4206 565 4278 hydrargyri
602 4204 916 4276 appellatio
948 4206 1165 4275 potius,
1201 4211 1264 4259 ut
1287 4205 1503 4258 ibidem
1532 4205 1782 4258 traditc.
1819 4206 1875 4272 8,

216 4296 440 4352 factitio
465 4296 766 4351 tribuitur.
790 4296 869 4350 De
904 4296 1080 4366 priori
1111 4312 1244 4350 vero
1288 4295 1382 4348 hic
1437 4311 1607 4364 agere
1659 4296 1875 4366 Pachy-

219 4402 467 4453 merem,
501 4388 782 4441 suadetur
806 4402 873 4439 ex
904 4386 1112 4440 effectu
1149 4385 1515 4455 deprimendi
1551 4386 1715 4438 fundi
1753 4402 1876 4439 ma~

220 4479 325 4545 ris,
362 4494 537 4548 quem
572 4478 621 4531 ei
659 4478 860 4531 tribuit
893 4482 1292 4532 consentanea
1342 4475 1414 4529 iis
1477 4493 1603 4546 quae
1661 4476 1730 4530 de
1787 4493 1877 4530 eo-

217 4567 356 4621 dem
388 4566 568 4619 tradit
601 4564 822 4619 Plinius
850 4564 1117 4634 locojam
1151 4564 1411 4634 laudato,
1445 4581 1495 4617 c.
1522 4565 1576 4630 6,
1605 4564 1640 4618 l.
1676 4583 1871 4632 χχχιιι,

214 4657 316 4711 ubi
352 4655 436 4709 sic
469 4654 750 4709 scribitur
789 4671 802 4709 :
835 4657 925 4709 Est
958 4658 1010 4709 et
1043 4654 1184 4723 lapis
1215 4653 1275 4707 in
1307 4653 1392 4707 his
1444 4655 1593 4708 venis
1643 4655 1871 4724 (argen-

214 4747 304 4816 ti),
329 4746 491 4813 cujus
520 4747 732 4800 vomica
765 4745 996 4816 liquoris
1038 4747 1242 4800 aeterni
1270 4753 1659 4811 argumentum
1691 4747 1874 4798 vivum

211 4836 553 4906 appellatur,
586 4851 860 4890 venenum
892 4851 1082 4888 rerum
1108 4834 1380 4889 omnium.
1414 4838 1579 4888 Exest
1636 4851 1699 4887 ac
1747 4850 1871 4903 per-

212 4926 431 4995 rumpit
453 4925 713 4979 universa
743 4940 1038 4995 permeans
1073 4926 1194 4979 tabe
1238 4925 1380 4978 dira.
1408 4924 1493 4978 Ita
1518 4923 1613 4977 ille
1645 4942 1658 4990 ;
1720 4924 1872 4978 unde

211 5014 384 5069 facile
417 5018 609 5085 potest
639 5014 885 5084 intelligi
921 5031 1026 5068 cur
1049 5018 1246 5085 aptum
1273 5014 1604 5084 judicatum
1649 5012 1724 5066 sit
1775 5030 1868 5066 ex-

210 5103 442 5158 edendo
477 5104 1027 5175 perrumpendoque
1059 5109 1115 5157 et
1162 5103 1245 5157 sic
1307 5102 1482 5156 altius
1543 5103 1870 5157 excavando

213 5191 401 5245 fundo
427 5196 653 5261 portus,
677 5193 748 5246 de
778 5209 892 5262 quo
926 5191 1021 5245 hic
1065 5191 1406 5257 historicus,
1470 5191 1570 5261 qui
1617 5192 1868 5262 gratiam

213 5280 876 5348 iniissetalectoribus,
912 5283 960 5336 si
1013 5282 1350 5337 distinctius
1408 5283 1647 5336 modum
1698 5299 1865 5337 enar-

208 5376 424 5436 rasset,
457 5387 572 5442 quo
605 5375 726 5427 haec
775 5371 1074 5441 depressio
1135 5373 1299 5426 fundi
1358 5377 1562 5442 portus
1623 5389 1724 5442 per
1773 5389 1861 5427 ar-

208 5467 459 5533 gentum
496 5461 689 5516 vivum
726 5463 877 5517 facta
907 5467 1012 5516 est.
1045 5461 1328 5516 Credibile
1361 5462 1577 5533 quippe
1629 5468 1720 5517 est
1768 5479 1865 5532 pe-

187 5552 502 5608 culiarem
558 5554 878 5624 quamdam
923 5555 994 5608 ad
1045 5554 1101 5608 id
1155 5559 1338 5609 artem
1375 5560 1433 5608 et
1481 5558 1667 5609 certas
1723 5555 1867 5610 forte

201 5640 522 5697 machinas
555 5643 871 5713 adhibitae,
906 5659 1038 5713 qua
1066 5644 1279 5715 ignota
1313 5643 1484 5699 hodie
1537 5643 1680 5709 sint,
1731 5646 1864 5700 usui

204 5731 430 5788 futura
463 5731 514 5788 si
546 5731 860 5789 scirentur.

1975 1934 2377 2000 mutabantur,
2413 1933 2752 2003 patriam-ha:
2785 1932 3422 2006 Constantinopolitani
3465 1941 3615 1994 arbi-

1977 2023 2084 2076 trio
2125 2021 2494 2091 imperatoris
2554 2020 2974 2074 aniovebantur
3025 2027 3081 2074 et
3141 2025 3616 2094 subrogabantur

1978 2111 2176 2181 Itaque
2209 2108 2409 2179 paucis
2445 2107 2620 2177 hujus
2677 2107 3044 2177 principatus
3103 2111 3276 2165 annis
3333 2114 3609 2169 Arsenias

1975 2218 2108 2256 mox
2136 2200 2242 2254 hoc
2277 2199 2527 2268 relegato
2585 2197 2933 2266 Germanus,
2992 2199 3100 2253 hoc
3158 2201 3396 2256 detruso
3448 2203 3610 2259 Jose-

1975 2291 2148 2362 phus,
2184 2292 2313 2360 post
2336 2288 2515 2342 istum
2551 2287 2879 2356 depositum
2935 2286 3153 2342 Veccus
3216 2291 3451 2345 luerunt
3507 2309 3614 2362 pa-

1972 2377 2257 2432 triarchae.
2285 2376 2356 2430 Ut
2389 2378 2502 2429 lere
2536 2392 2646 2428 non
2713 2374 2908 2429 minus
2968 2375 3235 2444 Michaeli
3290 2379 3610 2452 Palaeologo

1972 2468 2297 2531 conveniat,
2334 2466 2486 2536 quod
2520 2464 2884 2535 Epliraemius
2929 2466 2982 2519 in
3044 2469 3307 2539 catalogo
3366 2471 3610 2540 patriar-

1972 2557 2216 2612 charum
2249 2553 2946 2624 ConstantinOpolitarum
2990 2555 3058 2608 de
3118 2557 3333 2614 Isaacio
3391 2561 3611 2631 Angelo

1974 2647 2208 2717 scripsit
2242 2662 2255 2699 :

2043 2857 2374 2928 ἘΑκλησίας
2406 2857 2568 2948 ἔθιμα
2595 2864 2955 2934 καινουργῶν,
2977 2861 3198 2948 δούρων,

2041 2935 2136 2987 ‘Ov
2173 2935 2267 3007 μὲν
2297 2931 2550 3007 numerat;
2583 2931 2936 3007 πατριαρχῶν
2971 2931 3023 2994 ἐξ
3056 2931 3269 3007 θρόνον,

2044 3007 2142 3060 "Ov
2177 3004 2221 3059 δ’
2252 3003 2451 3076 ἐξάγων
2486 3004 2574 3075 αὖ,
2605 3003 2699 3058 καί
2729 3003 2866 3078 μόνῂ
2895 3003 3194 3081 πραιρέσιι.

1899 3240 1942 3306 C
1984 3222 2042 3276 P.
2073 3222 2195 3276 368.
2263 3225 2472 3276 Verum
2506 3221 2624 3276 illis
2678 3227 2738 3276 ut
2791 3239 2903 3277 non
2952 3224 3211 3294 placebat
3265 3228 3619 3300 —principi.

1986 3313 2109 3365 Ilaec
2143 3315 2198 3365 et
2221 3328 2345 3380 quae
2399 3328 2530 3365 mox
2588 3311 2825 3382 subjicit
2886 3314 3218 3383 superbam,
3296 3315 3620 3386 ingravam,

1983 3407 2387 3455 contumacem
2414 3401 2741 3454 Graecorum
2795 3401 3126 3456 antistitum
3186 3403 3244 3457 in
3305 3405 3624 3462 schismate

1985 3489 2358 3560 pertinaciam
2394 3489 2692 3545 declarant
2726 3510 2739 3556 ;
2775 3506 2921 3560 quos
2953 3499 3010 3546 et
3041 3509 3100 3546 se
3151 3509 3282 3547 cum
3343 3494 3462 3550 illis
3520 3514 3623 3567 pa-

1986 3579 2068 3632 ria
2096 3580 2357 3633 sentiens
2407 3579 2501 3634 hic
2549 3579 2864 3633 historicus
2950 3581 3225 3647 traducit,
3310 3584 3448 3638 dum
3523 3585 3628 3639 ob-

1984 3674 2184 3726 noxios
2235 3669 2481 3740 principi
2539 3670 2636 3722 vili
2696 3671 3110 3735 assentatione,
3186 3678 3388 3728 contra
3464 3691 3621 3729 men-

1983 3767 2100 3815 tem
2138 3765 2194 3814 et
2251 3775 2493 3813 sensum
2554 3759 2854 3824 intimum,
2941 3761 3305 3831 significasse
3383 3763 3462 3818 ait
3513 3765 3624 3819 sibi

1985 3850 2068 3906 vel
2099 3849 2349 3903 maxime
2392 3848 2452 3918 (P
2505 3849 2630 3915 463)
2689 3847 2915 3919 placere
2956 3850 3011 3902 id
3045 3850 3238 3920 ipsum
3272 3868 3303 3904 a
3344 3869 3456 3922 quo
3511 3854 3628 3907 im-

1988 3945 2251 4013 potenter
2278 3939 2667 3993 abhorrebant
2700 3959 2712 4006 ;
2748 3940 2900 4010 quod
2935 3940 3190 3996 immane
3241 3948 3523 4012 quantum
3560 3947 3631 3998 ab

1985 4029 2315 4099 evangelica
2349 4028 2685 4082 sinceritate
2712 4038 2776 4081 ac
2801 4029 3191 4098 generositate
3224 4030 3477 4087 alienum
3516 4040 3626 4090 est.

2057 4119 2202 4173 Ibid.
2237 4119 2294 4172 In
2317 4118 2482 4171 semel
2514 4117 2668 4171 adita
2692 4119 3032 4187 possessione
3088 4122 3439 4176 auctoritatis
3499 4124 3628 4180 inde

1984 4208 2282 4278 pendentis,
2338 4212 2448 4262 etc.
2503 4211 2613 4260 Per
2669 4209 2888 4277 gradus
2937 4208 3005 4261 ad
3063 4208 3237 4264 istam
3283 4213 3627 4283 usurpatio-

1987 4314 2116 4352 nem
2143 4296 2506 4351 auctoritatis
2539 4297 2988 4366 independentis
3053 4299 3230 4353 Graeci
3294 4305 3622 4358 Constanti-

1987 4386 2310 4457 nopolitani
2344 4391 2771 4455 processerunt.
2820 4386 3082 4441 Primum
3126 4390 3354 4458 pertassi
3413 4391 3627 4459 Bysan-

1986 4477 2119 4530 tinaa
2152 4474 2528 4538 humilitatis,
2562 4491 2678 4543 qua
2737 4472 2874 4528 olim
2912 4477 2969 4529 in
3029 4478 3410 4533 ecclesiarum
3472 4483 3624 4536 ordi-

1990 4582 2059 4619 ne
2087 4565 2288 4617 infimo
2324 4562 2753 4632 metropolitam
2791 4564 3040 4617 Heraeis:
3067 4565 3325 4621 Thracia
3371 4572 3627 4640 superio-

1990 4671 2109 4708 rem
2134 4657 2511 4723 agnoverant,
2545 4657 2610 4705 ut
2650 4653 2772 4720 ipse
2823 4655 2964 4707 061
3035 4653 3186 4709 ultra
3243 4657 3628 4729 Pachymeres

1988 4745 2218 4807 fatetur,
2247 4759 2298 4811 p.
2333 4742 2457 4808 305,
2494 4741 2662 4796 facile
2696 4741 3092 4811 impetrarunt
3136 4744 3407 4815 ﬂagranti
3469 4751 3624 4820 apud

1987 4830 2355 4888 Constantini
2407 4831 2600 4900 Magni
2665 4832 2873 4901 gratia,
2907 4838 2971 4886 ut
3018 4834 3075 4888 in
3136 4851 3380 4891 censum
3436 4843 3626 4908 majo-

1985 4937 2115 4977 rum
2167 4918 2567 4988 ecclesiarum,
2620 4937 2746 4990 que
2793 4926 2993 4992 postea
3050 4923 3377 4995 frequetius
3437 4929 3618 4998 patri-

1981 5005 2247 5065 archales
2296 5010 2510 5060 vocatae
2569 5013 2728 5075 sunt,
2792 5009 3168 5066 referrentur.
3233 5015 3413 5078 Quem
3464 5033 3625 5072 nemo

1981 5099 2124 5170 ipsis
2180 5097 2459 5152 honorem
2520 5096 2747 5167 invidit,
2802 5101 2990 5170 quoad
3050 5101 3160 5156 sibi
3255 5105 3625 5177 praescriptos

1980 5193 2036 5245 in
2086 5191 2215 5260 ejus
2270 5204 2378 5242 usu
2431 5186 2649 5242 limites
2703 5205 3083 5262 perrumpere
3143 5198 3244 5247 aut
3328 5197 3626 5254 transilire

1980 5294 2118 5336 sunt
2167 5279 2380 5334 conati.
2440 5282 2582 5332 Cum
2635 5279 2793 5333 enim
2849 5297 3013 5336 sacra
3067 5282 3300 5338 Nicasna
3366 5288 3626 5358 synodus

1979 5367 2339 5439 locumipsis
2370 5372 2644 5437 quartum
2707 5367 2858 5423 inter
2915 5370 3176 5444 quinque
3231 5376 3482 5444 majores
3532 5394 3624 5433 as-

1979 5461 2291 5532 signasset,
2326 5455 2434 5527 ipsi
2467 5472 2703 5528 aequum
2734 5465 3039 5516 censentes
3097 5479 3309 5519 novam
3370 5465 3616 5521 Romam

1977 5555 2068 5605 est
2098 5546 2325 5618 imperii
2362 5546 2560 5599 sedem
2593 5546 2836 5602 alteram
2892 5549 3066 5604 etiam
3111 5552 3167 5606 in
3226 5553 3625 5611 ecclesiastica

1977 5637 2259 5709 dignitate
2288 5632 2524 5705 ἀμέσως,
2558 5636 2850 5692 admoveri
2882 5638 3078 5695 Romae
3111 5643 3287 5697 veteri
3319 5644 3464 5698 nihil
3499 5661 3613 5700 non

1979 5728 2288 5786 moverunt
2337 5740 2452 5796 quo
2511 5731 2962 5798 assequerentur
3018 5734 3083 5787 ut
3135 5729 3525 5792 Alexandrino
3571 5742 3628 5800 et
