4248 6438
645 378 784 435 1123

1693 375 1754 427 Ρ.
1797 370 2068 428 Ροεεωι
2106 367 2718 429 ΟΒΒΕΒῨΔΤῙΟΝΠΜ
2753 375 2885 430 LIB.
2929 379 3002 432 Ῑῐ.

3912 382 4056 442 1124

634 500 1000 558 Antiocheno
1022 498 1389 571 patriarchis,
1425 513 1677 569 quorum
1713 495 1808 551 ille
1843 493 2137 551 secundus
2176 492 2273 546 hic
2305 493 2360 561 Α
2399 496 2594 561 tumm,
2636 514 2737 552 nec
2791 501 3106 572 privilegiis
3163 505 3474 574 antiquitus
3522 504 3800 563 institutis
3847 517 4053 565 metro-

633 595 843 650 tertius
876 609 908 646 a
938 591 1198 646 Romano
1256 587 1588 662 patriarcha
1619 589 1689 643 ab
1749 589 1908 643 omni
1964 590 2118 642 retro
2169 601 2272 640 au-

634 684 906 755 tiquitate
973 679 1263 734 numerati
1326 679 1586 745 fuerunt,
1666 680 2162 748 prmponerentur,
2221 683 2278 728 et

634 770 962 829 secundum
998 768 1261 839 protinus
1291 785 1322 821 a
1379 784 1535 838 papa
1586 765 1953 821 auctoritatis
2002 763 2276 819 ecclesia-

636 864 792 918 sticas
820 859 1065 932 gradum
1107 858 1467 912 insisterent.
1529 859 1715 927 Atque
1759 857 1865 911 hoc
1923 856 2119 926 ipsum
2173 869 2276 923 pa-

634 951 752 1006 lam
783 951 967 1021 primo
1001 953 1194 1018 petere
1226 963 1341 1001 non
1374 946 1524 1012 ausi,
1577 949 1809 1000 tantum
1842 945 2279 1015 expugnarunt,

639 1056 812 1096 suum
845 1036 997 1092 nacti
1039 1041 1271 1106 tempus
1330 1051 1444 1106 quo
1505 1039 1648 1089 erat.
1713 1029 2279 1101 Constantinopolim

637 1146 790 1187 anno
820 1127 1032 1184 Christi
1066 1125 1160 1180 38l
1221 1125 1481 1197 synodus
1535 1128 1757 1192 coacta,
1809 1127 1873 1177 ut
1929 1122 2000 1176 ab
2053 1137 2120 1174 ea
2179 1120 2281 1172 de-

637 1220 1017 1275 cernerentur
1046 1213 1170 1269 sedi
1202 1213 1856 1284 Constantinopolitana
1908 1209 1974 1262 τὰ
2022 1201 2283 1282 πρεσϐεῖα

634 1314 735 1375 τῆς
762 1306 952 1376 τιμῆς.
1006 1304 1067 1358 Id
1101 1302 1420 1358 universim
1472 1305 1530 1356 et
1559 1301 1835 1372 ambigue
1865 1300 2086 1354 dictum
2147 1313 2282 1351 cum

636 1397 810 1467 longo
842 1399 1104 1462 tempore
1132 1406 1304 1445 nemo
1335 1395 1600 1460 putasset
1658 1390 1947 1460 pertinere
1987 1388 2058 1442 ad
2114 1386 2284 1440 abro-

638 1485 932 1557 gationem
965 1479 1181 1536 Niceeni
1213 1478 1475 1544 canonis,
1513 1493 1628 1548 quo
1678 1481 1820 1543 erat,
1883 1480 1949 1530 ut
2005 1475 2282 1542 diximus,

638 1581 935 1638 secundus
982 1583 1038 1633 et
1084 1576 1291 1631 tertius
1350 1592 1383 1629 a
1433 1575 1697 1630 Romana
1759 1574 1895 1629 sede
1977 1571 2286 1643 dignitatis

639 1671 802 1728 locus
858 1667 1252 1726 Alexandrino
1311 1670 1368 1720 et
1437 1664 1797 1720 Antiocheno
1875 1662 2102 1717 thronis
2179 1660 2285 1715 rite

637 1760 922 1822 sancitus,
981 1756 1218 1811 tandem
1277 1754 1336 1808 in
1391 1751 1812 1810 Calcedonensi
1875 1767 2091 1823 magna
2156 1766 2286 1818 syn-

633 1851 743 1907 odo
771 1846 1068 1903 Anatolius
1090 1842 1775 1913 Constantinopolitanus
1808 1840 2138 1913 patriarcha
2164 1856 2286 1893 ma-

639 1956 752 2012 gno
784 1936 1011 1992 ambitu
1045 1934 1320 2000 obtinuit,
1357 1933 1574 1987 frustra
1614 1931 2071 1986 reclamantibus
2129 1928 2287 1983 sedis

642 2026 973 2099 apostolicae
997 2022 1226 2094 legatis,
1257 2029 1319 2076 ut
1349 2026 1707 2076 statueretur
1748 2017 2286 2089 Constantinopoli-

636 2124 790 2174 tanae
825 2116 949 2170 sedi
1009 2114 1267 2185 primum
1329 2116 1462 2183 post
1512 2111 1836 2165 Romanam
1907 2108 2100 2164 locum
2133 2109 2286 2178 '_esse

635 2205 1039 2264 tribuendum.
1069 2205 1194 2268 Qua
1226 2201 1297 2256 de
1331 2217 1390 2255 re
1415 2200 1602 2255 factus
1635 2199 1845 2254 certior
1876 2203 2117 2253 sanctus
2176 2201 2285 2252 Leo

639 2313 779 2363 tunc
815 2301 1075 2376 pontifex
1129 2299 1430 2354 Romanus
1489 2296 1962 2368 intempestivam
2019 2294 2290 2350 ambitio-

641 2412 776 2452 nem
809 2392 964 2448 haud
1002 2387 1396 2462 perfunctorie
1428 2386 1665 2456 retudit,
1716 2385 1953 2456 scriptis
2010 2386 2080 2441 ad
2132 2386 2285 2439 Ana-

645 2485 849 2541 tolium
888 2480 1120 2543 litteris,
1151 2478 1369 2549 quibus
1429 2477 1514 2531 sic
1569 2475 1739 2532 illum
1795 2476 2102 2546 increpat:
2165 2475 2290 2529 Post

639 2575 744 2632 illa
777 2575 960 2642 itaque
985 2568 1362 2645 ordinationis
1409 2569 1522 2622 tua?
1576 2581 1687 2620 non
1748 2564 2024 2635 inculpato
2082 2564 2286 2635 princi-

641 2682 757 2734 pza,
791 2670 909 2732 post
939 2659 1409 2714 consecrationem
1440 2655 1765 2710 Antiocheni
1805 2652 2065 2724 episcopi,
2125 2669 2292 2724 quam

641 2753 856 2809 tibimet
899 2759 1092 2805 contra
1139 2746 1462 2800 canonicam
1518 2743 1768 2814 regulam
1825 2744 2146 2808 vindicasti,
2195 2742 2290 2796 do-

646 2845 726 2898 leo
758 2840 923 2897 etiam
958 2840 1018 2893 in
1049 2839 1147 2892 hoc
1197 2834 1549 2890 dilectionem
1597 2842 1749 2888 tuam
1815 2848 1925 2887 esse
1979 2833 2293 2903 prolapsam

639 2938 699 2989 ut
746 2929 1154 2986 sacratissimas
1209 2926 1568 2981 Nicaenorum
1623 2937 1896 2977 canonum
1947 2921 2289 2976 constitutio-

640 3038 735 3077 nes
767 3016 1045 3075 conareris
1074 3015 1408 3084 infringere,
1432 3017 1697 3083 tanquam
1750 3020 2048 3082 Opportune
2091 3027 2151 3064 se
2193 3009 2295 3064 tibi

647 3113 745 3167 hoc
771 3120 976 3178 tempus
1006 3106 1272 3160 obtulerit
1324 3103 1725 3179 quo_secundi
1781 3101 2002 3156 honoris
2061 3102 2294 3168 privile-

644 3201 799 3269 gium
855 3196 1001 3252 sedes
1050 3192 1429 3249 Alexandrina
1493 3189 1796 3261 perdiderit
1850 3201 1899 3244 et
1947 3190 2294 3246 Antiochena

641 3289 884 3346 Ecclesia
916 3287 1309 3357 proprietatem
1342 3284 1518 3336 tertiae
1562 3279 1853 3348 dignitatis
1900 3279 2174 3347 amisirit,
2235 3285 2294 3336 ut

646 3380 731 3435 his
765 3376 894 3434 locis
916 3377 1039 3448 juri
1065 3389 1161 3428 suo
1192 3371 1427 3426 subditis
1466 3385 1650 3426 omnes
1703 3369 2120 3440 metr0politani
2175 3373 2293 3441 epi-

649 3470 802 3539 scopi
858 3467 1082 3536 proprio
1132 3459 1338 3518 hanore
1387 3459 1696 3530 priventur.
1762 3458 1968 3527 Quibus
2017 3461 2295 3516 inauditis

643 3564 698 3615 et
739 3571 984 3628 unquam
1016 3557 1142 3608 ante
1173 3549 1398 3607 tentatis
1439 3550 1520 3604 ita
1575 3551 1907 3619 praveniris
1961 3552 2296 3619 excessibus,

654 3660 713 3706 ut
736 3651 990 3704 sanctam
1017 3644 1313 3715 synodum,
1348 3640 1418 3696 ad
1446 3641 1906 3710 exstinguendam
1955 3641 2138 3696 solum
2187 3642 2301 3699 hce-

658 3741 828 3796 resim
884 3741 934 3792 et
991 3735 1076 3790 ad
1132 3730 1583 3801 conﬁrmationm
1660 3730 1789 3800 ﬁdei
1839 3730 2127 3789 catholicae
2181 3739 2302 3788 stu-

655 3830 749 3885 dio
782 3822 1243 3883 Chirstianissimi
1262 3822 1533 3893 principis
1561 3824 1972 3891 congregatum,
2031 3821 2092 3875 in
2149 3838 2302 3877 oeca-

654 3934 867 3976 szonem
897 3915 1138 3971 ambitus
1193 3911 1404 3974 trahas,
1444 3913 1499 3965 et
1555 3918 1615 3964 ut
1671 3909 2089 3965 conniventiam
2144 3929 2304 3967 suam

654 4009 761 4065 tibi
789 4007 874 4062 det
898 4004 1179 4071 impellas,
1211 4005 1484 4070 tanquam
1513 4000 1757 4070 rafntari
1787 4009 2022 4070 nequeat
2053 4003 2202 4071 quod
2229 4001 2303 4055 it-

657 4100 806 4154 licite
863 4095 1097 4150 voluerit
1143 4090 1462 4155 multitudo,
1520 4096 1572 4144 et
1627 4089 1731 4143 illa
1789 4091 2152 4144 Nicanorum
2211 4107 2306 4146 ca-

657 4201 860 4242 nonum
906 4198 1000 4252 per
1053 4178 1327 4251 Spiritum
1388 4192 1512 4231 vere
1556 4185 1807 4231 sanctum
1863 4177 2118 4231 ordinata
2175 4193 2303 4233 con-

655 4277 793 4331 ditio
852 4275 913 4328 in
968 4269 1161 4341 aliqua
1217 4283 1463 4338 unquam
1516 4268 1588 4321 sit
1643 4271 1799 4337 parte
1849 4266 2123 4334 solubilis,
2194 4274 2304 4339 etc,

658 4372 853 4448 Pergit
886 4369 1040 4424 enim
1087 4366 1166 4421 ibi
1229 4366 1355 4420 fuse
1413 4365 1474 4420 S.
1536 4363 1796 4436 pontifex
1856 4365 1980 4436 pari
2020 4366 2308 4436 gravitate

658 4478 835 4536 prave
865 4462 1203 4514 attentatem
1231 4455 1520 4524 castigere
1549 4454 1886 4509 novitatem.
1915 4462 1994 4509 Ac
2027 4456 2304 4524 quoniam

657 4552 942 4608 Anatolus
1001 4546 1113 4603 sibi
1173 4545 1460 4600 faventem
1515 4543 2142 4612 Constantinopolitani
2205 4563 2302 4600 su-

657 4659 764 4714 pra
812 4637 1118 4694 memorati
1163 4634 1408 4690 canonis
1469 4633 2008 4703 interpretationem
2062 4635 2305 4690 ambitio

655 4733 714 4787 in
749 4731 902 4786 662
924 4745 1043 4782 sua:
1076 4724 1496 4798 praetendebat,
1518 4722 1675 4776 hunc
1694 4728 2037 4792 pretextum
2063 4723 2144 4778 sic
2169 4742 2308 4796 pau-

656 4824 712 4879 lo
747 4826 877 4894 post
907 4819 1219 4874 submovet
1251 4831 1264 4869 :
1298 4813 1658 4870 Persuasioni
1687 4811 1840 4867 enim
1863 4827 1980 4869 suae
2036 4813 2096 4867 in
2153 4815 2308 4870 nullo

655 4914 875 4986 penitus
949 4909 1291 4979 suﬂragatur
1337 4902 1702 4976 quorumdam
1742 4901 2124 4974 episcoporum
2205 4921 2306 4960 an-

655 5012 708 5059 te
737 4999 1051 5069 sexaginta,
1081 5005 1141 5052 ut
1168 4998 1361 5066 iactas,
1395 5009 1568 5049 annos
1596 4995 1746 5064 facta
1775 4992 2105 5063 subscriptio
2160 5011 2308 5050 nun-

658 5107 933 5164 quamque
963 5105 996 5142 a
1029 5083 1522 5158 praedecessoribus
1553 5082 1664 5137 tuis
1695 5080 1766 5135 ad
1795 5081 2113 5151 apostolica
2163 5084 2311 5140 sedis

654 5182 992 5238 transmissa
1021 5175 1279 5232 notitiam
1311 5172 1408 5244 qui
1441 5175 1512 5227 ab
1544 5172 1712 5227 initio
1747 5187 1861 5226 sua:
1917 5170 2141 5228 caducae
2198 5174 2310 5228 du-

656 5273 892 5341 dumque
942 5265 1199 5337 collapsz
1255 5279 1380 5318 sera
1433 5277 1583 5316 nunc
1637 5265 1690 5315 et
1747 5261 1984 5316 inutilia
2041 5262 2313 5332 subjicere

655 5364 897 5433 [omenta
927 5355 1168 5421 voluisti,
1193 5352 1464 5409 eliciendo
1493 5368 1526 5406 a
1564 5351 1836 5416 fratribus
1893 5349 2129 5420 speciem
2187 5369 2311 5408 con-

655 5449 954 5515 sensionis,
983 5462 1148 5518 quam
1179 5443 1283 5498 tibi
1312 5442 1371 5497 in
1433 5457 1597 5496 suam
1648 5439 1922 5510 injuriam
1979 5445 2313 5499 verecundia

659 5541 900 5614 fatigata
927 5537 1211 5609 praeberet.
1246 5533 1385 5588 Post
1414 5548 1540 5602 quae
1565 5530 1735 5601 quasi
1769 5532 2122 5585 sententiam
2171 5549 2310 5603 pro-

661 5639 945 5698 nuntians
977 5633 1248 5690 ultimam
1281 5637 1339 5687 et
1367 5630 1533 5687 litem
1569 5628 1893 5684 decretorie
1938 5628 2171 5699 ﬁniens,
2195 5631 2311 5688 haec

663 5730 827 5788 addit
859 5745 874 5784 :
908 5727 1025 5783 [ton
1055 5723 1454 5781 convellantur
1484 5719 1918 5794 provincialium
1938 5718 2074 5791 jura
2100 5721 2312 5792 prima-

2395 585 2638 651 politani
2688 589 3026 658 fraudentur
3085 593 3384 649 antistites.
3442 594 3598 651 Nihil
3658 597 4055 654 Alexandrina

2394 673 2536 740 sedi,
2570 691 2734 745 quam
2762 694 2861 747 per
2883 685 3131 735 sanctam
3162 687 3421 738 Marcum
3461 687 3860 754 evangelistam
3910 688 4056 743 beati

2395 763 2550 816 Petri
2577 763 2910 835 discipulum
2940 773 3163 840 meruit,
3194 778 3383 842 pereat
3413 773 3724 843 dignitatis,
3751 791 3852 831 nec
3884 777 4050 832 Dios-

2396 870 2516 909 c0ro
2547 854 2853 926 impietatis
2881 875 3003 917 suae
3057 863 3372 932 pertinacia
3429 871 3734 933 corruente,
3792 868 4055 938 splendor

2399 949 2564 998 tanta:
2589 947 2836 1003 Ecclesia
2867 951 3109 1006 tenebris
3138 954 3461 1009 obscuretur
3490 956 3712 1011 alienis.
3761 957 3848 1028 (P.
3919 959 4051 1030 464)

2397 1033 2735 1090 Antiochena
2764 1053 2972 1109 quoque
3027 1042 3287 1109 Ecclesia,
3345 1044 3404 1097 in
3444 1060 3552 1114 qua
3588 1045 3834 1115 primum
3893 1063 4048 1118 prae-

2399 1121 2615 1178 dicante
2637 1125 2792 1181 beato
2848 1131 3086 1199 apostolo
3145 1133 3308 1186 Petro
3379 1132 3770 1189 Christianum
3847 1153 4051 1191 nomen

2400 1217 2653 1269 exortum
2684 1220 2785 1281 est,
2817 1219 2876 1272 in
2904 1227 3152 1288 paternae
3189 1221 3606 1277 constitutionis
3659 1222 3867 1278 ordine
3925 1241 4058 1295 per-

2396 1313 2623 1369 severet,
2656 1308 2707 1357 et
2763 1305 2826 1359 in
2881 1308 3057 1377 gradu
3116 1309 3276 1364 tertio
3334 1312 3599 1366 collocata
3654 1329 3944 1383 nunquam
4003 1330 4061 1368 se

2400 1391 2497 1459 ﬁat
2527 1392 2777 1461 inferior.
2842 1395 2953 1450 Nec
3013 1402 3327 1453 contentus
3381 1405 3622 1456 sanctus
3685 1401 3796 1456 Leo
3857 1401 4058 1472 ipsum

2401 1489 2736 1546 Anatolium
2786 1494 3163 1565 redarguere,
3239 1497 3475 1570 scripsit
3534 1500 3602 1554 ad
3690 1499 4058 1554 Marcianum

2401 1577 2735 1647 Augustum
2767 1580 3055 1636 instanter
3077 1599 3250 1638 orans
3270 1590 3335 1639 ut
3357 1586 3764 1640 auctoritatem
3791 1602 4064 1658 operam-

2404 1680 2513 1733 que
2569 1683 2737 1721 suam
2797 1668 3194 1741 interponeret
3260 1674 3330 1728 ad
3395 1675 3783 1730 coercendum
3846 1681 4059 1731 Anato-

2403 1755 2549 1809 lium
2586 1772 2655 1810 ne
2715 1757 2799 1813 sic
2859 1759 2916 1812 in
2977 1759 3182 1816 illicita
3245 1763 3559 1833 prosiliret.
3621 1765 3701 1819 Ex
3760 1765 3874 1820 ista
3933 1767 4058 1836 epi-

2318 1863 2366 1929 B
2408 1845 2574 1913 stola,
2609 1862 2758 1915 quas
2783 1847 2838 1900 in
2874 1848 2944 1900 ad
2972 1849 3132 1904 Com.
3164 1850 3234 1902 57
3266 1857 3637 1919 numeratur,
3689 1869 3945 1924 quaeque
4004 1855 4060 1908 in

2408 1934 2613 2005 synodi
2647 1933 2907 1991 Romana
2964 1938 3074 1993 sub
3123 1937 3420 1995 Bonifacio
3483 1939 3533 1996 ΙΙ
3618 1941 3690 1996 ab
3756 1941 4063 1997 Holstenio

2405 2025 2560 2078 edita
2593 2039 2725 2095 pag.
2762 2027 2860 2079 107
2887 2030 2943 2081 et
2973 2043 3096 2098 seq.
3158 2027 3394 2100 legitur,
3475 2029 3596 2084 haec
3654 2035 3791 2085 sunt
3821 2047 3839 2085 :
3907 2031 4066 2102 Apud

2407 2113 2784 2167 Christianum
2813 2119 2864 2169 et
2895 2131 3015 2170 vere
3045 2116 3361 2186 religiosum
3409 2133 3633 2188 vereque
3688 2119 4062 2174 orthodoarum

2403 2204 2710 2272 principem
2739 2204 2952 2274 loquor.
2988 2205 3229 2262 Multum
3258 2207 3550 2261 Anatolius
3595 2208 3884 2278 episcOpus
3931 2224 4064 2277 pro-

2403 2290 2528 2361 prio
2549 2290 2791 2346 detrahit
2816 2295 3035 2358 merito,
3068 2297 3118 2349 si
3156 2294 3357 2350 illicito
3410 2311 3650 2351 crescere
3707 2298 3854 2367 optat
3921 2313 4059 2367 aug-

2407 2389 2614 2436 mento.
2646 2381 2867 2448 Habeat,
2922 2385 3063 2438 sicut
3109 2389 3392 2453 optamus,
3439 2383 4068 2456 Conctantinopolitana

2408 2471 2600 2525 civitas
2644 2471 2883 2539 gloriam
2922 2489 3104 2539 suam,
3138 2489 3202 2528 ac
3256 2482 3574 2545 protegente
3645 2474 3880 2529 dextera
3967 2475 4069 2529 Dei

2408 2559 2674 2615 diuturno
2708 2562 3016 2618 clementia
3063 2567 3260 2619 vestra?
3322 2565 3555 2634 fruatur
3613 2566 3878 2631 imperio.
3937 2565 4068 2619 Atia

2411 2657 2590 2704 tamen
2622 2648 2767 2704 ratio
2793 2654 2870 2705 est
2900 2667 3088 2705 rerum
3111 2651 3492 2718 saecularium,
3543 2653 3662 2707 alia
3717 2652 4065 2722 divinarum,

2411 2762 2508 2801 nec
2533 2752 2744 2816 praeter
2772 2747 2933 2802 illam
2962 2753 3218 2817 Petram,
3274 2766 3441 2821 quam
3500 2751 3764 2805 Dominus
3824 2752 3886 2805 in
3933 2753 4067 2820 fun-

2409 2836 2663 2893 damento
2689 2839 2896 2908 posuit,
2943 2840 3160 2894 stabilis
3204 2839 3312 2895 erit
3358 2842 3520 2895 nulla
3548 2839 3883 2896 constructio
3939 2856 4069 2912 pro-

2412 2925 2557 2997 pria.
2623 2927 2818 2982 Perdit
2867 2929 2964 2998 qui
3013 2928 3266 2984 indebita
3321 2933 3681 3000 concupiscit.
3769 2930 3915 2986 Satis
3995 2937 4075 2984 est

2411 3015 2557 3086 quod
2586 3016 2848 3085 praedicto
2878 3025 3074 3074 vestra:
3103 3017 3332 3088 pie-tatis
3362 3022 3608 3087 auaritia,
3661 3026 3714 3075 et
3770 3023 3884 3074 mei
3941 3020 4074 3090 favo

2413 3107 2493 3159 ris
2525 3122 2771 3171 assensu,
2795 3106 3167 3178 episcopatum
3221 3113 3401 3165 tanta
3459 3110 3612 3164 urbis
3660 3109 3920 3164 obtinuit.
3957 3110 4077 3164 Nan

2414 3193 2743 3262 dedignetur
2764 3196 2978 3265 regiam
3008 3195 3308 3262 civitatem,
3341 3214 3507 3268 quam
3536 3199 3908 3266 apostolicum
3961 3215 4076 3253 non

2414 3290 2587 3353 potest
2615 3287 2797 3353 facere
2857 3283 3083 3340 sedem:
3124 3302 3227 3340 nec
3272 3287 3384 3342 ullo
3439 3294 3624 3356 speret
3683 3288 3865 3354 modo,
3925 3287 4076 3358 quod

2411 3388 2508 3443 per
2559 3373 2804 3427 aliorum
2856 3378 3031 3443 possit
3084 3375 3405 3445 offensiones
3450 3376 3671 3447 augeri.
3756 3377 4076 3444 Privztegia

2411 3461 2563 3516 enim
2597 3463 2964 3518 Ecclesiarum
2994 3468 3315 3518 sanctorum
3351 3466 3583 3520 Patrum
3613 3467 3924 3521 cononibus
3981 3466 4074 3519 in-

2415 3555 2607 3621 stitua,
2631 3564 2685 3607 et
2717 3552 3050 3607 venerabilis
3093 3553 3333 3610 Nicaeam
3383 3555 3587 3626 synodi
3642 3557 3758 3626 ﬁxa
3813 3555 4073 3621 decretis,

2416 3651 2576 3706 nulla
2608 3657 2832 3721 possunt
2889 3651 3250 3721 improbitate
3301 3654 3554 3721 convelli,
3599 3653 3774 3707 nulla
3832 3653 4081 3708 novitate

2419 3741 2649 3796 mutari.
2682 3741 2744 3794 In
2765 3755 2870 3810 quo
2925 3740 3106 3810 odere,
3167 3740 3481 3796 auxiliante
3533 3742 3769 3808 Christo,
3830 3742 4071 3811 fideliter

2420 3829 2782 3900 exsequendo,
2823 3844 3037 3883 necesse
3065 3837 3144 3883 est
3189 3845 3278 3884 me
3321 3836 3764 3901 perseverantem
3821 3831 4084 3886 exhibere

2420 3920 2779 3992 famulatum,
2827 3920 3096 3990 quoniam
3147 3919 3487 3991 dispensatio
3530 3921 3676 3974 mihi
3716 3919 3930 3976 credita
3979 3931 4074 3986 est,

2421 4019 2474 4066 et
2529 4008 2601 4063 ad
2648 4025 2736 4062 me
2791 4007 2970 4062 tendit
3026 4013 3262 4075 reatum,
3319 4012 3368 4064 si
3420 4013 3786 4081 paternarum
3866 4011 4084 4078 regula:

2421 4097 2934 4169 sanctionum,quw
2961 4096 3023 4151 in
3059 4098 3268 4167 synodo
3317 4099 3563 4155 Nicena
3617 4098 3690 4153 ad
3751 4101 3922 4153 totius
3981 4100 4078 4153 Ec-

2422 4187 2614 4244 clesiae
2642 4187 2891 4258 regimen
2934 4185 3142 4256 spiritu
3193 4186 3290 4242 Dei
3337 4189 3645 4243 instruente
3701 4193 3834 4242 sunt
3884 4188 4074 4243 condi-

2423 4285 2515 4346 tae,
2548 4293 2656 4341 me,
2691 4277 2840 4346 quod
2869 4277 3037 4341 absit,
3069 4279 3392 4332 connivente
3439 4279 3738 4340 violentur,
3788 4282 3847 4331 et
3904 4280 4086 4348 major

2423 4369 2472 4423 si
2509 4367 2664 4436 apud
2711 4381 2796 4420 me
2851 4366 3020 4420 unius
3061 4367 3263 4436 fratris
3311 4368 3569 4423 votuntus
3626 4383 3797 4438 quam
3854 4369 4085 4423 univer-

2423 4471 2498 4512 sae
2547 4455 2738 4510 domus
2796 4455 3018 4511 Domini
3096 4459 3405 4512 communis
3493 4456 3728 4511 utilitas.
3809 4458 3875 4511 Et
3963 4458 4086 4511 ideo

2423 4547 2596 4601 sciens
2625 4544 2927 4614 gloriosam
2981 4545 3332 4601 clementiam
3387 4555 3628 4602 vestram
3686 4545 4086 4602 ecclesiasticae

2421 4640 2640 4691 studere
2670 4636 2823 4691 068
2856 4635 3184 4702 concordiae,
3245 4641 3299 4692 et
3342 4635 3428 4692 his
3477 4654 3597 4709 qum
3649 4637 3901 4708 paciﬁca!
3951 4652 4083 4691 con-

2423 4729 2634 4794 gruunt
2718 4726 2925 4780 unitati
2991 4725 3309 4797 piissimum
3383 4735 3654 4797 praestare
3731 4741 4083 4790 consensum,

2421 4839 2614 4896 precor
2642 4827 2693 4878 et
2735 4823 2929 4878 sedula
2980 4825 3323 4894 suggestione
3380 4841 3471 4880 vos
3519 4824 3757 4889 obsecro,
3816 4828 3878 4877 ut
3916 4840 4089 4879 ausus

2425 4913 2725 4985 improbos,
2757 4912 2969 4969 unitati
3011 4915 3359 4971 Christianae
3385 4913 3621 4986 pacique
3648 4915 3989 4979 contrarios,
4023 4915 4088 4968 ab

2426 5004 2581 5061 omni
2614 5005 2836 5073 pietatis
2891 5014 3098 5060 vestra
3152 5002 3426 5059 addicetis
3483 5017 3734 5068 assensu,
3783 5005 3836 5056 et
3890 5005 4091 5072 fratris

2429 5095 2540 5149 mei
2568 5092 2812 5149 Anatolii
2836 5094 3145 5149 nocituram
3192 5094 3318 5164 ipsi,
3373 5096 3421 5146 si
3473 5092 3800 5164 perstiterit,
3861 5091 4090 5163 cupidi-

2428 5187 2597 5239 tatem
2628 5182 2944 5248 salubriter,
2970 5181 3368 5254 comprimatis.
3401 5182 3696 5238 Annuisse
3717 5197 3892 5253 porro
3955 5199 4089 5237 sau-

2428 5271 2506 5327 cti
2539 5271 2746 5326 Leonis
2795 5273 3088 5342 postulata
3145 5271 3504 5326 Marcianum
3564 5274 3904 5341 Augustum
3962 5270 4087 5342 ipse

2429 5365 2669 5416 sanctus
2710 5364 2821 5416 Leo
2854 5359 3171 5432 signiﬁcat,
3203 5361 3319 5415 alia
3351 5365 3483 5431 post
3513 5361 3584 5414 ad
3630 5359 3909 5414 eumdem
3969 5362 4087 5432 epi-

2429 5455 2584 5507 stota
2617 5449 2857 5520 scripta,
2891 5466 3020 5521 quae
3071 5450 3223 5505 inter
3273 5450 3486 5519 editas,
3549 5447 3801 5521 opinior,
3853 5449 3925 5502 60
3976 5458 4082 5515 est,

2429 5546 2486 5597 et
2511 5539 2760 5595 refertur
2791 5539 2849 5593 in
2876 5539 3232 5596 Collectione
3282 5539 3548 5595 Romana
3597 5537 3890 5593 Holstenii
3953 5556 3988 5595 a
4037 5558 4085 5609 ρ.

2429 5631 2553 5687 427.
2585 5627 2843 5700 Incipit:
2888 5628 3225 5685 Litterarum
3282 5629 3592 5686 clementiae
3637 5637 3842 5685 vestra
3897 5631 4086 5685 multi-

2428 5721 2558 5793 plex
2576 5719 2759 5792 gratia
2805 5718 2990 5775 debita
3037 5736 3072 5774 a
3125 5734 3213 5774 me
3268 5719 3626 5776 veneratione
3673 5722 3936 5792 suscepta
3996 5729 4085 5784 est,
