4248 6438
205 363 348 421 “25

1793 358 2023 414 NOTE.

3470 361 3612 419 1126

196 496 249 547 et
274 485 624 560 gratulanter
674 485 879 557 agnovi
915 500 1083 557 quam
1126 487 1281 554 piam
1336 500 1532 541 curam
1562 482 1842 539 Christia-
1873 485 1925 550 Α
1958 480 2233 537 omnibus
2262 484 2431 535 Anna
2478 481 2796 549 Comnena,
2830 481 2869 535 l.
2900 485 2921 538 Ι
2952 482 3262 552 Alexiadis,
3297 502 3355 557 p.
3385 487 3447 542 2|
3514 488 3605 544 ed.

193 593 286 636 ηιξ
337 577 655 647 religionis,
708 586 768 631 ut
825 575 1150 643 consuestis,
1204 575 1478 639 habeatis,
1523 589 1649 628 cum
1708 572 1856 627 inter

198 666 425 724 Domini
450 666 756 721 sacerdotes
810 680 933 720 eam
983 665 1153 720 vultis
1210 666 1437 735 firmare
1483 661 1850 728 concordiam,

202 771 328 827 quae
358 764 410 811 et
440 753 760 810 universali
802 754 1062 809 Ecclesia
1090 761 1143 809 et
1203 752 1398 809 divino
1450 756 1579 823 apta
1636 753 1709 805 sit
1737 751 1855 804 cul-

197 847 302 900 tui.
357 843 533 898 Paulo
592 848 761 913 post:
818 843 958 897 Nam
1004 847 1057 896 et
1114 852 1300 897 vestra
1356 839 1717 895 mansuetudo
1770 840 1855 893 in-

196 932 573 988 sinuationem
620 948 798 986 meam
830 940 947 985 tam
979 931 1211 986 libenter
1256 930 1485 1001 accepit,
1519 938 1580 984 ut
1632 933 1684 983 et
1711 944 1853 981 sem-

199 1038 307 1092 per
361 1021 599 1076 scribere
662 1019 1015 1087 dignaretur,
1067 1022 1117 1073 et
1195 1018 1313 1074 haec
1363 1020 1573 1089 ageret,
1622 1024 1681 1070 ut
1731 1027 1855 1085 qua

194 1128 347 1167 nunc
402 1113 642 1166 correcta
689 1117 819 1164 sunt
848 1113 1050 1165 vestrae
1100 1109 1293 1177 glorise
1343 1108 1671 1163 debeantur.
1713 1104 1845 1159 Cor-

204 1206 431 1257 rectum
463 1215 593 1254 esse
632 1200 759 1269 jam
802 1202 1075 1266 testatur,
1103 1202 1413 1269 coeperato
1471 1196 1528 1250 in
1565 1196 1623 1250 id
1652 1197 1857 1265 Augu-

210 1294 321 1359 sto,
357 1293 415 1344 et
448 1291 780 1343 revocatum
823 1287 981 1357 quod
1040 1290 1260 1341 temere
1316 1285 1622 1340 Anatolius
1668 1288 1855 1338 atten-

204 1383 429 1435 taverat
462 1376 857 1449 perturbando
902 1375 1167 1431 ordinem
1218 1376 1447 1429 sedium
1480 1379 1536 1430 et
1563 1377 1857 1430 Constan-

204 1467 654 1539 tinopolitanam
686 1466 1009 1521 secundam
1052 1482 1085 1520 a
1143 1465 1406 1519 Romana
1466 1464 1853 1518 numerando.

203 1558 283 1613 Ex
340 1557 434 1613 his
486 1565 730 1628 apparet
787 1556 1143 1611 sententiam
1212 1554 1484 1625 rescripti
1552 1552 1853 1618 Marciani,

205 1648 363 1720 quod
396 1664 512 1702 non
564 1649 774 1711 exstat,
801 1662 928 1700 eam
970 1645 1151 1699 fuisse
1192 1642 1446 1714 qualem,
1482 1644 1582 1713 qui
1614 1643 1854 1710 viderat,

202 1744 490 1814 expressit
521 1742 791 1798 Gelasius
819 1758 832 1796 :
866 1741 1103 1796 Probari
1123 1742 1233 1795 sibi
1261 1740 1657 1795 observantiam
1679 1741 1859 1794 sancti

1967 571 2139 641 Reg.:
2172 568 2269 621 Καὶ
2303 566 2542 639 μάλιστα
2573 569 2606 636 ἡ
2641 567 2693 622 ἰν
2725 566 3038 640 Χαλκηδόνι
3089 569 3313 634 σύνοδος
3348 573 3424 634 εἷς
3454 594 3609 637 περι-

1965 658 2119 724 ωπήν
2185 656 2443 731 μεγίστην
2504 658 2591 711 καὶ
2653 658 2966 733 πρωτίστην
3022 660 3112 714 τὸν
3174 668 3609 719 Κωνσταντινου-

1961 745 2180 807 πόλεως
2232 746 2423 819 θρόνον
2479 741 2945 819 ἆναϐιϐασαμένη,
3002 750 3096 810 τὰς
3143 750 3243 803 ἀνὰ
3279 752 3379 819 τὴν
3426 752 3608 807 οἰκου-

1967 834 2132 907 μένην
2195 836 2401 888 ἅπασαν
2450 832 2748 905 διοικήσεις
2808 837 2911 891 ὑπὸ
2962 841 3151 893 τοῦτον
3212 838 3461 910 ἐποίησε.
3515 842 3609 900 Sic

1964 938 2124 988 Anna
2153 950 2221 988 ex
2253 934 2449 988 codice
2495 934 2759 1005 pleniori,
2792 938 2962 1006 cujus
3015 938 3161 991 mihi
3220 944 3351 1010 post
3399 941 3607 997 editio-

1963 1039 2096 1078 nem
2155 1022 2323 1093 c0pia
2378 1022 2646 1094 contigit.
2682 1025 2886 1095 Itaque
2934 1025 2994 1079 in
3054 1031 3177 1081 tota
3222 1028 3335 1084 ista
3368 1046 3608 1100 prensa-

1967 1112 2121 1167 tione
2171 1111 2391 1165 summi
2441 1110 2679 1167 honoris
2711 1117 2887 1184 caput
2934 1114 3128 1184 ipsum
3164 1118 3287 1186 spei
3322 1134 3386 1172 ac
3446 1136 3609 1174 sum-

1968 1217 2064 1255 ma
2095 1199 2316 1254 fiduciae
2374 1200 3037 1273 Constantinopolitanis
3068 1204 3128 1258 in
3170 1221 3394 1262 canone
3441 1208 3610 1263 Chal-

1966 1290 2280 1345 cedonensi
2338 1291 2663 1362 repositum
2723 1292 2851 1346 fuit.
2886 1293 3376 1365 Desperatissima
3434 1298 3613 1369 igitur

1969 1395 2147 1435 causa
2176 1378 2439 1449 ipsorum
2468 1384 2559 1435 est
2589 1386 2646 1435 et
2678 1397 2923 1451 prorsus
2953 1383 3157 1438 insana
3218 1386 3441 1455 petitio,
3475 1403 3610 1442 cum

1968 1472 2103 1524 ante
2134 1469 2332 1523 omnia
2362 1469 2717 1539 dejprimalu
2768 1470 2827 1525 in
2890 1471 3225 1528 universum
3289 1475 3490 1529 orbem
3542 1493 3614 1532 ne

1966 1573 2070 1629 per
2101 1557 2396 1613 somnium
2430 1558 2667 1628 quidem
2719 1559 3209 1616 Chalcedonensis
3268 1578 3455 1618 canon
3515 1580 3613 1619 co-

1968 1647 2149 1717 gitet;
2181 1652 2305 1701 tum
2339 1647 2395 1700 id
2427 1647 2622 1718 ipsum
2658 1650 2812 1719 quod
2859 1665 3027 1720 agere
3082 1650 3284 1717 voluit,
3319 1658 3383 1707 ut
3416 1654 3613 1709 sedem

1966 1736 2675 1808 Ccnstantinopolitanam
2712 1754 2778 1792 ex
2806 1744 3016 1809 quarto
3049 1740 3107 1794 in
3131 1744 3458 1797 secundum
3490 1760 3616 1813 pro-

203 1833 398 1889 Leonis
451 1831 517 1887 de
572 1831 817 1886 custodia
874 1845 1149 1885 canonum
1208 1837 1592 1900 paternorum,
1651 1833 1703 1883 et
1749 1828 1860 1883 sibi
1892 1858 1936 1923 Β
1969 1832 2251 1891 moveret,
2284 1828 2555 1897 gradum,
2606 1826 2964 1884 reclamante
3022 1830 3280 1885 Romano
3341 1832 3611 1902 pontiﬁce

202 1921 428 1995 placere
465 1926 526 1975 ut
568 1930 619 1975 et
662 1920 795 1989 ﬁdes
855 1919 1077 1974 Nicena
1111 1936 1272 1973 suam
1313 1918 1555 1973 obtineat
1614 1919 1860 1987 ﬁrmita-

207 2019 315 2067 tem
353 2019 403 2065 et
432 2008 743 2082 privilegia
772 2009 1142 2063 Ecclesiarum
1168 2008 1399 2062 illibata
1447 2010 1858 2077 permanerent.

209 2102 418 2164 Quare
448 2098 759 2154 deterritus
800 2098 1105 2153 Anatolius
1167 2096 1463 2152 humiliter
1514 2101 1572 2151 et
1619 2096 1864 2151 obnoxie

211 2194 416 2244 sancto
451 2188 623 2243 Leoni
654 2190 893 2258 scripsit
920 2186 1261 2253 significans
1286 2204 1345 2242 se
1369 2187 1649 2241 desistere
1682 2204 1714 2241 a
1739 2203 1865 2257 pro-

217 2279 434 2351 posito.
486 2282 687 2332 Exstat
735 2277 854 2331 haec
908 2276 1160 2349 epistola
1205 2276 1264 2331 in
1324 2275 1560 2331 Collect.
1615 2276 1781 2330 Rom.
1833 2292 1867 2331 a

217 2384 275 2439 p.
321 2368 442 2436 132,
490 2383 558 2422 ex
616 2384 732 2437 qua
779 2366 873 2421 hic
931 2366 1256 2421 exscribam
1316 2382 1442 2437 quae
1501 2366 1573 2420 ad
1624 2366 1865 2421 demon-

216 2458 527 2513 strandum
562 2457 717 2528 quod
750 2455 870 2510 dixi
914 2455 1222 2527 pertinent.
1261 2456 1521 2509 Primum
1576 2454 1654 2509 ibi
1687 2456 1864 2526 profi-

214 2550 374 2602 tetur
404 2545 726 2601 universim
786 2561 869 2612 se,
902 2560 1267 2616 quaecunque
1327 2546 1612 2615 imperata
1669 2544 1720 2599 ei
1778 2546 1867 2599 fo—

220 2640 352 2691 rent
384 2636 627 2691 Romani
660 2634 956 2706 pontificis
986 2635 1216 2701 litteris,
1250 2640 1520 2706 paratum
1568 2650 1696 2689 esse
1726 2635 1865 2689 obe-

216 2725 444 2781 dienter
502 2724 782 2796 exsequi;
819 2725 875 2779 in
936 2740 1050 2795 quo
1108 2724 1261 2779 inest
1318 2724 1497 2779 tacita
1553 2723 1868 2779 declaratio

218 2814 475 2871 revocati
506 2814 720 2886 prioris
752 2814 846 2869 sui
898 2812 1127 2869 consilii
1161 2813 1316 2868 circa
1345 2813 1699 2869 desiderium
1734 2830 1863 2884 gra-

221 2906 335 2959 dus
367 2904 610 2959 secundi
651 2907 781 2974 post
812 2903 1134 2958 Romanam
1194 2903 1415 2969 sedem,
1449 2904 1604 2973 quod
1666 2903 1723 2956 id
1751 2902 1869 2957 cla-

221 3011 285 3050 re
316 2994 716 3062 improbatum
769 2993 829 3047 in
887 2992 1075 3047 sancti
1136 2992 1348 3046 Leonis
1394 2992 1632 3064 scriptis
1679 2993 1751 3047 ad
1810 3007 1874 3046 se

222 3092 437 3147 litteris
492 3091 731 3147 viderat.
769 3091 907 3159 Ejus
955 3092 1078 3144 haec
1136 3091 1310 3144 verba
1366 3094 1505 3144 sunt
1542 3106 1555 3143 :
1591 3091 1727 3145 Nam
1777 3107 1871 3161 pe-

220 3185 375 3236 nitus
431 3181 572 3235 absit
629 3184 688 3235 ut
744 3196 837 3250 ego
888 3180 989 3247 eis,
1052 3194 1386 3250 quaecunque
1442 3178 1591 3233 mihi
1639 3178 1874 3248 fuissent

1971 1916 2203 1970 irritum
2237 1920 2293 1970 et
2323 1915 2531 1969 effectu
2561 1932 2793 1971 cassum
2828 1920 3131 1973 manserit.
3163 1922 3242 1975 Ac
3273 1919 3409 1975 licet
3466 1927 3614 1977 tem-

1974 2006 2212 2076 poribus
2241 2005 2563 2060 Justiniani
2596 2009 2708 2060 seri
2763 2023 3131 2064 successores
3189 2011 3467 2077 Anatolii,
3498 2028 3613 2083 quo
3660 2036 3665 2041 -

1966 2095 2101 2165 jure
2159 2110 2339 2163 quave
2397 2094 2635 2165 injuria,
2692 2095 3081 2152 Alexandrino
3137 2099 3615 2171 Antiochenoque

1975 2181 2325 2254 patriarchis
2358 2185 2651 2254 praepositi
2712 2185 2982 2256 legantur
3033 2188 3091 2241 in
3148 2188 3397 2243 Novellis
3455 2190 3615 2245 illius

1975 2272 2367 2342 imperatoris,
2401 2276 2595 2327 tamen
2629 2274 2683 2326 id
2719 2275 2864 2329 citra
2895 2276 3302 2347 praajudicium
3328 2278 3616 2349 primatus

1976 2371 2247 2425 Romanae
2274 2372 2397 2426 sedi
2456 2374 2842 2445 competentia
2898 2376 3116 2431 factum
3178 2378 3483 2433 manifeste
3514 2380 3619 2433 de-

1977 2460 2160 2515 clarat
2218 2460 2342 2532 ipse
2399 2461 2778 2519 Justinianus
2849 2464 2908 2518 in
2967 2481 3074 2520 suo
3150 2466 3345 2521 codice
3398 2471 3459 2521 L.
3521 2468 3593 2522 Co

1976 2565 2254 2619 gnoscere,
2288 2550 2387 2604 ubi
2445 2550 2515 2605 de
2574 2552 2835 2607 Romano
2895 2554 3167 2624 pontifice
3219 2554 3482 2626 loquitur
3532 2556 3620 2611 his

1976 2638 2169 2693 verbis
2194 2655 2207 2693 :
2234 2639 2342 2693 Nec
2370 2640 2519 2693 enim
2544 2641 2794 2710 patimur
2822 2644 2881 2696 ut
2906 2643 3213 2714 quidquam
3268 2660 3459 2699 eorum
3501 2660 3625 2716 qua

1978 2727 2047 2783 ad
2095 2728 2523 2783 ecclesiasticum
2572 2730 2850 2799 pertinent
2905 2740 3126 2801 statum,
3160 2750 3273 2788 non
3324 2735 3493 2789 etiam
3549 2734 3623 2789 ud

1978 2816 2223 2887 ejusdem
2254 2816 2537 2887 referatur
2589 2819 3005 2887 beatitudinem,
3039 2838 3164 2877 cum
3217 2839 3282 2877 ea
3338 2823 3413 2878 sit
3460 2828 3625 2895 caput

1980 2906 2228 2960 omnium
2283 2907 2771 2964 sanctissimorum
2824 2910 2921 2965 Dei
2952 2911 3310 2967 sacerdotum.
3369 2913 3498 2968 Haec
3556 2913 3625 2967 il-

1980 2992 2164 3059 le;ad
2201 3009 2329 3064 quae
2373 2994 2458 3048 sic
2519 2996 2779 3062 adnotat,
2814 2996 3034 3069 alioqui
3095 3015 3300 3069 expers
3354 3000 3632 3056 Romana;

1982 3082 2433 3152 communionis,
2458 3083 2623 3154 Hugo
2657 3084 2913 3152 Grotius,
2953 3087 3010 3140 in
3051 3086 3344 3158 Sparsione
3380 3089 3628 3158 Florum,

1986 3187 2039 3242 p.
2075 3172 2215 3225 3M:
2254 3176 2381 3227 Hac
2408 3178 2670 3243 perpetua
2700 3177 2815 3245 fuit
2874 3178 3099 3242 piorum
3154 3179 3477 3248 principum
3516 3195 3635 3234 sen-

222 3229 371 3236 ηηπν
431 3229 566 3235 πν-ν-
633 3229 683 3235 π-
745 3229 830 3250 νσ-
1987 3229 2002 3242 .
2408 3229 2417 3243 .
2503 3229 2516 3243 .
2700 3229 2710 3245 ,
2874 3229 2955 3242 τη
3049 3229 3093 3230 η
3154 3229 3177 3248 τ

222 3271 493 3327 mandata
539 3286 636 3341 per
685 3270 924 3335 litteras,
983 3229 1337 3324 adiuersarer.
1382 3268 1607 3323 Deinde
1664 3269 1875 3322 distin-
1908 3229 1949 3295 Ο
1990 3262 2163 3316 lentia
2220 3263 2289 3318 ad
2355 3263 2614 3318 tuendam
2690 3264 2953 3322 Ecclesiae
3024 3268 3296 3322 unitatem
3368 3285 3635 3339 perquam

227 3360 384 3416 ctius
431 3360 587 3415 circa
648 3360 887 3426 factum,
922 3359 992 3413 de
1044 3374 1159 3428 quo
1213 3361 1517 3429 agebatur,
1549 3363 1790 3412 excusat
1821 3358 1876 3412 in

224 3450 386 3505 hunc
443 3449 721 3504 modum:
759 3450 829 3503 De
887 3448 973 3502 his
1021 3451 1203 3502 autem
1242 3462 1366 3517 quze
1423 3448 1880 3515 Constantinopo-

222 3540 418 3594 litanae
459 3538 645 3607 gratia
686 3538 837 3592 sedis
892 3536 1113 3591 sancito
1161 3541 1291 3590 sunt
1348 3536 1409 3591 in
1465 3536 1880 3592 Chalcedonen-

221 3631 272 3684 si
299 3645 475 3699 nuper
508 3627 818 3683 universali
848 3626 1073 3697 synodo,
1124 3642 1223 3696 pro
1253 3631 1401 3680 certo
1452 3628 1738 3681 beatitudo
1789 3642 1882 3681 ve-

222 3730 343 3774 stra
373 3718 492 3774 haec
535 3718 754 3785 habeat,
803 3718 1021 3770 nullam
1052 3731 1169 3770 esse
1214 3719 1435 3787 culpam
1466 3717 1525 3769 in
1566 3732 1673 3783 me,
1706 3715 1880 3770 homi-

222 3826 295 3865 ne
317 3825 415 3880 qui
445 3824 657 3879 semper
711 3807 887 3862 otium
945 3810 995 3861 et
1050 3808 1310 3878 quietem,
1343 3807 1398 3859 in
1456 3806 1773 3860 humilitate
1800 3821 1887 3861 me

223 3909 533 3975 continens,
564 3908 633 3961 ab
664 3908 885 3962 ineunte
917 3921 1036 3959 mea
1063 3908 1227 3961 aetate
1256 3903 1550 3959 dilexerim
1576 3920 1587 3956 :
1618 3905 1710 3959 sed
1742 3903 1885 3958 Con-

223 3996 742 4067 stantinopolitana’
772 3994 836 4066 [P
867 3994 992 4063 465]
1025 3992 1273 4048 Ecclesia
1290 3996 1767 4048 reverentissimus
1786 3994 1885 4048 cle-

229 4103 328 4141 rus
381 4089 480 4157 est,
506 4087 604 4157 qui
657 4084 755 4139 hoc
816 4084 1007 4139 habuit
1038 4085 1302 4149 studium,
1354 4088 1405 4136 et
1456 4084 1689 4137 istarum
1746 4100 1885 4153 par-

230 4176 379 4231 tium
437 4173 849 4243 religiosissimi
905 4174 1229 4237 sacerdotes,
1284 4174 1382 4242 qui
1437 4174 1498 4225 in
1569 4173 1665 4225 hoc
1729 4177 1887 4241 fuere

226 4265 517 4321 concordes
580 4272 633 4319 et
694 4263 805 4318 sibi
860 4264 1075 4332 pariter
1139 4261 1439 4332 adjutores.
1493 4260 1625 4315 Mox
1692 4266 1887 4315 autem

229 4355 630 4427 quodcunque
672 4356 959 4407 tentatum
1020 4350 1077 4405 in
1130 4350 1238 4406 hoc
1269 4365 1480 4421 genere
1538 4352 1725 4405 fuerat
1754 4351 1889 4404 irri-

229 4450 358 4499 tum
418 4442 685 4515 agnoscit
741 4458 808 4496 ex
873 4456 990 4512 quo
1051 4439 1197 4494 illud
1269 4439 1569 4495 Romanus
1630 4440 1891 4511 pontifex

230 4533 649 4604 improbasset.
683 4530 775 4586 Sic
808 4530 964 4585 enim
999 4530 1280 4584 continuo
1314 4528 1625 4599 subjungit
1650 4547 1662 4583 :
1687 4529 1823 4583 Cum
1841 4536 1891 4584 et

1988 3352 2319 3407 necessaria.
2353 3352 2500 3407 Idem
2558 3354 2749 3407 dicunt
2784 3355 3230 3410 Valentiniamus
3290 3364 3340 3412 et
3391 3357 3642 3429 placidia

1992 3442 2052 3494 in
2110 3445 2259 3497 Actis
2316 3448 2449 3498 ante
2498 3443 2799 3498 concilium
2858 3444 3311 3516 Chalcedonense,
3337 3446 3550 3517 judices
3606 3465 3641 3503 a

1991 3532 2258 3586 Martiano
2315 3531 2454 3602 dati,
2488 3538 2541 3587 et
2598 3532 2720 3603 ipsa
2772 3534 3009 3605 synodus
3066 3534 3518 3592 Chalcedonensis
3560 3554 3635 3607 iv,

1991 3626 2097 3677 act.
2163 3622 2248 3676 16.
2313 3622 2457 3677 Adde
2510 3624 2796 3678 Novellam
2853 3624 2977 3679 131.
3031 3626 3217 3691 Quare
3294 3626 3467 3681 aliam
3519 3644 3638 3681 suae

1992 3712 2340 3767 auctoritatis
2371 3712 2792 3783 independentis
2819 3715 3445 3785 Constantinopolitani
3500 3732 3641 3770 con-

1994 3802 2380 3857 ﬁrmationem
2407 3805 2687 3872 quaerant.
2717 3802 2861 3856 Nam
2885 3801 3004 3857 haec
3027 3803 3263 3873 quidem
3288 3820 3404 3875 qua
3430 3820 3491 3860 se
3532 3821 3641 3859 un-

1995 3890 2101 3946 niti
2134 3891 2412 3960 fatentur,
2437 3894 2494 3945 et
2524 3908 2745 3945 canone
2774 3891 3251 3959 Chalcedonensi,
3279 3892 3468 3964 palam
3493 3889 3642 3966 οἷ’χε-

1993 4000 2101 4049 ται,
2134 3997 2205 4035 ne
2237 3980 2383 4051 ipsis
2415 3981 2654 4051 quidem
2691 3984 2879 4050 (tanta
2909 3981 2995 4036 vis
3025 3982 3285 4037 veritatis
3313 3987 3442 4052 est),
3466 3984 3644 4039 etiam

1998 4082 2307 4148 postquam
2368 4078 2651 4133 Photiano
2727 4077 3048 4133 schismate
3117 4079 3366 4135 frontem
3426 4081 3643 4151 perfri-

1997 4172 2263 4235 cuerunt,
2315 4166 2690 4222 dissimulare
2747 4168 3040 4222 interdum
3101 4167 3458 4224 valentibus.
3494 4170 3643 4233 Quid

1998 4257 2153 4310 enim
2188 4254 2345 4310 aliud
2380 4255 2598 4311 indicat
2630 4257 2685 4309 id
2721 4258 2874 4326 quod
2921 4258 3195 4328 superius
3258 4257 3366 4313 hoc
3398 4259 3525 4329 ipso
3557 4262 3649 4313 est

1999 4346 2187 4416 capite
2217 4350 2541 4412 narratum,
2575 4351 2986 4416 congregatum
3033 4346 3145 4401 sub
3198 4346 3424 4401 Joanne
3485 4348 3647 4403 Duca

1995 4434 2347 4506 imperatore
2378 4433 2707 4489 Graecorum
2749 4435 3037 4505 synodum
3099 4435 3427 4491 decrevisse
3486 4437 3648 4508 lega-

1999 4525 2218 4579 tionem
2253 4524 2322 4578 ad
2358 4540 2589 4593 papam,
2622 4540 2737 4593 qua
2796 4523 2979 4578 functi
3039 4541 3101 4579 re
3158 4524 3288 4595 ipsa
3344 4525 3466 4580 sint
3521 4526 3651 4599 epi-

224 4622 310 4679 sic
340 4626 623 4695 gestorum
653 4620 737 4676 vis
766 4621 944 4675 omnis
972 4624 1024 4673 et
1056 4618 1402 4687 conﬁrmatio
1432 4620 1767 4673 auctoritati
1796 4634 1884 4673 ve-
1917 4615 1964 4679 D
1999 4614 2157 4685 scopi
2221 4613 2358 4679 duo,
2418 4613 2728 4667 Sardensis
2785 4612 3177 4680 Andronicus,
3219 4618 3275 4667 et
3332 4612 3646 4685 Cyzicenus

226 4716 363 4770 strse
420 4710 786 4768 beatitudinis
840 4709 1015 4779 fuerit
1073 4710 1229 4763 664
1286 4713 1584 4764 reservata.
1640 4711 1722 4764 [ta
1791 4709 1888 4764 ille

230 4804 380 4859 satis
424 4801 703 4872 judicans
764 4799 913 4855 nihil
974 4803 1351 4854 consecutam
1402 4798 1535 4852 novi
1578 4799 1731 4867 juris
1790 4804 1890 4853 aut

230 4892 347 4947 loci
402 4888 1117 4960 Constantinopolitanam
1178 4889 1378 4942 sedem
1428 4903 1530 4957 per
1572 4886 1887 4943 Chalcedo-

232 4997 482 5037 nensem
515 4994 825 5043 canonem,
858 4978 981 5049 qui,
1013 4982 1076 5031 ut
1106 4976 1223 5031 vim
1257 4976 1518 5045 haberet,
1554 4976 1889 5032 confirmari

228 5071 504 5127 debuerit
560 5086 594 5124 a
649 5069 913 5125 Romano
970 5065 1266 5139 pontiﬁce,
1302 5082 1437 5121 cum
1497 5082 1632 5121 eum
1690 5071 1887 5122 tamen

226 5170 334 5226 ille
367 5168 788 5240 reprobaverit.
830 5166 939 5222 Ubi
988 5170 1078 5221 est
1129 5181 1268 5236 ergo
1329 5163 1430 5219 illa
1481 5165 1890 5237 possessioin-

223 5259 626 5331 dependentis
682 5256 1075 5323 auctoritatis,
1110 5260 1209 5311 aut
1242 5271 1358 5325 quo
1410 5256 1544 5325 jure
1603 5272 1667 5310 ac
1701 5272 1889 5327 quan-

230 5351 309 5405 do
346 5348 515 5414 inita,
548 5364 722 5420 quam
756 5362 819 5403 se
866 5346 1017 5402 tueri
1074 5349 1267 5400 certos
1320 5344 1416 5398 hic
1470 5343 1651 5399 Graeci
1702 5344 1891 5401 schis-

231 5436 951 5495 maticiaflirmant?Sane
977 5434 1057 5490 illi
1080 5435 1329 5489 fundum
1356 5435 1597 5488 unicum
1625 5438 1726 5488 aut
1748 5451 1891 5505 prse-

218 5529 477 5601 cipuum
508 5523 844 5597 αὐτονομίας
890 5524 1087 5592 istius,
1120 5528 1176 5579 et
1224 5523 1419 5578 libera:
1452 5523 1522 5577 ab
1582 5524 1741 5578 omni
1772 5524 1892 5579 Ro-

216 5634 414 5676 manis
471 5616 634 5672 sedis
687 5614 1107 5687 jurisdictione
1196 5611 1525 5685 potestatis,
1577 5612 1894 5670 Chalcedo-

214 5723 469 5767 nensem
501 5706 681 5763 istum
717 5721 1001 5762 canonem
1038 5703 1380 5777 praedicant.
1438 5702 1729 5760 Audiatur
1787 5721 1892 5776 pro

1998 4702 2300 4771 Georgius,
2330 4719 2431 4773 per
2456 4718 2629 4773 quam
2656 4702 3066 4771 profiterentur
3084 4718 3141 4757 se
3168 4709 3396 4770 paratos
3426 4703 3652 4775 obsequi

1993 4793 2246 4863 pontiﬁci
2304 4792 2545 4847 Romana
2601 4792 2823 4863 ejusque
2877 4791 2939 4846 in
2996 4808 3156 4846 saera
3205 4793 3354 4849 665
3416 4794 3650 4863 liturgia

1998 4885 2328 4939 mentionem
2347 4884 2457 4937 rite
2484 4884 2681 4948 facere,
2705 4883 2754 4936 si
2775 4884 2821 4936 is
2838 4884 3154 4938 societatem
3166 4882 3515 4954 abrumperet
3529 4900 3651 4938 cum

2000 4975 2213 5030 Latinis
2280 4972 2471 5027 urbem
2540 4972 3067 5043 Constantinopolim
3141 4973 3469 5038 tenentibus,
3537 4977 3649 5029 etc.

2000 5072 2199 5143 Neque
2231 5071 2411 5132 enim,
2436 5070 2576 5125 dum
2610 5070 2720 5125 hoc
2748 5070 3201 5142 pollicebantur,
3225 5071 3563 5141 novumjus
3594 5087 3657 5127 se

2001 5161 2261 5217 conferre
2320 5164 2582 5215 Romano
2643 5160 2897 5215 antistiti
2958 5161 3266 5232 putabant,
3326 5161 3425 5215 sed
3486 5174 3657 5216 vetus

2001 5257 2058 5307 et
2116 5252 2188 5306 ab
2245 5249 2450 5305 ultima
2504 5250 2831 5305 firmatum.
2884 5251 3239 5322 antiquitate
3315 5266 3652 5321 agnoscere.

2003 5342 2151 5406 Quid
2177 5340 2339 5395 aliud
2397 5341 2763 5395 demonstrat
2811 5341 2989 5412 quod,
3022 5357 3079 5412 p.
3112 5342 3239 5407 214,
3269 5340 3513 5396 Michael
3543 5344 3654 5395 Pa-

2002 5431 2281 5501 lzeologus
2310 5431 2615 5500 Augustus
2640 5430 2708 5484 ad
2743 5430 3032 5501 synodum
3056 5429 3389 5486 Graecorum
3414 5429 3650 5485 antisti-

2007 5526 2135 5577 tum
2170 5536 2471 5592 perorans,
2532 5519 2631 5574 ubi
2693 5523 2847 5574 esset
2902 5523 3148 5591 questus
3206 5520 3276 5573 de
3310 5518 3527 5574 duritie
3558 5534 3652 5573 ca-

2002 5610 2264 5667 nonibus
2292 5610 2574 5665 damnata
2604 5607 2951 5682 patriarchae
2978 5608 3208 5665 Arsenii
3240 5607 3507 5681 negantis
3540 5607 3653 5663 sibi

1999 5700 2283 5775 penitenti
2337 5699 2897 5767 reconciliationem,
2931 5702 3219 5771 tanquam
3267 5713 3338 5755 ex
3390 5697 3658 5755 doctrina
