4218 6450
655 353 796 426 1127

1695 375 1758 429 Ρ.
1796 373 2076 429 possm
2109 371 2724 430 OBBEBVATIONUH
2760 377 2894 431 LIB.
2934 378 3008 433 II.

3921 383 4061 440 uss

653 513 784 568 qua
823 497 884 553 in
941 479 1208 554 confesso
1264 498 1420 570 apud
1477 514 1684 554 omnes
1737 503 1912 567 esset,
1946 497 2027 552 ait
2082 506 2296 568 tempus
2325 498 2380 564 Α
2409 497 2573 553 sibus
2606 499 2896 571 Eunomii,
2927 501 3248 560 Macedonii
3301 509 3360 561 et
3387 505 3636 562 aliorum
3695 508 3881 563 sancti
3926 509 4062 582 Spl-

651 601 767 641 esse
795 586 1118 657 procidendi
1170 586 1241 641 ad
1295 586 1454 657 pedes
1511 603 1668 657 papae
1726 589 1904 642 Romz
1962 587 2219 654 sedentis,
2252 594 2304 641 et

651 675 720 730 ab
751 691 813 731 eo
840 676 1166 746 suppliciter
1193 675 1412 746 petendi
1439 677 1681 730 salutare
1726 674 1939 746 peccati
1975 675 2300 740 remedium,

653 768 768 821 nisi
822 773 1047 822 certum
1104 772 1162 821 et
1223 766 1441 820 nemini
1505 765 1831 821 dubitabile
1880 767 1980 835 jus
2035 781 2185 831 esse,
2249 764 2299 818 si

650 856 885 926 quando
916 855 1608 924 Constantinopolitanus
1661 854 1990 926 patriarcha
2038 870 2071 907 a
2100 852 2302 925 regula

650 943 972 1014 discipline
1006 943 1218 998 veteris
1241 943 1561 1010 deﬂexerit,
1591 944 1940 1015 provocandi
2001 943 2070 998 ad
2106 941 2298 1013 ponti-

647 1035 815 1088 ficem
851 1033 1179 1088 Romanum
1216 1037 1272 1086 et
1312 1033 1383 1087 ab
1414 1048 1481 1087 eo
1537 1032 1645 1086 rite
1705 1033 1937 1103 petendi
1996 1032 2298 1088 sumendi-

649 1139 764 1194 que
786 1139 916 1193 quae
937 1122 1156 1192 injuste
1184 1138 1216 1176 a
1246 1121 1896 1192 Constantinopolitano
1924 1121 2044 1175 sint
2066 1125 2293 1192 negata.

646 1217 770 1268 Non
807 1211 989 1281 igitur
1020 1209 1283 1280 legitima
1309 1209 1602 1278 possessio
1625 1209 1746 1264 haec
1769 1209 1897 1275 fuit,
1920 1210 2018 1264 sed
2046 1209 2295 1279 iniquis-

644 1301 797 1356 sima
831 1299 1134 1370 usurpatio
1185 1299 1530 1353 auctoritatis
1586 1298 2018 1367 independentis,
2052 1298 2135 1368 [P.
2171 1299 2295 1370 466]

641 1406 820 1462 quam
851 1406 913 1444 se
944 1393 1163 1443 temere
1187 1388 1258 1441 ad
1286 1393 1613 1442 extremum
1642 1387 1787 1441 velle
1820 1387 1914 1441 hic
1938 1387 2295 1442 schismatici

641 1482 952 1534 testantur.
1015 1477 1125 1531 Sed
1187 1475 1291 1546 qui
1349 1492 1418 1530 ex
1475 1475 1620 1546 ipsis
1655 1481 1756 1530 aut
1785 1492 1988 1531 eorum
2049 1477 2296 1546 posteris

641 1572 844 1640 postea
898 1565 1294 1636 resipuerunt,
1325 1580 1452 1619 eam
1514 1564 1886 1629 abdicarunt,
1926 1568 1990 1618 ut
2044 1564 2292 1634 professi

641 1657 851 1713 deinde
882 1658 1023 1710 sunt
1053 1653 1109 1707 in
1143 1652 1388 1708 concilio
1420 1652 1775 1722 Florentino,
1807 1668 1954 1706 sess.
1987 1653 2078 1718 25,
2110 1669 2165 1722 p.
2188 1653 2295 1707 516

641 1748 733 1800 ed.
769 1746 905 1814 Reg.
930 1743 1025 1798 his
1052 1742 1280 1797 verbis:
1316 1740 1446 1813 Περί
1477 1747 1577 1809 τῆς
1603 1741 1784 1815 ἀρχῆς
1804 1743 1901 1794 τοῦ
1931 1740 2125 1793 πάππα
2156 1740 2292 1811 ὁμο-

642 1833 911 1908 λογοῦμεν
972 1830 1130 1884 αὑτὸν
1183 1827 1346 1904 ἄκρον
1397 1829 1657 1904 ἀρχιερέα
1714 1830 1803 1883 καὶ
1859 1828 2152 1903 ἐπίτροπον
2201 1829 2291 1882 καὶ

636 1922 1024 1996 τοποτηρητὴν
1074 1920 1162 1975 καὶ
1221 1920 1465 1994 βικάριον
1510 1923 1606 1973 τοῦ
1653 1920 1906 1991 Χριστοῦ,
1956 1918 2190 1989 ποιμένα
2230 1937 2289 1970 τε

638 2014 730 2069 καὶ
789 2010 1117 2067 διδάσκαλον
1174 2011 1386 2064 πάντων
1443 2013 1801 2084 Χριστιανῶν,
1853 2009 2046 2063 ἰθύνειν
2094 2029 2152 2062 τε
2198 2008 2287 2062 καὶ

639 2097 900 2178 κυϐερνᾷν
930 2103 1029 2170 τὴν
1061 2099 1387 2169 Ἐκκλησίαν
1423 2103 1523 2153 τοῦ
1579 2102 1734 2154 Θεοῦ.
1765 2101 1837 2154 De
1892 2102 2140 2170 primatu
2183 2116 2285 2170 pa-

639 2211 722 2267 pw
752 2195 890 2263 conﬁ
898 2201 1075 2247 temur
1095 2192 1278 2262 ipsum
1298 2206 1577 2246 summum
1597 2189 1912 2260 pontiﬁcem
1925 2193 1975 2244 et
2003 2191 2287 2259 dispensa-

639 2293 834 2353 torem,
865 2291 914 2338 et
943 2282 1122 2337 iocum
1152 2288 1421 2336 tenentem
1469 2295 1536 2334 ac
1591 2281 1870 2335 vicarium
1927 2278 2150 2344 Christi,
2182 2295 2282 2349 pa-

635 2380 949 2444 storemque
977 2376 1030 2426 et
1075 2369 1343 2425 doctorem
1392 2367 1647 2422 omnium
1703 2367 2170 2436 Christianorum,
2203 2383 2285 2422 re-

632 2479 866 2536 gereque
895 2478 959 2516 ac
1001 2460 1313 2532 gubernare
1369 2459 1666 2512 Ecclesiam
1698 2456 1816 2511 Dei.
1850 2456 1994 2512 Cum
2044 2473 2159 2528 quo
2193 2456 2284 2527 ip-

631 2553 716 2609 sis
750 2551 1104 2624 permissum
1159 2555 1268 2613 est,
1301 2547 1716 2603 dissimulante
1770 2549 2006 2618 propter
2063 2547 2280 2601 bonum

630 2643 790 2715 pacis
817 2641 1093 2708 Ecclesia,
1123 2644 1186 2694 ut
1211 2655 1386 2693 suum
1419 2635 2136 2707 Constantinopolitanum
2180 2653 2280 2706 pa-

630 2733 946 2788 triarcham
980 2727 1373 2784 Alexandrino
1406 2732 1830 2797 praeponerent,
1857 2729 2031 2796 prout
2060 2724 2279 2780 ibidem

631 2822 830 2877 statim
866 2821 1093 2874 addunt
1119 2834 1132 2874 :
1169 2820 1324 2885 Σωζο
1360 2816 1534 2888 μένων
1564 2819 1673 2869 τῶν
1697 2813 2016 2887 προνομίων
2048 2812 2138 2867 καὶ
2169 2817 2276 2867 τῶν

628 2907 851 2964 δικαίων
894 2911 1002 2961 τῶν
1048 2909 1405 2981 πατριαρχῶν
1454 2910 1553 2972 τῆς
1597 2902 1918 2972 Ἀνατολῆς,
1970 2903 2062 2957 τὸν
2123 2905 2281 2958 Κωκ-

627 2996 1129 3058 σταντινουπόλεως
1182 2993 1451 3067 δεύτερον,
1512 2995 1642 3048 εἶναι
1704 2994 1838 3065 μετὰ
1875 2992 1969 3047 τὸν
2028 2995 2276 3061 πάππαν,

626 3089 737 3143 εἶτα
793 3089 885 3142 τὸν
943 3082 1385 3157 Ἀλεξανδρείας,
1437 3089 1564 3146 οἱα.
1617 3085 1798 3139 Salvis
1852 3083 2167 3154 privilegiis
2227 3088 2277 3138 et

609 3181 840 3250 furibus
865 3176 1318 3249 patriarcharum
1381 3173 1650 3238 Orientis,
1693 3177 1756 3227 ut
1811 3173 2273 3242 Constantinopo-

2412 585 2562 641 ritus
2592 586 2959 644 divinitatem
2991 592 3483 662 oppugnantium,
3512 595 3680 664 quasi
3711 611 3781 650 ex
3809 613 3875 652 eo
3904 599 4063 669 quod

2412 674 2481 728 de
2512 674 2654 731 Filio
2685 675 2810 731 solo
2843 677 3058 733 diserte
3093 681 3302 736 fuisset
3331 682 3388 736 in
3434 699 3646 754 magna
3699 687 3922 756 synodo
3953 688 4059 740 Ni-

2410 779 2570 818 caena
2599 764 2927 820 deﬁnitium
2961 769 3527 826 consubstantialem
3555 788 3686 828 eum
3719 776 3873 828 Patri
3909 792 4062 842 esse,

2411 851 2482 906 de
2557 851 2774 922 Spiritu
2856 860 3059 911 sancto
3146 862 3812 929 sequereturpminime
3890 864 4059 920 illum

2409 957 2444 994 a
2473 939 2643 996 Patre
2675 944 3003 1012 procedere,
3034 945 3388 1002 celebratum
3421 953 3511 1004 est
3564 953 4058 1024 Constantinopo-

2410 1027 2448 1082 li
2523 1030 2835 1086 concilium
2913 1034 3185 1104 generale
3255 1038 3578 1093 secundum
3657 1040 3940 1096 indictum
4027 1061 4058 1098 a

2411 1121 2658 1173 Damaso
2691 1137 2860 1192 papa,
2911 1129 3291 1179 convocatum
3324 1129 3385 1190 fa
3439 1126 3766 1184 Theodosio
3825 1133 4060 1187 seniore

2405 1209 2690 1276 Augusto,
2723 1209 2781 1263 in
2815 1213 2969 1280 quod
3017 1220 3416 1269 convenerunt
3473 1221 3704 1272 centum
3764 1221 4056 1289 quinqua-

2406 1296 2568 1368 ginta
2599 1299 2858 1368 episcopi
2888 1317 3040 1355 anno
3071 1302 3286 1357 Christi
3310 1305 3434 1358 381.
3463 1304 3544 1360 Ibi
3565 1306 3844 1362 damnata
3873 1314 4062 1364 Pneu-

2408 1387 2913 1443 matomachorum
2974 1390 3364 1461 blasphemia,
3397 1393 3587 1448 visum
3638 1403 3723 1448 est
3782 1397 4057 1454 Patribus

2405 1477 2818 1545 apponendum
2848 1478 3072 1548 aliquid
3103 1479 3334 1535 Nicaano
3367 1484 3657 1552 symbolo,
3691 1486 3844 1555 quod
3879 1487 4058 1542 istam

2404 1565 2681 1634 deinceps
2743 1565 3007 1621 haeresim
3069 1569 3403 1639 perimeret.
3453 1575 3585 1626 Haec
3644 1573 3824 1643 igitur
3881 1578 4059 1631 verba

2403 1652 2453 1707 ei
2485 1655 2766 1722 adjuncta
2820 1660 2958 1709 tunc
3016 1660 3155 1710 sunt
3189 1673 3201 1710 :
3235 1658 3300 1711 Et
3358 1661 3417 1712 in
3473 1660 3750 1730 Spiritum
3803 1673 4059 1718 sanctum

2405 1746 2699 1797 Dominum
2731 1752 2781 1798 et
2810 1744 3214 1814 viviﬁcantem,
3239 1746 3337 1818 qui
3373 1764 3443 1803 ea:
3472 1749 3639 1804 Patre
3663 1752 3927 1820 procedit,
3960 1755 4060 1823 qui

2399 1846 2524 1884 cum
2557 1832 2723 1885 Patre
2750 1839 2804 1886 et
2833 1833 2975 1888 Filio
3002 1833 3174 1887 simul
3203 1835 3476 1890 adoratur
3505 1843 3560 1891 et
3587 1839 4059 1909 congloriﬁcatur,

2402 1921 2498 1989 qui
2520 1921 2728 1974 locutus
2749 1926 2829 1975 est
2847 1937 2946 1991 per
2961 1922 3268 1992 prophetas.
3289 1926 3440 1980 Satis
3463 1925 3573 1980 hoc
3594 1927 3782 1982 visum
3811 1929 3878 1982 ad
3911 1947 4054 1999 prae-

2399 2015 2623 2064 sentem
2650 2026 2847 2064 usum.
2872 2009 2981 2064 Sed
3009 2027 3139 2065 cum
3168 2012 3425 2068 insanire
3449 2014 3835 2070 nihilominus
3861 2018 4029 2073 Euno

2399 2098 2581 2153 miani
2646 2104 2973 2170 pergerent,
3025 2101 3190 2171 sequi
3251 2117 3319 2155 ex
3377 2107 3595 2158 statuto
3653 2106 3931 2176 dogmate
3988 2109 4052 2162 fi-

2397 2188 2540 2242 lium
2576 2188 2703 2242 Filii
2732 2188 3016 2259 Spiritum
3042 2189 3189 2244 667
3220 2195 3490 2245 sanctum
3517 2210 3645 2248 esse
3665 2196 4047 2263 cavillantes;

2395 2289 2549 2359 quod
2613 2291 2807 2342 autem
2869 2287 3014 2342 satis
3072 2293 3368 2346 constaret
3427 2294 3665 2348 unicum
3720 2311 3849 2351 esse
3906 2311 4053 2350 con-

2395 2376 2842 2432 substantialem
2909 2378 3057 2431 Patri
3120 2378 3354 2448 Filium,
3403 2383 3688 2453 Spiritum
3745 2390 4048 2447 sanctum,

2394 2467 2493 2538 qui
2530 2466 2656 2522 Filii
2701 2466 2856 2521 filius
2913 2471 3089 2532 esset,
3123 2484 3156 2522 a
3212 2469 3539 2526 divinitatis
3599 2473 4048 2545 participatione

2393 2556 2814 2612 removendum
2847 2561 2904 2612 et
2933 2558 3002 2612 ad
3037 2563 3440 2615 creaturarum
3495 2561 3742 2617 classem
3797 2563 4047 2619 submoo

2391 2646 2644 2702 vendum
2702 2645 2943 2700 omnino
2972 2648 3398 2717 essezquidam
3459 2656 3525 2705 ut
3579 2649 3676 2705 isti
3734 2668 4048 2724 argumen-

2391 2734 2597 2789 tationi
2664 2741 3057 2801 occurrerent,
3119 2753 3328 2808 negare
3391 2745 3695 2809 coeperunt
3757 2741 4044 2812 Spiritum

2391 2840 2424 2878 a
2475 2823 2616 2878 Filio
2676 2824 2974 2894 procedre,
3006 2823 3088 2879 sic
3147 2830 3212 2880 ut
3270 2826 3416 2898 ipsis
3471 2829 3808 2895 videbatur,
3869 2829 4048 2901 plau-

2390 2912 2622 2967 sibilius
2654 2911 2924 2982 rejecturi
2985 2913 3412 2970 Eunemianum
3470 2917 3798 2988 sophisma,
3833 2921 4049 2974 recita-

2387 3007 2513 3056 tum
2544 3019 2576 3056 a
2605 3006 2808 3057 sancto
2839 3001 3051 3057 Basilio
3083 3003 3141 3057 in
3196 3020 3367 3075 opere
3423 3011 3628 3061 contra
3685 3008 4048 3064 Eunomium

2388 3091 2480 3146 his
2538 3092 2768 3146 verbis:
2823 3088 2998 3145 Ἀλλὰ
3056 3089 3249 3166 λέγεις.
3313 3093 3382 3148 Ei
3441 3099 3575 3148 Θεοῦ
3637 3096 3732 3167 μὲν
3798 3095 3962 3150 εἰκὼν
4016 3099 4046 3152 ὁ

2385 3180 2529 3247 Υἱὸς,
2591 3180 2718 3232 Υἱοῦ
2777 3176 2833 3232 δὲ
2889 3179 2951 3232 τὸ
3011 3181 3253 3252 Πνεῦμα,
3310 3183 3400 3236 καὶ
3455 3183 3501 3236 εἰ
3555 3189 3691 3239 Θεοῦ
3733 3186 3829 3256 μὲν
3864 3186 4047 3259 Λόγος

618 3248 826 3324 titanas
854 3248 1126 3323 secundus
1138 3266 1212 3318 sit
1235 3280 1273 3318 α
1299 3269 1466 3334 papa,
1485 3261 1680 3317 deinde
1701 3261 2131 3329 Alexandrinus,
2155 3267 2263 3317 etc.

2384 3269 2407 3322 ὁ
2468 3269 2612 3337 Υἱὸς,
2674 3267 2826 3344 ῥῆμα
2883 3267 2939 3322 δὲ
2997 3270 3123 3323 Υἱοῦ
3158 3248 3246 3324 ’τὸγ
3297 3275 3537 3344 Πνεῦμα,
3586 3272 3674 3326 διὰ
3724 3248 3775 3326 ἐξ
3811 3276 3887 3346 μή
3922 3248 4047 3338 υἱὸς

688 3376 826 3446 Pag.
861 3375 984 3430 368.
1022 3373 1342 3443 Cauponum
1368 3374 1419 3425 et
1446 3369 1918 3425 illiberalissortis
1948 3369 2269 3424 homuncio-

616 3482 772 3521 num.
810 3465 1025 3519 Idiotas
1054 3462 1295 3517 Latinos
1322 3465 1376 3515 et
1408 3477 1523 3530 prae
1581 3475 1643 3513 se
1683 3457 1831 3514 viles
1884 3458 2267 3529 superﬁcilio-

618 3555 839 3612 sissimi
872 3558 928 3610 et
961 3555 1112 3608 fastu
1173 3551 1332 3606 inani
1392 3549 1608 3621 turgidi
1669 3548 2030 3604 schismatici
2092 3549 2269 3604 habe-

618 3645 778 3711 bant,
815 3645 1061 3714 ideoque
1094 3641 1212 3696 illis
1255 3641 1523 3712 quamvis
1583 3639 1895 3694 manifesto
1918 3638 2053 3706 jure
2110 3639 2267 3693 debi-

615 3739 732 3788 tam
759 3733 1181 3803 subjectionem
1206 3734 1439 3800 negant,
1465 3729 1721 3784 immane
1739 3732 2021 3799 quantum
2047 3745 2080 3782 a
2104 3728 2266 3784 Chri-

613 3824 807 3878 stiana
846 3820 1180 3891 humilitate
1228 3819 1633 3886 abhorrentes,
1666 3834 1796 3889 quin
1839 3818 2160 3889 piscatores
2191 3819 2262 3873 ab

611 3913 779 3968 initio
811 3910 1182 3982 philosophis
1213 3907 1496 3981 praetulit.
1528 3909 1636 3964 Sed
1694 3908 1866 3962 istam
1929 3908 2261 3978 superbiam

599 4005 764 4074 justa
786 4001 934 4056 ultio
953 3999 1202 4070 excepit,
1227 4002 1292 4052 ut
1314 3997 1413 4070 qui
1439 3997 1649 4066 subjici
1675 3996 2016 4068 apostolicis
2047 3997 2263 4051 Christi

607 4090 848 4145 vicariis
881 4088 1311 4145 contumaciter
1349 4086 1696 4158 spreverint,
1728 4087 1993 4158 tyrannis
2051 4086 2260 4141 barba-

605 4182 686 4236 ris
715 4180 1048 4235 miserrime
1080 4194 1236 4232 nunc
1270 4177 1550 4231 serviant.

680 4289 831 4344 660
865 4293 922 4343 P.
956 4288 1080 4341 37!.
1117 4286 1411 4340 Attentatae
1443 4281 1745 4338 additionis
1799 4281 1874 4337 ad
1928 4283 2256 4353 symbolum.

604 4383 954 4449 Magnopere
986 4392 1048 4431 se
1088 4378 1387 4430 ostentant
1445 4373 1500 4426 in
1565 4371 1672 4426 hac
1733 4374 1952 4443 passim
2013 4372 2258 4428 historia

602 4465 964 4523 schismatici
999 4463 1181 4520 Graeci
1214 4479 1282 4517 ex
1313 4463 1422 4516 hoc
1454 4461 1601 4528 loco,
1635 4461 1802 4531 quasi
1856 4462 2141 4532 quidquid
2184 4463 2255 4518 de

601 4558 878 4628 dogmate
909 4552 1306 4625 processionis
1338 4549 1779 4621 Spiritu'sancti
1814 4565 1880 4604 ex
1912 4550 2074 4605 Patre
2107 4551 2254 4622 pari-

2380 3358 2508 3411 Υἱοῦ
2580 3358 2642 3412 τὸ
2702 3359 2923 3430 Πνεῦμα
2979 3356 3220 3431 εἷ’ρηταις
3289 3360 3467 3432 τούτῳ
3524 3362 3623 3434 γὰρ
3688 3361 4044 3438 ἰσχυροτάτῳ

2378 3447 2514 3520 πρὸς
2588 3442 2831 3501 ἀσέϐειαν
2911 3447 3155 3520 ἐχρήσω.
3232 3450 3305 3505 Ἤ
3382 3450 3485 3526 γὰρ
3564 3451 3677 3505 υἱὸν
3736 3453 3771 3520 ἢ
3832 3453 4043 3527 κτίσμα

2375 3533 2616 3596 κελεύεις
2670 3542 2859 3603 νοεῖν,
2916 3536 3005 3589 καὶ
3065 3536 3146 3590 ὅτι
3210 3537 3286 3609 μὴ
3352 3539 3468 3601 υἱὸς
3528 3539 3882 3612 ὠνόμασται,
3946 3541 4041 3599 διὰ

2376 3629 2536 3679 ιοῦτο
2584 3624 2788 3696 κτίσμα
2845 3625 2976 3678 εἶναι
3041 3622 3410 3703 βλασφῆμεῖς.
3473 3633 3691 3685 Verum
3749 3632 4040 3688 adversus

2375 3725 2522 3779 hanc
2579 3723 3086 3793 imperitissimam
3121 3727 3564 3796 responsionem
3613 3728 4037 3800 reclamarunt,

2375 3814 2763 3886 praeservatim
2779 3813 2836 3868 in
2861 3813 3191 3882 Occidente,
3208 3815 3512 3881 Catholici,
3537 3821 4041 3889 utrumquejuxta

2375 3903 2760 3959 orthodoxum
2794 3919 3076 3958 canonem
3113 3920 3180 3958 ex
3211 3922 3378 3976 aequo
3441 3907 3834 3977 proﬁtendum
3868 3910 4039 3964 affir—

2375 3999 2625 4062 mantes,
2657 3999 2713 4048 et
2745 3994 3056 4064 procedere
3088 4000 3358 4049 sanctum
3391 3995 3675 4067 Spiritum
3735 4015 3803 4052 ex
3860 4003 4037 4056 Patre

2372 4082 2551 4139 simul
2585 4087 2642 4138 et
2675 4083 2834 4148 Filio,
2868 4089 2927 4138 et
2955 4089 3150 4138 tamen
3183 4100 3316 4138 eum
3349 4100 3454 4139 nec
3508 4085 3701 4141 Patris
3759 4103 3863 4141 nec
3899 4087 4034 4143 Filii

2370 4173 2558 4228 ﬁlium
2592 4189 2739 4228 esse.
2774 4174 2853 4227 Ac
2886 4173 3395 4244 perseverantibus
3425 4175 3641 4231 Graecia
3672 4178 4034 4248 quibusdam

2370 4263 2429 4316 in
2459 4262 2726 4334 negando
2778 4267 3047 4318 sanctum
3099 4262 3382 4334 Spiritum
3438 4281 3471 4319 a
3501 4264 3643 4321 Filio
3692 4267 4030 4338 procedere,

2367 4365 2424 4414 et
2455 4360 2511 4414 in
2545 4361 2635 4414 sui
2666 4359 2877 4415 erroris
2926 4360 3433 4417 confirmationem
3488 4363 3822 4435 symbolum
3871 4364 4028 4420 Con-

2365 4448 2957 4520 stantinopolitanum
3017 4451 3410 4521 rapientibus,
3442 4451 3503 4506 in
3557 4469 3670 4522 quo
3701 4453 3894 4508 solum
3928 4455 4026 4508 di-

2364 4547 2591 4593 ceretur
2649 4538 2932 4609 Spiritum
2988 4554 3057 4593 ex
3123 4539 3291 4594 Patre
3352 4541 3682 4609 procedere.
3755 4541 4022 4616 theologi

600 4620 712 4702 ter"
746 4662 811 4700 ac
869 4620 1013 4699 Filio
1073 4620 1394 4704 statuatur,
1453 4639 1656 4710 fugere
1721 4639 1901 4693 Latini
1961 4620 2254 4710 nequ—eant

2384 4628 2583 4684 iassim
2616 4627 2943 4693 orthodoxi,
2978 4627 3298 4698 praesertim
3331 4627 3528 4683 Romae
3550 4646 3616 4684 ac
3649 4645 3752 4700 per
3781 4633 4020 4701 provin-

600 4735 740 4807 quin
776 4732 981 4790 saltem
1013 4729 1363 4786 temeritatis
1395 4727 1722 4783 manifestae
1739 4732 2070 4797 teneantur,
2095 4731 2248 4800 quod

602 4823 878 4898 Symbolo
929 4817 1583 4890 Constantinopolitano
1614 4831 1809 4872 vocem
1841 4816 2097 4888 Filioque
2134 4836 2250 4874 non

600 4913 1002 4972 dubitaverint
1032 4910 1377 4980 adjungere.
1412 4907 1602 4971 Quare
1632 4907 2032 4962 necessarium
2055 4908 2252 4964 existi-

598 5025 695 5064 mo
727 5009 1158 5069 demonstrare,
1192 5000 1348 5072 quod
1409 4998 1564 5054 clare
1605 5013 1698 5053 me
1731 4998 2020 5054 facturum
2056 5017 2247 5071 spero,

598 5095 821 5152 nullam
857 5095 915 5150 in
979 5093 1088 5148 hoc
1147 5089 1538 5145 temeritatem
1593 5086 1796 5142 fuisse.
1832 5088 1914 5154 Id,
1951 5089 2011 5143 ni
2061 5088 2248 5160 fallor,

595 5202 879 5257 assequar
948 5181 1183 5237 duobus
1253 5176 1524 5250 captibus
1602 5175 1941 5245 tractandis,
1995 5193 2248 5248 quorum

596 5276 762 5348 prius
801 5271 1090 5329 historiam
1149 5273 1206 5324 et
1261 5270 1492 5338 factum,
1524 5265 1774 5320 alterum
1824 5266 1921 5337 jus
1946 5265 2112 5337 facti,
2146 5285 2247 5323 ra-

595 5367 784 5422 tiones
815 5362 1043 5419 scilicet
1072 5361 1146 5415 ob
1196 5374 1343 5428 quas
1377 5355 1559 5412 Latini
1618 5355 1677 5410 id
1736 5355 1882 5410 citra
1941 5354 2124 5412 ullam
2152 5360 2248 5430 ju-

593 5463 748 5513 stam
782 5451 1298 5526 reprehensionem
1332 5463 1504 5520 agere
1535 5450 1870 5517 potuerunt,
1900 5446 2157 5504 dilucide
2180 5466 2248 5506 ac

593 5546 850 5603 breviter
878 5544 1146 5611 exponet.

666 5636 752 5705 [P.
785 5633 910 5704 467]
949 5628 1201 5686 Historia
1259 5625 1388 5695 ejus
1447 5624 1765 5680 additionis
1817 5624 1904 5682 sic
1934 5642 1997 5682 se
2050 5626 2243 5683 habet.

593 5727 739 5783 Cum
799 5721 1020 5782 exortis
1076 5722 1212 5793 post
1259 5715 1476 5774 Asiana
1522 5718 1790 5787 tempora
1849 5715 2017 5773 novis
2060 5716 2246 5774 haem-

2362 4719 2483 4774 cias
2516 4717 2704 4772 Latini
2765 4716 2935 4782 ritus,
2964 4717 3451 4772 contestabantur
3495 4718 3578 4773 ita
3629 4719 3744 4774 dici
3778 4719 3834 4773 in
3870 4723 4024 4777 Con-

2362 4805 2891 4877 stantinopolitano
2922 4803 3195 4875 Symbolo
3221 4805 3501 4876 Spiritum
3533 4824 3565 4862 a
3595 4811 3765 4863 Patre
3823 4826 4026 4881 proco.

2361 4899 2518 4965 dere,
2549 4901 2614 4952 ut
2646 4912 2760 4951 non
2788 4895 3131 4951 excludatur
3187 4896 3548 4951 consortium
3593 4897 3746 4964 Filii,
3778 4899 3870 4954 cui
3909 4900 4021 4956 Pa-

2359 4992 2448 5044 ter
2476 4987 2676 5042 omnia
2711 5001 2817 5042 sua
2855 4984 3252 5041 communicet
3308 4990 3518 5056 preter
3574 5002 3704 5043 esse
3756 4992 4020 5059 Patrem,

2360 5103 2427 5141 ac
2457 5088 2886 5156 consequenter
2914 5083 3298 5155 spirationem
3329 5099 3560 5154 quoque
3590 5085 3838 5140 activam
3875 5103 4022 5142 con-

2358 5179 2526 5243 ferat,
2559 5192 2675 5246 qua
2705 5174 2804 5229 ille
2859 5174 2960 5228 ﬁat
2999 5189 3198 5229 secum
3256 5190 3439 5229 unum
3521 5174 3775 5246 Spiritus
3829 5177 4020 5232 sancti

2359 5265 2712 5337 principium
2738 5285 2752 5332 ;
2788 5280 2967 5335 quare
2980 5280 3113 5318 cum
3127 5267 3370 5318 sanctus
3386 5262 3640 5334 Spiritus
3655 5280 3688 5318 a
3709 5263 3878 5319 Patre
3896 5283 4014 5321 non

2358 5357 2911 5429 quomodocunque,
2932 5355 3033 5409 sed
3068 5370 3170 5425 per
3194 5352 3424 5419 Filium,
3448 5359 3515 5408 ut
3535 5357 3738 5410 Patres
3764 5356 4014 5427 quidam

2358 5446 2540 5502 Graeci
2597 5444 3002 5516 loquerentur,
3041 5443 3335 5514 procedat,
3390 5459 3522 5498 vere
3564 5449 3621 5498 et
3673 5446 3744 5498 ad
3800 5456 4013 5503 aucto-

2357 5553 2488 5591 rum
2521 5551 2760 5591 sensum
2794 5533 3068 5606 explicari
3100 5532 3813 5605 Constantinopolitanum
3838 5540 4008 5608 Sym-

2353 5625 2578 5689 bolum,
2613 5641 2728 5697 quo
2758 5624 2882 5680 loco
2931 5624 3012 5678 ait
3068 5623 3355 5694 Spiritum
3415 5628 3689 5679 sanctum
3745 5641 3779 5679 a
3837 5625 4012 5682 Patre

2356 5715 2670 5791 procedere
2700 5713 3075 5787 adiungendo
3127 5729 3258 5770 eum
3297 5730 3331 5770 a
3372 5713 3517 5771 Filio
3573 5730 3812 5787 quoque
3868 5732 4009 5788 pro-
