4248 6438
214 388 347 440 1120

1794 391 1835 440 Ν
1844 390 1999 441 ΟΤ.⁴Ε
2010 428 2018 435 .

3471 395 3609 449 1130

207 510 367 566 duci.
402 512 780 569 Ferventibus
803 511 963 566 hisce
985 511 1246 567 dissidiis
1266 530 1366 584 per
1396 513 1552 567 hunc
1586 512 1848 576 modum,
1880 513 1934 577 Α
1972 512 2294 566 secundum
2328 512 2618 581 synodum
2658 513 2990 583 generalem
3042 514 3353 584 septimam
3404 534 3604 575 revera

208 599 342 659 addi
396 597 571 668 cmpit
616 598 887 670 Symbolo
936 617 969 655 a
1014 600 1236 655 Latinis
1284 602 1523 655 verbum
1580 602 1851 669 Filioque,

206 703 343 741 voce
377 691 607 741 tantum
643 692 836 752 tenus,
863 687 920 741 in
955 688 1457 758 disputationibus
1484 689 1550 743 de
1579 688 1690 741 isto
1714 687 1852 757 dog-

210 781 383 830 mate.
432 780 627 847 quue
678 777 967 848 pertinere
1015 778 1285 847 arbitror,
1347 779 1501 848 quod
1562 775 1855 847 Josepbus

209 868 525 937 episc0pus
570 867 971 922 Methonensis
1011 869 1069 921 in
1134 868 1281 923 libro
1352 877 1548 922 contra
1615 869 1856 921 Marcum

211 953 511 1022 Ephesium
553 959 823 1024 testatur,
872 959 1167 1011 auctorem
1216 955 1462 1011 laudans
1526 954 1850 1023 Aristinum

207 1044 579 1113 historicum,
614 1062 747 1099 mox
779 1062 812 1100 a
844 1047 1103 1100 secunda
1143 1045 1398 1117 generali
1448 1046 1690 1117 synodo,
1725 1044 1851 1113 jam

204 1139 338 1187 tum
373 1138 633 1205 tempore
657 1134 892 1188 Damasi
944 1152 1127 1205 papm,
1179 1136 1649 1189 additamentum
1703 1132 1856 1186 vocis

210 1222 459 1293 Filioque
493 1240 605 1276 non
641 1224 813 1277 modo
845 1240 877 1277 a
909 1223 1134 1278 Latinis
1176 1224 1417 1287 tactum,
1460 1222 1561 1277 sed
1616 1239 1648 1275 a
1700 1222 1855 1275 ϐιηθ-

206 1310 293 1364 cis
325 1326 557 1381 quoque
589 1311 927 1366 orthodoxis
959 1312 1139 1366 fuisse
1160 1311 1604 1383 comprobatum
1634 1327 1648 1377 ;
1682 1310 1854 1380 quip-

209 1416 279 1470 pe
312 1400 563 1455 consciis
594 1416 721 1454 eam
774 1417 969 1455 veram
1023 1401 1204 1455 fuisse
1250 1398 1852 1468 Constantinopolita-

206 1503 419 1542 norum
450 1488 683 1543 Patrum
715 1487 976 1559 Symboli
1007 1492 1304 1542 auctorem
1340 1488 1718 1543 sententiam.

284 1611 396 1665 Res
443 1611 502 1665 in
572 1627 637 1666 eo
704 1615 858 1665 statu
895 1610 1183 1666 mansisse
1234 1611 1464 1665 videtur
1517 1626 1619 1681 per
1672 1626 1859 1665 annos

209 1700 328 1754 fere
360 1701 462 1753 400
495 1716 681 1770 usque
710 1700 780 1753 ad
814 1704 1079 1769 tempora
1111 1700 1383 1755 secundm
1427 1700 1670 1755 Nicaena:
1718 1716 1851 1771 syn-

204 1789 323 1857 odi,
357 1806 483 1859 quaa
513 1790 621 1844 fuit
646 1788 940 1860 generalis
972 1790 1246 1858 septima,
1292 1805 1447 1844 anno
1495 1787 1711 1844 Christi
1749 1788 1857 1841 787

204 1877 515 1933 celebrata.
550 1880 715 1933 't‘unc
745 1879 900 1933 enim
936 1877 1193 1949 primum
1226 1894 1295 1932 ex
1323 1878 1516 1932 verbis
1548 1878 1607 1931 in
1640 1877 1858 1947 scripta
1890 1880 1937 1944 Β

208 1971 480 2039 promota
508 1972 596 2023 est
627 1966 870 2033 additio,
895 1967 1188 2038 siquidem
1214 1967 1341 2037 ejus
1363 1967 1737 2022 meumenicaa
1770 1982 1860 2021 sa-

206 2074 317 2113 cra:
372 2058 579 2130 synodi
625 2058 852 2113 actione
896 2060 929 2111 7
983 2057 1290 2113 recitatum
1340 2061 1528 2112 exstat
1571 2057 1857 2113 Constan-

213 2146 671 2218 tinopolitanum
693 2145 1035 2218 Symbolum
1067 2146 1162 2201 his
1194 2145 1365 2217 plaus
1403 2146 1597 2201 verbis
1632 2162 1645 2200 :
1694 2144 1860 2199 Credo

212 2238 271 2290 in
294 2236 566 2304 Spiritum
596 2240 849 2290 sanctum
882 2276 894 2289 .
944 2277 956 2289 .
1000 2276 1013 2288 .
1049 2237 1145 2306 qui
1174 2250 1243 2290 ea;
1300 2238 1467 2290 Patre
1514 2240 1567 2289 et
1612 2251 1683 2289 ex
1722 2235 1861 2288 Filio

203 2326 467 2398 procedit.
505 2325 696 2381 Graece
726 2322 777 2376 ἐν
809 2327 906 2376 τοῦ
939 2322 1146 2397 Πατρὸς
1186 2322 1275 2376 καὶ
1332 2320 1393 2376 ἑκ
1446 2326 1543 2377 τοῦ
1602 2322 1728 2376 ι’ἱοῦ
1782 2321 1864 2376 ἐκ·

208 2413 767 2487 πορευόμενον.668
800 2414 927 2468 Scio
960 2414 1188 2468 Grazcos
1238 2413 1297 2467 in
1348 2412 1682 2468 Florentino
1724 2429 1861 2468 con-

214 2504 350 2559 cilio
381 2520 528 2559 sess.
560 2505 594 2557 6
626 2508 827 2558 contra
856 2504 965 2558 hoc
1012 2502 1329 2572 excepisse,
1380 2503 1609 2557 codices
1646 2519 1864 2557 eorum

218 2596 497 2664 antiquos
528 2592 897 2648 continentes
929 2598 1057 2647 acta
1086 2592 1328 2646 Nicaenaa
1371 2594 1407 2645 2
1446 2592 1653 2663 synodi
1700 2596 1867 2663 Sym-

218 2682 417 2739 bolum
452 2683 578 2738 sine
609 2682 907 2737 additione
940 2680 1173 2736 illorum
1204 2682 1513 2735 verborum
1544 2679 1634 2733 καὶ
1668 2679 1725 2732 ἐκ
1770 2684 1867 2733 τοῦ

217 2771 349 2825 Υἱοῦ
395 2781 446 2827 et
498 2787 566 2826 ea:
603 2770 744 2826 Filio
792 2771 1043 2825 exibere.
1095 2772 1205 2824 Sed
1250 2770 1345 2837 iis,
1395 2774 1460 2824 ut
1510 2770 1727 2825 ibidem
1772 2787 1866 2825 re-

218 2860 424 2928 fertur,
458 2865 601 2915 tunc
634 2858 821 2914 Latini
855 2860 1283 2930 responderunt
1324 2858 1539 2913 habere
1598 2875 1660 2913 se
1717 2858 1867 2913 anti-

222 2965 408 3021 quum
446 2950 778 3004 Graecorum
799 2949 1059 3004 codicem
1106 2948 1167 3015 (P
1208 2950 1332 3017 1:68)
1379 2948 1437 3002 in
1484 2965 1599 3018 quo
1647 2948 1870 3002 additio

224 3038 535 3094 manifeste
567 3043 952 3109 compararet,
984 3039 1139 3093 sicut
1170 3042 1226 3093 et
1275 3038 1332 3091 in
1376 3037 1873 3109 interpretationi-

224 3129 338 3183 bus
394 3129 612 3185 Latinis
642 3129 769 3198 jam
820 3127 961 3182 olim
1012 3126 1187 3181 editis
1230 3127 1358 3196 ejus
1425 3143 1603 3181 sacras
1667 3125 1873 3197 synodi

221 3218 411 3274 Verba
443 3216 708 3289 ipsorum
734 3217 1065 3272 Graecorum
1108 3215 1219 3269 hoc
1268 3216 1421 3286 quod
1471 3216 1600 3270 dico
1648 3219 1867 3270 testan-

222 3307 374 3362 tium
399 3306 520 3361 haec
542 3309 683 3361 sunt
703 3306 890 3361 sess.6
910 3304 1530 3359 concit.Florent.tom.
1560 3303 1775 3359 XXXII
1798 3304 1869 3358 ad

222 3396 363 3467 Reg.
401 3411 455 3465 p.
486 3395 577 3449 84.
610 3390 821 3449 Τούτου
868 3396 965 3445 τυῦ
996 3390 1126 3464 ὅρου
1159 3385 1402 3463 ἑϐδόμης
1462 3388 1690 3446 συνόδου
1747 3392 1872 3465 παρ’

224 3486 389 3555 ἡμῶν
440 3482 973 3557 ἀναγινωσκομένου,
1023 3480 1401 3555 προεκομίσθη
1442 3480 1587 3553 παρὰ
1630 3478 1873 3534 Λατίνων

231 3569 451 3647 βιϐλίον
526 3569 707 3645 ἕτερον
785 3569 1019 3626 παλαιὸν
1092 3569 1492 3645 γεγραμμένον,
1547 3569 1635 3623 τὸν
1714 3568 1873 3623 αὐτὸν

225 3662 357 3734 ὅρον
411 3668 511 3730 τῆς
567 3658 796 3715 συνόδου
851 3658 1054 3729 ταύτης
1102 3658 1364 3733 περιέχον
1398 3703 1413 3728 ,
1470 3656 1521 3711 ἐν
1582 3659 1626 3729 ᾦ
1684 3657 1875 3731 εὑρέθη

226 3750 617 3826 προσκείμενον
674 3749 726 3803 ἐν
768 3752 836 3821 τῇ
885 3746 1146 3821 Θεολογίᾴ
1190 3751 1287 3802 τοῦ
1334 3746 1489 3821 ἁγίου
1538 3747 1878 3819 ΙΙνεύματος,

228 3842 309 3903 εἷς
357 3842 419 3895 τὸ
469 3840 529 3895 ἐκ
568 3845 666 3895 τοῦ
713 3839 922 3913 Πατρὸς
954 3838 1403 3913 ἐκπορευόμενον,
1432 3838 1495 3892 τὸ
1525 3838 1612 3892 καὶ
1672 3837 1731 3891 ἐκ
1783 3841 1881 3892 τοῦ

231 3935 382 3988 nos.
402 3935 473 3989 Et
501 3934 664 3989 addit
692 3933 918 3989 Graecos
948 3931 1115 3987 illum
1176 3948 1297 3987 suae
1347 3930 1562 4003 lingua:
1619 3931 1881 3987 codicem

234 4039 374 4079 cum
426 4022 813 4077 admiratione
860 4024 1179 4092 spectasse,
1244 4024 1302 4075 et
1362 4018 1612 4091 probum
1692 4018 1884 4091 specie

233 4127 568 4183 manusque
592 4108 953 4183 perantiquis
985 4108 1292 4180 reperisse.
1334 4108 1666 4178 Eademque
1710 4107 1781 4163 de
1826 4124 1887 4164 re

232 4218 293 4273 p.
326 4200 397 4257 86
444 4200 652 4256 deinde
696 4198 1034 4254 referuntur
1080 4196 1303 4251 Juliani
1348 4195 1666 4253 cardinalis
1713 4196 1889 4252 verba

232 4290 358 4346 haec
410 4291 479 4345 ad
532 4289 947 4361 imperatorem
987 4286 1317 4342 Graecorum
1356 4281 1740 4353 ςΓαληνότατε
1788 4284 1889 4358 βα-

236 4377 413 4443 σιλεῦ,
488 4378 551 4431 τὸ
626 4375 993 4451 προκομισθὲν
1074 4375 1202 4447 παρ’
1271 4376 1433 4445 ἡμῶν
1493 4367 1777 4444 σύμϐολον
1833 4371 1885 4427 ἐν

230 4470 304 4540 τῇ
364 4461 574 4539 ἑϐδόμῃ
632 4462 839 4537 συνόδῳ
911 4463 1051 4518 ἐστὶν
1112 4462 1164 4518 ἐν
1230 4458 1435 4538 βιϐλίῳ
1489 4460 1890 4533 παλαιοτάτῳ,

230 4555 323 4611 καὶ
384 4552 642 4609 ἀδύνατον
718 4554 1019 4621 ὑπονοῆσαι
1069 4550 1314 4625 γενέσθαι
1389 4551 1511 4603 τινὰ
1580 4547 1888 4624 ἐναλλαγὴν

230 4643 285 4699 ἐν
345 4643 515 4716 αὐτῷ.
576 4644 823 4717 Ἐχομεν
884 4638 941 4695 δὲ
992 4640 1267 4713 ἱστορικὸν
1325 4636 1496 4713 ἄνδρα
1542 4638 1776 4693 παλαιὸν
1804 4636 1893 4692 καὶ

236 4735 428 4810 σοφὸν,
503 4731 818 4809 γεγραφότα
885 4730 1013 4803 περί
1074 4728 1301 4784 πολλῶν
1376 4726 1585 4796 ἄλλων,
1660 4728 1749 4781 καὶ
1826 4724 1894 4795 δὴ

243 4821 336 4877 καὶ
366 4821 490 4895 περὶ
538 4819 740 4877 τούτου
801 4817 1129 4893 διειληφότα
1174 4817 1255 4872 ὅτι
1300 4818 1363 4873 τὸ
1413 4811 1694 4890 σύμϐολον
1724 4814 1896 4879 οὕτως

240 4912 456 4983 ἐξετέθη
507 4913 595 4965 καὶ
645 4910 959 4985 ἀνεγνώσθή
1008 4908 1155 4983 παρὰ
1211 4913 1311 4976 τῆς
1362 4900 1606 4979 ἑϐδόμης
1646 4902 1896 4960 συνόδου.

242 5000 611 5059 Serenissirre
638 5000 942 5072 imperator
968 5001 1248 5071 prolatum
1290 5015 1323 5052 a
1372 4997 1526 5053 nobis
1575 4996 1901 5068 Symbolum

245 5095 308 5148 in
339 5093 572 5163 septima
599 5092 819 5163 synodo
848 5097 925 5145 est
950 5089 1012 5144 in
1042 5089 1187 5143 libro
1218 5087 1629 5160 antiquissimo,
1658 5102 1757 5142 nec
1802 5102 1902 5141 co-

244 5181 421 5255 gitari
451 5184 547 5236 aut
592 5178 783 5251 excipi
826 5194 952 5234 cum
994 5177 1362 5251 fundamento
1400 5180 1571 5249 potest
1601 5175 1905 5231 alteratum

248 5275 355 5330 aut
401 5274 723 5341 corruptum
770 5268 828 5323 id
872 5268 1159 5341 exentptar
1203 5270 1397 5338 fuisse.
1462 5266 1729 5322 Habemus
1798 5282 1901 5319 au-

253 5366 361 5417 tem
411 5359 760 5426 historicum,
809 5360 1056 5428 priscum
1116 5355 1397 5411 hominem
1460 5359 1510 5411 et
1572 5355 1904 5425 sapientem,

250 5452 495 5522 quicum
524 5447 591 5502 de
610 5446 742 5501 aliis
768 5444 1036 5516 plurimis
1076 5444 1317 5515 scripsit,
1369 5447 1485 5497 tum
1533 5443 1600 5498 de
1644 5441 1743 5497 hoc
1786 5456 1911 5513 pro-

248 5542 374 5614 prie
399 5540 465 5594 de
494 5553 596 5611 quo
628 5552 775 5592 nunc
794 5535 1004 5607 «igitur,
1028 5533 1339 5606 a/ﬁrmavit
1367 5533 1691 5606 Symbolum
1711 5531 1794 5587 sic
1817 5547 1912 5587 ex-

250 5628 499 5703 positum
527 5630 581 5681 et
613 5627 810 5681 lectum
852 5627 1000 5695 apud
1048 5623 1337 5695 septimam
1380 5623 1557 5693 fuisse
1617 5620 1910 5694 synodum.

260 5719 345 5775 Ex
390 5717 482 5773 his
526 5716 814 5772 habemus
854 5714 1001 5771 satis
1067 5718 1225 5770 certo
1286 5716 1555 5769 constare
1611 5712 1911 5771 Nicanam

588 5836 850 5897 ΡΑτιιοι..
897 5834 1009 5895 Gn.
1054 5831 1312 5895 CXLIII.

1960 598 2238 653 disertam
2276 601 2698 670 professionem
2742 602 3136 672 processionis
3187 605 3372 659 sancti
3422 606 3606 676 Spiri-

1960 691 2055 740 tus
2100 704 2167 742 ex
2212 689 2353 742 Filio
2402 690 3050 761 Constantinopolitano
3105 693 3372 764 symbolo
3437 695 3603 751 addi-

1961 775 2139 840 disse,
2177 782 2496 847 utcumque
2526 778 2708 833 Graeci
2738 780 2979 849 quidam
3011 782 3311 837 codicibus
3343 798 3606 839 corrum-

1963 867 2167 934 pendis
2199 869 2328 936 ejus
2372 870 2450 922 rci
2484 870 2701 924 famam
2750 872 2995 926 obruere
3035 872 3154 926 sint
3196 873 3408 927 conati.
3453 873 3608 935 Qua-

1962 971 2021 1007 re
2057 954 2245 1009 Latini
2292 956 2566 1026 deinceps
2611 960 2816 1028 synodi
2868 959 3242 1014 m-zumenicae
3288 962 3605 1017 auctorita—

1962 1048 2017 1096 te
2065 1045 2213 1109 freti,
2263 1061 2375 1098 non
2428 1044 2623 1100 solum
2692 1052 2755 1100 ut
2821 1053 2989 1103 antea
3046 1066 3182 1104 voce
3238 1054 3432 1116 tenus,
3502 1052 3605 1105 sed

1962 1132 2180 1202 scripto
2207 1135 2329 1201 jam
2366 1150 2601 1204 quoque
2634 1135 2981 1190 vocabulum
3027 1137 3288 1207 Filioque
3333 1138 3607 1209 Symbolo

1963 1220 2219 1275 inserere
2251 1227 2583 1291 potuerunt.
2608 1224 2877 1278 Nondum
2908 1231 3105 1280 tamen
3134 1227 3429 1281 audebant
3448 1244 3607 1299 sym-

1964 1307 2160 1363 bolum
2206 1327 2340 1365 cum
2394 1310 2501 1365 ista
2556 1312 2853 1368 additione
2905 1314 3056 1368 inter
3119 1331 3284 1369 sacra
3347 1331 3603 1383 canere;

1962 1408 2057 1475 qui
2092 1407 2352 1462 restabat
2372 1412 2496 1463 tum
2528 1409 2723 1463 adhuc
2776 1409 2836 1463 in
2879 1410 3053 1465 istius
3094 1411 3414 1466 additionis
3469 1430 3607 1483 pro-

1962 1509 2169 1564 gressu
2201 1496 2420 1565 gradus
2451 1497 2680 1553 tertius.
2712 1498 2958 1553 Romani
3010 1500 3319 1570 pontiﬁces
3362 1517 3498 1555 cum
3551 1504 3610 1555 et

1963 1588 2234 1639 constare
2266 1585 2336 1639 de
2366 1586 2638 1655 dogmate
2672 1587 3062 1656 processionis
3111 1588 3301 1643 sancti
3358 1589 3609 1658 Spiritus

1963 1690 2031 1727 ex
2065 1673 2206 1728 Filio
2250 1673 2532 1739 viderent,
2579 1679 2636 1729 et
2674 1676 3017 1746 Symbolum
3077 1675 3273 1747 ipsum
3330 1676 3612 1732 haberent

1964 1761 2179 1816 diserta
2199 1763 2328 1832 ejus
2361 1762 2440 1816 rei
2474 1764 2838 1833 professione
2868 1769 3132 1834 auctum,
3168 1765 3361 1836 palam
3400 1782 3607 1837 propo-

1965 1852 2144 1905 situm
2177 1869 2207 1903 a
2239 1851 2493 1921 generali
2527 1852 2769 1922 synodo,
2802 1853 2994 1907 minus
3014 1855 3410 1908 necessarium
3438 1862 3609 1925 puta-

1964 1939 2105 1993 bant
2127 1938 2183 1993 id
2210 1940 2341 1993 addi
2366 1944 2599 1994 cantato
2618 1939 2676 1993 in
2701 1940 3257 2012 ecclesiaSymbolo,
3280 1948 3435 2012 quod
3460 1944 3608 1997 satis

1966 2028 2201 2084 aliunde
2231 2029 2290 2083 in
2322 2046 2390 2084 eo
2421 2030 2667 2100 intelligi
2687 2032 3079 2086 conﬁdebant.
3102 2032 3302 2087 Exstat
3320 2032 3490 2087 istius
3513 2050 3608 2088 eo-

1967 2135 2097 2173 rum
2147 2117 2249 2172 tali
2302 2119 2373 2173 de
2420 2135 2479 2173 re
2520 2120 2731 2187 judicii
2771 2124 3217 2175 monumentum
3272 2120 3499 2177 illustre
3547 2121 3608 2177 in

1969 2208 2195 2279 primis,
2230 2208 2381 2278 quod
2418 2208 2511 2261 hic
2543 2208 2773 2262 recitari
2806 2225 2837 2263 ο
2868 2225 2927 2263 re
2968 2214 3127 2279 puto.
3177 2218 3344 2265 Anno
3393 2210 3612 2266 Christi

1966 2297 2072 2350 809
2111 2295 2404 2351 celebrata
2439 2301 2531 2351 est
2576 2297 2932 2369 Aquisgrani
2979 2304 3265 2369 praesente
3350 2299 3612 2371 impera-

1969 2390 2091 2439 tore
2140 2384 2342 2441 Carolo
2400 2385 2610 2455 Magno
2658 2387 2930 2457 lrequens
2980 2389 3239 2459 synodus
3288 2388 3614 2445 Gallicano-

1972 2492 2100 2529 rum
2126 2474 2277 2530 669
2322 2475 2603 2543 Patrum;
2655 2476 2756 2547 qui
2804 2481 3074 2531 accurate
3124 2476 3426 2548 disputata
3465 2495 3609 2533 con-

1972 2570 2062 2619 tra
2102 2563 2331 2618 Graecos
2380 2564 2774 2618 controversia
2813 2564 2882 2619 de
2930 2567 3298 2635 processione
3365 2566 3618 2637 Spiritus

1972 2651 2182 2717 sancti,
2232 2667 2366 2705 cum
2417 2653 2487 2706 de
2530 2668 2590 2705 re
2641 2651 2769 2722 ipsa
2824 2657 2885 2705 ut
2927 2657 3187 2723 oportuit
3235 2654 3619 2721 deﬁnierunt,

1974 2747 2300 2802 certissime
2327 2747 2645 2802 tenendum
2681 2748 2920 2818 produci
2956 2749 3241 2819 Spiritum
3282 2755 3551 2803 sanctum
3588 2766 3622 2803 a

1976 2834 2116 2889 Filio
2166 2852 2420 2906 quoque,
2471 2840 2593 2889 tum
2648 2841 2711 2889 ut
2764 2837 3117 2891 contrarium
3172 2852 3425 2893 errorem
3494 2854 3622 2908 per-

1975 2924 2193 2979 tinacia
2224 2925 2558 2979 Grtecorum
2596 2924 2708 2979 late
2752 2933 3123 2995 grassantem
3173 2925 3478 2993 eliderent,
3524 2944 3618 2996 pc-

1975 3014 2217 3067 tendum
2253 3030 2285 3067 a
2307 3012 2583 3083 pontiﬁce
2615 3019 2977 3068 censuerunt
3007 3020 3073 3069 ut
3101 3015 3444 3087 Symbolum
3486 3032 3620 3071 cum

1976 3099 2273 3157 additione
2306 3103 2463 3156 vocis
2495 3102 2742 3171 Filioque
2772 3104 2998 3157 cantari
3054 3104 3111 3157 in
3158 3104 3405 3159 ecclesia
3442 3104 3620 3174 jube-

1983 3195 2089 3245 rct.
2137 3195 2529 3245 Pervenerunt
2571 3192 2641 3245 ad
2698 3196 2943 3246 Leonem
2996 3192 3233 3247 tertium
3278 3192 3452 3265 legati
3517 3192 3625 3248 hoc

1986 3278 2353 3350 postulantes
2391 3295 2424 3333 a
2475 3279 2697 3350 synodo
2746 3284 2803 3334 et
2851 3279 3202 3352 imperatore
3247 3281 3437 3337 missi.
3488 3281 3627 3345 Qui-

1988 3369 2096 3423 bus
2124 3371 2235 3423 Leo
2265 3368 2583 3438 respondit,
2620 3367 2776 3438 quod
2827 3369 2899 3424 ad
2951 3369 3165 3441 dogma
3213 3369 3451 3441 quidem
3499 3370 3631 3426 atti-

1990 3461 2189 3513 neret:
2240 3455 2330 3511 Ita
2376 3458 2577 3526 sentio,
2633 3458 2711 3512 ita
2744 3468 2924 3525 teneo,
2964 3459 3042 3513 ita
3086 3474 3213 3513 cum
3256 3458 3338 3514 his
3384 3461 3631 3515 auctori-

1991 3548 2089 3601 bus
2114 3550 2164 3602 et
2194 3560 2369 3601 sacrae
2407 3545 2714 3616 Scriptura?
2743 3546 3190 3603 auctoritatibus.
3223 3547 3285 3603 Si
3342 3550 3463 3620 quis
3514 3547 3636 3604 ati-

1991 3644 2074 3691 ter
2102 3635 2166 3690 de
2194 3636 2302 3689 hac
2322 3651 2381 3689 re
2407 3638 2615 3691 sentire
2642 3640 2694 3690 et
2724 3642 2912 3691 tenere
2954 3638 3211 3703 voluerit,
3262 3636 3538 3709 defendo;
3585 3645 3641 3693 et

1993 3723 2107 3779 nisi
2134 3739 2423 3779 comersus
2445 3724 2617 3792 fuerit
2665 3730 2718 3779 et
2760 3723 3061 3779 secundum
3094 3727 3240 3779 hunc
3284 3741 3504 3781 sensum
3551 3728 3637 3780 te-

1991 3828 2121 3869 nere
2150 3814 2405 3882 voluerit,
2445 3812 2735 3868 contraria.
2763 3816 3085 3869 sentientem
3113 3813 3372 3883 funditus
3408 3813 3639 3885 abjicio.

1996 3911 2158 3976 Quod
2204 3915 2401 3965 autem
2451 3911 2523 3966 de
2566 3911 2827 3979 jubendo
2871 3912 3093 3967 cantari
3153 3911 3399 3968 ecclesia
3466 3913 3639 3984 Sym-

1997 3999 2129 4055 bolo
2175 4015 2310 4054 cum
2370 3998 2667 4055 additione
2712 4000 2960 4071 Filioque
2998 4001 3336 4072 rogabatur,
3406 4001 3642 4073 negavit

1998 4087 2111 4143 sibi
2144 4087 2327 4142 videri
2373 4088 2837 4143 concedendum.
2887 4088 2953 4142 Et
3011 4088 3371 4144 instantibus
3431 4088 3643 4159 legatis

1999 4194 2102 4250 per
2132 4177 2253 4233 haec
2281 4177 2410 4248 ipsa
2441 4176 2616 4232 verba
2641 4193 2654 4231 :
2684 4177 2747 4232 Si
2770 4176 2941 4233 sciret
2966 4178 3279 4248 paternitas
3322 4183 3420 4233 tua
3466 4195 3643 4251 quan-

2000 4273 2056 4323 ta
2083 4272 2213 4322 sunt
2243 4266 2405 4323 hodie
2423 4267 2619 4322 millia
2648 4267 2706 4322 id
2736 4269 3009 4324 scentium
3047 4269 3181 4339 quia
3213 4272 3497 4336 cantatur,
3551 4267 3650 4341 qui

1998 4373 2281 4429 nunquam
2312 4357 2513 4411 scituri
2538 4365 2716 4412 essent
2746 4356 2862 4411 nisi
2890 4360 3236 4423 cantaretur,
3274 4358 3511 4427 fortasse
3550 4374 3652 4412 no-

2003 4446 2215 4502 biscum
2245 4450 2486 4511 teneres,
2520 4450 2571 4500 et
2613 4445 2667 4500 id
2693 4450 2787 4501 tuo
2816 4448 2986 4501 etiam
3032 4463 3301 4502 consensu
3336 4451 3395 4502 ut
3447 4456 3650 4502 canta-

2000 4544 2154 4591 retur
2182 4536 2555 4606 acquiesceres
2577 4553 2597 4589 :
2622 4536 2925 4605 respondit
2956 4536 3097 4592 Leo:
3124 4537 3359 4592 Interim
3390 4538 3653 4592 assentio.

1928 4589 1971 4654 Β
2016 4633 2223 4690 Verum
2254 4636 2457 4702 tamen,
2489 4647 2694 4704 quaeso,
2727 4633 2990 4705 responde
3018 4634 3159 4689 mihi
3190 4650 3203 4688 :
3235 4651 3374 4689 num
3396 4636 3657 4690 universa

2009 4722 2326 4793 hujusmodi
2353 4721 2484 4792 ﬁdei
2520 4723 2755 4793 mystica
2807 4731 3185 4793 sacramenta,
3234 4738 3360 4795 quae
3402 4723 3657 4795 Symbolo

2007 4828 2119 4867 non
2149 4810 2523 4878 continentur,
2572 4812 2697 4865 sine
2746 4810 2947 4881 quibus
2992 4814 3243 4884 quisque,
3293 4811 3389 4883 qui
3442 4812 3519 4867 ad
3562 4813 3661 4867 hoc

2008 4903 2331 4972 pertingere
2352 4908 2546 4969 potest,
2578 4900 2880 4956 catholicus
2904 4918 3019 4959 esse
3053 4917 3165 4957 non
3206 4905 3403 4973 potest,
3440 4901 3659 4972 symbo-

2011 4992 2081 5046 lis
2109 4990 2425 5055 inserenda,
2456 4998 2506 5045 et
2552 4994 2780 5061 propter
2830 4991 3211 5062 compendium
3249 4993 3438 5047 minas
3486 4990 3660 5045 intel-

2016 5081 2336 5150 ligentiam,
2367 5082 2429 5135 ut
2482 5082 2682 5150 cuique
2723 5079 2972 5149 libuerit,
3024 5080 3271 5137 addenda
3322 5085 3505 5137 sunt?
3544 5080 3666 5136 Ali-

2016 5173 2237 5241 quanto
2269 5173 2402 5241 post
2436 5168 2615 5239 legati
2646 5169 2731 5224 sic
2765 5169 2931 5225 aiunt
2963 5187 2976 5225 :
3012 5172 3155 5239 Ergo
3184 5173 3241 5225 ut
3289 5169 3464 5240 video,
3518 5168 3671 5225 illud

2015 5277 2050 5314 ιι
2076 5263 2257 5314 vestra
2286 5260 2629 5329 paternitate
2674 5257 3009 5323 decernitur,
3069 5267 3131 5314 ut
3185 5259 3366 5329 primo
3420 5258 3565 5314 illud
3606 5258 3674 5313 de

2015 5364 2122 5424 quo
2162 5350 2392 5420 questio
2421 5346 2641 5416 agitur,
2696 5348 2766 5402 de
2820 5363 2965 5417 sape
3019 5349 3133 5419 fato
3177 5349 3433 5421 Symbolo
3490 5347 3673 5419 (quod

2020 5454 2231 5509 nempe
2258 5438 2473 5511 legitur
2506 5437 2565 5492 in
2599 5436 2868 5509 ecclesia)
2899 5438 3153 5507 tolletur,
3186 5440 3273 5510 [P.
3319 5440 3443 5506 469]
3476 5443 3528 5493 et
3549 5447 3683 5493 tunc

2019 5529 2241 5585 demum
2268 5545 2302 5581 a
2332 5527 2571 5599 quolibet
2610 5526 2763 5583 licite
2789 5532 2839 5583 et
2873 5526 3068 5596 libere,
3098 5528 3215 5584 sive
3242 5526 3526 5584 cantando
3559 5530 3677 5583 sive

2022 5616 2287 5673 tradendo
2316 5616 2567 5672 discatur
2603 5625 2654 5672 et
2683 5616 2954 5673 doceatur
2980 5619 3169 5691 (extra
3199 5622 3439 5674 cantum
3471 5616 3682 5673 videli-

2024 5712 2114 5764 cet
2144 5706 2603 5776 ecclsiasticum,
2635 5707 2734 5779 qui
2769 5708 2925 5765 inter
2956 5725 3125 5765 sacra
3154 5708 3263 5781 ﬁt).
3296 5708 3384 5763 Ad
3416 5722 3544 5780 quis
3575 5723 3679 5779 pa-

3279 5830 3361 5890 36
