4218 6450
614 393 749 447 1131

1658 387 1719 436 Ρ.
1761 385 2038 437 POSSINI
2076 383 2684 441 OBSERVATIONUM
2725 390 2857 441 LIB.
2899 393 2970 442 II.

3879 393 4018 446 1132

613 533 690 588 pa
723 511 986 584 reposuit
1023 526 1036 564 :
1071 511 1149 563 Ila
1176 505 1376 577 procul
1405 505 1566 559 dubio
1599 522 1632 558 a
1660 513 1849 559 nostra
1888 512 2038 574 parte
2085 504 2266 559 decer-
2299 511 2343 575 Β
2375 506 2600 576 dejecto
2647 525 2714 564 ex
2757 527 2822 564 ea
2861 515 2919 564 et
2959 510 3196 564 detruso
3240 510 3296 564 in
3339 527 3626 566 carcerem
3699 512 3888 569 Leone
3949 515 4018 580 ν,

621 607 777 658 nitur
813 620 826 667 ;
862 601 944 653 ita
981 611 1195 668 qunque
1243 598 1300 648 ut
1356 610 1390 647 a
1437 600 1615 647 vestra
1677 593 2038 658 assentiatur,
2079 610 2111 646 a
2160 609 2256 646 n.0-

619 695 696 748 bis
718 689 1027 747 omninodis
1059 682 1342 740 suadetur.
1387 684 1508 736 Haec
1550 699 1616 735 ex
1648 683 1793 736 actis
1827 683 1987 736 illius
2037 682 2254 753 Aquis-

614 781 921 855 granensis
947 775 1200 842 concilii,
1233 791 1266 828 a
1313 773 1645 837 Sirmondo,
1687 777 1825 826 tom.
1885 772 1932 826 II
1976 771 2257 826 Concilio-

614 889 742 927 rum
774 868 970 924 Galliis
1002 864 1196 929 editis,
1229 863 1673 933 descripsimus:
1709 863 1768 914 In
1798 861 2010 931 quibus
2052 861 2254 913 obser-

612 961 736 1018 vari
769 973 955 1029 operai
986 954 1238 1026 pretium
1273 953 1371 1016 sit,
1406 949 1676 1020 usurpari
1709 950 1942 1020 quidem
1969 950 2094 1018 jam
2128 954 2253 1003 tum

614 1052 674 1105 in
707 1048 897 1104 Gallia
931 1049 1184 1114 coeptum
1249 1046 1311 1095 ut
1366 1041 1705 1110 Symbolum
1767 1055 1898 1092 cum
1960 1038 2259 1093 additione

615 1137 881 1194 vocabuli
912 1135 1165 1202 Filioque
1193 1131 1250 1184 in
1285 1129 1544 1184 ecclesiis
1583 1129 1736 1181 inter
1793 1144 1960 1182 sacra
2018 1143 2260 1181 canere-

618 1233 734 1283 tur.
786 1226 848 1279 Id
895 1223 1049 1277 enim
1101 1222 1356 1274 innuunt
1405 1217 1504 1272 illa
1558 1219 1734 1271 verba
1780 1215 2153 1286 legatorum:
2201 1216 2263 1270 Si

618 1320 786 1371 sciret
837 1311 1145 1384 paternitas
1206 1318 1298 1362 tua
1354 1311 1562 1376 quanta
1617 1313 1741 1359 sunt
1783 1305 1943 1359 hodie
1992 1304 2156 1358 milia
2202 1305 2261 1358 id

618 1405 910 1460 scientium
940 1402 1072 1471 quia
1114 1403 1387 1451 cantatur.
1438 1395 1547 1448 Sed
1599 1395 1752 1448 hunc
1804 1410 2021 1447 morem
2083 1410 2115 1447 a
2149 1394 2260 1446 Ro-

620 1510 795 1550 mano
829 1489 1102 1562 pontiﬁce
1153 1486 1411 1540 nondum
1457 1490 1597 1537 tunc
1648 1482 1827 1536 fuisse
1871 1482 2260 1552 approbatum

617 1583 730 1655 ipsi
763 1581 862 1653 qui
895 1576 1262 1647 usurpabant
1316 1578 1548 1638 norant,
1602 1572 1743 1625 dum
1791 1572 1919 1639 ejus
1973 1571 2260 1640 approba-

618 1673 839 1727 tionem
885 1671 1109 1738 petunt.
1163 1664 1233 1717 Et
1284 1661 1520 1732 quidem
1573 1660 1666 1712 hic
1715 1660 1971 1730 pontifex
2023 1659 2133 1712 Leo
2191 1659 2263 1712 ΙΙΙ

623 1763 765 1816 adeo
797 1757 906 1812 fuit
939 1758 994 1810 in
1032 1755 1138 1807 hoc
1172 1751 1472 1822 proposito
1506 1751 1676 1813 ﬁxus,
1721 1753 1805 1816 ut,
1849 1749 1998 1817 quod
2063 1748 2264 1801 Petrus

2376 611 2621 667 eamque
2668 615 2770 668 per
2827 615 2926 652 sex
2974 614 3209 653 menses
3248 601 3455 654 tenuit.
3509 602 3643 655 Post
3705 619 3848 672 quos
3918 619 4022 657 ex-

2374 685 2542 754 pulso
2582 692 2636 740 et
2675 688 2731 740 in
2801 687 3034 741 vincula
3101 691 3359 758 conjecto
3423 688 3838 761 Christophoro
3897 693 4025 747 Ser-

2380 775 2512 845 gius
2543 777 2611 829 lll
2646 777 2858 830 iterum
2903 779 3288 847 apostolicum
3333 779 3606 833 thronum
3669 781 3906 845 insedit,
3961 784 4020 835 in

2373 879 2557 934 eoque
2592 866 2849 935 perstitit
2881 883 3067 935 usque
3099 868 3169 920 ad
3205 873 3448 921 mortem
3484 885 3676 937 suam,
3711 887 3836 941 qua
3882 888 4022 925 con-

2376 954 2508 1023 tigit
2540 955 2794 1008 triennio
2850 959 3006 1025 post,
3049 972 3202 1010 anno
3264 955 3478 1012 Christi
3536 958 3660 1011 910.
3712 960 3848 1013 Mihi
3905 976 4023 1014 non

2373 1043 2604 1096 videtur
2644 1043 3029 1097 inverisimile
3071 1044 3360 1098 Andream
3401 1045 3689 1101 Rhodium
3755 1048 4021 1103 Graecum

2375 1140 2697 1211 hominem,
2728 1142 2989 1212 ejusdem
3018 1141 3188 1195 istius
3221 1141 3402 1196 Graeci
3444 1145 3870 1214 commentarii,
3923 1163 4028 1200 cu-

2389 1229 2488 1297 jus
2519 1228 2820 1300 exemplar
2859 1229 3066 1283 habuit
3104 1231 3412 1298 Baronius,
3463 1232 3731 1287 notitiam
3782 1233 4026 1290 habuis-

2376 1332 2436 1371 se
2465 1337 2478 1383 ;
2506 1319 2766 1388 adeoque
2799 1335 3115 1373 memorem
3161 1319 3300 1390 quid
3351 1320 3428 1373 ibi
3472 1319 3730 1392 legisset,
3781 1337 3847 1376 ea
3895 1341 4026 1394 quae

2376 1406 2805 1476 descripsimus
2855 1407 2914 1461 in
2951 1408 3194 1462 consilio
3242 1409 3479 1475 dixisse,
3519 1410 3876 1466 abstinuisse
3918 1429 4029 1466 au—

2375 1500 2482 1548 tem
2511 1512 2543 1548 a
2576 1497 2870 1550 mentione
2903 1497 3255 1551 distinctiori
3289 1515 3448 1568 papae
3480 1498 3906 1570 Christophori,
3939 1500 4029 1555 vel

2376 1586 2527 1654 quod
2555 1589 2787 1655 putaret
2817 1585 3158 1654 scriptorem
3192 1585 3361 1641 illum
3407 1588 3668 1642 Graecum
3717 1588 3777 1642 in
3816 1605 3883 1643 eo
3934 1608 4030 1644 er-

2375 1691 2558 1740 rasse,
2583 1675 2996 1729 confundendo
3020 1691 3152 1729 eum
3179 1691 3310 1730 cum
3331 1692 3436 1730 suo
3461 1693 3797 1732 successore
3811 1685 3914 1732 aut
3928 1695 4033 1750 pe-

2376 1763 2494 1817 tius
2518 1763 2825 1833 expulsore
2847 1765 3080 1834 Sergio;
3111 1763 3198 1818 vel
3231 1766 3384 1835 quod
3417 1766 3726 1837 utriusque
3775 1767 4030 1822 istorum

622 1846 987 1905 Lombardus
1054 1843 1094 1896 Ι.
1158 1840 1585 1933 δϐηἰϐνξςῑάνξιτη,
1862 1836 1919 1890 1⁸
1995 1841 2264 1933 {egi-amr»
2304 1871 2348 1933 Β
2377 1858 2489 1906 tam
2526 1853 2826 1907 maculosa
2856 1853 2996 1920 vita,
3027 1859 3147 1907 tam
3194 1855 3364 1922 foeda,
3417 1836 3701 1911 memoria
3742 1863 3917 1926 esset,
3966 1864 4034 1912 ut

623 1938 1046 2004 transcriptum
1118 1927 1378 2000 Symboli
1447 1926 1572 1980 sine
1642 1926 1941 1979 additione
1995 1924 2269 1993 Filioque,

626 2028 798 2100 quale
830 2023 1110 2080 nimirum
1144 2020 1203 2073 in
1237 2019 1419 2072 missa
1463 2016 1684 2070 cantari
1735 2015 1975 2069 omnino
2023 2013 2270 2077 volebat,

630 2114 930 2186 reliquerit
987 2113 1046 2165 in
1102 2108 1303 2162 tabula
1360 2109 1637 2176 argentea
1692 2109 1825 2175 post
1882 2104 2063 2157 altare
2122 2100 2270 2156 beati

630 2207 817 2264 Pauli.

699 2314 1042 2369 Perventum
1089 2312 1286 2360 tamen
1336 2302 1651 2373 aliquando
1698 2302 1767 2356 ad
1807 2302 1984 2355 istum
2034 2299 2271 2354 tertium

626 2416 978 2477 progressus
1027 2398 1087 2450 in
1134 2392 1454 2450 additionis
1508 2391 1742 2461 negotio
1789 2390 2035 2460 gradum
2092 2388 2274 2442 fuisse

625 2491 1007 2550 manifestum
1041 2489 1241 2550 est,ut
1272 2482 1576 2544 nimirum,
1639 2480 1792 2534 670
1836 2478 2012 2533 etiam
2063 2494 2273 2549 appro-

626 2586 804 2639 bante
856 2575 1143 2650 pontifice,
1178 2573 1464 2634 Romano,
1517 2567 1859 2637 Symbolum
1919 2583 2053 2620 cum
2107 2565 2270 2619 addi-

627 2674 887 2726 tamento
935 2664 1187 2734 Filioque
1235 2661 1386 2714 inter
1431 2674 1598 2712 sacra
1657 2660 1982 2711 caneretur.
2047 2657 2092 2708 A
2159 2670 2274 2724 quo

631 2765 824 2816 autem
856 2756 912 2810 id
949 2754 1207 2826 primum
1243 2747 1516 2820 pontiﬁce
1558 2746 1731 2800 fuerit
1779 2745 2130 2811 admissum,
2184 2745 2274 2796 in-

634 2854 859 2905 certum
893 2847 1002 2899 est.
1045 2838 1350 2896 Nicolaum
1402 2841 1458 2890 et
1506 2834 1827 2890 Adrianum
1882 2833 2119 2903 quidam
2173 2848 2273 2886 no-

636 2939 889 2995 minant.
930 2933 1041 2988 Sed
1073 2929 1335 2984 Andreas
1369 2924 1626 2980 Rhodius
1650 2938 1890 2978 causam
1932 2922 2274 2976 Latinorum

634 3043 815 3099 agens
864 3024 924 3077 in
972 3017 1218 3076 consilio
1268 3013 1603 3069 Florentino
1654 3013 1724 3066 de
1772 3016 2021 3081 utroque
2081 3014 2274 3081 negat,

633 3115 912 3190 quoniam
946 3113 1223 3166 neutrum
1257 3120 1323 3160 eo
1358 3105 1594 3181 nomine
1619 3101 1863 3155 Photius
1895 3100 2275 3170 accusaverit,

633 3189 978 3276 neutiquam
1011 3199 1080 3254 de
1101 3195 1201 3251 tali
1223 3210 1303 3259 re,
1329 3193 1374 3248 si
1401 3197 1557 3246 esset
1578 3207 1730 3257 vera,
1756 3189 2275 3299 taciturusL‘fddlt
2304 3233 2347 3299 Ο

628 3297 786 3350 idem
829 3290 1112 3352 Andreas,
1146 3299 1310 3340 conc.
1376 3281 1523 3336 Flor.
1586 3294 1733 3334 sess.
1791 3280 1845 3345 7,
1899 3295 1956 3349 p.
2023 3278 2123 3332 122
2179 3279 2271 3332 ed.

631 3386 771 3455 Reg.
835 3397 848 3436 ε
907 3383 972 3433 Ἠ
1040 3371 1323 3443 Ῥωμαῖκή
1400 3365 1699 3455 Ἐκκλησίᾳ
1740 3367 2070 3455 -ἠναγκάσβη
2119 3363 2279 3455 PM-

625 3451 807 3527 antica
864 3467 955 3520 τὸν
1017 3461 1356 3531 ἐπικείμενον
1416 3455 1585 3530 μέγαν
1645 3453 1892 3508 κίνδυνον
1927 3473 1939 3485 ·
2011 3451 2281 3526 ἐψάλλετο

628 3564 727 3636 γὰρ
785 3556 894 3627 ἤδη
958 3554 1007 3608 ἐν
1069 3556 1186 3613 ταῖς
1245 3545 1506 3606 Γαλλίαις
1565 3545 1656 3598 καὶ
1722 3542 2016 3636 Ἱσπανξαις
2053 3587 2064 3599 .
2123 3545 2284 3636 tanta

629 3630 820 3722 ilP‘Ecsv
883 3645 1071 3716 ἐκείνῳ
1127 3645 1205 3711 τῷ
1260 3635 1409 3712 ἄκρῳ
1463 3637 1740 3710 ἀρχιερεῖ»
1808 3633 1942 3706 μετὰ
2001 3630 2282 3708 συνεδρίου

631 3739 863 3795 πολλῶν
920 3731 1172 3803 Πατὲρων
1234 3725 1464 3781 δυτικῶν
1541 3728 1648 3777 τῶν
1712 3723 2012 3798 γεγονότων
2066 3722 2127 3776 οὐ
2186 3744 2281 3794 μι-

592 3832 768 3895 ‘xpuﬁ
827 3824 1135 3895 ἀξιώματος
1192 3817 1226 3885 ἢ
1286 3814 1479 3887 ὀλίγου
1509 3813 1768 3887 ἀριθμοῦ,
1817 3811 2110 3881 ἀναπτύξαι
2143 3811 2284 3865 ἐκεῖ-

633 3885 695 3972 vo
753 3915 780 3970 Β
844 3885 1099 3988 λ’ἑγοιμεν,
1157 3906 1244 3961 καὶ
1307 3885 1404 3964 ὡς-
1438 3901 1488 3958 ἐν
1520 3885 1600 3973 τῷ
1651 3896 1930 3973 Συμϐόλῳ
1968 3899 2278 3973 ψάλλομεν.

635 4010 840 4065 Coacta
887 4007 964 4059 est
995 4000 1236 4056 Ecclesia
1270 3998 1519 4050 Romana
1547 3992 1883 4063 (admittere
1925 3997 1989 4046 ut
2045 4008 2280 4047 canere-

631 4105 732 4154 tur
752 4092 1092 4167 Symbolum
1118 4103 1262 4161 [cum
1313 4083 1612 4139 additione
1661 4081 1928 4152 Filioque)
1978 4097 2102 4136 cum
2158 4098 2281 4135 ma-

631 4203 803 4258 gnum
832 4183 1038 4239 videret
1069 4176 1386 4249 impendere
1421 4171 1730 4243 periculum
1763 4186 1775 4224 :
1812 4173 1922 4237 7am
1980 4170 2129 4224 enim
2185 4187 2279 4225 ca-

628 4278 864 4333 uebatur
892 4272 952 4327 in
976 4265 1148 4323 Gallis
1181 4275 1231 4321 et
1261 4263 1563 4334 Hispaniis.
1623 4264 1810 4328 Quare
1857 4259 2072 4330 placuit
2126 4276 2278 4314 sum-

627 4383 715 4423 mo
778 4364 870 4418 illi
940 4356 1216 4432 pontiﬁci,
1283 4369 1407 4407 cum
1473 4351 1773 4404 multorum
1837 4349 2279 4405 Occidentalium

628 4438 867 4513 Patrum
935 4462 1211 4514 concessu,
1282 4443 1377 4513 qui
1433 4455 1533 4493 nec
1596 4439 1863 4508 dignitate
1930 4443 2117 4492 tenues
2183 4454 2281 4492 nec

627 4542 835 4600 modici
877 4545 1037 4595 erant
1086 4547 1340 4595 numero,
1393 4529 1534 4583 illud
1576 4527 1862 4597 explicare
1933 4526 2072 4596 quod
2136 4526 2276 4580 dici-

631 4592 1041 4700 vsicut
1082 4625 1140 4679 in
1201 4592 1456 4690 Symbolo
1512 4592 1785 4671 canimus.
1845 4592 1961 4669 Hoc
2015 4619 2122 4684 est,
2179 4615 2278 4669 de-
2315 4592 2357 4656 ί)

633 4737 868 4779 cernere
934 4722 1000 4775 ut
1074 4713 1345 4780 deinceps
1405 4724 1512 4762 vox
1569 4707 1810 4776 Filioque
1882 4704 2158 4776 Symbolo
2214 4704 2275 4758 in

632 4809 872 4866 ecclesia
906 4808 1138 4861 cantato
1169 4800 1500 4855 adderetur.
1535 4795 1677 4858 Quis
1729 4792 1904 4847 fuerit
1946 4794 2058 4848 iste
2109 4810 2274 4848 sum-

633 4916 767 4955 mus
795 4896 1054 4969 pontifex
1094 4907 1208 4945 non
1243 4887 1540 4942 indicatus
1602 4884 1695 4938 hic
1753 4883 2124 4951 nominatim,
2173 4884 2277 4937 ad-

630 4991 742 5044 huc
773 4981 1246 5054 investigandum
1276 4978 1566 5047 superest.
1602 4971 1892 5026 Baronius
1937 4972 2007 5024 ad
2057 4988 2273 5027 annum

622 5077 835 5135 Christi
887 5075 993 5128 883
1037 5073 1117 5142 (p.
1170 5068 1278 5123 596
1327 5066 1417 5120 ed.
1481 5064 1650 5118 Rom.
1686 5061 1822 5115 anni
1891 5061 2051 5132 1602)
2105 5062 2277 5117 refert

625 5171 682 5224 in
712 5184 820 5223 sua
841 5162 1203 5220 bibliotheca
1242 5153 1628 5211 Vallicellana
1668 5152 1956 5206 asservari
1997 5151 2271 5207 volumen

623 5259 935 5328 antiquum
969 5250 1152 5308 Graeci
1195 5244 1456 5303 auctoris
1491 5241 1792 5313 anonymi,
1854 5239 1954 5311 qui
2001 5241 2274 5298 distincte

619 5349 879 5404 afﬁrmat
909 5341 1271 5398 additionem
1300 5335 1459 5391 vocis
1491 5334 1748 5402 Filioque
1797 5330 1868 5385 ad
1926 5330 2272 5402 Symbolum

622 5438 778 5509 quod
814 5433 1046 5491 canitur
1098 5431 1154 5483 in
1215 5423 1485 5489 ecclesia,
1548 5421 1807 5492 primum
1852 5419 2175 5475 admissam
2219 5426 2275 5476 et

627 5529 922 5582 decretam
958 5539 989 5576 a
1019 5514 1440 5587 Christophoro
1466 5527 1637 5583 papa.

701 5635 802 5688 Hic
842 5625 1325 5699 ChristOphorus,
1363 5626 1429 5676 ut
1477 5620 1634 5674 idem
1679 5615 1964 5671 Baronius
2002 5615 2138 5672 alibi
2172 5620 2272 5674 do-

626 5730 736 5794 cet,
773 5724 1100 5778 Romanam
1143 5715 1341 5771 sedem
1393 5709 1609 5766 invasit
1657 5723 1811 5763 anno
1869 5705 2087 5763 Christi
2146 5709 2272 5776 907,

2377 1941 2436 1994 in
2462 1958 2740 1996 concessu
2776 1947 2895 1996 tam
2922 1943 3104 2012 gravi,
3139 1943 3231 1996 cui
3276 1944 3622 2013 praesertim,
3676 1945 4036 2000 interessent

2381 2029 2552 2083 multi
2586 2047 2791 2101 parum
2833 2030 2978 2100 sequi
3032 2031 3304 2085 Romanis
3352 2032 3642 2100 Ecclesiae,
3695 2033 3796 2089 illa
3840 2034 4040 2089 infeli-

2380 2119 2755 2173 cissimorum
2788 2119 2917 2188 ejus
2945 2123 3275 2189 temporum
3330 2121 3544 2191 probra
3597 2122 3867 2178 refricare
3910 2140 4036 2178 me-

2381 2208 2663 2262 morando
2694 2225 2810 2262 non
2863 2208 3100 2262 duceret
3145 2214 3566 2280 Opportunum.
3611 2211 3840 2267 Recitat
3881 2215 4039 2268 idem

2381 2296 2666 2352 Baronius
2715 2297 2782 2350 ad
2837 2313 3060 2352 annum
3112 2297 3327 2352 Christi
3376 2300 3890 2370 nongentesimum
3935 2319 4044 2356 no-

2381 2385 2673 2456 num,qui
2707 2386 2816 2439 fuit
2864 2387 3162 2441 secundus
3210 2388 3396 2458 Sergii
3438 2387 3536 2456 III,
3579 2389 3891 2443 concilium
3944 2407 4038 2444 ce-

2381 2473 2670 2528 lebratum
2705 2474 2762 2527 in
2797 2489 2944 2545 pago
2989 2475 3109 2529 sive
3161 2476 3462 2546 provincia
3493 2477 3923 2543 Suessionensi,
3973 2480 4036 2533 in

2380 2562 2506 2616 loco
2549 2561 2806 2616 Trosleio
2856 2563 3033 2627 dicto,
3078 2564 3429 2635 praesidente
3475 2566 3691 2620 Herveo
3739 2567 4040 2638 archiepi-

2382 2667 2560 2721 sc0po
2594 2651 2935 2716 Rbemensi,
2994 2651 3140 2706 671
3204 2669 3372 2722 anno,
3440 2659 3505 2708 ut
3563 2654 3642 2708 ibi
3711 2655 3768 2708 in
3838 2656 4039 2710 fronte

2384 2739 2683 2803 scribitur,
2750 2738 3054 2796 Dominicae
3137 2741 3542 2798 incarnationis
3621 2747 4040 2813 nongentesimo

2379 2852 2523 2892 nono
2584 2836 2885 2891 indictione
2946 2837 3286 2906 duodecima,
3356 2839 3441 2910 (P.
3522 2841 3647 2910 470)
3709 2853 3865 2896 sexto
3937 2843 4042 2897 Ka-

2386 2925 2578 2980 lendas
2605 2928 2805 2980 mensii
2831 2926 3003 2981 Julii.
3039 2927 3102 2981 in
3151 2944 3265 2998 quo
3314 2929 3633 3000 praesidens
3675 2932 3899 3001 synodo
3945 2948 4040 2985 ar-

2383 3015 2795 3086 chiepiscopus
2836 3020 2967 3086 post
3027 3015 3213 3070 multa
3263 3034 3392 3088 quas
3443 3019 3718 3089 proponit
3765 3020 3882 3074 alia
3954 3019 4040 3074 ibi

2383 3104 2711 3172 tractanda,
2765 3104 2872 3158 hoc
2940 3121 3174 3175 quoque
3227 3107 3298 3160 de
3346 3108 3740 3162 controversia
3794 3125 4042 3179 proces-

2386 3192 2573 3247 sionis
2605 3193 2861 3263 Spiritus
2884 3195 3070 3248 sancti
3125 3199 3432 3264 memorat,
3481 3196 3574 3250 his
3623 3197 3849 3252 verbis:
3893 3198 4045 3253 Sane

2387 3283 2518 3351 quia
2558 3283 2803 3337 innotuit
2849 3283 3009 3337 nobis
3056 3288 3247 3338 sancta
3302 3285 3456 3340 sedes
3503 3287 3807 3356 apostolica
3853 3287 4047 3344 adhuc

2386 3386 2599 3426 errores
2647 3379 2702 3425 et
2744 3371 3106 3443 blasphemias
3152 3373 3440 3435 cuiusdam
3484 3374 3670 3444 vigere
3720 3376 3910 3431 Pholii
3977 3377 4044 3430 in

2386 3462 2641 3530 partibus
2685 3459 2948 3530 Orientis,
2996 3462 3057 3515 in
3099 3463 3377 3533 Spiritum
3424 3473 3694 3534 sanctum,
3743 3465 3882 3536 quod
3925 3481 4042 3520 non

2388 3566 2422 3603 a
2461 3549 2621 3617 Filio,
2671 3552 2785 3604 nisi
2832 3555 3049 3605 tantum
3098 3567 3166 3606 ex
3217 3553 3378 3608 Patre
3429 3553 3712 3624 procedat,
3785 3554 4044 3626 blasphe-

2387 3642 2612 3709 mantis,
2677 3639 2968 3695 h0rtamur
3026 3650 3259 3695 vestram
3323 3645 3734 3712 fraternitatem
3799 3654 3860 3699 ut
3923 3663 4043 3700 una

2385 3745 2621 3794 mecum,
2672 3729 2968 3784 secundum
3013 3730 3450 3787 admonitionem
3499 3733 3714 3787 domini
3774 3734 4044 3792 Romam:

2385 3818 2531 3873 sedis
2570 3818 2850 3889 praesidis,
2899 3820 3116 3886 singuli
3161 3825 3414 3876 nostrum
3461 3824 3752 3893 perspectis
3800 3825 4042 3878 Patrum

2386 3917 2781 3973 catholicorum
2799 3918 3108 3984 sententiis,
3142 3918 3208 3973 de
3232 3919 3449 3976 deviae?
3488 3921 3788 3994 Scriptura:
3832 3923 4044 3994 phare-

2387 4009 2488 4062 tris
2538 4011 2725 4061 acutas
2761 4008 3111 4077 pro/eramus
3158 4009 3411 4078 sagittas,
3459 4013 3694 4080 potentes
3737 4010 3807 4065 ad
3859 4012 4041 4080 conﬁ-

2385 4095 2643 4151 ciendam
2669 4095 2910 4150 belluam
2934 4098 3166 4150 monstri
3188 4100 3525 4154 renascentis
3550 4102 3598 4154 et
3620 4099 3700 4154 ad
3743 4100 4042 4155 terebran-

2386 4186 2514 4239 dum
2542 4187 2706 4255 caput
2733 4185 3061 4255 nequissimi
3087 4189 3376 4256 serpentis.
3414 4188 3539 4242 Hec
3579 4187 3658 4242 ibi
3694 4206 3708 4254 ;
3760 4205 3887 4260 qua
3939 4189 4046 4244 Ba-

2387 4273 2590 4330 ronius
2621 4273 2935 4344 descripsit
2962 4290 3030 4328 ex
3062 4275 3258 4330 codice
3285 4276 3520 4330 Antonii
3554 4278 3896 4347 Augustini,
3940 4294 4040 4333 ac-

2385 4367 2554 4434 cepto
2603 4379 2672 4418 ex
2718 4361 3075 4418 bibliotheca
3117 4364 3175 4419 S.
3230 4364 3478 4438 Remigii
3527 4364 3899 4421 Rhemensis.
3957 4367 4042 4422 Ex

2386 4451 2478 4506 his
2509 4450 2646 4506 licet
2669 4451 2978 4521 suspicari,
3006 4452 3574 4509 increbrescentibus
3601 4471 3702 4525 per
3722 4456 4044 4526 Hispanias

2389 4544 2447 4597 et
2468 4538 2690 4594 Gallias
2713 4538 3213 4608 disputationibus
3235 4541 3305 4594 de
3327 4541 3600 4611 dogmate
3646 4542 4045 4612 processionis

2388 4628 2642 4701 Spiritus
2690 4627 2878 4682 sancti
2928 4644 2994 4682 ex
3034 4633 3202 4684 Patre
3273 4628 3452 4684 simul
3492 4634 3547 4686 et
3587 4630 3751 4699 Filio,
3799 4631 4043 4685 consul-

2387 4733 2507 4774 tam
2541 4721 2612 4774 de
2647 4733 2808 4773 more
2838 4719 3039 4772 sedem
3072 4719 3455 4790 apostolicam
3492 4721 3804 4776 mandasse
3837 4721 4046 4792 inqui-

2388 4809 2658 4863 sitionem
2701 4808 2760 4862 in
2812 4809 3053 4880 synodis
3097 4808 3553 4878 provincialibus
3599 4811 3670 4864 de
3718 4809 3831 4864 ista
3879 4827 4044 4881 quae-

2387 4898 2575 4952 stione
2608 4897 2729 4951 fieri
2767 4916 2779 4964 ;
2820 4913 2884 4952 ac
2916 4896 3158 4969 perlatis
3181 4903 3402 4970 postea,
3435 4904 3501 4953 ut
3546 4903 3636 4954 est
3693 4899 4043 4966 verisimile,

2387 4999 2626 5050 Patrum
2658 4992 2810 5048 votis
2841 4993 3185 5049 damnatum
3212 4995 3478 5051 haeresim
3503 4995 3859 5065 Griecorum,
3881 5001 3938 5051 et
3969 4997 4043 5052 ad

2385 5099 2513 5138 eam
2544 5082 3004 5152 exstirpandam,
3039 5089 3209 5154 prout
3243 5089 3437 5140 Patres
3486 5085 3662 5140 etiam
3712 5085 4047 5157 Aquisgra-

2387 5189 2598 5227 nenses
2623 5171 3052 5244 judicaverant,
3087 5172 3230 5229 utile
3257 5173 3650 5244 judicantium
3684 5175 3820 5228 addi
3871 5175 4046 5243 Sym-

2386 5262 2517 5318 bolo
2549 5261 2609 5315 in
2645 5259 2908 5316 ecclesiis
2941 5267 3172 5317 cantato
3201 5279 3400 5318 vocem
3447 5264 3721 5335 Filioque,
3755 5264 4048 5320 annuisse

2385 5352 2637 5422 denique
2678 5350 3009 5406 Romanum
3044 5352 3402 5423 pontiﬁcem,
3436 5369 3559 5408 cum
3587 5369 3849 5424 magnum
3891 5354 4046 5410 vide-

2384 5445 2465 5495 ret
2513 5439 2815 5511 inpendere
2859 5443 3193 5512 periculum,
3241 5447 3304 5496 ut
3349 5442 3611 5513 loquitur
3649 5443 3940 5508 Andreas,
3981 5450 4045 5498 et

2387 5529 2553 5584 multi
2578 5545 2804 5600 magna:
2847 5530 3216 5586 auctoritatis
3260 5531 3662 5588 Occidentales
3713 5535 3916 5586 Patres
3979 5533 4039 5586 id

2386 5622 2776 5676 necessarium
2805 5621 3163 5691 judicarent.
3198 5623 3264 5676 Et
3297 5621 3378 5677 ita
3403 5623 3679 5695 deinceps
3733 5623 4045 5679 communi

2383 5714 2616 5768 decreto
2649 5727 2752 5782 per
2779 5715 2965 5768 totum
2998 5713 3370 5770 Occidentem
3397 5714 3740 5786 Symbolum
3770 5730 3909 5770 cum
3943 5715 4044 5770 ad-
