4248 6438
205 362 345 418 1133

1787 366 2014 423 ΝΟΤΒ.

3464 368 3608 423 1134

200 486 423 540 ditione
472 484 728 557 Filioque
770 484 828 539 in
873 484 1056 541 missa
1095 489 1399 541 cantatum
1433 527 1446 554 ,
1488 491 1592 545 aut
1642 489 1836 558 potius
1868 489 1924 561 Α
1954 488 2085 544 bolo
2116 489 3103 561 Coustantinopolitaniacumenici
3131 490 3390 559 secundi,
3427 507 3605 561 quam

207 591 344 629 cum
384 575 440 628 id
481 578 653 629 antea
688 590 790 645 per
820 572 1071 629 Galliam
1112 579 1169 629 et
1207 575 1552 646 Hispaniam
1582 575 1851 631 volunta-

210 663 297 717 ria
324 662 704 717 ecclesiarum
734 667 792 716 et
826 663 1233 733 episcoporum
1269 664 1576 719 devotione
1608 681 1851 736 usurpa-

207 756 389 819 retur,
422 767 664 806 assensu
690 750 943 822 denique
976 752 1220 807 Romani
1248 753 1542 823 pontificis
1568 759 1625 809 et
1654 753 1854 808 ﬁrma-

204 846 358 898 tum.

274 947 558 1003 Dedimus
615 946 902 1003 hactenus
952 947 1263 1003 historiam
1324 949 1646 1004 additionis
1697 948 1853 1004 vocis

202 1037 457 1107 Filioque
489 1037 561 1090 ad
589 1036 1305 1106 Constantinopolitanum
1342 1038 1681 1109 Symbolum
1715 1027 1853 1107 ,ἀι--

202 1126 401 1181 ticulis
434 1132 766 1197 temporum
798 1131 854 1181 et
877 1127 1307 1198 progressionis
1332 1128 1616 1198 gradibus
1649 1128 1855 1181 distin-

203 1220 356 1269 ctam
397 1232 511 1281 ;ex
542 1215 715 1285 cujus
762 1212 850 1268 vel
902 1214 1156 1286 simplici
1209 1217 1575 1287 expositione
1626 1216 1853 1271 conﬁdo

204 1319 486 1374 apparere
533 1303 927 1358 innocentiam
960 1309 1017 1358 et
1047 1304 1385 1373 aequitatem
1417 1306 1548 1375 ejus
1596 1306 1755 1371 facti,
1791 1310 1854 1359 ut

202 1408 351 1462 pene
383 1391 675 1462 potuerim
709 1391 1052 1445 lucrifacere
1082 1407 1318 1463 Operam
1351 1394 1594 1448 secundi
1630 1410 1698 1448 ex
1718 1410 1851 1463 pro~

204 1479 416 1551 positis
458 1479 701 1551 capituli
734 1480 1048 1549 tractandi,
1095 1497 1211 1552 quo
1245 1498 1373 1535 sum
1408 1481 1704 1553 pollicitus
1745 1483 1854 1536 de-

205 1573 673 1624 monstraturum
708 1584 797 1623 me
822 1568 1007 1637 justis
1038 1574 1096 1623 et
1122 1570 1350 1625 idoneis
1370 1571 1440 1624 de
1461 1570 1657 1626 causis
1680 1571 1852 1625 istam

205 1673 335 1713 esse
364 1674 398 1712 a
431 1657 656 1711 Latinis
712 1657 1072 1713 additionem
1119 1658 1350 1713 factam.
1398 1658 1544 1714 Nam
1599 1659 1854 1730 primum

211 1746 452 1817 quidem
514 1746 833 1801 additionis
883 1747 1125 1801 modum
1171 1753 1228 1802 et
1258 1747 1529 1818 gradum,
1581 1764 1696 1818 quo
1728 1765 1856 1802 ma-

1971 576 2084 648 ipsi
2103 576 2751 647 Constantinopolitano
2771 578 3028 631 secundo
3059 577 3247 631 fuerat
3276 579 3606 647 apponeudi

1962 666 2133 720 verba
2165 666 2431 736 quaedam
2462 665 2739 737 Symbolo
2772 666 2937 736 prius
2966 666 3120 719 edito
3154 682 3185 719 a
3227 666 3459 720 Niczcna
3489 667 3606 737 pri-

1964 746 2058 807 ma
2088 751 2345 822 generali
2400 769 2613 824 magna
2660 752 2928 825 synodo?
2976 752 3259 823 Apposita
3304 770 3439 807 vero
3482 755 3604 822 jam

1962 841 2227 911 symbolo
2279 857 2382 912 per
2429 840 2756 911 generalem
2810 843 3099 918 synodum
3152 857 3282 896 voce
3330 840 3603 913 Filioque,

1963 930 2106 1000 quin
2162 929 2324 983 illam
2356 934 2593 984 cantare
2642 945 2874 1000 quoque
2920 930 3074 983 inter
3113 946 3280 984 sacra
3329 932 3605 985 continuo

1964 1018 2217 1090 potuerit
2247 1019 2391 1072 citra
2433 1018 2950 1089 reprehensionem
2986 1018 3168 1072 ullam
3203 1018 3459 1073 Ecclesia
3492 1020 3605 1073 lto-

1964 1124 2159 1175 mana,
2193 1107 2463 1161 dubitare
2508 1123 2677 1162 nemo
2710 1106 2922 1178 poterit
2955 1106 3051 1177 qui
3104 1112 3334 1178 reputet
3383 1107 3604 1161 nullam

1964 1196 2100 1266 fingi
2126 1196 2490 1266 probabilem
2517 1198 2800 1250 rationem
2824 1213 3013 1265 posse,
3047 1214 3176 1250 cum
3200 1196 3539 1267 Symbolum
3576 1213 3608 1249 a

1962 1284 2609 1355 Constantinopolitana
2649 1286 2908 1340 secunda
2948 1285 3203 1355 generali
3245 1284 3463 1339 editum
3509 1301 3603 1356 sy-

1966 1374 2117 1428 nodo
2138 1379 2291 1427 recte
2323 1374 2380 1427 in
2404 1377 2642 1427 cantum
2676 1372 3137 1427 ecclesiasticum
3162 1374 3239 1427 sit
3267 1378 3562 1443 receptum
3591 1388 3604 1427 :

1965 1471 2120 1525 idem
2166 1470 2509 1541 Symbolum
2561 1470 2807 1524 auctiori
2842 1474 2899 1524 et
2949 1469 3306 1540 explicatiori
3352 1470 3608 1524 editione

1962 1560 2266 1631 vulgatum
2301 1576 2333 1614 a
2364 1560 2598 1613 Nicaana
2627 1560 2886 1613 secunda
2915 1558 3168 1623 generali
3199 1558 3445 1628 septima
3468 1576 3605 1628 syn~

1965 1651 2101 1718 odo,
2131 1650 2293 1703 nefas
2334 1648 2510 1703 fuerit
2552 1648 2961 1702 ecclesiasticis
3004 1647 3193 1719 aptari
3234 1647 3510 1713 modulis,
3553 1652 3609 1702 et

1967 1738 2025 1791 in
2070 1737 2269 1802 choro,
2319 1738 2461 1790 dum
2508 1753 2674 1790 sacra
2715 1745 3098 1807 peraguntur,
3145 1735 3357 1789 audiri.
3404 1736 3610 1790 Dicent

206 1835 377 1907 gistri
409 1840 466 1889 et
489 1834 742 1905 theologi
774 1835 1044 1891 catholici
1076 1836 1394 1906 allegatum
1425 1838 1483 1891 in
1519 1838 1855 1908 praesidium
1892 1838 1935 1913 Β
1970 1826 2211 1880 Γοτῒᾶεεθ
2244 1842 2429 1895 genus
2463 1825 2750 1879 mendacii
2795 1826 2974 1879 fuisse
3004 1823 3346 1896 Symbolum
3378 1824 3544 1893 quasi
3576 1841 3607 1877 δ.

206 1925 422 1979 erroris
442 1941 474 1978 a
498 1925 847 1993 negantibus
870 1928 1139 1981 sanctum
1174 1926 1459 1997 Spiritum
1493 1944 1526 1980 a
1556 1926 1699 1980 Filio
1719 1942 1853 1996 pro-

206 2013 414 2068 cedere
448 2012 854 2068 testimonium
899 2013 1531 2085 Conetantinopolitani
1574 2014 1855 2085 Symboli,

205 2104 397 2159 Patris
430 2103 615 2159 solius
643 2104 701 2158 in
738 2104 1121 2175 productione
1153 2105 1340 2160 sancti
1380 2105 1639 2176 Spiritus
1670 2105 1858 2160 diser-

206 2197 327 2246 tam
363 2192 721 2247 mentionem
748 2193 1035 2261 facientis,
1061 2194 1143 2248 sio
1165 2193 1534 2264 explicabant
1565 2200 1628 2249 ut
1648 2194 1855 2259 Filium

207 2298 343 2337 cum
378 2282 545 2335 Patre
578 2283 1013 2353 conspirantem
1047 2282 1293 2354 intelligi
1324 2289 1590 2354 oportere
1618 2288 1856 2338 conten-

207 2372 435 2441 derent,
469 2387 533 2426 ac
566 2370 648 2426 sic
672 2387 810 2426 voce
840 2376 1013 2426 tenus
1051 2388 1251 2427 vocem
1290 2374 1542 2444 Filioque
1581 2371 1856 2444 Symbolo

210 2460 519 2529 adderent,
561 2460 693 2529 quis
723 2462 857 2528 jure
892 2462 1078 2530 possit
1118 2461 1560 2532 reprehendere,
1617 2478 1750 2516 cum
1791 2476 1860 2515 ea

211 2565 326 2603 non
360 2554 481 2603 tam
514 2548 731 2602 additio
763 2565 941 2619 quam
973 2549 1259 2620 expositio
1293 2550 1487 2614 fuerit,
1525 2567 1642 2603 rem
1677 2549 1860 2621 profe-

210 2652 344 2691 rens
362 2636 478 2691 illic
495 2638 921 2692 absconditam.
940 2655 1052 2692 non
1071 2638 1380 2693 intrudens
1396 2639 1633 2693 aliunde
1650 2638 1863 2710 impor-

208 2732 394 2782 tatam
411 2728 685 2781 ?Andreaa
702 2726 959 2798 episcopi
978 2727 1162 2783 Rhodi
1178 2729 1269 2783 81
1286 2729 1331 2783 2
1350 2728 1452 2783 hac
1476 2728 1606 2799 ipsa
1627 2730 1697 2783 de
1720 2745 1779 2783 re
1802 2729 1859 2782 in

211 2815 457 2870 concilio
481 2815 984 2880 Florentino,sess.
1001 2816 1423 2887 6,disputantis
1442 2818 1720 2889 probatus
1733 2819 1861 2887 ejus

210 2920 389 2959 sacrm
414 2904 618 2977 synodi
637 2921 883 2958 assensu
900 2904 1279 2976 syllogismus
1304 2906 1411 2960 huc
1437 2902 1862 2977 ἷᾶεἰῐεούδεμία

209 2988 442 3056 ἔκθεσις,
506 2991 794 3062 ἀνάπτυξις
954 2993 1219 3064 σαφήνειά
1275 3014 1418 3056 τινος
1474 2992 1782 3064 ἐπιστήμης
1827 2991 1861 3061 ἢ

216 3082 545 3151 μαθήματος
600 3080 791 3155 ῥηθείη
855 3079 915 3134 ἂν
982 3083 1290 3155 προσθήκη.
1348 3081 1523 3138 Ἀλλὰ
1568 3083 1631 3136 τὸ
1680 3082 1739 3136 ἐκ
1768 3086 1863 3135 τοῦ

1967 1913 2631 1985 Constantinopolitanis
2655 1915 2925 1968 secundae
2957 1913 3161 1981 synodi
3183 1913 3453 1967 Patribus
3484 1913 3605 1967 edi-

1967 2010 2088 2059 tum
2120 2012 2374 2069 cantare,
2408 2021 2541 2058 cum
2575 2005 2975 2058 additamento
3008 2008 3167 2058 tanto
3200 2003 3491 2074 posterius
3524 2002 3607 2057 illi

1966 2112 1999 2148 a
2030 2094 2281 2163 septima
2302 2092 2561 2163 generali
2595 2093 2814 2164 synodo
2846 2092 3085 2157 inserto,
3107 2109 3176 2145 ex
3206 2109 3318 2162 quo
3352 2093 3604 2161 nonjam

1966 2183 2224 2254 amplius
2256 2181 2311 2235 id
2344 2181 2615 2237 secunda:
2648 2181 2854 2251 synodi
2894 2180 3233 2248 Symbolum
3266 2186 3422 2235 esset
3456 2224 3469 2247 ,
3503 2181 3604 2235 sed

1967 2281 2123 2335 aliud
2175 2278 2461 2350 septimae.
2496 2278 2873 2349 Responrlco:
2922 2278 2967 2331 si
3006 2277 3188 2332 multa
3240 2280 3410 2333 verba
3436 2296 3469 2332 ει
3513 2295 3607 2332 se-

1967 2370 2160 2424 cunda
2207 2367 2459 2439 generali
2510 2368 2732 2439 synodo
2787 2366 3066 2437 Symbolo.
3112 2367 3351 2421 Nicaeum
3406 2368 3609 2437 primas

1967 2457 2257 2531 generalis
2285 2458 2487 2512 addita
2508 2474 2623 2511 non
2647 2456 3003 2511 obstiterunt
3024 2455 3343 2526 quominus
3362 2456 3415 2510 id
3442 2457 3609 2527 Sym-

1968 2550 2167 2605 bolum
2213 2548 2513 2604 Nicaenum
2563 2546 2754 2601 vocari
2809 2552 3227 2617 perseveraret,
3277 2564 3382 2601 cur
3432 2547 3608 2602 unius

1970 2637 2421 2709 quadrisyllabaa
2461 2636 2677 2691 voculae
2737 2636 2955 2690 additio
3015 2636 3293 2704 impediet
3349 2653 3418 2690 ne
3478 2653 3610 2690 vere

1970 2728 2120 2781 idem
2172 2725 2513 2798 Symbolum
2563 2725 3277 2794 Constantinopolitanum
3331 2730 3394 2777 ut
3440 2730 3605 2779 antea

1970 2816 2155 2887 possit
2205 2816 2368 2868 dici?
2412 2814 2642 2868 Nicmno
2675 2812 2946 2884 Symbolo
2992 2814 3144 2867 673
3195 2814 3609 2868 Constantinu-

1971 2904 2213 2977 politani
2247 2909 2480 2958 centum
2509 2903 2939 2975 quinquaginta
2973 2907 3171 2957 Patres
3191 2904 3609 2971 adjunxerunt,

1973 3003 2097 3066 post
2150 2993 2249 3047 illa
2298 2993 2510 3047 verba:
2563 2992 2731 3047 Credo
2780 2993 2839 3045 in
2886 2992 3162 3061 Spiritum
3203 2998 3461 3046 sanctum
3494 2993 3611 3046 haec

1971 3086 2262 3139 Dominum
2294 3088 2343 3136 et
2378 3081 2769 3151 viviﬁcantem,
2802 3081 2898 3151 qui
2926 3096 2994 3135 ex
3030 3089 3186 3151 patre
3217 3082 3490 3151 procedit,
3517 3084 3614 3151 qui

210 3169 341 3221 Υἱοῦ
368 3166 664 3242 λεγόμενον
698 3167 750 3222 ἐν
782 3173 861 3240 τῷ
912 3166 1179 3242 συμϐόλῳ
1227 3170 1611 3245 ἐμπεριέχεται
1642 3174 1711 3243 τῇ
1769 3170 1859 3224 καὶ

276 3260 303 3271 .,
369 3262 407 3275 ..
532 3255 544 3272 ι
761 3264 788 3274 ..
870 3256 952 3275 η,
1160 3260 1181 3275 η
1319 3258 1332 3275 ,
1410 3264 1435 3273 ..
1560 3259 1574 3275 ς
1632 3259 1644 3273 .
1715 3262 1721 3271 .

1978 3189 2099 3227 cum
2147 3176 2317 3227 Patre
2346 3174 2395 3227 et
2424 3172 2563 3225 Filio
2606 3171 2775 3225 simul
2817 3171 3088 3224 adoratur
3132 3180 3185 3224 et
3224 3170 3615 3242 congloriﬁca-

209 3260 307 3310 τοῦ
369 3255 577 3331 Ηατρὸς
636 3264 814 3334 φωνῇ,
866 3256 1118 3331 ἐξήγησις
1160 3260 1217 3313 ’ὀν
1276 3258 1438 3313 αὐτοῦ
1488 3259 1574 3313 καὶ
1622 3259 1856 3313 ἀνάπτυ-

212 3348 311 3417 ξις.
348 3346 461 3402 Οὐκ
492 3344 593 3420 ἄρα
642 3346 750 3400 ἐστὶ
803 3349 1123 3419 προσθ-ιξκει.
1156 3351 1323 3404 Nulla
1350 3350 1645 3423 expositio,
1679 3351 1860 3421 expli-

212 3438 359 3492 catio
388 3442 489 3492 aut
537 3438 834 3492 declaratio
864 3437 1131 3494 doctrinae
1179 3440 1489 3510 cujuspiam
1513 3430 1610 3495 aut
1636 3439 1860 3507 dagma-

216 3531 293 3581 tis
336 3530 479 3582 recte
522 3534 745 3582 vocetur
787 3526 1018 3582 additio.
1072 3530 1235 3599 Atqui
1280 3545 1387 3583 v0.1:
1433 3552 1453 3578 ε
1523 3528 1782 3600 Filioque
1833 3550 1861 3577 »

211 3617 377 3672 verba
409 3622 570 3670 tenus
599 3615 859 3685 adjuncta
892 3616 1147 3685 Symbola
1176 3618 1295 3684 iam
1324 3620 1483 3688 prius
1514 3622 1573 3672 in
1597 3635 1657 3675 eo
1686 3620 1862 3674 conti-

213 3706 473 3768 nebatur,
536 3705 712 3759 latens
758 3708 811 3759 et
865 3705 1244 3760 subintellecto
1302 3706 1363 3761 in
1420 3709 1540 3777 ipsa
1594 3709 1867 3762 mentione

214 3795 436 3860 Patris;
470 3793 628 3859 cuius
670 3794 913 3849 abstrusi
962 3811 1128 3849 sensu
1174 3794 1293 3851 haec
1324 3805 1536 3851 tantum
1583 3798 1867 3851 enarratio

217 3892 267 3939 et
298 3883 602 3954 explicatio
650 3891 748 3950 est.
782 3883 898 3938 Non
928 3887 1006 3937 est
1054 3885 1231 3953 igitur
1261 3884 1497 3941 additio.
1548 3885 1679 3940 Scio
1712 3886 1873 3941 Grae-

221 3988 321 4027 cos
353 3970 766 4026 schismaticos
790 3976 994 4027 contra
1025 3971 1311 4044 excipere,
1342 3975 1585 4029 vetitum
1611 3991 1738 4030 esse
1764 3992 1869 4030 no-

224 4059 497 4114 minatim
523 4075 817 4131 apponere
845 4060 1169 4131 quidquam
1189 4060 1464 4132 Symbolo
1496 4062 1673 4117 etiam
1697 4078 1871 4134 expo-

224 4148 458 4203 sitionis
502 4164 703 4203 causa.
746 4148 853 4203 Sed
907 4164 1006 4204 eos
1051 4150 1359 4204 submovet
1408 4151 1561 4208 idem
1613 4152 1876 4206 Andreas

226 4236 493 4293 Rhodius
525 4237 745 4292 diserte
779 4254 999 4310 negans
1030 4238 1085 4293 id
1120 4256 1383 4310 unquam
1411 4239 1591 4295 fuisse
1615 4240 1877 4312 prohibi-

230 4332 382 4381 tum.
416 4325 607 4380 Verba
634 4327 762 4395 ejus
794 4326 916 4382 haec
947 4332 1088 4383 sunt
1118 4328 1326 4384 concil.
1360 4329 1612 4384 Florent.
1647 4345 1791 4385 sess.
1820 4331 1879 4392 7,

229 4432 289 4486 p.
326 4414 426 4469 107
457 4414 600 4469 tomi
630 4414 827 4471 XXXII
859 4416 1252 4472 Conciliorum
1287 4419 1377 4472 ed.
1440 4422 1614 4490 Begu:
1665 4418 1785 4493 Ἀφ’
1819 4415 1881 4470 οὗ

225 4504 413 4558 ’ὲπεται
464 4504 547 4556 ὅτι
591 4505 756 4572 ἡνίκα
815 4507 1164 4580 συμπερανθῇ
1212 4505 1275 4560 τὸ
1317 4502 1623 4578 σύμϐολον,
1654 4507 1743 4560 καὶ
1775 4529 1883 4561 κω-

1976 3270 2083 3326 tur,
2118 3265 2214 3332 qui
2262 3265 2468 3315 locutus
2497 3268 2577 3315 est
2604 3276 2701 3330 per
2746 3260 3036 3330 prop/aeta.
3090 3260 3158 3314 Et
3209 3263 3402 3313 tamen
3452 3265 3617 3329 Sym-

1970 3351 2171 3405 bolum
2200 3350 2283 3405 sic
2316 3354 2554 3404 auctum
2587 3348 2884 3403 Nicetium
2920 3348 3306 3402 nihilominus
3339 3349 3616 3417 deinceps

1972 3439 2241 3495 catholici
2292 3440 2586 3493 dixerunt.
2638 3439 2952 3494 Durandus
3004 3437 3059 3491 in
3110 3438 3400 3492 Ralionali
3434 3438 3615 3491 divin.

1972 3538 2125 3593 offic.
2160 3536 2197 3591 l.
2232 3554 2307 3602 1v,
2344 3553 2393 3591 c.
2422 3538 2512 3603 25,
2539 3541 2847 3606 postquam
2877 3534 3260 3605 apostolicum
3287 3538 3344 3588 et
3367 3535 3622 3588 Athana-

1974 3628 2210 3682 sianum
2245 3624 2519 3697 Symbola
2551 3630 2953 3685 memorasset,
2986 3624 3298 3693 subjungit
3330 3640 3343 3677 :
3377 3624 3618 3677 Tertium

1974 3721 2053 3771 est
2074 3716 2378 3780 Nicaenum,
2394 3714 2534 3784 quod
2550 3714 2819 3768 Damasus
2829 3729 2973 3783 papa
2988 3729 3059 3765 ex
3074 3714 3463 3767 constitutione
3484 3714 3585 3766 uni
3592 3741 3620 3753 -

1974 3804 2205 3861 versatis
2231 3803 2430 3874 synodi
2456 3803 2601 3873 apud
2645 3802 3171 3871 Constantinopolim
3207 3801 3498 3857 celebratae
3530 3805 3619 3856 in-

1976 3896 2173 3951 stituit.
2198 3892 2479 3948 Similiter
2504 3892 2779 3963 Magister
2800 3891 3255 3953 Sententiarum,
3290 3890 3327 3944 l.
3355 3907 3394 3959 ι,
3419 3891 3537 3945 dist
3564 3894 3620 3945 11

1980 3992 2037 4038 et
2063 3984 2387 4038 Alexander
2418 3980 2649 4035 Alensis
2684 3986 2833 4051 part.
2862 3996 2947 4045 III,
2986 3983 3192 4052 quaest.
3225 3980 3316 4047 69,
3362 3980 3625 4034 membro

1980 4075 2035 4139 5,
2068 4071 2409 4144 Symbolum
2443 4070 2597 4141 quod
2631 4070 2690 4123 in
2726 4070 2905 4124 missa
2939 4075 3210 4124 cantatur
3238 4070 3535 4125 Nicaenum
3565 4085 3633 4123 ac

1983 4162 2347 4216 Nicaenorum
2400 4164 2638 4213 Patrum
2682 4165 2907 4214 vocant.
2945 4159 3131 4228 Hujus
3178 4159 3324 4213 ratio
3358 4160 3444 4212 e‘st
3477 4158 3634 4229 quod

1987 4249 2206 4305 additio
2255 4247 3036 4318 Constantinopolitanorum
3071 4248 3309 4302 Patrum
3352 4247 3497 4302 nihil
3533 4265 3637 4302 no-

1986 4358 2124 4395 vum
2156 4339 2357 4395 intulit
2385 4340 2617 4395 Niceno
2653 4338 2952 4411 Symbola,
2986 4339 3087 4394 sed
3123 4339 3386 4408 quaedam
3422 4355 3552 4409 qua:
3579 4338 3637 4392 in

1989 4447 2054 4485 eo
2087 4429 2350 4484 latebant
2380 4428 2726 4498 explicatius
2764 4428 3025 4497 protulit.
3059 4432 3178 4481 Hoc
3211 4429 3464 4481 at'tirmat
3502 4444 3641 4481 san-

1992 4524 2121 4573 ctus
2151 4517 2465 4587 Gregorius
2497 4517 2918 4583 Nazianzenus,
2973 4533 3128 4570 unus
3159 4532 3189 4569 e
3222 4517 3325 4569 150
3353 4516 3640 4571 Constan-

233 4592 420 4647 Λύεται
473 4592 535 4647 τὸ
592 4595 931 4669 προσθεῖναι,
991 4600 1193 4650 νοεῖται
1242 4594 1367 4649 ὅσον
1420 4596 1555 4670 πρὸς
1612 4597 1702 4651 τὸν
1759 4601 1867 4650 νοῦς

1995 4581 2398 4680 tinopolitanis
2458 4606 2751 4675 Palribus,
2812 4581 3073 4661 scribens
3128 4606 3197 4659 ad
3250 4604 3643 4660 Cledonium:

229 4682 323 4737 mi
372 4682 510 4755 πρὸς
568 4682 752 4757 ὲτὲραν
808 4679 1067 4737 διάνοιαν·
1130 4682 1252 4738 ὅσον
1309 4682 1366 4738 δὲ
1422 4684 1556 4759 πρὸς
1616 4682 1887 4763 Simoin-q-

234 4792 343 4839 σιν,
405 4768 667 4825 οὐδέποτε
719 4772 753 4840 ἡ
814 4769 1111 4841 Ε’κκλησία
1157 4777 1319 4827 τοῦτο
1378 4773 1679 4830 κεκώλυκε.
1744 4776 1890 4833 Unde

235 4863 492 4931 sequitur
546 4860 978 4929 prohibitionem
1038 4863 1294 4932 addendi,
1344 4879 1469 4935 qua?
1515 4875 1889 4920 consummato

234 4951 363 5021 jam
409 4950 679 5021 Symbola
726 4961 807 5008 est
853 4954 1099 5025 apposita
1127 4996 1140 5020 ,
1200 4953 1624 5026 intelligendam
1671 4971 1783 5010 esse
1828 4955 1893 5010 dc

240 5040 535 5097 additione
558 5044 687 5099 novi
713 5059 901 5099 sensus
931 5045 1269 5115 diversaeque
1297 5045 1623 5111 sententiae;
1643 5064 1775 5101 nam
1794 5048 1893 5102 ad-

240 5129 512 5187 ditionem
582 5146 706 5203 quee
763 5131 833 5188 ad
888 5150 1100 5189 meram
1153 5134 1585 5191 declarationem
1630 5138 1892 5208 pertinet,

240 5236 533 5291 nunquam
561 5220 817 5292 prohibet
845 5222 1115 5278 Ecclesia.

318 5316 627 5384 Secundus
669 5318 987 5385 additionis
1024 5330 1264 5401 gradus,
1299 5330 1646 5387 auctoritate
1688 5334 1896 5406 synodi

244 5417 497 5472 Nicaeae:
531 5419 828 5483 secundas,
860 5419 1156 5490 generalis
1187 5421 1476 5494 septimae,
1508 5423 1722 5491 factus,
1756 5441 1898 5496 apo-

246 5505 407 5578 logia
434 5524 549 5563 non
594 5507 841 5579 indiget.
877 5512 1100 5575 Quotus
1133 5512 1290 5566 enim
1342 5512 1593 5584 quisque
1626 5529 1738 5568 non
1768 5530 1901 5569 sen-

248 5600 324 5653 tit
353 5597 437 5667 [P.
474 5597 597 5671 471]
648 5598 794 5654 nihil
828 5600 1027 5654 minus
1069 5599 1224 5669 juris
1260 5602 1619 5656 oecumenico
1660 5602 1903 5659 concilio

251 5689 489 5746 Nicaeno
521 5690 781 5746 secundo
813 5689 996 5746 fuisse
1026 5690 1365 5747 declarandi
1394 5691 1616 5763 aliquid
1657 5692 1714 5747 in
1744 5694 1905 5767 Sym-

1996 4706 2187 4776 Ἡμεῖς
2233 4747 2248 4772 ,
2301 4705 2551 4777 inquit,
2609 4709 2709 4771 τῆς
2768 4701 2905 4756 κατᾶ
2961 4701 3185 4757 Νίκαιαν
3245 4701 3477 4763 πίστεως
3536 4706 3644 4755 τῶν

1999 4795 2163 4868 ἁγίων
2224 4794 2475 4867 Πατὲρων
2522 4797 2629 4846 τῶν
2690 4791 2862 4846 ἐκεῖσε
2908 4789 3274 4845 συνελθόντων
3322 4790 3409 4845 ἐπὶ
3460 4802 3650 4854 καθαι-

2000 4886 2139 4959 ρὲσει
2185 4890 2285 4951 τῆς
2346 4885 2680 4954 Ἀρειανικῆς
2727 4881 2984 4956 αἱρέσεως
3036 4878 3191 4935 οὐδὲν
3252 4878 3375 4935 οὔτε
3426 4901 3649 4955 προετι-

2006 4974 2255 5047 μήσαμεν
2314 4992 2447 5027 ποτε
2502 4969 2625 5026 οὔτε
2672 4974 2944 5046 προτιμᾷν
3001 4967 3294 5044 δυνάμεθα,
3353 4970 3479 5025 ἀλλ’
3511 4969 3654 5025 ἐκεί-

2001 5084 2100 5133 νης
2160 5061 2319 5133 ἐσμὲν
2379 5062 2616 5122 πίστεως
2676 5060 2767 5113 σὺν
2807 5064 2924 5131 Θεῷ
2953 5060 3044 5113 καὶ
3084 5059 3336 5132 ἐσόμεθα.
3398 5063 3655 5117 Tantum

2005 5154 2170 5209 addit
2214 5170 2277 5208 se
2325 5169 2457 5207 cum
2510 5153 2635 5206 suis
2684 5152 2743 5206 in
2794 5150 2897 5205 illa
2948 5168 3115 5206 sacra
3143 5152 3373 5223 Synodo
3416 5151 3657 5223 collegis

2007 5241 2376 5299 articulatius
2428 5240 2791 5313 exposuisse,
2823 5256 2950 5311 quae
3011 5239 3210 5296 minus
3267 5242 3658 5308 sufficienter,

2010 5332 2213 5387 habita
2262 5330 2489 5385 ratione
2537 5330 2750 5385 deinde
2800 5330 3178 5384 subortatum
3226 5329 3539 5399 haeresum,
3590 5330 3663 5385 de

2011 5426 2215 5477 sancto
2264 5419 2480 5491 Spiritu
2535 5418 2827 5474 declarata
2858 5435 2892 5473 a
2919 5418 3168 5474 Nicaenis
3200 5420 3453 5487 fuerant,
3486 5424 3666 5491 Προσ-

2013 5507 2396 5583 ὃιαρθροῦντες
2445 5508 2506 5561 τὸ
2551 5506 2797 5569 ἐλλιπῶς
2838 5505 3126 5581 εἰρημένον
3178 5508 3302 5581 περὶ
3353 5512 3451 5562 τοῦ
3510 5507 3666 5581 ἁγίου

2016 5598 2354 5671 Ῐινεύματος.
2404 5599 2465 5654 In
2519 5616 2647 5671 quae
2698 5597 3047 5654 Nazianzeni
3094 5599 3272 5654 verba
3319 5598 3670 5655 scholiastes

2017 5694 2145 5764 ejus
2176 5691 2336 5749 Elias
2381 5690 2465 5747 sic
2496 5695 2649 5747 recte
2679 5694 3154 5747 commentatur:
3186 5694 3274 5761 Τῷ
3328 5689 3421 5763 μὲν
3456 5690 3670 5762 σώματι
