4248 6438
612 430 750 485 1135

1655 422 1713 470 Ρ.
1756 414 2031 469 POSSlNl
2069 402 2681 461 OBSERVATIONUM
2718 404 2850 455 LIB.
2893 405 2963 454 II.

3871 395 4013 447 1136

609 558 718 607 τῶν
747 550 944 620 λέξεων
976 544 1398 621 παρελέλειπτο,
1452 543 1521 614 τῇ
1554 538 1611 593 δὶ
1653 541 1808 612 ψυχῇ
1862 534 2029 610 (λέγω
2076 531 2142 601 δὴ
2190 532 2256 586 τὰ

2389 526 2525 599 ιιιοὰ
2562 526 2969 597 promiseram,
2994 527 3052 578 et
3075 523 3220 577 satis
3252 520 3492 577 evicissc
3516 518 3738 574 nullam
3781 520 3838 573 in
3864 520 4015 573 facto

613 648 719 697 τῶν
767 637 1081 711 νοημάτων)
1132 631 1408 703 οὐδαμῶς.
1468 631 1558 684 Διὸ
1603 629 1691 684 καὶ
1725 629 1752 681 ὁ
1786 629 1937 702 ἅγιος
1969 624 2029 679 οὐ
2059 621 2121 677 τὸ
2155 642 2259 675 πι-

618 726 1068 806 ραλελειμμὲνον,
1099 721 1247 777 ἀλλᾶ
1292 720 1354 774 τὸ
1409 718 1656 779 ἐλλιπῶς
1688 715 1971 806 εἰρημένον
2004 717 2105 806 τοῦ
2156 716 2265 766 σώ-

624 799 791 891 ματος
835 816 976 888 λέγει
1037 811 1322 886 διαρθροῦν
1357 808 1481 878 ἤτοι
1542 801 1857 878 ἐξακριϐοῦν
1912 802 2001 857 καὶ
2034 799 2262 874 διαμορ-

622 912 776 982 φοῦν.
815 913 941 961 Haec
972 904 1110 971 ille;
1143 902 1358 973 quibus
1391 899 1687 970 significat
1717 911 1832 950 non
1868 892 2143 949 sensibus
2167 894 2267 945 aut

622 978 793 1069 quasi
831 995 1041 1049 animas
1074 989 1319 1062 symboli
1353 987 1566 1043 Nicaeni
1612 984 1869 1040 defuisse
1900 980 2144 1052 aliquid,
2177 978 2264 1032 di-

624 1101 749 1140 cere
773 1080 1116 1153 Gregorium
1151 1075 1538 1146 Theologum,
1563 1075 1661 1129 sed
1694 1090 1835 1127 sono
1868 1073 2176 1126 verborum
2203 1083 2268 1123 ac

622 1170 800 1224 veluti
828 1166 1079 1237 corpori,
1105 1170 1210 1218 etc.
1238 1164 1399 1217 Unde
1422 1162 1688 1230 sequitur
1719 1158 2076 1213 additionem
2098 1156 2265 1210 iden-

624 1254 776 1309 titati
808 1271 923 1308 non
953 1254 1202 1305 obstare.
1234 1249 1387 1302 fdem
1441 1262 1595 1300 nunc
1648 1245 1768 1316 pari
1810 1245 1943 1313 jure
1993 1242 2266 1295 dicimus.

626 1345 810 1407 Quam
842 1340 1107 1396 voculam
1141 1339 1373 1393 Nicena
1398 1336 1654 1390 secunda
1678 1334 1959 1405 synodus,
1979 1328 2269 1402 generalis

626 1432 896 1503 septima,
940 1427 1214 1500 Symbolo
1246 1445 1277 1480 a
1322 1422 1972 1492 Constantinopolitana
2011 1418 2270 1491 generali

628 1522 887 1577 secunda
916 1519 1073 1574 edito
1100 1515 1345 1583 addidit,
1377 1529 1445 1568 ea
1476 1529 1609 1568 cum
1640 1516 1915 1566 extranea
1934 1527 2047 1563 non
2075 1508 2274 1575 fuerit,

629 1610 729 1666 sed
761 1626 829 1664 ex
859 1606 1186 1663 visceribus
1216 1603 1400 1674 ipsius
1428 1600 1685 1670 Symboli
1719 1598 1996 1653 doctrinm
2028 1613 2093 1651 ac
2124 1597 2272 1652 Con-

631 1695 1290 1767 stantinopolitanorum
1325 1696 1565 1745 Patrum
1600 1688 1900 1744 sententia:
1933 1692 2120 1750 eruta,
2155 1702 2271 1740 non

631 1788 769 1843 facit
798 1791 863 1840 ut
913 1793 1044 1855 post
1081 1783 1259 1851 hujus
1306 1778 1672 1850 epenthesim
1723 1776 2064 1849 Symbolum
2115 1774 2271 1829 aliud

2370 616 2693 671 additionis
2724 616 2881 671 vocis
2926 615 3173 684 Filioque
3204 614 3272 667 ad
3306 610 4025 681 Constantinopolitanum

2369 704 2714 777 Symbolum
2771 704 3160 759 temeritatem
3209 702 3551 757 Latinorum
3590 716 3760 771 posse
3806 698 4025 762 notari,

2370 795 2471 849 sed
2505 810 2801 849 summam
2836 792 3033 863 potius
3065 796 3121 846 et
3152 790 3397 846 Romani
3431 789 3721 860 pontificis
3755 794 3814 843 et
3845 786 4026 842 eccle-

2372 885 2591 937 siarum
2623 881 2957 937 Occidentis
3000 896 3281 951 apparere
3312 896 3445 934 cum
3482 877 3898 933 fundatissima
3938 893 4026 929 ra-

2372 972 2532 1027 tione
2565 970 3028 1025 moderationem
3062 985 3128 1023 ac
3160 967 3539 1039 sapientiam,
3584 966 3641 1019 in
3676 965 4029 1020 necessitate

2373 1060 2698 1114 obsistendi
2724 1058 3015 1127 grassanti
3037 1056 3734 1126 haeresi,temperantium
3750 1060 3949 1108 tamen
3970 1054 4025 1106 id

2375 1167 2406 1203 a
2438 1149 2652 1203 Graecis
2676 1149 2923 1219 exigere,
2949 1163 3064 1218 quo
3089 1145 3221 1199 illos
3241 1144 3674 1215 exasperandos
3695 1148 3752 1197 et
3774 1144 4032 1211 quadam

2372 1238 2789 1308 exprobatione
2822 1236 3095 1306 praeteriti
3128 1235 3344 1289 erroris
3374 1233 3825 1290 confundendos
3859 1233 4031 1285 intel-

2374 1326 2702 1397 ligebantet
2717 1326 2827 1379 ista
2842 1325 3097 1395 benigna
3112 1322 3648 1377 accommodatione
3663 1322 4033 1375 studentium

2372 1416 2553 1469 eosad
2572 1413 2912 1469 unanimam
2950 1412 3328 1467 ecclesiarum
3358 1410 3591 1465 allicere
3631 1410 4031 1465 concordiam.

2448 1519 2508 1569 P.
2556 1512 2681 1565 390.
2717 1511 2794 1567 Τὸ
2826 1510 2964 1583 πρὸς
3010 1508 3102 1563 τὸν
3138 1503 3391 1581 ’Λϐραὰμ
3431 1511 3527 1562 τοῦ
3580 1511 3737 1562 Θεοῦ.
3792 1509 4031 1579 Aliquid

2378 1601 2814 1672 quodammodo
2847 1600 3038 1654 simile
3070 1599 3293 1653 dictum
3330 1599 3614 1653 Abraamo
3646 1614 3678 1651 a
3710 1602 3828 1651 Deo
3869 1614 4039 1669 repe-

2380 1691 2529 1745 ritur
2556 1694 2763 1744 Genes.
2807 1705 2909 1756 xu,
2939 1688 3013 1741 2:
3056 1686 3383 1742 Benedicam
3423 1686 3866 1740 benedicentibm
3908 1686 4040 1755 tibi,

2380 1784 2490 1834 etc.
2524 1782 2805 1832 Caeterum
2850 1778 3048 1845 verba,
3084 1781 3148 1830 ut
3179 1776 3271 1830 hic
3297 1776 3515 1844 jacent,
3572 1776 3769 1845 potius
3801 1780 4045 1845 sumpta

630 1878 926 1932 diversum
959 1874 1015 1928 id
1051 1873 1258 1927 debeat
1308 1870 1552 1924 censeri.
1614 1866 1852 1923 Nullum
1913 1883 2048 1938 ergo
2098 1866 2271 1920 fuerit
2306 1886 2354 1950 Β
2386 1868 2659 1921 videntur
2700 1883 2768 1921 ex
2799 1867 3006 1920 Genes.
3058 1882 3228 1929 xxvu,
3263 1864 3369 1917 29:
3402 1864 3509 1931 Qui
3539 1863 3882 1918 benedixerit
3912 1866 4044 1930 tibi,

632 1964 1031 2029 mendacium,
1063 1962 1119 2014 id
1142 1956 1851 2028 Coostantinopolitanum
1889 1960 1953 2009 ut
1976 1959 2149 2011 antea
2178 1972 2272 2009 vo-

631 2070 782 2110 care.
816 2051 977 2117 Quod
1010 2067 1141 2105 vero
1174 2047 1438 2103 Ecclesia;
1471 2045 1671 2101 Gallina
1710 2050 1768 2100 et
1796 2045 2088 2116 Hispania
2136 2061 2272 2098 can-

631 2148 756 2198 tare
786 2139 1128 2214 Symbolum
1159 2138 1214 2191 in
1241 2153 1406 2192 sacro
1429 2151 1559 2191 cum
1586 2133 1882 2189 additione
1902 2134 2157 2204 Filioque
2175 2149 2277 2203 per

634 2231 1126 2294 seinstituerunt,
1178 2226 1234 2280 id
1269 2226 1546 2280 nimirum
1578 2224 1693 2279 sibi
1742 2222 1914 2278 licere
1954 2222 2273 2290 credidere,

635 2325 948 2392 postquam
1000 2317 1116 2371 ista
1165 2315 1386 2370 additio
1439 2330 1541 2384 per
1583 2312 1911 2384 generalem
1962 2312 2274 2382 septimam

635 2411 924 2483 synodum
958 2406 1337 2477 comprobata
1368 2409 1424 2458 et
1454 2408 1735 2472 usurpata
1763 2402 1969 2455 fuerat.
2004 2400 2189 2468 Unde,
2216 2410 2280 2455 ut

637 2497 913 2569 superius
958 2495 1236 2559 vidimus,
1271 2493 1380 2547 Leo
1414 2491 1621 2545 tertius
1663 2490 1919 2562 pontifex
1952 2490 2007 2543 id
2062 2490 2277 2545 factum

639 2605 753 2643 non
803 2591 867 2640 ut
900 2584 1185 2639 nefarium
1242 2581 1563 2648 damnavit,
1605 2580 1704 2635 sed
1738 2584 1965 2634 tantum
2016 2585 2080 2635 ut
2109 2581 2179 2635 ab
2213 2597 2278 2635 eo

639 2677 990 2732 desisterent
1041 2672 1229 2727 suasit
1260 2675 1493 2742 pr0pter
1524 2686 1763 2725 causam
1797 2686 1970 2740 quam
2007 2669 2087 2723 ibi
2126 2685 2282 2725 com-

643 2770 944 2823 memorat.
988 2766 1073 2835 (P.
1107 2762 1234 2833 472)
1273 2762 1377 2817 Sed
1410 2760 1510 2814 illa
1544 2761 1787 2814 Romani
1822 2760 2112 2829 pontificis
2154 2778 2280 2815 mo-

641 2855 881 2920 deratio,
918 2860 983 2908 ut
1004 2857 1143 2908 tunc
1168 2851 1277 2906 fuit
1306 2848 1639 2915 laudabilis,
1666 2851 1749 2904 sic
1774 2854 1975 2920 postea
2007 2866 2108 2921 per
2134 2850 2283 2905 Grie-

641 2961 841 3001 corum
877 2944 1031 2997 674
1075 2940 1336 2995 schisma
1376 2938 1583 2994 haeresi
1622 2938 2053 2993 cumulantium
2088 2942 2281 3010 pervi-

640 3034 856 3089 caciam
890 3032 1073 3085 evasit
1125 3028 1559 3099 intempestiva.
1603 3028 1826 3083 Etenim
1873 3027 1957 3082 illi
1988 3029 2283 3085 abstinere

640 3140 674 3178 a
703 3126 876 3177 cantu
909 3118 1167 3191 Symboli
1217 3133 1349 3172 cum
1382 3117 1675 3171 additione
1702 3118 1949 3189 Filioque
1981 3135 2082 3189 pro
2113 3119 2282 3191 signo

640 3210 1041 3283 proﬁtentium
1087 3223 1255 3263 suam
1297 3208 1367 3261 de
1399 3204 1768 3276 processione
1799 3206 2050 3276 Spiritus
2094 3210 2278 3264 sancti
2313 3236 2356 3303 ρ

639 3317 707 3355 ex
741 3304 906 3371 patre
937 3298 1059 3353 solo
1092 3297 1361 3351 haeresim
1396 3294 1711 3349 habebant.
1746 3295 1841 3351 Sic
1872 3296 2111 3353 Photius
2145 3302 2286 3355 Leo-

642 3405 777 3444 nem
812 3388 1047 3443 tertium
1096 3390 1376 3455 tanquam
1408 3382 1521 3438 sibi
1567 3385 2036 3442 consentientem
2085 3392 2143 3446 in
2176 3392 2291 3451 ista

644 3476 1013 3548 blasphemia
1062 3475 1283 3540 laudat,
1326 3474 1481 3545 quod
1526 3472 1805 3529 nimirum
1858 3476 1956 3532 ille
2004 3479 2292 3539 noluisset

645 3566 865 3623 cantari
945 3564 1290 3636 Symbolum
1369 3578 1502 3617 cum
1562 3564 1964 3621 additamento
2022 3569 2287 3644 Filioque.

649 3655 845 3710 Coacti
892 3669 1028 3725 ergo
1057 3669 1192 3707 vere
1224 3656 1384 3721 sunt,
1438 3656 1503 3706 ut
1533 3651 1799 3723 loquitur
1836 3657 2101 3713 Andreas
2135 3661 2289 3717 Rho-

648 3744 781 3799 dius
831 3743 1104 3814 superius
1145 3741 1384 3811 relatus,
1428 3741 1672 3796 Romani
1715 3745 2020 3814 pontifices
2071 3751 2291 3805 cantari

636 3834 848 3903 jubere
897 3830 1242 3902 Symbolum
1306 3830 1409 3885 tali
1466 3831 1766 3887 additione
1823 3840 2085 3902 auctum,
2124 3839 2291 3908 justo

646 3926 805 3976 metu
841 3920 1033 3991 gravis
1068 3919 1355 3989 scandali,
1408 3924 1533 3974 tum
1569 3922 1723 3990 apud
1753 3922 2006 3990 Latinos,
2039 3943 2290 3995 quorum

642 4011 909 4066 Ecclesiae
964 4008 1241 4080 pleraque
1264 4010 1389 4079 jam
1435 4009 1589 4063 ultro
1620 4015 1859 4065 cantum
1907 4012 2074 4069 illum
2118 4033 2289 4071 usur-

640 4104 870 4171 parant,
908 4105 1031 4153 tum
1066 4101 1221 4170 apud
1250 4098 1500 4163 Grecos,
1525 4099 1625 4169 qui
1648 4100 1776 4170 ejus
1808 4102 1889 4156 rei
1912 4103 2289 4161 emissionem

640 4190 698 4242 in
746 4188 961 4242 erroris
1012 4190 1104 4243 sui
1157 4187 1545 4258 patrocinium
1598 4190 1940 4260 trahebant,
1989 4197 2047 4247 et
2092 4198 2287 4249 tamen

637 4278 727 4331 vel
760 4278 845 4331 sic
877 4278 1061 4332 coacti
1087 4282 1495 4349 temperarunt
1517 4278 1745 4334 Graecos
1770 4278 1929 4351 ipsos
1959 4283 2191 4353 adigere.
2216 4285 2287 4339 ad

638 4367 695 4420 id
731 4367 1013 4439 Syholum
1048 4382 1180 4421 cum
1216 4366 1339 4437 pari
1374 4366 1674 4423 additione
1704 4368 1762 4423 in
1787 4368 2035 4425 ecclesia
2052 4378 2286 4427 cantan-

640 4457 803 4509 dum.
858 4456 1013 4510 Licet
1056 4472 1170 4508 non
1204 4455 1480 4509 deessent
1512 4455 1875 4526 fervidiores,
1904 4458 2003 4530 qui
2034 4460 2091 4514 id
2138 4462 2290 4516 Gras-

636 4544 722 4599 cis
754 4544 980 4613 injungi
1032 4543 1369 4598 suaderent.
1403 4546 1616 4599 Contra
1664 4562 1810 4616 quos
1850 4548 2079 4603 videtur
2107 4550 2286 4605 Joan-

2385 1957 2460 2010 sit
2488 1957 2607 2026 ipse
2639 1954 2982 2021 benedictus;
3030 1953 3126 2024 qui
3154 1953 3506 2007 maledixerit
3535 1951 3656 2018 tibi,
3688 1952 4043 2007 maledictio-

2388 2045 2548 2099 nibus
2576 2045 2877 2115 repleatur.
2910 2043 3021 2097 Sed
3056 2041 3176 2096 haec
3204 2058 3318 2096 non
3352 2041 3682 2096 dicuntura
3713 2040 3831 2095 Deo
3853 2042 4043 2095 Abra-

2388 2150 2541 2203 amo,
2575 2134 2673 2188 sed
2710 2132 2781 2186 ab
2817 2132 3018 2186 Isaaco
3048 2131 3284 2200 Iacobo,
3320 2135 3382 2185 ut
3432 2130 3578 2185 forte
3628 2128 3736 2185 hoc
3777 2130 3858 2184 sit
3902 2150 4043 2200 μνη-

2391 2242 2491 2294 μον
2503 2220 2613 2273 ικὸν
2648 2218 2873 2295 σφάλμα
2897 2220 3293 2291 Pachymeris.

2460 2322 2595 2390 Cap.
2630 2320 2720 2373 20.
2772 2318 3015 2381 Quando
3060 2316 3373 2387 contigerit
3424 2316 3529 2371 hoc
3561 2317 3749 2388 capite
3808 2323 4052 2372 narrata

2389 2407 2777 2463 incomitiatio
2826 2405 3075 2461 rhetoris
3119 2404 3378 2460 ecclesia:
3432 2404 3721 2473 Holobnli,
3768 2408 4051 2460 ostende-

2392 2514 2527 2552 mus
2563 2497 2716 2551 infra
2740 2496 2798 2549 in
2828 2495 3266 2566 Chronologicis
3299 2494 3339 2550 l.
3374 2511 3434 2549 ιιι
3458 2495 3669 2549 harum
3693 2495 4056 2549 observatio-

2393 2603 2557 2652 num,
2610 2602 2658 2640 c.
2691 2586 2747 2653 5,
2782 2601 2839 2639 ιι.
2869 2585 2938 2650 6;
2988 2600 3141 2639 nunc
3195 2585 3559 2639 occasionem
3614 2600 3727 2639 non
3771 2584 4053 2638 omittam

2392 2674 2835 2730 demonstrandi
2850 2673 3191 2728 Vaticanum
3211 2674 3653 2744 paraphrastem
3669 2690 4054 2745 nequaquam

2391 2765 2587 2835 ipsum
2622 2763 2773 2818 675
2812 2762 2993 2817 fuisse
3045 2762 3482 2833 Pachymerem,
3517 2763 3621 2833 qui
3654 2760 3831 2816 aliam
3878 2762 4055 2832 quasi

2392 2852 2707 2909 editionem
2737 2854 2826 2907 sui
2861 2851 3055 2923 operis
3087 2856 3458 2907 commutans
3490 2851 3746 2922 plurima
3777 2852 4052 2919 vulgave-

2394 2943 2470 2997 rit
2495 2986 2508 3009 ,
2530 2942 2587 2996 id
2621 2941 2776 3012 quod
2808 2940 2998 2995 virum
3025 2940 3426 2995 doctissimum
3454 2940 3822 3010 suspicatum
3858 2941 4051 2995 video.

2392 3032 2447 3086 Si
2480 3031 2635 3085 enim
2670 3031 2719 3084 is
2758 3030 2884 3101 ipse
2916 3034 3091 3096 esset,
3128 3046 3244 3084 non
3283 3029 3364 3083 ita
3398 3029 3707 3083 manifeste
3738 3047 3771 3083 a
3802 3044 3867 3083 se
3918 3028 4053 3099 ipso

2394 3119 2800 3189 dissensisset,
2852 3123 2917 3173 ut
2960 3118 3054 3173 hic
3105 3118 3258 3172 facit.
3310 3121 3454 3174 Cum
3505 3118 3664 3173 enim
3717 3118 3775 3171 in
3828 3118 4055 3173 nostris

2394 3210 2633 3281 optimis
2667 3213 2704 3261 Β
2752 3212 2809 3263 et
2836 3211 2875 3262 Α
2924 3208 3092 3263 codd.
3129 3206 3513 3279 Pachymeres
3542 3207 3651 3261 hoc
3676 3206 3803 3261 loco
3837 3208 4059 3261 habeat

2394 3297 2540 3365 πλὴν
2575 3297 2675 3351 οὐκ
2722 3295 2808 3349 ἐπὶ
2837 3295 3034 3350 τούτου
3063 3298 3159 3349 τοῦ
3189 3298 3380 3368 καιροῦ
3405 3296 3652 3369 γεγονὸς,
3705 3292 3857 3348 ἀλλὰ
3904 3295 4055 3368 πρό-

2394 3407 2573 3462 τερυν,
2608 3387 3027 3460 paraphrastes
3060 3386 3143 3441 sic
3174 3386 3331 3440 hunc
3366 3385 3560 3441 locum
3589 3386 3750 3441 effert
3781 3384 4057 3460 πρότερον

2402 3476 2495 3549 μὲν
2554 3470 2764 3548 συμϐὰν
2824 3476 2958 3547 μετά
3008 3474 3072 3529 τὸ
3112 3473 3452 3547 ἐξορισθῆναι
3503 3474 3860 3547 πατριάρχην
3920 3477 4057 3549 Ἀρ-

2396 3567 2560 3620 νέιον.
2617 3568 2706 3622 Ita
2755 3566 2876 3633 ille,
2924 3570 2982 3619 et
3014 3582 3146 3620 mox
3178 3570 3243 3619 ut
3273 3564 3382 3619 sibi
3418 3564 3724 3631 cohaereat,
3758 3564 3882 3633 .ubi
3918 3581 4058 3620 con-

2396 3660 2609 3711 ventus
2635 3660 2723 3711 est
2753 3655 2971 3710 mentio
2998 3652 3184 3708 habiti
3207 3652 3573 3724 congregatis
3598 3653 3897 3724 episcopis
3922 3671 4059 3708 cum

2399 3745 2753 3817 patriarcha,
2805 3743 3155 3815 imperatore
3186 3748 3492 3813 praesente,
3544 3742 3627 3812 [P.
3662 3742 3784 3811 473]
3822 3742 4059 3797 Vatica-

2400 3852 2511 3889 nus
2562 3831 2957 3906 patriarcham
3009 3835 3151 3886 tunc
3203 3831 3382 3885 fuisse
3424 3833 3783 3885 Germanum
3835 3831 4060 3886 diserte

2399 3923 2577 3979 tradit
2607 3928 2809 3977 contra
2860 3920 3238 3975 manifestam
3274 3920 3645 3991 Pachymeris
3673 3921 4059 3990 sententiam,

2400 4012 2499 4085 qui
2531 4011 2676 4067 nihil
2709 4010 2948 4067 omnino
2980 4010 3050 4063 de
3082 4008 3513 4064 conciliationis
3536 4007 3934 4064 Ecclesiarum
3969 4025 4063 4063 ne-

2398 4102 2558 4175 gotio
2627 4104 2966 4164 tractatum,
3020 4098 3284 4169 quandiu
3335 4097 3797 4169 patriarchatum
3862 4099 4063 4153 tenuit

2398 4193 2747 4256 Germanus,
2795 4187 2994 4243 tradit.
3046 4187 3161 4242 Nec
3193 4191 3384 4258 potest
3433 4202 3563 4242 esse
3605 4187 3856 4241 dubium
3911 4188 4059 4258 quin

2398 4278 2730 4352 patriarcha
2775 4277 2894 4331 illic
2925 4276 3103 4333 tacito
3148 4276 3442 4331 indicatus
3489 4276 3729 4331 nomine
3756 4276 4060 4347 Josephns

2403 4373 2579 4428 fuerit
2605 4392 2619 4440 ;
2653 4372 2761 4427 sub
2794 4386 2911 4441 quo
2942 4370 3180 4425 demum
3208 4368 3481 4424 tractatio
3509 4370 3834 4425 concordiis
3870 4368 4060 4423 Eccle-

2401 4464 2623 4518 siarum
2657 4459 2874 4515 moveri
2909 4464 3099 4531 coepta
3149 4462 3260 4513 est.
3291 4459 3356 4513 Et
3388 4458 3625 4529 quidem
3658 4458 3919 4529 Josepho
3954 4475 4059 4529 pa-

2398 4551 2786 4606 triarchatum
2826 4564 3026 4621 gerere
3058 4548 3375 4620 incipiente
3407 4548 3671 4603 nondum
3718 4547 3907 4603 fuisse
3961 4549 4060 4603 de-

637 4650 740 4689 nes
773 4611 1103 4700 Parastron,
1152 4633 1375 4689 missus
1406 4611 1975 4708 Constantinopolim
2008 4656 2040 4693 a
2070 4639 2285 4711 Grego-
2319 4611 2365 4675 Π
2400 4641 2714 4696 formatum
2764 4611 2970 4692 infami
3006 4611 3295 4709 supplicio
3328 4635 3698 4704 Holobolum,
3742 4637 4062 4693 manifeste

635 4722 719 4777 rio
752 4723 824 4790 X,
878 4722 980 4777 illa
1012 4723 1186 4777 verba
1218 4740 1250 4777 a
1281 4724 1633 4794 Pachymere
1668 4724 1777 4780 hoc
1811 4727 1998 4797 capite
2043 4729 2289 4785 recitata

633 4812 993 4884 protulisse;
1028 4828 1129 4883 per
1161 4829 1287 4883 qua!
1343 4814 1592 4868 suadere
1653 4816 1850 4870 studet
1908 4816 2069 4872 Italis
2117 4827 2177 4873 ut
2206 4818 2289 4873 di-

632 4904 802 4957 misso
852 4911 1141 4972 amotoque
1188 4901 1487 4958 additionis
1517 4902 1588 4957 ad
1622 4902 1944 4975 Symbolum
1985 4906 2043 4978 (a
2074 4908 2286 4963 Graecis

628 4991 905 5046 videlicet
954 4992 1275 5063 exigendas)
1327 4992 1607 5059 scandala,
1638 5009 1763 5048 cum
1810 4995 2103 5065 fratribus,
2155 5014 2287 5069 quo:

629 5081 880 5137 viderent
926 5082 1115 5151 palam
1158 5080 1360 5137 Graecis
1406 5084 1718 5153 conciliari,
1754 5100 1881 5140 vera
1929 5087 2013 5141 ita
2061 5088 2286 5143 demum

628 5172 905 5226 coalitum
942 5187 1091 5241 pace,
1130 5172 1347 5227 vellent.
1386 5173 1472 5229 Uti
1506 5178 1563 5227 et
1592 5172 1852 5229 vicissim
1885 5175 2117 5231 Graecos
2151 5193 2286 5232 mox

628 5262 789 5332 ipsos
820 5262 1091 5317 hortatur
1112 5262 1183 5315 ad
1216 5262 1619 5317 admittendas
1648 5267 1704 5317 et
1737 5266 1883 5319 satis
1916 5265 2286 5336 accipiendas

623 5352 1034 5406 excusationes
1083 5368 1232 5423 quas
1277 5352 1469 5407 Latini
1519 5350 1840 5423 allegarent
1895 5371 1999 5426 pro
2057 5356 2285 5411 addita-

624 5447 823 5496 mento
857 5443 928 5497 ad
964 5441 1335 5514 Symbolum,
1363 5442 1469 5497 hoc
1500 5446 1589 5497 est
1620 5460 1724 5514 pro
1755 5460 1821 5499 eo
1853 5445 2009 5514 quod
2043 5444 2283 5513 Symbo-

620 5529 744 5585 lum
787 5548 925 5586 voce
956 5532 1208 5602 Filioque
1253 5540 1446 5586 actum
1482 5532 1541 5587 in
1594 5532 1720 5588 suis
1770 5532 2035 5589 ecclesiis
2078 5541 2283 5590 canta-

618 5625 771 5687 rent,
801 5620 1182 5691 proutjustis
1214 5625 1271 5675 et
1303 5621 1652 5677 necessariis
1686 5622 1758 5676 de
1794 5622 1993 5678 causis
2028 5624 2284 5694 majores

622 5708 887 5779 ipsorum
922 5708 979 5764 id
1016 5708 1443 5765 instituissent.
1470 5710 1892 5767 Praestitissent
1922 5712 2286 5770 mihivideor

2398 4734 2557 4800 patet
2586 4744 2655 4783 ex
2686 4744 2809 4797 cap.
2845 4726 3024 4797 hujus
3060 4724 3192 4779 libri
3228 4726 3313 4792 12,
3349 4742 3463 4795 quo
3498 4730 3772 4781 narratur
3802 4726 4063 4797 impera-

2396 4825 2580 4874 torem
2615 4817 2835 4871 ursisse
2868 4815 3259 4887 patriarcham
3290 4814 3638 4887 (Josephum
3670 4814 3964 4883 videlicet)
4006 4822 4061 4870 et

2397 4909 2685 4981 quosdam
2720 4922 2789 4961 ex
2818 4904 2971 4961 clero
3004 4905 3073 4960 ad
3106 4904 3546 4960 assentiendum
3583 4905 3908 4976 paciquam
3936 4909 4061 4961 tra-

2397 4996 2593 5051 ctabat
2640 5009 2774 5049 cum
2843 4992 3091 5048 ecclesia
3150 4992 3434 5060 Romana,
3469 4992 3941 5064 suifragantibus
4001 4995 4061 5048 in

2398 5086 2509 5141 hoc
2540 5084 2653 5155 ipsi
2686 5082 3099 5138 archidiacono
3136 5081 3526 5148 Meleteniota,
3559 5081 3807 5153 Georgio
3842 5082 4060 5154 Cyprio

2398 5172 2908 5247 protapostolario,
2957 5176 3016 5227 et
3046 5170 3155 5226 hoc
3185 5172 3313 5241 ipso
3360 5170 3668 5238 Holobolo,
3698 5187 3876 5243 quem
3918 5172 4064 5227 inde

2397 5269 2557 5337 patet
2589 5263 2852 5318 nondum
2886 5260 3040 5316 male
3065 5259 3380 5315 multatum
3414 5260 3488 5315 ab
3509 5259 3889 5331 imperatore,
3913 5262 4063 5332 quin

2397 5355 2574 5411 etiam
2607 5352 2665 5406 in
2698 5349 2888 5423 gratia
2917 5354 3059 5405 tunc
3085 5350 3240 5421 apud
3274 5365 3409 5404 eum
3454 5348 3659 5416 fuisse,
3695 5349 3882 5405 donec
3925 5367 4060 5406 eam

2392 5444 2493 5499 illo
2525 5444 2652 5513 ipso
2686 5444 2974 5495 conventu
3013 5438 3415 5510 imprudentia
3447 5455 3557 5493 sua
3589 5439 3869 5509 perdidit.
3903 5440 4062 5494 Alibi

2393 5535 2567 5590 etiam
2622 5528 2916 5587 observari
2960 5528 3305 5601 scriptorem
3366 5530 3519 5584 hunc
3571 5546 3604 5584 a
3654 5529 4060 5601 Pachymeris,

2395 5639 2570 5695 quem
2600 5618 2939 5691 interpolat,
2973 5624 3169 5673 mente
3201 5619 3494 5673 aberrare.
3531 5618 3642 5673 Sed
3677 5618 3789 5673 hoc
3822 5620 3884 5674 in
3920 5636 4061 5692 spe-

2394 5714 2585 5771 cimen
2619 5709 2825 5767 talium
2856 5707 3091 5764 abunde
3124 5707 3203 5764 sit
3232 5706 3327 5763 hic
3358 5722 3741 5764 memorasse.
