4248 6438
184 409 324 464 1137

1776 411 2002 468 κοτε.

3458 396 3594 452 1138

254 539 315 589 Ρ.
348 534 472 591 393.
503 534 788 590 Ρωηὶιενε
831 550 888 590 se
926 535 1088 606 prius
1118 539 1391 592 actorum.
1423 535 1572 603 Quid
1609 535 1838 592 viderat
1865 537 1920 604 Α
1948 533 2323 606 Hellesponto
2347 534 2659 589 vehemens
2688 531 2951 603 spiraret.
2985 527 3168 583 Hodie
3200 526 3288 580 ha
3329 523 3593 578 civitates

185 623 503 679 Holobolus
532 624 605 680 da
653 641 799 680 novo
841 629 906 679 ut
947 629 1204 680 mutaret
1251 625 1626 691 sententiam,
1667 628 1723 680 at
1764 640 1835 679 ex

182 713 470 782 probante
501 711 815 768 consilium
850 711 1413 768 recouciliandarum
1448 712 1834 769 Ecclesiarum

181 809 424 872 repente
452 800 510 854 in
544 803 673 872 ejus
706 800 870 872 pacis
901 801 1300 857 adversarium
1333 800 1705 857 mutaretur?
1731 800 1834 856 Ni-

182 889 266 944 hil
301 905 444 947 sane
475 889 590 945 nisi
622 905 685 944 se
727 888 926 945 minus
959 889 1280 946 honorifica
1307 905 1485 960 quam
1509 889 1679 946 vellet
1713 894 1834 945 tra-

183 983 408 1035 ctatum
437 979 510 1034 ab
535 983 822 1050 Augusto;
853 994 1032 1050 quam
1063 977 1183 1049 ille,
1216 983 1283 1034 ut
1311 978 1576 1052 putabat,
1626 983 1830 1034 contu-

181 1065 422 1122 maliam
455 1067 890 1138 perseverantia
941 1067 1003 1123 in
1033 1065 1354 1124 schismate
1402 1072 1462 1124 et
1509 1066 1832 1140 pervicacia

179 1154 386 1211 ulcisci
416 1156 662 1212 studuit.
678 1156 762 1211 En
776 1171 893 1236 quo
925 1155 1136 1228 spiritu
1156 1156 1831 1214 Grascischismaticil'er-

177 1249 404 1300 rentur.
436 1248 563 1300 Non
592 1260 693 1301 eos
721 1243 893 1311 ratio,
916 1261 1035 1302 non
1065 1245 1406 1315 auctoritas,
1430 1261 1545 1300 non
1569 1245 1829 1301 veritatis

174 1348 340 1400 cura,
372 1333 475 1388 sed
506 1332 744 1390 ambitio
773 1337 833 1390 et
861 1334 1142 1405 superbis
1170 1333 1526 1406 privatoque
1569 1334 1829 1390 rationes

177 1421 651 1494 praecipitabant,
705 1421 834 1493 ipso
865 1422 938 1478 iis
981 1422 1216 1480 addicto
1262 1423 1544 1479 historico
1587 1422 1823 1479 fatente.

176 1511 304 1566 Non
331 1512 412 1568 ita
437 1512 683 1568 Joannis
712 1512 884 1569 Vacci
931 1529 998 1568 ex
1043 1513 1381 1569 adversario
1427 1513 1487 1568 in
1536 1514 1823 1569 fautorem

180 1600 515 1657 Latinorum
541 1601 791 1658 mutatio
819 1602 1068 1674 contigit
1093 1602 1368 1673 superius
1395 1617 1445 1657 c.
1478 1601 1819 1670 25narrata;

176 1687 280 1743 illa
321 1688 614 1760 siquidem
667 1689 861 1761 quoad
915 1690 1142 1762 putavit
1198 1705 1438 1746 causam
1489 1693 1820 1745 Graecorum

175 1779 422 1835 veritate
451 1777 582 1845 niti,
616 1779 879 1835 modeste
910 1778 1120 1834 restitit
1148 1778 1488 1850 imperatori
1519 1794 1709 1850 usque
1747 1778 1819 1833 ad

1943 640 2154 680 nomen
2181 626 2295 679 fere
2322 623 2629 695 antiquum
2664 621 2720 675 in
2754 619 2986 690 mappis
3028 613 3450 672 recentioribus
3481 611 3589 665 ob-

1939 715 2153 780 tinent,
2181 713 2423 784 signatis
2462 710 2762 766 vocabulis
2813 707 3012 764 Hodon
3059 711 3116 760 et
3165 704 3361 758 Coron.
3413 702 3585 756 Porro

1939 801 2040 874 qui
2069 802 2265 858 sinum
2295 801 2604 858 Modonem
2653 799 2810 854 inter
2836 801 2893 852 et
2937 798 3217 850 Coronam
3269 792 3447 846 situm
3493 790 3581 843 in-

1938 894 2075 956 trat,
2108 890 2158 945 is
2191 896 2255 945 ut
2285 889 2617 945 Mathonem
2647 887 2730 943 sic
2750 890 2806 941 et
2845 885 3124 941 Coronam
3175 879 3436 936 tenuisse
3466 877 3581 932 dici

1937 984 2147 1051 potest,
2181 983 2247 1035 ut
2277 979 2423 1033 nihil
2453 977 2746 1049 glossator
2774 973 2999 1030 auctori
3031 969 3389 1028 contrarium
3439 966 3582 1022 alle-

1935 1068 2103 1126 verit.

2007 1193 2066 1250 P.
2099 1193 2221 1249 420.
2247 1191 2357 1248 Cui
2399 1191 2641 1246 Manuéli
2696 1205 2892 1245 nomen
2950 1189 3071 1241 erat
3125 1183 3414 1239 Zachariae
3461 1181 3581 1251 ﬁlio

1935 1283 2081 1338 Puta
2101 1283 2220 1337 hanc
2241 1280 2524 1336 Mauuelis
2546 1285 2600 1336 et
2615 1277 2904 1334 Zachariae
2921 1272 3204 1330 vocabula
3221 1270 3582 1344 praenomina

1935 1371 2118 1426 fuisse
2169 1371 2474 1426 hominum
2531 1369 2748 1440 quibus
2798 1379 3110 1421 commune
3162 1363 3283 1416 fore
3332 1361 3582 1414 Cotonea!

1931 1459 2123 1532 gentis
2156 1475 2388 1514 nomen.
2420 1462 2541 1513 Hoc
2571 1457 2725 1512 enim
2750 1455 3064 1509 dicendum
3117 1448 3444 1505 necessario
3493 1447 3576 1500 vi-

1931 1549 2121 1613 detur,
2146 1552 2211 1603 ut
2241 1547 2622 1616 Pachymeres
2663 1560 2794 1598 cum
2830 1547 3084 1613 Gregora
3111 1554 3364 1609 cumque
3413 1537 3575 1591 Duca

1931 1635 2231 1693 Michaelis
2261 1640 2494 1708 nepote,
2536 1636 2708 1705 cujus
2743 1632 3048 1688 historiam
3081 1629 3170 1683 vir
3193 1625 3568 1683 doctissimus

1931 1725 2142 1780 lsmael
2175 1723 2480 1780 Bulialdus
2502 1728 2633 1778 ante
2651 1721 2756 1777 hos
2773 1736 2958 1775 annos
2980 1715 3314 1789 quindecim
3339 1713 3568 1785 primus

1925 1815 2130 1880 edidit,
2161 1815 2487 1882 conveniat,
2519 1811 2812 1882 siquidem
2861 1807 2943 1862 illi
2990 1806 3162 1861 ambo
3213 1805 3422 1859 docent
3467 1803 3567 1855 Mi-

175 1867 614 1972 E°Tp°”i?.‘.‘°'.n
645 1867 960 1972 °."°°'i.'.‘..
985 1867 1257 1972 ubi“?
1300 1883 1403 1941 per
1439 1868 1624 1972 02in?
1655 1866 1821 1923 lectis
1850 1895 1900 1963 Β
1928 1866 2613 1972 Bal—aiologum
2660 1899 2817 1955 hunc
2877 1902 3144 1952 nostrum
3203 1893 3569 1948 concessisse

176 1957 414 2012 Patrum
446 1956 617 2013 libris
641 1955 797 2012 clare
820 1957 968 2012 vidit
998 1957 1307 2028 potiusjus
1325 1973 1456 2013 esse
1479 1957 1819 2012 Latinorum

174 2045 372 2103 statim
407 2046 670 2118 agnitam
696 2045 1000 2102 veritatem
1032 2051 1123 2102 est
1148 2047 1448 2118 professus
1468 2051 1526 2103 et
1555 2053 1822 2102 constan-

173 2133 406 2190 tissime
436 2132 722 2190 defendit.

245 2227 309 2278 P.
341 2221 466 2280 394.
497 2223 784 2279 intestinis
809 2224 999 2278 ouium
1018 2223 1140 2293 ipso
1183 2220 1368 2277 adhuc
1412 2220 1544 2291 ﬁmo
1598 2222 1823 2293 referti:

173 2312 444 2383 impliciti
469 2314 776 2384 onustique.
809 2312 929 2368 Etsi
954 2312 1104 2368 hanc
1134 2312 1348 2386 nudam
1389 2311 1817 2367 traductionem

174 2404 586 2459 damnatorum
619 2417 724 2474 per
751 2402 955 2457 urbem
986 2400 1172 2454 καινὸν
1203 2394 1471 2475 θρίαμϐον
1504 2401 1820 2473 Pachyma-

175 2508 270 2548 res
289 2496 476 2564 vocat,
513 2495 933 2564 processerant
969 2495 1168 2547 tamen
1197 2491 1329 2561 ejus
1359 2489 1627 2562 exempla
1671 2491 1820 2545 Con-

175 2579 580 2650 stantinopoli.
611 2577 760 2634 Vide
787 2578 1022 2634 Annam
1053 2581 1433 2645 Comuenam,
1477 2577 1616 2648 quid
1667 2577 1822 2632 οη

175 2669 307 2738 ipsa
336 2668 532 2723 simile
559 2667 796 2733 viderit,
826 2667 1196 2722 reierentam.
1230 2665 1270 2720 ι.
1301 2683 1384 2721 xu
1409 2664 1712 2733 Alea-indis,
1762 2681 1816 2736 p.

173 2757 282 2812 363
310 2758 402 2812 ed.
436 2761 600 2829 Reg,
633 2755 730 2811 ubi
764 2754 1138 2828 peculiariter
1166 2755 1224 2810 in
1257 2771 1379 2811 rem
1413 2759 1672 2810 nostram
1715 2771 1816 2810 no-

172 2850 261 2901 tat
290 2862 390 2902 eos
421 2844 524 2918 qui
556 2845 666 2900 hoc
698 2844 870 2900 modo
901 2843 1499 2900 circumducebantur
1543 2843 1822 2900 habuisse

172 2933 365 3006 capita
396 2933 697 2990 intestinis
726 2933 904 2990 boum
929 2933 1248 3005 oviumque
1277 2933 1448 3005 quasi
1480 2933 1552 2988 ad
1606 2932 1819 2988 ridicu-

169 3023 294 3080 lum
325 3028 602 3080 ornatum
650 3023 881 3080 cincta:
923 3022 1034 3083 Τὰς
1083 3018 1142 3076 δὶ
1181 3019 1444 3097 κεφαλὰς,
1493 3021 1706 3094 inquit,
1738 3018 1824 3074 ἆν-

166 3113 410 3176 τοσθίοις
469 3112 618 3188 βοῶν
674 3110 764 3166 καὶ
816 3105 1106 3186 προϐάτων
1145 3110 1356 3173 ταινίας
1406 3106 1561 3180 δίκην
1609 3111 1823 3182 κοσμή-

170 3221 376 3263 σαντες.
412 3203 478 3257 In
509 3201 734 3274 optimo
766 3218 877 3257 ms.
914 3201 1252 3273 Pugatiauo,
1283 3217 1418 3257 cum
1451 3217 1569 3273 quo
1607 3199 1823 3257 editam

161 3291 294 3364 jam
325 3291 663 3347 Alexiadem
695 3289 917 3347 contuli
947 3294 1007 3347 et
1037 3289 1170 3363 plus
1225 3306 1402 3362 quam
1462 3289 1623 3346 mille
1679 3288 1824 3346 locis

168 3380 501 3447 emendavi,
529 3378 748 3454 legitur
780 3379 1315 3451 κατακοσμήσαντες.

245 3471 309 3526 Ρ.
357 3470 482 3524 397.
528 3468 672 3544 Πρὸς
721 3467 984 3539 laesi)qu
1041 3467 1304 3544 γίνονται.
1362 3468 1456 3525 Bic
1521 3473 1824 3525 contextus

171 3557 358 3616 trium
389 3558 568 3614 simul
600 3559 892 3616 codicum:
915 3559 1018 3616 sed
1051 3560 1109 3616 in
1154 3559 1472 3616 Barberino
1504 3575 1686 3630 supra
1712 3561 1820 3611 ls-

174 3645 358 3718 θώνην
388 3649 710 3720 ascriptum
757 3649 817 3705 iu
851 3648 1064 3721 glosste
1103 3649 1342 3705 modum
1377 3645 1642 3721 Κορώνην
1673 3646 1820 3719 legi-

172 3754 336 3794 mus.
381 3737 497 3794 Boc
526 3739 598 3794 ab
629 3737 860 3794 erudito
891 3737 1100 3794 lectore
1125 3737 1393 3794 additum
1426 3742 1705 3809 putamus
1747 3736 1821 3792 ad

169 3827 635 3899 praverteudam
684 3826 1128 3897 ambiguitatem
1161 3870 1179 3898 ,
1219 3843 1348 3899 qua
1391 3834 1588 3898 posset
1645 3825 1822 3897 objici

171 3918 374 3975 minus
404 3917 596 3975 cautis
625 3933 660 3973 a
686 3917 976 3975 vocabulo
1019 3917 1308 3988 Μιοώνης.
1358 3920 1478 3974 Isto
1527 3916 1685 3973 enim
1719 3933 1821 3973 no-

171 4006 332 4062 mine
357 4012 447 4063 est
477 4007 621 4063 urbs
645 4007 903 4063 Thracia
933 4008 1086 4078 apud
1119 4006 1360 4063 Suidam
1384 4011 1443 4062 et
1458 4006 1821 4077 Stephanum

167 4095 312 4151 item
346 4096 461 4152 alia
487 4095 842 4153 Macedonia
875 4097 934 4152 in
967 4095 1284 4168 Magnesia,
1307 4096 1478 4166 cujus
1507 4094 1824 4150 meminere

166 4183 565 4254 Thucydides,
593 4183 824 4252 Strabo,
862 4182 1218 4260 Stephanus,
1266 4182 1514 4248 Plinius,
1545 4187 1656 4238 etc.
1705 4185 1824 4237 Me-

168 4274 393 4328 thonen
424 4272 602 4328 etiam
634 4272 695 4328 in
725 4271 1028 4328 Thessalis
1068 4277 1353 4328 memorat
1386 4271 1727 4342 Hesychius,
1749 4269 1823 4325 il-

174 4362 294 4417 lam
327 4361 475 4417 {orte
505 4361 578 4416 de
627 4377 747 4434 qua
794 4360 1013 4418 Seneca
1059 4360 1236 4418 choro
1286 4367 1454 4417 actus
1488 4361 1519 4416 4
1561 4359 1827 4416 Troadum

173 4451 271 4507 his
304 4450 569 4507 versibus
592 4469 607 4507 :

427 4566 510 4622 An
548 4568 814 4638 frequen:
843 4567 1022 4622 rusci:
1058 4565 1270 4622 levibus
1299 4567 1574 4633 Iuliane,

434 4641 572 4709 Qus:
600 4637 701 4694 sub
731 4637 930 4696 (Em:
963 4639 1236 4695 latebrosa
1264 4640 1444 4708 lituis,
1475 4645 1566 4694 etc

175 4753 354 4810 Nulla
383 4771 556 4827 porro
589 4754 805 4811 harum
855 4755 916 4811 in
948 4753 1106 4810 hunc
1156 4753 1351 4810 locum
1384 4755 1675 4826 quadrat:
1710 4770 1826 4809 non

173 4843 334 4899 enim
360 4849 660 4916 provectos
690 4862 726 4901 a
754 4843 941 4901 Malea
970 4844 1235 4900 Laconia
1266 4843 1664 4917 promontorio
1695 4843 1826 4899 Hel-

175 4932 504 5005 lespontias
531 4937 744 4990 ventus
774 4932 976 5006 gplenis
1022 4932 1168 4988 velis
1217 4949 1321 5006 per
1366 4938 1547 4990 totam
1599 4938 1827 4989 noctem

174 5021 506 5094 impellant,
533 5021 691 5096 quod
723 5023 818 5079 hic
846 5023 1083 5089 dicitur,
1119 5022 1413 5094 appellare
1441 5028 1594 5079 retro
1638 5022 1830 5094 potuit

175 5112 237 5166 in
272 5111 669 5168 Macedoniam
700 5117 806 5169 aut
847 5111 1181 5169 Thraciam.
1217 5112 1322 5168 Est
1365 5127 1504 5186 ergo
1551 5112 1673 5169 hac
1715 5115 1828 5167 le-

174 5198 328 5270 θώνη
361 5216 540 5274 quam
573 5201 896 5258 Pausanias
919 5199 1194 5272 Μοθώνην
1248 5200 1478 5271 scribit,
1530 5201 1832 5259 Ilessenia:

175 5292 325 5348 urbs
355 5291 649 5347 maritima
675 5290 735 5346 in
770 5291 1011 5348 modico
1048 5291 1472 5364 promontorio,
1505 5292 1598 5348 cui
1630 5291 1833 5348 adver-

175 5398 312 5438 sum
345 5380 504 5436 aliud
539 5370 790 5452 angusto
819 5381 952 5437 sinu
980 5381 1337 5452 diremptum
1355 5380 1830 5441 Cbroneinsidet.

176 5471 294 5528 alia
326 5471 492 5541 urbs,
523 5470 608 5543 [Ρ.
643 5469 773 5544 474]
797 5472 972 5541 cujus
1001 5480 1310 5544 prOpterea
1340 5470 1700 5527 mentionem
1732 5488 1834 5540 op-

177 5566 438 5632 portune
466 5561 734 5642 suggerit
760 5559 1059 5634 glossema
1087 5577 1202 5617 non
1233 5560 1442 5616 inutile
1467 5561 1540 5616 ad
1562 5561 1836 5616 determi-

177 5648 451 5706 naudum
480 5649 554 5713 de
582 5665 702 5722 qua
720 5647 996 5708 Methone
1025 5649 1122 5705 hic
1150 5653 1399 5722 agatur:
1432 5665 1570 5706 nam
1593 5649 1653 5705 in
1684 5648 1837 5706 hanc

177 5757 302 5801 non
333 5740 740 5800 inverisimilis
768 5759 980 5801 cursus
1009 5759 1046 5801 a
1071 5740 1260 5800 Italas
1289 5740 1402 5799 fuit
1426 5745 1603 5800 vento
1630 5742 1734 5814 qui
1763 5741 1837 5800 ab

1855 3261 1898 3329 C

1856 4629 1903 4695 D

1924 1992 2224 2048 Phocaeam
2257 1990 2547 2046 Cotanais.
2582 1991 2660 2044 Ac
2701 1987 2985 2058 Gregoras
3039 1984 3272 2053 quidem
3317 1983 3427 2037 sub
3457 1980 3568 2034 ini-

1923 2081 2071 2136 tium
2107 2080 2239 2136 libri
2261 2096 2402 2150 xu,p.
2432 2079 2561 2145 239,
2588 2093 2764 2148 agens
2793 2077 2861 2130 de
2879 2075 3096 2129 Catane
3126 2073 3374 2128 Phocea:
3406 2071 3570 2142 prin-

1923 2169 2071 2241 cipe,
2095 2179 2150 2225 et
2175 2185 2310 2224 eum
2361 2167 2694 2239 Mitylenem
2743 2170 2883 2220 tunc
2939 2177 3256 2233 occupasse
3316 2162 3573 2214 referens

1925 2259 1984 2314 in
2007 2275 2256 2330 eamque
2278 2257 2670 2328 immigrasse,
2711 2253 2980 2325 praesidio
3001 2257 3198 2306 tamen
3220 2250 3410 2305 valido
3433 2249 3578 2303 Pho-

1925 2364 2051 2404 caea
2084 2348 2308 2416 relicto,
2361 2345 2562 2402 statim
2618 2342 2856 2399 subdit:
2906 2340 3124 2413 Κλῆρος
3181 2336 3225 2392 δ’
3282 2336 3428 2407 αὐτῷ
3478 2355 3577 2390 πι-

1925 2434 2158 2509 ριελθὼν
2207 2435 2273 2503 ἦν
2324 2433 2430 2488 ἀπὸ
2470 2433 2758 2508 προγόνων
2790 2435 2824 2502 ἡ
2859 2432 3084 2485 Φώκαια
3110 2429 3244 2501 πρὸς
3270 2431 3367 2481 τοῦ
3420 2427 3575 2500 βασι-

1924 2522 2064 2587 λᾶως
2113 2523 2203 2578 καὶ
2253 2525 2478 2578 πάππου
2523 2527 2620 2578 τοῦ
2674 2521 2944 2599 βασιλέως
2993 2521 3138 2598 σφίσι
3192 2516 3408 2582 δοθεῖσα
3455 2515 3574 2570 ἐπι-

1921 2619 2134 2688 τροπῆς
2179 2608 2331 2667 ἶνικα
2380 2611 2470 2666 καὶ
2531 2611 2834 2687 χρημάτων
2883 2614 3031 2668 677
3081 2609 3225 2669 τινὸς
3271 2609 3570 2682 πορισμοῦ.

1925 2703 2018 2757 Διὸ
2046 2701 2136 2756 καὶ
2194 2701 2331 2756 κατὰ
2385 2700 2624 2776 χρόνους
2679 2699 2905 2761 τακτοὺς
2962 2700 3014 2753 οἱ
3069 2697 3271 2767 ταύτης
3323 2696 3569 2772 ἐφορειαν

1924 2789 2312 2865 διαδιχόμινοι
2375 2791 2663 2864 γράμματι
2733 2788 3040 2863 βασιλικοῖς
3082 2788 3437 2865 ῠᾶνανεοῦντες
3490 2785 3570 2838 ἀεὶ

1926 2863 2202 2935 διετέλοον
2228 2881 2329 2948 τὴν
2364 2863 2511 2934 δοσιν
2539 2883 2637 2932 τοῦ
2667 2877 2903 2953 κλήρου,
2922 2883 3032 2934 etc.
3059 2863 3315 2941 Quorum
3341 2891 3579 2932 summa

1925 2975 2037 3037 est,
2095 2971 2396 3036 Catanem,
2438 2970 2537 3041 qui
2574 2969 2682 3024 sub
2742 2966 3073 3023 Andronico
3132 2965 3366 3036 juniora
3416 2964 3579 3036 prin-

1926 3076 2065 3133 ceps
2106 3060 2356 3116 Phocaea
2421 3064 2567 3128 erat,
2613 3075 2747 3114 eum
2810 3056 3201 3129 principatum
3251 3054 3579 3109 obtinuisse

1929 3148 2296 3205 hereditario
2324 3150 2459 3220 jure
2503 3148 2927 3203 transmissum
2959 3163 2993 3201 a
3046 3146 3173 3201 suis
3230 3142 3578 3213 majoribus,

1929 3239 2147 3311 quibus
2178 3237 2344 3292 illum
2393 3237 2713 3310 imperator
2755 3252 3002 3306 proavus
3034 3231 3350 3289 Andronici
3379 3231 3578 3286 Junio-

1934 3328 2013 3385 ris
2045 3328 2181 3400 (fuit
2209 3328 2260 3382 is
2291 3325 2534 3383 Michael
2561 3324 2922 3397 Palcologus
2942 3323 3119 3395 prior)
3146 3321 3320 3377 certis
3351 3320 3581 3391 legibus

1929 3416 1991 3473 in
2067 3417 2330 3486 feudum,
2410 3419 2475 3471 ut
2540 3414 2867 3488 loquuntur
2930 3411 3331 3468 concessisset.
3392 3409 3580 3473 Quare

1931 3506 2165 3577 quoties
2195 3505 2254 3560 in
2288 3521 2356 3560 eo
2389 3503 2720 3577 principatu
2744 3501 2849 3558 ﬁlii
2880 3503 3147 3575 patribus
3178 3500 3580 3570 succederent,

1930 3594 2190 3668 diploma
2220 3594 2589 3666 imperatoris
2619 3593 2930 3664 impetrare
2959 3590 3093 3647 illos
3109 3589 3434 3662 oportebat,
3461 3603 3578 3660 quo

1928 3683 1989 3739 in
2021 3683 2196 3739 istius
2245 3683 2528 3756 dynastiis
2560 3681 2880 3754 legitimam
2905 3679 3339 3752 possessionem
3382 3678 3578 3732 mitte—

1929 3777 2155 3829 rentur.
2188 3773 2273 3828 lta
2303 3771 2382 3827 ibi
2412 3771 2717 3843 Gregoras.
2753 3772 2943 3827 Ducas
2974 3775 3168 3824 autem
3212 3785 3262 3823 c.
3291 3769 3362 3822 20
3413 3769 3580 3835 Hist,

1931 3879 1989 3936 p.
2016 3861 2088 3916 89
2116 3863 2208 3917 ed.
2247 3861 2387 3933 Reg.
2421 3860 2507 3917 sic
2537 3860 2750 3916 habet:
2784 3859 2870 3914 Ἐν
2902 3861 3021 3920 ταῖς
3075 3854 3312 3931 ἡμέραις
3370 3853 3426 3909 δὶ
3482 3857 3581 3908 τοῦ

1933 3948 2202 4026 βασιλὲως
2261 3945 2494 4023 Μιχαὴλ
2547 3951 2644 4002 τοῦ
2703 3943 3087 4022 Παλαιολόγου
3121 3990 3136 4013 ,
3193 3949 3291 3999 τοῦ
3346 3947 3580 4017 πρῶτως

1933 4037 2353 4115 βασιλεύσαντος
2403 4035 2456 4092 ιν
2502 4034 2934 4110 Παλαιολόγοις,
2983 4033 3154 4102 ἦλθόν
3202 4053 3347 4094 τινες
3377 4030 3582 4087 Ἰταλοὶ

1929 4128 2206 4188 αἰτοῦντες
2232 4127 2294 4181 τὸ
2326 4122 2458 4200 ὄρος
2486 4127 2632 4198 (agit
2663 4128 2732 4182 da
2768 4130 2964 4182 monte
3013 4125 3309 4194 Phocidis)
3355 4120 3584 4189 δοθῆναι

1932 4217 2146 4278 αὐτοῖς.
2207 4215 2298 4270 καὶ
2357 4209 2657 4287 λαμϐάνειν
2715 4216 2831 4268 κατ’
2890 4210 3008 4274 ἔτος
3063 4213 3125 4266 τὸ
3185 4209 3580 4289 συμφωνηθὲν.

1931 4309 2242 4377 Imperants
2281 4306 2549 4362 Michaelc
2596 4305 2932 4376 Polzologo,
2984 4320 3043 4360 eo
3101 4302 3197 4375 qui
3255 4303 3469 4375 primus
3527 4304 3587 4357 in

1931 4396 2161 4452 domum
2183 4395 2548 4466 Polaologam
2580 4393 2876 4466 imperium
2905 4393 3121 4460 intulit,
3154 4397 3422 4448 venerunt
3462 4393 3585 4463 qui-

1931 4488 2060 4542 dam
2094 4487 2223 4541 Itali
2267 4489 2508 4557 petentes
2557 4488 2799 4539 montem
2846 4484 3097 4540 Phocaeae
3142 4483 3249 4538 sibi
3301 4482 3428 4537 dari
3485 4484 3584 4536 sub

1929 4574 2304 4648 pmitatione
2329 4573 2512 4630 annui
2557 4575 2774 4628 tributi.
2825 4577 2956 4628 Haec
2995 4573 3210 4640 Ducas,
3259 4573 3359 4643 qui
3400 4589 3586 4643 quan-

1937 4681 2112 4738 quam
2145 4664 2241 4718 hic
2274 4680 2386 4718 non
2420 4664 2691 4719 nominat
2721 4662 2865 4718 istos
2907 4662 3102 4732 Italos,
3139 4662 3312 4734 paulo
3343 4662 3591 4716 interius

1939 4760 2138 4809 tamen
2190 4752 2414 4807 indicat
2467 4769 2568 4808 eos
2617 4769 2648 4807 a
2705 4757 2874 4820 gente
2903 4754 3157 4808 Catanen
3193 4753 3396 4816 fuisse,
3448 4753 3590 4805 dum

1938 4843 2178 4900 scribit:
2210 4841 2380 4896 Ἦσαν
2415 4837 2472 4894 δὲ
2520 4841 2572 4894 οἱ
2606 4839 2859 4915 ῥηθέντες
2889 4847 2988 4909 τῆς
3016 4840 3234 4901 πόλεως
3285 4841 3428 4913 (νέας
3462 4846 3589 4894 Φω-

1937 4930 2114 5004 καίας)
2172 4931 2436 5005 κτήτορες
2491 4928 2550 4984 ἐκ
2599 4934 2708 4984 τῶν
2767 4929 3052 4987 Κατανὲων
3117 4935 3417 4999 Favoni-rat,
3460 4930 3590 4986 ’Av-

1939 5017 2099 5096 δρὲας
2152 5021 2243 5074 καὶ
2299 5013 2601 5088 Ἰάκωϐος,
2660 5025 2770 5076 etc.
2832 5023 3004 5077 Erant
3061 5031 3241 5077 autem
3299 5023 3593 5076 memorati

1941 5111 2097 5167 urbis
2134 5125 2293 5168 nova:
2338 5111 2589 5167 Phocaea:
2631 5110 2846 5166 domini
2891 5127 2920 5165 e
2975 5111 3239 5166 Catuneis
3289 5110 3592 5166 Genuenses

1940 5201 2183 5258 Andreas
2229 5205 2280 5257 et
2323 5201 2577 5266 Iacobus,
2637 5202 2847 5273 posteri
2901 5200 3172 5256 videlicet
3207 5199 3445 5255 illorum
3493 5203 3595 5253 aut

1942 5290 2105 5346 illius
2135 5289 2393 5361 quicum
2427 5288 2710 5347 Michaele
2755 5288 3072 5361 Palaaologo
3105 5291 3281 5361 priori
3324 5290 3392 5343 de
3425 5305 3594 5343 mon-

1943 5380 2020 5436 tis
2046 5380 2298 5435 Pbocaaaa
2329 5380 2591 5435 dominio
2619 5385 2999 5452 transegerat.
3035 5380 3197 5435 Unde
3246 5377 3598 5451 intelligitur

1945 5470 2102 5526 hunc
2151 5471 2326 5540 cujus
2375 5471 2648 5526 meminit
2695 5471 2803 5524 hoc
2853 5470 2976 5526 loco
3037 5470 3444 5542 Pacbymeres,
3496 5470 3596 5538 qui

1945 5560 2176 5632 primus
2209 5565 2470 5616 montem
2514 5560 2782 5615 Phocidis
2805 5559 3088 5614 beneﬁcio
3119 5561 3494 5631 imperatoris
3525 5562 3598 5613 ob

1946 5648 2149 5719 tinuit,
2173 5648 2505 5706 Manualem
2531 5649 2841 5705 Catanaam
2867 5650 3050 5706 fuisse
3081 5655 3371 5709 vocatum,
3413 5649 3596 5706 [ilium

1946 5737 2239 5797 Zacharia
2277 5738 2541 5797 Catanes:
2570 5739 2692 5796 sive
2713 5739 2970 5798 Catanei.
3006 5739 3351 5813 Reperimus
3381 5745 3438 5797 et
3485 5740 3597 5797 Ca-
