4218 6450
685 373 825 442 1139

1731 389 1796 440 p.
1835 387 2112 442 POBBINI
2148 356 2758 441 osanna-ion
2795 384 2930 439 us.
2969 373 3043 438 ti.

3950 387 4080 444 1141)

680 511 928 567 telusios
955 514 1232 566 vocatos:
1268 510 1404 566 nam
1431 509 1531 581 qui
1565 509 1731 565 multi
1767 511 1828 566 in
1870 505 2135 566 h'istdriis
2182 498 2320 565 cite-

2437 501 2555 568 τοῖς
2639 499 2831 579 ἄκροις
2897 501 3007 561 τῶν
3077 476 3367 582 ὕποδόχων
3439 511 3668 586 ἀγγείων
3713 509 4082 586 ⁴ιιῖεττειγομλενος

688 600 864 656 rioris
893 600 1081 654 aetatis
1110 598 1535 654 Catelusiorum
1569 598 1960 670 appellatione
1991 614 2323 654 memoran-

683 677 801 755 tur,
825 704 894 742 ex
922 688 1124 743 eadem
1157 703 1291 742 cum
1326 686 1592 742 Cataneis
1617 703 1746 742 esse
1779 678 2000 742 familia
2029 688 2187 742 certo
2207 684 2327 740 col-

682 775 889 847 ligitur
916 791 986 830 ex
1038 774 1348 830 collatione
1402 773 1698 831 variorum
1755 774 2016 830 locorum
2065 773 2324 841 Villanii,

685 859 918 920 Laonici
959 855 1016 918 et
1045 863 1293 919 aliorum
1326 861 1738 920 historicorum
1767 863 1869 934 Qui
1917 866 2009 918 ras
2040 863 2326 935 quingen-

683 959 877 1007 torum
909 957 1061 1007 retro
1091 937 1375 1007 annorum
1411 943 1630 1021 scripto
1659 951 1945 1022 complexi
2003 955 2164 1006 sunt.
2210 949 2326 1005 Nec

684 1059 829 1098 nova
861 1057 952 1096 res
982 1044 1070 1096 est
1096 1041 1311 1096 mutari
1342 1040 1562 1111 aliquid
1596 1041 1653 1094 in
1691 1040 2031 1094 nominibus
2082 1041 2325 1110 magna-

684 1146 816 1185 rum
838 1131 1287 1196 domuum,cum
1305 1129 1445 1184 olim
1467 1129 2016 1185 sciamnsCloantos
2034 1127 2093 1182 in
2117 1126 2324 1181 Cluen-

681 1220 817 1286 tios,
850 1219 1059 1274 Lamos
1089 1223 1149 1272 in
1184 1219 1433 1284 Lamias,
1468 1218 1712 1274 Clausos
1743 1218 1801 1272 in
1826 1216 2098 1272 Claudios
2120 1220 2177 1271 et
2197 1216 2324 1271 Clo-=

681 1308 827 1374 dios,
864 1306 1206 1362 Hortensios
1237 1308 1414 1362 etiam
1441 1307 1496 1360 in
1530 1306 1798 1361 Hortalos
1825 1305 2130 1371 transisse,
2167 1302 2326 1358 nullo

680 1396 739 1450 id
772 1395 831 1450 in
863 1401 1280 1466 argumentum
1319 1395 1584 1450 trahente
1635 1394 1866 1450 familiai
1924 1394 2202 1459 diversas;
2263 1397 2328 1447 ut

679 1485 950 1540 omittam
980 1484 1203 1539 similia
1231 1483 1488 1556 plurima
1518 1484 1738 1555 passim
1769 1485 2073 1539 observata
2105 1481 2161 1536 in
2205 1497 2326 1536 mee-

679 1574 868 1629 moria
897 1574 1284 1630 recentiorum
1317 1573 1578 1643 adeoque
1625 1572 1797 1628 hodie
1826 1571 2150 1643 vigentium
2182 1570 2326 1625 stirJ

678 1663 865 1735 pium.
889 1663 1014 1718 Non
1035 1663 1192 1718 enim
1213 1662 1302 1718 his
1323 1662 1623 1717 immorari
1651 1662 1813 1717 locus
1834 1666 1936 1715 aut
1975 1660 2325 1730 pmscripts

678 1751 980 1807 brevitatis
1010 1751 1152 1806 sinit
1175 1753 1403 1818 modus,
1442 1767 1616 1821 quem
1649 1751 1886 1822 quidem
1939 1750 2066 1819 jam
2125 1763 2328 1803 exoss-

2437 593 2465 650 6
2515 596 2699 668 ζωμὸς
2755 597 2842 650 καὶ
2899 597 3268 671 ὗπεραυγίζων
3325 598 3537 671 ὁμοίως
3592 599 3942 675 κρυστάλλῳ,
3976 607 4080 656 etc.

2435 685 2554 741 Hoc
2607 689 2696 741 est
2753 702 2820 741 ex
2879 687 3143 742 versione
3192 685 3484 745 Bulialdi:
3543 691 3606 745 In
3655 691 3914 758 Phocide,
3969 705 4084 760 qua:

2435 769 2612 832 Iohia
2659 773 2893 846 adjdcet,
2943 773 3099 831 moti:
3145 784 3273 832 erat
3315 777 3532 832 mctalli
3576 779 3848 834 aluminis
3889 780 4084 849 ferax:

2436 861 2724 934 euectiqu
2767 863 3002 934 lepida,
3046 863 3146 935 qni
3181 865 3242 919 tu
3287 867 3490 921 aeruca
3532 869 3755 935 meum,
3786 869 3846 922 in‘
3903 870 4086 938 ignem

2431 938 2698 1022 primum,
2753 941 3101 1021 potiriiodhm
3149 954 3209 1007 in
3265 957 3470 1023 aquam
3525 954 3687 1011 niqu
3738 955 3802 1011 in
3859 971 4088 1011 arenam

2434 1038 2877 1097 Boniﬁiriii‘n‘tui‘.
2935 1043 3073 1097 Haec
3113 1053 3186 1096 ea:
3236 1042 3356 1097 itii:
3411 1041 3689 1114 lapidibus
3735 1047 3974 1101 collecta
4029 1046 4088 1097 in

2435 1125 2699 1183 curabunt
2729 1131 2870 1200 aqua
2899 1130 3072 1185 mista
3109 1128 3436 1198 demittitur,
3470 1147 3535 1188 ac
3574 1135 3675 1189 ubi
3709 1147 3917 1204 parum
3945 1150 4089 1203 aqua

2435 1218 2641 1287 injecta
2669 1212 2896 1288 ferbuit,
2923 1221 3106 1273 arena
3137 1217 3365 1291 liqueﬁt.
3399 1221 3548 1289 Quod
3576 1221 3801 1278 demum
3841 1225 3926 1277 est
3947 1224 4085 1293 ejus,

2435 1303 2562 1377 5Πέ
2588 1307 2792 1374 δὶηὶίίέ,
2825 1305 2896 1360 ad
2950 1306 3172 1361 modum
3202 1307 3363 1364 lacti!
3411 1311 3471 1363 in
3531 1326 3748 1364 caseum
3802 1309 4090 1381 coagulati

2435 1385 2718 1450 servatur:
2752 1394 2896 1466 quod
2932 1396 3134 1450 duram
3162 1405 3216 1451 ει
3254 1401 3535 1466 terrestre,
3595 1403 3653 1453 ut
3685 1399 3887 1454 inutile
3943 1399 4091 1466 abii-

2435 1484 2599 1539 εὔαν.
2636 1477 2752 1555 Offa
2777 1485 2904 1538 vero
2929 1485 3032 1539 iud
3063 1487 3124 1539 in
3151 1485 3282 1541 vdsa
3314 1484 3517 1557 dimisi;
3557 1495 3659 1559 per
3708 1498 3949 1559 quatuor
3978 1488 4092 1542 dies

2437 1568 2499 1628 iit
2526 1571 2605 1628 eis
2633 1571 2870 1628 subsidit
2895 1581 2916 1640 ξ
2942 1574 3240 1647 pomaque
3275 1577 3425 1630 circa
3453 1591 3586 1631 ora:
3627 1588 3874 1632 summa:
3930 1593 4090 1632 vaso-

2435 1670 2564 1716 rum
2592 1655 2838 1738 concreta
2867 1662 3260 1736 splendequ
3287 1664 3357 1719 ad
3395 1655 3580 1720 instar
3633 1667 3888 1737 crystalli
3943 1682 4095 1736 repe-

2436 1746 2611 1819 ritur,
2643 1753 2752 1806 etc.
2784 1745 2938 1807 Batis
2987 1752 3142 1806 enim
3205 1750 3327 1808 haec
3384 1757 3525 1808 sunt
3575 1751 3642 1809 sd
3703 1752 4092 1810 indicandum

679 1840 828 1895 sisse
850 1854 943 1895 me
975 1839 1276 1910 paululum
1309 1839 1518 1904 sentio,
1583 1839 1828 1931 scilicet
1855 1838 2048 1893 officio
2093 1836 2323 1931 elatum
2361 1845 2407 1931 ﬂ
2437 1839 2611 1895 istius
2771 1839 3088 1931 memorati
3125 1842 3362 1931 laboris
3420 1844 3690 1931 modum.
3732 1846 4092 1910 Questqu

677 1929 828 2000 grati
861 1929 1040 1984 animi
1073 1944 1211 2001 erga
1235 1929 1516 1984 familiam
1563 1927 1956 1993 nobilissima,
2012 1927 2183 1997 cujus
2238 1939 2330 1981 ve-

683 2023 808 2074 tera
835 2018 1356 2090 illustrissimaque
1388 2023 1621 2073 exstant
1649 2026 1790 2089 erga
1830 2033 2019 2072 meam
2077 2015 2326 2086 patriam

685 2107 934 2164 Galliam
967 2108 1098 2163 ﬁdei
1130 2108 1667 2178 benevolentiaque
1692 2123 1806 2161 non
1838 2105 2099 2176 vulgaris
2119 2122 2329 2161 monu-

687 2202 905 2252 menta.
944 2197 1131 2252 Rufus
1171 2197 1406 2268 quippe,
1467 2195 1600 2251 aliis
1668 2196 1960 2261 Rufﬁnus,
2014 2198 2327 2264 Cataneus,

685 2291 1071 2358 cognomento
1102 2286 1187 2354 [P.
1241 2285 1365 2356 475]
1424 2286 1495 2341 de
1553 2285 1738 2354 Volta,
1783 2283 2034 2355 Philippi
2079 2283 2328 2354 Augusti

681 2375 879 2431 Gallias
909 2376 1060 2446 regis
1083 2375 1549 2431 archithalassus
1569 2376 1704 2439 fuit,
1735 2378 1792 2429 et
1821 2389 1955 2427 eum
1991 2379 2123 2442 post
2152 2389 2329 2443 expu-

676 2471 915 2534 gnatam
948 2464 1229 2519 Aoconem
1253 2464 1580 2534 deportavit
1610 2463 1669 2517 in
1699 2461 1994 2533 Apuliam;
2040 2465 2102 2514 ut
2127 2460 2326 2531 Rigor-

677 2555 788 2607 dus
820 2551 1264 2619 docetinlibre
1321 2554 1394 2608 De
1450 2553 1612 2622 gesti:
1669 2551 1920 2621 Philippi
1956 2549 2207 2620 Augusti,
2267 2565 2324 2620 pi

678 2642 799 2697 142.
833 2638 1100 2698 Salvator
1129 2643 1300 2698 etiam
1333 2643 1539 2698 Vitalis
1572 2643 1631 2696 in
1665 2642 1818 2697 678
1869 2640 2152 2696 Chronico
2193 2639 2328 2693 Cor-

677 2733 810 2788 sicae
842 2732 1041 2798 tradit,
1067 2733 1124 2786 in
1176 2733 1540 2803 expeditione
1571 2733 1627 2786 S.
1691 2730 1967 2786 Ludovici
2018 2746 2136 2801 qua
2174 2728 2327 2799 cepit

675 2820 999 2887 Pelusium,
1031 2827 1213 2876 unum
1247 2837 1314 2876 ex
1344 2823 1546 2877 eadem
1579 2821 1759 2891 stirpe
1804 2821 2191 2875 Cataneorum
2255 2817 2326 2870 de

675 2909 842 2964 Volta
873 2909 1025 2964 inter
1054 2912 1232 2964 duces
1261 2910 1551 2965 exercitus
1578 2911 1778 2965 fuisse.
1805 2911 1972 2963 Anno
1999 2909 2138 2962 item
2165 2905 2325 2961 Chri-

676 2982 751 3054 sti
784 2999 941 3069 1396,
975 3015 1108 3053 cum
1141 2999 1468 3055 Genuensis
1503 3015 1593 3054 res
1626 2998 1860 3070 publica
1901 2998 1960 3052 in
2002 2996 2161 3067 gravi
2218 3009 2324 3050 sue

675 3087 934 3159 periculo
961 3088 1360 3144 necessarium
1384 3089 1709 3144 censuisset
1755 3086 2046 3158 subjicere
2101 3102 2164 3139 se
2219 3083 2324 3138 im-

672 3177 834 3248 perio
864 3176 1049 3232 Caroli
1073 3177 1148 3232 VI
1182 3177 1336 3249 regis
1368 3176 1590 3242 Gallias,
1627 3177 1847 3232 missus
1871 3177 1938 3230 ad
1966 3174 2132 3230 illum
2157 3189 2320 3228 com-

673 3267 840 3321 muni
870 3265 1112 3321 consilio
1140 3265 1461 3322 Damianus
1502 3266 1786 3321 Cataneus
1805 3276 2043 3320 summa
2066 3264 2314 3335 pruden-

2447 1935 2614 2000 ‘p‘orro
2670 1919 3066 1987 distractionis
3120 1930 3299 2002 hujus
3354 1927 3568 1988 mercis
3613 1930 3851 1989 causam
3905 1931 4096 1988 Ducas

2447 2022 2578 2073 mox
2610 2024 2914 2089 memorat,
2947 2019 3101 2091 qnod
3135 2020 3371 2076 alumen
3405 2021 3761 2077 tinctoribus
3818 2037 4098 2076 necessa-

2445 2108 2599 2162 rium
2629 2109 2744 2164 sit:
2793 2113 2947 2161 ’Ἐστι
3005 2104 3062 2161 δὶ
3119 2107 3408 2182 ἀναγκαῖον
3466 2115 3663 2185 χρῆμα
3720 2103 4094 2170 δευσοποιοῖς.

2443 2193 2576 2261 Qun
2608 2197 2965 2253 conﬁrmant
2989 2196 3046 2253 id
3078 2197 3231 2269 qubd
3259 2195 3458 2254 uester
3478 2198 3649 2269 paulo
3673 2191 3926 2256 inferius
3958 2202 4103 2256 scri-

2443 2284 2566 2342 bit:
2599 2282 2731 2342 lnde
2754 2285 3026 2356 siquidem
3059 2283 3171 2342 irini
3221 2287 3440 2360 inferre
3488 2302 3749 2358 magnam
3811 2287 3905 2344 illi
3960 2289 4100 2359 (Ge-

2443 2375 2720 2447 nuenses)
2749 2377 3078 2431 consum-aii!
3107 2373 3273 2432 iitius
3305 2377 3502 2433 merci:
3532 2377 3861 2448 (aluminis)
3891 2378 4100 2434 vendi—

2443 2459 2573 2519 bilis
2606 2467 2663 2518 in
2693 2467 2910 2535 primis,
2969 2469 3234 2537 quoniam
3287 2460 3564 2538 plurimus
3609 2472 3771 2538 prout
3829 2467 4102 2539 hodieque

2439 2548 2711 2618 cei-nitur,-
2729 2554 2844 2621 eius
2871 2556 3004 2610 usus
3031 2559 3110 2610 est
3141 2555 3200 2608 in
3227 2558 3431 2626 panni:
3458 2573 3488 2611 ε
3545 2556 3678 2611 lana
3708 2565 3858 2612 texta
3917 2559 4103 2613 colore

2436 2641 2594 2696 vario
2623 2634 2776 2696 678
2795 2642 3060 2710 facundis
3093 2645 3191 2698 His
3221 2644 3499 2699 omnibus
3521 2646 3672 2699 addo
3696 2645 4100 2701 Cataneorum

2436 2729 2903 2799 imperitantium
2936 2727 3188 2786 Phocaea
3221 2733 3577 2788 mentionem
3623 2736 3799 2789 etiam
3859 2741 4102 2789 exstare

2437 2817 2591 2889 apud
2651 2811 3145 2886 Cantacuzenu'm,
3201 2821 3239 2875 l.
3270 2838 3333 2888 Il,
3376 2839 3405 2876 c
3436 2821 3527 2887 29,
3575 2822 3763 2893 p.290
3784 2824 3878 2877 ed.
3924 2823 4100 2894 Reg,

2436 2906 2848 2975 ‘uhleamdém,
2884 2912 2948 2962 ut
2979 2908 3237 2978 apparet,
3291 2908 3410 2964 rein
3462 2921 3711 2966 narrans
3741 2927 3927 2981 quam
3989 2929 4099 2967 su-

2436 2996 2632 3066 perius
2665 2992 2972 3051 retulimus
3003 3012 3033 3051 e
3056 2991 3332 3068 Gregora,
3369 2989 3676 3070 Mitylenes
3692 2997 3968 3055 videlicet
4000 3015 4098 3055 oc-

2433 3082 2803 3155 cupationem
2837 3088 2940 3155 per
2962 3087 3245 3141 Gataneos
3272 3083 3521 3142 Phocaeus
3561 3085 3792 3157 regulos
3852 3086 4099 3156 factam,

2432 3171 2492 3227 in
2523 3181 2589 3228 e'o
2622 3173 2853 3228 videtnr
2883 3187 2916 3229 ει
2962 3175 3216 3245 Gregorii
3251 3174 3609 3245 discrepare,
3651 3175 3804 3246 quod
3867 3176 4100 3232 factum

2429 3253 2484 3317 id
2521 3263 2826 3319 Dominico
2860 3265 3109 3319 Catenis:
3143 3265 3341 3320 Adrese
3400 3265 3515 3321 filis
3576 3264 3804 3330 tribuit,
3837 3282 3956 3320 non
3992 3283 4101 3321 an-

668 3357 752 3412 tia
810 3357 1055 3427 parique
1111 3354 1386 3411 felicitate
1445 3356 1745 3427 negotium
1805 3354 2075 3422 confecit,
2135 3353 2316 3408 relato
2422 3352 2672 3423 lemipsi
2706 3354 2945 3408 Andreas
2985 3350 3278 3408 etJacobo
3305 3354 3435 3424 ejus
3463 3352 3646 3408 fratri.
3691 3354 3888 3409 Verba
3938 3354 4100 3410 Can-

668 3446 910 3500 domum
942 3461 1011 3500 ex
1041 3444 1201 3516 regia
1231 3444 1422 3516 gratia
1452 3444 1623 3499 titulo
1655 3449 1831 3515 atque
1862 3444 2081 3498 honore
2127 3459 2317 3496 mare-

2433 3442 2682 3518 :acnzeni
2759 3441 2882 3496 hzec
2941 3442 3117 3498 sunt:
3169 3441 3502 3516 Ἠγγὲλλὰτσ
3563 3441 3638 3502 ὡς
3700 3442 4006 3514 Δομὲνικος
4070 3443 4098 3496 ὁ

665 3533 873 3588 schalli
905 3533 1180 3588 Francia.
1217 3534 1730 3604 Perseveraviiqae
1762 3533 2008 3588 affectus
2039 3533 2097 3586 in
2126 3536 2316 3602 poste-

2435 3523 2677 3602 Ανδρέου
2729 3534 2827 3582 toﬁ
2886 3529 3144 3600 Κατανία,
3204 3531 3265 3593 ’ὀς
3319 3528 3420 3598 τῆς
3469 3531 3592 3591 νέας
3649 3529 3912 3593 Φωκαίας
3945 3532 4099 3604 ἦρχε

668 3621 750 3677 ris
782 3639 897 3676 non
929 3624 1055 3677 sine
1087 3628 1306 3676 mutuas
1333 3633 1576 3693 regnum
1601 3620 2228 3691 benevolentissiguis
2255 3621 2317 3673 il-

2433 3615 2692 3679 Βασιλέως
2746 3615 3079 3693 παραδόντος
3131 3620 3266 3672 κατὰ
3295 3621 3482 3694 χάριν,
3532 3623 3629 3673 τοῦ
3675 3620 3886 3692 πατρὸς
3935 3621 4094 3691 αὐτῷ

665 3711 988 3778 lustribus;
1019 3713 1190 3781 quale
1224 3711 1333 3765 fuit
1366 3712 1521 3782 quod
1550 3711 1880 3766 Ludovicus
1913 3711 2036 3777 Xll,
2071 3709 2317 3765 solemni

2433 3708 2784 3769 ιποθανόντος
2833 3707 3187 3781 κληρονόμος
3217 3715 3318 3778 τῆς
3361 3707 3545 3770 οὐσίας
3575 3712 3867 3777 καταστὰς,
3903 3709 4091 3764 πλού-

669 3813 882 3873 pompa
913 3801 1175 3855 Genuam
1210 3802 1492 3866 invectus,
1521 3801 1721 3854 villam
1749 3800 2047 3855 Laurentii
2079 3799 2318 3854 Catanei

2433 3811 2534 3857 hoc
2579 3793 2635 3850 δὶ
2685 3797 2776 3865 ἦν,
2823 3801 2942 3858 τοῖς
2997 3799 3247 3870 χρήμασι
3303 3787 3561 3875 φυσηθεὶς
3609 3793 3813 3852 Λέσϐον
3859 3797 4092 3869 διανοη-

667 3892 795 3960 ejus
826 3890 1075 3944 invitatu
1112 3889 1540 3944 humanissime
1565 3890 1723 3955 visit,
1752 3888 2102 3945 delectatum
2130 3907 2190 3944 se
2213 3889 2314 3945 ho-

2433 3885 2537 3955 )‘sin
2611 3885 2895 3957 Ῥωμαίων
2951 3885 3290 3962 ἀφελόμενος
3346 3885 3485 3941 ἷδέαν
3553 3888 3728 3958 ἑαυτῷ
3779 3892 4094 3962 περιποιή-

668 3979 843 4049 spitio
882 3977 1217 4049 gratissime
1268 3979 1598 4048 praeferens.
1649 3982 1840 4044 Quare
1895 3979 1953 4033 in
2013 3979 2317 4034 occasione
2421 3986 2608 4038 σασθαι
2651 3973 2976 4049 ἡγεμονίαν,
3002 3982 3060 4032 et
3085 3982 3291 4032 Caetera
3323 3982 3451 4049 qius
3483 3978 3563 4034 ibi
3592 3978 3783 4049 pergit
3813 3995 4094 4045 narrare,

668 4067 1028 4138 legationum
1062 4069 1134 4150 ad
1161 4084 1325 4136 reges
1369 4068 1624 4123 Μαι]οωὶ
1655 4068 1893 4123 Catanei
1936 4085 1969 4122 a
1996 4067 2315 4122 Genuensi-
2421 4063 2640 4135 quibus
2671 4064 2896 4137 egregie
2927 4068 3359 4150 confirmantur
3387 4075 3514 4140 qua:
3566 4069 3637 4123 de
3687 4057 3952 4126 Phocaeae
3986 4072 4094 4126 do-

667 4158 778 4212 bus
813 4148 1180 4228 plerumque,
1215 4164 1278 4211 ut
1326 4157 1404 4211 ibi
1459 4158 1726 4227 gratiosi,
1793 4157 2164 4228 legebantur.
2223 4158 2314 4211 Sic
2424 4152 2600 4208 minis
2632 4148 3360 4227 beneficioimperatoru'm
3395 4157 3854 4228 Peleologorum
3913 4159 4092 4215 Cata-

2421 4241 2548 4296 neis
2580 4241 2862 4309 diximus,
2909 4246 3240 4301 necessario
3295 4246 3366 4301 ad
3427 4247 3818 4318 supplendam
3880 4249 3942 4303 in
3979 4250 4092 4305 hoc

2435 4330 2562 4385 loco
2594 4337 2806 4386 nostrae
2840 4333 3099 4388 historiae
3131 4331 3192 4403 [l‘
3240 4335 3362 4405 476]
3402 4333 3784 4402 ἀποσιώπησιν
3855 4338 4094 4409 Pachy-

2425 4421 2624 4488 meris,
2661 4421 2892 4476 familiae
2939 4439 3148 4477 nomen
3198 4425 3527 4478 omittentis
3588 4426 3646 4478 in
3693 4429 4093 4481 memorando

2425 4510 2690 4565 Manuele
2712 4511 3000 4566 Zacharias
3045 4512 3185 4576 filio,
3225 4513 3414 4582 primo
3454 4513 3702 4567 Phocaea:
3743 4527 4093 4584 possessore

2349 4587 2392 4663 Β
2424 4616 2490 4652 ex
2526 4600 2900 4655 conceSsione
2925 4600 3231 4656 Michaelis
3260 4599 3704 4671 Palaaologorum
3755 4601 3936 4673 primi
3973 4610 4013 4656 Α
4029 4622 4088 4658 u-

2425 4688 2607 4758 gusU.

666 4263 819 4302 anno
854 4247 990 4300 1499
1015 4247 1495 4317 Christophorus,
1528 4264 1681 4302 anno
1714 4248 1844 4301 1511
1893 4248 2151 4302 Thomas
2211 4250 2314 4302 Ca-

666 4335 845 4403 tanei,
881 4353 1033 4391 anno
1067 4337 1205 4390 1513
1238 4337 1391 4392 alius
1414 4336 1551 4390 item
1577 4337 1886 4401 Cataneus,
1914 4336 2088 4408 legati
2115 4336 2316 4391 Genua

667 4427 726 4479 in
760 4425 1006 4481 Galliam
1039 4428 1268 4483 venisse
1309 4430 1703 4500 reperiuntur.

651 4588 656 4594 .
729 4553 860 4621 Pag.
896 4552 1019 4617 4'20,
1055 4554 1337 4607 Aluminis
1371 4554 1595 4623 Ιοάιήεε.
1626 4554 1888 4619 Quishic
1945 4553 2112 4608 labor
2160 4547 2315 4608 esset

667 4645 724 4693 et
754 4646 1039 4711 quantum
1065 4659 1133 4696 ex
1164 4659 1229 4696 eo
1260 4635 1516 4711 lucrum,
1550 4643 1831 4698 discimus
1865 4661 1931 4697 ex
1980 4643 2158 4714 Duca,
2213 4644 2311 4714 qui

667 4729 1031 4784 domicilium
1069 4748 1131 4786 se
1153 4731 1432 4787 habuisse
1462 4733 1520 4786 in
1546 4733 1659 4787 ista
1691 4750 1837 4788 nova
1862 4733 2102 4788 Phocaea
2136 4735 2310 4799 proii-

667 4823 816 4887 tens,
842 4835 972 4889 quae
1004 4821 1175 4874 refert
1205 4829 1499 4891 spectasse
1529 4821 1717 4876 oculis
1759 4823 2053 4877 creditdr:
2095 4821 2180 4874 Ἐν
2241 4823 2310 4892 τῇ

666 4904 874 4959 Φωκίδι
908 4911 974 4979 τῇ
1008 4909 1142 4961 κατᾶ
1161 4909 1258 4976 τὴν
1293 4910 1496 4964 Ἰωνίαν
1532 4905 1660 4982 δρας
1691 4910 1756 4978 ἦν
1817 4909 1868 4963 ἐν
1931 4908 1976 4982 ᾧ
2037 4907 2309 4981 μέταλλον

662 4995 997 5068 στυπτηρίας
1058 4997 1316 5073 ὑπάρχει·
1373 4997 1463 5052 καὶ
1522 4998 1550 5051 ὁ
1610 4998 1764 5062 Λίθος
1796 4999 1935 5060 ἅπας
1983 5004 2080 5066 τῆς
2128 4999 2310 5072 ἀκρω-

660 5084 802 5157 ρείας
862 5088 992 5158 πυρὶ
1049 5090 1493 5160 προσομιλήσας,
1552 5088 1664 5142 εἶτα
1721 5085 1895 5154 ὕδατι,
1956 5087 2030 5148 ὡς
2080 5085 2308 5159 ψάμμος

656 5175 880 5246 γίνεται.
919 5176 1030 5243 Τὴν
1067 5171 1123 5230 δὲ
1153 5178 1257 5231 ἀπὸ
1308 5182 1405 5232 τοῦ
1453 5175 1609 5231 λίθου
1639 5177 1934 5250 γενομένην
1968 5179 2196 5249 ψάμμον
2231 5175 2307 5237 εἷς

657 5258 864 5333 λέϐητα
918 5266 1217 5340 βάλλοντες
1249 5267 1341 5320 σὺν
1382 5264 1558 5332 ὕδατι,
1591 5268 1678 5321 καὶ
1713 5265 2090 5341 καχλάζοντος
2123 5267 2183 5321 οὐ
2213 5268 2307 5321 τό·

2493 4851 2554 4899 Ρ.
2615 4848 2738 4901 421.
2802 4848 3013 4905 Vocem
3073 4848 3522 4921 ἐνσκευασάμενοι
3574 4869 3640 4906 ex
3691 4854 3964 4925 margine
4027 4858 4088 4912 in

2421 4942 2752 4992 contextum
2787 4938 2976 5004 intuli,
3018 4949 3307 5012 expuncto
3365 4938 3710 5012 νηϊσάμενοι,
3767 4944 3949 4999 verbo
4005 4947 4092 5001 ni-

2421 5026 2544 5081 hili.

2491 5193 2552 5243 P.
2587 5185 2710 5243 429.
2746 5192 2880 5254 Quae
2915 5187 3021 5246 hoc
3082 5208 3210 5263 cap.
3272 5194 3590 5248 narrantur
3637 5193 3706 5248 de
3751 5196 3941 5250 Maria
4002 5213 4094 5251 re-

2419 5279 2557 5349 gina
2586 5279 2870 5348 Bulgarize
2923 5280 2982 5333 in
3033 5281 3388 5336 avunculum
3453 5283 3895 5353 imperatorem.
3949 5288 4092 5342 odio

2419 5368 2579 5439 pacis
2615 5367 3002 5423 Ecclesiarum
3037 5373 3108 5424 ab
3141 5387 3207 5425 eo
3242 5378 3593 5440 procuratis,
3629 5376 3925 5429 concitare
3958 5377 4091 5429 sul-

2418 5463 2613 5510 tanem
2644 5457 2818 5527 Syriae
2877 5464 3145 5527 conante,
3207 5459 3404 5514 faciles
3461 5462 3780 5515 ostendunt
3830 5479 4088 5531 pravum

2421 5545 2935 5601 schismaticorum
2969 5547 3276 5602 animum:
3329 5547 3410 5602 uli
3461 5555 3519 5603 et
3564 5565 3688 5618 qua:
3745 5551 3938 5621 capite
3989 5569 4088 5607 se-

2421 5637 2621 5705 quenti
2644 5641 2700 5692 et
2733 5632 3010 5707 deinceps
3044 5645 3384 5704 narrantur,
3416 5655 3592 5711 quam
3655 5640 3938 5710 crudelis,
3974 5643 4087 5697 im-

2421 5730 2535 5794 pla,
2591 5719 2920 5782 facinerosis
2970 5723 3090 5782 nec
3141 5729 3354 5784 mulier
3401 5717 3575 5784 i'u‘erit
3625 5723 4084 5798 demonstrant;

656 5374 768 5424 σου,
872 5354 1138 5429 βληθεῖσα
1187 5359 1416 5429 ψάμμος
1450 5355 1750 5411 διαλύεταιο
1801 5357 1889 5409 καὶ
1922 5358 1982 5410 τὸ
2030 5357 2122 5427 μὶν
2157 5355 2308 5431 παχὺ

656 5443 743 5496 καὶ
805 5443 1063 5506 οὐσιῶδες
1127 5446 1292 5514 αὐτῆς
1352 5446 1401 5501 ἐν
1455 5453 1532 5517 τῷ
1587 5451 1756 5518 ζωμῷ
1818 5449 1978 5517 μένον

655 5529 918 5605 τυρῶδες,
962 5535 1023 5588 τὸ
1074 5536 1234 5610 ξηρὸν
1279 5535 1368 5589 καὶ
1416 5533 1617 5612 γεῶδες
1674 5535 1841 5604 αὐτῆς
1886 5531 1986 5605 ἔξω
2031 5536 2311 5611 ῥίπτουσιν

2043 5447 2117 5510 ὡς
2167 5447 2311 5520 γάλα

659 5621 734 5683 ὡς
781 5619 1081 5697 ἄχρηστον·
1138 5626 1228 5679 τὸν
1281 5622 1337 5679 δὲ
1373 5628 1552 5697 ζωμὸν
1606 5623 1683 5686 εἷς
1735 5625 1938 5699 σκάφας
1981 5627 2310 5699 κενώσαντες

660 5705 822 5786 ἄχρις
873 5716 1096 5788 ἡμερῶν
1145 5715 1415 5791 τεσσάρων
1472 5713 1861 5792 παραδρομὴν,
1893 5716 2198 5792 εὕρισκεται
2254 5697 2308 5774 ἐν
