4248 6438
200 391 337 447 1141

1795 396 2025 451 ΝΟΤΒ.

3471 396 3610 451 1142

197 533 380 587 quare
412 517 513 572 illa
539 517 881 588 protectrice
910 517 1302 575 schismsstici
1331 518 1577 576 rebelles
1598 518 1847 591 glorien-
1877 520 1932 585 Α
1962 516 2093 572 tinea
2120 515 2263 571 nihil
2283 515 2921 586 prohibeatquominus
2936 515 3602 587 aliquisducatuxorem

194 612 293 660 tur
325 605 483 670 licet,
516 605 696 676 digno
729 605 940 667 patella
970 606 1267 677 cperculo.

266 702 327 756 P.
362 703 483 757 436.
518 702 704 765 Quare
736 701 830 757 hic
862 707 1061 757 narrat
1080 704 1481 774 Pachymeres,
1514 723 1576 761 se
1604 706 1839 761 adhibi-

192 795 322 845 tum
353 790 425 845 ab
454 790 805 862 imperatore
849 792 920 846 ad
970 791 1121 847 clam
1155 791 1577 865 explorandum
1631 793 1840 867 ecquid

190 879 555 935 Theodosius
585 879 932 948 monachus,
963 880 1013 935 si
1061 880 1459 938 Antiochenus
1508 882 1842 953 patriarcha

193 969 377 1036 fieret,
410 968 738 1023 obstiturus
769 973 927 1024 esset
965 970 1197 1041 negotio
1252 971 1682 1027 conciliationis
1731 973 1838 1027 Ec-

189 1056 523 1122 clesiarum,
556 1073 677 1112 rem
731 1056 893 1112 illam
944 1073 1013 1112 ex
1060 1058 1313 1130 Augusti
1362 1060 1660 1115 sententis
1705 1076 1838 1132 ges-

190 1145 361 1211 sisse,
396 1146 716 1200 ostendunt
744 1144 901 1200 hunc
942 1152 1233 1216 nostrum,
1264 1148 1373 1203 etsi
1411 1150 1586 1204 tacito
1611 1150 1839 1219 judicio

189 1234 371 1288 animi
405 1234 709 1289 schismati
733 1234 970 1305 faveret,
997 1240 1060 1291 ut
1083 1235 1270 1291 multa
1290 1236 1702 1292 demonstrant
1729 1237 1837 1292 hui

176 1322 283 1392 jus
314 1322 565 1377 historiae
595 1322 743 1391 loca,
776 1328 973 1378 tamen
1006 1323 1385 1394 imperatoris
1417 1325 1680 1381 consiliis
1707 1326 1837 1395 ejus

188 1411 419 1482 generis
476 1410 634 1465 haud
676 1410 870 1481 palam
922 1412 1316 1467 adversatum.
1368 1414 1488 1469 Imo
1552 1413 1836 1486 suspicari

188 1500 336 1554 forte
402 1516 517 1553 non
570 1500 862 1554 immerito
913 1515 1224 1570 possemus
1276 1518 1410 1556 eum
1460 1502 1690 1557 vivente
1741 1503 1838 1557 Mi-

186 1588 385 1643 chaele
414 1604 547 1643 vere
576 1593 633 1642 et
662 1605 731 1642 ex
763 1588 942 1642 animi
977 1590 1066 1643 sui
1102 1591 1394 1644 sententia
1428 1591 1639 1645 favisse
1684 1591 1833 1663 paci,

181 1677 284 1731 sed
333 1678 608 1732 eumdem
664 1676 974 1731 historlam
1024 1677 1236 1732 deinde
1295 1678 1446 1733 hanc
1479 1678 1831 1735 scribentem

182 1766 294 1819 sub
327 1764 681 1828 Andronico,
714 1764 814 1836 qui
851 1782 913 1820 se
945 1766 1153 1820 iterum
1188 1784 1221 1822 a
1269 1767 1534 1823 Romana
1582 1768 1835 1825 Ecclesia

1944 622 2205 660 sororem
2246 605 2446 658 uxoris
2484 604 2679 659 fratris
2725 604 2855 660 sui:
2902 604 3084 660 altera
3111 607 3263 676 quod
3302 606 3358 661 in
3391 626 3603 665 nnme-

1946 695 2145 750 randis
2176 693 2539 765 cognationis
2567 698 2625 748 et
2664 693 2969 747 afﬁnitatis
3000 694 3281 763 gradibus
3327 703 3599 766 parentes

1943 800 2101 839 nunc
2130 799 2243 838 non
2275 783 2665 852 imputantur,
2700 782 2801 837 sed
2833 781 3060 852 primus
3102 783 3323 853 gradus
3373 787 3599 841 consti-

1941 873 2212 929 tuaturin
2233 870 2773 939 fratribus,cum,ut
2800 871 3188 926 numerathoc
3221 870 3346 927 loco
3371 879 3590 945 noster,

1944 976 2182 1016 necesse
2239 960 2315 1014 sit
2371 959 2631 1031 primum
2691 960 2938 1030 gradum
2988 964 3252 1031 respectu
3304 962 3486 1032 patris
3528 980 3594 1019 ac

1944 1049 2151 1105 matris
2197 1047 2359 1119 poni,
2444 1048 2773 1103 secundum
2861 1054 3130 1119 respectu
3199 1049 3447 1105 fratrum
3521 1068 3588 1107 ac

1943 1154 2234 1194 sororum.
2268 1137 2362 1192 Sic
2391 1136 2547 1192 enim
2580 1136 3176 1207 tantumNicepborus
3201 1137 3587 1210 despota,qui

1945 1228 2125 1283 ﬁliam
2157 1227 2373 1283 sororis
2413 1226 2785 1297 imperatoris
2818 1228 2874 1281 in
2911 1227 3285 1283 matrimonio
3319 1229 3589 1299 habebat,

1944 1318 2015 1373 ab
2046 1316 2237 1388 ipsius
2273 1314 2646 1387 imperatoris
2678 1314 2797 1368 ﬁlia
2830 1320 3035 1385 quarto
3069 1316 3377 1372 afﬁnitatis
3408 1320 3596 1389 gradu

1942 1407 2164 1461 distare
2191 1409 2441 1477 poterat,
2476 1408 2651 1474 prout
2679 1402 2773 1458 hic
2804 1403 3039 1457 dicitur.

2013 1516 2074 1567 P.
2109 1513 2233 1567 448.
2286 1511 2512 1580 Quando
2578 1513 2808 1567 ducente
2854 1513 3058 1567 Isaacio
3121 1514 3390 1584 Augusto,
3465 1520 3575 1570 etc.

1940 1603 2077 1658 Rem
2130 1600 2224 1658 hic
2275 1600 2591 1656 indicatam
2642 1600 2769 1655 fuse
2813 1617 3058 1655 narrans
3094 1600 3378 1673 Georgius
3410 1606 3586 1659 Acro-

1942 1690 2537 1763 polita)Hist0riwsute
2571 1705 2619 1743 c.
2654 1690 2815 1760 tt,p.
2852 1690 3037 1754 10,ed.
3063 1690 3229 1762 Reg.)
3264 1691 3320 1745 in
3346 1709 3585 1749 summa

1939 1781 2108 1835 docet
2158 1779 2448 1835 lsaacium
2490 1782 2814 1848 Augustum
2877 1778 2933 1832 in
2982 1778 3285 1849 Bulgaros,
3331 1782 3431 1851 qui
3478 1799 3585 1836 au-

180 1853 432 1909 abscidit
465 1854 733 1908 rescissis
766 1855 1028 1925 paternis
1061 1854 1228 1923 actis,
1280 1857 1533 1913 servisse
1581 1855 1830 1930 tempori
1865 1868 1909 1932 Β
1941 1874 2064 1925 tom
2111 1868 2443 1924 rebellionis
2492 1872 2684 1922 Agaue
2720 1885 2753 1922 θ,
2800 1885 2862 1923 se
2930 1869 3282 1936 defecerant,
3339 1871 3585 1941 expedi-

180 1942 510 1998 revolutum
544 1943 601 1997 in
638 1942 957 1999 familiares
988 1960 1238 1999 errores.

255 2046 316 2097 P.
344 2042 465 2095 440.
502 2042 593 2095 Ex
639 2041 943 2096 canonibus
974 2042 1249 2112 quondam
1290 2055 1323 2097 α
1353 2042 1534 2099 Sisino
1578 2044 1833 2116 perlatis.

182 2130 310 2187 Non
352 2134 440 2185 est
469 2129 562 2184 hic
593 2130 847 2185 Sisinius
878 2129 979 2184 ille
1011 2131 1294 2201 antiquus
1341 2132 1830 2204 Constantinopo-

177 2218 400 2273 litanus
463 2217 816 2286 patriarcha,
873 2219 971 2290 qui
1026 2234 1181 2274 anno
1225 2220 1440 2276 Christi
1491 2222 1593 2275 426
1641 2222 1830 2277 Attico

176 2308 464 2363 successit
497 2312 559 2363 ut
591 2313 789 2362 narrat
822 2309 1123 2379 Socrates,
1151 2308 1189 2364 l.
1224 2326 1322 2377 vn,
1343 2326 1391 2365 ο.
1417 2312 1508 2375 26,
1530 2308 1630 2366 aed
1657 2311 1829 2377 alius,

177 2403 244 2452 ut
276 2402 543 2469 apparet,
593 2396 761 2466 longe
795 2398 1095 2468 posterior,
1128 2399 1230 2470 qui
1264 2416 1418 2455 anno
1467 2400 1670 2455 christi
1724 2401 1832 2455 995

176 2487 418 2542 Nicolao
450 2486 837 2557 Chrysobergi
863 2487 1146 2543 suffectus
1176 2487 1437 2544 est.Nam
1470 2484 1630 2545 hunc
1652 2483 1828 2546 Joan-

179 2592 287 2631 nes
316 2574 698 2646 Curopolates
729 2575 892 2631 680
924 2572 982 2630 in
1007 2576 1156 2645 Hist,
1186 2578 1257 2632 ad
1289 2594 1423 2633 ann.
1454 2578 1659 2634 mundi
1689 2580 1831 2635 6503

176 2670 429 2721 testatur
458 2680 714 2720 canones
744 2665 817 2719 de
852 2666 1243 2722 matrimoniis
1274 2667 1558 2723 sanxisse.

250 2770 399 2827 Ibid.
429 2770 639 2827 Gradus
665 2770 983 2841 afﬁnitatis.
1016 2777 1187 2827 Anna
1217 2767 1337 2827 tilia
1369 2771 1675 2829 Michaelis
1706 2778 1828 2830 Au-

177 2860 359 2933 gusti,
386 2876 607 2930 sponsa
639 2859 935 2915 destinata
975 2858 1241 2917 Michaeli
1289 2856 1567 2933 despote,
1619 2869 1829 2935 quarto

181 2947 718 3021 consanguinitatis
748 2945 935 3020 gradu
992 2948 1373 3022 contingebat
1408 2950 1636 3007 Annam
1688 2952 1830 3009 altae

186 3055 336 3104 ram,
370 3037 551 3093 ﬁliam
587 3037 805 3093 sororis
830 3037 1010 3109 patris
1041 3038 1155 3104 sui,
1200 3043 1443 3110 nuptam
1502 3040 1828 3113 Nicephoro

176 3131 459 3197 despotaa,
512 3124 816 3181 Michaelis
870 3126 1124 3198 despotee
1202 3138 1531 3199 germano;
1579 3126 1637 3185 et
1685 3130 1828 3201 quia

1941 1961 2097 2015 tione
2126 1963 2389 2029 sucepta,
2428 1959 2678 2012 Asanem
2728 1972 2862 2012 cum
2908 1957 3195 2027 praesidiis
3244 1963 3370 2013 arta
3420 1960 3580 2014 obsi-

1940 2049 2111 2103 dione
2134 2048 2387 2103 cinxisse
2410 2047 2565 2101 intra
2595 2046 2941 2119 Oppidulum
2975 2048 3317 2102 Strinobum
3338 2050 3585 2120 dictum,

1938 2136 2087 2197 ἰντὸς
2146 2138 2243 2189 τοῦ
2303 2132 2599 2209 πολιχνίου
2661 2135 2723 2188 οὗ
2782 2132 2848 2202 δὴ
2908 2136 2970 2189 τὸ
3026 2132 3201 2205 ὄνομα
3268 2132 3587 2208 Στρὶνοὸος’

1940 2227 2186 2280 Videtur
2233 2224 2593 2297 amplificata
2669 2224 2882 2279 deinde
2940 2225 3011 2279 ab
3099 2228 3285 2281 Asane
3362 2227 3584 2285 victore

1940 2317 2061 2372 haec
2117 2316 2342 2384 civitas,
2418 2316 2634 2386 quippe
2710 2330 2887 2385 quam
2971 2320 3170 2371 noster
3253 2317 3587 2374 Ternobum

1937 2423 2172 2476 vocans,
2250 2404 2470 2476 regiam
2560 2403 2842 2474 Bulgaria
2924 2405 3124 2468 urbem
3199 2406 3383 2461 fuisse
3469 2424 3584 2462 non

1939 2493 2119 2550 semel
2193 2494 2434 2549 indicat.
2521 2493 2711 2565 Pergit
2781 2493 3116 2563 Acropolita
3172 2494 3389 2561 dicere,
3446 2512 3583 2553 cum

1937 2584 2093 2639 680
2124 2582 2182 2637 in
2213 2588 2471 2638 extremo
2502 2581 2843 2637 discrimine
2874 2597 2966 2637 res
2980 2583 3185 2638 Asanis
3217 2587 3272 2639 et
3303 2584 3582 2657 Bulgaro-

1937 2689 2065 2729 rum
2097 2676 2316 2740 essent,
2340 2687 2483 2740 quos
2510 2687 2582 2726 ne
2610 2671 2670 2726 in
2703 2670 2906 2726 Isaacii
2945 2671 3186 2741 Augusti
3228 2677 3579 2743 potestatem

1937 2779 2071 2818 mox
2102 2763 2365 2817 venirent
2392 2759 2556 2816 nulla
2586 2776 2680 2815 res
2704 2759 3009 2831 prohibere
3038 2760 3385 2818 humanitus
3419 2768 3579 2833 pote-

1935 2857 2046 2919 rat,
2106 2852 2319 2907 exiisse
2382 2851 2457 2906 ab
2482 2852 2623 2905 urbe
2672 2851 2911 2906 obressa
2988 2851 3309 2921 quemdam
3385 2854 3582 2923 specie

1936 2943 2321 3012 transfugam,
2364 2941 2463 3011 qui
2494 2939 2716 3011 trepide
2744 2939 3084 3010 imperatori
3118 2940 3421 2997 nuntiaret
3450 2958 3585 2998 mox

1934 3031 2266 3103 irrupturos
2288 3030 2347 3084 in
2367 3029 2496 3099 ejus
2516 3032 2708 3083 castra
2732 3028 2989 3084 maxime
3022 3043 3266 3083 numero
3288 3030 3535 3102 Scythas
3562 3050 3577 3086 :

1935 3135 2050 3190 quo
2074 3116 2172 3172 ille
2200 3116 2417 3172 indicio
2437 3115 2743 3187 perculsus
2766 3119 2934 3171 nocte
2956 3120 3193 3187 repente
3210 3116 3581 3173 obsidionem

174 3216 539 3288 Nicephorus
569 3221 629 3271 et
658 3214 821 3271 Anna
850 3217 1147 3288 conjuncti
1172 3216 1548 3274 matrimonio
1580 3237 1682 3291 pro
1711 3231 1826 3277 Uno
1859 3235 1902 3302 ρ
1940 3206 2172 3302 ἢοΙνθΠθ
2196 3207 2346 3302 {if-Sit
2375 3206 2447 3302 fib
2479 3204 2691 3302 9_PPid_°
2722 3205 3001 3302 ιξοδιτίάβθ
3023 3205 3311 3302 dede-fido:
3331 3211 3385 3302 θξ
3419 3207 3581 3302 θάιξε·

174 3306 592 3371 censebantur,
650 3305 828 3361 etiam
900 3302 1228 3377 Nicephoro
1286 3312 1344 3362 et
1394 3313 1826 3379 consequenter

170 3394 440 3449 Michaeli
499 3394 630 3464 ejus
663 3392 829 3449 fratri
890 3391 1132 3450 totidem
1189 3394 1494 3450 affinitatis
1544 3398 1825 3466 gradibus

168 3484 620 3538 admovebatur.
656 3487 835 3537 Porro
868 3483 1119 3538 Michael
1152 3487 1330 3539 Anna:
1362 3486 1529 3540 uxori
1572 3479 1666 3541 sui
1702 3485 1823 3542 fra-

165 3572 279 3628 tris
310 3571 617 3627 afﬁnitatis
640 3571 826 3642 gradu
846 3572 1540 3645 secundojungebantur,
1556 3576 1695 3645 Quia
1717 3593 1823 3633 suo

170 3678 457 3735 germano
477 3662 607 3732 ejus
628 3661 751 3716 viro
784 3662 1043 3717 secundo
1074 3662 1608 3733 consanguinitatis
1638 3666 1825 3735 gradu

165 3754 418 3824 junctus
449 3750 919 3813 erat.Afﬁnitatis
949 3751 1170 3822 quippe
1199 3755 1441 3823 gradus,
1478 3756 1542 3806 ut
1570 3751 1825 3823 theologi

177 3844 237 3894 et
255 3838 413 3909 juris
445 3839 711 3893 canonici
761 3839 1014 3894 consulti
1049 3838 1168 3893 hac
1218 3843 1540 3895 tractantes
1594 3841 1825 3911 docent,

178 3930 307 4001 pari
340 3946 517 4001 passu
551 3934 885 4001 sequuntur
911 3931 1131 4001 gradus
1163 3932 1717 4002 consanguinitatis.
1752 3935 1828 3987 Ut

174 4035 312 4090 ergo
354 4019 883 4088 consanguinitatis
931 4020 1161 4091 primus
1211 4020 1432 4091 gradus
1470 4025 1559 4075 est
1590 4022 1686 4091 qui
1720 4038 1827 4092 pa-

173 4114 374 4163 rentes
434 4109 589 4163 inter
634 4113 692 4163 et
742 4108 956 4163 liberos
1006 4108 1339 4177 intercedit,
1382 4110 1678 4165 secundus
1711 4111 1827 4165 fra-

179 4203 341 4252 trum
372 4197 443 4251 ad
478 4196 711 4263 fratres,
744 4197 957 4252 tertius
989 4197 1187 4253 fratris
1236 4197 1527 4254 sororisve
1573 4198 1828 4255 filiorum

175 4287 249 4341 ad
285 4291 546 4358 patruos,
579 4285 1143 4352 avunculos,amitas
1174 4292 1231 4341 et
1257 4291 1627 4357 materteras,
1656 4280 1828 4359 quar-

180 4381 277 4431 tus
309 4376 796 4431 consobrinorum
831 4376 903 4431 ad
936 4376 1429 4440 consobrinos,ita
1450 4382 1506 4430 et
1521 4377 1829 4433 afﬁnitatis

173 4468 567 4519 numerantur
616 4465 906 4533 totidem;
956 4464 1162 4535 quales
1216 4478 1413 4519 revera
1464 4465 1523 4519 in
1569 4465 1678 4520 hac
1710 4465 1831 4522 ﬁlia

178 4553 490 4608 Michaelis
523 4553 765 4623 Augusti
794 4558 1060 4625 respectu
1107 4553 1310 4623 sponsi
1341 4551 1392 4609 ei
1416 4554 1689 4609 destinati
1724 4555 1830 4609 Mi-

175 4644 401 4699 chaelis
432 4644 689 4714 despotae
723 4644 1384 4700 numerabantur.Unde
1414 4662 1482 4701 ex
1516 4645 1620 4700 hac
1654 4651 1839 4716 parte,

180 4739 246 4788 ut
303 4734 383 4787 ait
455 4734 797 4802 historicus,
862 4742 1117 4807 quatuor
1145 4739 1313 4790 erant
1351 4732 1686 4789 συνοικεσίου
1717 4737 1837 4791 sive

181 4822 493 4878 afﬁnitatis
553 4824 797 4893 gradus,
846 4840 911 4879 ex
967 4828 1129 4895 parte
1178 4840 1313 4879 vero
1377 4824 1575 4894 sponsi
1648 4825 1835 4896 ipsius

176 4909 482 4966 Michaelis
516 4912 774 4982 despotic
799 4917 1071 4983 respectu
1102 4912 1299 4967 fratris
1342 4913 1473 4982 ejus
1524 4912 1832 4984 Nicephori

174 5005 236 5055 et
284 5000 414 5069 ejus
474 5001 743 5073 conjugis
792 5004 970 5056 Anna
1023 5006 1171 5056 nata:
1203 5018 1273 5057 ex
1302 5018 1499 5057 sorore
1532 5002 1833 5058 Michaelis

175 5090 455 5160 Augusti,
514 5091 668 5159 duo;
725 5091 865 5161 quia
915 5096 980 5145 ut
1023 5090 1087 5160 (Ρ
1118 5091 1246 5162 477)
1297 5092 1834 5162 consanguinitatis

173 5180 364 5251 gradu
397 5180 658 5234 secundo
690 5182 1151 5235 connectebatur
1182 5181 1362 5235 frater
1394 5181 1579 5247 fratri,
1626 5183 1704 5236 ita
1737 5199 1830 5237 seu

177 5269 374 5324 cundo
426 5271 641 5337 pariter
694 5272 1001 5345 afﬁnitatis
1068 5261 1253 5340 gradu
1319 5272 1836 5343 conjungebantur

175 5360 325 5414 levir
373 5365 430 5414 et
498 5361 723 5416 fratria.
762 5363 888 5416 llaec
921 5376 1088 5416 mens
1121 5362 1299 5430 hujus
1349 5360 1455 5416 ioci
1517 5369 1646 5430 est;
1682 5366 1836 5418 circa

173 5464 355 5521 quem
414 5453 671 5505 notanda
697 5452 853 5506 venit
883 5451 1097 5520 duplex
1130 5451 1465 5506 Graecorum
1490 5451 1651 5507 illius
1686 5458 1827 5507 tem-

172 5546 337 5618 poris
369 5564 402 5600 a
436 5546 655 5603 Latinis
703 5550 1004 5604 horliernis
1060 5549 1476 5619 discrepantia.
1531 5550 1695 5604 Prior
1742 5554 1833 5605 est

172 5638 359 5709 quod,
383 5643 446 5693 ut
481 5640 617 5694 hinc
642 5642 1075 5712 apparet,apud
1113 5641 1341 5695 Graecos
1386 5646 1527 5695 tunc
1576 5640 1832 5696 afﬁnitas

172 5728 528 5783 afﬁnitatem
558 5730 841 5801 pariebat,
877 5746 1012 5786 cum
1044 5730 1105 5785 in
1138 5729 1390 5800 usujam
1424 5727 1691 5786 Ecclesiae
1728 5731 1833 5787 La-

1942 3298 2074 3352 dem
2108 3294 2424 3366 proditoris
2448 3296 2622 3348 etiam
2646 3294 2704 3348 in
2731 3294 2877 3364 fuga:
2901 3294 2994 3348 via
3013 3294 3326 3349 consilium
3354 3296 3586 3352 fraudu-

1934 3385 2158 3440 lentum
2190 3400 2444 3455 sequens
2478 3400 2540 3439 se
2569 3399 2828 3453 suosque
2859 3383 3109 3452 conjecit
3140 3383 3198 3437 in
3249 3386 3578 3456 angustias,

1936 3474 2032 3529 ubi
2098 3488 2231 3527 mox
2277 3472 2513 3544 plurimi
2572 3489 2605 3526 a
2650 3471 2853 3543 paucis
2902 3473 3115 3527 misere
3163 3472 3389 3543 opressi
3442 3479 3582 3529 sunt

1937 3562 2335 3634 Bulgaris,qui
2359 3579 2426 3617 ex
2457 3562 2780 3633 composito
2811 3562 2865 3615 in
2892 3560 3321 3616 circumventos
3351 3562 3579 3618 irruen-

1936 3657 2025 3707 tes
2064 3656 2358 3707 Romanos
2410 3651 2720 3722 plerosque
2767 3650 3019 3715 caedunt,
3062 3650 3415 3720 imperatore
3443 3669 3580 3707 cum

1938 3756 2052 3796 non
2088 3740 2287 3795 multis
2318 3755 2466 3811 aegre
2497 3755 2558 3795 se
2590 3739 2646 3793 in
2681 3744 2874 3793 tutum
2908 3738 3242 3809 recipiente,
3276 3739 3436 3793 omni
3487 3757 3583 3810 ap-

1940 3832 2145 3900 paratu
2179 3833 2237 3883 et
2269 3827 2645 3898 imperatoria
2677 3825 3028 3895 supellectili
3062 3825 3329 3880 hostibus
3358 3826 3580 3882 relicta.

1939 3917 2007 3973 Οἱ
2038 3912 2115 3987 δὶ,
2148 3917 2232 3972 ait
2286 3915 2641 3987 Acropolits,
2676 3910 3027 3976 διασωθέντες
3087 3914 3220 3985 μετά
3272 3917 3368 3967 τοῦ
3431 3914 3591 3986 βασι-

1939 4003 2079 4065 λὲως
2131 4003 2333 4079 γυμνοί
2389 4023 2447 4057 τε
2500 4004 2634 4072 ἦσαν
2690 4002 2780 4056 καὶ
2833 4000 3013 4076 ὀλίγοι
3073 4003 3249 4058 πάνυ.
3312 4003 3587 4066 Ἐντεῦθεν

1941 4093 2217 4171 ἑφυσιώθη
2274 4092 2337 4147 τὸ
2365 4096 2471 4146 τῶν
2504 4090 2837 4165 Βουλγάρων
2884 4089 3055 4169 φῦλον
3088 4088 3236 4145 λείαν
3268 4089 3489 4160 πολλὴν
3533 4090 3593 4146 ἐκ

1980 4190 2003 4198 -
2097 4184 2110 4203 .
2294 4182 2304 4203 ,
2563 4188 2588 4198 η
2698 4190 2711 4212 ι
2758 4181 2770 4197 ς
2868 4180 2881 4196 .
2968 4182 2980 4199 ς
3108 4181 3122 4199 ς
3182 4179 3195 4198 ς
3314 4185 3338 4194 -

1938 4205 2047 4240 των
2117 4189 2382 4255 Ρωμαίων
2425 4179 2691 4255 κερδησαν
2746 4178 2891 4235 αλλα
2922 4177 2989 4249 δη
3038 4201 3125 4234 και
3179 4200 3238 4235 εκ
3276 4201 3381 4233 των
3438 4181 3590 4255 βασι-

1943 4273 2114 4330 λικῶν
2172 4274 2514 4347 παρασήμων
2566 4272 2631 4325 τὰ
2686 4270 3017 4343 τιμιώτερα·
3075 4270 3170 4332 τάς
3226 4290 3285 4324 τε
3341 4271 3443 4345 γὰρ
3493 4273 3590 4323 τοῦ

1948 4362 2218 4438 βασιλὲως
2287 4359 2599 4437 πυραμίδας
2666 4354 2995 4415 ἀνιλάϐοντο
3070 4358 3161 4413 καί
3228 4356 3426 4436 φιάλας
3484 4364 3592 4413 τῶν

1945 4453 2231 4526 ἆπισήμων
2290 4456 2379 4506 καὶ
2439 4455 2635 4525 χρῆμα
2691 4449 2766 4511 εἷς
2826 4447 3039 4518 πλῆθος
3087 4448 3176 4503 καὶ
3207 4448 3366 4503 αὐτὸν
3400 4446 3466 4517 δή
3497 4450 3589 4503 τὸν

1949 4542 2230 4620 βασιλικὸν
2261 4540 2513 4616 σταυρόν,
2544 4546 2654 4597 etc.
2688 4541 2819 4596 Hac
2868 4546 3011 4595 sunt
3066 4557 3195 4610 quae
3254 4545 3454 4596 noster
3499 4539 3593 4594 hic

1948 4640 2115 4689 vocat
2137 4632 2386 4702 insignia
2410 4630 2653 4703 imperii.
2696 4631 2756 4684 In
2788 4630 3007 4699 quibus
3028 4629 3185 4700 quod
3215 4627 3309 4689 τὰς
3340 4631 3438 4681 τοῦ
3491 4628 3592 4701 βα-

1947 4720 2146 4783 σιλέως
2174 4717 2487 4796 πυραμίδας
2521 4718 2877 4791 imperatoris
2903 4719 3222 4789 pyramides
3264 4718 3596 4789 Acropolita

1947 4819 2238 4879 numerat,
2273 4812 2470 4866 lumen
2501 4810 2714 4881 accipit
2745 4826 2812 4865 ex
2843 4809 2956 4864 alio
2988 4810 3117 4880 ejus
3149 4808 3297 4875 loco,
3349 4809 3485 4863 Hist.
3540 4826 3591 4863 c.

1946 4904 2034 4970 40,
2062 4920 2117 4973 p.
2151 4902 2241 4965 36,
2274 4901 2374 4955 ubi
2403 4900 2472 4955 de
2502 4900 2803 4955 Theodoro
2829 4898 3044 4969 Angela
3076 4898 3309 4966 imperii
3338 4896 3595 4967 insignia

1945 4993 2271 5063 deponente
2300 4991 2385 5045 sic
2440 4990 2681 5044 scribit:
2724 4988 2797 5039 Τὰ
2831 4986 2925 5057 μὶν
2985 4986 3085 5061 γὰρ
3145 4984 3341 5059 ἐρυθρὰ
3394 4982 3594 5039 πέδιλα

1943 5074 2288 5134 ἀπεϐἀλλετο
2319 5079 2409 5133 καὶ
2447 5079 2549 5146 τὴν
2600 5076 3009 5151 περίμαργαρον
3061 5074 3365 5149 πυραμίδα,
3417 5076 3490 5136 εἴς
3525 5078 3588 5144 ἣν

1944 5171 2033 5223 καὶ
2093 5168 2245 5231 λίθος
2335 5167 2702 5241 ὑπερκάθηται
2772 5165 3049 5229 κόκκινος,
3114 5164 3373 5240 βασιλικὰ
3428 5169 3596 5218 ταῦτα

1947 5255 2347 5332 σ·5μϐολα.ΗΟε
2379 5264 2469 5315 est
2491 5278 2557 5315 ex
2590 5258 2851 5314 versione
2875 5256 3200 5312 doctissimi
3222 5257 3591 5327 interpretis:

1946 5354 2189 5422 Namque
2220 5351 2378 5405 rubri
2399 5352 2572 5404 calcei
2600 5346 2836 5415 dimissi,
2870 5358 2919 5402 et
2953 5347 3253 5401 unionibus
3283 5349 3596 5400 interstinc-

1945 5452 2002 5498 ta
2032 5441 2301 5513 pyramis,
2334 5457 2498 5511 super
2528 5457 2689 5510 quam
2724 5440 2864 5509 lupis
2894 5438 3097 5491 rubans
3127 5438 3426 5501 emicabat,
3474 5451 3596 5506 quin

1945 5534 2335 5603 imperatorum
2359 5532 2613 5599 insigneu
2643 5538 2789 5582 sunt.

2018 5640 2193 5709 Capp.
2250 5639 2314 5692 10
2346 5644 2402 5691 et
2434 5640 2520 5693 11.
2584 5639 2717 5702 Qua:
2777 5636 2871 5690 hic
2924 5641 3241 5689 narrantur
3290 5636 3361 5687 de
3410 5632 3596 5686 νιξοεο

1948 5728 2131 5785 libere
2200 5743 2445 5783 causam
2523 5741 2846 5798 pauperum
2934 5724 3155 5794 injuste
3221 5738 3595 5795 opressorum
