4248 6438
651 435 792 489 1143
1696 440 1754 490 Ρ.
1800 436 2072 491 POSSINI
2113 435 2325 488 OBSEI

2429 435 2734 490 LTIONUM
2772 437 2905 490 LIB.
2945 440 3016 491 II.
3945 444 4076 498 1144

659 561 870 629 agente
892 573 1024 612 cum
1059 562 1347 630 Augusto,
1383 575 1415 612 a
1445 575 1560 629 quo
1587 574 1654 612 ea
1701 557 2005 613 occasione
2045 556 2299 627 pessime
2333 557 2385 622 Α
2418 555 2528 620 nis,
2590 573 2762 626 quam
2822 559 3100 613 Arsenius
3141 560 3390 615 libenter
3421 562 3616 629 dabat,
3651 564 4079 632 exprimeretur

657 647 1251 717 tractabatur,palam
1285 649 1607 703 ostendunt
1637 662 1814 718 quam
1842 646 1939 700 ille
1964 647 2048 700 vir
2071 645 2296 698 alienus
2406 643 2711 714 indignum
2740 663 2874 700 eum
2908 649 3232 702 sacerdotio
3281 650 3484 716 fuisse,
3520 648 3730 718 ἀνάξιον
3776 658 3877 718 τῆς
3912 653 4076 724 ἱερω-

660 736 732 790 ab
765 735 928 789 omni
961 736 1299 790 adulatione
1335 737 1529 801 fuerit,
1555 740 1610 789 et
1637 752 1813 806 quam
1849 739 2071 789 certum
2109 733 2204 794 sit,
2234 748 2299 786 ea

2429 729 2591 799 ιύνης,
2627 733 2802 803 idque
2826 732 2899 796 εἷς
2927 733 2988 787 τὸ
3019 742 3117 802 τῆς
3161 738 3544 809 παραιτήσεως
3579 735 3828 807 εὔλογον,
3869 747 3933 794 ut
3981 742 4070 795 vi-

658 840 785 893 quze
820 840 920 892 pro
952 823 1207 878 ecclesia
1237 829 1439 878 contra
1459 824 1688 878 Graecos
1720 822 2132 877 schismaticos
2159 821 2299 890 egit,
2407 821 2629 875 deretur
2684 822 2879 878 idonea
2927 824 3189 879 cessionis
3238 842 3401 880 causa
3425 868 3438 892 ,
3500 840 3668 897 prout
3729 834 4012 884 narratur
4043 848 4074 885 a

659 912 826 981 dixit,
859 912 1117 982 scripsit,
1155 917 1399 982 purgata
1436 913 1614 965 videri
1645 912 1856 966 debere
1889 930 1920 965 a
1968 910 2303 981 suspicione
2412 915 2632 976 nostro,
2669 927 2722 981 p.
2759 913 2882 966 H5.

658 1000 775 1054 fuci
827 1017 893 1054 ac
951 1001 1191 1054 fraudis.
1228 1001 1307 1054 De
1348 1001 1739 1071 stauropegiis
1775 1001 1922 1069 “fuse
1971 999 2202 1070 agimus
2245 998 2301 1052 in

658 1088 978 1157 Glossario,
1012 1089 1108 1143 ubi
1142 1093 1198 1144 et
1229 1090 1358 1143 vide
1388 1091 1459 1144 de
1485 1089 1715 1160 Colybis
1747 1089 1958 1160 capitis
1990 1089 2077 1143 l2.

734 1195 820 1266 [Ρ.
879 1195 1004 1267 478]
1054 1196 1110 1250 P.
1164 1195 1285 1250 458.
1321 1195 1398 1250 Me
1451 1195 1773 1266 neutiquam
1823 1212 2122 1267 passurum
2178 1195 2310 1251 addi

658 1283 936 1354 Symbolo,
957 1288 1068 1338 etc.
1097 1284 1413 1355 Nunquam
1444 1290 1767 1355 exegerunt
1799 1285 1980 1338 Latini
2018 1304 2052 1339 a
2094 1286 2310 1340 Graecis

665 1378 731 1427 ut
761 1372 1111 1443 particulam
1147 1378 1203 1428 et
1235 1373 1347 1445 ipsi
1379 1374 1634 1444 Filioque
1663 1372 2182 1446 SymboloNicaano
2215 1375 2311 1428 ad-

665 1461 888 1529 derent,
924 1463 1097 1516 modo
1125 1462 1296 1517 ﬁdem
1333 1464 1520 1533 ipsam
1552 1463 1945 1534 processionis
1972 1463 2159 1517 sancti
2183 1463 2309 1534 Epi-

665 1550 816 1604 ritus
845 1566 912 1604 ex
945 1556 1107 1620 patre
1138 1557 1195 1604 et
1221 1551 1363 1605 Filio
1394 1555 1682 1616 tenerent,
1709 1555 1764 1604 et
1788 1550 2313 1606 RomanamEccle-

668 1638 815 1692 siam
845 1639 1170 1693 faterentur
1199 1656 1314 1693 non
1349 1655 1618 1711 peccasse
1649 1655 1782 1694 cum
1808 1641 1876 1693 ad
1899 1640 2316 1695 declarandum

670 1726 1006 1796 expressius
1038 1728 1250 1796 dogma
1270 1727 1512 1781 verbum
1549 1726 1694 1780 illud
1743 1727 1995 1796 Filioque
2042 1727 2318 1799 Symbolo

672 1814 919 1868 addidit.
981 1814 1110 1869 Haec
1158 1815 1274 1868 duo
1328 1815 1376 1868 si
1430 1820 1725 1886 praestent,
1774 1815 1873 1885 qui
1926 1832 1956 1869 e
2005 1815 2320 1872 schismate

672 1903 1004 1957 Graecorum
1033 1904 1296 1968 redeunt,
1331 1903 1658 1958 nibilaliud
1694 1903 1864 1958 abiis
1897 1905 2317 1975 requirendum
2351 1920 2395 1984 Β

670 1993 1328 2047 sanxitetiamClemens
1354 1993 1500 2056 Vllf,
1535 1995 1705 2062 cujus
1737 2010 1804 2047 ca
1834 1995 1904 2047 de
1930 2011 1989 2048 re
2018 1995 2315 2050 decretum

673 2081 913 2136 memini
941 2097 1032 2136 me
1064 2080 1252 2152 legere
1284 2082 1439 2153 apud
1475 2082 1854 2137 Possevinum
1898 2081 1957 2136 in
1997 2085 2315 2154 Apparatu.

671 2170 816 2226 Vide
839 2188 967 2241 quas
999 2171 1271 2242 superius
1303 2171 1716 2226 adnotavimus
1738 2172 1808 2225 ad
1834 2189 1881 2226 c.
1909 2172 2054 2240 11,1.
2081 2190 2134 2227 v.
2158 2173 2317 2228 Nihil

671 2276 809 2331 ergo
843 2260 1057 2315 mirum
1093 2261 1142 2314 si
1177 2261 1417 2315 Michael
1445 2262 1763 2331 imperator
1784 2277 2002 2330 gnarus
2026 2263 2164 2333 quid
2193 2280 2322 2317 vere

674 2349 861 2404 Latini
898 2354 1179 2420 peterent,
1212 2355 1268 2402 et
1297 2349 1501 2404 videns
1523 2350 1718 2420 spargi
1749 2368 1784 2405 a
1822 2351 2212 2406 schismaticis
2263 2352 2318 2405 in

674 2438 956 2510 populum
991 2455 1169 2492 vanos
1203 2442 1417 2505 metus,
1441 2439 1608 2508 quasi
1631 2439 1915 2508 jussurus
1942 2441 2138 2494 statim
2174 2457 2322 2511 papa

672 2527 820 2581 foret
845 2531 907 2580 ut
933 2528 990 2580 in
1024 2527 1176 2582 682
1209 2527 1487 2581 omnibus
1519 2527 1734 2582 Graecis
1778 2528 2042 2584 ecclesiis
2071 2530 2317 2600 Symbo-

672 2614 796 2668 lum
831 2613 1106 2686 deinceps
1136 2632 1270 2668 cum
1295 2615 1588 2669 additione
1613 2633 1818 2671 vocum
1841 2618 2124 2672 vocabulo
2152 2618 2320 2673 Filio-

671 2720 776 2775 que
808 2703 1282 2773 aequivalentium
1317 2709 1670 2772 cantaretur,
1722 2707 2036 2776 premunit
2067 2706 2320 2775 animos,

673 2793 957 2863 protitens
987 2808 1050 2848 se
1077 2795 1422 2858 neutiquam
1467 2794 1524 2847 id
1560 2811 1896 2865 passurum.
1920 2795 2324 2852 Consentanee

677 2882 766 2936 his
797 2888 852 2936 et
874 2883 1057 2939 Graeci
1090 2881 1416 2953 loquuntur
1445 2882 1503 2937 in
1537 2883 1782 2938 concilio
1810 2884 2139 2940 Florentino
2172 2903 2318 2941 sess.

671 2974 762 3037 25,
800 2989 853 3042 p.
888 2973 988 3025 308
1019 2972 1108 3026 ed.
1146 2972 1301 3043 Reg:
1334 2971 1404 3023 Τὸ
1433 2977 1534 3038 τῆς
1579 2972 1919 3044 προσθήκης,
1942 2973 2106 3043 ἡμεῖς
2141 2973 2200 3026 οὐ
2235 2970 2319 3028 δε-

675 3059 875 3131 ξδμεθα
924 3059 1146 3112 πώποτε
1191 3059 1418 3128 ταύτην.
1457 3057 1583 3113 ἀλλ’
1621 3058 1976 3133 ἐκχωροῦμεν
2013 3061 2139 3132 ὑμῖν
2172 3058 2318 3136 ἔχειν

673 3149 875 3216 ταύτην
911 3147 961 3201 ἐν
1013 3154 1127 3208 ταῖς
1172 3149 1323 3220 ὑμῶν
1375 3147 1718 3218 ἐκκλησίαις,
1755 3149 1816 3203 οὐ
1852 3150 1958 3222 μὴν
1993 3149 2042 3203 ἐν
2075 3157 2194 3214 ταῖς
2222 3158 2321 3220 τῆς

674 3235 967 3301 ἀνατολῆς.
1023 3238 1121 3292 Καὶ
1176 3232 1421 3312 λὲγομεν
1468 3237 1552 3292 ὅτι
1607 3238 1844 3313 ἀνάγκης
1894 3241 2320 3314 κατεπειγοῦσης

673 3327 999 3398 ἀνεπτύξατε
1053 3327 1117 3381 τὸ
1176 3322 1492 3398 Σύμϐολον·
1551 3327 1640 3380 καὶ
1719 3329 1784 3381 οὐ
1818 3325 2046 3402 λέγομεν
2106 3331 2204 3399 τὴν
2265 3330 2323 3384 ἐκ

675 3420 773 3469 τοῦ
831 3416 960 3469 Υἱοῦ
1010 3416 1194 3492 φωνὴν
1242 3417 1276 3484 ἢ
1339 3416 1522 3490 ἐτέραν
1555 3417 1737 3470 πίστιν
1768 3416 1803 3485 ἢ
1838 3419 2159 3490 προσθήκην
2187 3419 2328 3489 τινὰ,

688 3502 806 3558 ’λλ’
874 3505 887 3523 ’
936 3526 955 3536 ··
1003 3512 1030 3522 “’
1171 3505 1184 3522 “
1421 3526 1438 3537 ⁸
1638 3510 1663 3520 “
1856 3506 1872 3536 ί
2052 3529 2060 3540 ·
2184 3510 2195 3525 ’

678 3527 709 3557 α
836 3500 1056 3574 ὲυσιϐη,
1099 3526 1186 3558 και
1237 3507 1531 3582 σαφήνειαν
1571 3527 1666 3560 του
1705 3509 1980 3579 ἡμετερου
2019 3503 2325 3580 σομϐολου.

678 3592 780 3649 Καὶ
842 3593 945 3648 εἰσὶ
997 3595 1064 3648 τὰ
1113 3589 1381 3666 Σύμϐολα
1434 3595 1716 3672 ἀμφότερα
1776 3593 1994 3667 εὐσεϐῆ,
2039 3598 2130 3650 καὶ
2173 3597 2327 3670 ὡμο-

676 3684 919 3754 νοημένα
979 3682 1222 3758 λέγεσθαι
1280 3685 1330 3737 ἐν
1388 3683 1456 3757 τῇ
1510 3688 1617 3738 τῶν
1669 3685 1957 3757 Ῥωμαίων
2010 3685 2326 3758 Ἐκκλησία,

674 3773 855 3833 καθὼς
919 3774 1075 3844 ὑμεῖς
1134 3770 1340 3847 λὲγετε,
1397 3773 1485 3826 καὶ
1545 3772 1597 3828 ἐν
1655 3778 1724 3846 τῇ
1778 3773 2100 3848 ἀνατολικῇ,
2146 3776 2330 3838 καθὼς

677 3861 834 3917 αὐτοὶ
888 3865 1054 3933 ἡμεῖς
1114 3861 1345 3937 λέγομεν
1383 3906 1396 3919 .
1458 3865 1561 3918 Καὶ
1623 3864 1764 3917 οὕτω
1814 3867 2046 3939 γενέσθω
2100 3867 2132 3934 ἡ
2191 3863 2326 3918 ἕνω-

679 3973 784 4012 σις.
815 3955 892 4008 De
922 3953 1206 4008 additiane
1230 3972 1250 4009 :
1273 3971 1367 4009 nos
1401 3955 1558 4008 illam
1609 3971 1900 4025 nunquam
1947 3955 2330 4026 admittamus,

679 4043 921 4098 sedeam
951 4042 1105 4099 vobis
1150 4044 1210 4096 in
1261 4043 1454 4099 vestris
1500 4044 1744 4099 ecclesiis
1791 4045 1991 4100 habere
2047 4045 2328 4116 permitti-

679 4147 824 4200 mus,
859 4146 969 4184 non
1000 4134 1183 4184 autem
1215 4131 1272 4183 in
1303 4129 1705 4199 Orientalibus;
1740 4131 2088 4203 dicimusque
2105 4134 2329 4202 Symbo-

682 4224 799 4277 lum
828 4241 860 4277 a
892 4224 1038 4277 vobis
1069 4221 1411 4290 explicatum
1433 4221 1754 4277 necessitate
1774 4229 2034 4294 congente
2044 4238 2064 4286 ;
2084 4233 2136 4279 et
2151 4241 2332 4280 vocem

681 4315 843 4368 illam
873 4335 900 4361 «
935 4328 1005 4366 ea:
1033 4310 1224 4365 Filio»
1248 4327 1357 4365 non
1401 4327 1514 4366 esse
1543 4312 1717 4365 aliam
1751 4312 1910 4368 ﬁdem
1967 4316 2062 4368 aut
2110 4314 2333 4385 aliquod

683 4402 1151 4466 additamentum,
1186 4399 1281 4453 sed
1309 4402 1459 4471 piam
1491 4409 1542 4455 et
1567 4404 1751 4456 nostri
1783 4401 2035 4472 Symboli
2063 4403 2335 4473 explana-

685 4493 887 4548 tionem
914 4493 1000 4557 ;et
1031 4504 1146 4543 esse
1195 4493 1497 4559 utrumque
1554 4489 1877 4560 Symbolum
1907 4493 2072 4560 pium
2101 4497 2156 4545 et
2185 4493 2333 4561 eius-

682 4585 806 4638 dem
829 4580 1137 4645 sententiae,
1172 4586 1230 4631 ut
1258 4579 1316 4631 in
1350 4577 1602 4632 Ecclesia
1637 4579 1873 4632 Romana
1908 4581 2169 4634 recitetur
2195 4579 2336 4636 sicut

2483 998 2543 1051 P.
2581 999 2704 1052 461.
2742 1003 2794 1054 Ι.ς
2850 1007 2973 1056 erat
3026 1006 3156 1056 tunc
3191 1004 3462 1059 Urbanus.
3524 1004 4074 1063 Demonstrabimus

2415 1086 2685 1154 inferius,
2719 1087 2756 1142 l.
2794 1106 2878 1157 ιιι,
2901 1106 2952 1145 c.
2987 1092 3054 1145 10
3085 1091 3141 1144 in
3167 1090 3483 1159 Gbronico,
3524 1094 3594 1147 ad
3648 1110 3867 1150 annum
3912 1098 4074 1162 1279,

2417 1191 2530 1229 non
2581 1175 2875 1232 Urbanum
2935 1182 3076 1233 tunc
3148 1181 3331 1235 fuisse
3409 1197 3644 1251 papam,
3725 1185 3824 1236 sed
3903 1183 4075 1240 Nico-

2417 1263 2578 1317 laum
2638 1264 2740 1330 Ill,
2793 1270 2858 1320 ut
2918 1267 3212 1322 memorias
3270 1273 3371 1322 aut
3429 1269 3640 1324 calami
3710 1271 3918 1342 lapsus
3981 1274 4074 1329 hic

2419 1355 2830 1423 agnoscendus
2863 1355 2958 1423 sit,
2992 1372 3187 1411 errore
3219 1361 3415 1412 tamen
3447 1356 3505 1412 in
3541 1359 3742 1414 omnia
3776 1363 4078 1433 exempla-

2421 1441 2508 1494 ria
2535 1441 2768 1496 diffuso.

2495 1529 2550 1585 P.
2607 1530 2731 1585 467.
2765 1531 2957 1603 Δῶρδα
3021 1531 3116 1602 μὶτ
3162 1530 3341 1588 δὲκνο.
3390 1540 3641 1607 Sumpta
3692 1537 3810 1592 haec
3867 1545 3963 1594 est
4017 1556 4085 1594 ex

2425 1619 2668 1674 Homero
2735 1621 2898 1674 Iliad.
2957 1620 3023 1694 β’,
3082 1639 3134 1676 v.
3196 1623 3331 1679 4202
3366 1620 3520 1678 Ἀλλ’
3550 1622 3641 1698 ὅγε
3672 1622 3933 1696 δέκτομὶν
3970 1627 4083 1700 ἱρὰ,

2423 1704 2616 1758 πόντον
2650 1702 2697 1758 δ’
2729 1707 3033 1782 ἀμέγαρτον
3082 1704 3332 1786 ὄφελλεν.
3388 1714 3553 1767 Unde
3600 1722 3657 1769 et
3714 1716 4086 1771 correximus

2427 1796 2576 1863 quod
2612 1796 2669 1848 in
2706 1812 2818 1849 ms.
2849 1797 3053 1852 vitiose
3084 1797 3388 1869 legebatur
3428 1797 3696 1875 ὤφελλεν.

2501 1882 2580 1953 [Ρ.
2617 1884 2742 1954 479]
2789 1889 2849 1939 Ρ.
2903 1886 3022 1938 469.
3075 1886 3375 1942 0raculum
3429 1891 3767 1961 insculptum
3833 1909 4090 1947 manno-

2425 1969 2498 2039 ri,
2558 1980 2664 2025 etc.
2738 1972 2855 2028 Hoc
2932 1974 3233 2030 oraculum
3292 1977 3574 2047 Gregoras
3621 1980 3904 2035 describit
3960 1981 4002 2036 l.
4038 1999 4092 2044 v,

2425 2061 2604 2130 p.67.
2648 2065 2761 2114 Nos
2793 2061 2887 2115 hic
2921 2063 3062 2117 illud
3091 2080 3158 2118 ex
3193 2065 3454 2136 margine
3508 2068 3726 2123 codicis
3777 2070 4096 2125 Barberini

2425 2155 2916 2220 repraesentamus
2960 2168 3093 2207 cum
3144 2155 3380 2210 nomine
3439 2159 3694 2213 auctoris
3746 2175 3779 2212 a
3827 2159 4099 2230 Gregora

2423 2240 2611 2306 taciti,
2673 2241 2847 2295 etiam
2897 2241 3071 2313 paulo
3121 2244 3373 2299 auctius.
3407 2246 3547 2300 Nam
3611 2248 3732 2304 haec
3792 2251 3978 2304 verba
4007 2249 4096 2302 καὶ

2423 2327 2485 2380 τὸ
2517 2329 2644 2401 παρ’
2674 2327 3006 2400 Ἡρακλείου
3038 2329 3335 2407 πολίχνιον
3371 2337 3523 2405 apud
3583 2340 3903 2409 Gregoram
3976 2357 4094 2395 non

2426 2424 2789 2488 comparent.

2551 2507 2705 2562 683
2745 2507 2915 2569 Οὗτος
2954 2510 2982 2562 ὁ
3025 2510 3280 2583 χρησμὸς
3323 2512 3622 2567 Παυσανίου
3662 2513 3965 2589 προέδρου.

2427 2597 2540 2662 Τῆς
2602 2591 2658 2648 δὲ
2712 2593 2928 2657 πόλεως
2956 2597 3255 2669 Τράλλεων
3285 2601 3346 2654 τὸ
3377 2599 3586 2662 κάλλος
3617 2602 3845 2677 χρόνοις
3884 2605 4095 2661 ἐσεῖται

2425 2677 2803 2755 σϐεννύμενον.
2850 2685 2928 2740 Τὸ
2989 2684 3045 2740 δὲ
3103 2684 3415 2743 πολλοστὸν
3470 2689 3672 2760 ταύτης
3729 2693 4099 2772 καταλειφθὲν

2424 2769 2476 2824 ἐν
2540 2770 2791 2831 ὑστάτοις
2849 2771 3296 2848 ἐμφοὸηθήσεται
3345 2781 3657 2851 (Gregoras
3711 2782 3858 2853 legit
3889 2769 4099 2854 ἐκϐοη-

2425 2861 2648 2928 Θήσεται
2696 2856 2833 2914 ἔθνει
2881 2863 3124 2938 ἆνάρχῳ,
3179 2866 3522 2936 ἀλωοήσεται
3577 2871 3890 2942 (Gregoras
3945 2873 4099 2927 ἀλώ-

2429 2952 2598 3021 σεται)
2656 2947 2713 3004 δὲ
2777 2948 3083 3023 οὐδαμῶς.
3165 2955 3292 3009 Εἶτα
3369 2955 3883 3028 ἀνακαινισθήσεται
3952 2965 4103 3036 παρὰ

2429 3036 2659 3092 δονατοῦ
2736 3041 3083 3113 Νικωνύμου,
3151 3042 3208 3103 ὃς
3285 3044 3564 3113 ὀκταπΛῆν
3639 3045 3862 3121 ἀγλαῶς
3936 3049 4104 3104 hvic}:

2430 3130 2742 3200 (Gregoras
2798 3126 2986 3182 ἐννάδα
3043 3137 3100 3187 et
3158 3134 3217 3188 in
3274 3136 3534 3204 margine
3591 3133 3838 3206 ἐννεάδα)
3907 3139 4104 3211 Babae:

2431 3213 2651 3282 δίσκων,
2724 3216 2812 3270 καὶ
2889 3217 3008 3290 τρὶς
3084 3218 3217 3272 ἑπτὰ
3289 3219 3507 3273 κύκλων
3581 3223 3746 3276 πόλιν
3822 3225 4104 3279 Ἄτταλον

2353 3286 2397 3352 C
2436 3304 2776 3378 λαμπρυνεῖ,
2833 3305 2923 3359 καὶ
2981 3309 3042 3360 τὸ
3100 3310 3232 3382 παρ’
3284 3309 3608 3382 Ἡρακλείου
3665 3309 3999 3386 πολίχνιον
4061 3316 4104 3384 ᾧ

2434 3393 2524 3446 καὶ
2605 3391 2797 3455 πόλεις
2881 3394 3122 3469 ἑσπέριαι
3214 3398 3576 3472 ὑποκύψουσι,
3652 3400 3740 3453 καὶ
3816 3401 4103 3478 ἀγέρωχοι

2438 3480 2899 3552 ὑποκλιθήσονται
2932 3481 3230 3547 παιδικῶς.

2677 3603 2783 3657 Hoc
2812 3606 2885 3657 est
2919 3605 3205 3658 oraculum
3236 3606 3530 3660 Pausaniae
3560 3608 3848 3677 prasidis.

2437 3699 2599 3769 Urbis
2644 3716 2775 3754 vero
2812 3701 3077 3755 Trallium
3108 3701 3269 3756 decus
3318 3705 3650 3774 temporibus
3698 3705 3807 3759 erit
3848 3710 4097 3762 exstinc-

2434 3793 2571 3842 tum.
2603 3790 2804 3843 Tenues
2833 3795 3018 3844 tamen
3045 3792 3164 3856 eius
3195 3792 3446 3863 reliquie
3484 3795 3545 3847 in
3587 3794 3806 3848 ultimis
3849 3801 4101 3853 exterre-

2437 3880 2648 3932 buntur
2674 3896 2704 3932 a
2736 3887 2899 3950 gente
2925 3881 3047 3935 sine
3096 3881 3419 3951 principatu
3450 3899 3463 3935 :
3495 3887 3553 3937 at
3581 3899 3937 3956 nequaquam
4001 3905 4104 3942 ca-

2433 3970 2659 4039 pientur
2691 4011 2704 4024 .
2739 3971 3119 4026 Renovabitur
3145 3978 3328 4028 autem
3353 3991 3391 4029 a
3422 3982 3642 4040 potente
3670 3978 3764 4029 cui
3792 3994 3832 4031 a
3865 3979 4108 4034 victoria

2435 4074 2651 4113 nomen.
2690 4058 2796 4126 Qui
2821 4064 3082 4131 octuplex
3104 4061 3389 4132 splendide
3418 4067 3787 4118 novenarium
3821 4068 3970 4122 vivet
4020 4068 4104 4121 di-

2435 4147 2672 4212 ‘corum,
2705 4153 2760 4202 et
2789 4159 2872 4203 ter
2900 4157 3106 4221 septem
3159 4153 3375 4206 orbium
3412 4155 3688 4207 civitatem
3738 4156 3919 4210 Attuli
3970 4159 4105 4211 illu-

2437 4237 2661 4305 strabit,
2695 4240 2744 4289 et
2775 4237 2915 4308 quod
2941 4238 3008 4291 ab
3042 4240 3302 4293 Heraclio
3333 4240 3658 4310 oppidulum
3685 4259 3698 4306 ;
3725 4245 3820 4296 cui
3850 4247 3903 4296 et
3941 4246 4106 4298 urbe:

2441 4323 2704 4381 Occiduae
2746 4325 3123 4395 subjacebunt,
3184 4330 3237 4382 et
3286 4329 3494 4397 feroces
3549 4329 3923 4400 subjicientur
3973 4349 4106 4404 pue-

2439 4415 2495 4467 ri
2500 4413 2543 4468 li
2549 4422 2647 4470 ter.

2512 4504 2720 4572 Vertit,
2751 4510 2816 4560 ut
2849 4505 2907 4560 in
2940 4506 3194 4562 oraculis
3225 4506 3347 4562 ﬁeri
3379 4509 3571 4573 debet,
3621 4507 3758 4562 κατᾶ
3803 4507 3974 4580 πόδα,
4028 4514 4096 4568 ad

2447 4595 2687 4649 verbum
2730 4593 2999 4665 singulos
3049 4597 3383 4667 exprimens
3417 4599 3634 4668 apices.
3688 4599 3998 4656 Judicium
4040 4604 4106 4656 de

683 4689 774 4728 vos
806 4669 1020 4737 dicitis,
1052 4673 1106 4723 et
1161 4667 1439 4722 Orientali
1469 4673 1527 4720 ut
1581 4684 1678 4722 nos
1728 4668 1836 4738 ipsi
1890 4671 2149 4738 dicimus,
2181 4675 2348 4740 atque
2378 4666 2420 4728 D
2452 4684 2581 4755 ipso
2631 4684 2930 4749 vaticinia,
2986 4666 3267 4740 verumne
3312 4687 3390 4741 sit
3440 4666 3510 4742 είη
3548 4688 3774 4754 ﬁctum,
3807 4692 3970 4761 quod
4008 4709 4106 4746 ευ-

685 4764 766 4817 ita
797 4758 1116 4828 faciendum
1145 4760 1428 4812 unionem.

760 4872 819 4924 ι’.
880 4869 1006 4921 467.
1066 4862 1143 4920 Οὗ
1222 4861 1523 4938 προίσχετο
1582 4863 1728 4926 ὅλως
1815 4863 1951 4934 αὕτη
2007 4870 2115 4919 τῶν
2172 4867 2332 4939 ἱερῶν

682 4954 1016 5031 πραγμάτων
1085 4952 1320 5024 ἀνάξιον.
1411 4955 1558 5009 Hinc
1643 4961 1886 5026 apparet
1969 4956 2334 5012 existimasse

683 5050 915 5104 Graecos
974 5047 1031 5099 in
1100 5042 1356 5098 formula
1386 5043 1778 5099 abdicationis
1810 5049 1910 5100 aut
1951 5045 2333 5116 depositionis

683 5138 936 5208 alicujus
972 5152 1038 5189 ex
1070 5132 1391 5205 episcopali
1421 5133 1709 5203 dignitate
1743 5136 2097 5203 necessario,
2131 5139 2194 5189 ut
2233 5152 2332 5188 va-

685 5229 801 5283 lida
827 5227 1187 5287 conseretur,
1229 5220 1475 5291 exprimi
1499 5222 1733 5286 debere,
1765 5240 1898 5277 eum
1935 5223 2034 5294 qui
2086 5224 2331 5294 deponi-

686 5327 780 5373 tur
809 5316 1118 5384 indignum
1141 5327 1207 5365 eo
1239 5309 1363 5364 loco
1396 5315 1453 5364 et
1483 5310 1748 5382 ineptum
1781 5313 1972 5367 ofﬁcio
2005 5329 2153 5367 esse.
2198 5313 2333 5376 Qua:

682 5425 861 5465 causa
895 5404 1006 5459 fuit
1033 5402 1244 5457 Nicetis
1267 5399 1912 5471 episcopolleracleensi
1938 5402 2118 5457 misso
2151 5419 2183 5456 a
2205 5419 2335 5473 syn-

681 5503 788 5555 odo
849 5495 920 5550 ad
981 5490 1297 5546 Arseninm
1356 5490 1767 5560 patriarcham,
1831 5495 2139 5563 postquam
2169 5491 2216 5546 is
2259 5492 2330 5546 ab

680 5586 929 5645 ecclesia
961 5582 1194 5654 fugiens
1225 5580 1283 5634 in
1319 5580 1743 5635 monasterium
1778 5586 2121 5649 recesserat,
2167 5584 2231 5636 ut
2261 5581 2333 5635 ab

677 5696 745 5734 eo
793 5672 1117 5732 cessionem
1177 5669 1615 5742 patriarchatus
1663 5671 1939 5741 exigeret,
1991 5686 2191 5740 causa,
2241 5671 2330 5724 in-

679 5782 879 5838 quam,
912 5763 1036 5819 hac
1086 5761 1136 5816 ei
1189 5759 1445 5816 instandi
1498 5763 1564 5814 ut
1595 5758 1654 5814 in
1710 5758 1962 5815 formula
2006 5758 2330 5816 abdicatio-

2444 4771 2699 4841 spicatos
2721 4776 2776 4825 et
2802 4771 3212 4843 Pachymerem
3236 4778 3294 4827 et
3323 4773 3639 4845 Gregoram
3673 4777 3865 4841 video,
3897 4783 4024 4834 tum
4062 4780 4104 4833 si

2445 4877 2667 4928 verum,
2723 4877 2838 4931 quo
2888 4863 3015 4930 ejus
3056 4855 3323 4921 ἀπόϐασις
3371 4864 3682 4934 pertineat,
3752 4865 3960 4922 lectori
4021 4887 4104 4922 re-

2444 4948 2646 5020 linquo
2673 4951 2991 5020 integrum.

2517 5042 2581 5092 P.
2616 5039 2738 5092 470.
2791 5040 2852 5093 In.
2909 5039 3043 5108 fatis
3099 5044 3237 5095 erat.
3301 5040 3440 5096 Vide
3497 5059 3624 5112 qua:
3657 5045 4002 5100 notavimus
4034 5049 4095 5100 ad

2446 5146 2500 5200 p.
2536 5130 2637 5183 104
2660 5135 2718 5184 et
2746 5130 2868 5199 139,
2907 5131 3044 5184 item
3078 5132 3146 5185 ad
3185 5147 3240 5202 p.
3292 5132 3441 5201 229;
3494 5135 3710 5204 quibus
3761 5135 4098 5191 bereticam

2444 5221 2772 5275 doctrinam
2827 5219 3019 5273 fatalia
3083 5221 3450 5276 necessitatis
3490 5223 3740 5279 liberum
3788 5227 4095 5281 arbitrium

2444 5310 2787 5381 perimentis
2830 5310 3164 5378 rejecimus,
3214 5311 3262 5365 si
3315 5312 3459 5367 forte
3503 5312 3597 5366 bic
3649 5313 3807 5369 illam
3855 5319 4100 5386 scriptor

2443 5399 2856 5454 scbismaticus
2889 5399 3205 5452 indicatam
3232 5399 3421 5459 vellet.

2514 5495 2574 5544 P.
2613 5490 2737 5545 478.
2771 5488 2950 5542 Edicti
3006 5490 3301 5545 sententia.
3365 5490 3612 5545 Videtur
3667 5493 3776 5546 hoc
3839 5496 4087 5549 edictum

2441 5581 2761 5652 imperator
2792 5579 3098 5634 inchoasse
3129 5579 3201 5632 ab
3231 5577 3352 5634 illis
3382 5580 3438 5634 S.
3461 5581 3720 5651 Gregorii
3750 5582 4087 5639 Nazianzeni

2439 5668 2634 5726 verbis
2660 5685 2788 5740 quas
2820 5667 2902 5723 sic
2935 5668 2994 5722 in
3026 5667 3286 5723 oratione
3315 5673 3520 5724 contra
3567 5672 3973 5728 Eunomianos
4013 5673 4088 5728 le-

2440 5763 2660 5830 guntur
2689 5775 2746 5830 p.
2778 5757 2884 5812 195
2905 5761 2964 5813 et
2992 5757 3095 5812 106
3125 5758 3218 5813 ed.
3264 5757 3444 5814 Graec.
3495 5759 3789 5817 Basileens
3819 5779 3831 5815 :
3863 5761 4083 5833 Μνημο-
