4218 6450
179 462 320 516 1145

1763 459 1989 513 ΝΟΤΒ.

3434 467 3568 519 11ὶιὶ

178 588 384 639 νει)τὲον
445 587 543 658 γὰρ
604 588 734 638 Θεοῦ
807 582 1020 656 μᾶλλον
1191 584 1598 640 ἁναπνευστὲον.
1659 582 1819 648 Quod

1943 580 2028 636 hic
2057 584 2264 653 positis
2297 591 2487 655 potest
2535 589 2738 642 astrui.
2776 589 2940 644 Prius
2984 595 3070 646 cst
3119 591 3560 643 Constarzinm;

179 678 455 748 deinceps
478 675 568 730 hic
589 676 905 730 historicus
937 675 1131 746 culpat
1153 677 1540 730 orthodoxum
1569 674 1818 745 patriar-

182 767 352 821 cbam
388 767 652 830 Veccum,
688 765 826 835 quia
870 765 918 817 is
952 766 1183 834 scriptis
1227 765 1484 820 refellere
1525 764 1816 818 schisma-

184 856 332 909 ticos
384 853 459 908 sit
502 869 835 924 aggressus,
889 853 1275 908 schismatica:
1317 853 1570 922 loliginis
1610 867 1819 906 succus

182 947 286 1003 est,
348 941 506 996 nullo
551 941 693 996 satis
751 947 1012 1012 specioso
1059 944 1296 997 tectorio
1347 943 1577 997 lividam
1646 940 1820 995 mali-

181 1033 472 1102 gnitatem
504 1031 722 1086 velans.
768 1032 968 1101 Itaque
1017 1031 1234 1086 oblitus
1283 1049 1460 1103 quam
1514 1031 1822 1101 magnifice

179 1127 355 1175 antea
388 1120 780 1191 praedicaverit
804 1119 1057 1174 nobilem
1091 1125 1147 1174 et
1174 1120 1420 1176 liberam
1451 1120 1621 1174 Vecci
1654 1121 1823 1174 indo-

178 1211 293 1264 lem
331 1210 402 1264 ab
433 1209 593 1263 omni
624 1208 904 1263 adulandi
954 1209 1235 1264 servitute
1265 1209 1820 1279 disjunctissimam,

183 1315 363 1364 nunc,
398 1299 444 1352 si
487 1299 717 1369 superis
759 1297 947 1369 placet
995 1315 1125 1353 eum
1162 1298 1396 1354 exhibet
1427 1303 1594 1352 Persa
1617 1297 1822 1368 quovis

181 1387 559 1455 abjectiorem
617 1389 670 1441 in
718 1387 1090 1454 assentando,
1141 1388 1448 1458 prodigum
1491 1387 1819 1452 titulorum,

180 1482 237 1531 et
271 1476 415 1530 nihil
451 1476 560 1530 sibi
595 1475 901 1530 facientem
932 1475 1139 1548 reliqui
1187 1475 1245 1530 in
1279 1476 1608 1532 extollendo
1641 1476 1824 1531 hono-

180 1564 347 1619 ribus
398 1564 673 1620 indebitis
724 1565 1101 1634 Ephesinum,
1153 1566 1322 1635 cujus
1380 1582 1554 1637 opera
1609 1575 1822 1637 egeret,

177 1653 528 1719 antistitem,
573 1670 685 1725 quo
737 1655 814 1708 ita
853 1655 964 1708 sibi
1019 1670 1155 1709 eum
1205 1654 1550 1710 devinciret.
1594 1656 1822 1722 Scribit,

181 1743 372 1812 inquit
409 1760 462 1813 p.
489 1743 612 1811 479,
664 1742 732 1796 (ut
781 1742 1135 1812 Ephesinum,
1185 1760 1432 1814 eumque,
1477 1755 1537 1799 ut
1577 1747 1696 1814 ipsa
1733 1744 1826 1798 in-

181 1832 487 1901 scriptione
533 1831 928 1898 demereretur,
976 1850 1086 1887 non
1127 1832 1454 1904 simpliciter
1511 1833 1826 1905 ἱερώτατον,

1942 670 2090 725 hunc
2115 690 2380 728 aversum
2410 692 2470 730 se
2494 693 2524 730 a
2550 694 2686 748 pace
2721 679 3102 732 Ecclesiarum
3129 681 3319 748 palam
3364 683 3564 732 tulis

1937 762 2090 830 quod
2127 779 2236 815 non
2271 769 2358 816 est
2392 766 2706 820 verisimile
2765 770 3053 822 facturum
3109 785 3262 828 eum,
3299 769 3342 820 si
3407 776 3568 837 pater

1937 850 2084 918 ejus,
2147 853 2305 920 pacis
2353 855 2479 922 ejus
2531 857 2696 924 quasi
2749 862 2950 910 auctor
3007 864 3062 910 et
3127 859 3566 925 studiossimus,

1935 940 2172 994 viveret.
2221 941 2506 1008 Alterum,
2553 943 2961 1014 imperatorem
3013 947 3388 999 Constantino
3439 963 3567 1000 suc-

1936 1033 2270 1083 censentem
2303 1046 2368 1084 eo
2393 1031 2628 1085 nomine
2652 1037 2785 1100 irem
2817 1032 2886 1086 ad
2940 1042 3160 1104 patrem
3191 1034 3420 1104 juvenis
3455 1051 3567 1088 non

1936 1114 2216 1171 detulisse
2246 1122 2302 1172 et
2321 1118 2371 1172 ei
2397 1118 2580 1173 filium
2605 1120 3013 1191 castigandum
3041 1140 3150 1176 non
3178 1122 3562 1177 commisisse.

1933 1203 2044 1259 Sed
2078 1207 2146 1259 ad
2180 1206 2433 1275 primum
2467 1208 2717 1263 dicimus
2749 1212 2962 1264 mirum
2991 1227 3100 1264 non
3127 1227 3255 1265 esse
3286 1210 3568 1264 Constan-

1935 1294 2122 1348 tinum
2157 1311 2190 1348 a
2239 1301 2400 1366 patre
2448 1296 2820 1363 dissensisse,
2855 1315 2986 1353 cum
3037 1300 3307 1368 superius
3354 1299 3568 1370 Pachy-

1937 1399 2125 1438 meres
2149 1383 2410 1439 docuerit
2435 1385 2490 1438 in
2516 1387 2764 1456 singulis
2785 1388 2964 1442 ferme
2984 1393 3120 1443 tunc
3151 1388 3384 1442 familiis
3410 1405 3567 1458 parm

1935 1473 2269 1542 contigisse.
2303 1473 2468 1526 Certe
2503 1475 2558 1528 in
2594 1475 2721 1546 ipsa
2751 1477 3123 1547 imperatoria
3156 1478 3421 1530 videmus
3459 1481 3566 1529 Eu-

1935 1560 2150 1632 logiam
2183 1561 2480 1618 Michaelis
2507 1566 2750 1634 Augusti
2782 1581 3120 1636 germanam
3155 1566 3564 1620 charissimam

1938 1649 2131 1721 palam
2165 1653 2220 1705 in
2256 1651 2448 1722 ipsum
2480 1653 2552 1706 ob
2588 1669 2786 1723 pacem
2818 1655 3028 1709 factam
3075 1655 3486 1717 insurrexisse,
3515 1659 3571 1708 et

1939 1739 2084 1794 alios
2101 1742 2568 1810 consanguineos
2590 1743 2764 1796 etiam
2795 1760 2980 1814 usque
3012 1745 3080 1797 ad
3107 1759 3574 1806 carceres,exca:-

1940 1828 2196 1883 rationes
2227 1834 2281 1883 et
2313 1846 2508 1884 necem
2540 1830 2726 1900 ipsam
2784 1833 3111 1901 pertinaces
3166 1835 3221 1884 in
3257 1832 3577 1884 schismate

183 1924 282 1990 qiu
314 1921 448 1974 solet
491 1920 688 1975 titulus
731 1921 996 1991 episcopis
1055 1923 1250 1991 tribui,
1295 1923 1387 1977 sed
1425 1922 1824 1996 πανιιρώτατον
1868 1945 1912 2010 Β
1943 1917 2143 1971 fuisse.
2208 1919 2288 1972 Ad
2360 1923 2678 1974 secundum
2741 1922 3062 1990 respondeo
3123 1921 3264 1975 forte
3322 1921 3577 1975 abfuisse

185 2012 253 2064 in
282 2015 465 2078 [ronte
496 2011 812 2065 litterarum
833 2020 1132 2082 nuncupat.
1167 2014 1250 2067 lta
1282 2013 1664 2082 Pacbymeres
1691 2031 1705 2080 ;
1729 2014 1828 2084 qui

179 2101 414 2154 videtur
446 2102 562 2155 base
596 2101 864 2156 scribens
906 2117 1207 2171 nunquam
1257 2101 1472 2173 legisse
1522 2102 1738 2158 librum
1771 2104 1830 2160 in

185 2189 408 2245 Graecia
441 2190 1168 2262 notissimum,Liturgiam
1188 2191 1603 2263 Chrysostomi.
1633 2194 1692 2246 ln
1717 2210 1833 2264 qua

189 2280 471 2333 sacerdos
528 2279 828 2334 celebrans
871 2295 1010 2334 voce
1059 2279 1294 2334 sublata
1349 2280 1492 2336 dicit
1538 2282 1829 2351 μνήσθητι,

187 2366 372 2438 Κύριε,
430 2364 836 2440 πανιιρωτάτου
880 2365 1296 2441 μητροπολίτου
1329 2369 1482 2424 684
1513 2370 1696 2439 ἡμῶν,
1737 2373 1832 2423 τοῦ

186 2452 406 2515 δεῖνοςε
439 2459 726 2524 Memento,
778 2456 1025 2516 Domine.
1060 2457 1464 2530 πανιιρωτάτου
1511 2461 1830 2530 metropoli-

185 2551 262 2602 tc'I,’
313 2545 491 2600 nostri
529 2547 589 2600 N.
654 2547 720 2600 Et
767 2545 981 2600 iterum
1033 2563 1167 2601 mox
1215 2549 1311 2598 τοῦ
1339 2543 1512 2606 δεῖνος
1562 2567 1832 2621 πανιερω-

182 2634 353 2686 τρίτου
413 2631 828 2705 μητροπολίτου
887 2634 922 2701 ἢ
980 2632 1279 2688 ἐπισκόπου
1339 2634 1488 2698 ὅστις
1545 2634 1604 2689 ἃν
1664 2638 1722 2707 ᾗ,
1764 2639 1830 2694 N.

188 2725 570 2795 panhierotati
597 2725 959 2795 metropolitze
988 2733 1089 2779 aut
1116 2725 1373 2796 episwpi,
1402 2729 1713 2798 quicunque
1740 2729 1832 2783 sit.

189 2814 354 2878 Quod
390 2812 438 2866 si
471 2813 832 2868 sacerdotem
857 2814 1163 2869 facientem
1207 2814 1274 2868 ad
1301 2821 1549 2881 aram,et
1578 2816 1635 2871 in
1671 2833 1833 2873 sacro

185 2907 400 2957 ornatu
431 2901 649 2958 Christi
683 2919 989 2972 personam
1026 2907 1562 2973 representantem,
1584 2922 1696 2962 non
1728 2907 1831 2962 de-

187 2991 359 3045 decet
404 2991 816 3062 ππνιερωτάτου
859 2991 1086 3046 deferre
1135 2991 1370 3047 titulum
1423 2993 1664 3048 cuilibet
1707 2997 1832 3065 epi-

193 3097 395 3150 scopo,
429 3081 563 3149 quis
597 3080 941 3150 patriarchae
992 3080 1244 3150 privatas
1287 3081 1509 3138 litteras
1541 3085 1611 3138 ad
1649 3084 1832 3154 Ephe-

193 3171 337 3224 sina:
357 3169 780 3238 antiquissima:
812 3174 866 3224 et
899 3169 1363 3226 honoratissimae
1420 3173 1576 3228 sedis
1608 3175 1837 3229 antisti-

190 3263 309 3310 tem
335 3257 496 3310 danti
526 3261 690 3327 putet
723 3259 860 3312 vitio
902 3260 1241 3313 vertendum
1285 3261 1331 3314 si
1366 3259 1465 3314 tali
1498 3279 1630 3316 eum
1664 3263 1836 3318 titulo

190 3345 278 3415 [Ρ.
313 3345 435 3414 48οῙ
461 3345 942 3415 compellaverit?
965 3348 1112 3416 Ergo
1138 3347 1252 3402 alia
1289 3351 1522 3418 quidem
1548 3351 1832 3406 schisma-

186 3433 290 3487 tici
340 3433 620 3503 objiciant
664 3435 872 3501 Vecco,
905 3437 956 3490 si
1007 3437 1259 3491 habent:
1311 3437 1444 3506 αὕτη
1497 3438 1595 3512 γὰρ
1646 3441 1680 3506 ἠ
1727 3441 1832 3509 μή·

191 3532 378 3593 ρινθος
409 3518 562 3574 οὐδὲν
585 3519 801 3577 ἔσπασε.

263 3615 326 3666 Ρ.
375 3612 496 3666 482.
551 3614 852 3668 Enimvero
901 3613 1307 3684 mandatorum,
1364 3622 1472 3672 etc.
1524 3620 1673 3675 Satis
1731 3641 1838 3678 au-

187 3701 413 3764 dacter,
449 3718 519 3756 ne
558 3701 746 3757 dicam
791 3702 1165 3772 impudenter
1193 3709 1250 3760 et
1304 3706 1478 3778 impie
1505 3710 1838 3766 schismati-

187 3806 299 3843 cus
315 3789 407 3843 hic
431 3790 682 3860 scriptor
699 3795 932 3845 sanctos
950 3789 1215 3847 Ecclesiae
1230 3798 1429 3849 Patres
1448 3797 1840 3854 scamlalorum

189 3895 528 3946 magnorum
554 3896 762 3935 causas
793 3879 1026 3936 dedisse
1051 3882 1152 3946 ait,
1187 3883 1327 3937 dum
1361 3901 1593 3940 sacrum
1627 3888 1842 3960 dogma

187 3969 263 4022 de
302 3968 670 4037 processione
693 3968 947 4040 Spiritus
965 3970 1151 4025 sancti
1175 3986 1244 4026 ex
1279 3976 1448 4028 Patre
1482 3990 1580 4045 per
1605 3975 1837 4048 Filium,

187 4057 304 4112 hoc
334 4063 422 4111 est
453 4055 630 4110 simul
679 4057 856 4113 etiam
906 4074 972 4113 ex
1023 4059 1188 4126 Filio,
1231 4066 1384 4116 recte
1433 4067 1491 4117 et
1522 4064 1840 4124 orthodoxe

184 4143 744 4214 explicant.Quanto
787 4143 1114 4214 sapientius
1155 4147 1442 4216 taceret,si
1470 4165 1604 4206 cum
1629 4154 1838 4222 Vecco,

183 4248 365 4302 quem
403 4232 494 4285 hic
527 4233 824 4288 immerito
877 4232 1467 4304 culpat.exserentem
1518 4255 1580 4294 se
1628 4244 1840 4297 verita-

182 4325 331 4380 tem,
369 4336 546 4391 quam
593 4320 756 4390 prius
788 4321 1182 4390 ignoraverat,
1229 4325 1584 4397 admitteret,
1616 4335 1672 4384 et
1703 4346 1836 4388 cum

183 4408 411 4463 Latinis
443 4408 810 4479 proﬁteretur
855 4426 974 4465 rem
1005 4428 1039 4464 a
1067 4411 1194 4468 suis
1239 4411 1386 4484 ipsis
1409 4415 1621 4472 Grecis
1654 4419 1838 4474 Patri-

184 4499 325 4566 bus,
361 4502 427 4552 ut
457 4498 673 4553 fatetur
710 4500 835 4569 ipse
883 4516 1142 4572 quoque,
1197 4503 1507 4559 manifeste
1537 4507 1836 4563 traditam.

258 4589 324 4643 P.
353 4588 475 4642 484.
531 4587 628 4643 Illi
671 4604 802 4659 ergo
849 4589 1012 4644 ambo
1048 4592 1152 4646 soli
1206 4592 1470 4660 gloriam,
1525 4599 1632 4652 etc.
1676 4597 1834 4660 Quod

1943 2011 2082 2060 tunc
2109 2005 2182 2060 ab
2213 2006 2342 2060 aula
2374 2007 2684 2078 Georgium
2710 2025 2988 2078 magnum
3013 2009 3392 2079 logothetam,
3418 2008 3575 2077 lega-

1944 2096 2100 2150 tione
2131 2095 2330 2166 aliqua
2370 2095 2454 2150 vel
2514 2096 2852 2166 provinciali
2903 2099 3246 2168 prmfectura
3301 2097 3437 2151 alibi
3475 2115 3577 2150 us-

1945 2184 2096 2255 piam
2119 2185 2439 2239 detentum.
2466 2184 2863 2254 Supervixisse
2896 2203 3064 2257 porro
3089 2185 3250 2240 illum
3286 2186 3576 2251 Michaeli,

1943 2275 2098 2327 etab
2133 2273 2465 2328 Andronico
2499 2281 2736 2345 propter
2767 2276 3118 2345 legationem
3170 2277 3238 2329 ad
3283 2292 3492 2346 papam
3525 2282 3580 2330 ct

1945 2362 2013 2415 ad
2048 2361 2358 2416 concilium
2404 2362 2794 2432 Lugdunense
2841 2364 2988 2421 685
3051 2382 3150 2435 pro
3201 2381 3377 2419 causa
3422 2367 3578 2434 pacis

1943 2450 2162 2504 obitam
2199 2451 2254 2504 in
2289 2467 2576 2505 carcerem
2604 2453 2951 2521 conjectum,
2985 2453 3371 2507 disertissime
3404 2456 3582 2506 tradit

1945 2540 2189 2594 idoneus
2221 2546 2425 2593 auctor
2456 2540 2782 2595 Demetrius
2815 2542 3023 2597 Raules
3045 2543 3295 2595 Cubaces
3345 2559 3408 2595 cx
3461 2545 3512 2596 l‘l
3543 2564 3549 2575 -

1945 2629 2119 2684 thone
2143 2631 2420 2694 Uemisto,
2473 2634 2572 2700 qui
2627 2631 2818 2684 videre
2869 2632 3059 2700 potuit
3090 2647 3214 2701 quis
3248 2631 3406 2694 dicit,
3443 2647 3576 2686 cum

1943 2718 2446 2789 Constantinopoli
2494 2719 2605 2773 sub
2656 2719 2931 2774 Michaele
2983 2725 3040 2774 et
3092 2728 3221 2792 post
3265 2719 3420 2774 hunc
3471 2721 3579 2773 sub

1945 2807 2272 2863 Andronico
2308 2808 2529 2872 viverit,
2563 2808 2737 2863 etiam
2764 2825 2795 2862 a
2827 2808 3175 2881 Pacbymere
3199 2815 3578 2865 memoratus.

1941 2899 2085 2953 Vide
2119 2915 2244 2969 qua:
2277 2896 2606 2953 notavimus
2637 2898 2708 2952 ad
2768 2915 2824 2969 p.
2848 2899 2973 2952 314.

2015 2993 2075 3042 P.
2111 2989 2233 3042 496.
2279 2989 2338 3042 In
2387 2988 2699 3058 Acropolita
2747 2989 2975 3058 quidem
3005 2987 3312 3043 ulciscendo
3345 2989 3487 3042 iram
3520 2990 3580 3043 in

1941 3081 2210 3150 potestate
2240 3077 2450 3131 habuit.
2493 3076 2624 3130 Scio
2649 3077 2836 3131 visum
2861 3077 2930 3132 iri
2962 3077 3216 3148 cuiqiam
3242 3077 3438 3132 Grmca
3460 3077 3583 3138 illa,

1944 3166 2032 3220 καὶ
2070 3164 2328 3237 κρείττων
2380 3169 2486 3218 τῶν
2545 3165 2659 3220 κατ’
2711 3163 2912 3218 ἐκεῖνον
2943 3166 3032 3219 τὸν
3085 3166 3254 3238 θυμὸν
3313 3165 3431 3238 ἦγε,
3466 3184 3580 3222 non

1948 3257 2003 3310 id
2038 3257 2191 3326 quod
2238 3260 2408 3310 sonat
2455 3256 2662 3321 versio,
2706 3258 2802 3310 sed
2865 3257 3027 3327 quasi
3080 3256 3433 3310 contrarium
3489 3273 3582 3310 so-

1949 3364 2108 3403 nare.
2142 3347 2355 3400 Verum
2389 3347 2748 3401 adversativa
2799 3364 2926 3418 quas
2961 3363 3088 3401 mox
3115 3347 3380 3416 sequitur
3408 3350 3488 3414 τῷ

1943 3433 2268 3502 Μουζάλωνι
2300 3433 2388 3488 καὶ
2429 3433 2550 3488 λίαν
2603 3433 2966 3509 χολούμενος,
3017 3436 3122 3489 hoc
3157 3436 3396 3504 intelligi
3423 3437 3576 3506 (μιαιιί

1944 3524 2339 3596 expressimus
2368 3526 2424 3578 in
2446 3525 2738 3596 prioribus
2769 3525 2957 3579 verbis
2992 3526 3230 3593 indicat,
3265 3531 3579 3596 quantum-

1944 3615 2031 3668 vis
2065 3614 2185 3680 illa,
2219 3614 2330 3668 huc
2363 3614 2543 3668 invita
2589 3614 3020 3684 pertrahuntur,
3072 3613 3240 3685 plane
3290 3613 3577 3684 siquidem

1945 3703 2274 3774 significare
2293 3702 2414 3756 vult
2436 3703 2878 3757 auctordiverso
2895 3720 2957 3756 ac
2974 3704 3087 3757 fere
3109 3703 3394 3757 contrario
3413 3703 3582 3756 modo

1945 3809 2006 3847 se
2040 3793 2296 3863 gessisse
2350 3795 2672 3863 Augustum
2721 3809 2852 3846 cum
2913 3792 3142 3846 duobus
3197 3792 3374 3855 bisce,
3435 3791 3584 3845 Con—

1945 3881 2206 3936 stantino
2238 3879 2570 3950 AcrOpolita
2600 3885 2651 3933 et
2683 3881 2985 3935 Theodoro
3033 3881 3328 3934 Muzalone
3358 3898 3370 3945 ;
3404 3897 3585 3950 quare

1945 3968 2160 4024 diserte
2197 3968 2501 4024 afﬁrmans
2531 3969 2778 4024 effusam
2833 3969 2891 4024 in
2945 3969 3096 4024 hunc
3147 3970 3218 4024 ab
3278 3985 3344 4024 eo
3398 3973 3583 4024 totam

1945 4060 2323 4115 acerbitatem
2361 4059 2480 4122 iris,
2512 4058 2620 4113 hoc
2653 4059 2778 4129 ipso
2830 4060 3236 4114 necessitatem
3273 4059 3440 4112 nobis
3475 4059 3583 4112 im-

1944 4150 2108 4221 ponit
2133 4145 2498 4219 intelligendi
2533 4147 2738 4202 mitius
2787 4147 2977 4218 egisse
3028 4164 3158 4202 cum
3205 4147 3408 4216 altero,
3440 4155 3491 4201 et
3526 4147 3581 4202 in

1944 4253 2011 4292 eo
2045 4237 2348 4291 multando
2379 4237 2696 4291 iracundia“:
2727 4237 2968 4291 frenum
3002 4236 3332 4303 attraxisse,
3371 4241 3583 4290 utcun-

1945 4345 2058 4399 que
2091 4327 2146 4382 id
2183 4343 2294 4381 non
2329 4326 2483 4381 clare
2511 4327 2824 4398 archetypa
2855 4325 3202 4398 exprimant.
3235 4329 3581 4395 Quanquam

1946 4415 1996 4472 si
2027 4417 2158 4488 quis
2197 4416 2452 4487 penitius
2499 4415 2888 4486 introspiciat,
2931 4416 3160 4471 confido
3187 4414 3585 4487 deprehensu-

1947 4523 2074 4561 rum
2135 4506 2311 4561 etiam
2361 4507 2432 4560 ad
2521 4521 2852 4575 expressem
2913 4523 2947 4560 a
3011 4506 3181 4560 nobis
3238 4504 3586 4559 sententiam

1947 4596 2145 4653 Graeca
2173 4597 2318 4652 satis
2351 4613 2520 4668 posse
2541 4597 2970 4652 accommodari
2990 4597 3087 4668 (1).

184 4678 286 4732 hic
321 4676 728 4732 videslaudari
761 4677 1087 4749 pertinaces
1109 4678 1168 4734 in
1200 4659 1520 4738 schismate
1552 4701 1735 4755 usque
1765 4689 1835 4744 ad
1873 4659 1915 4722 θ
2019 4688 2105 4758 [Ρ.
2140 4687 2264 4757 481]
2321 4659 2375 4741 Ρ..
2436 4687 2557 4742 408.
2593 4687 2669 4741 Ad
2710 4687 2938 4740 Montem
2994 4659 3254 4754 Nigrum.
3319 4683 3587 4756 Supplcvi

188 4766 634 4838 perpetiendam
676 4766 1050 4824 effossionem
1083 4768 1415 4838 oculorum,
1445 4771 1672 4844 imputa
1703 4777 1841 4835 vitio

187 4855 456 4909 historici
484 4854 696 4927 palam,
730 4861 794 4911 ut
841 4857 1062 4913 dictum
1094 4863 1206 4922 est,
1257 4860 1565 4916 schismati
1599 4863 1839 4921 addicti.

190 4947 258 5000 Et
296 4947 587 5016 pertinere
617 4946 732 5002 huc
786 4954 924 5020 puta
968 4949 1205 5021 sapiens
1252 4952 1490 5006 effatum
1523 4955 1710 5009 sancti
1738 4960 1842 5029 Cy-

188 5035 408 5106 priani,
441 5036 762 5104 haereticos,
814 5038 915 5108 qui
965 5056 1069 5109 pro
1100 5041 1190 5095 sui
1239 5043 1452 5096 erroris
1502 5043 1840 5102 defensione

186 5128 326 5180 dira
360 5131 679 5182 mortemve
730 5133 1090 5198 paterentur,
1143 5147 1256 5186 non
1291 5131 1537 5203 gloriam
1573 5137 1836 5207 martyrii

187 5215 430 5280 mereri,
463 5216 560 5270 sed
597 5233 828 5287 pcenam
865 5218 1023 5273 luere
1053 5219 1328 5289 perfidiis.

259 5304 324 5358 P.
359 5304 480 5358 405.
524 5304 979 5362 Constantinum
1029 5309 1420 5378 Acropolitam
1469 5328 1505 5365 α
1535 5322 1694 5381 patre
1717 5331 1836 5370 ma-

177 5411 289 5458 gno
355 5394 622 5462 togotheta
682 5400 988 5465 accrptum.
1057 5397 1250 5452 Videri
1305 5400 1517 5470 poterit
1577 5404 1834 5472 cuipiam

179 5484 504 5553 Georgium
563 5485 952 5554 Acropolitam
1005 5503 1284 5559 magnum
1323 5489 1676 5559 logotbetam
1730 5493 1836 5549 hoc

178 5578 452 5643 tempore
475 5573 599 5643 jam
635 5573 817 5630 fuisse
850 5581 1170 5632 mortuum.
1206 5579 1268 5633 Id
1314 5579 1471 5634 enim
1505 5597 1573 5636 ex
1604 5582 1837 5640 duobus

253 5788 339 5859 (1)
373 5788 459 5844 Cf.
489 5788 628 5844 Obs.
663 5788 733 5844 ad
772 5790 1082 5849 Andronic.
1117 5791 1156 5848 l.
1191 5810 1253 5862 ιι,
1288 5811 1338 5851 c.
1370 5797 1422 5852 1.

1954 4777 2024 4831 ad
2060 4775 2157 4830 illa
2178 4778 2374 4832 Greca
2401 4774 2540 4847 πρὸς
2583 4775 2644 4828 τὸ
2682 4773 2847 4846 μέλαν
2891 4775 3239 4830 vocabulum
3275 4769 3399 4846 ὅρος
3430 4791 3588 4826 mon-

1952 4875 2080 4920 tem.
2114 4866 2291 4921 Erant
2321 4865 2377 4920 in
2410 4869 2599 4920 Monte
2637 4866 2802 4935 nigro
2836 4864 3104 4920 monachi
3139 4863 3397 4935 plurimi,
3430 4868 3486 4916 et
3518 4863 3588 4916 ad

1951 4955 2371 5025 capessendam
2407 4955 2784 5009 monasticam
2813 4953 3231 5024 professionem
3267 4967 3590 5006 accommo-

1950 5045 2124 5099 datus
2193 5044 2289 5098 ille
2347 5043 2531 5098 locus.
2598 5045 2795 5114 itaque
2865 5040 2983 5095 illic
3058 5039 3380 5094 monachus
3449 5038 3590 5092 olim

1948 5134 2169 5188 vixerat
2224 5136 2550 5188 Germanus
2605 5136 2807 5202 postea
2862 5130 3214 5201 patriarcha.
3275 5132 3336 5182 ut
3397 5133 3596 5181 noster

1948 5223 2138 5289 docet,
2167 5240 2219 5292 p.
2253 5222 2394 5288 280;
2454 5220 2819 5275 Theodosius
2868 5219 3008 5274 item
3055 5218 3348 5290 princeps,
3383 5217 3592 5271 deinde

1949 5311 2282 5384 patriarcha
2341 5309 2762 5375 Antiochenus,
2818 5314 2884 5363 ut
2944 5308 3255 5362 habeturl.
3315 5324 3368 5374 ν,
3403 5323 3452 5360 c.
3498 5308 3586 5360 2’1.

1951 5403 2175 5456 Poterat
2199 5406 2255 5455 et
2279 5401 2346 5455 ad
2371 5399 2434 5452 τὸ
2470 5397 2639 5469 μέλαν
2663 5398 3022 5466 subintelligi
3062 5397 3274 5469 σχῆμα,
3311 5397 3461 5466 quod
3497 5412 3589 5449 ve-

1947 5493 2056 5547 stis
2075 5490 2496 5545 monachorum
2524 5506 2622 5559 per
2646 5489 2938 5544 Orientem
2970 5489 3134 5554 nigra
3152 5495 3323 5540 esset:
3349 5488 3442 5539 sed
3465 5502 3587 5537 ver-

1948 5582 2090 5637 bum
2138 5582 2461 5656 καταφυγεῖν
2522 5578 2893 5634 commodius
2961 5578 3209 5631 refertur
3266 5576 3335 5628 ad
3397 5574 3587 5628 locum
