4218 6450
627 387 761 440 1147
1482 396 1544 446 Ρ.
1586 393 1863 448 POSSINI
1901 392 2314 448 OBSERVATE

2424 390 2516 444 ΠΜ
2554 388 2687 439 LIB.
2730 387 2802 437 II.
2838 409 2904 420 --
2932 381 3160 434 ΝΟΤΒ.
3893 366 4026 421 1148

630 529 806 580 quam
841 513 911 567 ad
943 517 1180 570 vestem.
1213 519 1328 570 Nec
1359 515 1546 571 obstat
1581 519 1929 588 conjectura
1979 517 2134 588 quod
2175 515 2270 570 hic
2301 517 2354 582 Α
2386 513 2531 568 ravit
2557 527 2659 581 per
2705 507 2902 579 plures
2948 509 3155 569 annos,
3207 499 3517 588 repudiata
3547 497 3817 588 libertate
3850 497 3911 548 et
3945 509 4027 588 re:

632 602 867 670 dicitur,
900 608 1166 657 exactum
1216 621 1248 657 a
1296 605 1592 660 Cotanitza
1628 583 1804 672 (haud
1838 583 2012 660 dubie
2042 606 2114 660 ab
2148 611 2268 658 Au-
2378 599 2683 656 stitutione
2715 597 2772 650 in
2827 595 3122 664 integrum
3154 588 3350 645 oblata
3389 587 3438 640 ei
3472 586 3544 640 ab
3589 584 3945 654 imperatore
3980 583 4024 634 si

633 692 825 761 gusto)
856 698 916 744 ut
943 692 1137 745 statim
1167 701 1383 748 vestem
1408 710 1632 748 sacram
1659 695 2099 749 indueret.Nam
2133 693 2274 748 hinc
2379 691 2626 746 deiicere
2655 691 2673 760 (
2708 687 2769 742 P.
2820 685 2946 754 482)
2980 701 3012 737 a
3060 679 3477 769 communione
3522 677 3783 730 Romana
3835 672 4032 769 vellet,

632 760 821 849 potius
845 792 1076 848 apparet
1107 781 1346 851 petitam
1380 781 1613 837 nomine
1643 783 1954 839 Cotanitzaa
1981 783 2052 836 ab
2085 782 2274 852 impe-
2383 780 2440 834 in
2472 794 2586 850 qua
2618 775 2873 846 denique
2905 772 3059 826 diem
3100 767 3246 825 obiit
3274 767 3573 823 confectus
3612 762 3897 852 arumnis
3933 760 4033 852 Dei

633 848 822 923 ratore
868 848 1195 924 facultatem
1248 870 1426 926 eundi
1456 873 1528 926 ad
1561 872 1814 928 Montem
1859 872 2134 943 Nigrum:
2170 848 2273 925 sed
2382 848 2560 926 causa
2584 865 2870 920 toleratis.
2923 860 3069 915 Vide
3115 875 3244 929 qua
3285 855 3553 927 superius
3592 851 3931 908 notavimus
3965 848 4034 903 ad

635 958 792 1012 hunc
823 959 1067 1012 veritum
1100 975 1170 1014 ne
1195 961 1246 1015 is
1285 961 1366 1016 sic
1413 962 1691 1017 dimissus
1738 963 1850 1018 alio
1908 963 2113 1029 abiret,
2144 977 2275 1016 exe-
2384 973 2433 1015 c.
2465 957 2559 1024 28,
2593 954 2629 1008 l.
2666 971 2739 1009 ιν.

638 1048 792 1118 gisse
824 1054 885 1101 ut
918 1047 1112 1102 statim
1147 1064 1208 1103 se
1241 1049 1506 1120 alligaret
1537 1052 1862 1107 monastica
1891 1051 2275 1122 professione,

2459 1082 2519 1135 P.
2567 1070 2695 1132 531.
2748 1074 2864 1142 Τήν
2920 1072 3106 1145 ψυχὴν
3168 1067 3418 1145 ἀφίησιν.
3485 1066 3622 1121 Post
3682 1063 3802 1118 haec
3842 1061 4038 1116 Vatic.

639 1151 802 1190 sacro
832 1135 1031 1190 habitu
1071 1137 1293 1192 induto.
1329 1139 1490 1203 Quod
1541 1139 1638 1194 ille
1696 1140 1776 1194 nil
1811 1155 2090 1194 recusans
2123 1137 2274 1194 fecit.

2424 1171 2513 1226 0d.
2563 1163 2684 1223 haec
2718 1135 3075 1235 sutijun'gi't‘i
3098 1161 3162 1214 Ὀ
3212 1135 3379 1231 μηδὲν
3411 1155 3474 1209 τὸ
3531 1153 3782 1227 παράπαν
3813 1151 4048 1204 πώποτε

709 1243 768 1299 Ρ.
814 1243 939 1299 505.
1000 1245 1062 1299 Ut
1108 1247 1417 1315 imperator
1461 1262 1592 1301 cum
1633 1249 1865 1303 Μίδα...
1927 1239 2281 1302 anathemati

2424 1256 2728 1326 εθνήεεσθαι
2803 1247 3227 1327 προσδοκήσας,
3312 1241 3396 1298 διὸ
3470 1242 3560 1297 καὶ
3637 1243 3830 1314 ὅρκους
3916 1235 4048 1327 τοὺς

638 1331 1068 1401 subjicerentar.
1105 1332 1401 1389 Recitatur
1428 1335 1498 1389 ab
1549 1335 1792 1391 Odorioo
1835 1337 2127 1407 Raynaldo
2161 1337 2280 1390 hac

2424 1324 2572 1418 νομα
2615 1347 2748 1398 Θεοῦ
2805 1324 3064 1418 φέροντας
3123 1334 3198 1396 εἷς
3257 1331 3409 1388 οὐδὲν
3466 1330 3764 1403 ἐλογίζετο,
3794 1329 3884 1381 καὶ
3926 1324 4051 1380 ἀδι-

641 1421 1260 1478 excommunicationis
1289 1425 1342 1478 in
1364 1425 1694 1480 Michaelem
1723 1425 2108 1497 Paleeologum
2147 1442 2281 1481 sen-

2429 1435 2508 1488 iav
2568 1435 2658 1486 καὶ
2715 1431 2912 1507 φόνους
2966 1428 3054 1481 καὶ
3110 1423 3380 1496 τιμωρίας
3413 1422 3488 1482 ὡς
3529 1419 3795 1478 κώνωπος
3849 1418 4048 1489 πρᾶξιν

643 1511 822 1566 tentia
865 1512 935 1564 ad
983 1528 1200 1566 annum
1243 1513 1399 1568 i28i.
1461 1515 1567 1568 Ubi
1615 1526 1952 1586 quaanam
2011 1515 2284 1586 culpatur

2424 1527 2599 1598 ,γεῖτοο
2661 1505 2814 1589 ὅμως
2871 1514 3043 1572 ἔκειτο
3101 1513 3309 1587 νεκρὸς,
3365 1509 3456 1564 καὶ
3515 1507 3738 1580 δάκρυσι
3786 1510 3895 1558 τῶν
3965 1505 4054 1557 οῗ-

643 1599 997 1670 Ροιωοιοειη
1044 1601 1194 1668 quod
1245 1607 1410 1670 pacta
1442 1618 1510 1657 ex
1558 1603 1670 1658 lide
1709 1604 1862 1659 circa
1910 1602 2283 1659 caseordiam

2424 1594 2552 1667 ,έίων
2583 1605 2863 1683 ἐϐρέχετο.
2915 1605 3022 1675 Qui
3049 1614 3335 1675 nunquam
3372 1617 3429 1656 se
3485 1601 3822 1654 moriturum
3864 1594 4055 1651 credi-

646 1687 1030 1743 Ecclesiarum
1068 1705 1179 1743 non
1224 1688 1528 1761 explesset,
1581 1691 1730 1746 haud
1764 1696 1960 1747 tamen
1993 1691 2157 1748 facile
2188 1693 2285 1746 ad-

2424 1703 2574 1766 ierat,
2607 1701 2834 1771 ideoque
2862 1690 3177 1767 iuramenta
3216 1693 3311 1747 Dei
3355 1705 3556 1747 women
3602 1687 3848 1758 ferentia
3875 1684 4056 1739 nihili

646 1778 825 1832 ducor
867 1781 929 1830 ut
977 1778 1226 1846 credam,
1273 1781 1424 1848 quod
1462 1778 1580 1835 illic
1627 1780 1714 1834 vir
1761 1780 1859 1835 ille
1909 1780 2287 1836 doctissimus
2397 1791 2659 1858 duxerat,
2712 1785 2950 1859 injurias
2987 1794 3137 1848 vero,
3181 1782 3356 1838 cades
3435 1787 3484 1835 et
3536 1775 3811 1849 supplicia
3870 1789 4054 1839 δάκρυα,

646 1869 874 1922 videtur
904 1868 1155 1937 cpinari,
1190 1868 1421 1939 culpam
1471 1871 1841 1942 imperatoris
1884 1871 1940 1924 in
1991 1888 2057 1926 eo
2089 1871 2285 1941 sitam,
2321 1875 2365 1938 Β
2396 1872 2685 1954 quasnam
2710 1877 2783 1933 εἰς
2806 1874 3054 1932 homines
3075 1859 3168 1954 ,ςεά
3189 1864 3387 1926 culices
3413 1867 3765 1935 ικάενσηιυν,
3795 1879 4060 1954 εχει-σῳ.

651 1958 822 2027 quod,
877 1957 1031 2012 sicut
1089 1959 1448 2026 promiserat,
1517 1976 1630 2014 non
1691 1954 1979 2016 eileclsset
2035 1957 2188 2016 080
2229 1956 2291 2016 ut

2424 1971 2487 2026 ut
2508 1966 2656 2026 881
2705 1964 2960 2024 [stamen
2992 1953 3202 2034 iacebat
3251 1954 3498 2015 mortuus
3555 1954 3606 2012 et
3657 1953 3920 2025 lacrymt's
3955 1953 4061 2007 do-

654 2046 834 2101 θτίθοί
860 2046 1208 2118 Ρθτίίουηπη
1255 2048 1501 2120 Filioque
1531 2050 1803 2121 symbolo
1834 2051 2134 2106 adderent
2168 2050 2292 2106 Non
2398 2059 2752 2117 nauticarum
2776 2053 3094 2126 rigabutur.
3122 2046 3252 2105 Haec
3283 2065 3418 2104 cum
3453 2047 3509 2102 id
3535 2050 3743 2101 neutro
3775 2043 4059 2098 codicum

652 2133 808 2187 enim
843 2132 1164 2202 reperimus
1195 2132 1252 2186 id
1288 2134 1360 2187 ab
1391 2149 1456 2189 eo
1489 2141 1755 2190 exactum
1787 2141 1886 2190 aut
1915 2135 2107 2206 ipsum
2139 2149 2292 2191 rece-

652 2221 845 2291 pisse;
898 2221 1427 2293 adnotavimusque
1474 2225 1747 2295 superius
1795 2226 1866 2280 ad
1918 2241 1968 2280 c.
2022 2220 2089 2279 15
2118 2226 2295 2295 hujus

652 2310 808 2378 libri,
833 2309 1151 2365 Ecclesiam
1186 2311 1446 2367 Latinam
1488 2314 1630 2368 satis
1680 2313 1980 2382 habuisse,
2033 2315 2081 2369 si
2113 2313 2295 2369 Graeci

654 2403 868 2473 dogma
914 2401 1106 2470 ipsum
1159 2403 1550 2471 processionis
1599 2405 1849 2474 Spiritus
1897 2404 2085 2459 sancti
2116 2405 2294 2459 etiam

655 2508 724 2547 ex
786 2490 923 2546 Filio
1002 2491 1433 2561 proﬁterentur,
1492 2501 1545 2548 et
1617 2493 1855 2549 Latinos
1916 2499 2300 2564 agnoscerent

649 2582 813 2652 justa
843 2597 909 2636 ex
954 2596 1135 2636 causa
1183 2580 1586 2637 declarationis
1633 2582 2017 2654 expressioris
2055 2583 2296 2638 verbum

653 2670 800 2724 illud
834 2656 1364 2738 Symbolo‘Niceeno
1397 2670 1711 2738 addidisse,
1763 2688 1876 2726 non
1913 2670 2300 2742 praecipiendo

658 2765 718 2811 ut
748 2755 861 2828 ipsi
915 2756 1134 2828 pariter
1178 2756 1321 2811 illud
1381 2759 1681 2813 adderent.
1724 2762 1898 2814 Fdere
1945 2764 2139 2814 autem
2188 2759 2300 2814 alia

656 2846 870 2914 quibus
903 2846 1104 2900 merito
1145 2850 1454 2917 suspectus
1497 2852 1598 2902 aut
1644 2848 1819 2904 etiam
1874 2850 2178 2903 convictus
2209 2848 2306 2904 iic-

658 2934 834 2990 tionis
875 2934 1054 2990 videri
1101 2936 1296 3006 potuit
1347 2935 1746 3008 Halaeologus:
1782 2945 1920 3008 puta
1968 2940 2304 2993 vexationes

660 3023 831 3079 Vecci
889 3023 1192 3079 orthodoxi
1245 3025 1610 3096 patriarcha,
1664 3041 1791 3098 quae
1840 3025 2008 3080 illum
2050 3027 2121 3081 ad
2155 3026 2307 3082 ultro

662 3112 1048 3168 abdicandam
1090 3112 1437 3184 dignitatem
1487 3121 1824 3186 coegerunt,
1868 3121 2098 3170 narrate
2129 3134 2162 3171 a
2199 3117 2306 3170 Pa.

660 3202 931 3273 chymere
965 3201 1073 3256 hoc
1126 3200 1274 3256 libro
1305 3219 1339 3256 a
1369 3187 1425 3257 ο.
1456 3205 1523 3257 10
1552 3203 1624 3258 ad
1677 3205 1764 3271 14,
1796 3208 1855 3259 et
1889 3205 2042 3274 quod
2076 3210 2174 3259 aut
2206 3221 2304 3260 ne~

666 3289 831 3345 scivit
861 3297 959 3344 aut
990 3289 1385 3345 dissimulavit
1414 3294 1962 3364 noster,conjuratio
1997 3294 2306 3363 imperato-

666 3379 747 3434 ris
779 3377 1080 3433 Michaelis
1108 3394 1242 3433 cum
1286 3379 1498 3436 Siculis
1529 3398 1559 3437 e
1590 3383 1755 3437 Petro
1802 3397 1934 3454 rege
1972 3389 2308 3454 Aragonum

668 3473 873 3524 contra
911 3467 1175 3522 Carolum
1225 3469 1450 3539 Apuliae
1497 3476 1553 3526 et
1609 3470 1816 3527 Sicilia
1861 3489 2053 3544 regem
2101 3490 2134 3528 a
2175 3473 2311 3528 sede

668 3556 989 3628 apostolica
1036 3557 1371 3628 probatum,
1409 3561 1580 3630 cujus
1632 3559 1917 3632 Gregoras
1961 3563 2225 3617 meminit
2255 3565 2313 3617 et

670 3647 768 3702 alii
801 3652 1131 3718 temporum
1165 3647 1400 3703 illorum
1437 3649 1752 3720 scriptores
1791 3650 1952 3705 relati
1985 3652 2043 3705 in
2077 3652 2312 3706 Annali-

672 3738 783 3792 bus
816 3736 1228 3791 ecclesiasticis
1253 3737 1326 3791 ab
1360 3739 1672 3809 Spondano
1690 3745 1748 3795 et
1770 3739 2067 3814 Raynaldo
2117 3742 2187 3796 ad
2211 3757 2314 3796 an-

671 3843 813 3881 num
853 3827 989 3880 1280
1017 3831 1074 3880 et
1104 3835 1462 3898 sequentem.
1505 3831 1628 3894 Quo
1677 3832 1927 3901 pertinet
1956 3831 2110 3902 quod
2143 3831 2316 3886 istam

672 3915 730 3969 in
757 3914 1101 3970 Michaelem
1140 3917 1762 3974 excommunicationis
1812 3920 2164 3975 sententiam
2190 3933 2316 3989 per-

672 4005 850 4060 latam
885 4005 1144 4060 instante
1170 4005 1372 4061 Caiolo
1402 4022 1538 4079 rege
1559 4006 1821 4063 historici
1854 4017 2046 4064 rerum
2079 4007 2317 4065 illarum

674 4097 1020 4164 memorant,
1083 4098 1147 4149 ut
1189 4095 1267 4149 ibi
1317 4096 1450 4151 licet
1494 4095 1706 4152 videre.
1762 4098 2063 4169 Cogitasse
2123 4103 2318 4153 autem

675 4183 1062 4255 Palaaologum
1106 4184 1215 4238 hoc
1259 4201 1381 4241 suae
1420 4187 1816 4243 damnationis
1855 4188 2061 4243 nuntio
2102 4187 2324 4258 percul-

677 4291 808 4329 sum
841 4278 1052 4328 cuncta
1100 4291 1224 4345 qua:
1258 4291 1360 4345 pro
1411 4277 1720 4331 concordia
1759 4276 2149 4332 Ecclesiarum
2185 4276 2322 4331 hau-

675 4371 850 4421 tenus
880 4369 1075 4436 egerat
1104 4365 1450 4432 rescindere,
1492 4368 1643 4436 quod
1678 4366 1774 4422 hic
1811 4371 2009 4422 noster
2047 4367 2321 4434 affirmat,

679 4463 793 4511 no'n
829 4460 916 4510 est
948 4471 1188 4526 prorsus
1219 4454 1598 4510 inverisimile
1653 4457 1708 4510 in
1743 4457 1980 4511 homine
2021 4471 2191 4527 quem
2226 4472 2325 4525 ap-

681 4549 846 4615 paret
876 4544 1128 4615 politicis
1162 4545 1412 4599 maxime
1435 4546 1764 4600 rationibus
1803 4555 1855 4600 et
1895 4551 2050 4600 metu
2083 4545 2325 4600 infenset

2401 2150 2755 2221 optimorum
2791 2143 3176 2216 reperiantur.
3201 2151 3314 2193 non
3347 2141 3624 2208 putamus
3665 2147 3795 2188 esse
3828 2129 4062 2198 Pachy-

2403 2238 2605 2305 meris,
2666 2237 2763 2290 sed
2810 2227 3248 2302 interpolatoris
3287 2232 3346 2282 et
3409 2223 3830 2296 paraphrasim,
3880 2236 4060 2290 quem

2404 2320 2626 2382 scimus
2659 2329 2716 2380 et
2747 2321 2862 2377 alia
2893 2326 3107 2392 praetor
3129 2315 3388 2372 auctoris
3411 2318 3666 2368 mentem
3701 2306 4053 2364 inseruisse.

2405 2414 2752 2474 Medoratior
2780 2415 2869 2466 est
2897 2409 3054 2464 cnim
3083 2411 3282 2462 noster
3313 2397 3631 2458 historicus
3663 2412 3843 2472 quam
3879 2402 3947 2452 ut
3978 2396 4063 2451 sic

2407 2503 2682 2562 atrociter
2712 2498 3030 2556 Insultasse
3067 2494 3362 2570 putandus
3393 2492 3472 2547 sit
3519 2494 3746 2545 mortuo
3780 2486 4064 2560 principi,

2407 2597 2577 2666 cujus
2601 2594 2753 2647 bona
2784 2569 3286 2658 malaquellbere,
3317 2583 3417 2637 sed
3449 2571 3596 2636 citra
3624 2569 4065 2648 malignitatem

2407 2685 2465 2739 in
2499 2683 2620 2737 haec
2651 2672 2897 2736 historia
2945 2673 3250 2745 expressit.
3290 2668 3501 2742 Magna
3549 2674 3609 2724 et
3645 2680 3784 2722 vera
3813 2665 3950 2720 laus
3981 2668 4071 2720 est

2410 2766 2713 2830 Michaelis
2735 2759 3043 2837 PalasolOgi
3075 2763 3230 2817 inter
3261 2759 3466 2829 multa,
3492 2772 3617 2831 qua
3649 2772 3753 2812 nec
3786 2755 4070 2810 dissimu-

2413 2859 2516 2919 lari
2543 2871 2648 2916 nec
2679 2857 2912 2931 probari
2949 2853 3219 2925 possunt,
3252 2865 3557 2922 perperam
3585 2849 3754 2914 facta,
3776 2859 3981 2915 pacem
4017 2841 4076 2898 et

2412 2948 2787 3008 concordiam
2836 2944 3228 3000 Ecclesiarum
3269 2939 3566 2994 indefesso
3615 2937 3688 2991 ad
3732 2939 4073 2990 extremum

2415 3041 2610 3096 studio
2666 3036 2908 3092 ursisse.
2968 3035 3034 3087 Et
3063 3033 3273 3085 merito
3325 3043 3461 3083 eum
3521 3026 3628 3080 hac
3688 3023 3986 3095 pracipue
4019 3026 4076 3077 te

2413 3123 2625 3186 Joanni
2681 3125 2930 3182 Batatzaa
2975 3116 3370 3194 precelluisse
3419 3113 3706 3186 Georgius
3738 3109 4078 3176 Metochita

2418 3219 2675 3274 aiTirmat
2731 3214 2993 3270 oratione
3054 3209 3243 3280 prima
3291 3205 3590 3262 historica.
3639 3203 3732 3258 Ait
3790 3201 3869 3255 ibi
3933 3216 4072 3255 eum

2421 3320 2637 3379 magna
2678 3320 2780 3376 spe
2831 3315 3126 3374 generosa:
3161 3296 3398 3361 indolis,
3445 3309 3576 3348 cum
3610 3309 3751 3347 cura
3786 3287 4073 3361 peculiari

2417 3393 2488 3454 ad
2523 3411 2753 3451 summa
2778 3404 3026 3464 quaeque
3054 3389 3360 3444 eduCatum
3395 3384 3504 3438 sub
3550 3381 3778 3438 Joanne
3811 3381 4072 3464 Batatza,

2419 3503 2534 3541 non
2594 3500 2769 3556 parvo
2796 3461 2998 3536 vetiam
3053 3477 3240 3549 ipsius
3299 3470 3585 3546 principis
3629 3471 3844 3534 favore,
3878 3472 3985 3519 πᾶν
4018 3461 4072 3518 ἐν

2419 3554 2861 3646 ἀριστοϐουλίαις
2942 3565 3031 3620 καὶ
3117 3560 3558 3638 ἂριστοπραξὶαις
3632 3554 4072 3631 κατωρθωμένων

2423 3661 2588 3732 αὐτῷ,
2620 3669 2815 3715 cuncta
2847 3661 2962 3731 ejus
2985 3656 3290 3712 rectissime
3325 3647 3586 3707 consulta
3615 3650 3926 3732 Optimaque
3953 3651 4078 3699 acta

2422 3730 2695 3810 imitando
2742 3730 3094 3819 expressisse,
3134 3743 3223 3796 καὶ
3293 3737 3583 3813 ἐκμαγεῖον
3633 3730 3915 3809 γεγονέναι
3964 3737 4076 3786 τῶν

2421 3840 2620 3897 *τούτου
2650 3835 3175 3908 πλεονεκτημάτων,
3208 3841 3257 3888 ει
3285 3831 3354 3886 ad
3382 3831 3568 3886 vivum
3593 3843 3912 3898 expressam
3931 3825 4082 3879 ima-

2425 3929 2609 4004 ginem
2635 3929 2871 3984 evasisse
2917 3909 3171 3982 decorum
3215 3919 3394 3976 illius.
3439 3917 3570 3974 Mox
3601 3916 3759 3972 addit
3799 3915 4082 4004 eumdem

2427 4000 2714 4078 iloannem
2745 4017 2917 4088 longe
2947 4033 2980 4070 a
3012 4011 3292 4070 Mlehaele
3329 4013 3695 4080 superatum,
3748 4000 4081 4077 praesertim

2429 4127 2496 4166 eo
2527 4109 2707 4180 quod.
2734 4120 2912 4177 quam
2941 4095 3038 4158 ille
3070 4100 3259 4157 solum
3308 4095 3663 4170 cogitaverat
3693 4092 3750 4148 et
3781 4090 4086 4147 mentione

2431 4202 2716 4256 duntaxat
2748 4188 2939 4268 prima
2968 4192 3384 4248 informaverat
3424 4181 3817 4242 Ecclesiarum
3849 4197 4085 4253 pacem,

2431 4283 2808 4354 hicconsilio,
2841 4287 3076 4350 conatu,
3102 4277 3532 4352 perseverantia
3553 4273 3804 4343 denique
3835 4269 4085 4341 peregit,

2433 4383 2489 4434 et
2537 4377 2776 4441 factam,
2827 4372 3018 4445 quoad
3052 4370 3111 4424 in
3155 4369 3273 4422 vita
3317 4361 3594 4436 perstitit,
3643 4359 3856 4416 tenuit.
3890 4358 4088 4422 Quare

2433 4465 2573 4522 totis
2621 4459 2869 4520 habenis
2921 4457 3084 4514 albas
3135 4459 3292 4512 idem
3353 4447 3671 4510 Metochita
3729 4446 4091 4518 eloquentia:

2435 4556 2750 4626 quadrigas
2784 4554 2840 4606 in
2885 4547 3012 4621 ejus
3044 4541 3250 4602 laudes
3287 4537 3443 4601 Velut
3495 4540 3554 4595 in
3587 4553 3860 4610 campum
3885 4537 4095 4626 rheto-

679 4605 786 4689 sibi
823 4605 1088 4704 potentiae
1142 4633 1326 4688 Caroli
1379 4636 1533 4705 regis
1573 4636 1641 4689 ad
1693 4635 1867 4690 istam
1917 4634 2314 4689 tractationem

2436 4605 2563 4702 ἐυω
2597 4605 3022 4697 Μῗέτειιιιοηῖιιπι
3047 4631 3329 4698 admittit,
3353 4631 3547 4692 Οὗτος,
3580 4628 3855 4696 inquiens
3888 4625 3917 4677 6
3949 4622 4098 4676 κλει-

681 4724 1022 4778 adductum.
1052 4724 1267 4778 Tamen
1302 4723 1358 4778 id
1391 4738 1524 4779 eum
1558 4739 1671 4780 non
1701 4725 1909 4780 fecisse
1955 4726 2202 4778 testatur
2232 4722 2326 4777 hic

682 4818 898 4868 noster.
933 4819 989 4867 et
1037 4813 1148 4883 ipsi
1199 4812 1379 4868 Graeci
1429 4815 1784 4868 schismatici
1837 4824 2174 4884 persuasum
2221 4811 2325 4867 ha.

684 4905 938 4958 buerunt
983 4903 1180 4974 ipsum
1234 4920 1421 4973 usque
1453 4904 1520 4957 ad
1579 4909 1824 4958 mortem
1858 4907 1916 4957 in
1950 4903 2062 4957 fide
2085 4915 2326 4958 concor-

685 4994 792 5047 diae
824 4992 1191 5063 perstitisse;
1226 5006 1350 5062 quas
1397 5008 1578 5048 causa
1607 4993 1749 5063 ipsis
1800 4993 1911 5048 fuit
1943 5006 2078 5048 eum
2112 4992 2329 5047 honore

684 5082 1000 5152 sepultura
1025 5083 1358 5136 fraudandi.

756 5191 816 5244 P.
849 5191 974 5245 521.
1011 5192 1337 5260 Αενοροιίια
1361 5207 1597 5259 magnus
1630 5189 1908 5263 logotheta
1940 5191 2070 5244 dum
2103 5191 2327 5244 viveret.

687 5281 816 5336 Hice
851 5282 1111 5335 indicant
1158 5281 1434 5352 scripisse
1469 5282 1581 5335 ista
1627 5279 2038 5350 Pachymerem
2075 5280 2184 5334 sub
2220 5281 2330 5332 An-

687 5371 947 5436 dronico,
984 5376 1039 5423 et
1069 5371 1301 5440 quidem
1340 5369 1536 5425 multis
1569 5372 1738 5423 annis
1771 5375 1899 5439 post
1947 5379 2185 5423 mortem
2220 5362 2332 5421 Mi-

688 5461 902 5515 chaelis
935 5462 1205 5531 Augusti.
1239 5460 1384 5514 Nam
1407 5461 1691 5531 Georgius
1719 5458 2045 5528 Acr0polita
2067 5464 2334 5512 mortuus

691 5559 777 5605 ost
811 5552 868 5605 in
913 5567 1162 5616 carcere,
1215 5551 1273 5604 in
1326 5565 1501 5622 quem
1548 5551 1843 5619 conjectus
1898 5548 2082 5602 fuerat
2113 5549 2183 5602 ab
2217 5551 2333 5601 An-

691 5643 930 5696 dronico
955 5641 1064 5696 sub
1124 5641 1357 5695 initium
1391 5641 1518 5709 ejus
1565 5639 1820 5710 imperii,
1855 5641 2008 5710 quod
2044 5639 2335 5693 schisma-

691 5733 824 5788 ticis
858 5731 1126 5787 assentiri
1177 5730 1377 5796 nollet,
1428 5730 1486 5784 in
1517 5746 1698 5800 eoque
1745 5735 2022 5784 constans
2069 5744 2336 5800 perseve-

2433 4734 2525 4797 νὸς
2556 4731 2608 4787 ἐν
2640 4722 3033 4804 αὐτοκράτορσι
3082 4720 3341 4797 Μιχαὴλ,
3403 4721 3464 4774 τὸ
3514 4718 3651 4792 μέγα
3699 4722 3799 4784 τῆς
3829 4715 3970 4785 ἑῴας
4004 4715 4096 4766 καὶ

2437 4820 2687 4900 ἑσπερίου
2735 4817 2944 4891 λήξεως
2995 4814 3189 4890 ὄνομα,
3246 4812 3460 4900 gillo»:
3511 4807 3569 4864 δὲ
3619 4812 3718 4900 τῆς
3765 4805 4100 4900 Δοῗκουμιεκδι-

2435 4920 2537 4984 κῆς
2570 4894 3014 4988 λητραμερείας,
3071 4906 3134 4960 τὸ
3192 4896 3426 4979 φοϐερὸν
3475 4901 3564 4954 καὶ
3623 4894 3884 4972 ἆγακλεὶς
3939 4915 4100 4968 περι-

2439 4985 2760 5079 θρῦλλημα,
2821 5001 2848 5054 ὁ
2879 4999 2978 5068 τὴν
3025 4989 3294 5052 εὐσέϐειαν
3346 4985 3612 5071 ἀρραγὴς,
3645 4989 3672 5042 ὁ
3732 4985 3935 5079 βερμὸς

2439 5074 2575 5167 πρὸς
2631 5093 2760 5147 Θεὸν
2819 5087 3142 5158 πεποίθησιν
3201 5084 3290 5138 καὶ
3343 5079 3686 5143 ἀδίστακτος,
3727 5078 3754 5130 ὁ
3803 5075 3933 5146 παρ’
3966 5074 4102 5128 ὅλον

2440 5164 2607 5238 αὖτοῦ
2661 5182 2722 5236 τὸ
2787 5181 3056 5253 βιώσιμον
3115 5169 3418 5250 πρόϐλημα
3465 5170 3563 5236 τὴν
3606 5164 3878 5238 εἰλικρινῆ
3914 5164 4102 5217 πῖστιν

2440 5273 2772 5344 ποιούμενος
2823 5270 2910 5323 καὶ
2949 5270 3047 5322 ὅσα
3075 5267 3172 5333 τῆς
3222 5261 3532 5334 ἀμωμήτου
3563 5259 3793 5314 πίστεως
3844 5251 4109 5324 σύμϐολα

2442 5364 2548 5436 πρὸ
2580 5361 2778 5421 παντὸς
2834 5354 3016 5433 ἔργου,
3057 5355 3164 5429 πρὸ
3189 5350 3388 5411 παντὸς
3441 5347 3810 5417 διανοήματος
3843 5347 3931 5398 καὶ
3973 5345 4106 5418 βου-

2445 5452 2717 5525 λεύματος
2765 5447 2815 5501 ἐν
2860 5447 3021 5501 παντὶ
3061 5445 3250 5518 τρόπῳ
3279 5463 3337 5495 τε
3367 5440 3457 5494 καὶ
3491 5441 3686 5509 καιρῷ,
3722 5435 3774 5525 ἐν
3807 5439 3994 5504 ταυτῷ
4027 5438 4110 5497 τῷ

2444 5546 2768 5609 καθεσθῆναι
2816 5536 2904 5591 καὶ
2955 5536 3247 5602 ἀναστῆναι
3298 5535 3387 5583 καὶ
3440 5526 3636 5601 μέχρις
3685 5522 3849 5577 αὐτοῦ
3879 5527 3978 5575 τοῦ
4011 5544 4113 5575 τυ-

2445 5632 2644 5708 χόντος
2702 5630 3006 5700 κινήματος
3060 5626 3092 5692 ἢ
3158 5619 3516 5698 βαδίσματος,
3562 5617 3596 5683 ἡ
3633 5611 3905 5684 ἀκοῖματος
3935 5614 4115 5708 ιρρήν,

2451 5700 2854 5795 ίμεγαλόνους
2901 5715 3187 5790 ἄνθρωπος
3245 5708 3335 5764 καὶ
3386 5706 3656 5781 οὐράνιος,
3712 5705 3739 5757 ὁ
3792 5700 4116 5776 μεγαλουρ-
