4248 6438
218 403 358 467 1149

1384 392 1541 468 ω.
1581 402 1683 460 III.
1717 435 1784 448 —
1812 388 2433 472 menumquam.

3488 409 3627 464 1150

212 535 308 608 γός
339 532 428 587 καὶ
482 523 960 625 [inultis-13601.0(,
1008 526 1036 582 ὁ
1085 521 1489 625 Romus-ouum
1546 528 1861 588 Παλαιολό.

1972 554 2190 625 gnando
2253 556 2631 615 consueverat.
2695 557 2885 614 Codex
2951 548 3307 612 Barborinus
3374 552 3620 607 formam

214 645 325 699 γων
381 620 638 696 βλτπὸά,
682 619 771 673 καὶ
829 617 1046 690 σύμπαν
1105 617 1554 692 ἀξιοθαύμὰστος.
1615 622 1860 694 Inclytus

217 711 278 769 in
310 711 734 783 imperatoribus
780 708 1040 776 Michael,
1088 716 1353 779 magnum
1400 708 1778 766 Orientalium
1810 715 1861 767 et

219 794 586 857 Occiduorum
639 802 914 853 tractuum
960 803 1184 866 ποηιση,
1243 801 1339 852 aut
1394 795 1575 865 potius
1628 802 1862 872 quatuor

215 885 414 943 mandi
439 885 733 941 cardinum
759 888 937 940 terror
965 889 1019 940 et
1047 886 1249 956 gloria,
1277 880 1488 956 pietate
1532 888 1861 945 constantis-

213 967 378 1042 sima,
420 975 634 1047 ﬁducia
678 974 742 1030 in
788 975 959 1029 Deum
1002 974 1240 1030 ardente
1272 975 1493 1046 pariter
1521 973 1572 1034 et
1601 981 1860 1036 inmuta-

215 1065 318 1120 bili
335 1085 354 1131 ;
384 1055 482 1136 qui
508 1069 606 1135 per
634 1065 802 1120 tota»:
823 1066 997 1119 vitam
1027 1069 1186 1134 scopo
1214 1058 1429 1121 illustri
1446 1065 1559 1122 sibi
1585 1055 1862 1140 proposito

211 1155 344 1224 ﬁiei
389 1156 643 1218 sincerae,
675 1159 872 1206 cuncta
902 1169 1024 1224 qua
1052 1153 1130 1208 ad
1158 1152 1302 1208 hanc
1329 1155 1708 1225 conducerent,
1743 1176 1864 1229 quae

216 1244 382 1298 illam
409 1241 899 1314 quoinodomtnque
928 1243 1219 1311 referrent,
1238 1252 1362 1312 pra!
1382 1241 1537 1298 omni
1562 1249 1742 1316 Opere,
1769 1262 1865 1301 εο-

213 1333 498 1404 g‘itatiotte,
525 1330 778 1396 consilio,
819 1330 980 1385 omni
1025 1331 1183 1386 modo
1231 1333 1282 1386 et
1321 1335 1578 1404 tempore,
1612 1324 1861 1399 sedendo.

213 1412 486 1492 tui-genito
516 1421 574 1476 in
604 1423 758 1477 omni
785 1415 933 1476 motu
964 1423 1030 1474 ac
1058 1434 1220 1490 passu
1249 1426 1508 1494 spectavit
1537 1415 1862 1496 amplexus-

215 1519 322 1583 que
349 1519 448 1565 est.
478 1508 767 1581 Inde/essu
821 1515 998 1578 mens,
1031 1522 1354 1580 magnorum
1386 1512 1552 1568 hoino
1579 1526 1860 1578 sensuum.

218 1601 472 1670 caelestis,
498 1613 701 1668 magna
751 1597 1027 1668 operatus,
1075 1599 1338 1672 ingentia
1380 1607 1650 1666 conatus;
1700 1603 1863 1661 Com-

216 1709 363 1748 nena
415 1691 611 1746 mistus
661 1692 835 1762 stirpe
880 1691 1327 1758 Palas’ologorum
1382 1686 1658 1760 surculus,
1700 1696 1866 1765 ptaue

215 1781 598 1837 admiratione
623 1781 840 1851 dignus.
873 1783 1006 1834 Haec
1054 1776 1134 1833 lbi
1184 1780 1467 1852 Georgius
1512 1782 1861 1853 Metochita;

1971 642 2199 716 efﬁngit
2227 645 2404 717 hujus
2433 648 2786 703 characteris
2818 647 2876 701 in
2910 638 3064 702 hunc
3098 646 3356 700 modum.

2682 809 2686 813 .
2727 794 2930 1708 Ιὰ

2702 818 2905 1687 i
2997 819 3020 834 ι.

1979 1779 2192 1844 Praeter
2232 1806 2358 1845 eam
2409 1807 2582 1862 porro
2643 1796 2820 1863 quam
2881 1783 3048 1846 affert
3096 1779 3189 1845 hic
3239 1790 3626 1860 Pachytneres

221 1875 349 1942 quae
399 1875 506 1956 nos
553 1867 821 1956 encomia
866 1865 1019 1924 088
1065 1862 1289 1924 laudati
1336 1871 1613 1939 “auctoris,
1663 1866 1866 1956 ortho-
1897 1871 1945 1956 Β
1977 1879 2155 1949 hujus
2187 1881 2258 1932 Πῖ
2291 1879 2570 1956 triplicati
2603 1862 2909 1949 rationem,
2939 1891 3006 1936 ex
3037 1881 3234 1936 divina
3272 1879 3626 1951 praenotione

218 1956 354 2012 doxi
383 1951 601 2028 Quippe
631 1955 1006 2022 confessoris,
1027 1957 1129 2026 qui
1162 1955 1375 2013 tetrilm'
1407 1965 1440 2014 δ.
1471 1955 1866 2019 schiiltnaticis

219 2060 513 2102 carcerem
549 2050 652 2116 pro
682 2045 794 2100 ﬁde
825 2041 1146 2117 apostolica
1175 2049 1438 2102 Romana
1461 2038 1664 2105 multis
1696 2042 1868 2108 anilis

222 2153 410 2209 usque
462 2135 532 2192 ad
595 2141 842 2192 mortem
899 2125 1117 2191 invicta
1170 2138 1502 2194 Constantia
1559 2127 1864 2210 sustinuit,

218 2222 449 2282 mortuo
486 2210 825 2297 imperatori
859 2231 1058 2281 nostro
1106 2240 1206 2297 pro
1254 2228 1484 2283 funebri
1534 2221 1866 2286 laudatione

217 2313 644 2387 impendimus,
705 2315 789 2372 sic
846 2321 1020 2387 prout
1076 2319 1396 2388 pessumus
1452 2315 1867 2387 ἆντισήἀιοῦνῗές

213 2403 632 2474 compensantes'
691 2405 1083 2459 conviciorum
1136 2403 1420 2475 plaustra,
1469 2422 1597 2478 qua:
1640 2397 1865 2479 passim

212 2493 274 2546 in
306 2509 441 2548 eum
475 2492 789 2547 effundunt
818 2491 996 2547 Grani
1030 2481 1390 2549 schismatici
1423 2500 1480 2550 et
1507 2482 1692 2552 Latini
1751 2484 1868 2552 lite-

217 2582 402 2652 retici,
483 2577 790 2653 perlectam
852 2583 924 2637 ab
982 2589 1048 2637 eo
1107 2583 1496 2639 Ecclesiarum
1551 2586 1865 2642 Orientalis

213 2689 346 2726 cum
378 2668 634 2726 Occidua
664 2671 1130 2726 conciliationem
1183 2671 1360 2730 livore
1407 2675 1678 2731 Sat‘anlCo
1711 2677 1864 2732 indl-

213 2763 485 2833 gnantes.

290 2847 378 2922 [P.
413 2840 540 2922 483]
591 2849 652 2906 Ρ.
700 2851 825 2906 532.
877 2849 1146 2923 Sigillum
1200 2842 1343 2926 quad
1396 2853 1661 2911 adhiberc'
1715 2854 1858 2911 obsi-

1976 1964 2166 2023 exitus
2224 1951 2524 2023 Michaelis
2580 1965 2889 2111 Palmoloil
2940 1961 3204 2039 petitam,
3240 1967 3419 2022 fuisse
3451 1967 3624 2022 aliam

1976 2053 2236 2111 coortuit
2265 2057 2323 2111 in
2358 2060 2550 2111 mente
2582 2055 2695 2111 insi
2724 2046 2832 2111 Μία
2882 2055 3012 2111 aeli.
3039 2052 3242 2111 utiuue
3272 2056 3476 2111 iuuaro
3510 2057 3623 2111 diei

1976 2053 2236 2127 Oportuit
2265 2057 2323 2111 in
2358 2060 2550 2111 mente
2582 2055 2695 2127 ipsi
2724 2046 3012 2125 Michaeli,
3039 2052 3242 2127 utique
3272 2056 3476 2127 ignaro
3510 2057 3623 2111 diei

1977 2143 2183 2224 ac_loc_i
2214 2146 2335 2201 sua
2370 2143 2594 2212 mortis,
2618 2159 2753 2200 cum
2777 2157 2904 2200 eam
2929 2145 3079 2200 ultro
3103 2161 3168 2199 ac
3191 2144 3378 2199 libens
3401 2161 3628 2200 assum-

1977 2213 2113 2307 psit.
2142 2217 2396 2290 Putarim
2431 2235 2696 2305 equidem
2730 2251 2859 2290 eum
2894 2250 2996 2304 per
3024 2233 3182 2288 istud
3211 2233 3381 2288 tertio
3414 2232 3624 2304 repeti-

1975 2311 2103 2378 tum
2135 2317 2203 2377 lli
2232 2310 2484 2379 voluisse
2516 2324 2773 2378 indicare
2805 2319 2860 2377 id
2895 2323 3050 2394 quod
3085 2323 3250 2378 initio
3277 2321 3458 2391 hujus
3490 2322 3626 2377 libri

1976 2415 2474 2480 monuimus,esse
2497 2429 2558 2468 se
2581 2412 2964 2484 Palaeologum
2990 2428 3107 2466 non
3130 2427 3198 2465 ex
3223 2416 3385 2482 patre
3407 2412 3627 2480 solum,

1959 2500 2077 2558 'sed
2122 2501 2298 2559 etiam
2347 2520 2417 2558 ex
2466 2508 2672 2571 matre,
2708 2519 2773 2557 ac
2806 2504 3112 2574 propterea
3168 2500 3372 2571 majori
3433 2501 3626 2556 littera

1976 2580 2047 2642 lli
2075 2578 2133 2644 in
2168 2573 2358 2644 medio
2408 2589 2599 2660 posita
2636 2607 2698 2644 se
2741 2573 2936 2660 ipSum
2991 2591 3458 2659 repraesentasse,
3492 2588 3624 2644 aliis

1976 2675 2208 2734 duabus
2247 2697 2281 2734 a
2319 2681 2515 2735 dextra
2565 2684 2623 2733 et
2669 2679 2910 2734 sinistra
2954 2683 3255 2748 parentem
3309 2681 3628 2748 utrumque

1975 2755 2470 2872 signiﬁcantibus.
2504 2761 2649 2824 Nam
2701 2767 3108 2839 Palasologum
3137 2768 3471 2839 significare
3513 2768 3629 2823 ista

1975 2844 2067 2922 lli,
2101 2848 2322 2914 indicat
2351 2855 2543 2912 littera
2572 2869 2612 2928 Λ
2645 2857 2703 2910 in
2737 2857 2938 2911 ventre
2970 2853 3145 2910 medii
3182 2855 3395 2926 posita.

1071 3293 1575 3418 PETRI
1664 3283 2332 3419 POSSINI
2427 3286 2551 3420 S.
2643 3285 2759 3419 J.

739 3548 1785 3669 OBSERVATIONUM
1852 3560 3094 3669 PACHYMERIANARUM

1233 3793 1746 3935 ‘LIBER
1840 3793 2534 3934 TERTIUS,

1584 4002 2263 4080 CHRONOLOGICUS.

653 4385 803 4440 ess
838 4387 920 4454 [Ρ.
956 4387 1079 4459 485]
1111 4387 1347 4444 CAPUT
1382 4391 1423 4444 1.

217 4511 292 4565 De
322 4510 638 4565 nominibus
671 4511 942 4567 mensium
972 4530 1006 4567 a
1036 4505 1373 4585 Pachymere
1398 4516 1700 4587 usurpatis.

292 4655 426 4718 Quae
459 4658 660 4711 noster
688 4653 1024 4725 historicus,
1059 4662 1264 4729 prater
1304 4672 1524 4714 morem
1577 4660 1866 4727 usuraque

220 4748 587 4813 ceterorum,
610 4742 669 4799 in
702 4745 1006 4800 mensibus
1033 4746 1398 4817 appellandis
1432 4751 1628 4815 novat,
1659 4762 1727 4801 ea
1757 4745 1866 4800 etsi

219 4835 401 4889 videri
427 4835 694 4905 poterant
708 4827 775 4890 ad
791 4836 1226 4908 grammaticam
1258 4831 1543 4908 pertinere
1557 4832 1866 4905 rationem,

220 4923 315 4977 hic
348 4928 542 4978 tamen
593 4925 936 4995 eXpnnenda
982 4924 1174 4996 potius
1230 4943 1404 4996 quam
1460 4927 1518 4980 in
1572 4925 1868 4981 Glossario

219 5013 443 5084 putavi,
505 5012 642 5083 quia
697 5023 948 5068 errorem
1007 5015 1066 5068 in
1125 5014 1504 5087 chro’ndlogia
1557 5015 1870 5070 obtrudere

217 5103 418 5158 lectori
472 5096 742 5173 poterant
789 5103 901 5158 nisi
957 5105 1029 5158 de
1076 5104 1147 5158 iis
1198 5109 1675 5175 praemoneretur.
1723 5104 1869 5160 Cum

213 5193 375 5247 enim
412 5191 546 5262 quis
576 5192 820 5263 exampli
849 5194 1037 5264 gratia
1064 5192 1282 5265 legeret
1306 5195 1720 5264 inauguratum
1756 5196 1868 5248 im-

216 5292 542 5352 peratorem
603 5282 938 5363 Michaelem
1000 5285 1298 5339 neomenia
1353 5283 1867 5363 llecatombaonis,

1900 4389 1942 4455 C
1982 4391 2210 4444 seratur
2241 4377 2333 4442 hic
2360 4375 2542 4457 igitur
2572 4386 2630 4441 in
2665 4375 2865 4441 limine
2895 4378 3353 4455 Pachymeriana
3385 4397 3628 4436 nomen-

1974 4477 2147 4532 clatio
2180 4478 2497 4546 mensium,
2519 4493 2589 4531 ne
2610 4493 2722 4546 qua
2741 4475 2999 4546 cuipiam
3024 4473 3082 4527 in
3116 4469 3226 4527 hoc
3253 4487 3464 4544 genere
3494 4470 3626 4524 hal-

1975 4552 2255 4622 lucinutio
2285 4567 2551 4650 obrepat.

2049 4639 2568 4719 EKATOMBAlQ‘N,
2621 4672 2676 4726 p.
2727 4643 2818 4722 96,
2879 4645 3358 4723 Ἑκατομϐαιῶνος
3415 4669 3628 4716 νοομη-

1972 4741 2075 4796 νίο..
2113 4726 2176 4798 ln
2229 4742 2492 4814 margine
2544 4737 2851 4814 utriusque
2906 4736 3126 4796 codicis
3156 4740 3196 4794 B
3224 4744 3280 4794 et
3314 4744 3353 4790 A
3391 4742 3630 4791 notatur

1976 4829 2334 4906 Ἰανουαρίου,
2359 4834 2512 4904 quod
2542 4831 2731 4887 solum
2767 4831 2825 4886 in
2879 4832 3146 4885 'contextu
3181 4828 3502 4883 Vaticanus
3529 4843 3628 4880 ex-

1976 4921 2199 4993 primit.
2234 4923 2512 4993 Idemque
2542 4927 2879 4977 constanter
2907 4919 3252 4974 observatur
3294 4915 3630 4985 ubicunque

1975 5010 2121 5066 alias
2150 5004 2628 5081 Ἑκατομὸαιῶνος
2662 5026 2871 5065 nomen
2925 5009 3181 5081 ponitur.
3215 4997 3626 5075 Ἐκατομϐαιὼν

1976 5100 2327 5156 vocabulum
2385 5101 2697 5171 antiquum
2751 5104 2839 5154 est
2887 5097 3059 5170 primi
3119 5095 3340 5151 mensis
3381 5093 3439 5148 in
3473 5109 3627 5148 anno

1980 5190 2181 5254 Attico,
2207 5192 2279 5245 ab
2301 5190 2660 5244 hecatombis
2685 5191 2803 5243 sive
2826 5186 3131 5242 sacriﬁciis
3163 5189 3399 5239 centum
3423 5183 3626 5249 boum,

1979 5297 2104 5350 quae
2138 5277 2516 5350 auspicandis
2561 5279 2697 5333 anni
2751 5279 2878 5331 novi
2921 5275 3199 5331 Kalendis
3228 5272 3474 5328 solemni
3511 5271 3626 5325 ritu

215 5373 311 5425 vix
360 5360 764 5441 posset,‘veris
794 5389 860 5426 ac
893 5372 1140 5443 vulgatis
1194 5381 1633 5445 praeoccupatus
1685 5360 1874 5429 notio;
1980 5370 2214 5436 ﬁebant,
2242 5369 2576 5422 deductum.
2623 5366 2800 5421 Verus
2835 5367 2890 5419 in
2926 5365 3048 5419 cmli
3085 5365 3302 5418 ratione
3334 5363 3484 5417 situs
3518 5361 3628 5413 hu-

221 5462 422 5527 nibus,
475 5461 632 5515 aliud
661 5461 855 5518 animo
887 5464 1176 5534 subjicere
1203 5480 1380 5534 quam
1411 5464 1570 5519 Junii
1603 5469 1704 5519 aut
1733 5464 1872 5519 Julii
1973 5463 2073 5531 jus
2092 5459 2402 5527 mensis,ut
2425 5458 2552 5513 fuse
2573 5456 3330 5512 demonstratdoctissimus
3357 5452 3626 5505 Petavius

223 5551 446 5606 mensis
484 5551 541 5604 id
592 5549 868 5608 Kalendis
916 5552 1155 5608 factum.
1182 5554 1357 5624 Atqui
1391 5560 1610 5608 erraret
1639 5554 1719 5608 ita
1749 5555 1873 5608 cre-

226 5643 375 5696 dens
406 5645 526 5695 toto
556 5639 722 5705 ccelo,
745 5647 804 5696 et
842 5642 1114 5697 brumam
1145 5643 1204 5697 in
1238 5642 1555 5698 solstitium
1589 5643 1874 5712 estivum,

226 5731 582 5788 Januarium
614 5729 674 5786 in
703 5731 1020 5795 Quintilem
1053 5738 1272 5789 temere
1313 5734 1675 5790 transferret.
1711 5735 1874 5789 Edis-

1982 5557 2101 5606 tota
2129 5550 2520 5621 descriptione
2552 5550 2689 5604 anni
2720 5550 2914 5610 Attici.
2958 5547 3276 5618 praesertim
3311 5562 3359 5599 c.
3391 5542 3474 5609 ll,
3512 5540 3547 5594 l.
3587 5559 3626 5596 ι.

1983 5645 2055 5698 De
2098 5642 2348 5698 doctrina
2395 5646 2718 5713 temporum,
2770 5641 2881 5695 fuit
2927 5641 3079 5694 circa
3132 5636 3336 5709 τροπὰς
3390 5633 3627 5705 Θερινάς,

1980 5733 2277 5789 solstitium
2303 5728 2575 5790 aestivum.
2612 5725 2774 5787 Unde
2822 5725 3005 5786 Graeci
3055 5730 3323 5784 auctores
3370 5713 3627 5790 classici,
