4248 6438
683 398 817 455 1151

1721 410 1784 461 Ρ.
1826 407 2100 461 ΡΟΒΒΙΝΙ
2134 402 2749 459 ΟΒΒΕΒἾΔἸἹΟΝΠΜ
2786 403 2920 459 LIB.
2961 406 3059 458 III.

3961 403 4098 457 1152

682 526 783 597 qui
816 541 908 581 res
939 528 1234 585 Romanas
1266 533 1612 598 tractarunt,
1635 530 2174 588 Hecatombeonem
2197 543 2332 583 cum
2362 529 2415 596 Α
2447 528 2662 583 festum
2692 529 2948 600 agerent,
2974 527 3201 598 putavit
3231 527 3460 583 erudite
3490 543 3554 583 se
3585 528 3879 584 facturum
3913 529 3963 584 si
3998 546 4100 584 an-

682 630 882 670 mense
904 616 1124 672 Juliani
1159 620 1292 673 anni
1324 620 1502 675 Junio
1538 622 1654 675 fere
1684 616 2331 690 comparant,Januario

682 708 877 759 autem
926 705 1159 761 Juliano
1192 708 1387 779 potius
1419 708 1819 764 Gamelionem
1868 710 2193 779 opponunt.
2226 706 2330 761 Re-

680 793 969 849 centiores
1016 798 1211 850 autem
1246 797 1401 851 οοο
1431 796 1762 868 expeditius
1794 796 2059 852 Romana
2091 795 2332 849 nomina

680 880 897 937 Graecis
954 881 1165 938 litteris
1221 884 1579 955 exprimunt,
1634 883 1991 957 Ἰανουάριάν,
2050 877 2331 954 Φιόρουά-

680 987 821 1042 ριον,
855 969 1121 1043 Μάρτιον,
1150 975 1208 1027 et
1254 972 1341 1028 sic
1390 974 1462 1029 de
1511 974 1734 1030 ceteris
1784 974 2110 1030 scribentes
2142 987 2157 1027 :
2192 986 2328 1025 nam

679 1058 896 1130 alioqui
927 1058 1108 1116 (Ξτωοὶ
1162 1077 1395 1117 menses
1444 1062 1683 1119 lunares
1730 1067 1929 1118 exacte
1978 1060 2330 1132 respondere

674 1147 929 1203 Julianis
952 1147 1195 1205 minime
1218 1150 1527 1207 lunaribus
1558 1156 1877 1224 nequeunt.
1897 1150 2109 1207 Nostro
2129 1153 2327 1204 tamen

678 1236 1021 1308 Pachymeri
1058 1239 1249 1294 visum
1275 1244 1366 1295 est
1396 1239 1542 1295 nulli
1582 1239 1784 1295 tritam
1812 1244 2070 1295 veterum
2102 1241 2205 1293 aut
2225 1237 2325 1305 ju-

679 1323 911 1380 niorum
932 1326 1085 1381 viam
1108 1327 1400 1383 insistam.
1423 1330 1502 1384 Ac
1530 1344 1666 1384 cum
1692 1328 1811 1383 fere
1829 1326 2022 1384 ceteri
2052 1326 2327 1395 ’Ἑκατομ-

678 1407 914 1473 ϐαιῶνος
945 1431 1085 1470 voce
1126 1415 1366 1472 Junium
1422 1422 1521 1472 aut
1564 1417 1791 1473 Julium
1847 1416 2180 1488 designent,
2212 1412 2326 1485 ipsi

675 1501 845 1579 libuit
887 1501 945 1557 id
996 1520 1210 1559 nomen
1259 1505 1541 1563 Januario
1589 1506 1867 1561 tribuere.
1903 1505 1969 1559 In
2019 1521 2131 1575 quo
2181 1502 2325 1557 satis

675 1582 921 1662 appiret
968 1608 1146 1663 quam
1196 1594 1487 1651 rationem
1543 1595 1621 1650 sit
1668 1598 1925 1649 secutus.
1975 1593 2122 1659 Quia
2168 1590 2323 1646 enim

674 1677 933 1749 primum
976 1680 1114 1734 anni
1149 1681 1318 1736 Attici
1370 1697 1633 1737 mensem
1682 1672 2131 1749 Ἑκατομϐαιῶνα
2176 1676 2329 1733 scie-

674 1769 776 1823 bat
801 1768 865 1839 [P
884 1768 1011 1839 486]
1043 1770 1288 1835 dictum,
1321 1769 1434 1825 isto
1467 1786 1701 1841 quoque
1750 1767 2031 1825 vocabulo
2075 1766 2163 1821 l‘as
2211 1764 2323 1821 sibi

674 1855 903 1928 putavit
933 1857 1190 1927 primum
1223 1858 1363 1914 item
1396 1859 1644 1914 Romani
1675 1858 1815 1913 anni
1848 1872 2108 1912 mensem
2140 1852 2328 1944 appel-
2354 1879 2402 1944 Β

672 1945 815 2014 lare,
840 1962 1047 2017 parum
1078 1951 1281 2002 curato
1311 1947 1657 2003 discrimine
1688 1946 2223 2018 tempestatum.Ac
2244 1942 2325 1998 ei-

674 2033 875 2089 milem
908 2034 967 2090 in
1001 2034 1251 2091 aliorum
1304 2036 1482 2091 etiam
1535 2035 1983 2092 nomenclatura
2032 2033 2326 2089 mensium

668 2122 967 2179 licentiam
1000 2140 1297 2195 usurpans
1328 2124 1701 2197 implicuerat
1721 2124 1967 2181 lectores
1988 2139 2129 2179 suos
2146 2120 2331 2177 ambi-

669 2212 892 2284 guitate
923 2212 1417 2283 perincommoda,
1444 2214 1555 2269 nisi
1588 2216 1716 2284 ejus
1744 2212 1969 2268 librarii
2000 2209 2329 2267 succurris-

671 2306 802 2356 sent
834 2301 1091 2356 notando
1122 2300 1240 2357 fere
1273 2302 1493 2374 ubique
1524 2302 1582 2357 in
1615 2318 1717 2357 ora
1748 2300 2035 2373 marginis
2063 2315 2197 2355 vero
2229 2314 2328 2354 no-

671 2390 828 2445 mine
864 2390 1085 2445 mensis
1120 2391 1376 2447 indicati.

740 2477 1076 2547 ΛΗΝΑΙΩΝ,
1109 2495 1167 2549 ρ.
1199 2478 1323 2533 306.
1375 2478 1440 2533 Ἦ
1493 2477 1669 2549 μηνὸς
1710 2480 2024 2547 Ληναιῶνος
2083 2472 2327 2547 δευτὲρα.

669 2571 734 2620 In
769 2567 1034 2638 margine
1065 2567 1375 2639 amborum
1405 2568 1757 2639 optimorum
1784 2568 1951 2623 codd.
1979 2571 2019 2621 Β
2042 2570 2100 2622 et
2121 2568 2161 2621 Δ
2188 2570 2246 2621 et
2265 2566 2325 2621 in

664 2660 940 2711 contextu
974 2655 1019 2707 V
1051 2638 1768 2730 Φεϐρουαρίουίεοτὶὺὶιυιι.
1802 2660 1882 2713 Ac
1924 2673 2014 2711 res
2064 2657 2195 2727 ipsa
2242 2654 2327 2711 lo-

664 2745 871 2816 quitur
913 2746 1292 2800 Februarium
1328 2746 1422 2801 hic
1453 2745 1699 2818 signari,
1730 2747 1902 2817 cujus
1937 2745 2031 2800 die
2064 2745 2326 2801 secunda

664 2834 1268 2905 ἱοείυωὙπαπαντῆς,
1301 2836 1455 2907 quod
1492 2834 1967 2891 Puriﬂcationem
2000 2835 2179 2890 beatae
2202 2833 2326 2889 Dei-

660 2940 811 2994 pars:
866 2924 1049 2979 Latini
1109 2924 1385 2991 dicimus,
1437 2924 1718 2980 celebrari
1781 2924 2161 2979 manifestum
2211 2926 2322 2978 est.

661 3014 740 3069 De
772 3014 879 3068 hoc
927 3017 1123 3068 autem
1186 3014 1331 3069 festo
1382 3013 1475 3069 hic
1529 3018 1728 3070 noster
1776 3013 1897 3085 agit
1946 3012 2320 3069 nominatim.

662 3103 825 3158 Unde
870 3107 1064 3157 autem
1098 3101 1157 3157 in
1192 3108 1447 3183 mentem
1502 3103 1615 3175 ipsi
1665 3103 1887 3159 venerit
1934 3102 2319 3158 Februarium

662 3194 950 3261 Ληναιῶνα
999 3208 1225 3257 vocare,
1257 3192 1518 3248 difﬁcilis
1574 3187 1931 3263 conjectura'
1958 3195 2046 3247 est
2078 3208 2091 3246 :
2127 3207 2316 3262 neque

657 3281 818 3336 enim
869 3280 1025 3336 ullus
1073 3281 1401 3336 Atticorum
1434 3280 1609 3353 vulgo
1654 3285 2112 3336 memoratorum
2144 3295 2213 3335 ac
2243 3295 2316 3335 ne

656 3370 1163 3423 Macedonicorum
1180 3370 1442 3439 quidem,
1462 3367 2315 3441 Bithynicorum,Pythicorum

656 3464 758 3513 aut
788 3458 1030 3513 omnino
1064 3457 1244 3513 ullius
1273 3457 1468 3513 Grace
1516 3457 1724 3513 locuta
1772 3458 1969 3529 gentis
2021 3457 2313 3512 mensium

656 3548 765 3603 hoc
816 3563 1052 3610 nomen,
1086 3548 1242 3617 quod
1293 3547 1496 3618 sciam,
1531 3548 1661 3603 fuit.
1694 3546 1908 3602 Scribit
1937 3546 2175 3617 quidem
2209 3545 2316 3602 Pe-

656 3638 870 3703 tavius,
921 3636 965 3692 I.
1014 3652 1033 3691 ι
1082 3638 1157 3692 De
1205 3637 1353 3691 Doct.
1394 3641 1584 3707 temp.,
1616 3652 1668 3691 c.
1700 3636 1790 3703 34,
1822 3633 2115 3688 Βουκάτιον
2150 3636 2315 3691 Baso-

656 3732 850 3782 torum
887 3725 1142 3798 primum
1182 3742 1442 3781 mensem
1478 3728 1774 3793 Ληναιῶνα
1804 3724 2001 3780 vocari
2031 3725 2104 3781 ab
2136 3728 2316 3797 Hesy-

658 3816 810 3871 chio.
844 3815 1083 3881 Verum,
1118 3815 1273 3886 quod
1322 3814 1428 3869 viri
1492 3814 1712 3871 summi
1762 3831 1905 3886 pace
1954 3813 2227 3886 dixerim,
2256 3813 2317 3871 id

658 3906 813 3977 apud
848 3904 1207 3973 Hesychium
1240 3921 1357 3960 non
1391 3904 1543 3975 lego,
1566 3904 1694 3961 loco
1726 3919 1903 3977 quem
1938 3905 2065 3976 ipse
2092 3904 2314 3971 citavit,

657 3995 833 4049 verbo
865 3994 1091 4049 scilicet
1115 3993 1394 4061 Αηναιὼν,
1420 3995 1520 4050 ubi
1553 3999 1756 4051 contra
1787 3994 1871 4050 sic
1902 3993 2188 4065 scriptum
2223 4010 2319 4049 ex-

660 4087 779 4137 stat
827 4099 840 4139 ζ
893 4082 1145 4151 Ληναιὼν
1204 4084 1337 4154 μήν.
1396 4079 1607 4139 Οὐδένα
1656 4085 1765 4136 τῶν
1820 4083 2015 4154 μηνῶν
2077 4080 2317 4137 Βοιωτοὶ

661 4169 805 4225 οὕτω
853 4169 1135 4226 καλοῦσιν.
1187 4169 1405 4239 Εἷκάζει
1438 4168 1497 4226 δὶ
1527 4172 1556 4226 6
1605 4168 1970 4245 Πλούταρχος
1997 4169 2317 4228 Βουκάτιον-ο

661 4259 750 4314 καὶ
808 4260 911 4336 γὰρ
970 4259 1185 4335 ψυχρός
1242 4258 1406 4315 ἐστιν.
1466 4263 1643 4317 ΙΊΞινιοι
1703 4257 1761 4315 δὶ
1816 4262 1907 4315 τὸν
1939 4261 2227 4336 Ἑρμαῖον,
2258 4260 2318 4322 ὃς

666 4349 801 4421 μετᾶ
860 4350 1157 4407 Βουκάτιον
1217 4349 1381 4405 ἔστιν·
1441 4350 1532 4405 καὶ
1591 4352 1691 4425 γὰρ
1748 4352 2034 4421 Ἀθηναῖοι
2080 4350 2319 4418 τὴντῶν

662 4439 913 4508 Ληναίων
966 4440 1159 4511 ἑορτὴν
1192 4439 1244 4494 ἐν
1277 4440 1427 4512 αὐτῷ
1474 4438 1725 4515 ἄγουσιν.
1765 4441 1883 4497 Hoc
1911 4446 2002 4497 est
2033 4456 2049 4495 ε
2084 4440 2323 4497 Lenaeos;

659 4534 886 4587 mensis.
910 4531 1137 4585 Nullum
1166 4531 1443 4587 mensium
1472 4532 1646 4586 ΒωΜί
1672 4533 1752 4586 sic
1778 4531 2080 4602 appellant.
2108 4529 2321 4586 Iudicat

658 4625 844 4675 autem
894 4622 1223 4675 Plutarchus
1270 4624 1567 4676 Bucatium
1600 4638 1617 4675 :
1648 4638 1782 4675 nam
1914 4619 2164 4693 frigidus
2214 4624 2314 4675 est.
2352 4588 2397 4653 Β

656 4711 845 4780 Aliqui
866 4725 989 4765 vero
1022 4711 1354 4778 Hermaeum,
1376 4710 1473 4783 qui
1500 4720 1619 4782 post
1651 4710 1947 4765 Bucatium
1970 4714 2051 4765 est
2071 4726 2091 4764 .°
2113 4710 2318 4765 etenim

658 4800 1002 4854 Athenienses
1033 4801 1350 4855 Lenaeorum
1381 4802 1586 4870 [calum
1636 4802 1693 4854 in
1747 4800 1867 4871 ipso
1917 4805 2113 4867 agunt.
2148 4801 2316 4853 Hunc

658 4888 854 4943 locum
904 4888 1178 4959 Hesychii
1230 4888 1539 4961 descripsi,
1589 4889 1731 4961 quia
1781 4905 1850 4945 ex
1897 4888 1998 4944 illo
2047 4886 2319 4957 suspicor

658 4979 916 5033 oblatam
966 4980 1331 5035 occasionem
1376 4979 1717 5052 Pacbymeri
1752 4977 2035 5034 Lenteona
2065 4977 2315 5032 Februa-

655 5067 808 5122 rium
833 5068 1100 5123 vocandi.
1126 5068 1416 5123 Nimirum
1452 5085 1584 5123 cum
1620 5068 1758 5125 inde
1788 5072 1986 5123 noster
2015 5065 2321 5121 didicisset

655 5158 981 5212 secundum
1015 5158 1401 5213 Thebaeorum
1429 5173 1692 5213 mensem
1718 5157 1817 5228 qui
1842 5156 2145 5211 Bucatium
2179 5154 2317 5209 anni

654 5248 917 5303 Thebani
942 5256 1119 5321 caput
1142 5249 1342 5304 statim
1377 5250 1648 5321 sequitur
1668 5255 1724 5304 et
1743 5248 2006 5321 Ἑρμαῖος
2037 5248 2319 5303 Herniqu

654 5354 867 5392 nomen
921 5339 1117 5401 habet,
1150 5339 1449 5410 aliquibus
1499 5339 1681 5393 videri
1731 5338 2035 5392 Lenmonis
2085 5352 2319 5408 quoque

649 5430 828 5484 verbo
861 5430 1264 5500 designatum,
1297 5430 1515 5483 idcirco
1566 5430 1720 5500 quod
1769 5428 1925 5483 circa
1954 5433 2192 5498 tempus
2223 5443 2318 5481 se-

654 5519 833 5573 cundi
882 5519 1102 5573 mensis
1154 5518 1489 5574 Boeotorum
1539 5517 1929 5573 Athenienses
1979 5516 2318 5573 Leucorum

721 5728 789 5799 (’)
819 5725 905 5784 Cf.
940 5725 1203 5783 Glossar.
1237 5724 1490 5781 alterum
1519 5740 1574 5779 v.
1609 5721 1890 5792 Ληναιών.

2437 633 2563 673 sam
2595 634 2663 673 ex
2691 634 2757 673 eo
2789 619 3075 688 arriperet
3124 618 3368 672 secundi
3420 617 3819 673 Romanorum
3873 618 4099 672 mensis

2436 708 2641 762 eodem
2692 706 2989 761 Lensaonis
3029 706 3314 762 vocabulo
3346 706 3644 777 signandi.
3676 707 3806 761 Haec
3839 706 4097 777 scripse-

2437 812 2563 850 ram
2612 811 2747 850 cum
2798 794 2976 850 incidi
3010 795 3069 849 in
3101 794 3294 851 locum
3346 795 3847 867 Harpocrationis,
3881 796 3985 849 ubi
4038 795 4096 848 in

2438 882 2868 953 Diagrammate
2897 882 3193 939 mensium
3210 883 3538 939 Atticorum
3574 882 4098 954 Romanorumque

2436 969 2689 1040 Ληναιὼν
2717 970 2746 1024 ὁ
2775 968 2866 1024 καὶ
2896 966 3199 1025 Ποσειδεὼν
3239 972 3387 1028 σοι
3423 987 3456 1027 e
3485 971 3722 1043 regione
3774 971 4099 1043 opponitur

2437 1054 2818 1134 Φεϐρουαρίῳ.
2854 1060 2914 1116 Id
2947 1064 3219 1116 secutum
3267 1059 3376 1116 hoc
3415 1059 3542 1116 loco
3590 1065 3862 1115 nostrum
3907 1060 4099 1116 credi-

2436 1150 2613 1205 bilius
2644 1154 2735 1205 est
2764 1148 2856 1221 (⁸).

2506 1237 2832 1293 ΚΡΟΝΙΟΣ.
2863 1237 3215 1293 Constanter
3258 1236 3367 1292 hoc
3416 1235 3659 1293 nomine
3707 1236 4097 1293 Pacbvmeres

2436 1326 2711 1383 Martium
2765 1341 3025 1381 mensem
3074 1325 3368 1396 indigitat.
3408 1323 3556 1381 Nam
3609 1342 3664 1397 p.
3694 1326 3825 1391 244,
3856 1325 3961 1381 ubi
4014 1326 4096 1380 sic

2436 1416 2721 1486 scriptum
2742 1421 2832 1470 est
2858 1414 3003 1470 εΤοῦ
3034 1410 3082 1465 δ’
3112 1415 3275 1467 αντοῦ
3306 1409 3461 1474 ἔτους
3494 1413 3661 1484 μηνὸς
3691 1411 3950 1487 Κρονίου,
3990 1416 4099 1466 τῶν

2436 1501 2595 1566 θείων
2658 1504 2882 1574 ἡμερῶν
2948 1503 3050 1570 τῆς
3109 1500 3360 1571 νηστείας
3417 1498 3789 1573 τελουμὲνων,
3849 1507 4097 1573 uterque

2435 1594 2617 1648 codex
2647 1594 2685 1648 Β
2716 1601 2769 1647 et
2801 1598 2843 1648 Δ
2875 1607 2906 1647 e
2939 1591 3175 1663 regione
3214 1591 3375 1647 vocis
3433 1589 3668 1665 Κρονίου
3714 1590 3774 1646 in
3827 1591 4098 1662 margine

2435 1686 2679 1738 annotat
2704 1678 2986 1753 Μαρτίους
3032 1686 3092 1736 et
3131 1680 3348 1751 jejunii
3379 1679 3837 1752 Quadragenarii
3871 1681 4099 1735 mentio

2434 1771 2493 1826 in
2526 1786 2663 1825 eum
2696 1786 2960 1825 mensem
3010 1768 3369 1825 incurrentia
3419 1767 3591 1839 plane
3638 1768 3833 1825 Martii
3882 1769 4098 1824 chara—

2433 1864 2649 1915 cterem
2697 1859 2893 1914 habet.
2936 1857 3219 1913 Praterea
3245 1874 3303 1930 p.
3338 1858 3463 1925 355,
3497 1858 3565 1913 ad
3612 1874 3682 1913 ea
3721 1858 3901 1913 verba
3956 1859 4103 1931 Κρο-

2431 1945 2548 2001 νίου
2605 1946 2774 2019 μηνὸς
2833 1944 3137 2015 ἐνστάντος,
3190 1953 3437 2018 uterque
3486 1947 3667 2002 codex
3696 1947 3771 2002 ad
3803 1963 3973 2001 oram
4030 1946 4103 2000 li-

2431 2038 2521 2093 bri
2554 2035 2793 2111 Μάρτιον
2827 2036 2983 2092 clare
3013 2036 3305 2092 nominat.
3335 2035 3522 2092 Vatic.
3558 2052 3791 2107 quoque
3823 2036 3897 2092 de
3932 2052 4099 2091 more

2435 2124 2681 2200 Μαρτίου
2730 2142 2833 2198 pro
2884 2122 3110 2197 Κρονίου
3159 2124 3219 2180 in
3269 2129 3541 2181 contextu
3602 2125 3871 2181 collocat.
3925 2124 4096 2191 Quod

2432 2216 2574 2271 item
2608 2214 2746 2270 facit
2776 2232 2833 2286 p.
2861 2214 2989 2283 396,
3021 2213 3120 2269 ubi
3154 2214 3278 2269 hac
3309 2212 3560 2269 aliorum
3608 2214 3881 2269 codicum
3914 2214 4097 2269 verba

2430 2301 2671 2379 Κρονίου
2712 2300 3029 2377 ἀρχομένου
3065 2302 3262 2374 μηνὸς,
3296 2303 3420 2372 ipse
3469 2302 3663 2359 reddit
3710 2301 3971 2375 Μαρτίου
4004 2300 4100 2375 ἀρ-

2429 2392 2676 2468 χομὲνου
2739 2391 2933 2463 μηνός.
2966 2391 3041 2448 Ut
3070 2393 3383 2447 dubitandi
3440 2391 3605 2447 locus
3654 2408 3769 2449 non
3831 2390 4100 2462 supersit

2430 2483 2574 2556 quin
2622 2482 2867 2537 Martius
2917 2481 3143 2537 mensis
3174 2481 3233 2536 in
3266 2481 3375 2536 hac
3410 2480 3663 2537 historia
3689 2481 3927 2535 dicatur
3958 2474 4095 2551 Κρὸ-

2427 2590 2565 2632 νιος.
2599 2571 2711 2627 Sed
2759 2586 2938 2642 quam
2978 2569 3368 2626 manilestum
3401 2570 3647 2635 factum,
3678 2573 3800 2624 tam
3835 2569 4096 2624 obscura

2427 2659 2563 2717 facti
2594 2676 2775 2715 causa
2805 2664 2915 2715 est.
2948 2658 3096 2726 Quid
3129 2658 3287 2715 enim
3322 2657 3637 2714 verisimile
3668 2657 4091 2713 comminisca-

2427 2765 2564 2804 mur
2583 2766 2690 2804 cur
2721 2749 2952 2819 primus
2975 2752 3032 2803 et
3058 2764 3213 2803 unus
3250 2746 3639 2819 Pachymeres
3685 2742 3887 2801 vocem
3944 2744 4090 2819 Κρό-

2424 2856 2540 2897 νιος
2596 2835 2657 2892 in
2718 2835 3094 2910 ignotissima
3152 2834 3360 2908 priscis
3404 2835 3579 2906 juxta
3636 2835 4095 2906 recentibusque

2427 2926 2665 2981 notione
2684 2922 3099 2995 usurpaverit?
3122 2929 3273 2980 Dum
3307 2923 3466 2979 aliud
3490 2922 3886 2995 opportunius
3912 2939 4095 2996 sagax
4148 2971 4151 2974 ι

2423 3014 2607 3070 lector
2635 3013 2902 3086 expediet
2929 3029 3036 3086 ego
3060 3012 3407 3085 suspicabar
3437 3019 3730 3081 nostrum,
3764 3028 3906 3067 cum
3943 3013 4093 3067 forte

2422 3103 2669 3159 vidisset
2697 3103 2756 3158 in
2787 3102 3262 3175 Harpocrationis
3294 3100 3734 3173 Diagrammate
3787 3101 4091 3155 mensium

2428 3191 2704 3264 superius
2769 3190 3010 3247 laudato
3074 3189 3538 3246 Hecatombaaoni
3599 3206 3703 3261 pro
3756 3206 4092 3260 synonyma

2426 3278 2697 3336 Cronium
2749 3278 2987 3352 apponi,
3019 3283 3077 3334 et
3105 3278 3346 3335 aliunde
3389 3279 3568 3333 sciret
3611 3277 3893 3332 Martium
3948 3278 4090 3333 olim

2419 3369 2603 3426 fuisse
2635 3368 2893 3441 primum
2929 3369 3067 3424 anni
3098 3367 3343 3424 Romani
3394 3383 3660 3423 mensem
3693 3367 3881 3438 (juxta
3937 3367 4086 3421 illud

2418 3456 2803 3513 tritissimum
2835 3456 3053 3512 Tibulli
3084 3473 3099 3512 :

2510 3565 2575 3637 [P
2605 3564 2733 3634 487]
2766 3564 2965 3620 Marti:
2995 3562 3231 3637 Romani
3256 3566 3412 3634 fests
3441 3578 3643 3618 venere
3674 3561 3944 3637 Katendae
3978 3580 3999 3618 :

2670 3636 2949 3691 Exoriem
2978 3634 3182 3690 nostris
3214 3634 3303 3690 hic
3332 3637 3444 3707 [uit
3472 3651 3652 3689 annus
3679 3634 3844 3705 avis),

2419 3724 2521 3780 sed
2564 3728 2770 3796 postea
2799 3722 3013 3779 additis
3058 3722 3394 3779 decimestri
3438 3739 3594 3778 anno
3638 3722 3867 3778 duobus
3922 3739 4089 3779 men-

2420 3816 2588 3871 sibus
2612 3816 2896 3871 honorem
2914 3814 3166 3870 ducendi
3199 3830 3419 3870 annum
3450 3812 3737 3869 Januario
3768 3814 4089 3881 tributum,

2423 3905 2857 3978 Pachymerem,
2906 3904 3179 3976 inquam,
3224 3902 3337 3959 hoc
3386 3918 3449 3958 se
3496 3918 3674 3959 nosse
3731 3902 4087 3975 gestientem

2421 3999 2740 4061 ostentare,
2771 3991 3351 4048 duobusmensibus
3382 3990 3553 4064 quasi
3576 3991 3648 4045 de
3671 3990 3932 4063 primatu
3967 4009 4092 4049 cer—

2423 4083 2686 4139 tantibus
2730 4081 2790 4149 in
2842 4081 3108 4137 Romano
3138 4098 3316 4148 anno,
3347 4078 3633 4136 vocabula
3660 4080 3779 4135 duo
3805 4079 4089 4136 divisisse

2423 4188 2553 4244 qua
2601 4169 2777 4227 Attici
2829 4169 2970 4226 anni
3020 4168 3211 4242 primo
3263 4169 3455 4225 mensi
3513 4169 3924 4225 convenirent.
3959 4169 4093 4225 Dia-

2424 4277 2696 4334 gramma
2747 4258 2897 4315 illud
2940 4257 3125 4315 semel
3175 4258 3273 4314 hic
3321 4257 3655 4314 describere
3708 4257 3859 4313 tanti
3892 4258 4089 4313 visum

2425 4355 2536 4407 est.

2709 4436 2988 4509 Ὀνόματα
3039 4439 3227 4509 μηνῶν
3276 4434 3412 4491 κατᾶ
3450 4433 3796 4503 Ἀθηναίους.

2496 4520 2909 4598 Ἐκατομϐαιὼν
2942 4526 2973 4581 6
3003 4526 3090 4581 καὶ
3127 4526 3266 4602 Κρό-
3415 4517 3791 4602 Σ-ιπτξιέόριος

2870 4626 2887 4670 χ
3171 4590 3181 4602 ’
3346 4598 3375 4652 6
3417 4590 3758 4670 Ὀκτώβρὶος

2498 4619 2617 4659 νιος
2870 4626 2872 4629 ν
3346 4619 3375 4652 ο
3434 4619 3739 4670 υκτωοριοι

2501 4669 2901 4743 Μιταγιιτνιιώ
3403 4662 3739 4743 Αωιὶμᾷριος

2496 4738 2812 4813 Πυανεψιών
2887 4812 2895 4813 7
3334 4741 3363 4795 6
3403 4738 3735 4813 ἰανουάριος

2497 4806 2936 4887 Μαιμακτηριών
3128 4881 3148 4887 _
3209 4884 3219 4887 _
3334 4814 3362 4868 6
3403 4806 3779 4887 ξῐζιβρουᾶριος

2496 4881 2756 4958 Ληνὰι-ὼν-
2781 4881 2812 4938 6
2838 4886 2927 4939 καὶ
2957 4881 3260 4940 Ποσειδεὼν
3336 4887 3365 4941 6
3407 4881 3656 4958 Μάρτιος

2495 4953 2799 5052 rerum
2844 5028 2856 5048 .
3337 4953 3741 5052 919.1%?th

2499 5029 2718 5084 ’Δνθεστ
2766 5029 2897 5103 ριών
3330 5029 3359 5083 6
3400 5029 3579 5089 Μάϊος

2499 5050 2926 5175 Ἐλαφηέο-λίών
3394 5099 3626 5175 iladvig:

2500 5169 2831 5234 Μουνυὴιών
3325 5174 3353 5227 6
3395 5169 3531 5228 Ἰού)
3550 5191 3632 5234 ιος

2500 5193 2688 5231 Μουνυ
2738 5193 2831 5227 ιων
3325 5193 3353 5227 ο
3413 5193 3632 5234 ιουιιος

2500 5193 2830 5322 Θαργηῖιών
3318 5244 3347 5299 6
3389 5240 3733 5319 Αὕγουστους

2502 5334 2917 5412 Σκιρῥοφοριών

2500 5427 2655 5482 692
2686 5424 3151 5480 ΒΟΗΔΡΟΜΙΩΝ.
3187 5440 3244 5495 p.
3278 5424 3385 5479 257
3434 5418 3876 5498 Βοηδρομιῶνος
3936 5421 4089 5474 ἱστα-

2432 5513 2618 5588 μίνου.
2684 5513 2941 5587 Uterque
2996 5513 3127 5571 cod.
3161 5514 3203 5569 Β
3233 5517 3292 5570 et
3325 5512 3455 5569 Ain
3504 5529 3609 5569 ora
3658 5511 3795 5568 libri
3856 5507 4093 5585 Ἀπριλ-
