4248 6438
171 433 307 487 1153

1561 410 2182 471 CHRONOLOGICUS.

3439 401 3572 455 1154

173 553 318 618 Αίου,
348 551 533 606 Vatic.
565 547 687 601 τότε
715 543 890 598 τοίνυν
935 538 1267 612 Ἀπριλλίου
1298 535 1630 612 ἆρχομίνου.
1677 536 1813 590 Boe-
1844 570 1856 599 λ

1971 531 2109 586 tisse
2140 527 2562 596 Gamelionem,
2594 543 2766 598 quem
2801 530 2957 582 certo
3001 523 3259 579 vidimus
3305 524 3570 593 Septem-

175 643 538 697 dromionem
565 637 807 691 tertium
841 635 1023 688 fuisse
1058 646 1322 685 mensem
1353 629 1411 682 in
1447 643 1598 681 anno
1632 625 1824 678 Attico

174 732 542 787 demonstrat
573 723 869 788 Petavius,
903 722 946 790 Ι,
981 739 999 776 ι
1033 722 1105 776 De
1139 724 1290 774 Doct.
1325 727 1490 785 temp.
1523 733 1572 771 c.
1610 717 1698 780 11,
1746 719 1824 768 te-

174 818 478 878 stimniuis
505 813 854 880 Aristotelis,
871 808 1256 881 TheOphrasti
1272 812 1329 862 et
1348 807 1539 862 Plinii.
1564 805 1669 859 Sed
1691 819 1824 858 cum

175 908 418 964 tertium
450 905 643 960 locum
669 905 794 973 jam
827 902 1174 970 occupasset
1201 893 1573 967 Pachymeris
1602 892 1827 962 judicio

177 997 451 1061 Cronius,
497 996 772 1062 quartum
823 989 907 1044 illi
957 987 1299 1058 assignavit,
1351 988 1454 1039 aut
1505 983 1662 1037 aliud
1740 985 1830 1036 est

177 1091 418 1142 secutus
466 1081 622 1154 quod
657 1097 772 1134 non
815 1078 976 1132 latet.
1039 1077 1118 1131 De
1158 1092 1217 1130 re
1265 1075 1392 1140 ipsa
1435 1076 1685 1137 constat,
1734 1071 1830 1126 hic

177 1173 402 1230 Juliani
437 1171 575 1226 anni
600 1168 859 1239 Aprilem
893 1164 1166 1237 intelligi,
1194 1179 1328 1219 cum
1358 1162 1724 1217 describatur
1757 1161 1832 1216 fe-

178 1268 340 1318 stum
411 1258 704 1312 ἀκάθιστον
739 1255 984 1316 dictum,
1031 1253 1255 1324 jejunio
1315 1267 1492 1306 verno
1550 1249 1829 1305 celebrari

185 1351 451 1414 solitum,
504 1348 758 1402 Sabbato
816 1342 1087 1398 videlicet
1144 1341 1364 1412 quinta:
1436 1338 1832 1394 hebdomadis

183 1435 671 1505 Quadragesima,
707 1438 769 1487 ut
799 1431 1166 1486 ostendimus
1210 1429 1267 1484 in
1321 1428 1618 1484 Glossario
1661 1427 1832 1482 verbo

184 1525 492 1584 άκάθιστος.
526 1523 647 1586 Quo
679 1521 772 1576 die
798 1519 1016 1575 Pascha
1046 1518 1144 1573 illo
1176 1534 1330 1574 anno
1363 1519 1556 1586 fuerit,
1597 1522 1654 1572 et
1705 1533 1836 1572 con-

189 1623 502 1686 sequenter
531 1613 588 1666 in
622 1627 795 1682 quem
828 1607 1048 1679 Aprilis
1081 1623 1172 1662 res
1205 1607 1299 1663 hie
1330 1611 1572 1662 narrata
1611 1605 1834 1660 incide-

191 1705 290 1772 rit,
324 1703 586 1756 dicemus
615 1699 792 1763 infra,
818 1697 916 1752 ubi
954 1697 1023 1752 de
1054 1694 1836 1766 characteribus:chronolo-

190 1791 338 1866 gicis
373 1791 552 1860 hujus
583 1787 842 1842 historiae
864 1790 1092 1855 agetur.

1933 622 2094 677 brem
2127 634 2276 674 esse.

2004 706 2424 771 ΜΟΥΝΥΧΙΩΝ,
2479 723 2609 777 pag.
2691 706 2794 758 318
2881 703 3068 770 Μηνὸς
3153 703 3570 773 Μουνυχιῶνος.

1935 796 2111 854 Codd.
2148 797 2189 852 Β
2220 800 2278 850 et
2306 804 2352 850 Α
2381 797 2761 866 Μουνιχιῶνος
2793 795 3088 864 glossema
3119 790 3358 847 solitum
3394 791 3577 844 ascri-

1937 887 2106 951 bunt,
2158 884 2487 938 Romanum
2542 885 2763 938 mensis
2826 883 2954 951 ejus
3005 880 3352 936 vocabulnm
3397 878 3582 947 expri-

1937 989 2118 1039 mens,
2170 965 2488 1045 Νοεμϐρίου
2541 972 2876 1026 Novembris.
2926 971 3084 1034 Quod
3149 985 3283 1025 vero
3347 966 3578 1021 initium

1939 1062 1996 1117 id
2032 1062 2212 1116 luisse
2257 1061 2396 1116 anni
2443 1061 2621 1114 verba
2668 1058 2767 1114 illa
2816 1057 3067 1118 ἐπιόντος
3117 1053 3268 1118 ἔτους
3317 1056 3580 1111 indicant

1941 1150 2310 1206 relerendum
2353 1150 2422 1205 ad
2466 1147 2869 1213 indictionem,
2919 1164 3043 1217 quae
3094 1145 3382 1216 peculiare
3448 1141 3585 1196 anni

1942 1237 2296 1310 principium
2354 1237 2605 1291 ducebat
2657 1253 2690 1290 a
2747 1235 3097 1306 Septembri,
3165 1250 3296 1289 cum
3366 1230 3587 1301 alioqui

1942 1325 2128 1382 civilis
2159 1325 2297 1380 anni
2328 1330 2505 1396 caput
2536 1326 2592 1378 in
2627 1323 2750 1379 Kal.
2774 1324 3066 1380 Januariis
3092 1323 3272 1377 fixum
3305 1326 3478 1377 esset.

2021 1412 2551 1471 ΣΧΙΡΡΟΦΟΡΙΩΝ.
2588 1412 2808 1468 Nomen
2843 1411 2952 1468 hoc
2987 1412 3140 1482 apud
3177 1410 3590 1480 Pachymerem

1947 1502 2143 1558 ultimi
2176 1502 2396 1559 mensis
2453 1506 2543 1556 est
2600 1500 2957 1568 Decembris,
3009 1505 3074 1555 ut
3129 1497 3481 1570 intelligitur
3525 1513 3593 1575 ex

1944 1591 2142 1647 verbis
2175 1607 2308 1662 pag.
2343 1585 2494 1646 305:
2555 1591 2615 1644 '0
2671 1586 2926 1662 βασιλεὺς
2976 1591 3166 1641 τοῦτον
3217 1580 3591 1657 προϐάλλεται

1951 1679 2123 1751 μηνὸς
2173 1677 2655 1752 Σκιρῥοφοριῶνος
2701 1675 2918 1749 εἰκοστῇ
2979 1673 3164 1751 ὀγδόῃ.
3239 1677 3321 1730 Ad
3384 1675 3598 1744 margi-

1951 1785 2086 1824 nem
2125 1783 2156 1822 e
2187 1768 2421 1838 regione
2452 1768 2508 1821 in
2544 1768 2670 1822 cod.
2707 1765 2746 1820 B
2778 1767 3057 1821 scribitur
3102 1757 3460 1838 Δεκεμϐρίου,
3515 1763 3597 1817 uti

298 1853 722 1942 ΠΥΑΙῐΙΕΨΙΩΝ,
786 1893 843 1946 p.
906 1853 1028 1941 403,
1087 1871 1306 1936 εἰκοστῆ
1395 1871 1488 1943 μὶν
1553 1872 1641 1927 καὶ
1711 1869 1842 1950 Sict-0

1971 1863 2012 1913 at
2038 1873 2167 1928 pag.
2199 1857 2324 1924 532,
2359 1856 2457 1913 ubi
2511 1856 2582 1910 de
2642 1856 2987 1950 imperatore
3043 1855 3322 1910 scribitur
3381 1853 3599 1920 θνήσκει

198 1969 604 2039 Πυανεψιῶνος.
638 1965 678 2020 E
730 1964 964 2035 regione
1020 1962 1177 2016 vocis
1233 1963 1616 2034 Πναυεψιῶνος
1673 1968 1844 2022 codd.

199 2056 654 2115 BetAhahent
683 2051 886 2121 Malos,
941 2051 1096 2122 quod
1153 2053 1198 2104 V
1255 2051 1328 2105 de
1385 2068 1543 2108 more
1598 2053 1657 2109 in
1708 2071 1844 2111 con-

201 2151 426 2203 textum
460 2142 685 2215 recipit.
728 2141 843 2197 Nec
887 2139 1134 2195 dubium
1195 2139 1544 2212 relinquitur
1595 2159 1664 2198 ex
1710 2145 1847 2200 cha-

202 2241 426 2292 ractere
458 2249 593 2289 mox
621 2247 894 2303 expresso
941 2229 1073 2285 festi
1122 2228 1398 2285 instantis
1457 2234 1846 2302 Pentecostes,

203 2333 270 2381 ut
299 2324 546 2380 inferius
578 2319 1138 2384 demonstrabimus,
1176 2320 1314 2389 quin
1344 2324 1528 2378 Metus
1561 2323 1652 2378 hic
1686 2339 1849 2380 men-

204 2416 290 2470 sis
317 2414 618 2470 indicitur.
653 2411 815 2467 Unde
846 2409 1255 2481 corrigendum
1289 2410 1520 2465 videtur
1575 2414 1729 2483 quod
1792 2431 1848 2485 p.

202 2505 310 2558 270
343 2502 619 2559 scribitur
647 2502 1022 2566 πυαντιῶνος;
1055 2503 1142 2553 est
1169 2498 1322 2554 enim
1358 2499 1436 2553 ibi
1484 2499 1542 2556 in
1591 2503 1852 2574 margine

202 2609 312 2648 vox
343 2588 542 2655 Μαΐου,
576 2590 819 2659 antiqua
852 2604 1050 2654 manu,
1102 2587 1196 2641 cui
1254 2586 1536 2658 glossema
1581 2591 1856 2645 recentio-

204 2681 284 2736 ris
317 2695 528 2734 manus
561 2678 946 2748 subjungitur
979 2679 1481 2748 μεταγειτεινιῶνος
1521 2678 1632 2733 Res
1683 2695 1853 2750 porro

203 2771 333 2840 ipsa
364 2773 422 2823 et
454 2767 564 2822 loci
610 2766 923 2831 sententia,
961 2769 1024 2819 ut
1048 2763 1086 2818 l.
1115 2765 1148 2818 3
1197 2766 1660 2822 Observationum
1717 2785 1764 2823 ς.
1797 2769 1854 2834 5,

207 2857 365 2914 clare
387 2858 888 2922 demonstremus,
917 2853 1156 2908 omnino
1190 2853 1405 2910 Maium
1439 2856 1633 2927 exigit.

299 2961 860 3028 ΜΑΙΜΑΚΤΗΡΙΩΝ,
925 2977 982 3032 p.
1036 2961 1158 3015 430.
1211 2960 1442 3034 Δευτὲρᾳ
1499 2958 1556 3015 δὲ
1641 2963 1859 3034 Μαιμα-

210 3055 538 3126 κτηριῶνος.
593 3053 654 3106 ln
688 3049 951 3122 margine
982 3049 1098 3104 duo
1128 3050 1300 3105 codd.
1331 3049 1590 3108 Ἰούλιον.
1633 3053 1860 3106 Tertius

213 3149 279 3200 ut
308 3142 454 3198 solet
489 3142 546 3196 id
592 3156 808 3196 nomen
859 3139 1160 3194 contextui
1221 3140 1425 3195 inserit
1484 3157 1587 3196 nec
1645 3141 1858 3196 festum

213 3235 586 3288 Pentecostes
617 3229 676 3285 in
711 3229 1037 3284 secundum
1071 3227 1172 3284 illo
1203 3245 1354 3284 anno
1386 3229 1542 3284 Junii
1572 3229 1863 3299 incidens,
1895 3246 1940 3312 ο

215 3326 280 3377 ut
310 3338 417 3377 suo
448 3320 575 3376 loco
604 3318 972 3388 docebimus,
1002 3318 1250 3372 dubium
1284 3317 1561 3389 relinquit
1598 3321 1739 3391 quin
1769 3318 1868 3374 Ju-

216 3409 352 3465 nius
385 3408 732 3482 Pacbymori
755 3405 1215 3479 Μαιμακτῃριών.
1250 3406 1346 3463 sit.
1367 3406 1437 3460 Τὸ
1465 3404 1867 3464 ὅτιῑθηθωυεε

215 3498 278 3552 τὸ
311 3494 476 3565 διότι,
510 3501 574 3552 ut
603 3497 662 3552 in
691 3495 937 3564 caeteris,
969 3497 1374 3568 quaerendum.
1409 3497 1548 3553 Davi
1579 3497 1735 3553 enim
1767 3514 1866 3553 su-

216 3604 375 3654 mus,
409 3604 525 3643 non
559 3585 762 3658 OEdipi
792 3586 880 3656 (·).

292 3678 382 3748 [ρ.
420 3677 543 3748 488]
577 3676 1086 3745 ANGEETHPIQN,
1107 3679 1189 3748 (p.
1221 3676 1348 3745 286,
1396 3676 1424 3729 δ
1454 3675 1870 3750 Ἀνθεστηριών.

217 3771 258 3820 E
292 3767 528 3839 regione
562 3768 619 3822 in
679 3767 944 3839 margine
1000 3765 1254 3830 Ἰούλιος.
1333 3766 1381 3820 ν
1443 3767 1501 3822 id
1564 3767 1756 3824 solum
1815 3767 1875 3822 in

218 3862 492 3912 contextu
515 3856 712 3912 habet.
745 3859 951 3920 Antea,
986 3873 1041 3928 p.
1106 3858 1229 3924 149,
1292 3857 1473 3930 Εορτῇ
1521 3862 1624 3925 τῆς
1673 3857 1878 3927 Θεομή-

219 3965 383 4019 τορος
413 3945 618 4014 Ἀννης
646 3945 818 4016 μηνὸς
850 3945 1337 4018 Ἀνθεστηριῶνος.
1397 3949 1626 4002 Rursus
1659 3963 1716 4018 p.
1775 3945 1878 4000 483

225 4033 364 4092 Τότε
389 4033 573 4088 τοίνυν
630 4030 910 4106 δωδεκάτῃ
940 4034 1396 4108 Ἀνθεστηριῶνος
1459 4035 1651 4106 μηνός.
1715 4035 1879 4090 Utro-

221 4125 401 4196 bique
433 4125 602 4180 codd.
638 4125 708 4179 de
740 4140 902 4179 more
949 4121 1202 4180 Ἰουνίου.
1264 4125 1568 4180 adnotant.
1629 4123 1876 4196 Augusti

223 4213 445 4268 mensis
481 4213 1002 4284 Pachymerianum
1055 4229 1266 4269 nomen
1315 4212 1375 4268 in
1435 4213 1544 4269 hac
1603 4213 1878 4281 historia,

221 4302 380 4374 quod
414 4301 809 4368 meminerim,
835 4317 951 4356 non
983 4306 1175 4357 exstat
1206 4303 1316 4374 (η).

294 4408 692 4475 ΓΑΜΗΛΙΩΝ,
727 4425 784 4481 p.
836 4409 960 4474 395,
1009 4405 1395 4479 Γαμηλιῶνος.
1453 4407 1648 4480 μηνός.
1693 4409 1876 4483 Codd.

293 4498 332 4552 Β
362 4502 420 4553 et
447 4500 493 4553 A
513 4514 544 4553 e
575 4498 809 4570 regione
832 4499 1181 4554 adscribunt
1221 4493 1622 4572 Σεπτεμϐρίου,
1670 4499 1879 4556 silente

1963 1941 2020 1998 δὲ
2071 1943 2548 2020 Σκιρῥοφοριῶνος
2608 1938 2890 2014 ἑνδεκάτῃ,
2946 1942 3006 1997 in
3066 1942 3328 2013 margine
3394 1948 3601 2010 Δεκεμ-

1962 2029 2140 2108 ϐρίου.
2175 2035 2335 2100 Quod
2370 2032 2681 2104 utrobique
2710 2032 2758 2086 V
2790 2035 2848 2087 in
2881 2036 3217 2087 contextum
3249 2029 3474 2102 recipit.

2636 2191 2927 2247 CAPUTII

1967 2284 2198 2338 Initium
2243 2278 2467 2353 imperii
2510 2281 2773 2337 Theodori
2837 2281 3088 2336 Last‘hrz's
3134 2276 3402 2353 Juniorjs,
3461 2278 3605 2353 unde

2034 2355 2152 2411 haec
2182 2349 2422 2410 historia
2445 2354 2703 2421 procedit,
2750 2354 3061 2408 rationibus
3109 2349 3507 2422 chronOIOgicis
3554 2358 3605 2404 et

2037 2427 2242 2481 cretein
2269 2425 2580 2479 charactere
2608 2425 3046 2479 demonstratur.-

2039 2549 2082 2602 Ι.
2117 2548 2238 2603 Non
2275 2564 2592 2618 possumus
2624 2565 2690 2604 ex
2721 2548 3120 2619 opportuniori
3156 2548 3376 2618 epocha
3425 2547 3606 2616 hujus

1966 2636 2222 2692 historiae
2253 2641 2430 2707 caput
2462 2638 2673 2694 ducere
2705 2653 2879 2706 quam
2913 2647 2979 2692 ex
3025 2637 3190 2690 initio
3242 2637 3607 2706 principatus

1964 2725 2245 2782 Theodori
2279 2725 2543 2780 Lascaris
2574 2742 2640 2781 eo
2673 2727 2907 2780 nomine
2935 2726 3202 2789 secundi,
3237 2725 3338 2778 lilii
3372 2731 3429 2780 et
3482 2742 3613 2780 suc-

1969 2814 2221 2869 cessoris
2255 2813 2313 2868 in
2347 2814 2592 2884 imperio
2622 2814 2869 2870 Joannis
2902 2814 3092 2880 Duces,
3118 2815 3362 2868 Batatzaz
3395 2830 3612 2886 cogno-

1970 2903 2199 2957 minati.
2236 2902 2564 2973 lnsigniora
2592 2904 2748 2958 enim
2782 2919 3027 2974 qumque
3073 2905 3143 2957 de
3177 2903 3458 2958 Michaele
3503 2909 3615 2958 Pa-

1969 2990 2208 3063 lzeologo
2257 2992 2448 3047 adhuc
2480 2993 2705 3064 privato
2749 2993 2842 3047 hic
2885 2997 3119 3047 narrata
3167 2992 3273 3047 hoc
3321 2993 3619 3047 Theodoro

1969 3080 2298 3152 imperante
2319 3082 2717 3152 contigerunt,
2745 3082 2916 3151 cujus
2943 3086 3361 3152 praematurum
3391 3081 3616 3136 obitum

1975 3171 2170 3226 statim
2205 3170 2322 3226 fere
2342 3169 2642 3226 Michaelis
2672 3172 2938 3242 ejusdem
2966 3170 3022 3224 in
3052 3171 3367 3242 imperium
3399 3170 3618 3226 evectio

1979 3259 2224 3331 excepit.
2268 3259 2398 3316 Scio
2457 3260 2566 3315 sub
2613 3259 2837 3316 Joanne
2888 3277 3115 3330 quoque
3173 3259 3439 3315 nonnihil
3493 3259 3622 3330 ejus

1977 3351 2236 3421 generis,
2264 3364 2393 3422 cap.
2425 3349 2483 3417 6,
2514 3347 2617 3404 lib.
2650 3367 2668 3405 ι
2703 3349 3052 3405 memorari:
3089 3365 3290 3404 verum
3323 3353 3380 3404 et
3409 3349 3468 3404 id
3503 3348 3623 3403 obi-

1980 3443 2068 3495 ter
2095 3438 2461 3494 insinuatum
2494 3437 2974 3509 duntaxatquasi
3018 3438 3356 3509 praetexitur
3412 3437 3574 3510 operi
3608 3455 3622 3492 :

1981 3531 2036 3584 et
2067 3527 2209 3582 illud
2243 3528 2437 3599 ipsum
2458 3527 2593 3598 jure
2624 3526 2905 3598 imputari
2935 3527 3237 3583 Theodoro
3261 3525 3452 3598 potuit
3502 3531 3631 3581 tan-

1983 3621 2107 3672 tum
2142 3633 2257 3672 non
2291 3616 2602 3688 imperanti
2637 3621 2695 3670 et
2724 3617 2875 3687 apud
2911 3621 3212 3688 parentem
3246 3615 3534 3672 seniorem
3562 3631 3627 3670 eo

1981 3707 2179 3780 gratia:
2212 3723 2277 3761 ac
2310 3705 2585 3774 potentia
2616 3706 2798 3778 gradu
2835 3705 3069 3772 nitenti,
3105 3704 3339 3776 qualem
3376 3722 3476 3776 per
3505 3709 3632 3759 erat

1983 3795 2284 3865 unigenito
2298 3795 2484 3850 virilis
2498 3795 2710 3865 adepto
2730 3793 3158 3865 plenitudinem
3180 3793 3386 3864 aetatis,
3410 3793 3631 3864 (R489)

1981 3885 2139 3941 haud
2173 3886 2352 3941 dubio
2385 3883 2712 3940 successori
2747 3883 3042 3939 declarato
3086 3889 3141 3939 et
3174 3901 3287 3939 Iam
3323 3901 3481 3938 nunc
3516 3885 3634 3939 fere

1983 3975 2218 4047 collegae
2252 3973 2452 4030 tribui.
2515 3977 2691 4028 Recte
2745 3973 2926 4046 igitur
2983 3979 3186 4028 noster
3237 3972 3404 4028 initio
3457 3973 3630 4028 modo

1982 4063 2202 4119 laudati
2235 4063 2443 4135 capitis
2463 4063 2517 4131 7,
2559 4061 2715 4118 velut
2760 4060 3066 4117 historiam
3118 4061 3252 4116 inde
3309 4077 3476 4116 suam
3535 4078 3640 4117 au-

1983 4153 2221 4226 spicans
2254 4151 2485 4218 scribit,
2513 4153 2839 4224 imperante
2865 4151 3177 4206 Theodoro
3225 4151 3452 4206 Lascari
3506 4156 3642 4222 post

1983 4247 2229 4315 patrem,
2261 4240 2602 4297 Michaelem
2633 4238 3012 4312 Palasologum
3039 4255 3272 4312 semper
3321 4239 3638 4295 obnoxium

1983 4330 2232 4387 affectati
2267 4330 2429 4402 regni
2459 4329 2903 4401 suspicionibus
2936 4328 3141 4394 fuisse,
3182 4345 3298 4400 quo
3358 4345 3425 4383 ex
3480 4329 3640 4383 fonte

1984 4421 2269 4476 malorum
2307 4419 2596 4485 omnium,
2645 4435 2772 4492 quae
2830 4423 2969 4473 tunc
3025 4423 3116 4473 est
3177 4434 3415 4490 passus,
3448 4433 3640 4473 causa:

1985 4511 2280 4566 ﬂuxerint.
2314 4508 2388 4565 Ut
2410 4525 2546 4581 ergo
2580 4508 2757 4564 limen
2792 4508 2961 4580 quasi
3002 4513 3428 4580 prmstruamus
3459 4506 3644 4562 histo-

222 4591 434 4690 Ρτωῖθξ
459 4586 795 4690 ωοτθηξὶνιῖ
819 4588 917 4659 (ἰαί
949 4587 1058 4644 hoc
1089 4603 1320 4645 comma
1366 4588 1646 4690 ῒτξιῑξείιίίο
1695 4593 1880 4690 Αρὶθῑι
1911 4624 1957 4690 D
1987 4599 2084 4656 riae
2108 4615 2286 4672 quam
2318 4598 2680 4654 illustratum
2716 4600 2895 4664 imus,
2929 4601 3064 4652 ante
3097 4596 3298 4652 omnia
3328 4596 3643 4652 elaboran-

224 4695 279 4745 p.
313 4677 440 4732 299.
490 4678 599 4748 μὴν
663 4673 721 4730 δὲ
777 4675 1082 4753 ἐφειστήκει
1124 4678 1220 4731 τότ
1252 4675 1554 4750 Γαμηλιὼε
1609 4699 1660 4749 ν,
1712 4675 1856 4752 ⁴ἤγετε

1990 4689 2132 4744 dum
2165 4687 2336 4744 nobis
2365 4691 2456 4744 est
2487 4687 2544 4742 in
2599 4687 3010 4742 constituendo
3071 4685 3310 4758 praecise
3351 4690 3643 4757 tempore,

225 4761 284 4819 δὲ
335 4767 370 4834 ἡ
426 4769 525 4819 τοῦ
571 4764 762 4838 τιμίου
834 4770 1067 4840 σταυροῦ
1119 4765 1305 4842 ἑορτὴ,
1369 4769 1581 4824 festum
1667 4767 1883 4824 exalta-

223 4855 406 4911 tionis
433 4861 490 4912 Β.
548 4855 752 4911 Crucis
803 4856 868 4910 14
931 4856 1299 4927 Septembris
1357 4856 1534 4912 etiam
1595 4874 1628 4912 a
1668 4857 1884 4913 Graecis

223 4945 614 5001 celebratum.
637 4947 936 5002 Consueta
965 4949 1024 5000 et
1056 4945 1136 5000 ibi
1180 4946 1350 5002 codd.
1411 4947 1746 5012 admonent,
1780 4945 1881 5001 sed

223 5034 374 5090 satis
404 5049 472 5089 ex
504 5033 637 5090 festi
670 5035 967 5090 mentione
999 5033 1350 5107 intelligitur
1375 5036 1734 5106 September.

304 5143 457 5198 69³
491 5141 1026 5199 ΕΛΑΦΗΒΟΛῘΩΝ.
1071 5159 1205 5216 pag.
1266 5144 1392 5198 394.
1455 5137 1884 5220 Ἐλαφηϐολιῶ-

225 5250 323 5286 νοσ
351 5227 479 5304 ἕκτῃ
513 5231 712 5303 μηνός.
748 5231 1105 5305 Suggerunt,
1140 5237 1205 5288 ut
1242 5231 1452 5302 solent,
1499 5235 1671 5290 codd.
1725 5234 1767 5289 Β
1827 5238 1886 5289 et

227 5323 275 5377 A
307 5319 368 5377 in
402 5323 667 5395 margine
699 5321 977 5378 Latinum
1011 5322 1234 5378 mensis
1277 5339 1491 5378 nomen
1521 5316 1882 5396 Ὀκτώϐριον,

229 5409 559 5476 Octobrem,
593 5427 770 5483 quem
804 5417 860 5466 et
881 5411 1008 5484 ipse
1035 5410 1202 5467 locus
1231 5427 1334 5484 per
1373 5427 1434 5466 se
1469 5411 1710 5481 indicat,
1746 5429 1880 5468 cum

231 5500 293 5555 in
333 5515 400 5556 eo
457 5499 787 5556 afﬁrmatur
843 5501 1266 5574 prmcedentem
1326 5499 1546 5572 ἂμὲσως
1618 5518 1882 5558 mensem

400 5662 494 5737 Cf._
519 5662 779 5737 Glossar.
805 5663 966 5737 alter.
1000 5679 1038 5716 ν
1096 5662 1559 5737 Μαιμακτῃριὼν.

297 5731 397 5804 (””)
425 5734 510 5791 Cf.
541 5736 803 5793 Glossar.
836 5735 1090 5793 alterum
1111 5753 1167 5792 ν.
1194 5731 1528 5792 Ποσειδεὼν.

1990 4794 2106 4850 quo
2137 4777 2314 4850 coepit
2343 4777 2686 4832 Theodorus
2719 4776 2986 4831 Lascaris
3022 4774 3232 4830 Junior
3253 4774 3517 4830 habenas
3538 4776 3644 4830 im-

1991 4867 2136 4940 perii
2160 4871 2429 4922 tractare.
2466 4865 2911 4938 Negligentibus
2943 4864 3003 4919 in
3064 4863 3174 4919 hoc
3221 4863 3557 4919 deﬁniendo
3589 4867 3648 4920 et

1992 4957 2162 5029 quasi
2195 4958 2266 5012 de
2296 4972 2402 5012 suo
2436 4955 2675 5011 nomine
2705 4950 3258 5029 παραχυμερὲστερον
3288 4953 3444 5009 094
3475 4954 3642 5010 vide-

1989 5051 2090 5103 tur
2121 5051 2319 5102 noster
2334 5044 2653 5102 historicus
2675 5045 3006 5100 defunctus.
3033 5043 3145 5098 Sed
3168 5043 3460 5100 habemus
3486 5060 3638 5117 quos

1991 5136 2380 5194 adhibeamus
2437 5133 2704 5190 subsidio
2762 5132 3084 5205 locupletes
3141 5137 3409 5189 auctores
3463 5134 3637 5202 duos,

1990 5225 2306 5299 Georgium
2338 5221 2735 5295 Acropolitam
2766 5227 2823 5279 et
2851 5221 3245 5292 Nicephorum
3279 5222 3597 5294 Gregoram
3630 5240 3644 5279 :

1993 5331 2242 5390 quorum
2277 5312 2436 5386 prior
2457 5311 2938 5368 accuratissimus
2961 5316 3017 5366 et
3040 5327 3297 5384 praesens
3320 5311 3638 5383 inspector,

1991 5423 2142 5479 quas
2173 5406 2393 5468 narrat,
2429 5417 2622 5457 rerum
2649 5419 2699 5457 c.
2733 5403 2803 5457 52
2842 5402 2980 5456 Hist.
3016 5400 3232 5472 prioris
3276 5417 3410 5473 pag.
3453 5402 3524 5455 56
3556 5402 3652 5456 ed.

1994 5496 2135 5566 Reg.
2186 5493 2272 5550 sic
2335 5490 2599 5548 scribit:
2656 5490 2966 5560 Ἐτεθνήκει
3053 5485 3308 5564 βασιλεὺς
3395 5488 3656 5558 Ἰωάννης
