4248 6438
157 416 293 471 1157

1549 410 2171 467 CHRONOLOGICUS.

3424 421 3559 475 1158

156 541 336 612 polita
365 538 586 600 scribit,
622 554 676 607 p.
719 537 824 591 57:
870 534 1141 610 Πὲφοακεν
1207 534 1234 586 ὁ
1293 534 1640 607 πατριάρχης
1680 533 1850 599 Ma-l

1960 551 1984 587 o
2017 533 2143 604 ipso
2176 535 2326 601 quod
2364 535 2878 606 praesignificatam
2906 539 3003 593 illa
3043 540 3242 612 eclipsi
3277 543 3562 600 Theodori

160 627 339 696 νουὴλ
402 624 595 698 μικρόν
654 646 702 677 τι
759 628 854 677 τοῦ
913 622 1180 697 βασιλέως
1211 622 1462 678 Ἰωάννου
1511 638 1810 694 προτελευο

160 725 344 785 τῇσιν
397 716 618 773 Manuel
663 714 979 784 patriarcha
1036 713 1209 784 paulo
1258 722 1383 767 ante
1426 712 1652 768 Joannis
1704 714 1814 766 Au-

172 809 323 875 gusti
351 815 580 859 mortem
613 803 932 858 decesserat.
967 807 1350 856 Accesserunt
1381 799 1814 855 deliberationis

168 895 225 947 in
261 892 573 963 querendo
606 892 784 960 digno
839 905 1032 955 morae,
1064 895 1122 944 et
1171 895 1302 960 post
1348 889 1811 959 designationem

167 980 474 1051 Nicephori
529 979 866 1033 Blemmidze
911 978 1091 1046 hujus
1143 978 1452 1043 recusatio,
1505 975 1613 1031 sub
1667 975 1815 1029 hanc

169 1070 526 1125 consultatio
560 1085 744 1124 DOVa:
779 1072 836 1122 et
867 1073 1000 1138 post
1030 1066 1246 1121 multos
1279 1065 1578 1137 sigillatim
1609 1081 1815 1135 expen-

169 1177 289 1222 sos,
335 1159 432 1228 qui
484 1157 664 1212 variis
709 1157 772 1211 dt
842 1156 1036 1210 causis
1104 1171 1218 1210 non
1287 1153 1631 1225 placuerunt
1673 1168 1815 1206 novo

169 1246 441 1318 principi,
474 1246 678 1301 electio
740 1245 1005 1299 monachi
1041 1244 1269 1298 Arsenii
1329 1244 1701 1313 evocatioque
1749 1257 1814 1295 ex

169 1335 524 1391 monasterio
549 1335 658 1389 sito
683 1335 752 1387 ad
789 1332 1189 1403 Apolloniadis
1229 1333 1441 1395 lacum,
1467 1333 1600 1386 inde
1641 1331 1818 1398 huius

170 1441 468 1481 sacrorum
502 1424 772 1477 ordinum
805 1422 1059 1491 expertis
1122 1421 1374 1475 initiatio
1408 1437 1510 1491 per
1542 1421 1756 1490 gradus
1788 1436 1821 1473 a

169 1515 476 1569 diaconatu
510 1512 581 1568 ad
633 1511 1092 1582 patriarchatum
1146 1526 1261 1564 una
1311 1510 1675 1565 hebdomade
1717 1509 1820 1562 de-

173 1607 502 1675 properata.
529 1604 658 1655 Haec
709 1600 877 1654 facile
909 1604 1093 1653 totum
1142 1599 1524 1654 Novembrem
1561 1603 1820 1668 partem—

175 1708 289 1762 que
317 1691 646 1747 decembris
670 1689 1088 1757 tenuerunt,ita
1115 1694 1179 1742 ut
1220 1689 1516 1743 coronatio
1541 1685 1820 1742 solemnis

177 1782 308 1836 novi
363 1781 611 1850 Augusti
662 1795 763 1850 per
821 1794 1032 1833 novum
1095 1777 1488 1848 patriarcham
1543 1775 1651 1830 ritc
1692 1792 1820 1846 per-

1920 628 2163 676 mortem
2217 624 2567 692 asserit;ad
2620 629 2773 697 quod
2831 644 3065 683 necesse
3124 632 3234 685 fuit
3264 633 3562 704 ecclipsim

1923 717 2105 765 morte
2137 712 2316 767 fuisse
2369 714 2643 782 priorem.
2705 716 2947 771 Errandi
2999 720 3366 775 occasionem
3423 723 3562 778 viris

1922 799 2080 854 hisce
2115 803 2342 872 magnis
2368 807 2749 875 Pachymeres
2784 808 3034 877 prmbuit
3084 810 3474 879 perfunctorie
3498 829 3560 866 ac

1923 889 2190 960 perplexe
2249 893 2569 962 deliquium
2622 894 2779 948 istud
2841 895 2982 950 solis
3033 913 3389 961 memorans,
3437 901 3564 956 sine

1924 983 2082 1031 certa
2114 980 2274 1044 anni,
2311 982 2552 1047 mensis,
2588 983 2725 1048 dici,
2760 988 2823 1037 ut
2857 985 2912 1037 in
2949 985 3040 1039 his
3069 986 3304 1052 assolet,
3346 989 3564 1043 indica-

1923 1065 2101 1126 tione,
2150 1068 2285 1136 quin
2337 1070 2513 1123 etiam
2569 1069 2758 1126 alieno
2805 1073 2856 1126 id
2905 1073 3027 1128 loco
3065 1078 3341 1145 referens,
3385 1083 3439 1131 ct
3470 1079 3564 1147 ju-

1925 1159 2075 1208 stam
2102 1154 2382 1224 objiciens
2414 1156 2623 1221 legenti
2653 1176 2887 1214 causam
2933 1163 3210 1232 Opinandi
3246 1164 3386 1217 illud
3423 1183 3567 1236 pnu-

1926 1243 2008 1297 cis
2035 1244 2242 1298 diebus
2273 1251 2587 1316 antequam
2622 1249 2961 1304 Theodorus
2997 1257 3322 1306 moreretur
3353 1255 3566 1320 visum,

1927 1347 2056 1386 cum
2092 1332 2328 1388 aliunde
2360 1343 2725 1405 compertum
2760 1339 2832 1392 sit
2865 1338 3090 1393 nullam
3139 1346 3258 1395 toto
3288 1342 3384 1396 illo
3416 1360 3568 1397 anno

1927 1420 2086 1483 1259,
2115 1437 2226 1489 quo
2257 1427 2411 1476 certo
2453 1429 2681 1478 constat
2729 1426 2942 1481 obiisse
2997 1429 3391 1499 Theodorum,
3427 1430 3570 1484 solis

1924 1507 2189 1579 eclipsim
2223 1509 2425 1565 Nicaeae
2458 1512 2723 1568 autlocis
2759 1515 3028 1571 finitimis
3077 1518 3253 1572 videri
3289 1520 3569 1590 potuisse.

1929 1598 2116 1661 Quare
2149 1615 2260 1653 non
2291 1601 2585 1656 immerito
2636 1603 2846 1659 Sethus
2893 1604 3180 1661 Calvisius
3220 1609 3277 1661 in
3309 1609 3571 1664 Chrono-

1929 1686 2084 1759 logia
2113 1687 2405 1743 VVolﬁana
2454 1707 2607 1744 anno
2635 1691 2846 1746 Christi
2901 1695 3037 1747 1255
3070 1696 3442 1767 Pachymeris
3475 1715 3573 1752 ex-

1929 1781 2127 1846 cerpta
2159 1778 2284 1831 falsi
2318 1778 2532 1849 arguit,
2567 1796 2692 1850 quze
2733 1781 3107 1852 reprehensio
3139 1785 3271 1850 etsi,
3308 1792 3370 1840 ut
3403 1788 3573 1842 modo

175 1870 391 1940 petrari
437 1870 527 1922 vix
577 1868 833 1938 potuerit
881 1871 1014 1964 ante
1059 1867 1205 1964 festa
1253 1865 1549 1964 Nataolitia,
1600 1871 1658 1964 et
1695 1880 1820 1963 cre-
1855 1895 1904 1962 Β
1934 1865 2157 1964 fatebar
2185 1864 2378 1964 ipsum
2414 1869 2790 1938 amplectitur
2820 1871 3257 1941 Pachymerem,
3287 1883 3477 1930 tamen
3507 1893 3576 1931 ne

175 1958 356 2013 dibile
382 1962 473 2012 est
501 1957 631 2029 ipso
681 1956 899 2012 Christi
943 1955 1150 2020 Natali,
1203 1971 1318 2024 quo
1349 1954 1442 2008 die
1473 1953 1826 2024 auspicalior

178 2047 422 2118 reperiri
457 2047 608 2102 alius
642 2045 934 2116 nequiret,
967 2060 1185 2099 sacram
1220 2043 1388 2097 istam
1423 2043 1827 2098 casremoniam

181 2142 503 2210 peractam.

252 2261 341 2316 ιν.
377 2261 479 2315 His
526 2259 604 2314 ita
655 2259 880 2331 positis,
923 2276 1050 2330 quae
1102 2257 1314 2328 partim
1367 2257 1693 2315 certissima
1744 2257 1833 2312 di-

192 2356 351 2407 serta
408 2349 820 2405 testificatione
879 2349 1221 2420 AcrOpolitas
1296 2353 1436 2404 tunc
1487 2348 1730 2402 viventis
1779 2351 1836 2402 et

189 2439 496 2511 praesentis
551 2455 616 2492 ac
671 2441 934 2508 Gregoro's
992 2436 1460 2506 compertissima
1507 2452 1574 2490 ex
1615 2436 1834 2491 recenti

194 2528 480 2585 memoria
510 2526 845 2592 scribentis,
883 2525 1117 2596 partim,
1172 2524 1326 2595 quod
1380 2524 1587 2579 attinet
1621 2527 1686 2579 ad
1724 2526 1835 2580 cir-

185 2616 602 2674 cumstantiam
662 2615 776 2670 diei
843 2614 1059 2668 Christi
1123 2613 1337 2669 Natalis
1412 2615 1481 2668 ad
1553 2615 1836 2670 Theodori

186 2709 628 2764 coronationem
697 2705 979 2771 electi,in
1057 2703 1291 2760 silentio
1354 2705 1709 2777 scriptorum
1769 2721 1835 2764 ex

189 2798 340 2853 serie
392 2796 646 2852 naturali
704 2812 898 2850 rerum
955 2793 1386 2850 verisimillima
1452 2799 1611 2862 sunt,
1673 2795 1840 2850 offert

191 2887 362 2942 nobis
403 2887 644 2956 quidam
696 2883 915 2956 alioqui
961 2883 1378 2955 perintricatus
1436 2887 1493 2937 et
1550 2883 1840 2938 obscurus

191 2974 566 3046 Pachymeris
593 2973 779 3028 nostri
819 2971 985 3027 locus
1017 2971 1381 3026 occasionem
1408 2970 1648 3025 minime
1681 2987 1840 3042 sper-

192 3064 450 3120 nendam
500 3061 859 3134 insigniendi
900 3060 1198 3116 luculento
1249 3059 1467 3116 caelesti
1508 3059 1843 3116 charactere

198 3154 451 3208 frontem
483 3151 633 3206 hanc
669 3153 857 3223 ipsam
906 3155 963 3205 et
995 3149 1162 3221 quasi
1221 3148 1526 3220 capitalem
1562 3150 1840 3221 epocham

1940 1954 2140 2022 injusti
2177 1955 2387 2020 simus,
2422 1963 2644 2027 partem
2693 1959 2820 2029 ejus
2853 1960 2964 2030 ipsi
3016 1979 3246 2032 quoque
3281 1981 3447 2018 suam
3479 1967 3575 2021 de-

1939 2043 2144 2099 bemus
2180 2045 2384 2100 Wolfio
2437 2064 2766 2120 aspergere,
2818 2052 2916 2123 qui
2947 2053 3046 2106 sub
3075 2053 3280 2108 obitum
3306 2056 3580 2112 Theodori

1939 2133 2218 2189 defecisse
2269 2135 2447 2190 solem
2481 2138 2552 2192 de
2585 2155 2689 2192 suo
2723 2141 2956 2210 adjecit,
2993 2159 3124 2196 eum
3162 2144 3218 2198 id
3262 2144 3582 2217 Pacbyme-

1941 2238 2033 2276 res
2066 2240 2180 2278 non
2223 2225 2544 2295 scripserit.
2581 2226 2724 2281 Nam
2759 2230 2911 2298 quod
2954 2247 3022 2285 ex
3053 2233 3356 2288 occasione
3388 2235 3582 2290 obitus

1941 2311 2228 2367 Theodori
2279 2315 2613 2370 meminerit
2659 2317 2992 2374 istiusmodi
3038 2320 3296 2392 eclipsis,
3343 2324 3439 2393 qui
3469 2341 3582 2378 non

1941 2401 2096 2455 videt
2145 2418 2322 2474 quam
2374 2403 2676 2459 intirmum
2730 2418 3140 2478 argumentum
3184 2413 3260 2464 sit
3307 2412 3586 2483 Opinandi

1943 2505 2068 2546 eam
2101 2496 2242 2546 tunc
2271 2491 2453 2547 visam
2476 2493 2503 2547 ‘t

2015 2616 2082 2670 V.
2110 2618 2228 2688 Ego
2261 2634 2391 2673 vero
2423 2619 2558 2673 dum
2588 2626 2856 2676 crateram
2891 2621 3142 2678 indolem
3185 2624 3455 2696 lucifuga:
3485 2644 3586 2682 cu-

1941 2707 2202 2777 jusdam,
2259 2706 2607 2778 ambagiosa:
2657 2726 2722 2763 ac
2785 2707 3484 2787 σκοτοδασυπυκνότριχος,
3528 2723 3592 2771 ut

1948 2795 2210 2857 Gelliano
2243 2800 2298 2852 et
2333 2797 2750 2869 AristOphaneo
2780 2800 2972 2856 verbis
3006 2808 3152 2858 utar.
3189 2803 3592 2875 Pachymeria-

1950 2902 2036 2940 nae
2067 2885 2340 2946 dictionis
2376 2888 2587 2959 cogito,
2625 2891 2883 2960 dumque
2937 2897 3216 2962 praeterea
3247 2899 3441 2948 mente
3467 2912 3594 2950 am-

1953 2974 2155 3047 plexus
2187 2975 2365 3032 simul
2398 2981 2608 3032 cuncta
2637 2995 2768 3050 quas
2794 2979 2888 3034 hic
2928 2981 3261 3037 referuntur
3292 2983 3595 3053 sigillatim

1951 3078 2204 3134 expensa
2233 3063 2466 3136 colligo,
2518 3065 2662 3120 mihi
2708 3068 2909 3123 videor
2955 3070 3411 3125 animadvertere
3445 3072 3597 3126 indi-

1954 3151 2060 3206 ciis
2089 3151 2245 3208 haud
2270 3154 2434 3208 vanis
2481 3153 2738 3210 voluisse
2784 3163 3053 3213 nostrum
3110 3160 3444 3216 historicum
3482 3160 3598 3214 sal-

192 3243 374 3312 hujus
409 3257 586 3313 quam
629 3241 862 3295 edimus
893 3239 1158 3295 historia.
1195 3237 1362 3293 Ponit
1391 3244 1596 3294 auctor
1625 3244 1842 3308 noster,
1875 3257 1918 3324 ρ
1957 3245 2075 3295 tem
2108 3242 2354 3296 obscure
2403 3242 2668 3313 innuere,
2702 3245 2749 3300 si
2814 3247 3011 3302 minus
3064 3248 3212 3302 clare
3264 3250 3598 3320 praedicare,

193 3331 234 3387 l.
266 3348 305 3396 ι,
340 3347 389 3384 c.
424 3330 510 3398 t3,
541 3328 663 3383 haec
693 3329 821 3400 ipsa
849 3327 1020 3400 plane
1042 3329 1217 3383 verba
1247 3328 1318 3383 de
1363 3329 1618 3400 quodam
1645 3328 1844 3399 eclipsi

1961 3329 2288 3401 deliquium
2323 3333 2535 3402 solare,
2570 3334 2724 3404 quod
2758 3334 2866 3390 hoc
2921 3337 3046 3391 loco
3087 3343 3394 3405 memorat,
3429 3338 3601 3409 longe

1963 3425 2098 3474 ante
2125 3420 2233 3474 hoc
2292 3425 2547 3492 tempus,
2582 3422 2637 3477 in
2674 3440 2790 3496 quo
2833 3427 3124 3482 narrando
3173 3433 3458 3496 versatur,
3504 3443 3607 3498 pa-

1963 3514 2184 3564 tratum
2217 3514 2272 3565 et
2301 3517 2625 3582 spectatum
2663 3515 2862 3570 fuisse.
2897 3517 3326 3587 Argumentum
3360 3518 3444 3572 sic
3474 3532 3611 3572 sen-

1965 3597 2145 3652 tiendi
2173 3597 2424 3669 primum
2446 3615 2617 3656 sumo
2638 3619 2703 3657 ex
2729 3602 3304 3674 plusquamperfecto
3353 3609 3616 3676 tempore

1967 3686 2118 3756 quod
2151 3685 2210 3740 in
2241 3689 2414 3742 verbo
2447 3687 2538 3744 his
2559 3689 2944 3757 aﬂ‘ectat,non
2993 3692 3258 3748 scribens
3298 3689 3619 3746 ἐκλέλοιπεν

1969 3770 2154 3842 ἥλιος
2183 3775 2284 3830 sed
2308 3771 2638 3846 ἐκλελοίπει,
2673 3783 2729 3833 et
2759 3779 2959 3836 statim
2994 3785 3146 3852 post,
3199 3779 3389 3842 σκότος
3419 3781 3480 3835 τὸ
3513 3784 3614 3834 πᾶν

197 3420 346 3475 solis
393 3436 521 3490 qua:
572 3418 858 3473 Theodori
905 3422 1318 3488 praematurum
1365 3417 1589 3472 obitum
1637 3434 1854 3489 praesa-

203 3508 416 3581 gierit:
451 3506 517 3563 Ὃ
577 3502 643 3574 δὴ
701 3506 788 3560 καὶ
850 3505 1197 3578 προεσήμανὲ
1247 3525 1298 3558 τι
1359 3509 1586 3577 σημεῖον
1620 3523 1632 3537 ο
1691 3503 1854 3572 ἥλιος

201 3597 306 3672 γὰρ
366 3594 678 3650 ἐκλελοίπει
736 3593 818 3673 ἃφ⁹
869 3593 1010 3669 ὥραν
1065 3595 1256 3669 τρίτην
1287 3600 1386 3664 τῆς
1435 3591 1598 3666 ἕκτης
1627 3592 1856 3669 ἡμέρας,

205 3683 297 3740 καί
348 3685 480 3757 βαθὺ
512 3684 702 3745 σκότος
730 3685 793 3738 τὸ
819 3689 922 3738 πᾶν
971 3682 1314 3761 κατειλήφει,
1376 3682 1515 3738 ὥστε
1569 3684 1656 3737 καὶ
1693 3681 1860 3763 ἄστρα

208 3781 442 3852 φανῆναι
496 3775 614 3830 κατ’
669 3772 920 3846 οὐρανόν.
975 3772 1079 3828 Καὶ
1140 3770 1206 3841 δὴ
1266 3773 1560 3844 ἀρπάζεται
1615 3773 1706 3827 καὶ
1758 3773 1862 3847 πρὸ

211 3864 360 3935 ὥρας
419 3864 555 3936 ἀνὴρ
618 3862 919 3938 βασιλικῶς
982 3863 1075 3934 μὲν
1130 3861 1220 3915 καὶ
1278 3861 1554 3936 γεννηθεὶς
1602 3863 1688 3916 καὶ
1735 3881 1850 3934 τρα·

1971 3862 2290 3940 κατείληφε,
2335 3867 2435 3920 sed
2475 3865 2819 3942 κατειλήφει.
2869 3870 3176 3940 Defecerat,
3239 3871 3455 3942 inquit,
3515 3872 3617 3940 sol,

213 3952 357 4030 φεες,
390 3959 502 4009 etc.
537 3953 668 4009 Haec
700 3953 770 4008 ad
805 3953 1042 4008 verbum
1087 3952 1609 4025 scrupulosissime
1641 3953 1755 4007 fide
1785 3954 1868 4009 sic
1976 3969 2090 4007 non
2116 3959 2316 4008 autum
2351 3966 2480 4010 tunc
2511 3956 2747 4026 defecit;
2781 3965 2833 4012 et
2863 3959 3114 4013 tenebrrc
3148 3961 3421 4014 universa
3459 3960 3622 4014 obdu-

216 4044 423 4099 Latlne
472 4048 724 4098 sonant:
773 4041 859 4114 (Ρ.
919 4043 1046 4114 491)
1103 4042 1254 4110 Quod
1310 4053 1360 4097 et
1415 4041 1870 4112 praesigniﬁcavit
1975 4050 2196 4111 xerunt,
2246 4041 2432 4098 multo
2481 4043 2704 4100 scilicet
2753 4046 2936 4116 prius,
2982 4064 3094 4102 non
3124 4056 3318 4102 autem
3365 4057 3492 4103 tunc
3531 4051 3625 4102 ob-

217 4137 442 4205 signum
491 4132 780 4202 quoddam.
834 4131 923 4186 Sol
991 4131 1141 4188 enim
1218 4131 1494 4201 defecerat
1550 4131 1620 4185 ad
1677 4130 1872 4186 horam

217 4221 447 4277 tertiam
488 4224 645 4276 sexta
693 4221 834 4288 diei,
895 4229 946 4276 et
996 4221 1182 4276 densa?
1232 4220 1467 4275 tenebrae
1505 4228 1698 4274 cuncta
1727 4236 1871 4275 com-

218 4311 646 4382 prehenderent,
678 4310 812 4366 adeo
839 4317 900 4365 ut
942 4313 1274 4380 apparerent
1320 4308 1500 4365 stella
1521 4323 1620 4379 per
1655 4309 1873 4366 ccclum.

221 4402 410 4472 Itaque
434 4398 770 4471 praeripitur
808 4401 1010 4454 acerba
1054 4407 1226 4454 morte
1262 4399 1351 4453 vtr
1395 4399 1548 4468 regie
1577 4397 1799 4469 quidem
1828 4400 1878 4453 et

226 4495 392 4544 natus
419 4495 472 4545 et
518 4490 916 4558 educatus,etc.
966 4489 1097 4544 Hice
1143 4489 1202 4543 in
1251 4492 1489 4560 exerpta
1514 4505 1618 4542 sua
1658 4487 1878 4560 Pachy-

229 4579 497 4634 meriana
527 4596 852 4651 congerens
876 4579 1128 4635 Wolﬁus
1160 4578 1246 4634 sic
1285 4577 1491 4633 effert:
1525 4576 1634 4631 Sub
1673 4577 1883 4634 obitum

227 4668 491 4724 Theodori
517 4669 772 4725 Lascaris
801 4676 954 4724 sexto
992 4668 1085 4722 die
1114 4668 1194 4722 sol
1224 4683 1321 4737 per
1341 4667 1529 4721 horam
1560 4667 1884 4721 obscurata:

225 4761 324 4827 est,
359 4760 704 4829 tenebraeque
731 4766 1069 4828 operuerunt
1100 4757 1309 4821 omnia,
1352 4755 1483 4810 adeo
1512 4763 1575 4809 ut
1604 4753 1786 4810 stellae
1814 4756 1874 4809 in

223 4849 355 4902 creto
384 4853 718 4919 apparerent
758 4847 1043 4903 Henricus
1073 4846 1427 4919 Spondanus
1466 4845 1529 4900 in
1582 4846 1882 4900 continua-

224 4938 386 4992 tione
416 4939 729 4994 Annalium
779 4937 1009 4993 Baronii
1042 4937 1110 4990 ad
1170 4953 1308 4991 ann.
1364 4936 1520 5001 1259,
1578 4950 1738 4990 num.
1791 4935 1881 5001 15,

228 5028 436 5083 scribit
464 5028 574 5083 sub
602 5028 829 5083 obitum
863 5025 1156 5082 Theodori
1196 5025 1463 5080 Lascaris
1508 5023 1772 5080 Junioris
1803 5039 1885 5078 so-

229 5120 336 5173 lem
366 5135 466 5189 per
505 5119 702 5174 horam
745 5120 1095 5175 obscuratum
1150 5132 1284 5186 esse,
1332 5117 1416 5169 ita
1472 5119 1532 5170 ut
1559 5115 1738 5171 stellae
1775 5131 1884 5186 ap-

227 5217 514 5280 parerent.
547 5209 811 5280 Sumpsit
841 5209 898 5264 id
934 5207 1212 5265 nimirum
1253 5221 1321 5260 ex
1352 5203 1570 5260 Wilfio.
1605 5203 1885 5260 Odoricus

232 5297 554 5354 Rainaldus
601 5315 762 5353 num.
804 5299 874 5353 54
922 5314 1058 5353 ann.
1109 5295 1265 5364 1259,
1319 5298 1566 5349 mortem
1598 5294 1887 5350 Theodori

236 5386 517 5454 referens,
567 5388 833 5457 ejusdem
885 5385 1152 5442 meminit
1194 5382 1453 5454 eclipsis,
1514 5398 1693 5453 quam
1726 5388 1890 5439 sexto

234 5479 311 5531 ab
360 5477 491 5546 ejus
537 5477 698 5531 obitu
751 5477 844 5530 die
894 5475 1218 5545 contigisse
1261 5472 1411 5526 691
1459 5471 1563 5537 ait,
1594 5477 1891 5528 auctorem

233 5565 486 5619 laudans
519 5563 954 5636 Pacbymerem.
991 5565 1059 5617 At
1088 5561 1203 5631 hic,
1256 5559 1392 5614 licet
1423 5558 1536 5614 dici
1566 5567 1733 5614 aestas
1769 5577 1892 5616 me-

233 5654 498 5721 minerit,
547 5654 703 5709 haud
752 5658 948 5708 tamen
981 5668 1109 5707 eam
1161 5649 1592 5706 numerandam
1643 5649 1791 5704 dixit
1821 5650 1893 5706 ab

234 5743 402 5800 obitu
452 5742 764 5814 Theodori,
815 5743 913 5798 sed
950 5741 1149 5814 potius
1191 5738 1474 5797 indicavit
1503 5741 1891 5815 contrarium,

1979 4131 2274 4186 duxerunt.
2309 4131 2471 4195 Quod
2497 4133 2544 4188 si
2578 4133 2712 4204 quis
2740 4137 3187 4206 quazratquanti
3219 4137 3500 4206 temporis
3534 4136 3628 4190 in-

1981 4219 2294 4276 tervallum
2328 4221 2448 4276 haec
2479 4222 2654 4278 verbo
2695 4223 2956 4280 indicata
3005 4225 3315 4296 praecessio
3348 4225 3627 4296 postulet,

1985 4315 2218 4381 reputet
2243 4327 2510 4381 quaenam
2529 4316 2734 4367 eventa
2753 4313 3106 4383 presignata
3138 4315 3320 4369 fuisse
3351 4313 3462 4368 isto
3496 4331 3630 4385 por-

1983 4403 2148 4454 tento
2171 4403 2374 4454 auctor
2420 4407 2674 4456 censeat.
2711 4402 2861 4457 Satis
2915 4403 3040 4458 fuse
3091 4419 3155 4458 ac
3188 4403 3462 4458 distincte
3493 4419 3632 4475 per-

1989 4493 2228 4544 secutus
2261 4488 2415 4543 mala
2446 4505 2572 4560 qua:
2623 4491 2905 4546 Theodori
2959 4492 3355 4563 principatum
3388 4492 3634 4547 infesta-

1991 4586 2127 4632 runt
2159 4577 2425 4633 morbum
2461 4595 2640 4650 prope
2671 4580 3042 4646 continuum,
3085 4581 3450 4652 suspiciones
3478 4597 3639 4635 acres

1994 4673 2051 4721 et
2082 4667 2350 4734 miseras,
2385 4668 2748 4723 aversionem
2781 4669 3113 4740 principum
3159 4670 3231 4724 ab
3262 4669 3414 4740 ipso,
3446 4670 3640 4724 brevi-

1995 4761 2173 4811 tatem
2197 4756 2367 4826 spatii
2397 4757 2700 4813 educendo
2733 4758 2790 4813 in
2817 4759 3117 4814 robustam
3152 4764 3382 4814 aetatem
3426 4758 3643 4813 haeredi

1992 4844 2187 4900 locum
2221 4850 2558 4915 negantem,
2586 4851 2793 4919 praeter
2822 4853 3062 4902 czeteros
3095 4847 3492 4902 tumultuosos
3517 4864 3643 4902 mo-

1993 4939 2090 4990 tus
2119 4934 2503 4990 rebellionem
2562 4942 2618 4990 et
2676 4935 2966 4992 bellorum
3016 4941 3136 4992 toto
3169 4935 3265 4992 illo
3327 4953 3430 4991 nec
3475 4934 3642 5007 pleno

1995 5023 2381 5093 quadriennio
2431 5040 2661 5096 semper
2718 5025 2982 5096 undique
3015 5027 3423 5097 coorientium,
3455 5031 3646 5080 totum

1995 5113 2054 5168 id
2088 5113 2544 5168 infortuniorum
2569 5118 2794 5169 textum
2814 5113 3052 5169 relativo
3085 5111 3114 5167 8
3144 5115 3649 5186 indignitavitPa-

1997 5202 2324 5274 chymeres,
2346 5203 2488 5257 dum
2523 5203 2728 5258 scribit
2757 5201 2784 5254 ὃ
2809 5199 2875 5270 δὴ
2909 5201 3000 5255 καὶ
3030 5204 3404 5277 προεσήμανε,
3430 5203 3574 5275 quod
3605 5209 3659 5258 et

1997 5292 2476 5363 praesigniﬁcavil.
2499 5294 2642 5348 Cum
2666 5307 2801 5348 vero
2833 5293 2911 5347 sit
2935 5293 3316 5349 manifestum
3351 5291 3656 5365 praesigni-

2001 5380 2336 5436 ﬁcationem
2363 5381 2691 5436 necessario
2714 5381 3068 5437 anteriorem
3101 5397 3230 5437 esse
3262 5399 3322 5437 re
3354 5379 3658 5454 praesigni-

2004 5471 2198 5538 ficata,
2234 5468 2368 5541 quis
2396 5487 2512 5525 non
2536 5470 2816 5543 intelligit
2847 5471 3181 5543 oportuisse
3230 5472 3467 5542 signum
3498 5470 3656 5524 istud

2004 5561 2159 5615 circa
2189 5560 2319 5630 ipsa
2349 5559 2558 5631 imperi
2590 5561 2880 5616 Theodori
2913 5561 3064 5615 698
3098 5561 3386 5632 principia
3418 5575 3665 5628 conspe-

2007 5654 2165 5706 ctum
2189 5649 2216 5704 ?
2239 5648 2387 5715 Quid
2425 5649 2524 5705 illa
2553 5655 2726 5705 sextis
2760 5650 2874 5705 dici
2909 5651 3128 5706 mentio
3151 5651 3177 5705 εἶ
3209 5651 3411 5706 Nonne
3434 5649 3664 5705 eviden-

2009 5745 2100 5796 ter
2127 5739 2307 5812 exigit
2327 5739 2618 5812 insignem
2649 5739 2908 5812 aliquam
2963 5742 3119 5797 unde
3151 5745 3495 5798 numeretur
3523 5755 3662 5811 epo-
