4218 6450
661 363 793 415 i159

1691 363 1751 412 P.
1794 360 2064 414 POSSINI
2101 357 2712 416 OBSERVATIONUM
2751 364 2881 418 LIB.
2925 368 3021 418 III.

3915 368 4060 420 1160

656 486 824 540 cham
850 485 875 538 ?
899 484 977 538 Ea
1009 500 1147 554 poro
1181 499 1313 536 cum
1346 481 1634 537 Theodori
1665 497 1822 536 mors
1855 497 1982 536 esse
2014 497 2126 534 non
2161 495 2297 550 pos-
2327 485 2375 546 Α
2411 480 2614 536 berum
2665 486 2899 540 errandi
2944 485 3138 541 locum
3188 485 3324 541 facit
3353 502 3531 557 quam
3585 488 3854 544 docenda
3903 491 4060 544 veri-

660 574 757 640 sit,
782 573 997 642 quippe
1028 589 1154 642 qua
1179 569 1616 641 prasigniﬁcari
1640 569 1807 638 signo
1832 569 2124 640 posterius
2142 568 2297 622 edito

659 661 1004 732 nequiverit,
1039 665 1216 714 restat
1248 664 1311 712 ut
1349 659 1608 727 ejusdem
1661 657 1941 712 solemnis
1977 658 2296 727 inaugura-

659 752 741 805 tio
775 748 1152 820 intelligenda
1175 748 1269 816 sit,
1304 746 1512 810 Natali,
1552 750 1614 799 ut
1653 745 1931 810 diximus,
1965 743 2203 811 Christi,
2228 744 2298 796 25

658 837 988 893 Decembris
1042 837 1136 891 die
1187 835 1325 890 anni
1375 834 1508 889 125⁸1
1567 833 1878 888 celebrata.
1927 834 1991 887 Et
2037 849 2296 888 commo-

659 928 800 980 dum
834 927 901 980 ad
933 927 1046 980 ista
1078 926 1203 996 ipsa
1235 925 1327 978 die
1374 941 1502 995 qua
1543 928 1707 977 sexta
1755 922 1967 991 illuxit,
2002 922 2297 976 tricesima

657 1014 992 1068 Decembris
1039 1013 1136 1068 illo
1190 1014 1393 1068 eodem
1462 1029 1614 1066 anno
1679 1012 1813 1064 t%4
1871 1016 1927 1065 et
1986 1010 2128 1064 feria
2190 1009 2298 1063 fuit

658 1104 886 1174 quinta,
917 1119 1050 1157 cum
1083 1102 1182 1156 illo
1214 1103 1415 1156 eodem
1450 1118 1602 1155 anno
1638 1101 1858 1170 periodi
1887 1101 2133 1156 Juliana
2155 1099 2296 1152 5968

656 1192 850 1263 cyclus
878 1191 1019 1246 solis
1045 1192 1190 1261 4,(Ρ.
1227 1191 1350 1261 492)
1383 1190 1582 1244 ltttera
1611 1189 1990 1243 Dominicalis
2023 1188 2296 1258 C.fuerit,

655 1281 769 1347 die,
803 1281 1065 1350 inquam,
1097 1281 1166 1333 30
1187 1278 1548 1345 Decembris,
1578 1279 1612 1331 6
1639 1295 1671 1332 a
1712 1277 2084 1332 coronatione
2111 1277 2293 1330 Theo-

653 1369 778 1423 dori
832 1385 1009 1422 manu
1061 1367 1286 1422 Arsenii
1339 1367 1679 1438 patriarcha
1726 1366 1782 1420 in
1825 1365 2069 1420 ecclesia
2118 1365 2294 1434 facta,

649 1473 803 1511 anno
836 1457 995 1522 1255,
1037 1457 1271 1528 eclipsis
1321 1457 1464 1512 solis
1516 1457 1639 1510 visa
1688 1455 1888 1510 Nicaea
1939 1457 2146 1526 ingens
2181 1460 2292 1522 est,

648 1548 850 1600 eadem
885 1546 1028 1600 hora
1061 1563 1233 1616 quam
1269 1546 1485 1600 notavit
1519 1545 1906 1615 Pachymercs
1954 1550 2085 1616 post
2117 1543 2294 1598 meri-

653 1635 807 1689 diem
860 1637 1049 1702 tertia,
1099 1652 1229 1688 cum
1284 1634 1539 1688 tenebris
1589 1633 1958 1688 densissimis
1989 1637 2107 1687 toto
2140 1649 2292 1702 aere,

650 1730 705 1778 et
739 1724 1104 1795 apparitione
1155 1724 1453 1778 stellarum
1485 1723 1541 1776 in
1594 1722 1752 1787 coelo,
1793 1728 1855 1775 ut
1896 1727 2048 1792 patet
2079 1738 2144 1775 ex
2166 1722 2293 1791 ejus

652 1813 894 1884 deliquii
928 1813 1322 1867 exactissimis
1363 1812 1624 1880 calculis,
1678 1828 1824 1882 quos
1858 1811 2125 1881 sequenti
2160 1828 2292 1866 mox

650 1900 837 1972 capite
873 1900 1168 1954 dabimus.
1201 1901 1408 1954 Totam
1445 1900 1589 1954 hanc
1619 1899 2015 1969 conjecturam
2039 1915 2104 1952 ac
2124 1899 2292 1952 ratio-

644 1990 998 2044 cinationem
1032 2006 1097 2044 eo
1150 1988 1334 2059 pluris
1377 1989 1524 2044 facio
1559 1989 1712 2059 quod
1766 1987 1878 2042 mei
1920 1987 2139 2059 ingenii
2174 2004 2288 2042 non

643 2086 752 2137 est.
786 2081 930 2136 Cum
962 2081 1118 2134 enim
1159 2081 1392 2135 difﬁsus
1441 2079 1699 2134 facultati
1751 2095 1889 2133 mea
1938 2076 2094 2134 viros
2142 2078 2290 2133 duos

645 2170 791 2225 mihi
825 2170 1217 2226 amicissimos
1257 2178 1311 2224 et
1359 2167 1728 2224 astronomia
1779 2167 2168 2238 peritissimos
2219 2168 2290 2222 de

641 2259 749 2314 hac
782 2259 979 2328 eclipsi
1009 2258 1460 2327 consuluissem,
1488 2261 1772 2313 Joannem
1807 2256 2125 2327 Baptistam
2159 2257 2290 2311 Ric-

641 2348 857 2403 ciolum
881 2353 936 2402 et
964 2349 1242 2404 Jacobum
1269 2347 1773 2412 Grantami,ambo
1799 2351 2194 2401 convenerunt
2228 2345 2285 2400 in

641 2438 986 2492 afﬁrmando
1005 2437 1226 2492 nullam
1247 2453 1398 2491 anno
1425 2436 1640 2490 Christi
1673 2436 1830 2503 1259,
1856 2451 1969 2506 quo
1992 2440 2081 2490 est
2100 2434 2287 2490 Theo-

642 2527 820 2582 dorus
851 2527 1060 2582 Junior
1087 2527 1351 2601 Lascaris
1383 2524 1819 2591 mortuus,solis
1843 2524 2286 2595 eclipsim,qua-

637 2616 751 2672 lem
779 2616 1162 2688 pachymeres
1185 2615 1738 2686 describit,spectari
1779 2614 1976 2668 Nicaa
2000 2614 2280 2685 potuisse.

638 2705 800 2760 Alter
827 2722 963 2760 vero
997 2705 1256 2770 illorum,
1284 2705 1539 2760 Jacobus
1571 2702 1895 2771 Grantami,
1929 2702 2283 2772 benignissi-

637 2812 730 2849 mo
778 2794 920 2848 mihi
967 2793 1334 2865 gratiﬁcandi
1376 2793 1572 2847 studio
1611 2797 1788 2846 totam
1850 2790 2281 2846 intricatissimi

633 2885 814 2954 hujus
845 2883 954 2938 loci
987 2883 1422 2954 perplexitatem
1456 2881 1697 2953 insigni,
1721 2897 1852 2936 mea
1883 2897 2058 2935 causa
2079 2880 2282 2935 elucu-

634 2975 823 3041 brato,
869 2971 1289 3028 commentario
1339 2971 1634 3042 explicuit,
1668 2970 1723 3025 id
1775 2970 1970 3041 ipsum
2005 2971 2154 3042 quod
2184 2969 2279 3023 hic

635 3065 980 3135 compendio
1007 3063 1279 3135 proposui
1306 3062 1542 3139 uberius
1561 3061 1959 3116 etaccuratius
1982 3065 2274 3115 astruens.

635 3153 694 3208 Id
731 3152 1072 3224 praclarum
1122 3151 1228 3206 viri
1259 3150 1430 3222 longe
1479 3149 1823 3214 doctissimi,
1856 3153 1912 3204 et
1949 3150 2021 3204 de
2053 3165 2147 3204 me
2177 3165 2275 3204 su-

634 3258 741 3314 pra
774 3258 952 3312 quam
996 3240 1309 3312 pradicare
1361 3239 1582 3310 possim
1632 3237 1850 3309 optime
1884 3236 2099 3308 meriti,
2132 3253 2280 3307 opus

634 3329 806 3401 quale
837 3330 1029 3400 accepi
1064 3328 1293 3384 erudita
1325 3328 1515 3400 ipsius
1546 3332 1848 3383 exaratum
1900 3343 2076 3383 manu
2110 3327 2280 3382 deio-

633 3435 769 3490 ceps
801 3418 894 3474 hic
927 3416 1280 3474 adscribam.

1272 3595 1502 3652 CAPUT
1546 3595 1639 3649 Ill.

629 3705 806 3762 Jucoti
831 3707 1130 3761 Grantami
1156 3719 1185 3758 e
1204 3706 1456 3759 societate
1501 3708 1632 3760 Jesu
1663 3703 1979 3758 dissertatio
2009 3702 2072 3758 de
2104 3703 2277 3775 eclip-

701 3777 906 3832 sisolis
963 3794 996 3830 ιι
1057 3776 1397 3847 Pachymere
1451 3781 1663 3830 notata.
1725 3775 1804 3829 Ad
1860 3777 2088 3831 Petrum
2143 3777 2274 3830 Pos-

701 3852 886 3903 sinum
916 3849 1162 3920 ejusdem
1191 3847 1496 3902 societatis.

705 3995 746 4047 Ι.
782 3991 1031 4063 Eclipsis
1081 3991 1223 4047 solis
1271 4007 1447 4062 supra
1479 4007 1547 4046 ex
1594 3989 1944 4061 Pachymere
1984 3991 2276 4062 descripta

630 4098 745 4136 non
773 4081 1032 4136 minores
1064 4081 1122 4136 in
1144 4079 1391 4136 historia
1412 4084 1743 4150 temporum
1786 4084 1843 4134 et
1862 4079 2274 4135 astronomicis

630 4171 858 4241 legibus
909 4171 1183 4226 tenebras
1237 4171 1408 4242 parit,
1455 4186 1632 4241 quam
1669 4169 1880 4225 dicitur
1906 4170 1966 4225 in
1998 4186 2130 4226 aere
2168 4170 2276 4225 ob-

629 4262 970 4317 scuritatem
1008 4261 1231 4315 fudisse
1261 4264 1318 4314 et
1349 4259 1549 4315 lumen
1582 4258 1754 4331 plane
1785 4263 1970 4314 totum
2005 4259 2146 4315 solis
2177 4275 2273 4314 ex-

633 4351 912 4406 stinxisse
939 4368 953 4416 ;
984 4367 1083 4406 aer
1131 4350 1286 4404 enim
1344 4353 1490 4404 tecto
1522 4366 1555 4403 a
1603 4348 1744 4403 luna
1781 4347 1902 4404 sole
1933 4350 2133 4420 aliqua
2163 4348 2275 4404 sal-

626 4442 744 4492 tem
775 4438 1080 4492 stellarum
1117 4437 1245 4491 luce
1278 4436 1622 4507 fulgebat,et
1651 4453 1776 4506 qua
1816 4435 1875 4490 in
1922 4440 2077 4491 terra
2108 4452 2274 4507 gere-

627 4527 842 4582 bantur
873 4544 986 4581 non
1021 4526 1261 4581 omnino
1307 4524 1623 4580 invisibilia
1649 4528 1706 4580 et
1744 4523 2142 4580 intractabilis
2173 4526 2275 4580 ﬁe-

628 4618 803 4672 bant:
838 4615 1152 4686 descriptio
1187 4619 1385 4668 autem
1426 4612 1526 4668 illa
1564 4613 1878 4669 obscurare
1924 4613 2156 4669 videtur
2184 4614 2276 4669 hi-

624 4705 964 4775 storiam,ul
985 4704 1210 4760 nullam
1237 4705 1286 4759 ei
1312 4704 1549 4774 penitus
1585 4703 1719 4758 ﬁdei
1738 4701 1927 4760 lucem
1951 4709 2052 4758 aut
2073 4721 2276 4776 aspec-

623 4801 749 4850 tum
781 4794 1044 4850 veritatis
1077 4793 1388 4864 relinquat.
1427 4792 1576 4847 Mors
1623 4792 1988 4863 imperatoris
2038 4793 2277 4864 ponitur

623 4902 777 4940 anno
810 4885 867 4938 in
916 4889 1268 4939 autumnum
1318 4881 1748 4954 vergentezToB
1780 4877 1826 4934 δ’
1855 4879 2021 4935 αὐτοῦ
2067 4879 2275 4956 χρόνου

617 4973 757 5048 πρὸς
783 4972 846 5026 τὸ
879 4970 1280 5048 φθινοπωρινὸν
1306 4968 1704 5032 ἀποκλίνοντος
1729 4967 2088 5043 μεταλλάττει
2110 4969 2172 5025 τὸ
2190 4972 2274 5046 βι-

621 5067 713 5117 οῦν
745 5064 772 5116 ὁ
803 5066 1036 5136 κρατῶν.
1073 5062 1402 5119 Pranuntia
1431 5061 1690 5132 afﬁgitur
1711 5060 1850 5117 solis
1873 5062 2118 5118 defectio
2151 5067 2278 5118 tene

621 5158 682 5208 ta
709 5157 774 5208 ut
796 5153 1099 5224 profunda
1130 5153 1390 5208 tenebra
1411 5150 1619 5216 omnia
1641 5156 1904 5222 tegerent
1926 5155 1984 5206 et
2010 5151 2189 5208 stella
2214 5152 2272 5207 in

620 5243 763 5297 cmlo
797 5242 1060 5298 lucentes
1093 5245 1447 5315 apparerent
1487 5240 1572 5296 :"0
1604 5236 1671 5307 δὴ
1720 5238 1810 5293 καὶ
1839 5241 2196 5314 προεσήμηνέ
2222 5262 2275 5295 τι

619 5336 869 5402 σημεῖον.
903 5329 1102 5391 Ἥλιος
1163 5327 1291 5404 γάρ,
1325 5335 1434 5399 etc,
1469 5334 1535 5384 ut
1581 5330 1735 5385 609
1785 5347 1988 5402 supra.
2021 5331 2276 5403 Tempus

616 5423 772 5494 quod
807 5423 1149 5495 assignatur
1171 5422 1284 5476 sub
1317 5420 1522 5476 horam
1558 5418 1790 5474 tertiam
1833 5419 2170 5488 dieisexta,
2197 5419 2278 5495 ἐφ’

615 5511 759 5587 ὥραν
816 5508 1006 5585 τρίτην
1061 5514 1159 5578 τῆς
1213 5507 1376 5578 ἕκτης
1437 5506 1670 5580 ἡμέρας,
1752 5510 2028 5565 tenebras
2089 5511 2277 5582 magis

617 5619 794 5673 quam
831 5602 1017 5658 lucem
1050 5601 1324 5667 offundit,
1355 5604 1412 5655 et
1456 5600 1598 5653 dum
1641 5598 1920 5654 terminos
1953 5615 2142 5670 neque
2173 5599 2281 5653 ini-

614 5693 834 5747 tiorum
861 5707 1052 5763 neque
1090 5690 1298 5746 ﬁnium
1360 5688 1692 5762 praescribit
1721 5688 2003 5757 narratio,
2044 5693 2165 5746 tam
2209 5690 2278 5744 li-

2305 4575 2354 4641 D

2409 571 2513 624 tati
2547 571 2698 627 viam
2731 573 3013 630 occludit.

2480 668 2548 725 II.
2596 670 3013 740 Quamobrem,
3061 678 3124 728 ut
3171 674 3230 727 in
3281 673 3374 728 his
3423 674 3683 730 tenebris
3723 674 3820 730 lux
3851 676 4057 746 aliqua

2407 759 2689 825 veritatis,
2750 760 2801 815 si
2849 778 2979 831 qua
3025 761 3188 831 insit,
3240 768 3614 833 agnoscatur,
3666 769 3801 818 ante
3850 765 4056 818 omnia

2407 848 2886 904 constituendum
2922 866 3037 922 quo
3069 867 3222 905 anno
3253 855 3308 905 et
3355 868 3471 922 quo
3503 851 3642 907 anni
3674 857 3934 922 tempore
3968 854 4052 906 vi-

2405 937 2574 990 vendi
2608 936 2782 992 ﬁnem
2818 938 3018 992 fecerit
3046 939 3364 1010 imperator
3397 941 3446 993 is
3477 941 3548 994 de
3595 957 3708 1010 quo
3741 941 4053 1013 Pachyme-

2408 1039 2500 1079 res
2530 1024 2622 1080 hic
2648 1026 2790 1097 agit.
2842 1027 3048 1082 Facem
3089 1027 3319 1098 prafert
3359 1027 3495 1083 huic
3548 1028 3798 1082 historia
3830 1030 4049 1083 obscu-

2408 1113 2561 1168 ritati
2597 1115 2882 1186 Georgius
2913 1117 3238 1187 AcrOpolita
3267 1133 3316 1170 c.
3357 1117 3448 1186 52,
3502 1121 3707 1172 auctor
3737 1123 4052 1173 accuratus

2405 1208 2462 1258 et
2493 1203 2726 1269 nobilis,
2759 1205 2858 1274 qui
2892 1221 3125 1260 summa
3164 1205 3469 1277 diligentia
3503 1223 3595 1260 res
3644 1207 3736 1260 sui
3763 1209 4052 1277 temporis

2407 1293 2582 1347 certis
2614 1292 2768 1347 notis
2801 1293 2970 1364 quasi
2999 1294 3153 1350 veris
3175 1294 3470 1350 coloribus
3502 1295 3625 1366 pari
3659 1295 3956 1367 elegantia
3988 1312 4053 1350 ac

2406 1381 2518 1435 ﬁde
2551 1381 2833 1452 depinxit-

2480 1481 2532 1534 ls
2563 1495 2699 1550 ergo
2732 1484 2977 1535 mortem
3029 1481 3280 1535 duorum
3328 1481 3751 1551 imperatorum
3803 1482 4055 1536 Joannis

2406 1567 2576 1622 Duca
2608 1573 2667 1622 et
2694 1568 2981 1623 Theodori
3015 1568 3279 1624 Lascaris
3320 1568 3422 1623 ﬁlii
3472 1571 3601 1640 ejus
3636 1571 3716 1624 ita
3746 1571 4051 1634 describit,

2406 1661 2472 1711 ut
2501 1673 2721 1711 annum
2757 1661 2814 1711 et
2871 1658 3010 1712 anni
3071 1674 3332 1713 mensem
3384 1657 3538 1713 clare
3603 1659 3915 1730 exprimat.
3958 1658 4055 1712 Ait

2405 1745 2558 1799 enim
2594 1746 2663 1800 de
2693 1745 2940 1812 Joanne,
2973 1746 3189 1800 obiisse
3229 1747 3397 1802 illum
3442 1747 3596 1802 diem
3626 1754 3956 1802 extremum
3991 1764 4052 1800 ιιι

2323 1842 2368 1906 Β
2405 1833 2525 1887 Kal.
2559 1834 2825 1889 Octobris
2858 1852 3046 1890 annos
3079 1841 3281 1890 natum
3334 1837 3483 1891 duos
3510 1842 3566 1890 et
3596 1839 3948 1907 sextaginla,
3985 1853 4054 1890 ex

2400 1923 2618 1993 quibus
2653 1924 2891 1994 triginta
2942 1933 3056 1979 tres
3100 1930 3463 1995 regnaverat.
3516 1925 3704 1991 Ἔνθα,
3747 1925 3963 1995 inquit,
3994 1927 4049 1979 id

2396 2016 2484 2065 est
2513 2012 2582 2066 ad
2609 2012 2993 2082 Nymphaum
3021 2013 3117 2067 ubi
3143 2013 3400 2068 Joannes
3428 2014 3608 2069 vitam
3634 2013 3844 2081 ﬁnivit,
3867 2013 3959 2065 καὶ
3992 2014 4052 2066 τὸ

2398 2098 2576 2171 χρεὼν
2649 2095 3035 2172 ὲλειτούργησε
3103 2099 3258 2176 τρίτῃ
3333 2097 3632 2156 Καλανδῶν
3705 2097 4051 2174 Νοεμϐρίου,

2395 2187 2655 2259 ἐξήκοντα
2710 2188 2800 2242 καὶ
2861 2184 2983 2256 δύο,
3039 2188 3115 2251 ὡς
3174 2189 3227 2243 οἱ
3283 2191 3350 2243 τὰ
3375 2190 3498 2264 περὶ
3542 2189 3708 2244 αὐτοῦ
3739 2185 4054 2263 ἀκριϐέστε-

2395 2296 2486 2351 ρον
2547 2273 2749 2337 εἰδότες
2811 2275 3062 2354 ἔφασκον,
3122 2275 3211 2348 ἔτη
3277 2279 3504 2353 βιώσας,
3561 2278 3613 2349 ἐξ
3662 2280 3734 2333 ὦν
3766 2279 4059 2353 τριάκοντα

2391 2365 2480 2419 καὶ
2529 2365 2652 2440 τρία
2704 2361 3078 2440 βεϐασίλευκε.
3127 2369 3406 2440 Idemque
3459 2369 3633 2440 paulo
3677 2375 3808 2440 post
3841 2372 4060 2442 repetit

2392 2457 2463 2510 de
2495 2473 2647 2512 anno
2680 2457 2840 2527 regni
2869 2458 2962 2522 33,
2997 2474 3130 2513 cum
3176 2457 3258 2513 ait
3288 2455 3560 2527 ἐτεθνήκει
3601 2458 3693 2529 μὶν
3725 2457 3753 2510 ὁ
3790 2456 4058 2531 βασιλεὺς

2393 2543 2648 2612 Ἰωάννης
2695 2549 2776 2615 τῷ
2825 2545 2927 2615 υἱῷ
2977 2543 3141 2599 αὐτοῦ
3173 2542 3440 2621 Θεοδώρῳ
3476 2547 3574 2615 τὴν
3617 2543 3898 2621 βασιλείαν
3953 2568 4058 2600 κα-

2388 2631 2731 2694 ταλελοιπὼς
2760 2633 3050 2708 τριάκοντα
3079 2635 3168 2688 καὶ
3199 2635 3320 2706 τρία
3351 2635 3441 2705 ἔτη
3480 2633 3775 2689 διανύοντι.
3807 2637 3888 2708 [Ρ.
3925 2639 4060 2709 403]

2389 2723 2661 2783 Τοσοῦτος
2693 2721 2795 2796 γὰρ
2852 2723 2879 2776 ὁ
2929 2722 3136 2796 χρόνος
3184 2724 3330 2795 αὐτῷ
3381 2723 3581 2784 ὁπόσος
3633 2723 3723 2777 καὶ
3777 2731 4060 2797 πατρικῆς

2389 2809 2673 2886 βασιλείας
2705 2809 2985 2886 ἐτύγχανε.

2458 2913 2554 2969 ΙΙΙ.
2580 2913 2682 2968 Hic
2713 2913 2966 2984 porr05£
2997 2912 3230 2984 imperii
3263 2916 3319 2967 et
3343 2914 3550 2969 mortis
3569 2912 3819 2968 Joannis
3849 2931 4051 2970 annus

2385 3005 2508 3057 erat
2553 3001 2767 3057 Christi
2823 3002 2982 3069 1255,
3037 3005 3173 3057 ante
3222 3006 3516 3073 receptam
3551 3019 3586 3057 a
3628 3001 3847 3058 Graecis
3893 3019 4053 3058 anno

2388 3092 2518 3145 1261
2542 3090 3114 3162 Constantinopolim
3145 3095 3362 3157 sextus,
3397 3097 3530 3146 ante
3575 3097 3826 3147 mortem
3859 3092 4056 3146 Theo-

2311 3211 2354 3279 Ο
2395 3180 2801 3279 doris-Ioannis
2833 3179 3241 3279 ﬁlii-quartus,
3275 3183 3340 3235 ut
3383 3184 3610 3235 constat
3634 3196 3709 3279 ex
3741 3180 3911 3279 Duca
3943 3181 4059 3235 Mi-

2392 3269 2609 3324 chaelis
2642 3275 2873 3340 nepote,
2905 3270 3045 3325 Hist.
3078 3286 3127 3325 ο.
3160 3271 3219 3339 2,
3249 3274 3308 3324 et
3338 3285 3405 3324 ex
3437 3285 3571 3325 mox
3617 3269 3892 3325 dicendis
3927 3286 4062 3325 ma-

2389 3359 2481 3431 gis
2513 3358 2704 3414 adhuc
2729 3358 2968 3429 patebit.

2463 3456 2539 3511 De
2589 3455 2893 3511 Theodoro
2946 3471 3081 3510 vero
3129 3454 3286 3510 idem
3331 3455 3666 3527 AcrOpolita
3715 3455 3838 3510 hac
3876 3455 4058 3510 habet

2387 3545 2468 3600 ib.
2518 3560 2567 3599 c.
2619 3545 2731 3598 74:
2793 3543 3034 3604 Ἐκεῖνος
3099 3542 3192 3614 μὲν
3255 3541 3399 3597 οὕτω
3457 3544 3661 3616 βιώσας
3720 3544 3812 3596 καὶ
3876 3545 4050 3614 μήπω

2388 3629 2552 3691 ὅλους
2616 3631 2878 3704 τέσσαρας
2953 3629 3230 3692 ἐνιαυτοὺς
3309 3629 3829 3705 αὖτοκρατορήσας,
3914 3634 4053 3686 κατὰ

2386 3714 2691 3795 Νοὲμϐριον
2745 3719 2844 3794 γὰρ
2905 3715 3066 3795 εἷρξας
3126 3718 3176 3773 ἐν
3231 3719 3532 3795 Αὐγούστῳ
3586 3719 3715 3792 μηνὶ
3761 3721 3825 3774 τὸ
3883 3719 4048 3781 τέλος

2385 3805 2590 3882 ἔσχηκε
2617 3814 2719 3876 τῆς
2753 3813 2920 3876 ζωῆς.
2967 3809 3072 3866 Ubi
3123 3811 3432 3866 manifeste
3479 3815 3536 3865 et
3567 3817 3814 3882 quartus
3849 3829 4050 3868 annus

2384 3898 2618 3970 imperii
2669 3899 2933 3954 nondum
2987 3898 3210 3967 ﬁnitus,
3245 3905 3302 3955 et
3350 3899 3584 3955 initium
3617 3900 3783 3971 regni
3817 3902 4049 3957 mensis

2384 3988 2752 4055 Novembris,
2784 3992 2842 4044 et
2899 3987 3035 4043 ﬁnis
3093 3987 3222 4043 vita
3281 3990 3533 4060 Augusti
3590 3988 4049 4061 exprimuntur;

2384 4093 2568 4148 eaque
2616 4077 2860 4132 totidem
2911 4077 3106 4133 verbis
3156 4077 3312 4133 idem
3373 4083 3578 4133 auctor
3636 4079 3698 4134 iu
3758 4079 4051 4135 Chronico

2383 4166 2822 4238 compendiario
2876 4168 3121 4239 repetit;
3160 4168 3378 4237 quibus
3427 4167 3798 4239 Nicephorus
3827 4169 4052 4241 Grego-

2384 4274 2500 4327 ras,
2535 4256 2576 4311 l.
2609 4275 2646 4312 ιι
2680 4257 2740 4312 in
2764 4257 2900 4327 ﬁne,
2928 4257 3170 4313 omnino
3195 4257 3488 4313 consentit
3509 4257 3568 4312 in
3601 4257 3774 4313 annis
3800 4259 4054 4330 triginta

2383 4347 2576 4403 tribus
2606 4351 2734 4402 tum
2765 4345 3000 4418 imperii
3046 4347 3252 4418 patris,
3286 4351 3414 4402 tum
3463 4348 3594 4402 vita
3627 4346 3731 4402 ﬁlii
3767 4365 3906 4403 cum
3939 4349 4053 4404 im-

2383 4436 2613 4508 perium
2663 4453 2697 4491 a
2737 4441 2902 4508 patre
2945 4437 3231 4508 suscepit,
3281 4441 3409 4491 tum
3461 4437 3640 4492 etiam
3695 4436 3757 4491 in
3789 4442 4056 4508 quatuor

2385 4527 2559 4583 annis
2589 4526 2823 4598 imperii
2869 4525 3160 4582 Theodori
3195 4543 3312 4583 non
3353 4527 3622 4599 integris,
3659 4543 3797 4584 cum
3831 4529 4055 4584 asserit

2385 4631 2517 4672 eum
2549 4615 2586 4670 l.
2638 4625 2725 4683 ιιι,
2780 4631 2916 4671 cum
2956 4614 3325 4671 tricesimum
3383 4621 3611 4671 sextum
3657 4618 3787 4671 vita
3818 4634 4051 4673 annum

2383 4710 2602 4777 ageret,
2673 4705 3058 4761 defunctum:
3130 4707 3328 4761 Ἕκτον
3382 4705 3474 4758 καὶ
3546 4702 3874 4778 τριακοστδν
3941 4705 4052 4760 τὶπὸ

2380 4794 2641 4870 γενέσεως
2725 4792 2928 4868 χρόνον
3008 4789 3290 4866 ἀμείϐοντι
3360 4795 3521 4855 νόσος
3597 4794 3887 4864 ἐνσκήπτει
3970 4801 4052 4868 τῷ

2388 4881 2607 4960 βασιλεῖ
2663 4880 2886 4958 χαλεπὴ
2936 4881 3027 4937 καὶ
3066 4884 3278 4959 βαρεῖα⁹
3319 4883 3409 4937 καὶ
3441 4882 3587 4938 ὅπλα
3615 4883 3776 4961 φάναι
3810 4886 4053 4949 θανάτου

2386 4978 2652 5052 φοροῦσα.

2457 5064 2546 5120 ιν.
2575 5065 2678 5120 Est
2695 5080 2832 5136 ergo
2857 5067 3128 5119 mortuus
3149 5064 3411 5119 Joannes
3435 5063 3624 5120 Ducas
3652 5083 3808 5121 anno
3831 5068 4053 5122 Christi

2387 5157 2546 5221 1255,
2578 5154 2638 5210 in
2672 5155 2787 5210 ﬁne
2813 5154 3102 5226 Octobris,
3140 5160 3197 5210 et
3223 5155 3566 5210 Theodorus
3610 5157 3877 5213 Lascaris
3916 5159 4051 5228 ejus

2385 5245 2542 5301 ﬁlius
2575 5261 2728 5299 anno
2771 5243 2934 5310 4259,
2966 5259 3166 5299 mense
3210 5246 3494 5315 Augusto.
3529 5246 3665 5309 Qua
3721 5252 3861 5301 nota
3892 5253 4050 5301 tem-

2387 5336 2546 5409 poris
2578 5339 2734 5389 recte
2762 5333 3038 5388 convenit
3081 5348 3213 5388 eum
3246 5350 3316 5390 ea
3363 5350 3542 5404 quam
3576 5335 3855 5407 exprimit
3894 5339 4050 5392 700

2396 5424 2786 5496 Pachymeres
2817 5422 3084 5478 scribens
3113 5422 3485 5479 Theodorum
3521 5423 3940 5495 imperatorem
3959 5428 4042 5481 vi-

2385 5520 2506 5570 tam
2539 5529 2673 5568 cum
2709 5516 2896 5568 morte
2924 5516 3324 5568 commutasse
3356 5529 3510 5568 anno
3559 5514 3628 5568 ad
3677 5522 4045 5572 autumnum

2381 5602 2734 5659 inclinante.

2457 5692 2568 5749 Sed
2601 5692 2674 5748 de
2718 5690 2923 5764 eclipsi
2957 5689 3125 5762 solis,
3166 5695 3224 5748 et
3255 5695 3420 5748 tanta
3458 5697 3680 5764 quanta
3734 5711 3767 5751 ει
3815 5697 4048 5768 Pachy-
