4248 6438
233 310 366 387 1161

1659 330 2278 393 CHBONOLOGICUS.

3508 344 3647 398 1162

234 468 390 508 mere
420 450 775 507 describitur
801 451 895 506 vel
925 467 991 507 eo
1025 467 1177 507 anno
1207 451 1296 506 vel
1339 451 1397 506 in
1459 454 1645 506 morte
1696 451 1882 507 Theo-
1915 456 1969 521 Α
2002 456 2203 527 eelipsi
2243 477 2572 518 sermonem
2607 462 2838 529 inferat,
2874 462 3018 517 nihil
3077 463 3147 517 de
3194 464 3361 519 initio
3419 466 3650 535 imperii

236 539 363 596 deri
395 541 480 594 vel
517 540 572 592 in
630 545 915 595 autumno
980 542 1151 607 facta,
1212 551 1412 595 auctor
1477 539 1629 595 alius
1689 541 1888 595 nullus

241 628 531 696 meminit,
563 634 619 682 et
642 628 763 681 fieri
802 629 980 683 ullam
1018 629 1451 701 potuisseleges
1486 631 1889 683 astrom-micae

239 735 355 772 non
388 717 759 788 permittunt.
817 716 1130 771 Novilunia
1189 717 1344 771 enim
1408 717 1544 771 anni
1608 718 1738 770 1259
1793 722 1893 772 aut

242 805 528 877 eclyptica
559 804 721 859 nulla
748 807 926 872 fuere,
960 814 1061 861 aut
1100 823 1213 860 non
1266 806 1766 877 Constantinopoli
1828 823 1893 863 ac

244 895 390 950 locis
420 893 649 961 vicinis,
681 899 739 948 et
767 901 1037 950 auctores
1084 895 1423 965 clironologi
1486 901 1541 948 et
1595 896 1892 949 annalium

245 984 585 1055 scriptores,
614 984 715 1055 qui
748 985 888 1038 solis
921 984 1188 1055 eclipsim
1253 1000 1396 1055 pene
1457 983 1694 1037 totalem
1749 984 1895 1037 refe-

246 1077 385 1129 runt
413 1073 485 1127 ad
517 1088 738 1127 annum
772 1072 986 1126 Christi
1036 1073 1164 1127 r359
1210 1074 1266 1127 in
1336 1081 1520 1127 morte
1580 1072 1893 1142 Theodori,

246 1178 363 1218 non
395 1160 628 1216 tabulas
658 1161 1028 1230 astromicas,
1075 1161 1172 1215 sed
1235 1167 1528 1214 auctorem
1587 1160 1895 1230 Pachyme-

244 1266 369 1306 rem
390 1256 733 1320 sequuntur.
764 1249 849 1302 Ita
887 1250 1047 1302 enim
1092 1249 1377 1302 Ortoricus
1431 1248 1765 1309 Itavnaldus
1824 1248 1892 1301 ad

247 1355 470 1396 annum
501 1336 716 1394 Christi
752 1338 908 1404 1259,
945 1345 1181 1392 narrata
1232 1340 1522 1392 Theodori
1575 1342 1760 1391 morte
1837 1338 1894 1390 in

248 1446 450 1486 mense
479 1434 771 1501 Augusto,
804 1430 887 1483 ait
919 1429 1286 1499 paragrapho
1319 1428 1386 1481 54
1413 1446 1430 1482 :
1458 1429 1621 1482 Sexta
1671 1429 1736 1481 ab
1779 1429 1897 1488 eius

248 1520 406 1576 obitu
436 1518 525 1574 die
552 1518 727 1574 tradit
758 1519 1127 1589 Pachymeres
1159 1517 1431 1587 insignem
1478 1519 1607 1572 satis
1636 1518 1898 1587 defectio-

248 1626 377 1663 nem
410 1609 603 1678 fuisse,
635 1607 770 1661 adeo
818 1616 874 1661 ut
905 1606 1072 1661 unius
1130 1607 1275 1661 horw
1332 1609 1505 1676 spatio
1552 1608 1902 1661 densissima:

249 1700 543 1752 horrerent
574 1697 824 1751 tenebrar
852 1696 1140 1765 stellzrque
1166 1698 1221 1748 in
1250 1696 1380 1749 caelo
1411 1704 1764 1766 apparerent.
1821 1696 1905 1749 Ita

1997 546 2364 619 signiﬁcans,
2387 553 2610 621 justam
2639 558 2791 606 certe
2821 568 2937 605 non
2991 551 3148 606 aliud
3204 554 3648 609 attendentibus

1996 638 2208 691 erroris
2232 654 2470 694 causam
2502 640 2680 694 dedit.
2708 646 2780 694 At
2810 641 2860 694 si
2894 641 3027 711 quis
3060 657 3179 695 rem
3213 646 3429 697 attente
3452 645 3652 699 consi-

1998 724 2282 780 deraverit
2306 734 2359 781 st
2383 745 2513 782 cum
2542 728 2788 783 historia
2821 728 2977 784 illius
3012 731 3292 801 temporis
3313 731 3644 798 contulerit,

2000 812 2056 867 in
2088 813 2157 868 iis
2188 817 2442 870 tenebris
2486 817 2669 872 lucem
2696 818 2967 872 inveniet.
3006 819 3096 871 Sic
3135 825 3331 873 autem
3363 837 3489 874 eam
3551 838 3645 874 ex-

2002 902 2174 971 plico.

2073 992 2406 1048 Theodorus
2436 995 2663 1049 vivendi
2700 996 2872 1049 linem
2907 997 3046 1050 fecit
3067 1013 3221 1051 anno
3245 997 3457 1051 Christi
3482 998 3639 1059 1259,

2007 1096 2204 1135 mense
2234 1085 2515 1148 Augusto.
2549 1085 2817 1137 Historia:
2853 1087 3027 1139 totius
3060 1085 3179 1139 biBC
3212 1086 3355 1139 fides
3402 1092 3511 1152 est,
3573 1087 3646 1140 de

2005 1185 2119 1238 qua
2152 1170 2417 1224 dubitare
2453 1188 2562 1225 non
2600 1172 2749 1225 licet.
2777 1172 3157 1244 Pacbymeres
3182 1173 3484 1243 idasserit,
3510 1192 3642 1229 cum

2006 1256 2087 1310 ait
2122 1259 2337 1312 factum
2380 1266 2648 1331 vergente
2692 1260 2748 1315 in
2799 1267 3144 1315 autumnum
3208 1280 3381 1327 anno,
3439 1280 3649 1334 nempe

2008 1345 2482 1401 iutersnlstilium
2502 1353 2763 1403 restivum
2780 1351 3262 1421 etzequinoctium
3285 1353 3648 1406 autumnale.

2006 1435 2341 1490 Theodorus
2367 1438 2597 1491 initium
2622 1440 2900 1509 regnandi
2930 1440 3064 1494 fecit
3085 1457 3237 1495 anno
3254 1440 3465 1494 Christi
3492 1441 3652 1503 1255,

2010 1529 2171 1594 patre
2203 1531 2430 1579 mortuo
2463 1527 2572 1579 sub
2606 1527 2777 1582 linem
2828 1528 3118 1592 Octobris,
3182 1546 3293 1583 non
3357 1528 3650 1582 declarato

2010 1612 2128 1667 tilio
2159 1630 2515 1679 successore,
2550 1616 2645 1685 qui
2674 1616 2799 1671 ideo
2833 1617 3056 1670 tardius
3090 1617 3330 1681 electus,
3392 1616 3649 1670 eleVatus

2009 1701 2067 1755 in
2099 1701 2318 1773 clypeo,
2355 1710 2563 1758 unctus
2595 1710 2652 1758 et
2692 1710 3006 1759 coronatus
3064 1712 3172 1770 est,
3233 1713 3356 1759 tum
3420 1712 3654 1775 prOpter

253 1787 534 1843 Uenricus
568 1788 921 1856 Spondanus
953 1787 1023 1840 ad
1056 1786 1328 1841 eumdem
1364 1804 1608 1853 annum;
1632 1788 1711 1841 ita
1776 1786 1895 1851 alii,
1927 1802 1975 1866 Β
2010 1791 2237 1844 diversa
2269 1792 2464 1863 populi
2501 1794 2712 1863 studia,
2749 1798 2870 1847 tum
2908 1795 2978 1848 ob
3010 1793 3295 1849 Manuelis
3336 1796 3649 1865 patiarclue

250 1875 904 1950 quihujusdetectionis
924 1876 1262 1937 meminere,
1299 1875 1670 1947 Pacbymeris
1697 1881 1897 1929 aucto-

252 1967 425 2022 ritate
456 1981 519 2022 se
549 1970 735 2021 tectos
775 1969 988 2036 putant
1021 1965 1148 2019 sine
1189 1965 1302 2018 alio
1361 1964 1649 2027 examine,
1696 1969 1751 2018 et
1808 1980 1897 2017 er-

253 2061 407 2124 rant,
440 2059 498 2110 et
527 2053 674 2110 alios
714 2054 772 2108 in
805 2070 1062 2109 errorem
1096 2054 1401 2107 inducunt.

325 2152 569 2209 Acutior
597 2150 731 2207 aliis
750 2150 967 2206 Sethus
998 2150 1290 2205 Clovisius
1323 2150 1385 2205 in
1416 2150 1630 2207 Chron.
1665 2168 1737 2205 an
1767 2151 1904 2204 1255

252 2240 628 2311 Pachymeris
660 2240 993 2311 fragmenta
1023 2239 1238 2295 erroris
1279 2239 1491 2310 arguit,
1546 2240 1699 2310 quod
1774 2256 1900 2294 eam

254 2332 400 2389 solis
429 2329 695 2401 eclipsim
727 2330 785 2384 in
819 2329 983 2384 obitu
1025 2328 1316 2384 Theodori
1350 2327 1754 2396 indicaverint,
1793 2346 1904 2398 quo

256 2437 414 2477 anno
460 2426 518 2476 et
542 2418 932 2491 sequentibus
954 2416 1117 2472 nulla
1148 2416 1283 2472 talis
1314 2417 1667 2483 inveniatur,
1700 2423 1755 2469 et
1776 2434 1901 2471 eam

256 2514 430 2583 putat
469 2508 754 2565 accidisse
782 2508 843 2561 in
876 2511 1062 2562 morte
1084 2506 1328 2562 Joannis
1359 2505 1551 2574 Ducis,
1596 2512 1727 2577 post
1779 2507 1907 2576 ejus

260 2600 493 2657 obitum
516 2597 609 2653 die
636 2598 695 2665 6,
733 2596 804 2651 30
834 2595 1193 2652 Decembris.

330 2698 424 2755 sic
455 2695 765 2762 Calvisius,
799 2711 868 2750 ex
906 2700 1070 2766 parte
1104 2695 1344 2766 quidem
1374 2710 1530 2764 vere,
1560 2698 1626 2749 ut
1676 2695 1747 2749 ab
1808 2711 1907 2748 au-

261 2791 424 2845 ctore
448 2785 508 2840 in
542 2785 719 2840 rebus
750 2784 1162 2840 astronomicis
1190 2785 1335 2839 bene
1360 2792 1610 2852 versato,
1675 2785 1777 2839 sed
1844 2800 1913 2838 ex

262 2880 429 2948 parte
461 2878 666 2931 contra
688 2872 949 2928 historiae
972 2872 1277 2928 veritatem
1303 2871 1615 2927 manifeste
1645 2887 1908 2943 pugnan-

261 2966 366 3022 tia.
391 2965 628 3021 Certum
662 2963 821 3018 enim
854 2966 944 3017 est
969 2962 1093 3032 jam
1127 2959 1303 3033 paulo
1326 2964 1459 3015 ante
1485 2959 1773 3032 prolatum
1804 2964 1911 3012 Pa-

263 3054 602 3125 chymerem
637 3052 795 3123 loqui
827 3053 898 3105 de
924 3051 1085 3105 obitu
1116 3050 1405 3105 Theodori
1446 3048 1506 3103 in
1539 3064 1740 3104 mense
1795 3055 1912 3102 Au-

262 3149 461 3215 gusto,
494 3159 669 3209 anno,
702 3147 766 3195 ut
798 3141 920 3210 ipse
950 3140 1049 3206 ait,
1076 3140 1147 3194 ad
1182 3144 1532 3193 autumnum
1558 3137 1911 3203 inclinante;

265 3250 382 3304 quo
416 3248 528 3284 non
553 3230 805 3301 quadrat
840 3244 997 3282 mors
1027 3228 1295 3294 Joannis,
1329 3244 1457 3298 quae
1510 3227 1566 3280 in
1624 3228 1693 3280 30
1739 3226 1916 3281 Octo-

267 3320 392 3376 bris
426 3320 694 3386 incurrit,
729 3322 793 3371 ut
825 3317 1001 3372 etiam
1064 3316 1232 3389 paulo
1284 3315 1554 3387 superius
1584 3316 1916 3371 docuimus.

274 3409 489 3465 Deinde
524 3407 669 3478 quid
702 3410 993 3477 spectaret
1022 3407 1092 3460 ad
1128 3416 1372 3460 mortem
1406 3404 1719 3472 Theodori,
1742 3420 1919 3475 quam

272 3497 556 3555 describit
584 3501 781 3567 aperte
814 3496 1214 3566 Pacbymeres,
1257 3494 1515 3549 narratio
1576 3505 1691 3548 tam
1749 3510 1922 3548 accu-

276 3592 405 3644 rata
444 3585 677 3656 eclipsis
699 3585 844 3639 solis
876 3586 1038 3639 factae
1087 3584 1146 3637 in
1209 3590 1392 3637 morte
1448 3583 1631 3653 patris
1677 3588 1926 3653 quatuor

278 3678 399 3733 fere
430 3680 563 3730 ante
596 3672 973 3739 annos,nulla
1003 3672 1117 3727 alia
1150 3671 1331 3743 patris
1381 3671 1675 3725 mentione
1728 3673 1928 3726 habita

279 3772 384 3823 aut
413 3766 470 3820 id
502 3764 766 3829 exigente
785 3779 964 3817 causa
996 3759 1379 3816 rationabili?
1435 3762 1737 3825 Quomodo
1763 3760 1922 3814 deni-

281 3871 397 3927 que
418 3853 673 3924 eclipsis,
709 3868 837 3922 quae
869 3852 1114 3921 contigit
1142 3851 1211 3904 30
1242 3851 1334 3904 die
1393 3850 1755 3915 Decembris,
1813 3849 1925 3902 dici

280 3942 780 4017 potestaccidisse
811 3945 973 3995 sexto
1018 3941 1112 3995 die
1172 3945 1303 4010 post
1365 3944 1607 3993 mortem
1659 3939 1928 4001 Joannis,

282 4034 385 4105 qui
416 4033 542 4087 vitae
573 4032 727 4085 diem
757 4035 1081 4083 extremum
1117 4028 1324 4083 habuit
1352 4029 1421 4081 30
1451 4028 1717 4083 Octobris
1751 4031 1773 4081 Ρ

359 4133 484 4185 Haec
512 4128 694 4200 igitur
718 4127 953 4183 Calvisii
997 4126 1426 4180 animadversio
1463 4143 1574 4180 non
1624 4126 1774 4180 tollit
1831 4130 1933 4180 aut

284 4219 504 4277 minuit
534 4216 877 4290 quaestionis
904 4215 1338 4280 difficultatem,
1371 4216 1473 4270 sed
1507 4222 1680 4287 auget
1738 4217 1932 4285 potius

282 4318 342 4367 et
374 4311 455 4365 ita
485 4307 750 4379 implicat
788 4311 855 4359 ut
884 4304 1262 4359 insolubilem
1297 4305 1482 4359 facere
1516 4305 1797 4360 videatur.

358 4410 453 4464 Sic
500 4407 679 4479 igitur
728 4404 1141 4475 Pachymerem
1177 4402 1619 4470 intelligendum
1662 4402 1934 4463 arbitror,

287 4505 354 4555 ut
385 4512 584 4553 revera
614 4499 868 4549 mortem
909 4491 1204 4547 Theodori
1238 4491 1555 4557 describat,
1607 4492 1939 4561 laetamque

286 4604 424 4643 vere
473 4589 702 4641 asserat
734 4581 1055 4637 inclinante
1097 4582 1167 4635 ad
1196 4586 1547 4635 autumnum
1610 4596 1781 4644 anno,
1842 4580 1943 4633 sed

291 4676 559 4745 eclipsim
586 4673 728 4729 solis
759 4672 1029 4743 designet
1058 4686 1169 4723 non
1204 4686 1329 4741 quae
1357 4669 1408 4722 in
1455 4669 1615 4723 obitu
1676 4669 1941 4738 ejusdem

290 4765 583 4822 Theodori
614 4764 698 4834 [Ρ.
744 4761 868 4832 494]
903 4761 1057 4815 facta
1097 4759 1171 4814 sit
1225 4759 1309 4823 (id
1369 4757 1524 4812 enim
1581 4763 1774 4812 textus
1831 4774 1946 4812 non

294 4854 479 4921 dicit;
512 4858 566 4907 et
597 4858 797 4923 inepta
827 4867 894 4905 ea
925 4853 1083 4905 esset
1112 4850 1182 4902 ad
1219 4847 1850 4919 praesigniﬁcationem,
1882 4848 1953 4902 de

296 4961 418 5017 qua
447 4942 507 4998 in
540 4958 605 4997 eo
640 4940 859 4996 mentio
891 4939 1025 5004 est),
1054 4937 1155 4993 sed
1191 4953 1319 5009 qua:
1349 4936 1518 4991 initio
1544 4936 1773 5007 imperii
1799 4937 1953 5007 ejus-

298 5036 430 5090 dem
456 5031 763 5098 Theodori,
796 5028 966 5100 quasi
1004 5027 1332 5099 praeconia
1364 5024 1558 5082 brevis
1591 5031 1646 5080 et
1706 5025 1957 5080 infelicis

299 5125 431 5193 ejus
461 5121 647 5190 regni.
681 5120 835 5190 quod
872 5134 986 5171 non
1020 5116 1208 5171 multo
1252 5114 1386 5186 plus
1412 5113 1666 5168 triennio
1697 5113 1877 5182 stetit,
1903 5120 1961 5169 et

304 5213 363 5267 in
397 5209 695 5267 continuis
732 5209 873 5262 701
911 5204 1046 5260 belli
1099 5205 1357 5259 motibus
1411 5208 1468 5257 et
1527 5202 1714 5257 morbi
1780 5204 1959 5257 mole-

298 5299 558 5358 stissimi
592 5314 744 5368 sape
790 5295 1055 5363 repetitis
1113 5292 1481 5363 gravissimis
1536 5290 1962 5348 tentationihus

303 5395 502 5447 actum
534 5404 668 5443 cum
692 5387 808 5440 vita
839 5385 1075 5438 linitum
1099 5388 1186 5438 est
1216 5398 1369 5438 anno
1384 5380 1574 5435 aetatis
1598 5380 1668 5434 36
1700 5382 1962 5437 nondum

308 5480 628 5550 completo.

388 5572 735 5636 Quatamen
764 5581 897 5620 cum
917 5580 1031 5618 non
1057 5563 1202 5619 satis
1224 5561 1968 5634 distinguatPachymeres,

316 5666 377 5719 et
397 5657 598 5718 statim
636 5662 768 5728 post
794 5654 1147 5726 descriptam
1182 5660 1430 5708 mortem
1462 5651 1751 5707 Theodori
1782 5655 1853 5709 de
1874 5655 1974 5711 illa

603 5778 875 5837 Paeon.
924 5774 1035 5834 Gn.
1074 5771 1338 5835 CXLIII.

2009 1879 2179 1949 paulo
2211 1888 2344 1934 ante
2379 1883 2589 1936 mortui
2618 1883 2999 1937 desiderium.
3050 1883 3356 1952 Nicephori
3410 1884 3464 1936 in
3522 1885 3649 1951 ejus

2007 1968 2197 2024 locum
2228 1970 2391 2023 electi
2420 1973 2763 2025 modestiam
2797 1972 2853 2026 in
2892 1974 3213 2025 recusanda
3246 1973 3549 2043 dignitate,
3587 1990 3651 2024 uc

2005 2059 2230 2112 Arseziii
2266 2061 2500 2113 tan-lem
2537 2063 2719 2115 vocati
2754 2062 2823 2113 ad
2861 2072 3193 2130 ungendum
3254 2068 3311 2114 et
3367 2077 3652 2116 coronau-

2009 2150 2148 2201 du-a
2184 2149 2592 2218 imperatorem
2639 2150 2955 2218 longiorem
3018 2167 3397 2219 moram,qua3
3456 2151 3653 2203 omnia

2010 2238 2134 2291 fuse
2166 2238 2506 2293 describunt
2536 2239 2899 2308 Nieephorus
2932 2240 3216 2308 Gregoras
3250 2240 3415 2293 initio
3449 2241 3571 2303 1.11,
3600 2243 3657 2292 et

2012 2326 2292 2397 Georgius
2328 2327 2658 2399 Acropolita
2688 2344 2735 2381 e.
2761 2329 2849 2381 53.
2880 2328 3222 2383 Theodorus
3269 2329 3466 2382 statim
3494 2328 3660 2381 initio

2017 2417 2176 2486 regni
2210 2415 2437 2470 infestis
2470 2417 2637 2472 bellis
2669 2422 2869 2471 contra
2900 2418 3184 2487 Bulgaros
3242 2424 3297 2471 et
3347 2418 3659 2473 Thessalos

2017 2522 2202 2575 usque
2234 2507 2305 2559 ad
2348 2506 2476 2559 vitm
2527 2505 2740 2559 exitum
2797 2506 3107 2560 infeliciter
3156 2514 3474 2576 occupatus
3521 2514 3605 2561 est
3646 2524 3658 2561 :

2013 2594 2382 2649 difficillimis
2417 2594 2687 2663 negotiis.
2723 2596 3085 2664 implicatus,
3111 2596 3551 2664 suspicionibus
3605 2602 3663 2650 et

2017 2684 2260 2738 humore
2294 2682 2716 2737 melancholico
2734 2687 2801 2737 ad
2828 2686 3093 2751 quaedam
3115 2702 3218 2737 sua
3247 2685 3553 2750 majestate
3578 2686 3661 2738 in-

2016 2772 2194 2843 digna
2215 2772 2390 2826 etiam
2423 2772 2703 2827 adversus
2727 2773 2948 2827 aulicos
2980 2774 3263 2841 dignitate
3302 2780 3355 2827 et
3393 2775 3501 2826 lida
3525 2791 3662 2842 erga

2016 2878 2151 2917 cum
2184 2864 2524 2930 praestantes
2558 2862 2944 2931 perpetranda
2976 2862 3287 2931 adductus,
3312 2861 3455 2916 vixit
3488 2863 3663 2916 mise-

2018 2949 2298 3005 rabiliter.
2332 2949 2675 3004 Theodorus
2707 2949 2881 3020 longa
2922 2952 3155 3004 tandem
3220 2952 3403 3005 macie
3471 2954 3663 3006 confe-

2019 3044 2170 3104 ctus,
2207 3042 2322 3092 toto
2350 3054 2587 3107 corpore
2619 3039 2919 3107 exsangui,
2949 3040 3165 3093 frustra
3203 3040 3442 3094 tentatis
3482 3042 3668 3094 enmi-

2025 3129 2137 3182 bus
2170 3126 2447 3181 humanis
2476 3128 2770 3192 remediis,
2806 3144 2967 3182 excra
2987 3128 3228 3199 regiam,
3249 3130 3306 3183 in
3328 3130 3482 3197 gravi
3510 3128 3672 3183 luctu

2034 3216 2385 3288 poenitentiae
2415 3222 2471 3270 et
2504 3216 2707 3269 habitu
2742 3215 3035 3288 religioso,
3069 3217 3274 3273 dolens
3309 3219 3463 3288 quod
3507 3218 3671 3273 Chri-

2031 3312 2187 3360 stum
2221 3304 2602 3371 deseruisset,
2630 3322 2808 3375 regno
2833 3305 3012 3360 simul
3044 3312 3101 3361 et
3132 3306 3248 3361 vita
3292 3308 3556 3379 privatur
3613 3307 3670 3359 in

2030 3394 2217 3449 aetatis
2250 3393 2411 3458 ﬂore,
2437 3411 2588 3449 anno
2618 3400 2841 3448 tantum
2876 3402 3037 3449 sexto
3066 3413 3244 3466 supra
3282 3395 3674 3460 tricesimum,

2030 3483 2259 3554 imperii
2295 3488 2522 3553 quarto.
2554 3483 2916 3551 Theodorus,
2950 3486 3324 3540 vehementer
3353 3486 3565 3541 anxius
3608 3486 3677 3540 de

2030 3572 2145 3628 ﬁde
2174 3578 2231 3628 et
2261 3571 2520 3626 amicitia
2547 3572 2847 3628 Michaelis
2879 3574 3211 3645 Palmologi,
3245 3574 3422 3628 filiolo
3455 3576 3524 3629 ad
3571 3574 3680 3627 im-

2032 3661 2176 3732 perii
2207 3661 2606 3732 gubernacula
2634 3662 2850 3732 inepto,
2884 3663 2993 3717 sub
3027 3663 3283 3717 hominis
3325 3664 3558 3718 obscuri
3618 3668 3676 3718 et

2033 3750 2143 3804 sub
2177 3748 2517 3820 patriarchae
2550 3750 2753 3815 tutela,
2785 3751 2856 3805 ad
2888 3751 3164 3806 invndiam
3200 3750 3523 3821 dignitatis,
3557 3768 3675 3821 qua

2034 3836 2188 3892 brevi
2223 3837 2483 3906 dejectus
2513 3841 2621 3905 est,
2655 3838 2876 3906 relicto,
2937 3844 3352 3894 testamentum
3414 3840 3679 3895 condidit

2032 3926 2092 3980 in
2119 3925 2369 3997 gratiam
2388 3927 2600 3981 tutoris
2624 3926 2785 3981 illius
2809 3927 3150 3998 Muzalonis,
3187 3946 3357 3999 quem
3382 3929 3672 3983 Romana-

2034 4032 2165 4071 rum
2198 4031 2391 4070 rerum
2425 4015 2725 4070 dominum
2762 4018 3169 4078 constituebat,
3195 4021 3384 4087 quoad
3421 4019 3575 4073 filius
3605 4018 3677 4072 ad

2038 4104 2347 4176 perfectam
2372 4104 2628 4159 venisset
2658 4111 2910 4171 aetatem,
2946 4123 3074 4161 cum
3109 4108 3461 4177 gravissima
3491 4125 3687 4179 proce-

2039 4210 2170 4248 rum
2204 4192 2541 4261 offensione,
2573 4211 2746 4265 quam
2784 4202 2985 4251 secuta
3027 4204 3114 4250 est
3172 4197 3404 4267 imperii
3462 4204 3691 4268 pertur-

2041 4282 2197 4337 batio
2230 4286 2287 4336 et
2320 4283 2375 4335 in
2410 4282 2713 4337 Michaelis
2757 4284 3038 4339 familiam
3099 4286 3349 4341 transito
3406 4286 3688 4340 crudelis-

2043 4372 2212 4426 sima.
2250 4372 2369 4424 Fuil
2411 4370 2505 4424 hic
2542 4372 2915 4428 miserrimus
2943 4374 3229 4429 Theodori
3265 4375 3425 4445 regni
3476 4382 3532 4429 et
3563 4377 3691 4428 vitae

2050 4466 2243 4516 status
2283 4460 2586 4515 eluctuosa
2640 4463 2846 4517 mortis
2900 4464 3177 4533 conditio,
3231 4480 3409 4535 quam
3461 4465 3695 4519 brevius

1975 4529 2022 4590 Β
2053 4550 2438 4620 Nicephorus,
2476 4550 2664 4605 fusius
2696 4553 3027 4621 Acr0polita
3058 4529 3357 4615 describit,
3403 4557 3501 4623 qui
3564 4570 3697 4607 cum

2054 4638 2286 4709 imperii
2316 4637 2613 4709 logotheta
2668 4640 2961 4705 existeret,
3024 4643 3300 4713 frequens
3360 4641 3701 4713 imperatori

2057 4729 2279 4782 ratione
2309 4727 2486 4781 oflicii
2520 4729 2740 4798 aderat,
2762 4734 2819 4784 et
2847 4747 2974 4801 quae
3000 4748 3256 4802 praesens
3309 4732 3434 4785 fieri
3472 4732 3709 4787 videbat

2061 4833 2276 4886 magna
2306 4817 2417 4871 fide
2450 4823 2505 4872 et
2536 4818 2844 4890 diligentia
2876 4828 3096 4875 narrat.

2136 4925 2223 4977 Vl.
2260 4924 2387 4978 Haec
2418 4925 2599 4995 igitur
2628 4927 2812 4983 voluit
2838 4928 3139 4984 insinuare
3163 4929 3711 5002 Pachymeres,cum

2066 5012 2300 5084 scripsit
2332 5012 2582 5069 infelicis
2617 5016 2777 5087 regni
2809 5022 2862 5071 et
2895 5016 3146 5073 luctuosi
3182 5019 3376 5074 obitus
3426 5018 3721 5073 Theodori

2070 5102 2459 5174 praenuntiam
2482 5103 3179 5162 exstitissedefectionem
3196 5108 3336 5163 solis
3352 5108 3691 5163 horribilem
3706 5150 3718 5173 ,

2071 5208 2199 5262 quae
2230 5192 2339 5245 sub
2373 5191 2605 5248 initium
2644 5194 2807 5263 regni
2839 5197 2969 5264 ejus
3001 5197 3153 5250 facta
3202 5202 3311 5266 est,
3376 5198 3525 5252 702
3576 5197 3724 5251 hora

2074 5282 2247 5336 tertia
2280 5287 2411 5350 post
2442 5284 2770 5347 meridiem,
2796 5290 2958 5339 sexto
2990 5285 3104 5349 die,
3138 5285 3409 5341 videlicet
3444 5291 3576 5356 post
3596 5286 3729 5355 ejus

2074 5370 2510 5426 coronationem
2546 5378 2603 5425 et
2634 5373 2971 5429 unctionem
3001 5374 3347 5431 solemnem.

2150 5480 2400 5547 Etenim,
2434 5479 2482 5534 si
2517 5482 2867 5552 conjectura:
2901 5499 3016 5537 non
3049 5482 3425 5554 improbabili
3448 5483 3608 5539 locus
3632 5483 3735 5537 da-

2082 5574 2196 5637 tur,
2233 5568 2463 5624 videtur
2490 5570 2638 5627 facta
2669 5572 2973 5628 coronatio
3002 5572 3287 5629 Theodori
3322 5575 3451 5647 ipsa
3483 5573 3736 5629 solemni

2084 5659 2396 5716 festivitate
2433 5659 2763 5717 Nativitatis
2793 5662 3009 5718 Christi
3056 5662 3313 5729 Domini,
3375 5665 3495 5716 sive
3558 5671 3613 5717 ut
3673 5678 3744 5717 ex

3387 5786 3457 5842 37
