4218 6450
631 367 765 423 1171

1671 373 1733 424 Ρ.
1774 365 2697 427 ΡοεειΝιόΒεΒΒνΑΤιοΝῠΜ
2735 376 2865 428 LIB.
2909 378 3004 430 III.

3895 373 4046 428 1172

633 494 706 548 ad
762 493 1084 559 Nicaenum,
1121 497 1184 546 ut
1231 492 1589 563 intelligatur
1648 493 1839 562 qualis
1899 499 2018 548 tota
2076 493 2277 546 Nicaea
2305 496 2360 560 Α
2393 496 2634 550 minime
2662 499 3026 554 fortunatum
3060 498 3453 570 portendisse,
3487 514 3620 552 cum
3653 496 3817 554 dixit.
3862 541 3878 567 ,
3909 496 3942 550 ὃ
3977 493 4047 562 δὴ

636 583 849 653 partim
884 582 1006 636 visa
1028 583 1239 652 partim
1277 582 1463 636 latens
1493 582 1798 636 exstiterit.

712 701 862 753 714
895 699 993 754 XI.
1029 699 1308 753 Caterum
1345 705 1407 753 ut
1467 699 1609 752 nihil
1663 699 1871 752 merito
1922 698 2286 752 desideretur

638 788 707 842 ad
743 789 1055 858 perfectam
1091 804 1294 843 eorum
1326 805 1448 857 quas
1479 789 1548 841 ad
1585 788 1736 842 hanc
1787 786 2051 857 eclipsim
2108 786 2282 857 perti-

635 887 777 932 nent
805 877 1280 947 intelligentiam,
1330 883 1514 932 restat
1565 877 2094 932 demonstrandum
2153 875 2285 929 nul-

637 967 761 1020 lum
795 967 975 1020 alium
1026 967 1168 1022 solis
1219 967 1510 1021 defectum
1546 967 1701 1021 circa
1729 966 1954 1020 obitum
2000 963 2286 1018 Theodori

640 1056 985 1126 contigisse,
1040 1058 1132 1110 cui
1189 1056 1563 1125 Pachymeris
1615 1055 1930 1126 descriptio
1982 1052 2286 1108 convenire

641 1145 848 1216 possit.
883 1145 953 1199 Et
983 1145 1091 1200 hoc
1125 1145 1362 1216 quidem
1398 1147 1481 1199 sic
1513 1146 1974 1200 demonstratur.

715 1261 950 1316 Certum
969 1267 1057 1316 est
1090 1278 1158 1316 ex
1187 1261 1417 1333 legibus
1450 1259 1862 1316 astronomicis
1896 1276 2046 1314 anno
2077 1257 2290 1313 Christi

647 1351 804 1416 1259,
831 1367 944 1422 quo
977 1351 1319 1406 Theodorus
1341 1352 1495 1406 diem
1526 1350 1758 1418 clausit,
1781 1353 2106 1404 extremum
2133 1362 2291 1402 men-

643 1457 702 1495 se
737 1445 996 1510 Augusto
1029 1440 1394 1495 novilunium
1435 1444 1554 1494 tam
1591 1440 1849 1494 medium
1887 1453 2062 1510 quam
2093 1451 2289 1491 verum

641 1530 959 1600 contigisse
981 1534 1149 1584 nocte
1173 1530 1366 1584 media
1394 1528 1550 1582 inter
1568 1528 1869 1582 decimum
1887 1542 2107 1580 nonum
2128 1529 2185 1579 et
2212 1524 2292 1577 vi-

642 1618 928 1672 cesimum
945 1619 1096 1672 diem
1112 1619 1377 1688 ejusdem
1395 1618 1650 1685 mensis;
1677 1614 2012 1687 etquamvis
2037 1613 2290 1667 interdiu

644 1706 983 1774 exstitisset,
1016 1707 1351 1778 eclipticum
1383 1713 1577 1761 tamen
1597 1723 1710 1760 non
1744 1705 1976 1770 tuisset,
2009 1703 2148 1772 quia
2171 1717 2291 1755 me-

648 1799 781 1852 dius
813 1807 1010 1853 motus
1058 1798 1389 1852 latitudinis
1422 1797 1573 1852 lunas
1605 1797 1756 1866 sign.
1789 1795 1821 1847 3
1850 1794 1915 1848 G.
1953 1795 2036 1859 1l,
2070 1793 2161 1859 36,
2199 1792 2293 1859 51,

651 1887 994 1959 longissime
1026 1887 1311 1942 terminos
1344 1885 1644 1957 eclipticos
1679 1881 2173 1955 prastergreditur.

720 2005 961 2060 Constat
993 2020 1226 2075 quoque
1249 2005 1421 2074 juxta
1449 2003 1685 2057 easdem
1729 2000 1883 2071 leges
1912 1998 2070 2054 aliud
2130 1995 2288 2051 novi-

653 2093 883 2149 lunium
916 2093 1247 2165 eclipticum
1273 2094 1476 2148 eodem
1512 2107 1664 2146 anno
1697 2095 1829 2145 ante
1861 2103 2123 2143 mensem
2164 2088 2290 2140 Au-

650 2189 888 2256 gustum
922 2182 1269 2240 etTheodori
1292 2187 1540 2237 mortem
1575 2179 1802 2234 nullum
1827 2176 2121 2232 exstitisse
2150 2191 2293 2246 pras-

648 2279 916 2344 terquam
964 2273 1025 2328 in
1071 2288 1272 2327 mense
1310 2270 1490 2342 Aprili
1523 2271 1614 2324 die
1642 2270 1734 2334 23,
1770 2267 1962 2322 medio
1994 2271 2156 2319 motu
2205 2263 2296 2317 la-

647 2362 920 2418 titudinis
947 2362 1100 2416 lunas
1123 2362 1182 2416 S.
1215 2361 1280 2416 Ο.
1320 2360 1386 2415 G.
1423 2361 1512 2428 15,
1563 2360 1615 2424 4,
1661 2359 1754 2427 22,
1807 2357 1964 2411 intra
2013 2354 2296 2408 terminos

647 2452 981 2524 possibiles.
1040 2451 1205 2515 Quod
1258 2450 1436 2505 etiam
1490 2448 1626 2521 quia
1683 2447 1886 2501 Nicaeae
1933 2442 2106 2514 paulo
2164 2447 2297 2496 ante

647 2541 900 2597 mediam
956 2544 1184 2595 noctem
1237 2537 1597 2594 celebratum
1651 2540 1759 2601 est,
1821 2533 1960 2588 solis
2006 2533 2297 2586 defectum

645 2629 939 2685 visibilem
995 2643 1124 2684 non‘
1167 2627 1452 2683 exhibuit.
1515 2624 1908 2690 Quamobrem
1970 2619 2168 2674 nullus
2232 2636 2298 2674 eo

649 2736 801 2776 anno
829 2718 973 2775 solis
1005 2718 1272 2773 defectus
1302 2715 1599 2788 aptusfuit
1632 2715 1703 2770 ad
1725 2710 2174 2783 signiﬁcandam
2201 2712 2302 2763 aut

651 2809 1038 2864 nuntiandam
1092 2806 1380 2862 Theodori
1431 2810 1678 2860 mortem
1714 2819 1727 2856 :
1780 2801 1967 2856 multo
2000 2799 2217 2864 minus,
2251 2797 2301 2852 si

653 2899 786 2970 quis
817 2897 1126 2968 contigerit
1147 2896 1319 2950 annis
1349 2893 1776 2966 superioribus,
1805 2890 1918 2945 nisi
1940 2889 1990 2943 is
2017 2889 2304 2942 duntaxat

653 2988 754 3059 qui
792 2988 850 3042 in
885 2987 1050 3042 aditu
1082 2987 1213 3056 ejus
1245 2984 1476 3056 imperii
1509 3002 1542 3039 a
1571 2982 1926 3053 Pachymere
1955 2981 2303 3048 assumptus

653 3084 711 3133 et
771 3083 886 3133 tam
940 3077 1271 3132 horrendus
1323 3075 1673 3146 designatus
1726 3077 1834 3142 est,
1867 3068 1965 3140 qui
1996 3066 2303 3122 etanobis

652 3168 750 3223 hic
785 3168 909 3223 suis
941 3167 1117 3222 certis
1140 3165 1578 3221 characteribus
1613 3160 1929 3234 insignitus
1959 3156 2097 3213 etad
2125 3155 2300 3212 ﬁnem

656 3256 793 3312 anni
823 3260 956 3327 post
987 3254 1283 3310 Christum
1319 3255 1458 3309 1255
1492 3254 1739 3326 positus.

719 3373 805 3428 Ad
839 3373 1010 3443 cujus
1032 3370 1422 3443 chronologiaa
1474 3368 1980 3424 conﬁrmationem
2034 3370 2161 3421 tuto
2215 3377 2307 3418 re-

650 3462 784 3519 ferri
832 3466 1083 3534 possunt
1114 3461 1387 3515 alizeduaa
1439 3459 1591 3530 apud
1639 3457 2037 3529 Nicephorum
2087 3456 2306 3524 Grego-

654 3568 777 3607 ram
809 3551 849 3606 l.
884 3568 940 3605 ix
971 3550 1109 3605 Ηὶἐι.
1145 3566 1193 3604 c.
1230 3548 1440 3604 ultimo
1496 3548 1816 3603 observatis
1867 3546 2115 3617 eclipses
2155 3543 2310 3598 circa

651 3646 898 3697 mortem
951 3639 1271 3694 Andronici
1321 3637 1594 3706 senioris,
1646 3637 1832 3692 altera
1880 3635 2030 3690 lunae
2086 3649 2151 3688 eo
2178 3631 2308 3703 ipso

654 3733 747 3788 die
799 3746 914 3801 quo
964 3745 1098 3785 eum
1149 3729 1298 3784 mori
1347 3728 1616 3799 contigit,
1661 3725 1730 3781 12
1794 3724 2093 3781 Februarii
2155 3738 2308 3778 anno

657 3820 867 3877 Christi
893 3820 1057 3891 1332,
1117 3819 1302 3875 altera
1347 3817 1510 3883 solis,
1545 3835 1672 3890 quis
1705 3820 1789 3872 tot
1817 3815 2024 3871 diebus
2058 3816 2306 3868 mortem

655 3909 1028 3982 imperatoris
1077 3907 1398 3981 praecessit,
1449 3912 1594 3978 quot
1643 3907 1769 3978 ipse
1829 3905 2002 3961 annis
2052 3903 2112 3957 in
2162 3900 2310 3956 vivis

657 4003 865 4057 fuerat.
899 3997 1308 4067 Ἐπισκὸτησις,
1358 3994 1787 4068 inquitﬁiltaxi}
1846 3991 2110 4051 τοσαύτας
2166 3988 2309 4060 ἡμὲ-

655 4111 752 4165 ρας
801 4088 1173 4165 προειληφυῖα
1227 4089 1325 4155 τὴν
1382 4086 1546 4140 αὐτοῦ
1594 4085 1874 4153 τελευτὴν,
1940 4083 2038 4138 ὅσα
2068 4081 2156 4136 καὶ
2209 4079 2311 4132 αὖ·

653 4180 747 4240 τὸς
815 4179 880 4247 ἦν
931 4175 1023 4248 ἔτη
1082 4177 1148 4231 τὰ
1195 4176 1368 4231 πάντα
1420 4171 1703 4250 βεϐιωκώς
1749 4177 1884 4232 Dies
1944 4168 2306 4245 agnoscendi

656 4275 798 4328 sunt
825 4272 937 4326 74:
984 4269 1228 4325 totidem
1280 4267 1436 4324 enim
1482 4266 1853 4322 Andronicus
1904 4279 2092 4320 annos
2147 4258 2311 4329 vixit,

656 4362 756 4435 qui
786 4362 856 4416 50
888 4359 1004 4415 fere
1038 4358 1723 4431 rcgnavit.Septuaginta
1746 4360 1944 4411 autem
1970 4358 2026 4409 et
2056 4353 2313 4423 quatuor

655 4442 781 4507 dies
816 4452 970 4506 inter
1000 4449 1133 4504 illas
1160 4448 1408 4519 eclipses
1454 4447 1916 4502 intercesserunt
1944 4463 1956 4500 :
1990 4459 2123 4499 nam
2169 4437 2311 4494 solis

657 4541 902 4613 quidem
935 4541 1091 4595 facta
1141 4541 1232 4593 est
1261 4538 1331 4591 3O
1387 4537 1480 4591 die
1519 4536 1863 4591 Novembris
1914 4550 2066 4590 anno
2098 4525 2312 4586 Christi

675 4634 810 4688 1331
844 4633 904 4687 in
937 4629 1260 4698 novilunio,
1313 4628 1470 4698 quod
1515 4632 1656 4681 tunc
1705 4626 1952 4692 exstitit,
2002 4624 2151 4680 lunai
2179 4626 2316 4676 vero

660 4723 720 4778 in
750 4720 1097 4794 plenilunio,
1133 4718 1290 4790 quod
1323 4716 1569 4788 contigit
1600 4730 1751 4770 anno
1783 4718 2064 4785 sequente
2099 4714 2166 4766 12
2206 4712 2307 4766 Fe-

662 4812 909 4868 bruarii.
952 4812 1023 4866 Et
1071 4811 1153 4864 ita
1191 4825 1292 4864 eas
1350 4805 1563 4861 tabulae
1607 4809 1818 4860 nostris
1865 4805 2305 4875 reprmsentant.

663 4907 729 4958 Et
776 4900 1063 4958 Calvisius
1109 4900 1168 4955 in
1213 4894 1604 4967 Chronologia
1655 4911 1808 4949 anno
1839 4892 2052 4949 Christi
2086 4891 2218 4947 1331
2254 4893 2311 4945 et

667 4995 804 5050 1332
863 4992 1116 5064 priorem
1176 4990 1448 5044 observat
1502 4986 1570 5040 30
1627 4985 1971 5041 Novembris
2030 4984 2124 5040 die
2163 4985 2308 5040 festo

661 5085 720 5140 S.
755 5084 1013 5151 Andreae,
1045 5085 1103 5136 et
1128 5082 1262 5152 post
1293 5077 1417 5132 dies
1445 5076 1515 5129 74
1563 5079 1829 5130 secutam
1877 5075 1959 5130 ait
1999 5074 2306 5130 Andronici

660 5179 908 5230 mortem
936 5171 1029 5227 die
1055 5172 1123 5225 12
1157 5165 1482 5234 Februarii,
1529 5164 1693 5220 nulla
1723 5166 2024 5220 mentione
2071 5165 2307 5236 eclipsis

655 5266 806 5320 lunae
867 5263 1091 5330 habita,
1155 5276 1289 5315 cum
1347 5263 1543 5312 tamen
1585 5255 1979 5325 Nicephorum
2008 5261 2304 5311 auctorem

654 5356 874 5422 laudet,
901 5353 1001 5425 qui
1036 5351 1346 5420 utriusque
1378 5347 1595 5402 diserte
1615 5344 1881 5400 meminit
1903 5350 1959 5400 et
1991 5350 2306 5418 utramque

655 5446 818 5518 ponit
866 5445 1018 5498 inter
1080 5443 1247 5513 signa
1295 5440 1545 5492 mortem
1601 5435 1973 5506 imperatoris
2022 5435 2302 5490 divinitus

655 5532 1136 5609 praenuntiantia,
1170 5545 1305 5584 cum
1336 5527 1437 5595 ait,
1498 5529 1834 5600 προσημεῖαι
1887 5522 2093 5578 παλλαὶ
2140 5545 2301 5600 προε-

660 5627 898 5700 μήνυσαν
966 5641 1081 5695 quo
1139 5617 1416 5676 similiter
1474 5617 1646 5670 modo
1706 5615 2090 5684 Pachymeres
2120 5616 2305 5672 voluit

658 5719 951 5772 delectum
978 5713 1118 5769 solis
1154 5729 1184 5765 a
1217 5725 1277 5764 se
1309 5707 1694 5776 descriptum,
1727 5709 1835 5758 eta
1859 5706 2026 5759 nobis
2062 5706 2298 5760 afﬁxam

658 5809 716 5863 in
780 5807 937 5862 aditu
1003 5799 1232 5874 imperii
1293 5795 1780 5863 Theodori,715
1842 5794 2010 5849 breve
2068 5795 2215 5851 illud
2247 5801 2306 5852 et

2391 586 2593 654 προεσή
2608 588 2746 654 μηνέ
2771 606 2820 637 τι
2857 592 3104 656 σημεῖον.
3137 586 3335 643 ’Ἤλιος
3364 584 3484 658 γάρ,
3518 591 3626 640 etc.

2466 691 2584 747 XII.
2631 695 2709 748 Ex
2759 712 2876 766 qua
2926 697 3175 750 duorum
3227 700 3556 760 auctorum,
3605 711 3854 764 quorum
3901 693 4048 747 ecli-

2395 796 2530 849 pses
2563 785 2825 853 exposui,
2888 786 2957 839 de
2991 802 3192 839 earum
3241 784 3672 856 signiﬁcatione
3731 784 4047 847 sententia,

2396 879 2481 947 [P.
2513 881 2638 951 505]
2673 884 2743 936 ad
2778 882 2994 937 calcem
3029 881 3485 937 dissertationis.
3522 881 3580 934 in
3614 897 3730 951 qua
3761 880 4053 934 hactenus

2396 967 2743 1025 historicum
2775 977 2831 1026 et
2858 978 3161 1026 astronum
3195 988 3365 1042 agere
3399 986 3490 1024 me
3533 970 3813 1040 oportuit,
3842 986 4047 1041 quaeso

2398 1063 2462 1111 ut
2491 1059 2635 1112 mihi
2669 1060 2840 1115 liceat
2870 1061 3158 1131 tantisper
3179 1078 3347 1129 agere
3380 1059 3738 1131 theologum,
3781 1064 3837 1113 et
3885 1058 4048 1112 circa

2398 1147 2862 1218 signiﬁcationes
2915 1150 3310 1205 defectionum
3361 1150 3671 1220 utriusque
3723 1147 4046 1202 luminaria

2399 1236 2641 1292 deﬁnire
2672 1239 2942 1308 breviter,
2976 1243 3034 1293 at
3065 1238 3272 1305 solide,
3306 1239 3444 1309 quid
3473 1238 3843 1293 Christianus
3871 1237 4050 1291 homo

2401 1325 2607 1381 debeat
2634 1332 2737 1382 aut
2760 1328 2946 1398 possit
2963 1326 3050 1381 vel
3085 1329 3306 1382 sentire
3339 1326 3598 1398 legitime
3629 1327 3718 1381 vel
3751 1327 3811 1380 in
3869 1341 4047 1380 usum

2401 1415 2678 1470 adhibere
2708 1416 2832 1471 sine
2863 1416 3001 1471 vitio
3031 1415 3366 1472 timiditatis
3398 1421 3500 1470 aut
3546 1417 3673 1471 sine
3733 1431 3881 1470 noxa
3938 1431 4048 1469 su-

2403 1505 2787 1574 perstitionis,
2821 1521 3068 1575 quorum
3097 1505 3348 1559 alterum
3385 1506 3656 1560 humanas
3687 1503 4045 1571 fortitudini,

2402 1594 2652 1648 alterum
2678 1594 3018 1648 Christianae
3053 1594 3321 1665 religioni
3353 1599 3659 1665 repugnat.

2479 1709 2664 1763 Unum
2698 1709 2881 1778 igitur
2913 1708 3019 1763 hoc
3054 1709 3391 1780 pronuntio,
3425 1709 3675 1780 eclipses
3702 1708 3844 1764 solis
3878 1709 3928 1763 ei
3961 1707 4048 1761 lu-

2405 1815 2489 1851 nae
2523 1813 2652 1852 esse
2696 1798 2959 1872 defectus
3018 1798 3339 1864 naturales,
3400 1798 3490 1852 vel
3549 1798 3793 1852 luminis
3825 1798 3883 1851 in
3915 1797 4051 1868 ipsa

2401 1885 2537 1941 luna
2570 1886 2627 1940 in
2661 1888 2931 1941 umbram
2975 1892 3138 1941 terras
3191 1888 3548 1956 incurrente,
3601 1886 3688 1940 vel
3744 1886 4050 1940 radiorum

2400 1975 2541 2030 solis
2573 1976 2630 2029 in
2664 1980 2839 2039 terra,
2873 1975 3009 2030 luna
3057 1992 3118 2030 se
3173 1976 3326 2030 inter
3376 1981 3696 2045 utrumque
3728 1975 4053 2045 injiciente.

2401 2067 2544 2119 Tam
2578 2063 2877 2119 naturales
2908 2070 3098 2120 autem
3115 2069 3171 2119 et
3203 2066 3483 2120 ordinatas
3517 2071 3654 2120 sunt
3684 2065 4060 2134 conjunctio-

2401 2172 2504 2210 nes
2536 2160 2593 2210 et
2621 2155 3017 2224 oppositiones
3043 2155 3530 2224 eclipticae,quam
3561 2160 3702 2208 sunt
3725 2154 3833 2224 ipsi
3857 2159 4057 2207 motus

2400 2244 2790 2300 luminarium
2822 2249 2878 2297 et
2907 2244 3147 2314 syzygiaa
3181 2261 3296 2298 non
3328 2243 3629 2314 ecliptice,
3685 2259 3864 2314 qnam
3897 2247 4046 2296 sunt

2403 2334 2528 2388 dies
2559 2338 2616 2388 et
2646 2337 2865 2400 noctes,
2891 2349 3067 2402 quam
3101 2331 3357 2386 solstitia
3380 2336 3437 2386 et
3465 2331 3839 2402 aequinoctia,
3874 2347 4056 2402 quam

2406 2439 2638 2478 menses
2697 2427 2754 2477 et
2802 2421 2975 2476 anni:
3010 2422 3266 2493 pendent
3296 2421 3450 2476 enim
3486 2420 3608 2476 haec
3637 2421 3839 2477 omnia
3873 2420 4059 2475 simili

2407 2515 2578 2568 modo
2611 2530 2643 2567 a
2665 2509 2998 2583 primalege
3026 2515 3082 2565 et
3113 2509 3479 2565 ordinatione
3511 2509 4054 2580 conditoris,quam

2407 2601 2564 2657 caelis
2614 2606 2671 2656 et
2727 2600 3022 2654 sideribus
3079 2599 3439 2670 prescripsit
3483 2600 3554 2654 ab
3609 2600 3774 2653 initio
3825 2599 4066 2653 molitor

2411 2692 2585 2756 Deus,
2635 2705 2816 2759 quam
2857 2689 3045 2760 legem
3094 2693 3460 2744 constantem
3512 2693 3568 2744 et
3597 2688 3944 2743 inviolatam
3971 2704 4066 2742 res

2411 2783 2618 2834 creata:
2676 2782 3059 2845 conservant;
3121 2795 3249 2848 quae
3308 2795 3491 2834 causa
3541 2785 3631 2833 est
3672 2795 3778 2833 cur
3809 2777 4067 2848 eclipses

2414 2866 3240 2939 praedicanturinfaillibiliter
3272 2884 3304 2922 a
3360 2867 3562 2938 peritis
3627 2883 3757 2921 cum
3809 2865 4072 2920 circum-

2419 2957 2654 3011 stantiis
2713 2955 3141 3028 magnitudinis
3201 2965 3258 3011 et
3309 2956 3666 3021 durationis,
3698 2954 3903 3010 habita
3931 2970 4075 3009 exa-

2418 3045 2686 3101 ctissima
2717 3045 2945 3100 ratione
2967 3052 3300 3115 temporum
3333 3049 3390 3100 et
3422 3043 3712 3111 locorum,
3745 3044 3804 3098 in
3848 3043 4077 3115 quibus

2417 3135 2529 3190 illae
2549 3135 2917 3205 contingunt.
2953 3135 3185 3189 Accedit
3217 3135 3372 3205 quod
3422 3150 3707 3189 numerus
3759 3132 4078 3204 eclipsium

2332 3221 2374 3287 C
2415 3241 2666 3297 magnus
2697 3225 2775 3279 sit
2803 3229 2861 3279 et
2889 3241 3170 3279 occursus
3202 3225 3521 3294 frequens:
3553 3229 3834 3294 quatuor,
3887 3223 4081 3278 inter-

2416 3317 2558 3370 dum
2584 3318 2640 3369 et
2669 3313 2866 3385 plures
2899 3329 3002 3385 per
3028 3311 3296 3383 singulos
3349 3329 3535 3367 annos
3567 3313 3740 3380 ﬁunt,
3773 3315 3830 3366 et
3879 3311 4011 3380 jam
4046 3328 4082 3365 a

2418 3405 2625 3461 mundi
2657 3404 2890 3461 exordio
2922 3402 3056 3476 plus
3089 3420 3268 3474 quam
3304 3403 3547 3459 vicesies
3581 3402 3741 3460 mille
3766 3401 4079 3458 numerari

2417 3499 2687 3568 possunt.

2487 3603 2701 3658 Eadem
2743 3617 2913 3672 porro
2969 3599 3362 3670 Providentia,
3423 3616 3549 3671 quae
3584 3599 3716 3655 fecit
3754 3599 3814 3654 in
3845 3599 4074 3654 mundo

2415 3692 2533 3747 duo
2584 3691 2705 3746 haec
2758 3689 3070 3745 luminaria
3115 3705 3352 3760 magna,
3402 3689 3684 3744 lnminare
3738 3689 3942 3759 majus,
4015 3696 4080 3742 ut

2413 3789 2666 3854 prxessct
2695 3779 2828 3846 diei,
2861 3781 2912 3832 et
2941 3777 3220 3833 luminare
3241 3778 3448 3843 minus,
3474 3785 3534 3832 ut
3592 3781 3857 3849 praesul
3900 3777 4076 3844 nocti,

2415 3876 2475 3926 ut
2503 3873 2744 3925 tacerent
2770 3884 2937 3940 super
2966 3871 3173 3922 terram
3199 3871 3250 3923 et
3278 3866 3589 3922 dividerent
3624 3868 3800 3921 lucem
3829 3881 3866 3920 α
3919 3869 4078 3921 tene-

2419 3963 2530 4016 bris
2562 3961 2713 4032 (Gen.
2757 3961 2816 4028 ι),
2849 3957 3055 4013 eadem
3103 3957 3328 4028 pariter
3391 3973 3498 4012 sua
3544 3956 3809 4011 bonitate
3870 3960 3927 4011 et
3983 3971 4082 4010 sa-

2417 4049 2635 4121 pientia
2664 4051 2857 4102 motus
2890 4061 3091 4101 eorum
3124 4051 3182 4101 et
3208 4046 3628 4101 conversiones
3678 4043 3973 4100 ordinavit
4005 4043 4080 4097 ad

2418 4139 2643 4194 felicem
2675 4137 2878 4193 mundi
2921 4136 3435 4208 gubernationem,
3489 4136 3559 4191 ad
3601 4135 3924 4191 electorum
3977 4150 4079 4188 sa-

2418 4229 2599 4284 lutem
2634 4232 2692 4282 et
2723 4243 2889 4281 suam
2925 4225 3173 4295 gloriam
3208 4245 3222 4293 ;
3258 4241 3364 4280 nec
3421 4223 3666 4280 dubium
3712 4223 3856 4294 quin
3909 4222 4078 4294 ipsas

2419 4316 2862 4390 conjunctiones
2887 4314 3398 4385 et;oppositiones,
3431 4314 3572 4369 solis
3604 4318 3660 4368 et
3703 4312 3853 4368 lunas
3914 4311 4082 4367 defe—

2418 4413 2549 4464 ctus
2578 4410 2636 4462 et
2666 4402 3548 4478 illuminationes,constituerit
3569 4403 3624 4456 in
3649 4417 4082 4471 numero,pon-

2421 4502 2556 4556 dere
2585 4501 2642 4552 et
2668 4510 2967 4562 mensura,
3001 4509 3182 4564 quam
3218 4479 3444 4548 sciebat
3473 4499 3530 4549 et
3554 4492 3786 4547 volebat
3817 4491 4083 4546 humano

2346 4593 2394 4655 D
2427 4588 2622 4664 generi
2650 4587 2722 4642 ad
2754 4584 3004 4641 salutem
3029 4587 3086 4639 et
3117 4582 3451 4640 felicitatem
3485 4583 3874 4656 profuturam.

2487 4697 2636 4752 XIII.
2686 4695 2768 4750 Ex
2797 4692 2906 4747 hoc
2939 4707 3055 4746 uno
3112 4691 3492 4762 pronuntiato
3549 4690 3776 4746 tollitur
3816 4689 4078 4745 admira-

2418 4785 2617 4842 bilitas
2656 4788 2712 4839 et
2742 4781 2899 4853 vulgi
2923 4780 3163 4853 quidam
3197 4784 3424 4851 stupor,
3450 4781 3548 4852 qui
3582 4780 3830 4852 eclipses
3864 4796 4077 4835 conse-

2419 4875 2664 4948 quitur:
2725 4870 2915 4927 oritur
2968 4868 3125 4925 enim
3185 4885 3254 4924 ex
3277 4869 3607 4940 ignorantia
3647 4885 3782 4924 cum
3816 4872 4076 4941 quadam

2420 4965 2671 5021 novitate
2703 4965 2760 5016 et
2784 4960 3022 5015 raritate
3053 4959 3206 5030 apud
3241 4975 3340 5014 eos
3370 4959 3471 5030 qui
3500 4974 3605 5014 nec
3635 4975 3836 5014 earum
3861 4975 4076 5014 causas

2417 5054 2759 5125 intelligunt
2789 5066 2894 5105 nec
2924 5065 3023 5104 eas
3056 5047 3272 5120 saepius
3315 5049 3716 5115 observarunt,
3759 5064 3897 5104 cum
3932 5066 4074 5104 con-

2415 5149 2507 5200 tra
2539 5142 2836 5215 sapientes
2867 5141 2923 5194 et
2953 5137 3108 5193 docti
3142 5153 3243 5193 eas
3294 5137 3422 5194 suis
3460 5139 3829 5211 temporibus
3881 5138 4073 5195 securi

2415 5239 2772 5305 exspectent,
2823 5233 2881 5285 et
2910 5228 3217 5285 occasione
3266 5228 3327 5284 in
3356 5230 3726 5284 commodum
3786 5245 4076 5285 conversa

2415 5325 2623 5380 etfectu
2660 5322 2806 5376 bene
2870 5323 3132 5384 utantur,
3166 5321 3223 5372 et
3279 5317 3623 5388 perniciem,
3651 5319 3698 5373 si
3733 5334 3853 5390 qua
3885 5317 4076 5375 credi-

2415 5419 2512 5469 tur
2541 5411 2874 5478 imminere,
2911 5411 3096 5462 totam
3129 5407 3186 5461 in
3212 5407 3410 5463 hostes
3443 5408 3719 5464 derivent.

2489 5529 2576 5585 Ita
2603 5527 2741 5583 olim
2793 5525 3083 5598 Sulpitius
3134 5521 3355 5592 Gallus,
3410 5527 3473 5579 ut
3521 5525 3784 5580 referunt
3845 5524 4070 5592 Livius,

2419 5621 2458 5673 l.
2493 5635 2642 5675 κων.
2676 5621 2728 5672 et
2763 5615 2912 5671 Plut.
2949 5615 3007 5669 in
3042 5613 3214 5670 Paulo
3239 5611 3488 5683 AEmilio,
3521 5613 3592 5670 de
3621 5613 3842 5686 insigni
3876 5615 4071 5672 defec-

2413 5709 2571 5764 tione
2631 5708 2804 5775 lunai,
2867 5721 3042 5777 quam
3100 5701 3437 5775 pravidcrat
3497 5704 3645 5778 746
3695 5705 3752 5759 in
3805 5705 4066 5761 exercitu

2415 5799 2702 5864 Romano,
2733 5797 2793 5852 in
2826 5812 2941 5868 quo
2972 5793 3253 5849 tribunus
3289 5795 3401 5848 sub
3459 5792 3812 5866 imperatore
3829 5794 4066 5854 Emilio
