4248 6438
213 380 357 437 1173

1645 386 2261 442 CHRONOLOGICUS.

3492 382 3625 434 1174

208 506 392 562 Paulo
426 506 743 574 militabat,
775 507 1054 565 concione
1093 508 1295 565 habita
1324 526 1465 566 suos
1494 511 1565 565 ad
1599 526 1858 582 pugnam
1895 518 1947 579 Α
1978 510 2291 581 perniciem
2324 509 2561 574 creavit,
2595 513 2659 563 ut
2691 506 3038 563 Plutarchus
3071 512 3272 563 narrat
3293 507 3351 560 in
3374 507 3501 576 ejus
3523 506 3621 560 Vi-

208 593 495 649 instruxit
553 595 870 666 docuitque
930 612 1139 651 causas
1196 596 1507 667 eclipsium
1562 601 1619 651 et
1674 602 1863 652 certos

207 688 454 737 eventus
502 683 630 737 suis
679 685 1047 754 temporibus
1106 685 1494 751 necessarios,
1545 692 1662 739 tam
1711 685 1863 739 felici

208 776 419 826 eventu
457 777 523 826 ut
549 773 620 826 ab
653 772 738 828 eis
768 774 1079 828 abstulerit
1111 791 1324 829 vanum
1377 775 1541 829 illum
1590 776 1859 829 timorem

204 860 305 930 qui
327 878 395 915 ex
420 863 497 915 rei
522 861 779 916 novitate
810 868 865 917 et
897 862 1209 918 insolentia
1240 863 1376 917 oriri
1406 863 1552 919 solet
1583 864 1859 935 ignoran-

202 949 388 1014 tibus,
439 954 496 1004 et
539 967 673 1005 eum
725 953 1026 1022 pugnandi
1078 954 1344 1008 ardorem
1389 954 1611 1008 edoctis
1648 958 1703 1007 et
1733 954 1856 1007 vin-

203 1038 376 1092 cendi
405 1039 638 1110 cupidis
670 1040 890 1110 injecit,
922 1057 991 1094 ex
1022 1057 1137 1110 quo
1174 1040 1345 1111 plena
1377 1042 1615 1096 victoria
1649 1043 1861 1097 Roma-

202 1124 298 1181 nis
349 1127 558 1194 evenit,
594 1144 727 1183 cum
773 1134 977 1184 contra
1008 1129 1064 1184 in
1099 1129 1306 1183 castris
1340 1130 1723 1185 Macedonum
1758 1148 1858 1183 no-

198 1214 351 1270 vitas
381 1221 439 1270 et
478 1216 813 1288 ignorantia
845 1218 1044 1273 fecerit
1076 1234 1166 1273 res
1197 1224 1261 1272 ut
1289 1235 1356 1273 ea
1389 1219 1638 1289 prodigii
1678 1221 1860 1274 instar

196 1301 536 1370 haberetur,
569 1310 625 1359 et
656 1305 893 1376 eclipsis
924 1307 1050 1362 visa
1080 1307 1415 1362 existimata
1459 1308 1536 1363 sit
1582 1325 1857 1378 praenun-

196 1390 286 1445 tia
330 1391 481 1463 fugas
525 1398 584 1449 et
632 1394 979 1450 defectionis
1028 1396 1244 1465 Persei,
1277 1412 1452 1467 quam
1504 1396 1855 1451 Macedoniae

198 1477 397 1535 clades
427 1487 517 1536 est
548 1488 883 1538 consecuta.

268 1580 356 1632 Ita
386 1594 575 1648 nuper
617 1579 1080 1653 Christophorus
1112 1584 1439 1639 Columbus
1487 1600 1641 1639 anno
1689 1584 1854 1639 Chri-

194 1666 270 1721 sti
302 1666 464 1734 1493,
492 1684 625 1723 cum
678 1668 1095 1726 alimentorum
1147 1672 1347 1744 inopia
1400 1672 1715 1739 laboraret,
1751 1689 1853 1727 nec

193 1760 396 1826 posset
417 1773 449 1810 a
473 1756 968 1827 Jamaiccnsibus,
987 1762 1141 1831 apud
1170 1778 1317 1832 quos
1339 1762 1545 1817 classis
1570 1762 1850 1832 Hispana,

190 1846 287 1935 cui
338 1852 600 1916 praeerat,
654 1848 976 1920 appulerat,
1017 1851 1072 1903 vi
1124 1856 1177 1905 et
1232 1851 1500 1922 precibus
1560 1851 1838 1906 auxilium
1874 1870 1922 1935 Β

187 1933 528 2006 impetrare,
558 1954 701 1992 usus
742 1944 833 1993 est
880 1939 1126 1995 scientia
1175 1942 1453 2012 proximas
1493 1940 1749 2012 eclipsis.
1784 1946 1843 1995 et

189 2022 459 2079 barbaris
508 2026 639 2095 ejus
688 2027 910 2097 ignaris
958 2034 1177 2099 pestem
1228 2030 1689 2101 impendentem,
1728 2030 1840 2085 nisi

188 2128 361 2183 opem
391 2114 628 2181 ferrent,
663 2120 924 2171 minatus
974 2118 1127 2173 diem
1162 2122 1218 2173 et
1249 2119 1452 2174 horam
1501 2119 1843 2175 defectionis

190 2202 347 2258 lunai
377 2205 718 2276 edixit,quo
761 2206 847 2261 illi
894 2208 1155 2278 prodigio
1199 2210 1450 2281 perculsi
1499 2215 1556 2265 et
1606 2210 1845 2282 gravius

190 2291 413 2364 aliquid
436 2299 764 2350 metuentes
785 2297 854 2351 ad
882 2297 1230 2353 Columbam
1256 2300 1421 2369 quasi
1447 2316 1556 2355 sua
1578 2300 1848 2355 inhuma-

191 2381 372 2438 nitate
426 2383 715 2439 ot'fensum
761 2386 993 2456 copioso
1037 2388 1308 2443 instructi
1341 2394 1670 2445 commeatu
1704 2406 1846 2460 sup-

193 2470 378 2542 plices
397 2478 703 2540 venerunt,
730 2478 789 2529 et
812 2476 1040 2531 veniam
1075 2475 1302 2533 facilius
1326 2495 1502 2550 quam
1531 2479 1849 2550 sperabant

190 2576 300 2615 sua
330 2559 680 2617 liberalitate
714 2563 1125 2635 impetrarunt.

262 2659 345 2729 [P.
375 2660 527 2731 506.]
561 2662 646 2716 Ita
688 2662 970 2719 Claudius
1020 2664 1355 2736 imperator,
1389 2671 1454 2721 ut
1503 2666 1679 2722 habet
1727 2667 1848 2730 Dio,

195 2744 234 2799 l.
262 2763 344 2814 v1,
373 2764 509 2803 cum
532 2756 829 2806 vereretur
850 2770 922 2807 ne
944 2752 1086 2808 solis
1113 2755 1359 2810 defectio
1392 2756 1589 2811 futura
1620 2755 1712 2810 die
1744 2773 1850 2811 suo

194 2834 384 2891 natali
415 2854 570 2893 anno
603 2839 833 2911 imperii
866 2842 1070 2913 quinto
1115 2846 1435 2899 tumultum
1471 2846 1658 2900 Rome
1688 2860 1851 2913 parc-

199 2929 290 2981 ret
333 2942 401 2981 ex
445 2927 775 2998 ignorantia
796 2936 852 2986 et
879 2934 1135 2989 novitate
1158 2935 1369 3003 juncta
1392 2952 1539 2989 vano
1573 2934 1763 2989 timori
1798 2939 1854 2988 et

188 3015 453 3086 opinioni
479 3017 659 3089 vulgi,
684 3021 839 3090 quod
886 3038 953 3077 ea
1010 3022 1180 3094 signa
1232 3029 1429 3079 essent
1489 3024 1853 3095 principibus

193 3104 482 3170 infausta,
516 3106 753 3177 publico
794 3110 983 3164 edicto
1015 3117 1221 3166 notum
1251 3112 1435 3167 voluit
1466 3117 1602 3167 ante
1633 3112 1857 3181 aliquot

197 3192 324 3248 dies
358 3193 687 3265 deliquium
740 3196 884 3253 illud
934 3199 1224 3266 futurum,
1253 3200 1497 3271 insuper
1535 3206 1591 3255 et
1643 3216 1850 3255 causas

198 3282 350 3352 ejus,
403 3285 793 3353 quantitatem
827 3296 879 3342 et
914 3289 1285 3345 durationem
1318 3290 1586 3359 exposuit
1617 3294 1736 3344 tam
1769 3288 1848 3344 di-

195 3372 410 3428 stincte
442 3379 501 3428 et
529 3374 1002 3447 intelligibiliter,
1038 3382 1100 3432 ut
1131 3395 1197 3433 eo
1230 3378 1353 3433 viso
1404 3396 1572 3434 nemo
1624 3379 1856 3433 timeret

195 3466 298 3516 aut
330 3462 678 3530 minaretur,
712 3481 916 3521 omnes
963 3467 1334 3539 imperatoris
1376 3469 1725 3540 sapientiam
1758 3485 1853 3523 ve-

196 3556 567 3607 nerarentnr.

270 3649 425 3705 XIV.
457 3650 713 3706 Tollitur
740 3657 1020 3723 preterea
1060 3654 1256 3711 inanis
1304 3655 1405 3710 illa
1449 3655 1663 3726 opinio,
1699 3657 1850 3727 quod

194 3736 447 3810 eclipses
476 3740 601 3795 orbi
658 3748 927 3806 noceant,
956 3744 1110 3814 quod
1146 3743 1361 3813 clades,
1390 3750 1583 3815 pestes
1614 3751 1669 3801 et
1700 3745 1853 3801 bella

194 3826 397 3899 regnis
429 3829 769 3900 importent,
801 3832 954 3899 quod
985 3832 1317 3888 vastitatem
1350 3840 1408 3888 et
1438 3836 1851 3891 subversiones

194 3914 582 3987 imperiorum
614 3934 679 3973 ac
712 3919 1013 3991 religionis
1046 3922 1133 3977 vel
1166 3922 1424 3978 efficiant
1454 3926 1539 3979 vel
1575 3941 1851 3995 praenun-

193 4003 361 4060 tient.
409 4006 703 4063 Damnum
758 4009 915 4064 enim
967 4011 1361 4084 quodcunque
1410 4017 1567 4068 creat
1613 4012 1851 4085 eclipsis

189 4092 248 4147 in
303 4094 535 4150 modica
579 4096 815 4165 jactura
863 4097 1014 4155 lucis
1045 4105 1103 4155 et
1133 4101 1376 4156 benefici
1427 4102 1685 4158 influxus
1734 4120 1846 4158 non

189 4182 501 4239 admotum
547 4185 827 4243 diuturna
857 4190 1145 4245 consistit.
1183 4190 1317 4246 Plus
1348 4207 1499 4263 saepe
1532 4192 1704 4247 unica
1736 4209 1850 4247 nox

188 4278 293 4327 aut
324 4273 453 4328 dies
484 4274 723 4345 pluvius
755 4280 977 4334 mundo
1018 4279 1168 4336 lucis
1213 4281 1412 4336 amicae
1461 4286 1519 4337 et
1566 4282 1848 4353 benigna-

192 4379 321 4416 rum
360 4362 809 4421 influentiarum
841 4368 1017 4439 eripit
1046 4387 1224 4440 quam
1257 4370 1504 4442 eclipses
1535 4372 1759 4440 decem,
1793 4377 1850 4428 et

188 4451 492 4522 sapienter
518 4453 680 4510 visus
736 4461 824 4510 est
873 4472 1045 4529 agere
1090 4460 1365 4527 Pericles,
1397 4462 1681 4516 referente
1714 4460 1846 4517 Plu-

188 4540 391 4595 tarcho
434 4541 494 4597 in
544 4544 674 4613 ejus
708 4546 848 4611 vita,
881 4547 978 4618 qui
1012 4549 1177 4604 navis
1210 4549 1602 4621 imperatoriae
1630 4551 1845 4623 guber-

1972 604 2031 654 ta
2059 610 2113 654 et
2143 600 2327 654 Thuc.
2364 598 2402 651 l.
2437 614 2535 652 vu.

2045 688 2292 742 Felicins
2367 687 2719 759 Agathocles
2787 692 2844 742 et
2922 686 3175 753 acutius,
3245 684 3385 738 dum
3463 683 3616 737 clas-

1971 792 2092 831 sem
2131 776 2186 830 in
2221 778 2467 831 Africam
2498 777 2786 847 trajiceret
2834 780 2889 829 ct
2935 774 3223 829 horrenda
3254 772 3394 825 solis
3425 773 3615 825 defec-

1969 865 2048 919 tio
2091 865 2493 932 intercederet,
2521 867 2646 919 suis
2682 870 2838 919 metu
2870 864 3132 928 deiectis,
3168 862 3247 915 nil
3283 862 3611 915 timendum

1969 971 2001 1007 a
2033 954 2297 1024 prodigio
2330 957 2631 1021 professus
2664 960 2752 1008 est
2784 953 2853 1007 iis
2886 953 2982 1024 qui
3010 954 3133 1021 jam
3183 953 3237 1004 in
3292 967 3466 1003 cursu
3518 966 3615 1003 es-

1967 1048 2098 1096 sent
2123 1060 2133 1095 :
2160 1044 2205 1097 si
2241 1043 2566 1114 deliquium
2601 1050 2913 1112 antequam
2943 1047 3107 1105 portu
3138 1040 3453 1093 solvissent
3474 1055 3614 1091 con-

1966 1131 2213 1201 tigisset,
2262 1132 2590 1186 timendum
2644 1135 2785 1185 forte
2827 1130 3029 1195 videri,
3082 1130 3180 1183 sed
3232 1128 3506 1182 euntibus
3556 1131 3613 1181 et

1967 1225 2245 1291 prcetcrea
2271 1222 2465 1275 minus
2492 1220 2801 1274 fortunatis
2827 1218 3039 1273 Siculis
3068 1216 3213 1271 nihil
3236 1216 3464 1271 adversi
3491 1231 3610 1269 me-

1964 1310 2288 1377 tuendum;
2322 1309 2395 1364 iis
2427 1314 2622 1365 autem
2655 1310 2725 1363 ad
2759 1325 2904 1379 quos
2932 1307 3143 1369 ibatur,
3178 1310 3233 1360 et
3264 1304 3610 1360 florentibus

1960 1398 2545 1469 Carthaginiensibus
2580 1398 2822 1451 fortunae
2858 1396 3267 1461 mutationem,
3301 1394 3346 1447 si
3381 1410 3497 1464 qua
3540 1410 3609 1448 ex

1962 1486 2177 1543 talibus
2234 1487 2420 1559 signis
2479 1487 2957 1559 portendebatur,
3012 1501 3139 1540 esse
3189 1484 3605 1554 pertimescen—

1960 1577 2119 1630 dam.

2033 1667 2157 1723 Non
2205 1671 2414 1722 nocent
2452 1666 2717 1737 eclipses.
2747 1665 2858 1721 nisi
2893 1665 3045 1735 quod
3082 1668 3328 1718 noceant
3357 1662 3606 1734 opinan-

1958 1755 2155 1823 tibus;
2210 1755 2351 1810 nihil
2386 1774 2453 1811 ex
2483 1774 2539 1811 se
2574 1755 2709 1810 mali
2761 1755 3017 1809 fundunt
3048 1752 3133 1807 sol
3161 1758 3215 1807 et
3243 1752 3380 1806 luna
3413 1752 3602 1822 magis

1958 1844 2017 1899 in
2041 1844 2510 1915 oppositionibus
2532 1852 2589 1899 ct
2613 1845 2853 1915 synodis
2886 1859 3061 1915 quam
3094 1849 3249 1896 extra
3282 1841 3431 1896 illas.
3457 1848 3602 1894 Con-

1958 1933 2078 1987 dita
2129 1938 2267 1987 sunt
2323 1933 2443 1987 haec
2503 1934 2695 1987 sidera
2727 1950 2758 1986 a
2791 1933 2941 1987 bono
2998 1930 3241 1985 Domino
3274 1935 3330 1984 et
3360 1934 3599 2000 parente

1951 2022 2206 2077 universi
2229 2022 2717 2089 clementissimo;
2742 2023 3145 2093 gubernantur
3164 2036 3341 2073 manu
3366 2019 3593 2088 sapien-

1950 2110 2184 2166 tissima
2214 2112 2284 2166 ad
2316 2111 2569 2167 filiorum
2603 2111 2908 2166 commoda
2930 2115 2986 2165 et
3007 2109 3279 2165 salutem.
3305 2108 3588 2163 Defectio-

1953 2217 2057 2256 nes
2089 2201 2324 2271 quando
2350 2201 2719 2272 contingunt,
2755 2198 3051 2254 naturales
3085 2203 3223 2253 sunt
3243 2202 3299 2252 et
3322 2196 3590 2251 innoxire.

1952 2294 2077 2343 Non
2104 2293 2296 2359 pestes
2324 2293 2627 2359 generant,
2660 2304 2773 2341 non
2826 2286 2976 2341 bella
3026 2285 3199 2353 cient,
3234 2301 3345 2338 non
3380 2288 3598 2337 mortes

1955 2378 2290 2451 principum
2322 2377 2698 2441 annuntiant,
2726 2393 2841 2431 non
2874 2379 3203 2447 temporum
3229 2372 3599 2429 calamitates

1956 2473 2058 2525 aut
2090 2484 2401 2540 regnorum
2432 2466 2843 2523 conversiones
2876 2460 3198 2519 minantur.

2027 2567 2113 2621 Ab
2144 2566 2271 2638 ipso
2306 2566 2511 2621 mundi
2552 2565 2786 2620 exordio
2838 2562 3107 2634 eclipses,
3141 2566 3206 2616 ut
3232 2563 3404 2616 modo
3437 2562 3603 2623 ﬁunt.

1960 2657 2278 2726 eademque
2309 2655 2435 2725 lege
2479 2661 2535 2711 et
2584 2653 2787 2709 ordine
2819 2657 2875 2707 et
2906 2669 3148 2707 numero
3183 2650 3435 2717 flebant;
3467 2654 3524 2704 et
3555 2648 3604 2703 si

1961 2744 2203 2816 Keplero
2233 2746 2511 2809 creditur,
2542 2744 2626 2799 sol
2660 2744 2784 2815 ipse
2835 2742 2964 2797 fons
3012 2740 3161 2795 lucis
3211 2745 3265 2794 et
3314 2741 3601 2794 bonorum

1962 2835 2248 2901 omnium,
2284 2833 2486 2887 mundi
2538 2834 2742 2887 oculus
2774 2832 3091 2895 beneficus,
3126 2830 3397 2884 conditus
3425 2828 3603 2882 estin

1960 2924 2163 2994 eclipsi
2223 2924 2488 2991 subjecta
2538 2921 2678 2976 luna
2710 2922 2767 2975 in
2804 2920 2989 2992 primo
3049 2920 3229 2990 gradu
3287 2918 3513 2981 Cancri,
3546 2918 3605 2971 in

1962 3012 2162 3067 aestivo
2185 3011 2435 3067 solstitio
2459 3010 2660 3065 multis
2680 3010 2877 3064 Africa:
2900 3010 3237 3079 regionibus
3260 3007 3401 3061 solis
3435 3024 3608 3077 aspe-

1962 3108 2121 3157 ctum
2154 3101 2508 3171 impediente
2535 3117 2546 3153 :
2571 3100 2705 3170 quis
2740 3100 2820 3153 ita
2851 3100 3111 3153 sentiens
3142 3098 3339 3151 credat
3360 3096 3609 3166 eclipses

1964 3189 2186 3254 noxias,
2208 3195 2264 3244 et
2284 3189 2466 3244 solem
2492 3190 2687 3260 ipsum
2708 3188 2767 3242 in
2793 3193 2958 3243 tanta
2988 3186 3078 3241 sui
3103 3192 3159 3241 et
3182 3187 3386 3240 mundi
3412 3185 3608 3239 infeli-

1964 3279 2135 3334 citate
2166 3279 2237 3333 ab
2270 3278 2487 3349 optimo
2521 3282 2759 3349 parente
2791 3278 2906 3333 Deo
2936 3279 3192 3331 creatum
3214 3275 3241 3329 ?

2031 3376 2145 3431 XV.
2175 3377 2336 3432 Certe
2365 3386 2495 3431 ante
2537 3376 2688 3431 bella
2731 3381 2786 3430 et
2832 3382 3022 3447 pestes
3074 3375 3291 3428 fiebant
3338 3372 3607 3442 eclipses,

1961 3470 2095 3521 ante
2110 3482 2274 3537 reges
2290 3470 2476 3533 natos,
2494 3469 2626 3520 ante
2654 3463 3081 3536 provinciarum
3107 3467 3163 3516 et
3189 3477 3502 3533 regnorum
3527 3460 3612 3513 di-

1958 3555 2241 3610 visionem
2268 3555 2325 3609 in
2350 3554 2450 3609 illa
2480 3554 3052 3609 antediluvianorum
3088 3551 3474 3622 longaevitate,
3509 3566 3610 3620 pa—

1958 3661 2021 3700 ce
2043 3649 2100 3699 et
2121 3646 2370 3700 sanitate
2390 3649 2509 3698 tam
2540 3645 2822 3698 diuturna
2852 3642 3100 3713 eclipses
3133 3642 3369 3706 fiebant,
3393 3644 3449 3694 et
3470 3644 3612 3694 tunc

1959 3738 2127 3789 erant
2174 3734 2538 3789 innocentes.
2577 3733 2737 3787 Unde
2768 3737 2825 3787 et
2856 3732 3091 3803 quando
3129 3730 3309 3784 noxiae
3336 3744 3460 3784 esse
3493 3746 3606 3783 cm-

1959 3823 2219 3895 perunt?
2252 3824 2405 3878 unde
2438 3822 2730 3895 malignos
2762 3822 3041 3891 influxus,
3075 3836 3223 3892 quos
3254 3824 3459 3891 postea
3486 3824 3605 3873 tam

1956 3913 2291 3985 frequentes
2318 3913 2615 3981 afflarunt,
2650 3911 2967 3983 accepere?

2026 4012 2222 4067 Prima
2250 4011 2539 4080 omnium,
2574 4028 2699 4083 quae
2731 4011 2790 4065 in
2820 4014 3017 4064 Graeca
3047 4007 3295 4063 historia
3326 4007 3612 4062 describi-

1954 4107 2051 4158 tur
2098 4101 2333 4173 eclipsis
2383 4101 2547 4163 solis,
2582 4104 2819 4156 narrata
2847 4100 2917 4155 ab
2949 4099 3221 4153 Herodot.
3257 4097 3295 4154 1.
3330 4097 3372 4166 I,
3408 4096 3609 4153 Medos

1954 4196 2011 4248 et
2041 4192 2229 4264 Lydos
2262 4196 2592 4263 pugnantes
2637 4190 2859 4245 invenit
2887 4193 2944 4244 et
2972 4188 3323 4244 conciliavit.
3356 4186 3610 4243 Alexan-

1955 4284 2059 4338 dro
2094 4282 2455 4338 faustissima
2478 4282 2589 4336 fuit
2609 4281 2847 4351 eclipsis
2878 4279 3053 4348 lunae,
3078 4296 3203 4349 qua:
3226 4284 3359 4333 ante
3383 4282 3609 4348 postre-

1957 4389 2113 4427 mam
2146 4374 2272 4442 ejus
2304 4373 2375 4427 de
2407 4370 2580 4426 Dario
2612 4371 2913 4427 victoriam
2939 4369 3201 4440 contigit.
3234 4366 3457 4421 Profuit
3485 4366 3606 4420 Οερ-

1956 4462 2069 4517 sari
2107 4462 2248 4517 solis
2294 4461 2397 4516 illa
2446 4479 2571 4532 quo:
2621 4461 2675 4513 in
2728 4459 2977 4515 transitu
3006 4456 3344 4525 Rubiconis,
3378 4455 3504 4510 alea
3533 4456 3605 4509 de

1954 4551 2204 4623 imperio
2254 4550 2558 4606 retinendo
2602 4550 2785 4621 jacta,
2810 4549 2962 4603 facta
2992 4550 3100 4613 est,
3131 4547 3195 4618 [P
3223 4545 3349 4617 507]
3384 4547 3454 4599 de
3486 4560 3604 4615 qua

192 4636 461 4686 natorem
514 4632 719 4704 eclipsi
761 4634 905 4691 solis
952 4638 1246 4705 territum,
1280 4619 1339 4694 in
1373 4640 1566 4696 medio
1595 4619 1846 4696 victoriae
1878 4619 1926 4681 ί)
1955 4619 2061 4696 Dio
2093 4640 2130 4695 l.
2165 4658 2239 4706 ιν,
2273 4641 2495 4696 Profuit
2526 4643 2583 4695 et
2607 4619 2711 4694 illa
2742 4656 2867 4710 quae
2898 4636 3293 4692 Pharsalicam
3341 4650 3599 4706 pugnam

188 4734 369 4773 cursu
405 4736 602 4777 moras
635 4723 988 4793 trahentem,
1023 4727 1329 4799 chlamyde
1378 4728 1638 4793 involvit,
1670 4734 1723 4784 et
1756 4729 1843 4783 in-

185 4809 513 4880 terrogavit
542 4829 617 4866 an
653 4815 794 4884 quid
819 4831 887 4870 ex
916 4832 983 4871 eo
1012 4817 1301 4873 velamine
1334 4818 1579 4873 sentiret
1618 4818 1843 4875 incom-

189 4898 371 4963 modi,
426 4916 611 4971 eoque
672 4909 922 4974 negante
982 4905 1167 4961 ullum
1211 4924 1273 4962 se
1323 4909 1601 4975 sensisse,
1645 4908 1847 4963 docuit

186 4986 418 5042 nullum
447 4991 639 5059 majus
663 5008 697 5046 a
717 4991 837 5047 sole
869 5011 970 5064 per
1000 4994 1201 5051 lunam
1235 4996 1641 5068 interpositam
1660 4996 1844 5053 velato

183 5078 521 5133 timendum
556 5096 706 5150 esse,
741 5088 799 5138 et
833 5085 1006 5153 paulo
1064 5087 1299 5158 quidem
1348 5088 1543 5157 majus
1574 5104 1703 5143 esse
1728 5104 1843 5143 ccc-

182 5165 305 5221 lum
350 5169 401 5222 ei
453 5169 859 5229 diuturniores
892 5174 1011 5230 fore
1044 5178 1338 5244 tenebras,
1373 5178 1474 5233 sed
1506 5178 1689 5234 solem
1729 5195 1844 5233 non

186 5258 383 5312 multo
437 5264 570 5326 post
616 5278 725 5317 suo
787 5264 1086 5334 splendori
1136 5268 1265 5321 sine
1312 5266 1425 5322 alio
1474 5267 1847 5323 incommodo

184 5346 489 5402 redditum
550 5349 663 5419 iri;
728 5354 885 5422 quod
946 5370 1081 5409 cum
1128 5357 1347 5411 factum
1397 5360 1574 5421 esset,
1607 5373 1844 5414 cursum

183 5433 396 5491 classis
434 5436 662 5494 felicem
695 5446 868 5497 nacta
898 5448 1010 5498 est.

253 5532 381 5590 Non
436 5536 511 5591 ita
558 5538 758 5596 Nicias
791 5546 893 5597 aut
921 5542 1132 5600 doctus
1162 5548 1263 5601 aut
1293 5544 1451 5612 felix,
1485 5547 1585 5619 qui
1618 5546 1705 5602 vel
1737 5546 1846 5602 im-

178 5624 394 5697 peritia
425 5626 511 5681 vel
540 5631 967 5701 superstitione
1008 5633 1081 5690 ah
1128 5634 1333 5706 eclipsi
1383 5634 1534 5691 luna:
1585 5637 1845 5706 territus,

176 5712 402 5771 veritus
453 5715 703 5775 classem
753 5725 919 5791 portu
976 5724 1244 5791 educere,
1284 5726 1426 5781 717
1465 5728 1575 5781 sibi
1606 5730 1851 5799 suisque

1955 4730 2289 4802 praecessit;
2323 4746 2446 4798 quae
2471 4730 2519 4784 si
2542 4728 2816 4799 Pompeio
2848 4728 3081 4782 funesta
3110 4725 3343 4792 dicitur,
3359 4740 3463 4779 cur
3484 4739 3596 4778 non

1954 4836 2117 4890 aeque
2148 4820 2353 4875 Caesari
2383 4821 2682 4875 fortunata
2712 4818 2957 4873 dicenda
2986 4815 3122 4871 est?

2026 4918 2151 4973 Non
2200 4918 2413 4973 occidit
2462 4921 2791 4989 Augustum
2824 4914 3060 4986 eclipsis
3092 4914 3266 4981 luam,
3298 4930 3424 4983 quae
3459 4929 3601 4982 qua.

1957 5007 2230 5080 draginta
2246 5013 2378 5081 post
2395 5009 2521 5079 ejus
2542 5016 2787 5065 mortem
2812 5008 3020 5062 diebus
3043 5005 3167 5061 visa
3194 5009 3309 5071 est;
3337 5005 3453 5058 imo
3477 5004 3605 5073 ejus

1957 5098 2265 5153 occasione
2314 5099 2541 5154 Drusus
2590 5097 2938 5153 rebellantes
2973 5096 3029 5150 in
3062 5095 3365 5149 Pannonia
3395 5092 3607 5147 Roma-

1959 5204 2067 5244 nas
2128 5188 2382 5259 legiones
2417 5190 2486 5243 ad
2524 5188 2697 5243 fidem
2727 5192 2782 5242 et
2814 5184 3164 5257 obsequium
3199 5182 3512 5239 revocavit.
3546 5182 3611 5235 Et

1959 5279 2011 5333 si
2044 5278 2177 5349 quis
2210 5279 2508 5334 advertere
2536 5278 2697 5346 velit,
2730 5278 2929 5350 plures
2962 5277 3107 5331 forte
3140 5292 3273 5329 cum
3302 5274 3612 5329 eventibus

1958 5369 2275 5424 fortunatis
2332 5386 2507 5439 quam
2538 5386 2668 5424 cum
2701 5368 2960 5423 sinistris
2990 5366 3237 5437 eclipses
3268 5364 3613 5433 conjunctae

1958 5458 2312 5515 numerabit.

2034 5549 2095 5602 In
2132 5547 2261 5604 fatis
2295 5549 2524 5604 Romuli
2560 5550 2856 5622 prosperis
2896 5552 2953 5605 et
3001 5546 3173 5603 Urbis
3204 5544 3476 5601 felicitate
3508 5557 3609 5613 po-

1959 5637 2085 5693 sita:
2119 5642 2257 5694 sunt
2296 5638 2542 5711 eclipses
2575 5642 2701 5695 dum
2736 5640 2977 5702 solares,
3011 5639 3067 5692 in
3102 5638 3385 5706 conceptu
3446 5632 3607 5686 illius

1961 5746 2097 5798 una,
2133 5729 2189 5783 in
2239 5729 2416 5800 hujus
2472 5731 2870 5785 fundamentis
2901 5729 3051 5783 718
3083 5727 3263 5781 altera
3294 5723 3380 5777 vol
3417 5724 3604 5776 invec-
