4248 6438
638 346 781 400 1175

1670 363 1730 412 Ρ.
1776 363 2048 417 POSSINI
2087 365 2699 421 OBSERVATIONUM
2739 372 2870 422 LIB.
2914 375 3013 426 III.

3911 379 4054 434 1176

640 472 713 522 tze
743 469 831 524 vel
865 471 1118 525 afﬂictae.
1148 477 1223 526 Ita
1257 476 1528 531 videlicet
1559 481 1898 538 innocentes
1931 485 2210 555 ccclipses
2239 490 2294 540 et
2321 489 2376 552 Α
2484 490 2630 543 719
2665 494 2743 544 Ex
2771 492 2948 547 dictis
3010 494 3358 562 intelligitur
3414 514 3543 568 quae
3603 500 3749 555 ﬁdes
3779 501 4060 559 habenda

647 558 1057 612 inditferentes
1095 560 1368 617 habitata:
1419 575 1578 636 sunt,
1631 577 1694 623 ut
1742 572 1874 626 aliis
1905 574 2131 640 faustae,
2167 574 2298 629 aliis

657 647 841 700 noxiae
877 655 931 700 et
963 648 1252 704 malorum
1285 660 1630 723 praenuntiae
1662 660 2036 728 viderentur;
2087 665 2167 717 ita
2198 680 2297 718 eas

655 735 904 807 quisque
938 738 1005 791 ad
1043 755 1149 792 sua
1179 745 1309 795 vota
1341 748 1644 802 convertit.

727 858 926 913 Multae
987 859 1366 919 luminarium
1413 868 1766 928 defectiones
1825 879 2109 928 annotataa
2160 880 2301 930 sunt

661 949 951 1003 mortibus
995 949 1436 1020 imperatorum,
1485 958 1681 1028 plures
1715 967 1844 1031 post
1876 968 2119 1018 mortem
2155 969 2212 1018 et
2239 965 2297 1018 in

656 1037 909 1091 exordiis
971 1039 1160 1093 notari
1222 1047 1581 1114 potuerunt;
1617 1049 1818 1104 multae
1879 1057 2304 1121 praecesserunt

655 1125 852 1180 clades
885 1142 1225 1197 regnorum,
1260 1133 1569 1190 vasistates
1602 1138 1974 1209 populorum,
2011 1140 2300 1195 bellorum

657 1217 714 1268 et
746 1216 1084 1270 morborum
1149 1221 1488 1290 perniciem,
1524 1225 1719 1294 plures
1764 1235 2084 1283 consecutae
2117 1237 2256 1284 sunt
2287 1246 2300 1283 :

656 1308 835 1374 atque
870 1309 933 1357 ut
963 1315 1391 1376 consequentes
1432 1328 1622 1368 causa:
1655 1333 1769 1370 non
1803 1318 2080 1371 dicantur
2119 1319 2303 1373 bono-

657 1408 787 1446 rum
824 1409 948 1464 quee
982 1395 1200 1450 ﬁnibus
1254 1398 1541 1455 malorum
1597 1421 1824 1460 annexa
1855 1413 2015 1471 sunt,
2073 1407 2149 1461 ita
2201 1424 2306 1462 nec

653 1483 1049 1551 prazcedentes
1084 1484 1285 1540 haberi
1310 1488 1524 1544 debent
1552 1491 1736 1548 fontes
1763 1494 2054 1549 malorum
2093 1497 2175 1550 vel
2214 1496 2304 1549 in-

654 1570 833 1636 dices,
880 1571 928 1625 si
962 1590 1088 1642 qum
1114 1590 1246 1628 cum
1282 1575 1400 1632 illis
1449 1588 1824 1636 concurrant.
1860 1585 2029 1639 Medii
2065 1592 2201 1639 sunt
2244 1586 2304 1640 hi

651 1659 1038 1714 luminarium
1071 1663 1331 1719 defectus
1364 1666 1517 1722 inter
1541 1671 1691 1724 bona
1712 1677 1768 1725 et
1799 1673 1951 1727 mala
1978 1691 2168 1727 rerum
2197 1675 2301 1728 bu-

653 1765 1003 1815 inanarum;
1041 1751 1234 1806 nullos
1270 1754 1325 1806 io
1361 1770 1459 1809 eas
1503 1757 1761 1814 inﬁuxus
1790 1761 2049 1824 habent:
2085 1779 2305 1816 conne-

2401 576 2480 629 sit
2509 578 2938 648 astrologorum
2983 584 3139 649 genti
3184 585 3338 639 circa
3391 588 3700 657 eclipsium
3751 590 4056 647 diritatem

2404 668 2460 719 et
2489 666 2806 722 eﬁ'ectuum
2840 686 2905 723 ex
2947 672 3017 725 iis
3055 675 3542 743 consequentium
3596 678 4055 748 malignitatem.

2402 759 2548 808 Sunt
2579 756 2679 826 qui
2713 758 3006 815 maleﬁcae
3035 778 3237 816 earum
3271 764 3421 819 vires
3452 766 3765 835 provinciis
3797 773 3853 823 et
3883 771 4053 824 urbi-

2405 844 2514 898 bus
2575 847 2907 916 specialiter
2964 852 3290 919 ascribunt,
3349 859 3408 908 et
3461 856 3767 911 duodecim
3825 859 4054 914 zodiaci

2406 934 2592 1004 signis
2644 936 2700 990 in
2754 944 3006 1008 quatuor
3053 943 3408 1011 quadrantes
3460 945 3793 1001 distributis
3845 965 4059 1003 nocere

2405 1024 2616 1077 volunt
2636 1025 2882 1095 eclipses
2912 1028 2983 1082 iis
3019 1031 3310 1101 praecipue
3342 1033 3547 1087 mundi
3591 1037 3876 1104 partibus,
3925 1054 4058 1108 quas

2408 1114 2686 1183 subjectae
2735 1123 2874 1170 sunt
2903 1117 3073 1188 signo
3105 1121 3277 1189 cujus
3310 1121 3369 1175 in
3400 1123 3635 1192 regione
3664 1123 3900 1196 eclipsis
3933 1127 4060 1195 ﬁat,

2407 1209 2464 1257 et
2492 1205 2806 1260 etl'ectuum
2833 1209 2971 1262 vitia
2996 1226 3098 1279 pro
3130 1211 3365 1280 eclipsis
3389 1213 3793 1284 magnitudine
3824 1216 3897 1270 ad
3927 1216 4062 1286 plu-

2410 1307 2502 1344 res
2534 1308 2767 1348 menses
2793 1299 2970 1364 atque
3001 1296 3178 1350 etiam
3210 1313 3397 1352 annos
3424 1301 3763 1354 extendunt.

2481 1388 2631 1442 Sunt
2687 1391 2784 1459 qui
2841 1391 2898 1444 in
2959 1392 3278 1462 eclipsibus
3341 1395 3626 1450 rationem
3681 1397 4062 1468 planetarum

2410 1478 2766 1548 praecipuam
2805 1478 3000 1533 haberi
3030 1480 3257 1546 volunt,
3293 1488 3349 1536 et
3382 1483 3452 1538 iis
3512 1485 3765 1540 maxime
3790 1485 4071 1553 homini-

2409 1565 2521 1618 bus
2555 1566 2743 1620 labem
2778 1568 3100 1622 timendam
3136 1570 3452 1639 afﬁrmant,
3489 1589 3741 1643 quorum
3791 1575 3849 1628 in
3885 1577 4065 1629 horo-

2410 1670 2584 1724 scopo
2637 1656 2719 1726 [P.
2770 1657 2897 1726 508]
2946 1658 3121 1712 iidem
3155 1660 3256 1728 qui
3309 1660 3630 1731 eclipsibus
3673 1662 4067 1718 dominantur

2409 1742 2676 1812 planetae,
2699 1746 3022 1815 praesertim
3055 1747 3103 1800 si
3137 1748 3508 1818 malignioris
3543 1757 3765 1804 natur-te
3795 1756 3964 1817 sunt,
3999 1759 4068 1805 ut

653 1842 896 1891 ctuntur
943 1839 1180 1908 quidem
1215 1858 1349 1897 cum
1382 1843 1521 1912 illis,
1557 1851 1656 1902 sed
1691 1866 1856 1920 casu,
1889 1868 2003 1905 non
2037 1852 2295 1907 efticien-
2329 1848 2377 1912 B
2412 1831 2567 1886 Mars
2599 1837 2655 1886 et
2686 1837 2998 1904 Sal-""1113,
3045 1840 3102 1889 et
3153 1853 3186 1889 3-
3233 1836 3396 1906 δονεῖν
3427 1837 3649 1894 Venere
3680 1845 3736 1894 ει
3767 1839 4065 1895 Mercurio

656 1925 757 1992 tia,
795 1942 955 1981 mera
985 1929 1409 2002 contingentia,
1442 1951 1557 1989 non
1593 1938 1963 1995 necessitate.

736 2053 1088 2108 Necessaria:
1112 2061 1253 2110 sunt
1273 2073 1479 2113 omnes
1505 2060 1786 2133 ccclipses
1817 2063 1961 2119 solis
1983 2071 2038 2119 et
2063 2067 2233 2132 lunae,
2258 2072 2315 2120 et

669 2142 1016 2198 necessariis
1037 2143 1360 2202 intervallis
1382 2148 1695 2219 distinctae,
1729 2154 2010 2208 ordinatae
2035 2155 2188 2209 inter
2218 2172 2313 2210 se-

669 2249 749 2300 se,
779 2236 836 2287 et
865 2233 944 2286 ita
976 2234 1412 2304 quodammodo
1434 2244 1822 2295 concatenata:
1859 2247 1921 2296 ut
1952 2243 2069 2298 sint
2100 2243 2313 2298 infalli-

671 2322 819 2378 biles
850 2328 905 2377 et
937 2323 1302 2381 inevitabiles
1331 2329 1605 2394 ;humani
1635 2337 1829 2386 autem
1870 2349 2064 2402 casus,
2097 2339 2315 2404 pestes,

673 2412 848 2480 bella,
881 2418 1098 2470 mortes
1131 2416 1462 2488 principum
1511 2421 1679 2489 plane
1730 2423 2098 2494 contigentes
2139 2429 2195 2478 et
2226 2439 2318 2478 so-

672 2502 809 2557 lutze
839 2503 1135 2559 cohaerent
1157 2507 1559 2564 accidentibus
1582 2519 1638 2564 et
1664 2512 2152 2581 circumstantiis,
2190 2529 2316 2584 quae

675 2599 741 2646 ut
770 2608 838 2646 ex
864 2591 1173 2673 hominum
1206 2593 1390 2651 libera
1420 2597 1716 2653 voluntate
1749 2606 1806 2654 et
1836 2601 2077 2656 fortuito
2115 2619 2319 2657 causa-

674 2699 806 2737 rum
839 2699 1130 2738 concursu
1183 2687 1440 2757 pendent
1488 2689 1568 2743 ita
1625 2691 1936 2746 mutationi
1967 2698 2105 2747 sunt
2135 2694 2321 2748 obno-

672 2772 801 2837 xia,
835 2778 892 2827 et
925 2774 1208 2828 anteverti
1242 2776 1326 2831 vel
1361 2776 1635 2848 impediri
1661 2785 1930 2850 possunt.
1965 2782 2150 2845 Quam
2185 2798 2323 2853 ergo

673 2862 1067 2932 incongruum
1098 2867 1155 2918 et
1185 2864 1522 2921 irrationale
1581 2868 1768 2923 facere
1819 2887 1911 2925 res
1961 2872 2323 2927 necessarias

675 2957 732 3006 et
763 2951 1162 3008 immutabiles
1211 2971 1423 3011 causas
1471 2957 1785 3014 affectuum
1822 2962 2237 3032 contigentium
2271 2967 2328 3018 et

677 3041 1103 3097 mutabilium?

743 3156 880 3212 XVI.
905 3157 1046 3212 Tam
1078 3158 1246 3214 facile
1267 3160 1381 3216 dici
1407 3166 1606 3232 posset
1629 3168 1825 3219 ortum
1861 3164 2003 3221 solis
2029 3171 2130 3221 aut
2159 3183 2326 3222 occa-

675 3262 810 3301 sum
833 3246 984 3300 lunae
1007 3262 1245 3302 causam
1269 3265 1397 3304 esse
1419 3250 1755 3321 jurgiorum
1779 3258 1835 3308 et
1855 3257 2322 3327 contentionum,

678 3352 803 3406 qua:
849 3335 934 3390 vel
959 3335 1220 3392 interdiu
1251 3337 1340 3393 vel
1370 3345 1545 3394 noctu
1573 3343 1947 3414 contingunt,
1981 3361 2158 3415 quam
2185 3345 2322 3400 ecli-

677 3442 811 3496 pses
870 3426 1210 3481 morborum
1273 3433 1331 3482 et
1387 3429 1816 3501 calamitatum,
1849 3450 1977 3503 qua;
2011 3441 2146 3505 post
2191 3435 2325 3490 illas

676 3515 845 3569 ﬁunt.
869 3514 1043 3570 Certe
1065 3515 1434 3587 aequinoctiis
1467 3524 1522 3572 et
1556 3519 1849 3585 solstitiis,
1877 3539 2002 3592 quae
2027 3528 2236 3594 quater
2264 3524 2323 3579 in

675 3620 831 3659 anno
855 3605 980 3675 lege
1004 3609 1161 3659 certa
1186 3605 1336 3660 ﬁunt
1367 3607 1418 3660 ei
1447 3611 1780 3679 temporum
1811 3610 1962 3666 vices
2001 3629 2111 3667 sua
2141 3613 2324 3668 diver-

674 3694 845 3748 sitate
875 3694 1129 3748 formant
1150 3700 1204 3749 et
1230 3695 1628 3766 distinguunt,
1674 3715 1853 3755 causa
1882 3706 2081 3770 posset
2110 3703 2324 3758 ascribi

674 3799 778 3838 cur
828 3789 1020 3854 pestes
1052 3789 1109 3838 et
1139 3783 1312 3855 bella,
1347 3801 1452 3840 cur
1483 3787 1680 3842 clades
1714 3805 2029 3861 regnorum
2063 3800 2118 3846 et
2166 3793 2326 3846 sedi-

673 3873 863 3927 tiones
887 3871 1238 3942 populorum
1262 3874 1552 3930 eveniant.
1574 3876 1715 3931 Tam
1740 3877 2081 3934 innocentes
2104 3881 2325 3936 haben-

673 3962 759 4017 dae
791 3969 929 4016 sunt
962 3962 1411 4029 conjunctiones
1443 3963 1586 4019 solis
1617 3970 1672 4019 et
1707 3965 1860 4021 lunae
1893 3969 2326 4025 defectionibus

670 4050 953 4120 obnoxiae,
987 4066 1162 4121 quam
1196 4068 1328 4122 quae
1358 4057 1495 4106 sunt
1524 4053 1594 4108 ab
1643 4055 1727 4110 eis
1760 4056 2078 4113 immunes.
2116 4059 2327 4114 Omnia

671 4139 910 4210 quidem
936 4138 1264 4209 plenilunia
1290 4146 1345 4195 et
1369 4141 1670 4198 novilunia
1693 4161 1939 4215 magnas
1960 4148 2244 4203 invehunt
2267 4149 2322 4204 in

674 4229 876 4282 orbem
911 4229 1295 4294 mutationes,
1355 4231 1457 4284 sed
1509 4234 1875 4288 necessarias
1905 4244 1960 4290 et
1991 4236 2063 4290 ad
2097 4235 2324 4292 felicem

671 4317 879 4372 mundi
909 4321 1136 4372 statum
1191 4319 1489 4389 sapienter
1518 4337 1552 4374 a
1582 4320 1698 4376 Deo
1728 4324 2017 4378 ordinata.
2053 4324 2184 4392 Ver,
2219 4343 2326 4381 aes-

673 4413 786 4476 tas,
819 4411 1166 4475 autumnus,
1198 4406 1388 4464 hiems
1410 4424 1478 4464 ex
1499 4411 1642 4466 solis
1664 4418 1720 4466 et
1741 4411 1892 4467 luna
1916 4413 2161 4470 diversis
2188 4432 2326 4470 con-

672 4497 1046 4552 versionibus
1075 4497 1369 4569 oriuntur,
1416 4505 1474 4554 et
1519 4499 1590 4554 iis
1631 4503 1979 4557 necessariis
2012 4505 2081 4559 ad
2111 4509 2326 4576 tempo-

666 4604 799 4642 rum
851 4587 1333 4643 commoditatem
1362 4593 1419 4643 et
1449 4589 1762 4645 hominum
1798 4591 2163 4661 felicitatem,
2195 4612 2321 4665 quae
2353 4589 2400 4653 D

664 4693 899 4748 semper
927 4677 1128 4731 eadem
1185 4676 1334 4748 lege,
1387 4694 1562 4748 quam
1612 4680 1776 4736 initio
1830 4698 2024 4737 rerum
2055 4684 2322 4739 conditor

663 4767 992 4831 constituit,
1020 4782 1262 4820 cursum
1298 4771 1616 4822 tenuerunt
1646 4774 1704 4823 et
1735 4771 2038 4826 tenebunt.
2066 4774 2208 4837 Quis
2225 4790 2319 4828 sa-

662 4858 831 4928 piens
865 4855 935 4910 iis
958 4855 1216 4911 ascribat
1247 4855 1599 4912 saeculorum
1622 4858 1986 4915 calamitates
2008 4861 2034 4915 ?
2065 4863 2198 4933 quis
2219 4879 2322 4918 eo-

663 4963 797 5002 rum
831 4945 1265 5017 malignitatem
1324 4945 1384 5000 in
1446 4947 1691 5003 adversa
1740 4965 2054 5020 regnorum
2085 4952 2323 5010 fortuna

665 5039 950 5090 accusat?
1005 5033 1140 5105 quis
1197 5033 1570 5105 proditionis,
1607 5037 1742 5108 quis
1796 5036 1948 5096 laesae
1991 5042 2319 5112 majestatis

665 5125 1074 5182 condemnat?

735 5244 1101 5299 Excusentur
1131 5241 1316 5313 igitur
1345 5243 1553 5314 synodi
1589 5245 1972 5303 luminiarum
2013 5247 2319 5320 eclipticae,

663 5351 793 5405 quae
827 5349 942 5387 non
979 5332 1180 5386 minus
1210 5332 1556 5386 necessariae
1609 5351 1796 5405 neque
1850 5336 2047 5391 minus
2107 5340 2175 5393 ad
2215 5340 2318 5394 bo-

663 5440 808 5479 num
869 5422 1129 5477 universi
1189 5438 1222 5475 a
1279 5421 1397 5476 Deo
1455 5424 2193 5482 ordinataeAbsolvantur
2246 5432 2318 5486 ab

659 5514 939 5585 Opinione
972 5511 1401 5580 maleﬁcentiaa,
1449 5528 1567 5583 qua
1617 5531 1730 5570 non
1767 5516 1900 5585 plus
1930 5516 2319 5588 malignitatis

658 5604 900 5668 habent,
937 5618 1060 5670 quae
1110 5617 1224 5654 non
1271 5600 1404 5669 plus
1455 5603 1666 5657 virium
1701 5605 1771 5659 ad
1811 5607 2193 5662 mutationem
2232 5625 2320 5664 ae-

660 5695 740 5748 ris
775 5699 827 5748 et
865 5693 1184 5748 humerum
1221 5691 1439 5745 sertitaa
1477 5699 1633 5746 sunt.

2419 1920 2504 1974 vis
2536 1938 2735 1976 eorum
2771 1922 3054 1978 maleﬁcia
3089 1942 3200 1979 non
3234 1926 3609 1998 refringatur.

2490 2021 2634 2073 Sunt
2666 2021 2766 2091 qui
2827 2038 2927 2091 pro
2989 2023 3165 2079 variis
3223 2025 3540 2080 domnibus
3583 2025 3946 2091 cmlestibus,
4008 2027 4070 2080 in

2423 2108 2640 2179 quibus
2672 2109 2918 2180 eclipses
2954 2112 3121 2180 ﬁunt,
3155 2113 3534 2185 distinguunt
3565 2115 3853 2170 malorum
3909 2116 4076 2170 varia

2429 2214 2641 2268 genera
2672 2215 3081 2269 personarum,
3115 2203 3334 2272 quibus
3391 2218 3459 2257 ea
3517 2205 3672 2258 mala
3703 2205 4076 2274 impendent.
4107 2270 4111 2272 _

2425 2289 2488 2341 In
2523 2303 2677 2342 nona
2709 2289 2880 2342 domo
2912 2290 3410 2360 signiﬁcationem
3462 2293 3819 2348 seditionum
3852 2299 3907 2348 et
3943 2311 4080 2348 mu-

2425 2376 2677 2431 tationes
2710 2376 3059 2449 religionum
3094 2381 3218 2435 fieri
3253 2389 3558 2439 asserunt:
3594 2383 3651 2435 in
3676 2383 3885 2452 quinta
3907 2399 4084 2453 agro-

2429 2482 2557 2519 rum
2593 2465 2956 2534 sterilitates,
2989 2468 3170 2522 fames
3204 2475 3260 2523 et
3291 2475 3485 2541 pestes
3519 2472 3808 2541 portendi,
3865 2471 4084 2526 aulicis

2430 2555 2671 2608 fortunae
2704 2554 2980 2621 ludibria,
3006 2559 3446 2628 praegnantibus
3479 2560 3710 2614 feminis
3749 2565 3958 2630 partus
3988 2561 4087 2614 in-

2427 2641 2765 2698 felicitatem
2807 2645 3095 2712 nuntiari;
3130 2648 3187 2701 in
3237 2653 3448 2718 quarta
3504 2649 3678 2704 domo
3729 2649 3994 2704 Saturno
4028 2658 4088 2704 et

2431 2732 2616 2789 Marte
2647 2749 2781 2788 cum
2840 2735 3042 2806 eclipsi
3093 2738 3579 2793 convenientibus
3625 2739 3943 2794 vastitates
3979 2757 4085 2794 ur-

2433 2822 2595 2877 bium
2647 2828 2704 2877 et
2759 2824 3136 2879 dominorum
3193 2828 3577 2882 mutationem
3629 2828 3980 2898 significari.
4019 2830 4090 2883 Et

2433 2911 2555 2966 haec
2587 2912 2846 2984 quidem,
2879 2913 3110 2984 aliaque
3141 2930 3257 2970 non
3290 2915 3554 2983 meliora,
3587 2921 3748 2970 tanta
3779 2916 4097 2972 conﬁden-

2433 3002 2516 3056 tia
2546 3002 2784 3073 quidam
2817 3003 3223 3074 pronuntiant,
3256 3005 3426 3075 quasi
3459 3010 3614 3060 certo
3649 3007 4094 3073 futuraessent,

2436 3095 2494 3144 et
2523 3094 2640 3145 tam
2673 3095 2840 3146 certae
2872 3107 3073 3146 eorum
3107 3108 3296 3146 causa:
3351 3093 3421 3148 iis
3471 3096 3815 3162 creduntur,
3854 3101 3922 3150 ut
3957 3112 4094 3165 per-

2442 3197 2618 3236 sonas
2649 3180 2825 3235 etiam
2858 3181 3189 3253 singulares
3221 3198 3385 3250 sexu,
3418 3183 3781 3254 professione
3812 3189 3873 3238 et
3905 3185 4099 3255 digni-

2440 3274 2556 3324 tate
2608 3268 2860 3340 aliisque
2891 3271 3145 3341 propriis
3178 3271 3618 3327 conditionibus
3667 3273 4012 3343 designent,
4046 3280 4103 3329 et

2433 3359 2581 3430 ipsis
2609 3358 2953 3414 nominibus
2984 3358 3304 3430 appellare,
3345 3361 3395 3415 si
3448 3365 3572 3416 tuto
3605 3369 3872 3432 possent,
3908 3364 4097 3434 proﬁ-

2434 3453 2687 3503 teantur.

2505 3548 2682 3602 XVII.
2718 3547 2778 3602 In
2811 3547 2920 3602 hoc
2951 3564 3162 3619 genere
3194 3548 3572 3620 praeﬁdentiae
3618 3555 3823 3622 peccat
3871 3551 3935 3605 in
3971 3551 4093 3623 pri-

2436 3639 2548 3695 mis
2578 3638 2908 3710 Cyprianus
2930 3638 3219 3694 Leovitius
3250 3639 3307 3693 in
3341 3640 3734 3709 descriptione
3765 3645 3821 3695 et
3857 3642 4094 3712 pictura

2431 3728 2726 3798 eclipseon
2778 3743 2906 3798 quae
2954 3729 3024 3782 ab
3074 3744 3224 3782 anno
3259 3729 3394 3782 1554
3429 3745 3615 3799 usque
3646 3730 3716 3784 ad
3752 3730 3894 3784 1605
3948 3747 4093 3786 con-

2433 3818 2715 3888 tigerunt,
2750 3817 2846 3871 ubi
2879 3833 3080 3872 earum
3111 3817 3600 3889 signiﬁcationem
3650 3819 3824 3888 plane
3873 3836 4091 3875 secun-

2435 3907 2570 3960 dum
2607 3905 2837 3976 regulas
2871 3905 3199 3978 astrologiae
3220 3906 3556 3976 judiciarim
3586 3908 3891 3963 describit.
3923 3911 4090 3976 Quod

2433 4000 2489 4050 et
2521 4000 2799 4066 prestant
2831 3998 2961 4066 post
2991 3995 3371 4050 Ptolemaeum
3396 3996 3722 4063 Cardanus,
3746 3999 4092 4069 Junctinus,

2434 4085 2746 4154 Origanus,
2780 4089 2836 4139 et
2863 4083 2960 4138 alii
2994 4084 3435 4156 ephemeridum
3473 4086 3817 4158 scriptores,
3851 4093 3920 4143 ut
3947 4091 4093 4144 artis

2427 4173 2756 4243 judiciariae
2828 4173 3191 4244 professores
3267 4174 3525 4244 plerique
3582 4192 3809 4230 omnes.
3871 4179 4093 4233 Contra

2435 4278 2584 4333 quos
2616 4262 2763 4318 nihil
2797 4278 2900 4334 ego
2933 4263 3127 4318 modo.
3161 4263 3429 4318 Sufﬁciat
3460 4265 3614 4334 quod
3649 4265 3720 4320 de
3765 4265 4097 4338 eclipsibus

2434 4349 2529 4403 hic
2578 4350 2978 4420 pronuntiavi,
3028 4366 3126 4405 eas
3157 4367 3225 4405 ex
3255 4351 3586 4406 necessario
3619 4357 3675 4406 et
3705 4370 3739 4407 a
3771 4357 3887 4409 Deo
3922 4355 4094 4410 ordi-

2437 4443 2573 4493 nato
2606 4438 2750 4494 solis
2782 4443 2838 4494 et
2867 4438 3020 4493 luna:
3051 4455 3299 4494 occursu
3357 4439 3444 4495 vel
3496 4441 3871 4512 oppositione
3918 4443 4099 4499 inno-

2437 4527 2590 4582 centi
2613 4528 2866 4600 prodire;
2895 4544 3145 4598 quarum
3185 4533 3484 4584 auctorem
3509 4535 3794 4585 accusant
3836 4531 3878 4585 ii
3912 4531 4096 4603 impie

2432 4617 2533 4688 qui
2567 4633 2664 4672 eas
2696 4620 2781 4672 tot
2812 4616 3105 4671 malorum
3159 4633 3371 4672 causas
3421 4616 3624 4672 haberi
3673 4617 3906 4688 volunt,
3942 4628 3998 4676 et
4030 4636 4092 4677 se

2431 4705 2592 4777 ipsos
2625 4703 2924 4775 impietate
2973 4704 3116 4758 artis
3157 4703 3397 4759 infamis
3429 4708 3486 4759 et
3519 4703 3798 4761 humanis
3835 4706 4093 4762 divinis-

2433 4811 2544 4866 que
2575 4794 2804 4866 legibus
2837 4794 3157 4848 interdicta
3189 4793 3615 4850 contaminant.

2507 4894 2697 4948 Liceat
2754 4891 3115 4959 inﬁdelibus,
3151 4897 3252 4947 aut
3310 4893 3448 4963 quid
3509 4894 3586 4948 sit
3644 4893 3887 4966 eclipsis
3925 4896 4092 4970 igno-

2434 4983 2726 5048 rantibus,
2764 4980 2936 5051 luna,
2973 4985 3037 5035 ut
3066 4985 3296 5052 putant,
3331 4981 3633 5038 laboribus
3664 4985 3975 5056 epitulari.
4012 4987 4094 5041 Li-

2432 5077 2560 5128 ceat
2617 5069 3036 5127 tintinnabulis
3095 5075 3151 5125 et
3208 5071 3338 5127 aeris
3383 5088 3528 5127 sono
3599 5091 3778 5144 quam
3839 5082 4093 5147 possunt

2431 5160 2950 5218 vehementissimo
3003 5163 3220 5214 terrere
3279 5161 3614 5230 draconem,
3652 5163 3753 5233 qui
3785 5181 3922 5220 cum
3956 5166 4096 5221 luna

2433 5252 2832 5324 congreditur.
2865 5249 3063 5304 Liceat
3093 5248 3461 5305 mulierculis
3501 5252 3658 5323 sagis
3689 5258 3747 5308 et
3777 5254 4094 5326 maleﬁcis,

2433 5360 2558 5414 quae
2588 5342 2740 5396 lunae
2776 5355 3004 5395 amores
3064 5339 3329 5394 ambiunt
3389 5345 3492 5395 aut
3539 5343 3804 5399 vendunt
3838 5346 4091 5414 favores,

2432 5449 2559 5487 eam
2596 5447 2624 5486 e
2657 5429 2914 5485 tenebris
2960 5435 3355 5499 emergentem
3402 5428 3492 5485 vel
3543 5429 3799 5488 salutare
3835 5435 4093 5491 redeun-

2431 5527 2547 5577 tem
2625 5519 2710 5574 vel
2798 5517 3164 5590 proclamare
3238 5517 3560 5576 victricem.
3619 5521 3980 5581 Christianis
4042 5529 4096 5581 et

2432 5613 2614 5667 Deum
2651 5609 3001 5664 timentibus
3032 5612 3089 5662 et
3119 5608 3368 5663 eruditis
3399 5610 3564 5664 nefas
3591 5627 3873 5669 accusare
3910 5617 4091 5671 Deum

2434 5706 2489 5757 in
2539 5702 2815 5773 cperibus
2872 5703 2992 5754 tam
3054 5699 3319 5768 praelaris
3376 5703 3434 5754 et
3491 5700 3772 5759 beneﬁcis
3831 5705 3982 5763 solis
4039 5712 4093 5763 et
