4248 6438
167 415 307 471 1177

168 540 346 605 luna,
389 539 779 595 existimando
829 547 1046 595 temere
1100 542 1252 596 120
1303 543 1557 611 synodos
1605 556 1807 595 eorum
1840 543 1890 606 Α

170 630 352 682 etiam
402 629 705 700 eclipticas
749 631 836 684 vel
877 629 1109 685 efficere
1159 631 1244 685 vel
1279 631 1549 684 nuntiare
1579 629 1818 684 calami-

173 723 324 772 tates
375 719 532 772 orbis
587 723 901 785 terrarum,
941 717 1026 772 vel
1062 735 1264 773 omnes
1289 718 1379 771 vel
1417 719 1660 772 maxime
1691 734 1818 788 per-

173 806 454 862 niciosas.

246 896 358 950 Sed
397 895 593 966 negari
627 912 741 949 non
784 900 974 967 potest
1004 896 1147 966 quin
1185 896 1350 949 multi
1387 896 1649 950 defectus
1681 894 1821 950 solis

173 989 229 1038 et
261 984 416 1038 lunae
456 999 589 1037 cum
633 984 1063 1039 calamitatibus
1089 985 1337 1054 publicis
1368 991 1425 1040 et
1459 990 1639 1039 morte
1665 985 1823 1054 prin-

174 1073 378 1143 cipum
435 1089 583 1141 saepe
613 1079 986 1128 concurrant.
1020 1074 1128 1128 Sed
1163 1075 1557 1128 conﬁtendum
1592 1090 1824 1143 quoque

181 1161 356 1232 longe
407 1160 604 1230 plures
654 1168 710 1216 et
754 1161 1004 1234 eclipses
1047 1163 1174 1216 sine
1216 1163 1288 1217 iis
1329 1163 1564 1217 casibus
1585 1168 1642 1216 et
1677 1163 1824 1216 inte-

173 1248 321 1304 lices
373 1266 568 1304 rerum
628 1255 872 1305 eventus
925 1250 1053 1304 sine
1109 1251 1430 1322 eclipsibus
1482 1251 1820 1321 contigisse.

173 1337 513 1393 Concursus
545 1338 872 1394 admittitur
903 1337 961 1393 in
995 1338 1314 1409 aliquibus,
1348 1338 1406 1393 in
1442 1339 1619 1393 nullis
1651 1355 1828 1393 causa

175 1426 481 1499 probatur,
536 1427 594 1481 in
642 1429 924 1482 omnibus
969 1429 1370 1500 cuntingentia
1418 1433 1474 1484 et
1503 1445 1698 1484 merus
1730 1445 1826 1483 ca-

178 1531 284 1570 sus
319 1517 721 1583 agnoscendus
753 1521 862 1571 est.

246 1618 448 1674 XVIII.
500 1624 572 1674 At
619 1620 757 1690 quid
798 1621 1064 1691 prohibet
1090 1621 1272 1676 Deum
1307 1623 1374 1676 ad
1422 1622 1825 1676 incutiendum

183 1709 526 1763 nominibus
567 1726 684 1763 sua:
736 1712 1059 1780 majestatis
1093 1711 1407 1765 salutarem
1447 1712 1824 1766 reverentiam

175 1797 430 1867 cclipses
490 1798 810 1867 adbibere,
860 1816 1078 1870 easque
1147 1799 1299 1853 velut
1348 1801 1502 1855 faces
1562 1802 1827 1854 funereas

176 1891 496 1953 ostentare,
546 1887 594 1942 si
637 1904 749 1942 non
809 1905 1040 1954 causas,
1074 1889 1281 1943 saltem
1318 1889 1676 1959 praenuntias
1704 1890 1822 1944 cla-
1854 1895 1902 1960 Β

173 1975 340 2029 dium
375 1975 757 2046 generalium,
792 1983 847 2031 et
879 1979 1052 2032 tubas
1073 1977 1386 2044 bellorum,
1408 1978 1619 2047 quibus
1645 1995 1818 2031 mun-

170 2064 314 2117 dum
367 2064 626 2134 alfligere
676 2073 732 2119 et
764 2067 1050 2136 corrigere
1081 2067 1431 2122 constituit?
1462 2067 1551 2121 Nil
1584 2067 1817 2137 quidem

173 2152 228 2204 id
285 2153 407 2205 fieri
461 2153 748 2221 prohibet,
797 2155 894 2208 sed
957 2160 1013 2208 et
1062 2154 1204 2208 nihil
1267 2159 1613 2225 persuadet;
1664 2162 1720 2211 et
1770 2156 1816 2210 si

169 2241 411 2310 quando
455 2241 512 2295 id
563 2243 717 2297 Deus
750 2243 970 2308 fecerit,
1015 2245 1144 2312 quis
1177 2245 1390 2298 audeat
1429 2246 1549 2309 ubi,
1589 2246 1819 2314 quando

166 2337 221 2382 et
282 2330 511 2399 quoties
574 2331 728 2385 Deus
773 2332 828 2384 id
887 2332 1104 2386 efticiat
1160 2333 1465 2402 proﬁteri?
1512 2333 1612 2387 Cui
1674 2335 1820 2388 Deus

169 2435 344 2471 suum
375 2435 441 2472 ea
475 2421 543 2473 de
577 2436 634 2472 re
671 2420 980 2474 consilium
1017 2421 1272 2489 aperuit?
1307 2422 1414 2474 lies
1448 2423 1616 2490 plane
1651 2422 1818 2490 mira,

170 2524 274 2560 nec
331 2507 530 2561 divino
592 2508 841 2563 consilio
911 2526 1104 2573 vae..t,
1161 2511 1311 2578 ιιι.οό
1381 2512 1432 2561 in
1488 2519 1604 2564 tota
1657 2528 1817 2564 sacra

167 2596 468 2666 Scriptura
513 2596 731 2650 nullius
783 2598 1022 2651 omnino
1073 2597 1309 2666 eclipsis
1331 2601 1538 2652 mentio
1571 2602 1652 2663 tit,
1685 2616 1815 2653 cum

176 2692 375 2739 tamen
439 2685 496 2738 in
548 2685 763 2757 papulo
814 2687 910 2740 Dei
958 2703 1062 2740 nec
1096 2692 1309 2741 mortes
1344 2687 1673 2757 principum
1717 2705 1818 2742 nec

165 2774 328 2828 bella
374 2791 478 2828 nec
506 2775 867 2830 calamitates
898 2776 1187 2829 deessent.
1224 2776 1346 2831 Non
1381 2778 1579 2831 deerat
1607 2794 1818 2832 sensus

179 2864 574 2927 miseriarum,
630 2881 743 2918 non
797 2865 1036 2918 deerant
1063 2865 1211 2919 oculi
1235 2868 1302 2919 ad
1339 2868 1585 2937 eclipses
1617 2869 1820 2921 viden-

175 2952 282 3006 das
306 2967 440 3006 cum
483 2952 733 3023 publicis
765 2953 1030 3008 cladibus
1063 2958 1640 3024 conjunctasDeerat
1674 2959 1820 3012 forte

175 3040 585 3106 Providentia,
644 3058 762 3096 suae
821 3043 1012 3113 gentis
1070 3042 1276 3098 salutis
1337 3046 1638 3115 negligens
1702 3061 1815 3100 non

174 3131 532 3185 admonebat
579 3131 877 3186 attendere
914 3138 983 3186 ad
1035 3133 1204 3204 signa
1237 3138 1350 3188 tam
1388 3135 1661 3199 visibilis,
1693 3151 1818 3205 quae

175 3221 300 3272 tam
337 3223 604 3289 patenter
633 3235 812 3289 quam
865 3226 1022 3274 certo
1053 3238 1170 3274 SUIB
1205 3221 1516 3276 iracundiae
1549 3230 1605 3277 et
1631 3223 1817 3278 homi-

175 3324 317 3360 num
366 3307 736 3375 castigationi
801 3310 1188 3378 praemittebat
1209 3310 1235 3364 ?
1265 3312 1588 3366 Prol'uisset
1615 3313 1669 3367 id
1693 3315 1818 3384 qui-

177 3397 310 3450 dem
343 3395 677 3450 Judaeorum
714 3398 894 3468 genti,
925 3405 982 3451 et
1010 3398 1358 3455 Christianis
1408 3417 1520 3455 non
1571 3403 1823 3458 obesset.

173 3485 284 3540 Sed
320 3485 634 3541 consilium
673 3487 767 3542 Dei
801 3488 1207 3543 absconditum
1244 3507 1276 3545 a
1309 3492 1565 3561 saeculis,
1597 3498 1650 3548 et
1681 3493 1825 3564 ipsis

174 3574 477 3645 prophetis
530 3593 641 3630 non
685 3578 1031 3647 revelatum,
1077 3596 1169 3633 ars
1212 3580 1525 3648 judiciaria
1559 3588 1825 3653 penetra-

174 3665 257 3717 vit
305 3664 552 3729 scilicet,
590 3671 646 3720 et
699 3665 756 3720 in
810 3667 952 3721 cmlo
994 3671 1276 3739 scriptum
1312 3670 1503 3735 docet,
1537 3672 1636 3726 sed
1671 3673 1820 3727 dun-

171 3757 339 3807 taxat
370 3753 734 3809 intellectum
769 3755 959 3826 legere
1010 3757 1334 3813 scientibus
1355 3759 1381 3812 ‘?
1414 3759 1592 3831 Nugae
1623 3761 1824 3816 meraal

179 3842 242 3896 In
296 3841 405 3896 hoc
459 3859 597 3914 ergo
653 3843 839 3913 pietas
895 3849 951 3898 et
1005 3845 1290 3916 sapientia
1327 3847 1656 3904 Christiana
1686 3867 1825 3905 con-

175 3929 446 3999 quiescit,
481 3931 631 4000 quod
666 3931 913 4000 eclipses
936 3932 1054 3986 sint
1086 3933 1345 3989 defectus
1368 3937 1664 3992 naturales
1687 3937 1827 3994 solis

182 4022 240 4073 et
291 4018 463 4088 lunae,
499 4036 623 4090 quae
679 4020 900 4074 nullam
935 4020 1188 4076 habeant
1225 4023 1307 4093 [P.
1345 4025 1470 4095 509]
1508 4043 1617 4081 non
1653 4029 1825 4082 modo

175 4113 420 4176 certam,
455 4109 552 4162 sed
593 4127 660 4164 ne
689 4109 926 4180 quidem
966 4111 1324 4178 probabilem
1358 4115 1705 4183 efﬁcientia,
1739 4116 1826 4172 vel

177 4196 631 4266 significationis
704 4215 836 4252 cum
908 4199 1162 4270 publicis
1233 4201 1670 4260 calamitatibus
1728 4209 1829 4260 aut

175 4293 365 4341 morte
427 4287 757 4358 principum
810 4290 1256 4358 connexionem,
1292 4292 1595 4364 multoque
1629 4295 1827 4352 minus

172 4391 308 4430 cum
341 4377 578 4430 fortuna
603 4381 660 4431 et
689 4377 999 4433 eventibus
1028 4379 1227 4434 liberis
1258 4381 1633 4451 privatorum.

241 4487 360 4538 Hoc
413 4488 608 4537 autem
667 4501 948 4556 magnum
998 4487 1374 4542 commodum
1406 4489 1654 4559 eclipses
1685 4491 1828 4547 solis

166 4578 224 4626 et
255 4571 408 4626 lunae
438 4571 497 4626 in
530 4571 834 4628 historiam
897 4579 1228 4646 temporum
1277 4576 1614 4647 important,
1671 4582 1824 4650 quod

171 4679 239 4716 ex
271 4679 474 4717 earum
511 4663 765 4718 tenebris
798 4681 906 4719 sua
939 4665 1066 4736 ipsa
1097 4667 1454 4722 obscuritate
1496 4671 1825 4728 manifestis

169 4749 267 4804 lux
317 4767 531 4822 magna
582 4769 734 4824 saepe
779 4753 954 4808 rebus
988 4754 1172 4825 gestis
1195 4758 1494 4812 accedant.
1532 4759 1629 4812 Vix
1662 4760 1816 4814 enim

172 4839 522 4895 melioribus
578 4841 812 4897 indiciis
873 4842 1042 4897 initia
1097 4861 1435 4916 regnorum,
1488 4849 1821 4905 nativitates

172 4929 544 5000 principum,
599 4933 849 4986 victoria:
909 4932 1202 5000 illustres,
1266 4935 1495 5006 aliaque
1553 4939 1704 4992 scitu
1765 4943 1822 4995 et

173 5020 687 5075 commendatione
768 5022 1128 5092 posteritatis
1201 5025 1380 5096 digna
1457 5028 1818 5100 probantur],

168 5123 348 5178 quam
391 5108 733 5180 eclipsibus.
787 5110 1176 5184 Chronologia
1226 5131 1427 5187 regum
1482 5116 1819 5188 Persarum,

167 5197 296 5268 Cyri
337 5202 394 5252 et
422 5197 733 5253 Alexandri
766 5201 1127 5268 monarcbia,
1164 5210 1221 5257 et
1252 5205 1532 5260 connexio
1567 5207 1820 5277 profanae

167 5287 431 5341 historie
463 5304 596 5341 cum
638 5305 806 5343 sacra
865 5291 1118 5346 maxime
1167 5291 1502 5349 illustratur
1550 5312 1650 5366 per
1681 5297 1822 5353 ecli-

168 5391 349 5446 pscon
401 5382 591 5431 certos
641 5384 905 5432 eventus.
953 5379 1099 5434 Tota
1128 5382 1310 5437 series
1359 5382 1620 5438 historize
1667 5385 1820 5442 Grae-

168 5480 397 5531 corum,
459 5472 516 5519 et
570 5468 836 5522 l‘undatiu
899 5469 1172 5524 Romanis
1231 5472 1604 5543 reipublicae,
1657 5480 1720 5530 ut
1769 5482 1825 5532 et

166 5559 370 5628 gestas
397 5553 542 5609 Julii
569 5555 836 5628 Caesaris,
871 5559 1120 5630 Augusti
1151 5565 1208 5615 et
1233 5560 1484 5618 aliorum
1509 5563 1822 5636 imperato-

175 5660 309 5698 rum
343 5642 492 5700 nihil
523 5644 741 5701 habent
772 5646 986 5702 certius
1015 5664 1192 5717 quam
1219 5651 1373 5722 quod
1400 5652 1823 5712 defectionibus

174 5731 320 5791 solis
349 5737 453 5791 aut
483 5732 638 5791 luna
671 5735 1073 5793 constituitur.

1561 416 2179 473 CBRONOLOGICUS.

3431 402 3569 458 1178

2000 538 2142 592 721
2185 539 2372 606 Atque
2412 535 2482 588 de
2545 532 2690 604 ipsis
2748 531 3088 601 eclipsibus,
3149 545 3292 599 quas
3338 528 3574 597 gemina

1923 625 2336 680 dissertatione
2407 622 2782 693 epilogismis
2825 620 3101 679 definivi,
3147 620 3252 672 boc
3329 630 3572 687 possum

1925 714 2130 769 merito
2167 713 2447 783 profiteri,
2478 728 2575 765 eas
2613 711 2852 764 fundare
2899 706 3254 762 solidissima
3283 705 3566 759 rationem

1925 809 2255 874 temporum
2318 801 2472 854 circa
2529 816 2650 868 qua:
2684 798 3074 869 contigerunt,
3116 811 3242 866 quae
3297 794 3420 846 sine
3451 791 3568 845 illis

1925 893 2174 947 obscura
2227 890 2544 944 admodum
2595 893 2684 942 est
2733 892 2788 940 et
2841 885 3068 956 magnis
3120 881 3568 937 difficultatibus

1929 981 2247 1048 implicata.
2307 978 2471 1033 Unde
2531 978 2638 1031 hoc
2698 977 2825 1047 ipso
2885 973 3121 1028 nomine
3181 973 3368 1043 gratia
3419 969 3576 1024 Patri

1924 1069 2220 1124 luminum
2274 1075 2330 1122 et
2382 1065 2747 1121 immortales
2799 1065 3100 1119 habendas
3134 1078 3279 1130 reor,
3317 1059 3469 1131 quod
3503 1058 3572 1110 de

1927 1158 2185 1212 tenebris
2245 1155 2435 1210 lucem
2494 1159 2769 1225 proterat,
2802 1158 2858 1208 et
2915 1169 2983 1206 ex
3012 1151 3154 1207 solis
3201 1167 3266 1204 ac
3299 1149 3451 1204 lunae
3481 1149 3578 1202 de'

1933 1247 2281 1302 feetionibus
2329 1246 2621 1300 historicse
2669 1243 2931 1300 veritatis
2962 1242 3159 1297 lumen
3193 1241 3421 1295 educat.
3460 1239 3574 1308 Ipsi

1931 1337 2115 1408 gloria
2146 1339 2204 1392 in
2247 1337 2460 1393 saecula
2515 1336 2885 1392 saeculorum.
2935 1336 3134 1389 Amen.
3196 1333 3461 1386 Hactenus
3511 1331 3572 1384 I’.

1933 1428 2242 1484 Grantami.

2568 1591 2801 1647 CAPUT
2834 1591 2927 1645 IV.

1933 1715 2219 1770 Statuitur
2245 1719 2454 1787 tempus
2483 1718 2680 1772 mortis
2715 1715 3012 1781 Theodori,
3060 1713 3432 1787 coronationr's
3465 1716 3577 1787 Pa:

2005 1787 2251 1857 twotogi,
2307 1783 2538 1858 réceplw
2595 1806 2626 1842 θ
2685 1789 2894 1842 Latinis
2955 1784 3472 1855 ConstantinOpolis,
3532 1783 3580 1834 et

2004 1862 2397 1914 excazraliom's
2416 1861 2618 1931 pupitlz
2648 1861 2898 1915 Joannis.

2007 2004 2048 2055 Ι.
2111 2003 2228 2057 Erit
2285 2004 2393 2059 hoc
2430 2006 2499 2059 de
2532 2021 2648 2076 quo
2675 2005 2961 2058 hactenus
2993 2008 3110 2057 tam
3148 1999 3348 2055 multis
3380 2003 3574 2052 actum

1936 2097 2046 2156 est,
2083 2091 2273 2147 solare
2304 2092 2654 2164 deliquium,
2690 2092 3012 2164 insigniens
3046 2090 3262 2146 illustri
3288 2089 3578 2143 characte-

1938 2197 1995 2234 re
2052 2181 2366 2236 articulum
2429 2183 2620 2252 ipsum
2681 2183 2984 2252 temporis,
3017 2181 3173 2235 unde
3224 2181 3424 2232 nostra
3457 2175 3577 2227 hazc

1937 2269 2325 2338 proficiscitur
2373 2270 2638 2332 historia,
2680 2270 2810 2338 erit,
2863 2271 3127 2340 inquam,
3176 2266 3344 2321 nobis
3391 2264 3579 2318 instar

1936 2357 2047 2410 alte
2080 2358 2426 2413 collucentis
2458 2359 2620 2429 phari
2654 2365 2884 2430 portum
2920 2360 3074 2412 unde
3105 2357 3386 2411 solvimus
3411 2370 3580 2406 mon-

1934 2449 2199 2513 strantis,
2234 2465 2408 2516 quem
2444 2448 2593 2501 inter
2650 2449 2908 2502 eundum
2963 2447 3343 2516 respicientes
3387 2439 3576 2497 metiri

1934 2535 2100 2586 :'..bi-..
2134 2537 2180 2586 lv-
2206 2553 2619 2606 ptigressunm
2646 2531 3574 2607 sputiaqucamusetcursusuni-

1934 2624 2081 2678 versi
2135 2643 2411 2679 numeros
2457 2627 2718 2696 exsequi,
2767 2643 2878 2678 non
2914 2624 3339 2678 contemnendo
3385 2621 3467 2672 vel
3505 2619 3573 2673 ad

1931 2712 2198 2766 solatium
2236 2719 2607 2784 fructumque
2641 2714 2819 2768 animi
2846 2714 2930 2767 vel
2965 2714 3032 2766 ad
3067 2711 3280 2766 erroris
3316 2726 3576 2781 phemu-

1929 2801 2146 2856 tionem
2202 2819 2331 2856 usu.
2386 2805 2853 2874 Experimentum
2908 2820 3112 2873 capere
3147 2802 3399 2872 primum
3435 2797 3578 2852 libet

1929 2890 1987 2944 in
2039 2892 2325 2946 Theodori
2364 2900 2549 2947 morte
2598 2899 2654 2947 et
2686 2892 2845 2964 regni
2879 2893 3090 2964 spatio,
3126 2892 3195 2945 de
3229 2891 3443 2960 quibus
3480 2906 3545 2942 ac

1931 2980 2349 3036 curatissimus
2405 2983 2742 3053 Acropolita
2797 2982 2884 3036 sic
2922 2982 3208 3051 scriptum
3246 2977 3486 3048 reliquit
3519 2976 3577 3031 in

1929 3069 2067 3122 Ηιέι.
2116 3069 2279 3139 p.85
2336 3071 2426 3124 ed.
2461 3074 2623 3143 Reg.:
2686 3070 2924 3130 Ἐκεῖνος
2959 3069 3052 3140 μὲν
3106 3065 3196 3121 οὖν
3255 3065 3395 3120 οὕτω
3453 3065 3581 3138 βιὼο

1930 3177 2044 3225 σας,
2095 3155 2183 3210 καὶ
2239 3159 2405 3228 μήπω
2462 3157 2624 3220 ὅλους
2675 3158 2930 3232 τέτταρας
2980 3154 3255 3217 ἐνιαυτοὺς
3315 3153 3583 3226 αὐτοκρα-

1849 3263 1891 3332 C
1926 3246 2187 3316 τορῆσας,
2244 3247 2378 3300 κατὰ
2434 3243 2742 3320 Νοὲμϐριον
2801 3247 2902 3323 γὰρ
2966 3244 3123 3320 ἄρξας
3185 3244 3234 3300 ὲν
3291 3243 3579 3319 Αὐγούστῳ

1939 3335 2065 3406 μηνὶ
2114 3336 2176 3388 τὸ
2205 3333 2368 3398 τέλος
2414 3331 2618 3410 ἔσχηκε
2645 3338 2759 3408 ξτῆς
2792 3342 2936 3406 ζωῆς
3000 3338 3168 3392 Vides
3199 3335 3276 3391 ibi
3311 3333 3579 3390 testimo-

1934 3426 2031 3480 nio
2087 3425 2194 3480 viri
2253 3427 2608 3496 gravissimi,
2671 3429 2976 3483 referentis
3009 3444 3136 3497 quae
3161 3441 3416 3498 presens
3448 3440 3580 3494 spc-

1937 3521 2210 3579 ctaverat,
2266 3515 2639 3572 Theodorum
2701 3517 2857 3572 solos
2917 3522 3169 3587 quatuor
3222 3529 3326 3568 nec
3377 3511 3579 3584 plenos

1937 3620 2122 3658 annos
2185 3603 2528 3676 imperasse.
2591 3606 2996 3662 Acclaniatum
3055 3604 3208 3660 enim
3269 3599 3581 3657 Novembri

1938 3693 2392 3756 mense,vivendi
2429 3695 2646 3767 pariter
2673 3701 2730 3751 et
2764 3695 3087 3768 imperandi
3115 3695 3287 3749 finem
3321 3695 3582 3762 Augusto

1938 3798 2136 3836 mense
2197 3782 2424 3838 fecisse.
2463 3785 2646 3855 Igitur
2698 3802 2830 3840 eum
2867 3789 3022 3840 certo
3073 3783 3148 3838 sit
3179 3781 3393 3838 certius
3428 3797 3580 3834 anno

1935 3887 2064 3925 eum
2127 3870 2346 3926 Christi
2407 3873 2545 3928 i256
2595 3879 2825 3930 mortuo
2875 3874 3044 3928 tertio
3071 3871 3191 3926 Kal.
3224 3869 3579 3926 Novembres

1933 3959 2144 4015 Joanni
2209 3960 2359 4030 patri
2411 3963 2819 4034 subrogatum,
2880 3977 3186 4034 procerum
3231 3967 3288 4014 et
3321 3958 3578 4013 militum

1937 4049 2357 4106 acclamatione
2409 4053 2902 4124 subvectioneque
2957 4053 3017 4107 in
3072 4051 3312 4123 clypeo,
3370 4047 3581 4102 deinde

1936 4139 2042 4192 sub
2102 4138 2277 4194 finem
2336 4141 2672 4198 Decembris
2720 4141 2968 4198 solemni
3020 4140 3134 4196 ritu
3191 4159 3224 4195 a
3283 4154 3430 4193 novo
3477 4154 3581 4208 pa-

1935 4227 2194 4283 triarcha
2227 4230 2462 4286 Arsenio
2493 4237 2859 4300 coronatum,
2895 4230 3274 4286 manifestum
3306 4232 3395 4283 est
3425 4242 3579 4280 anno

1933 4331 2066 4371 eum
2101 4317 2316 4373 Christi
2353 4320 2491 4374 1259
2518 4321 2706 4377 vivere
2738 4321 2916 4377 simul
2949 4325 3007 4376 et
3035 4334 3279 4392 regnare
3310 4317 3576 4372 desiisse.

1934 4405 2036 4460 Hic
2067 4406 2221 4461 enim
2259 4425 2455 4464 annus
2489 4426 2518 4464 ο
2553 4411 2693 4466 1255
2721 4416 2970 4484 quartus
3000 4416 3108 4467 est.

2007 4495 2075 4549 II.
2130 4498 2252 4561 Quo
2296 4499 2436 4553 anni
2467 4503 2730 4571 tempore
2758 4501 3096 4565 decesserit,
3131 4497 3276 4554 satis
3305 4498 3581 4567 exprimit

1937 4585 2343 4657 Pachymeres,
2376 4588 2519 4643 dum
2577 4588 2633 4643 id
2668 4590 2930 4645 evenisse
2960 4591 3043 4643 ait
3087 4590 3182 4640 τοῦ
3209 4586 3414 4661 χρόνου
3446 4583 3583 4658 πρὸς

1932 4672 1993 4726 τὸ
2025 4674 2424 4750 φθινοπωρινὸν
2460 4675 2875 4747 ἀποκλίνοντος,
2917 4679 3223 4734 inclinante
3274 4681 3329 4732 in
3367 4681 3581 4731 autumo

1932 4781 2064 4818 num
2116 4783 2292 4834 anno,
2336 4766 2444 4822 hoc
2468 4773 2576 4836 est,
2613 4785 2713 4840 per
2745 4773 3000 4824 aestatem
3029 4769 3288 4841 quidem,
3325 4767 3423 4822 sed
3451 4766 3578 4837 jam

1933 4862 2336 4911 senescentem
2370 4863 2426 4913 et
2476 4860 2811 4915 adventanti
2845 4858 3578 4915 autumno‘concedentem

1932 4944 2173 4998 sensim.
2229 4946 2488 5010 Quadrat
2535 4964 2603 5004 ea
2651 4954 2784 5005 nota
2815 4950 3098 5021 temporis
3125 4959 3252 5018 apte
3285 4949 3339 5002 in
3377 4955 3579 5017 Augu-

1933 5036 2091 5087 stum
2158 5051 2441 5103 mensem;
2476 5055 2589 5107 quo
2651 5056 2710 5095 re
2741 5041 2861 5110 ipsa
2922 5040 3270 5096 exstinctum
3313 5038 3580 5092 Theodo-

1935 5140 2064 5177 rum
2111 5125 2487 5196 Acropolitaﬁ
2512 5134 2576 5182 ut
2627 5129 2906 5198 diximus,
2947 5130 3222 5185 affirmat.
3258 5131 3314 5184 Id
3350 5127 3582 5182 duobus

1933 5215 2273 5284 exceptione
2306 5218 2630 5288 majoribus
2661 5224 2716 5275 et
2748 5222 3135 5276 concordibus
3170 5221 3465 5274 firmatum
3493 5224 3580 5274 te-

1934 5302 2122 5358 stibus
2156 5322 2257 5376 pro
2313 5307 2424 5362 ﬁxo
2457 5312 2510 5363 et
2544 5309 2874 5366 indubitate
2907 5312 3078 5366 debet
3109 5310 3328 5366 haberi.
3361 5308 3580 5365 Seditio

1934 5398 2137 5448 secuta
2181 5395 2470 5452 exercitus
2513 5399 2662 5455 722
2706 5403 2763 5455 et
2791 5399 3162 5457 Muzalonum
3197 5399 3383 5455 credes
3415 5397 3577 5469 Mag-

1936 5482 2110 5536 nesiae
2142 5483 2199 5537 in
2234 5484 2452 5556 templo
2485 5487 2937 5559 Sosandrorum,
2972 5490 3111 5546 dum
3146 5490 3232 5562 [P.
3266 5487 3580 5560 5l0]justa

1933 5570 2235 5628 Theodoro
2283 5573 2471 5630 eidem
2535 5577 2804 5634 funebria
2862 5579 3310 5652 persolvuntur,
3373 5594 3579 5651 perpe-

1933 5664 2108 5729 trata,
2164 5677 2318 5718 nona
2361 5669 2489 5736 post
2537 5671 2786 5724 mortem
2846 5669 3134 5727 Theodori
3165 5671 3260 5727 die
3308 5669 3575 5740 contigit.

1932 5747 2100 5806 Clara
2128 5749 2238 5808 hoc
2270 5751 2555 5826 Gregoras
2586 5761 2644 5814 et
2673 5758 3060 5832 Pachymeres
3090 5768 3384 5822 asserunt.
3415 5763 3579 5823 Prior
