4248 6442
644 385 788 440 1179

1681 391 1743 440 Ρ.
1784 386 2058 440 POSSINI
2097 385 2711 440 OBSERVATIONUM
2755 389 2882 440 LIB.
2924 391 3021 441 IlI.

3931 389 4074 444 1180

643 509 685 562 l.
723 525 810 576 ιιι,
846 525 902 579 p.
958 509 1027 562 30
1077 508 1168 564 ed.
1202 507 1381 563 Basil.
1416 507 1500 563 sic
1552 507 1818 579 loquitur
1863 509 1934 562 de
1966 508 2077 563 ista
2109 507 2260 561 caede
2288 523 2299 560 :
2332 507 2386 572 Α
2417 511 2475 561 et
2529 508 2598 562 ad
2633 516 2865 564 nostras
2915 513 3116 565 exacte
3148 511 3404 566 rationes
3453 511 3780 581 quadrante
3820 511 4073 568 calculo.

647 597 889 664 Ἐννάτη
957 597 1048 667 μὲν
1109 595 1210 670 γὰρ
1258 596 1441 670 ἠμέρα
1479 601 1658 668 παρῆν
1718 595 1852 668 μετᾶ
1895 596 1997 662 τήν
2044 593 2304 662 τελευτήν

657 689 754 738 τοῦ
817 683 1108 756 βασιλέως.
1162 686 1266 740 Cui
1316 702 1648 741 consonans
1696 695 1895 740 noster
1928 685 2095 738 initio
2128 701 2176 738 c.
2216 685 2301 752 19,

653 775 692 829 Ι.
727 792 742 798 ·
782 775 977 833 ζΤὲως
1012 770 1058 826 δ’
1117 771 1235 843 οὖν,
1297 774 1510 845 inquit,
1543 775 1576 840 ἡ
1637 772 1759 848 περὶ
1818 776 1896 842 τῷ
1945 772 2304 845 ἀποιχομὲνῳ

659 863 843 932 ἐννάτη
899 864 1138 934 κειμένῳ
1188 869 1388 936 παρῆν,
1445 871 1555 918 etc.
1605 864 1673 917 Et
1718 863 1826 917 hoc
1872 879 2007 934 ergo
2043 880 2142 932 pro
2165 880 2305 917 con-

657 953 835 1007 stanti
898 954 1241 1018 tenendnm,
1295 953 1430 1008 licet
1485 952 1816 1023 Acropolita
1869 953 1939 1006 de
1969 952 2061 1006 die
2092 956 2303 1020 taceat,

649 1059 802 1098 nono
867 1054 997 1113 post
1051 1047 1300 1097 mortem
1333 1042 1584 1096 Thedori
1618 1042 1710 1096 die
1743 1040 2076 1096 Muzalones
2111 1041 2306 1094 furore

652 1130 911 1185 militum
943 1147 1216 1201 opressos
1268 1131 1324 1185 in
1371 1130 1591 1201 templo
1635 1136 1693 1186 et
1744 1133 2128 1184 obtruncatos
2178 1145 2304 1198 per-

650 1219 810 1275 iisse.
870 1219 1226 1274 Deliberatio
1286 1219 1422 1274 inde
1451 1220 1522 1274 de
1573 1218 1758 1274 tutela
1785 1219 1949 1289 pueri
2002 1218 2304 1289 principis,

653 1307 856 1364 electio
902 1310 969 1363 ad
1021 1308 1076 1363 id
1129 1308 1430 1364 Michaelis
1471 1307 1796 1378 Palaaolugi,
1833 1307 2012 1378 hujus
2046 1324 2149 1377 per
2180 1322 2306 1377 gra-

646 1397 759 1450 dus
813 1398 879 1452 ad
916 1397 1231 1468 imperium
1266 1397 1556 1467 adreptio,
1612 1397 1752 1452 dum
1805 1401 2059 1467 primum
2096 1396 2292 1467 magni

647 1485 815 1539 ducis
847 1484 1018 1540 titulo
1053 1485 1612 1557 insignitur,deinde
1646 1490 1921 1554 tanquam
1957 1485 2026 1538 ad
2061 1485 2305 1539 deman-

650 1573 852 1627 datum
883 1589 1097 1628 munus
1132 1575 1239 1628 rite
1270 1575 1595 1643 gerendum
1648 1574 1977 1628 necessaria
2031 1577 2308 1643 potestate

651 1662 907 1732 despota:
959 1671 1222 1717 ornatur.
1276 1662 1535 1731 Denique
1558 1662 1780 1733 pupillo
1804 1663 2054 1733 principi
2087 1662 2309 1732 collega

655 1751 712 1806 in
748 1751 993 1822 imperio
1043 1752 1395 1806 decernitur.
1433 1755 1586 1817 Hec,
1621 1751 1888 1821 inquam,
1922 1755 1977 1806 et
2015 1750 2185 1805 variae
2219 1751 2304 1804 in-

2417 595 2491 649 Ut
2547 613 2739 652 annus
2807 599 3012 653 mundi
3073 617 3196 653 seras
3253 602 3512 670 vulgaris
3582 601 3925 656 Graecorum
3996 604 4068 656 ad

2415 685 2628 739 Christi
2674 703 2893 740 annum
2945 689 3264 758 redigatur,
3318 695 3600 759 perpetua
3644 690 3921 745 methodo
3963 690 4076 744 tol-

2417 774 2573 829 lendi
2605 792 2674 830 ex
2708 793 2941 832 summa
2980 784 3122 832 sunt
3149 780 3308 833 5508.
3349 780 3534 851 Igitur
3565 797 3757 834 annus
3789 782 3861 834 ad
3892 784 4073 835 Acro-

2417 863 2598 934 polita
2632 865 2925 921 indicatus
2979 868 3181 922 mundi
3230 869 3372 922 6769
3406 869 3559 923 idem
3598 870 3710 924 fuit
3748 886 3883 923 cum
3921 887 4078 924 anno

2415 970 2538 1008 acris
2574 959 2784 1008 nostra:
2836 955 3176 1011 Christianae
3229 959 3385 1011 1261.
3441 959 3540 1014 Est
3571 960 3667 1014 hic
3700 958 3924 1030 periodi
3974 958 4078 1012 Ju-

2416 1042 2584 1097 lianae
2617 1044 2780 1107 5974,
2813 1061 2940 1114 quae
2974 1062 3211 1100 summa
3240 1047 3426 1102 divisa
3457 1064 3560 1118 per
3589 1048 3929 1118 quindecim
3965 1049 4076 1102 dat

2417 1147 2733 1186 numerum
2785 1132 3130 1190 indictionis
3188 1142 3486 1205 quartum.
3532 1139 3797 1208 Spatium
3831 1153 4071 1207 quoque

2418 1220 2667 1275 detentis
2701 1239 2732 1275 a
2765 1221 2986 1277 Latinis
3019 1223 3182 1278 urbis
3213 1224 3579 1280 adamussim
3613 1231 3781 1280 rectae
3818 1226 4075 1280 chrono-

2418 1308 2582 1381 logia:
2615 1315 2883 1364 exactum
2913 1311 2984 1366 ab
3044 1313 3374 1384 Acropolita
3436 1314 3724 1384 proditur.
3781 1314 4071 1385 Superius

2417 1399 2631 1470 quippe
2663 1415 2712 1453 c.
2744 1399 2779 1452 2
2806 1399 3063 1456 vidimus
3104 1405 3330 1471 captam
3383 1420 3415 1456 a
3463 1403 3686 1459 Latinis
3739 1403 4075 1458 Constanti-

2418 1487 2678 1557 nopolim
2712 1504 2865 1542 anno
2895 1488 3111 1544 Christi
3143 1490 3315 1557 1203;
3349 1507 3481 1546 cum
3525 1496 3718 1547 autem
3765 1509 3926 1547 nunc
3973 1493 4074 1547 de-

2419 1575 2697 1630 ﬁniamus
2723 1581 3017 1647 receptam
3050 1595 3084 1633 a
3113 1578 3329 1633 Graecis
3351 1580 3616 1636 eamdem
3652 1580 3832 1635 fuisse
3866 1582 4075 1635 urbem

2420 1681 2572 1720 anno
2617 1665 2830 1720 Christi
2885 1667 3042 1733 1261,
3074 1668 3171 1737 qui
3195 1684 3262 1724 ex
3289 1671 3354 1722 61
3389 1672 3422 1722 3
3455 1669 3834 1734 subtraxerit,
3875 1677 4078 1724 exacte

2419 1755 2671 1824 reperiet
2725 1756 2796 1809 58
2855 1772 3041 1810 annos
3095 1757 3343 1812 dominii
3412 1759 3754 1814 Latinorum
3817 1759 3875 1813 in
3916 1760 4080 1828 regia

653 1841 826 1894 terim
887 1858 919 1894 a
980 1840 1304 1911 Palasologo
1365 1845 1420 1894 ct
1476 1840 1653 1910 hujus
1710 1841 1994 1895 studiosis
2042 1841 2386 1930 exercitreB
2420 1843 2751 1899 Graecorum
2799 1844 3048 1900 civitate.

650 1928 996 1984 ambitionis
1024 1941 1178 1985 artes
1210 1930 1339 1984 istis
1371 1929 1693 1985 honoribus
1721 1948 1753 1984 a
1785 1933 1937 1985 clero
1970 1934 2026 1984 et
2059 1930 2304 2001 patriar-

656 2018 786 2084 cha,
830 2036 864 2073 a
894 2024 1098 2073 senatu
1150 2024 1207 2073 et
1238 2018 1454 2090 populo
1481 2019 1911 2088 eblandiendis,
1940 2018 2105 2073 facile
2135 2018 2310 2072 trium

655 2112 718 2161 et
767 2107 919 2177 quod
966 2110 1216 2162 excurrit
1267 2110 1560 2163 mensium
1604 2108 1863 2178 spatium
1898 2109 2164 2179 exigunt,
2196 2124 2311 2178 quo

659 2197 771 2250 sub
805 2197 976 2251 finem
1008 2197 1348 2252 Decembris
1382 2198 1683 2269 impetrari
1734 2197 1999 2252 omnium
2033 2197 2308 2252 ordinum

662 2301 954 2340 consensu
979 2287 1234 2357 potucrit
1267 2290 1329 2341 ut
1353 2287 1410 2341 in
1439 2287 1735 2358 proximas
1759 2286 2051 2341 Kalendas
2090 2287 2309 2342 Januao

665 2375 782 2430 rias
827 2374 1188 2430 indiceretur
1247 2377 1378 2431 novi
1439 2375 1810 2447 imperatoris
1870 2375 2174 2431 Michaelis
2204 2376 2310 2431 Pa-

656 2463 886 2536 laaologi
937 2463 1279 2520 acclamatio
1325 2465 1627 2523 solemnis.
1690 2466 1808 2521 Hoc
1840 2465 1925 2520 sic
1983 2469 2183 2520 noster
2213 2481 2313 2520 ex-

651 2554 857 2625 primit
914 2554 1025 2608 sub
1096 2555 1270 2609 finem
1305 2554 1516 2625 capitis
1573 2555 1870 2621 29,1.11:
1929 2556 2153 2626 ’Ὠριστο
2213 2553 2308 2624 μὲν

651 2639 742 2695 οὖν
790 2645 824 2711 ἡ
879 2643 1064 2717 ἡμέρα
1117 2645 1216 2712 τῆς
1274 2643 1621 2718 ἂναῤῥήσεως
1677 2639 2123 2716 ἑκατομϐαιῶνος
2182 2665 2310 2698 νου-

655 2730 823 2804 μηνία
878 2739 980 2800 τῆς
1035 2731 1158 2787 τότε
1222 2732 1534 2807 τρεχούσης
1593 2730 1841 2807 δευτέρας
1897 2731 2306 2806 ἐπινεμήσεως·

654 2824 954 2892 Prw/inita
1008 2829 1086 2878 est
1117 2822 1231 2878 dies
1279 2823 1695 2879 declamationis
1724 2824 1977 2878 Kalcndz
2007 2823 2312 2880 Januariaz

651 2914 926 2969 currentis
957 2922 1090 2968 tunc
1144 2914 1401 2970 secundae
1461 2914 1808 2969 indictionis.
1845 2914 1978 2969 Fuit
2033 2913 2129 2969 hic
2185 2913 2309 2970 dies

655 3001 882 3072 primus
931 3002 1068 3057 anni
1128 3002 1345 3058 Christi
1409 3003 1567 3069 1260,
1602 3003 1700 3074 qui
1764 3019 1897 3058 cum
1953 3002 2030 3057 sit
2083 3002 2307 3074 periodi

650 3090 895 3146 Julianai
928 3093 1092 3156 5973,
1117 3092 1457 3147 indictionis
1490 3109 1794 3148 numerum
1819 3092 2307 3161 habuittertium,

653 3181 753 3235 sed
788 3198 820 3235 a
847 3181 1173 3250 Septembri
1193 3179 1481 3236 duntaxat
1501 3183 1924 3237 inchoandum.
1951 3180 2114 3237 Unde
2146 3187 2301 3236 recte

649 3271 922 3325 convenit
960 3271 1117 3342 quod
1170 3271 1409 3342 scripsit
1438 3280 1634 3326 noster
1662 3271 1999 3342 historicus,
2031 3271 2300 3326 indictio-

652 3375 786 3414 nem
820 3363 960 3414 tunc
992 3359 1185 3415 adhuc
1208 3361 1528 3416 secundam
1561 3361 1916 3418 cucurrisse.

723 3483 823 3539 Ill.
893 3485 1032 3540 Post
1085 3489 1432 3540 coronatum
1482 3485 1893 3557 Palaaologum,
1923 3485 2023 3556 qui
2057 3486 2309 3542 maxime

659 3572 909 3629 illustris
975 3580 1219 3630 eventus
1269 3574 1534 3646 contigit,
1584 3574 1695 3629 fuit
1742 3577 2104 3647 recuperatio
2138 3577 2307 3648 regia:

653 3662 820 3716 urbis
901 3664 1126 3718 dudum
1186 3667 1479 3734 occupatae
1559 3663 1915 3735 insessaeque
1971 3682 2004 3718 a
2061 3665 2305 3720 Latinis.

659 3753 843 3816 Quare
875 3748 1056 3823 digna
1088 3756 1175 3807 est
1216 3769 1307 3806 res
1357 3753 1526 3822 cujus
1558 3757 1803 3823 patrata:
1851 3757 2086 3825 tempus
2135 3753 2309 3824 paulo

652 3841 994 3914 diligentius
1045 3843 1395 3914 exploretur.
1451 3843 1664 3897 Narrat
1722 3843 1886 3898 illam
1947 3844 2211 3899 noster].
2247 3861 2307 3914 ιι,

654 3948 705 3985 c.
747 3932 983 3999 26—38,
1019 3950 1133 4003 prae
1167 3933 1396 3987 cunctis
1419 3931 1549 3987 aliis
1585 3932 1645 3986 in
1668 3933 1777 3987 isto
1810 3940 2162 4003 argumento
2183 3950 2312 3989 ver-

656 4022 801 4076 satis
832 4022 1068 4094 copiose
1099 4039 1165 4077 ac
1199 4022 1534 4093 diligenter.
1570 4026 1648 4077 De
1680 4028 1944 4093 tempore
1976 4022 2096 4078 haec
2118 4023 2309 4078 solum

661 4111 840 4166 tradit
898 4112 1007 4167 sub
1071 4113 1245 4167 finem
1305 4128 1354 4167 c.
1411 4112 1499 4178 27,
1535 4116 1767 4183 captam
1803 4113 2005 4167 urbem
2039 4131 2071 4166 a
2102 4112 2312 4168 Cesare

655 4197 855 4252 Alexio
888 4198 1296 4270 Strategopulo
1329 4199 1422 4252 die
1464 4203 1679 4254 sanctae
1730 4201 1908 4254 Annae
1943 4199 2147 4255 matris
2179 4200 2309 4255 Dei-

655 4304 806 4358 parze
854 4304 1023 4342 sacra
1074 4289 1280 4360 quinta
1313 4293 1371 4344 et
1400 4288 1678 4344 vicesima
1709 4290 1934 4345 mensis
1964 4289 2138 4356 Julii;
2171 4307 2308 4346 nam

651 4395 716 4434 eo
752 4380 844 4454 die
879 4379 1059 4434 Graeci
1101 4386 1159 4435 S.
1221 4383 1399 4434 Annae
1461 4380 1824 4447 memoriam,
1890 4381 2072 4451 pridie
2131 4397 2307 4452 quam

655 4469 838 4523 Latini
874 4469 1127 4539 soleant,
1176 4471 1396 4524 colunt.
1441 4476 1677 4524 Annum
1719 4470 1996 4541 exprimit
2024 4471 2312 4541 Georgius

651 4557 1008 4629 Acropolita,
1072 4558 1244 4628 cujus
1275 4557 1334 4612 in
1387 4557 1496 4613 hoc
1556 4563 1765 4613 eventu
1817 4558 1996 4614 ﬁnem
2052 4559 2312 4613 historiae

653 4663 772 4701 sum
833 4647 1142 4718 defigentis
1201 4646 1379 4702 verba
1438 4646 1558 4701 haec
1617 4645 1899 4718 leguntur
1959 4665 2015 4719 p.
2081 4649 2182 4702 100
2216 4649 2308 4703 ed.

655 4736 836 4807 Reg:
911 4734 1012 4789 Καὶ
1087 4736 1120 4802 ἡ
1194 4733 1602 4790 Κωνσταντῖνου
1669 4735 1902 4808 προνοίᾳ
1973 4739 2106 4789 Θεοῦ
2165 4733 2317 4797 αὖθις

650 4824 754 4878 ὑπὸ
814 4829 977 4900 χεῖρα
1008 4829 1103 4879 τοῦ
1140 4823 1408 4901 βασιλέως
1451 4829 1558 4878 τῶν
1593 4824 1884 4896 Ῥωμαίων
1919 4824 2129 4898 ἐγένετο
2181 4825 2317 4880 κατὰ

650 4911 820 4988 λόγον
873 4911 1084 4968 δίκαιόν
1140 4935 1200 4969 τε
1256 4914 1346 4968 καὶ
1403 4916 1754 4988 προσήκοντα
1787 4913 2024 4970 Ἰουλίου
2057 4915 2311 4984 εἰκοστὴν

648 5003 738 5058 καὶ
799 5005 1057 5076 πέμπτην
1121 5002 1393 5080 ἄγοντος,
1451 5001 1620 5074 οὕσης
1686 5002 2058 5075 ἐπινεμήσεως
2119 5004 2313 5079 τετάρ-

645 5115 768 5163 της,
827 5094 916 5148 καὶ
981 5094 1085 5148 ἀπὸ
1147 5095 1406 5169 γενέσεως
1465 5093 1676 5166 κόσμου
1735 5087 1885 5155 ἔτους
1918 5090 2098 5165 ὄντος,
2129 5095 2312 5168 ,ςψξθλ

653 5184 755 5238 ὑπὸ
814 5188 923 5238 τῶν
987 5183 1202 5260 ἐχθρῶν
1265 5185 1611 5258 κρατουμένη
1685 5184 1919 5258 χρόνους
1978 5186 2316 5254 πεντήκοντα

649 5273 740 5328 καὶ
777 5273 948 5331 ὀκτώ.
981 5277 1046 5330 Et
1100 5275 1602 5345 Constantinopolis
1641 5275 1996 5343 providentia
2044 5277 2143 5330 Dei
2183 5293 2312 5330 rur-

649 5382 741 5420 sus
766 5366 867 5420 sub
925 5382 1099 5420 manu
1156 5367 1509 5436 imperatoris
1573 5364 1944 5419 Romanorum
1983 5364 2119 5432 fuit,
2153 5373 2315 5434 prout

653 5456 804 5512 123
843 5457 1063 5527 justum
1111 5461 1163 5510 et
1205 5455 1532 5511 conveniens
1580 5463 1718 5520 erat,
1772 5455 1917 5510 Julii
1972 5457 2179 5510 mensis
2227 5454 2317 5510 die

645 5545 840 5616 quinto
873 5549 927 5601 et
956 5548 1239 5613 vicesimo,
1274 5544 1585 5600 indictione
1610 5551 1834 5614 quarta,
1879 5560 2028 5599 anno
2071 5545 2137 5599 ab
2189 5545 2316 5600 orba

645 5635 862 5691 condito
892 5636 1056 5706 6769,
1085 5639 1370 5707 postquam
1401 5633 1459 5688 in
1507 5637 1782 5705 potestate
1815 5634 2058 5690 hostium
2118 5636 2316 5705 fuisset

648 5725 822 5782 annis
851 5726 1262 5798 quinquaginta
1310 5728 1446 5781 octo.
1499 5723 1594 5782 Sic
1634 5722 1990 5795 Acropolita,
2041 5728 2314 5780 accurato

2344 4606 2392 4667 D

2493 1967 2584 2023 ιν.
2619 1969 2811 2023 Restat
2845 1968 3118 2024 ultimum
3170 1987 3236 2025 ex
3277 1970 3592 2042 propositis
3635 1977 3809 2042 caput
3838 1972 4080 2042 epochre

2419 2057 2969 2129 certaailligandum
3021 2061 3326 2115 excmcatio
3381 2061 3547 2132 pueri
3603 2063 3869 2116 Joannis.
3938 2063 4078 2115 Eam

2418 2152 2618 2201 noster
2664 2164 2768 2218 pro
2819 2148 3094 2204 facinoris
3126 2149 3432 2205 atrocitate
3482 2151 3702 2222 tragice
3753 2151 4080 2222 deplorans

2418 2233 2519 2288 lib.
2557 2252 2640 2302 ιιι,
2675 2253 2729 2291 c.
2790 2238 2876 2304 10,
2934 2237 3164 2292 unicam
3225 2239 3507 2308 temporis
3565 2239 4085 2294 circumstantiam

2418 2327 2599 2390 notat,
2630 2325 2768 2378 dum
2798 2329 2919 2379 tam
2950 2327 3271 2381 immanem
3315 2327 3723 2382 carniﬁcinam
3754 2327 3812 2381 in
3851 2328 4085 2399 pupillo

2415 2411 2747 2481 innocente,
2770 2431 2872 2484 pro
2896 2415 3242 2485 imperatore
3261 2417 3662 2472 Romanorum
3681 2419 3806 2487 jam
3847 2417 4082 2486 agnito,

2416 2502 2727 2558 exercitam
2780 2503 3070 2560 horrendo
3114 2523 3260 2561 ausu
3316 2511 3602 2562 memorat
3650 2506 3744 2561 die
3795 2507 4075 2561 omnium

2417 2592 2816 2662 sanctissima,
2850 2594 3250 2650 anniversaria
3282 2595 3548 2651 videlicet
3577 2596 3800 2650 Natalis
3834 2595 4081 2653 Christi.

2415 2683 2650 2736 Annum
2713 2683 3066 2752 investigare
3096 2701 3201 2738 nos
3230 2689 3477 2755 oportet.
3513 2686 3578 2755 [P
3606 2685 3734 2752 511]
3766 2684 3838 2739 Ut
3897 2701 4085 2755 quam

2416 2771 2682 2842 proxime
2710 2777 2843 2842 post
2872 2773 3103 2828 initium
3136 2791 3170 2828 a
3201 2773 3482 2828 Michaele
3513 2773 3835 2844 Palzeologo
3888 2774 4088 2844 impe-

2415 2860 2570 2915 rium
2623 2861 2680 2914 id
2731 2862 3047 2931 opinemur
3104 2863 3348 2926 factum,
3403 2861 3630 2931 subigit
3677 2862 3804 2933 ipse
3855 2863 4093 2934 Pachy-

2415 2965 2624 3018 meres,
2657 2951 2759 3020 qui
2813 2967 2949 3007 cum
2983 2953 3155 3006 modo
3187 2951 3425 3007 laudato
3475 2969 3522 3005 c.
3564 2953 3651 3018 10,
3721 2951 3759 3006 l.
3815 2969 3903 3018 Ill,
3941 2953 4090 3007 scri-

2414 3038 2596 3110 pserit
2621 3043 2908 3094 Joannem
2950 3040 3239 3096 Theodori
3296 3040 3669 3111 imperatoris
3737 3040 4040 3095 heredem
4071 3086 4084 3104 ,

2413 3130 2649 3198 quando
2681 3134 3004 3184 excaecatus
3049 3134 3158 3199 est,
3221 3131 3402 3184 fuisse
3460 3125 3677 3182 παιδίον
3715 3127 3930 3182 ἁπαλὸν
3997 3130 4090 3182 καὶ

2331 3232 2376 3303 c
2420 3213 2589 3289 μηδὲν
2622 3214 2698 3270 ἔτι
2738 3215 2933 3291 σχεδὸν
2967 3218 3169 3277 τελέως
3199 3217 3233 3285 ἢ
3277 3218 3340 3271 τὸ
3389 3217 3601 3293 χαίρειν
3632 3218 3666 3286 ἢ
3701 3218 3759 3270 τὸ
3795 3217 4093 3271 λυπεῖσθαι

2429 3305 2619 3377 μαθὸν,
2678 3305 2768 3360 καί
2819 3307 2871 3380 γ’
2930 3305 2980 3360 ἐν
3043 3304 3143 3378 ἴσῳ
3193 3308 3476 3378 τιθέμενον
3535 3307 3597 3360 τό
3653 3308 3701 3360 τ’
3741 3303 3939 3382 ἄρχειν
4000 3309 4094 3361 καὶ

2421 3397 2708 3469 ἄρχεσθαι,
2767 3403 2823 3453 et
2881 3397 3056 3469 paulo
3112 3398 3360 3453 inferius
3427 3400 3524 3450 τοῦ
3587 3397 3823 3472 βρέφους
3889 3399 4090 3471 μικρὸν

2423 3480 2798 3560 ὑπερϐεϐηκὸς
2861 3482 3098 3540 παιδίον.
3153 3487 3285 3543 Jam
3318 3491 3513 3542 tamen
3546 3487 3584 3541 Ι.
3641 3504 3680 3557 ι,
3717 3505 3766 3552 c,
3804 3489 3896 3554 13,
3932 3491 4089 3542 afﬁr-

2423 3581 2684 3631 maverat
2715 3579 3013 3646 eumdem,
3047 3593 3181 3632 cum
3241 3581 3330 3632 est
3360 3579 3487 3647 ejus
3522 3582 3688 3648 pater
3734 3575 4088 3632 Theodorus

2423 3670 2716 3730 mortuus,
2775 3665 2956 3720 fuisse
3010 3682 3357 3720 novennem.
3421 3665 3567 3720 Huic
3628 3665 3784 3720 enim
3843 3668 4006 3720 aetati
4040 3667 4083 3720 si

2422 3758 2541 3808 tres
2574 3758 2898 3823 quatuorve
2931 3753 3064 3807 anni
3102 3754 3465 3816 accederent,
3490 3754 3615 3820 jam
3654 3753 3705 3807 is
3738 3770 3924 3824 prope
3984 3772 4086 3826 pu-

2422 3843 2714 3898 bertatem
2765 3843 3081 3912 attigisset,
3137 3844 3374 3912 quando
3415 3848 3505 3896 est
3571 3849 3927 3905 excmcatus.
3989 3859 4090 3898 nec

2426 3950 2568 3989 sane
2599 3935 2742 3987 dicit
2771 3939 2970 4004 posset
3002 3934 3286 4004 puerulus
3316 3933 3553 4004 paulum
3577 3936 3748 3988 modo
3770 3933 4088 3988 infantiam

2426 4022 2732 4078 excedens:
2790 4034 2846 4077 et
2906 4023 3262 4094 imperandi,
3324 4039 3390 4076 ac
3451 4023 3720 4092 parendi,
3785 4023 4092 4092 gaudendi

2426 4111 2782 4182 dolendique
2815 4111 3134 4166 discrimen
3172 4111 3475 4182 ignorans.
3504 4116 3625 4165 [mo
3649 4111 3695 4165 si
3722 4118 3877 4164 recte
3916 4113 4092 4165 ratio-

2428 4217 2532 4256 nes
2565 4200 2860 4272 ponimus,
2907 4205 3436 4272 quantumcunque
3492 4199 3842 4255 festinemus
3890 4202 3949 4254 in
4001 4217 4087 4254 re-

2429 4291 2838 4362 praesentando
2894 4289 3114 4345 crudeli
3170 4291 3307 4360 regii
3375 4289 3536 4360 pueri
3615 4288 3957 4360 supplicio,
4005 4290 4092 4343 vix

2430 4380 2757 4450 poterimus
2789 4379 3024 4450 assequi
3078 4385 3143 4434 ut
3185 4379 3504 4434 verisimile
3557 4379 3877 4433 reddamus
3935 4379 4090 4449 quod

2431 4468 2503 4522 de
2546 4473 2667 4522 tam
2720 4468 3035 4522 immatura
3091 4468 3489 4522 teneritudine
3536 4467 3786 4536 pueruli,
3848 4469 4089 4537 quando

2431 4562 2520 4614 est
2575 4561 2940 4626 excaecatus,
3000 4557 3331 4612 affirmatur
3387 4575 3419 4610 τι
3479 4562 3714 4610 nostro.
3765 4556 4094 4627 Fingamus

2422 4646 2576 4702 enim
2612 4646 2697 4701 vel
2736 4647 2922 4718 primo
2953 4646 3078 4717 ipso
3106 4647 3199 4701 sui
3235 4647 3601 4717 principatus
3634 4662 3787 4700 anno
3821 4647 4090 4700 srevitnm

2428 4741 2546 4790 tam
2599 4736 2872 4789 atrociter
2929 4735 3271 4791 aMichaele
3326 4734 3648 4806 Palasologo
3683 4735 3737 4787 in
3795 4735 4089 4805 pupillum

2429 4826 2747 4880 insontem.
2779 4829 2924 4880 Cum
2960 4825 3010 4880 is
3035 4843 3246 4889 annus,
3274 4829 3337 4878 ut
3360 4825 3642 4890 diximus,
3679 4823 4091 4879 fueritChristi

2431 4916 2590 4982 1260,
2623 4915 2670 4969 si
2707 4916 2832 4984 jam
2865 4920 3012 4981 tum,
3047 4916 3284 4985 quando
3319 4915 3662 4968 Theodorus
3692 4914 3946 4969 Joannis
3991 4931 4090 4985 pu-

2427 5004 2550 5076 pilli
2587 5012 2746 5076 pater
2773 5007 3035 5072 Augusto
3063 5021 3265 5059 mense
3287 5003 3426 5058 anni
3464 5003 3604 5057 1259
3647 5003 3842 5058 vivere
3895 5005 4086 5067 desiit,

2427 5093 2554 5163 ipse
2577 5094 2703 5163 jam
2731 5093 3015 5148 novennis
3053 5094 3262 5160 fuerat,
3295 5097 3359 5147 ut
3419 5092 3804 5163 Pachymeres
3847 5095 4081 5155 asserit,

2429 5181 2634 5252 utique
2665 5182 2737 5234 25
2767 5181 3104 5238 Decembris
3131 5182 3224 5236 die
3258 5181 3395 5235 anni
3435 5181 3592 5248 1260,
3645 5187 3808 5236 sexto
3859 5181 4085 5236 decimo

2426 5271 2699 5326 videlicet
2730 5276 2859 5339 post
2892 5289 3113 5336 mense,
3150 5269 3514 5325 undcccnnis
3549 5269 3731 5324 fuisse
3781 5270 4088 5336 debuerat,

2428 5361 2600 5431 cujus
2631 5361 2820 5415 aetatis
2864 5361 3048 5429 pueri,
3084 5360 3410 5432 praesertim
3444 5359 3677 5414 educati
3713 5360 3895 5430 regie,
3935 5359 4084 5414 haud

2427 5450 2619 5506 solent
2649 5450 2801 5505 724
2833 5451 3129 5519 gaudendi
3171 5449 3527 5519 dolendique
3557 5449 3828 5519 ignorare
3877 5449 4087 5503 discri-

2427 5557 2584 5596 men.
2620 5538 2748 5594 Haec
2778 5539 2924 5595 mihi
2957 5557 3137 5595 causa
3167 5539 3446 5611 opinandi
3479 5543 3569 5592 est
3620 5555 3830 5609 parum
3891 5545 4086 5593 exacte

2428 5630 2722 5702 proditim
2783 5648 2816 5684 a
2875 5631 3229 5701 Pachymere
3284 5627 3531 5685 Joannis
3564 5628 3727 5698 pueri
3759 5633 3996 5684 aetatem
4027 5629 4082 5682 in

2429 5719 2612 5792 patris
2650 5725 2856 5776 morte.
2891 5720 3208 5792 Potiusque
3239 5718 3531 5775 assentior
3551 5717 3801 5790 Georgio
3834 5721 4081 5790 Acropo-
