4218 6450
186 447 320 504 1181

1611 445 2222 500 CHRONOLOGICUS.

3444 441 3581 496 1182

182 569 320 635 litae,
352 568 453 640 qui
485 586 533 624 c.
565 569 637 622 75
667 585 784 623 suae
819 566 1284 632 Historiz,relata
1314 571 1498 620 morte
1529 567 1818 622 Theodori
1853 571 1906 634 Α
1940 584 2069 622 nem
2115 570 2242 637 ejus
2287 572 2506 639 patrem
2558 567 2809 622 moriens
2857 566 3171 636 reliquerat
3216 567 3472 620 viduam.
3507 568 3579 620 Ac

183 662 254 715 de
314 660 422 714 hoc
481 660 609 728 ejus
670 658 788 712 filio
847 656 1089 723 scribit;
1133 655 1194 710 Ὀ
1256 654 1353 726 μὶν
1411 654 1525 714 υἱὸς
1581 658 1677 707 τοῦ
1741 655 1836 726 βα-

185 746 379 807 σιλέως
432 744 721 819 Θεοδώρου
769 747 795 797 ὁ
857 746 1110 812 Ἰωάννης
1171 743 1307 796 πάνυ
1358 743 1558 818 ἀφῆλιξ
1604 742 1832 818 ἐτύγχα-

182 859 268 890 νεν
327 837 398 889 ὢν
454 836 504 888 ἐν
576 840 657 906 τῷ
713 839 886 907 καιρῷ
943 839 1042 901 τῆς
1093 831 1350 900 τελευτῆς
1409 836 1504 885 τοῦ
1567 830 1833 906 βασιλέως

186 928 277 981 καὶ
337 928 578 1001 πατρὸς’
641 925 782 978 οὕτω
839 925 939 998 γὰρ
993 921 1216 977 τελείων
1272 921 1526 976 ἐνιαυτῶν
1589 924 1834 996 ὑπῆρχεν

189 1017 353 1070 ὀκτώ·
389 1020 458 1071 Ac
501 1017 653 1085 ﬁlius
701 1014 919 1086 quidem
969 1014 1318 1084 imperatoris
1373 1013 1635 1067 Theodori
1658 1019 1832 1070 Joan-

179 1124 275 1161 nes
311 1107 464 1161 valde
494 1111 812 1160 immatura
841 1105 948 1172 fuit
1000 1106 1207 1169 aetatis,
1265 1102 1481 1172 quando
1531 1103 1837 1172 imperator

181 1201 304 1263 eius
338 1201 506 1266 pater
554 1203 632 1249 est
687 1202 941 1247 mortuus
1005 1209 1017 1246 :
1069 1208 1284 1246 annum
1341 1193 1536 1262 quippe
1592 1192 1836 1245 nondum

178 1291 434 1342 octavum
460 1284 803 1354 impleverat.
840 1282 924 1336 Ita
949 1280 1188 1336 ille.Hoc
1223 1281 1459 1335 omnino
1493 1281 1831 1335 tenendum.

182 1378 418 1429 Certum
453 1389 624 1444 porro
655 1376 745 1426 est
764 1375 899 1426 ante
931 1374 1221 1440 receptam
1261 1368 1831 1440 Constantinopolim

180 1469 238 1519 et
270 1463 591 1518 solemnem
623 1459 926 1516 Michaelis
956 1457 1264 1529 Palaeologi
1309 1457 1551 1528 Augusti
1613 1458 1669 1512 in
1703 1473 1831 1512 eam

186 1554 545 1623 ingressum,
579 1551 678 1622 qui
710 1551 803 1604 die
836 1550 903 1602 15
935 1548 1155 1602 mensis
1202 1549 1450 1618 Augusti
1507 1564 1659 1602 anno
1693 1547 1825 1600 1261

184 1647 460 1712 peractus
492 1646 601 1706 est,
656 1655 768 1693 non
811 1638 991 1692 fuisse
1044 1653 1288 1707 puerum
1336 1636 1622 1690 Joannem
1657 1652 1832 1689 exesa-

180 1736 406 1785 catum.
437 1729 620 1784 Multa
651 1728 807 1782 enim
840 1743 964 1796 quae
997 1726 1379 1795 Pachymeres
1413 1744 1444 1778 a
1477 1742 1525 1778 c.
1561 1724 1831 1788 33,1ib.u,

178 1821 249 1872 ad
283 1819 340 1887 9,
370 1818 471 1872 lib.
505 1834 590 1881 in,
619 1815 1174 1883 memorat,omuino
1210 1820 1337 1882 post
1369 1821 1598 1883 captam
1627 1815 1830 1867 urbem

1944 657 1992 711 si
2025 657 2214 726 spatia
2246 659 2418 712 rebus
2449 673 2516 711 ea
2546 658 2852 712 occasione
2903 658 3049 711 actis
3107 672 3366 726 congrua
3397 655 3588 709 dime-

1945 747 2144 814 timur,
2196 753 2349 800 certe
2397 747 2797 817 intelligemus
2866 763 2979 799 non
3043 745 3306 815 potuisse
3357 744 3586 797 Arsenii

1943 837 2293 892 evectionem
2312 839 2379 892 ad
2400 839 2790 909 patriarchatu
2805 855 2856 891 m
2875 843 3007 891 ante
3027 853 3282 890 mensem
3304 837 3432 904 ejus
3451 835 3589 889 anni

1946 924 2218 979 ultimum
2255 926 2400 980 fieri.
2437 927 2580 981 Nam
2632 927 2956 997 penultimo
3013 924 3322 978 Novembri
3384 940 3585 993 perso-

1942 1012 2082 1067 lutis
2116 1015 2404 1068 decessori
2466 1015 2691 1084 parenti
2750 1015 3054 1068 funeribus
3105 1014 3308 1081 justis,
3367 1012 3585 1066 delibe-

1941 1104 2090 1156 ratio
2124 1105 2193 1156 de
2227 1104 2560 1174 patriarcha
2592 1104 2736 1158 inita
2782 1110 2870 1158 est
2904 1121 2935 1156 a
2966 1103 3290 1156 Theodoro.
3329 1102 3585 1156 Primum

1942 1208 2054 1262 que
2088 1192 2288 1246 multis
2321 1194 2765 1264 circumspectis
2797 1193 2855 1246 in
2886 1191 3206 1262 Nicephoro
3240 1192 3584 1257 Blemmida,

1941 1297 2052 1348 quo
2083 1281 2467 1351 philOSOphize
2506 1282 2786 1354 magistro
2837 1298 3023 1336 novus
3073 1281 3400 1350 imperator
3442 1295 3588 1335 usus

1942 1369 2150 1437 fuerat,
2181 1369 2509 1441 designatio
2542 1369 2824 1425 consedit.
2857 1370 3068 1425 Verum
3115 1369 3236 1437 illo,
3271 1374 3587 1440 postquam

1941 1457 2112 1529 longe
2144 1459 2356 1514 absens
2407 1459 2687 1515 invitatus
2737 1464 2826 1514 est
2875 1475 2976 1530 per
3014 1459 3274 1520 nuntios.
3308 1459 3586 1513 honorem

1939 1547 2324 1611 detrectante,
2360 1565 2508 1603 nova
2537 1548 2844 1619 inquisitio
2868 1547 3025 1615 digni
3060 1547 3158 1602 tali
3191 1547 3314 1602 loco
3346 1547 3452 1600 viri
3487 1549 3588 1601 de-

1939 1637 2032 1691 siit
2061 1638 2118 1692 in
2166 1638 2446 1706 Arsenio;
2498 1639 2594 1706 qui
2644 1638 2897 1693 oblatam
2949 1637 3294 1708 dignitatem
3342 1636 3590 1690 libenter

1939 1727 2256 1781 admittens
2303 1745 2369 1781 ex
2415 1727 2769 1782 monasterio
2832 1727 2902 1781 ad
2950 1726 3141 1780 lacum
3188 1724 3588 1796 Apolloniadis

1937 1817 2070 1879 sito,
2107 1816 2205 1870 ubi
2239 1816 2414 1870 vitam
2444 1815 2773 1887 religiosam
2805 1815 3128 1880 exercebat,
3175 1814 3424 1869 Niceam
3454 1831 3583 1884 pro-

182 1911 241 1961 et
289 1910 423 1960 ante
465 1904 745 1960 Joannem
795 1907 1142 1957 excaecatum
1188 1903 1506 1972 contigisse
1556 1902 1829 1971 oportuit.
1863 1921 1910 1985 B
1942 1905 2148 1974 fectus,
2186 1905 2261 1959 ibi
2313 1905 2500 1975 spatio
2556 1905 2941 1959 hebdomadis
2994 1904 3170 1958 unius
3220 1904 3358 1974 (non
3413 1903 3586 1957 unius

185 1995 340 2058 Quia
367 2011 500 2048 vero
533 2011 638 2048 nec
674 2009 916 2047 numero
950 2008 1053 2046 nec
1085 2007 1294 2061 genere
1351 1991 1450 2044 illa
1504 1990 1643 2043 talia
1697 1994 1836 2044 sunt

183 2089 248 2138 ut
282 2085 475 2153 majus
507 2082 922 2153 quadrimestri
957 2080 1217 2149 spatium
1253 2079 1481 2149 exigere
1505 2080 1832 2146 videantur,

179 2173 356 2243 plane
389 2189 600 2227 censeo
630 2171 808 2239 hujus
833 2171 1096 2239 ejusdem
1132 2169 1269 2222 anni
1307 2169 1436 2221 1261
1487 2167 1580 2221 die
1637 2173 1833 2220 octavo

178 2263 310 2316 Kal.
345 2261 683 2326 Januarias,
716 2260 928 2314 Christi
966 2263 1266 2328 nempe,ut
1297 2256 1680 2327 Pachymeres
1713 2259 1833 2310 tra-

180 2352 290 2417 dit,
327 2350 698 2418 natali,jussu
735 2348 981 2403 barbaro
1005 2348 1215 2401 tutoris
1239 2351 1294 2401 et
1323 2345 1554 2416 collega:
1581 2344 1830 2400 Michae-

181 2440 258 2495 lis
309 2439 612 2511 Palaaologi
657 2440 935 2493 Joannem
985 2443 1311 2507 Augustum
1365 2452 1606 2506 puerum
1663 2433 1832 2504 paulo

187 2531 472 2598 majorem
503 2529 752 2583 novcnni
793 2528 970 2581 fuisse
1017 2526 1339 2578 liliili;.ilius
1388 2525 1651 2577 (irligtluzi‘.
1690 2529 1743 2576 cl.
1772 2522 1828 2575 in

187 2624 470 2672 aeternam
523 2616 852 2672 custodiam
905 2615 1054 2668 arcis
1107 2615 1429 2684 Ducjbitza:
1510 2614 1830 2674 Communi,

188 2711 356 2761 sexto
386 2723 540 2760 anno
567 2709 824 2758 vertente
857 2705 926 2757 ab
984 2703 1432 2771 inauguratione
1475 2701 1656 2770 patris
1706 2701 1832 2769 ejus

188 2795 500 2862 Theodori,
543 2794 663 2860 tali,
700 2799 762 2847 ut
794 2793 1070 2856 vidimus,
1129 2793 1220 2846 die
1270 2792 1453 2845 sacris
1505 2792 1562 2844 in
1615 2789 1832 2860 templo

181 2883 551 2938 caeremoniis
584 2887 833 2953 peracta.

845 3004 1076 3060 CAPUT
1117 3004 1182 3056 V.

188 3105 563 3175 Chronologin
593 3104 1090 3175 patriarcharum,
1121 3100 1361 3175 Arsami,
1403 3100 1744 3175 Nicephori,
1781 3105 1834 3155 et

259 3172 733 3236 iterum'Ars'enii.
766 3175 865 3245 qui
893 3175 989 3229 sub
1021 3173 1280 3228 Michaele
1313 3174 1625 3242 Palmologo
1654 3172 1833 3227 sedem

254 3247 942 3318 Constantinopolitanam
969 3249 1288 3300 tenuerunt.

253 3365 296 3418 l.
335 3363 520 3418 Multa
549 3367 687 3417 sunt
732 3362 788 3415 in
833 3366 1091 3430 tempore
1140 3361 1464 3429 ingressus,
1526 3359 1735 3428 exitus,
1765 3358 1824 3412 in

174 3453 390 3524 spatiis
419 3453 548 3506 vitae
571 3467 636 3506 ac
670 3451 826 3506 sedis
854 3451 1061 3504 horum
1096 3448 1558 3519 patriarcharum
1594 3449 1674 3502 ita
1690 3463 1830 3502 con-

175 3543 333 3609 fusa,
354 3545 418 3595 ut
446 3539 585 3594 viris
615 3539 791 3594 etiam
828 3538 1058 3608 magnis
1088 3554 1200 3591 non
1235 3537 1600 3592 occasionem
1634 3536 1828 3605 modo,

173 3632 278 3685 sed
317 3628 731 3684 necessitatem
764 3627 995 3682 errandi
1030 3625 1366 3696 objecerint.
1404 3625 1574 3696 Atqui
1620 3642 1732 3679 non
1767 3629 1831 3679 ut

176 3719 286 3788 illi,
322 3719 535 3773 horum
569 3734 696 3788 quae
742 3718 999 3787 primum
1054 3715 1228 3770 modo
1283 3715 1614 3785 produntur
1645 3714 1831 3768 desti-

176 3809 291 3863 tuti
324 3809 456 3862 luce
497 3811 1034 3872 monumentorum,
1083 3806 1226 3858 citra
1268 3803 1499 3874 culpam
1550 3807 1605 3858 et
1636 3818 1830 3872 repre-

179 3896 688 3966 hensionisjustaa
743 3894 1014 3949 meritum
1072 3895 1128 3947 in
1167 3893 1258 3947 his
1319 3894 1598 3947 titubasse
1630 3897 1830 3961 potue-

176 3993 342 4051 runt,
398 3985 569 4040 nobis
628 3987 791 4050 item,
841 3984 890 4038 si
940 3983 1080 4055 quid
1134 3982 1573 4048 offenderimus,
1621 3980 1832 4036 similis

177 4077 362 4131 veniae
390 4073 644 4128 conditio
679 4089 742 4127 ac
776 4088 910 4142 spes
942 4073 1287 4126 ostenditur.
1325 4073 1530 4139 Quare,
1566 4070 1678 4125 nisi
1728 4071 1833 4125 de-

179 4168 317 4221 bere
351 4163 622 4218 volumus
657 4161 883 4233 [R512]
920 4160 1160 4215 multam
1185 4160 1549 4230 negligentia:
1576 4159 1830 4226 nomine,

183 4252 572 4310 annitendum
607 4256 695 4305 est
729 4251 896 4305 nobis
933 4255 988 4304 et
1023 4266 1123 4320 pro
1157 4249 1304 4303 virili
1359 4250 1830 4304 contendendum

181 4344 242 4398 in
278 4344 393 4397 isto
423 4338 603 4395 semel
636 4339 721 4393 sic
755 4339 1053 4409 purgando
1089 4338 1231 4403 loco,
1283 4345 1344 4391 ut
1395 4355 1528 4392 eum
1561 4337 1832 4406 deinceps

181 4432 267 4486 vel
303 4429 617 4485 mediocris
650 4427 894 4482 attentio
927 4427 1176 4498 legentis
1217 4427 1499 4482 inoffenso
1533 4432 1708 4498 queat
1737 4441 1830 4480 ve-

183 4522 359 4592 stigio
393 4519 722 4572 decurrere.
754 4516 870 4572 Hoc
904 4517 1179 4587 deinceps
1211 4516 1576 4572 conabimur.
1625 4516 1832 4570 Sedem

180 4606 889 4676 Constantinopolitanam
922 4605 1246 4675 imperante
1287 4605 1565 4660 Michaele
1612 4604 1826 4661 Palico-

1941 1993 2076 2061 diei,
2142 1999 2203 2047 ut
2279 2011 2578 2064 perperam
2645 1995 2885 2064 ponitur
2939 1993 3093 2064 apud
3151 1993 3584 2063 Spondanum),

1943 2081 2140 2148 unius,
2169 2082 2430 2152 inquam,
2468 2082 2848 2137 hebdomadis
2898 2083 3086 2152 spatio
3146 2081 3451 2146 diaconus,
3489 2098 3584 2134 sa-

1940 2172 2142 2225 cerdos
2173 2179 2228 2225 et
2264 2172 2595 2240 patriarcha
2626 2171 2931 2225 ordinatus
2980 2176 3088 2224 est.
3143 2169 3422 2239 Idemque
3452 2186 3587 2223 mox

1942 2259 2153 2315 ritibus
2184 2259 2243 2313 in
2274 2261 2519 2315 ecclesia
2550 2261 2846 2315 consuetis
2892 2259 3264 2315 Theodorum
3312 2259 3583 2313 eumdem

1942 2349 2346 2420 imperatorem
2379 2350 2694 2404 coronavit.

2016 2474 2082 2528 ll.
2119 2474 2298 2528 Nemo
2349 2492 2461 2529 non
2495 2475 2648 2529 videt
2697 2475 2750 2528 in
2805 2475 2897 2529 his
2948 2465 3115 2529 facile
3169 2475 3433 2529 consumi
3484 2474 3582 2528 dc-

1943 2563 1953 2613 l
1988 2564 2138 2616 iis-5.:
2166 2563 2530 2616 int:rvallum
2577 2565 3170 2634 scsquimeustruum,
3219 2568 3282 2616 ut
3331 2562 3421 2615 vix
3456 2570 3580 2615 tan-

1941 2653 2069 2704 dem
2107 2654 2213 2706 sub
2242 2653 2498 2705 medium
2531 2652 2901 2706 Decembrem
2955 2651 3380 2722 possessionem
3418 2652 3576 2704 adire

1942 2739 2369 2810 patriarchatus
2419 2742 2698 2794 Arsenius
2756 2741 3023 2809 potuerit.
3082 2740 3224 2803 Quia
3285 2755 3476 2809 porro,
3513 2743 3578 2792 ut

1942 2833 2103 2882 notat
2151 2829 2497 2898 Acropolita,
2546 2829 2887 2883 Theodorus
2934 2829 3252 2898 imperator
3299 2832 3571 2881 evocatus

1943 2917 2379 2988 Adrianopolim
2412 2917 2772 2972 instantibus
2821 2919 3040 2978 causis.
3086 2917 3355 2986 eXpedire
3390 2933 3449 2970 se
3480 2916 3581 2970 Ni-

1941 3021 2065 3060 caea:
2118 3006 2426 3060 festinabat
2478 3006 2809 3061 necessaria
2865 3006 3207 3061 ceremonia
3265 3006 3581 3076 inaugura-

1943 3094 2114 3148 tionis
2146 3111 2284 3158 suae,
2318 3111 2442 3164 quae
2478 3095 2666 3165 prima
2695 3095 2745 3150 ei
2779 3101 2912 3166 apta
2947 3111 3007 3149 se
3049 3094 3264 3149 obtulit
3295 3093 3416 3148 dics
3451 3093 3585 3162 (fuit

1941 3199 2008 3237 ea
2036 3183 2249 3239 Christi
2288 3183 2540 3250 natalis),
2574 3183 2632 3238 in
2667 3200 2732 3238 ea
2763 3183 2946 3238 sacris
3000 3185 3253 3254 primum
3305 3187 3582 3253 Operante

1859 3306 1899 3371 Ο
1947 3272 2274 3344 patriarcha
2298 3271 2615 3327 solemnem
2676 3272 2733 3328 in
2787 3271 3003 3343 templo
3053 3271 3480 3326 coronationem
3515 3287 3580 3325 ac

1939 3363 2090 3432 cepit
2121 3362 2213 3416 die
2243 3363 2314 3415 25
2360 3362 2716 3428 Decembris,
2750 3380 2782 3416 a
2814 3379 2930 3432 qua
2973 3361 3086 3424 die.
3143 3378 3270 3431 quae
3304 3365 3464 3415 sexta
3495 3365 3580 3414 est

1935 3456 2259 3516 numerata,
2318 3450 2654 3506 Decembris
2712 3453 2783 3506 30
2840 3452 3132 3506 horrenda
3179 3450 3322 3504 solis
3374 3449 3580 3521 eclipsi

1934 3539 2043 3594 fuit
2076 3539 2652 3612 insignis.Habemus
2675 3555 2742 3594 ex
2774 3539 2862 3594 his
2895 3539 3127 3594 initium
3161 3539 3318 3594 sedis
3349 3538 3578 3593 Arsenii

1934 3630 2092 3685 omni
2146 3629 2422 3684 firmitate
2465 3630 2848 3684 constitutum
2920 3629 2978 3684 in
3030 3645 3228 3684 mense
3281 3619 3583 3684 Decembri

1937 3720 2070 3774 anni
2109 3720 2245 3774 1255
2277 3736 2308 3773 a
2351 3718 2582 3774 Christo
2634 3724 2789 3774 nato.
2845 3719 3236 3773 Perseveravit
3292 3717 3428 3770 inde
3480 3715 3578 3771 ille

1935 3808 1992 3863 in
2045 3807 2368 3880 tranquilla
2419 3808 2710 3863 fonctione
2767 3807 3200 3878 patriarchatus
3267 3822 3455 3877 usque
3507 3806 3578 3860 ad

1937 3903 2180 3954 mortem
2216 3897 2502 3953 Theodori
2535 3897 3062 3969 imperatoris,qua3
3095 3911 3295 3951 mense
3319 3899 3579 3962 Augusto

1937 3989 2070 4044 anni
2097 3987 2310 4043 Christi
2344 3988 2481 4041 1259
2510 3987 2725 4054 evenit,
2759 4003 2982 4042 necnon
3016 4003 3204 4057 usque
3235 3987 3305 4040 ad
3329 3984 3574 4039 evectio-

1937 4092 2069 4132 nem
2096 4077 2154 4131 in
2180 4077 2490 4147 imperium
2513 4075 2812 4131 Michaelis
2829 4074 3156 4146 Palaeologi,
3171 4090 3341 4144 quem
3371 4079 3425 4128 et
3448 4089 3578 4128 coro

1936 4165 2176 4230 navit,et
2206 4166 2440 4236 quidem
2472 4165 2898 4230 solum,contra
2927 4181 3102 4236 quam
3138 4169 3425 4220 statutum
3454 4163 3578 4216 fue—

1937 4259 2063 4322 rat;
2097 4255 2250 4326 quod
2285 4255 2394 4308 fuit
2427 4253 2658 4309 initium
2683 4252 2992 4324 dejiciendi
3016 4254 3086 4308 ab
3107 4269 3207 4324 spe
3237 4251 3467 4322 i-:.perii
3493 4268 3572 4306 re-

1939 4345 2290 4415 digendique
2321 4343 2377 4397 in
2413 4343 2673 4399 ordinem
2699 4341 2949 4397 infelicis
2982 4343 3141 4413 pueri
3174 4341 3422 4397 Joannis
3448 4342 3570 4408 jam

1936 4433 2205 4503 Augusti.
2239 4431 2683 4487 Coronationem
2733 4433 2907 4488 istam
2960 4431 3263 4500 Palsologi
3300 4429 3569 4500 probabi-

1938 4522 2066 4576 liter
2097 4523 2453 4577 conferimus
2485 4522 2544 4576 in
2580 4521 2960 4576 Februarium
3004 4521 3140 4575 anni
3189 4519 3404 4577 Christi
3440 4519 3576 4573 1260

1936 4615 2061 4666 Non
2095 4610 2266 4681 longo
2298 4614 2428 4681 post
2458 4626 2584 4665 eam
2616 4615 2877 4680 tempore
2933 4610 3214 4665 Arsenius
3277 4626 3406 4664 sera
3463 4609 3574 4662 du-

181 4700 312 4771 lngo
347 4695 610 4768 quinque
642 4695 882 4748 omnino
943 4695 1235 4765 patriarcae
1293 4699 1645 4763 tenuerunt;
1679 4711 1820 4765 quo-
1857 4686 1904 4749 D
1934 4704 2063 4755 ctus
2113 4699 2450 4770 pccnitenlia
2498 4699 2796 4755 facilitatis
2857 4717 2997 4765 suae,
3058 4717 3174 4771 qua
3229 4698 3574 4770 permiserat

179 4805 310 4844 rum
348 4802 504 4840 unus
535 4784 712 4839 etiam
739 4784 1018 4838 Arsenius
1045 4783 1126 4838 illi
1163 4785 1424 4840 Ecclesia:
1459 4785 1547 4840 bis
1574 4785 1823 4856 przefuit.

181 4879 443 4933 Priorem
516 4875 693 4944 hujus
761 4873 1224 4944 patriarchatum
1295 4875 1367 4928 ab
1408 4892 1561 4929 anno
1610 4874 1825 4930 Christi

183 4970 322 5022 1255
366 4964 674 5037 procedere
730 4967 848 5017 tam
907 4969 1129 5018 certum
1182 4968 1291 5029 est,
1343 4981 1518 5036 quam
1562 4963 1659 5019 illo
1699 4963 1827 5035 ipso

179 5074 334 5114 anno
388 5053 757 5110 Theodorum
823 5052 1115 5107 Lascarim
1179 5053 1480 5109 Juniorem
1539 5053 1828 5125 imperare

179 5147 468 5218 cepisse;
504 5143 654 5214 quod
705 5141 997 5213 capitibus
1043 5141 1174 5197 libri
1231 5146 1409 5213 hujus
1458 5144 1627 5198 tertio
1677 5144 1820 5201 725

175 5244 235 5293 et
263 5242 475 5309 quarto
508 5232 1068 5288 demonstravimus.
1105 5233 1426 5300 Etenim,ut
1458 5233 1673 5290 diserte
1695 5251 1826 5289 ocu-

177 5328 338 5382 latus
367 5325 537 5379 testis
568 5327 626 5376 et
654 5326 856 5375 auctor
886 5322 1146 5391 cujusvis
1180 5322 1259 5377 rei
1304 5322 1602 5393 loocuples
1649 5326 1825 5378 Acro-

176 5418 361 5489 polita
394 5412 677 5483 Georgius
707 5411 902 5475 tradit,
939 5414 1297 5468 acclamatus
1331 5413 1648 5484 imperator
1677 5414 1827 5470 The-

173 5508 396 5563 odorus
421 5508 550 5574 post
574 5499 752 5572 patris
776 5501 1016 5556 Joannis
1049 5508 1450 5575 mortem,quae
1482 5502 1583 5558 illo
1614 5502 1825 5559 Christi

173 5612 328 5654 anno
363 5593 505 5649 1125
534 5589 706 5645 tertio
741 5589 858 5644 Kal.
905 5590 1263 5647 Novembres
1294 5592 1560 5663 contigit,
1623 5608 1822 5649 curam

178 5684 447 5743 omnium
501 5679 751 5753 primum
802 5679 999 5748 posuit
1046 5679 1106 5736 in
1144 5680 1500 5752 providendo
1559 5681 1824 5738 Ecclesia:

178 5778 434 5849 pastore,
469 5785 648 5842 quam
681 5767 1008 5840 patriarcha
1039 5768 1271 5827 Manuel
1295 5770 1467 5843 paulo
1499 5776 1632 5827 ante
1652 5770 1824 5828 Joan-

1936 4789 2122 4845 omitti
2158 4789 2590 4844 coronationem
2637 4788 2841 4859 pupilli
2894 4789 3174 4860 principis
3218 4791 3345 4859 ejus
3392 4787 3572 4859 potis-

1936 4879 2152 4933 simum
2201 4877 2333 4932 ﬁdei
2385 4893 2417 4930 a
2469 4882 2632 4948 patre
2680 4878 2962 4932 moriente
3002 4878 3413 4943 commendati,
3473 4877 3573 4932 Ni-

1936 4983 2050 5023 caea
2081 4967 2312 5038 fugiens
2342 4968 2398 5020 in
2424 4966 2846 5021 monasterium
2881 4968 3102 5022 dictum
3151 4965 3449 5023 Paschasii
3483 4982 3576 5020 se-

1938 5057 2131 5123 cessit,
2165 5055 2362 5127 ibique
2394 5056 2676 5127 privatam
2707 5072 2878 5126 agere
2925 5056 3103 5111 vitam
3151 5056 3423 5112 instituit.
3463 5056 3574 5110 lloc

1935 5148 2163 5201 videtur
2193 5147 2407 5201 factum
2443 5161 2643 5200 mense
2675 5145 2880 5200 Martio
2913 5146 3050 5200 dicti
3083 5148 3215 5201 anni
3254 5144 3574 5200 l'360.Nam

1936 5238 2064 5308 ejus
2098 5235 2175 5290 rei
2212 5235 2452 5290 nuntius
2475 5235 2736 5306 perlatus
2769 5236 2836 5290 ad
2874 5235 3285 5307 imperatorem
3321 5235 3572 5290 Michae-

1935 5326 2048 5382 lem
2082 5325 2315 5390 dicitur,
2351 5342 2464 5396 quo
2493 5324 2834 5395 tempore'is
2870 5325 3020 5381 726
3051 5327 3318 5394 trajicere
3349 5324 3573 5380 Helles-

1937 5420 2182 5488 pontum
2241 5414 2486 5486 parabat
2542 5414 2613 5468 ad
2658 5416 2954 5470 visendam
3004 5415 3321 5488 Selybriam
3368 5433 3402 5471 a
3451 5415 3574 5470 suis

1936 5511 2163 5575 captam
2206 5503 2379 5575 paulo
2413 5508 2567 5560 ante.
2614 5503 2696 5558 Ita
2726 5504 3131 5575 Pachymeres,
3191 5505 3230 5560 l.
3288 5522 3350 5571 ll,
3400 5521 3450 5559 c.
3480 5505 3570 5560 15.

1937 5595 2108 5651 Recte
2138 5594 2247 5649 hoc
2281 5592 2531 5665 quadrat
2561 5593 2620 5647 in
2653 5593 3006 5666 principium
3056 5595 3290 5667 Aprilis,
3334 5611 3568 5650 vernam

1935 5683 2218 5740 nimirum
2265 5687 2700 5755 tempestatem,
2736 5699 2855 5756 qua
2902 5702 3066 5759 reges
3097 5685 3291 5742 solent
3317 5685 3387 5742 ad
3420 5684 3572 5740 bella

1933 5772 2262 5847 procedere,
2315 5778 2380 5829 ut
2425 5771 2727 5844 Scriptura
2764 5772 3042 5848 loquitur.
3088 5776 3258 5848 Nam,
3307 5787 3371 5838 ut
3418 5773 3568 5832 locet
