4218 6450
649 347 789 402 1183

1677 352 1740 403 Ρ.
1780 348 2056 404 POSSINI
2103 348 2708 407 OBSEBVATIONUM
2745 353 2876 406 LIB.
2919 354 2996 406 III

3914 346 4049 401 1184

646 471 802 526 idem
836 471 1761 544 historicus,Constantinopoleos
1791 475 2288 545 oppugnationem
2318 476 2373 540 Α
2404 474 2808 539 triarcbatum,
2839 475 3037 530 Alexio
3071 471 3475 544 Strategopulo
3509 469 3744 538 Caesari,
3801 470 3902 542 qui
3955 487 4047 526 nr-

648 559 859 614 Mibuel
885 561 1077 615 animo
1109 562 1394 630 versabat,
1426 577 1602 632 quam
1654 579 1712 616 re
1753 562 1881 633 ipsa
1939 567 2026 616 est
2057 578 2291 633 aggres-

647 665 750 702 sus
783 648 1113 718 insequenti
1147 653 1363 704 aestate.
1417 651 1581 704 Tunc
1633 654 1825 704 autem
1860 651 1909 704 is
1959 651 2165 705 itinere
2195 667 2294 705 co-

646 737 828 805 gitato
861 740 1272 807 supersedens,
1303 740 1464 794 dedit
1507 756 1742 810 operam
1795 741 1970 794 rebus
2004 741 2290 804 Ecclesiae,

647 827 862 880 ibidem
895 827 991 880 ubi
1026 833 1162 880 tunc
1194 833 1318 882 erat
1351 828 1650 899 Nymphaai
1674 829 2014 898 persistens,
2050 845 2289 899 congre-

646 915 837 980 ganda
871 917 1090 986 synodo
1145 932 1275 986 qua:
1321 917 1389 970 de
1440 917 1667 971 Arsenii
1717 934 1948 972 secessu
1985 923 2288 973 statueret.

647 1003 919 1071 Synodus
954 1005 1213 1058 Nicetam
1249 1005 1562 1074 quemdam
1599 1006 1682 1076 [P.
1723 1007 1847 1072 513]
1879 1008 1948 1060 ad
1982 1007 2289 1061 Arsenium

649 1091 846 1146 mittil.
883 1091 937 1145 Is
968 1092 1038 1145 ab
1070 1093 1314 1145 Arsenio
1364 1093 1663 1147 renuntiat
1716 1094 1919 1149 cedere
1974 1095 2139 1149 illum
2191 1113 2290 1165 pa-

647 1180 959 1234 triachatu.
996 1180 1097 1233 Hic
1125 1180 1261 1234 ﬁnis
1294 1181 1404 1234 fuit
1437 1181 1647 1251 prioris
1679 1183 1903 1236 Arsenii
1952 1183 2125 1237 sedis.
2161 1184 2291 1245 Qua:

650 1285 784 1322 cum
818 1269 1054 1323 desierit
1081 1269 1262 1339 Aprili
1295 1271 1432 1324 anni
1481 1271 1620 1325 4260
1663 1276 1719 1326 et
1767 1272 2003 1342 cceperit
2050 1272 2293 1326 Decem-

651 1358 737 1411 bri
771 1357 907 1411 anni
944 1359 1101 1425 1255,
1137 1365 1388 1428 quatuor
1419 1377 1706 1415 annorum
1751 1364 1808 1414 et
1860 1366 2136 1431 praeterea
2159 1362 2293 1417 toti-

651 1447 784 1500 dem
818 1446 934 1501 fere
967 1447 1259 1502 mensium
1294 1448 1466 1502 fuerit
1495 1454 1742 1520 oportet.

723 1553 820 1607 Ill.
851 1558 913 1607 'ln
948 1555 1074 1623 ejus
1107 1553 1296 1609 locum
1348 1555 1703 1610 substitutus
1745 1557 1941 1611 statim
1990 1562 2079 1611 est
2131 1557 2296 1614 Nice-

655 1641 874 1712 phorus
905 1647 1044 1696 tunc
1076 1643 1286 1714 Ephesi
1323 1644 1707 1715 metropolita.
1743 1645 1858 1699 Cur
1889 1646 2086 1700 statim
2119 1645 2174 1699 id
2212 1647 2291 1700 fa-

654 1739 814 1784 ctum
849 1731 1081 1784 credam
1133 1748 1312 1786 causa
1355 1737 1461 1801 est,
1508 1734 1647 1803 quia
1699 1734 2009 1788 festinabat
2063 1735 2122 1788 in
2160 1753 2294 1806 pro-

2400 562 2532 618 bem
2566 569 2816 634 ceperat,
2851 563 3100 618 eximius
3135 566 3189 616 et
3223 561 3392 630 plane
3417 560 3917 615 extraordinarius
3945 560 4048 613 ho-

2401 667 2505 706 nos
2538 657 2629 705 est
2660 651 2920 717 habitus,
2948 656 3012 705 ut
3043 650 3240 706 statim
3277 654 3406 720 post
3439 654 3730 719 Augustos
3760 648 3857 719 qui
3881 665 4047 702 coro-

2401 740 2715 806 nabantur,
2751 741 2858 794 hoc
2886 750 2971 795 est
3000 740 3340 794 Michaelem
3371 737 3760 808 Palaeologum
3779 743 3835 792 et
3856 737 4048 790 Theo-

2400 828 2604 883 doram
2635 830 2764 898 ejus
2796 830 3125 900 conjugem,
3180 827 3587 882 nominaretur
3643 827 3700 880 in
3757 826 4049 896 synaptis,

2401 916 2510 971 hoc
2559 922 2646 972 est
2682 917 2739 972 in
2772 917 2992 972 litaniis
3041 928 3090 972 el
3126 917 3402 988 procibus
3444 915 3721 987 publicis.
3783 915 4050 969 Refertur

2401 1005 2510 1062 hoc
2543 1024 2573 1060 a
2608 1007 2978 1078 Pachymere,
3017 1008 3052 1060 Ι.
3088 1023 3172 1071 ιιι,
3206 1023 3255 1060 c.
3291 1009 3324 1058 2
3356 1006 3466 1060 sub
3503 1005 3700 1071 tinem,
3736 1003 3833 1057 ubi
3897 1007 4052 1056 recte

2401 1095 2669 1150 observat
2703 1096 3016 1150 historicus
3065 1094 3248 1149 fuisse
3305 1094 3456 1148 hanc
3511 1093 3813 1164 quamdam
3865 1109 4053 1146 exau-

2402 1184 2785 1239 ctorationem
2821 1184 3027 1256 pupilli
3061 1184 3328 1246 Joannis,
3387 1181 3740 1238 astutissimi
3791 1182 4048 1252 impera-

2401 1273 2543 1327 toris
2578 1273 2881 1328 blanditiis
2907 1281 2962 1329 et
2994 1273 3219 1327 artibus
3277 1273 3653 1343 impetratam
3698 1287 3729 1323 a
3788 1268 4052 1338 simplici

2403 1361 2650 1416 nimium
2684 1362 3034 1432 patriarcha,
3071 1379 3185 1416 non
3221 1362 3558 1432 providente
3605 1365 3730 1413 tum
3781 1357 4056 1413 videlicet

2402 1467 2518 1521 quo
2549 1451 2668 1506 haec
2701 1452 3079 1522 pertinerent.
3115 1452 3175 1505 In
3207 1467 3320 1521 quo
3354 1455 3417 1504 ut
3469 1451 3634 1503 fucus
3684 1448 3844 1502 ﬁeret
3900 1447 4052 1516 seni,

2404 1544 2469 1593 ut
2499 1556 2564 1594 ex
2597 1540 2818 1595 caeteris
2849 1549 3107 1611 apparet,
3143 1538 3457 1610 suspicaci,
3478 1537 3645 1594 etcui
3667 1536 3830 1591 salus
3857 1535 4053 1606 digni-

2402 1632 2530 1699 tasq
2544 1645 2613 1683 ue
2639 1628 2843 1700 pupilli
2865 1627 3264 1698 Joannis,ejus
3285 1627 3560 1698 peculiari
3580 1643 3733 1681 cura:
3754 1623 4052 1684 commisi,

2403 1722 2548 1782 erat,
2579 1724 2644 1771 ut
2674 1717 2932 1788 oportuit
2964 1723 3020 1772 et
3050 1732 3142 1771 res
3175 1718 3388 1771 deinde
3419 1719 3850 1780 monstrarunt,
3877 1713 4052 1782 longe

656 1817 850 1873 cinctu
903 1820 974 1873 ad
1021 1821 1446 1889 expeditionem
1497 1828 1800 1892 urgentem
1845 1804 2203 1894 imperatori;
2246 1828 2303 1878 et
2332 1825 2377 1888 B
2409 1807 2778 1872 οδατίεείωδτ
2813 1807 2946 1877 (illis
2980 1824 3093 1861 Ποῖ)
3127 1807 3284 1861 Videt
3315 1807 3497 1862 ίυίδεθ
3519 1822 3755 1861 necesse
3779 1810 3837 1894 ιιι
3864 1804 4056 1894 Egilia

652 1907 778 1978 ipse
793 1907 1157 1979 Nicephorus
1179 1910 1561 1980 cupidissime
1579 1913 1908 1967 assentiens
1928 1911 2152 1967 nullam
2167 1929 2295 1968 mo-

649 2013 772 2050 ram
800 1997 1150 2068 interposuit
1180 1997 1446 2054 electioni
1477 2001 1952 2056 suae.Narrantur
1992 2002 2111 2057 haec
2143 2021 2192 2057 c.
2226 2004 2296 2058 45

649 2089 705 2140 et
739 2087 823 2140 16.
859 2086 896 2140 l.
932 2087 1097 2152 u,ubi
1122 2093 1179 2142 et
1209 2087 1423 2143 dicitur
1453 2091 1654 2144 eodem
1689 2095 1948 2161 tempore
1970 2091 2294 2148 decessisse

650 2174 965 2246 Nymphaeo
998 2176 1406 2246 imperatorem
1450 2179 1686 2248 quidem
1733 2179 2062 2251 Callipolim
2090 2198 2293 2236 versus

647 2279 781 2318 cum
813 2263 1068 2319 exercitu
1102 2266 1171 2319 ad
1206 2267 1774 2338 Constantinopolim
1809 2271 2289 2339 oppugnandam,

645 2369 863 2407 novum
881 2369 1016 2407 vero
1040 2354 1432 2423 patriarcham
1459 2356 1852 2428 Nicephorum
1881 2358 2291 2429 Nicaeam,quaa

649 2458 782 2497 cum
815 2447 972 2498 esset
1005 2448 1142 2498 tunc
1174 2446 1314 2500 urbs
1347 2446 1525 2517 regia,
1558 2445 1780 2502 Latinis
1810 2447 2293 2518 Constantinopo-

649 2531 754 2586 lim
790 2533 1212 2600 tenentibus,in
1245 2551 1312 2589 ea
1343 2533 1554 2590 solitus
1585 2542 1710 2591 erat
1738 2535 1970 2591 Graecus
2001 2536 2290 2593 Constan-

645 2621 1068 2693 tinopolitanus
1101 2624 1434 2694 patriarcha
1456 2624 2002 2680 diversariJnitiuin
2039 2627 2288 2698 patriar-

653 2710 863 2765 chatus
887 2710 1193 2782 Nicephori
1224 2712 1614 2768 verisimiliter
1657 2715 1956 2768 confertur
2000 2715 2056 2769 in
2112 2715 2287 2770 ﬁnem

643 2801 860 2871 Aprilis
901 2806 1002 2856 aut
1050 2801 1288 2858 initium
1354 2803 1488 2858 Maii
1548 2804 1686 2859 anni
1746 2821 1925 2876 supra
1982 2805 2291 2860 memorati

643 2890 806 2944 4260.
840 2889 1048 2946 Narrat
1075 2891 1212 2946 inde
1251 2893 1650 2964 Pachymeres,
1705 2895 1744 2949 Ι.
1810 2911 1874 2956 ιι,
1907 2910 1956 2948 c.
2011 2896 2104 2962 20,
2155 2896 2290 2949 diu-

642 2984 880 3034 turnam
908 2984 966 3035 et
989 2980 1213 3035 irritam
1243 2983 1747 3052 oppugnationem
1798 2982 2036 3051 Galam,
2088 2983 2145 3038 in
2173 3000 2291 3054 qua

643 3069 962 3140 imperator
1008 3072 1378 3141 consumpsit
1423 3076 1707 3127 aestatem.
1766 3073 1962 3143 quue
2023 3073 2094 3128 ad
2153 3088 2289 3128 eum

2411 1896 2668 1967 ﬂagrans
2697 1896 2879 1951 Alexii
2910 1895 3178 1963 Casaris,
3208 1897 3265 1950 in
3323 1895 3731 1951 recentissima
3789 1892 4061 1947 videlicet

2409 1984 2690 2040 memoria
2720 1985 2938 2041 heroici
2972 1984 3245 2040 facinoris
3278 2001 3391 2056 quo
3424 2001 3544 2039 rem
3579 1985 3897 2038 Romanam
3946 1982 4057 2034 im-

2407 2074 2550 2142 perii
2581 2075 2887 2146 metropoli
2938 2075 3338 2146 recuperanda
3393 2071 3834 2143 incomparabili
3883 2071 4062 2125 bene-

2407 2163 2532 2218 ﬁcis
2563 2163 2675 2219 sibi
2708 2163 3086 2231 devinxisset,
3134 2163 3388 2218 rationes
3449 2161 3677 2234 pupulli
3743 2159 4057 2232 principis,

2405 2253 2499 2307 cui
2533 2253 2965 2323 praeferebatur,
3011 2258 3067 2307 et
3096 2251 3312 2307 multas
3346 2252 3491 2306 alias
3538 2258 3648 2306 tam
3699 2250 4057 2304 inusitatum

2405 2341 2656 2397 homicis
2712 2359 2825 2398 non
2886 2342 3229 2412 imperantis
3285 2342 3564 2396 honorem
3639 2339 4061 2394 dissuadentes

2405 2431 2904 2486 considerationes
2936 2431 3290 2486 eluctaretur
3318 2431 3345 2484 ?
3370 2430 3552 2501 Igitur
3574 2445 3709 2484 cum
3738 2427 3946 2482 urbem
3984 2427 4058 2480 ab

2402 2519 2598 2575 Alexio
2631 2524 2860 2592 captam
2896 2520 3269 2575 statuerimus
3302 2520 3395 2574 die
3423 2520 3513 2585 25,
3555 2517 3692 2572 Julii
3727 2516 3864 2571 anni
3912 2516 4052 2568 1261

2403 2609 2735 2680 ingressum
2768 2626 2899 2665 vero
2949 2626 3077 2664 eam
3136 2608 3380 2664 solemni
3441 2624 3655 2678 pompa
3705 2605 4057 2660 Michaelem

2403 2699 2728 2764 Augustum
2758 2699 2822 2752 18
2847 2699 2946 2754 Kal
2972 2700 3264 2767 Septemb.
3290 2699 3554 2768 ejusdem
3582 2696 3740 2761 anni,
3767 2695 3860 2749 die
3881 2709 4057 2748 sacro

2401 2785 2660 2857 Deiparae
2690 2793 3006 2858 assumptaa
3039 2788 3241 2841 doceat
3271 2786 3601 2857 Acropolita
3645 2801 3695 2840 c.
3729 2784 3819 2848 88,
3863 2784 4064 2837 dicere

2403 2875 2987 2930 valdeverisimiliter
3021 2892 3337 2946 possumus
3386 2878 3757 2944 resumptum
3818 2873 3890 2926 ab
3953 2875 4066 2925 Ar-

2404 2966 2566 3019 senio
2592 2964 2850 3034 regimen
2879 2963 3290 3034 patriarchalis
3314 2963 3470 3018 sedis
3484 2964 3593 3018 sub
3609 2962 3784 3016 ﬁnem
3799 2960 4061 3030 Augusti

2406 3054 2627 3108 mensis
2659 3059 2716 3107 et
2739 3052 3038 3108 Michaelis
3058 3053 3493 3108 coronationem
3519 3052 3630 3105 sub
3650 3049 3887 3104 initium
3912 3049 4063 3119 Sep.

644 3138 1008 3228 Nicephorus
1037 3138 1386 3230 patriarcha,
1423 3165 1702 3231 pertaesus
1731 3138 2290 3233 Nicaiensium,quo-
2324 3167 2368 3233 ο
2407 3141 2654 3233 Ῡέωδτίε
2686 3142 3065 3233 celebratum;
3102 3142 3164 3233 Ῑξι
3198 3158 3314 3212 qu"
3343 3140 3392 3196 εί
3423 3139 3559 3233 filiis
3590 3138 3928 3233 νίῐίῙίίίΒΜῬ
3961 3153 4065 3233 νς·

647 3262 776 3301 rum
809 3247 1052 3302 Arsenio
1083 3248 1454 3303 addictorum
1491 3249 1624 3305 odia
1654 3249 1710 3304 in
1744 3267 1807 3305 se
1836 3249 2072 3322 irasque
2128 3249 2292 3306 nulla

647 3335 904 3391 delinere
935 3341 1059 3392 arte
1091 3342 1382 3408 potuerat,
1419 3354 1480 3393 se
1509 3337 1890 3411 contulit,spe
1920 3339 2289 3409 ingrediendi

645 3441 777 3480 cum
812 3425 940 3497 ipso
995 3429 1261 3499 Augusto
1315 3428 1520 3483 urbem
1581 3445 1738 3496 mox,
1797 3435 1862 3484 ut
1919 3429 2290 3494 credebatur,

643 3514 1010 3585 capiendam.
1040 3517 1148 3571 Sed
1180 3533 1315 3572 cum
1365 3517 1733 3573 obsidionem
1784 3517 2009 3573 solvere
2058 3523 2292 3574 coactus

643 3604 966 3675 imperator
1005 3605 1390 3678 Nymphaeum
1423 3624 1484 3662 se
1519 3609 1860 3679 recepisset,
1887 3615 2125 3664 secutus
2157 3625 2292 3663 eum

645 3692 786 3747 illuc
823 3693 1183 3766 Nicephorus
1219 3696 1293 3750 ibi
1327 3699 1416 3751 est
1444 3701 1712 3752 mortuus
1745 3699 1855 3752 sub
1889 3701 2290 3767 autummum,

652 3786 715 3835 ut
745 3787 1009 3854 apparet,
1044 3789 1149 3838 aut
1178 3783 1390 3840 hiemis
1419 3785 1650 3841 initium
1681 3785 1945 3856 ejusdem
1973 3787 2110 3840 anni
2138 3786 2294 3840 1268.

651 3873 838 3936 Quare
867 3871 1025 3927 illius
1062 3872 1490 3942 patriarchatus
1524 3873 1680 3930 haud
1717 3875 1836 3929 fere
1865 3874 2097 3946 longior
2117 3874 2298 3945 septi-

653 3959 852 4012 mestri
908 3965 1008 4014 aut
1066 3960 1386 4016 octimestri
1447 3962 1576 4016 fuit.
1636 3962 1786 4018 Hinc
1840 3965 2062 4018 vacavit
2134 3965 2299 4018 sedes

652 4065 874 4102 annum
951 4048 1201 4119 circiter,
1263 4050 1434 4106 anxie
1511 4051 1870 4108 deliberante
1950 4053 2302 4122 imperatore

651 4154 825 4208 quem
862 4139 933 4193 ad
965 4138 1220 4196 rationes
1271 4140 1566 4197 meditatae
1625 4143 2034 4213 expunctionis
2091 4141 2300 4212 pupilli

654 4229 1162 4284 accommodatum
1202 4229 1252 4286 ei
1309 4231 1648 4302 preﬁceret,
1705 4232 1894 4303 quoad
1957 4231 2191 4286 tandem
2243 4230 2300 4284 in

659 4317 876 4372 Arsenii
909 4319 1334 4376 revocationem
1387 4320 1706 4387 consensit,
1742 4322 1914 4391 cujus
1945 4320 2001 4375 in
2045 4318 2302 4391 prseteri-

655 4406 812 4462 tionc
844 4409 1238 4464 coronationis
1267 4409 1513 4465 Joannis
1538 4411 1699 4482 pueri
1735 4410 2072 4482 patientiam
2097 4425 2304 4480 exper-

661 4500 756 4550 tus
789 4497 1049 4568 speravit
1078 4499 1254 4553 etiam
1307 4515 1372 4553 eo
1405 4499 1563 4554 facili
1598 4517 1837 4555 usorum
1873 4500 1931 4554 in
1964 4504 2302 4554 exauctora-

657 4585 813 4641 tioue
844 4603 1023 4657 quam
1058 4589 1302 4659 parabat
1332 4590 1620 4659 ejusdem.
1642 4589 1900 4660 Contigit
1922 4589 2156 4644 interim
2175 4587 2303 4658 capi

661 4677 885 4744 urbem,
931 4682 987 4732 et
1045 4678 1457 4750 imperatorem
1517 4679 1576 4734 in
1623 4696 1752 4734 eam
1814 4679 2006 4735 invehi
2053 4677 2302 4734 solemni

660 4782 893 4836 pompa,
927 4767 1121 4838 ibique
1145 4769 1256 4824 ﬁxo
1279 4769 1404 4839 jam
1435 4769 1751 4825 domicilio.
1777 4770 2084 4825 Arsenium
2111 4770 2303 4823 denuo

658 4853 908 4910 electum
945 4875 976 4911 a
1007 4859 1228 4930 synodo
1263 4859 1461 4914 missis
1488 4859 1694 4931 legatis
1726 4859 2006 4915 invitasse
2039 4860 2106 4913 ad
2138 4875 2304 4913 resu-

660 4947 932 5000 mendam
964 4947 1308 5002 melioribus
1341 4948 1619 5018 auspiciis
1651 4950 1979 5003 addicatam
2016 4948 2155 5003 olim
2203 4963 2302 5017 po-

660 5041 950 5093 testatem.
983 5038 1207 5102 Quibus
1238 5039 1334 5095 ille
1365 5039 1694 5095 assentiens
1726 5041 1783 5095 in
1819 5042 2023 5096 urbem
2054 5039 2212 5095 venit
2248 5042 2306 5093 et

659 5129 816 5183 sedis
876 5128 1286 5196 patriarchalis
1355 5131 1788 5201 possessionem
1875 5147 2082 5186 rursus
2163 5127 2307 5183 adiit

661 5218 698 5274 l.
735 5236 820 5286 ιιι,
857 5236 905 5274 c.
939 5223 992 5275 2.

736 5329 879 5384 727
919 5327 1009 5383 IV.
1042 5329 1262 5384 Arsenii
1297 5329 1729 5384 restitutionem
1764 5347 1879 5385 non
1934 5329 2120 5383 multo
2176 5331 2308 5398 post

662 5424 890 5490 captam
928 5419 1131 5472 urbem
1165 5419 1478 5488 contigisse
1518 5419 1652 5472 inde
1698 5423 2111 5489 argumentum
2172 5415 2304 5470 duci

664 5514 876 5580 potest,
926 5510 1082 5579 quod
1145 5509 1200 5562 in
1262 5509 1520 5564 secunda
1577 5509 1950 5564 coronatione
2008 5505 2308 5562 Michaelis

667 5601 737 5652 ab
770 5599 1009 5653 Arsenio
1042 5597 1285 5654 delinito
1344 5598 1514 5654 donis
1574 5608 1631 5653 et
1690 5598 2011 5652 honoribus
2060 5596 2311 5650 libenter

665 5693 973 5754 celebrata,
1007 5691 1272 5761 proxima
1302 5687 1608 5744 Dominica
1640 5695 1768 5759 post
1799 5693 2168 5758 resumptum
2210 5702 2308 5756 pa-

2406 3231 2494 3297 lit,
2528 3236 2726 3286 tamen
2759 3230 2913 3286 idem
2948 3231 3004 3285 id
3038 3231 3096 3284 in
3131 3230 3370 3301 longum
3405 3229 3638 3284 differre
3671 3243 3785 3282 non
3822 3227 4063 3298 poterit.

2401 3321 2544 3376 Cum
2577 3321 2732 3375 enim
2769 3325 2923 3375 certo
2950 3319 3356 3374 deﬁnierimus
3387 3317 3682 3389 superius,
3716 3333 3767 3372 ο.
3821 3316 3877 3381 4,
3909 3332 3970 3370 n.
4009 3316 4065 3383 4,

2399 3410 2686 3466 Joannem
2718 3413 2803 3480 (P.
2835 3410 2963 3479 514)
3006 3414 3341 3481 Augustum
3401 3423 3646 3477 puerum
3702 3409 4064 3461 excaecatum

2403 3499 2607 3566 fuisse,
2634 3499 2725 3554 die
2754 3499 2968 3553 Christi
2995 3497 3182 3553 Natali
3225 3498 3405 3568 hujus
3436 3496 3574 3551 anni
3624 3496 3777 3564 l261,
3813 3499 3871 3548 et
3931 3511 4067 3547 ma-

2405 3588 2682 3644 nifestum
2717 3587 2795 3642 sit
2823 3588 2976 3642 inter
3005 3587 3442 3642 coronationem
3464 3583 3762 3640 Michaelis
3782 3589 3840 3638 et
3870 3599 4062 3637 excas-

2405 3678 2690 3732 cationem
2752 3677 2999 3732 Joannis
3058 3676 3335 3730 idoneum
3397 3673 3718 3745 quodpiam
3771 3671 4066 3741 temporis

2407 3767 2690 3837 spatium,
2722 3765 3154 3834 intercessisse,
3192 3765 3346 3818 haud
3391 3763 3595 3832 utique
3654 3759 3840 3815 multo
3907 3760 4080 3813 ultra

2409 3857 2582 3910 ﬁxam
2615 3872 2648 3910 a
2677 3854 2846 3910 nobis
2874 3855 3004 3909 initi
3039 3855 3365 3909 secundum
3419 3853 3492 3906 ab
3523 3850 3769 3906 Arsenio
3811 3850 4073 3920 patriar-

2408 3944 2616 4000 chatus
2646 3945 2930 4016 epocham
2965 3943 3167 3999 licebit
3195 3941 3597 4014 quamtumvis
3620 3944 3827 4011 arguto
3861 3939 4071 4008 conje-

2411 4033 2596 4088 cturis
2616 4032 2866 4104 evagari.

2481 4161 2544 4217 V.
2579 4159 2877 4215 Habemus
2908 4157 3143 4213 initium
3169 4157 3409 4214 secundi
3431 4155 3866 4229 patriarchatus
3890 4161 4072 4209 Arse-

2412 4248 2514 4304 nii.
2550 4248 2751 4303 Restat
2781 4247 2916 4302 finis
2966 4247 3228 4316 ejusdem
3281 4245 3672 4315 indagandus.
3719 4243 3932 4297 Narrat
3969 4242 4076 4297 Pa-

2413 4341 2738 4411 chymeres,
2774 4340 2813 4393 l.
2847 4357 2932 4406 ιιι,
2968 4356 3017 4393 c.
3055 4339 3140 4403 14,
3173 4337 3485 4392 Arsenium
3521 4335 3920 4407 patriarcham
3967 4351 4071 4388 au-

2413 4430 2534 4484 dita
2564 4429 2808 4484 Joannis
2837 4428 3222 4483 excazcatione
3254 4427 3565 4481 anathema
3598 4426 3656 4479 in
3689 4425 3816 4492 ejus
3873 4428 4076 4477 aucto-

2414 4536 2535 4574 rem
2573 4518 2914 4573 Michaelem
2949 4520 3284 4588 Augustum
3326 4516 3655 4570 intorsisse.
3720 4515 3778 4567 Id
3844 4513 4072 4567 factum

2416 4608 2672 4680 oportuit
2703 4607 2855 4662 circa
2885 4606 3116 4660 initium
3150 4607 3286 4660 anni
3321 4605 3532 4661 Christi
3575 4604 3724 4667 1263,
3777 4619 3910 4655 cum
3952 4602 4074 4671 pri-

2415 4714 2574 4751 mum
2613 4712 2820 4767 nempe
2855 4694 3092 4766 vulgata
3123 4695 3278 4748 fama
3309 4700 3397 4747 est
3429 4693 3564 4747 facti
3624 4692 3861 4745 atrocis.
3926 4692 4072 4759 Cap.

2415 4787 2624 4841 deinde
2659 4787 2722 4840 19
2756 4785 2972 4840 dicitur
3003 4783 3370 4852 Michaelem,
3421 4787 3730 4853 postquam
3794 4779 4076 4832 videlicet

2414 4875 2754 4946 aliquandiu
2790 4874 3177 4945 ignominiam
3213 4871 3606 4926 meritissima:
3633 4886 3816 4941 pcena:
3849 4870 4073 4922 tacitus

2413 4965 2650 5029 tulerat,
2684 4964 2921 5034 petiisse
2954 4961 3278 5034 supplicem
3313 4962 3384 5016 ab
3419 4960 3660 5015 Arsenio
3704 4958 4072 5014 solutionem

2415 5054 2831 5120 anathematis,
2865 5069 2970 5107 nec
3003 5058 3222 5117 tamen,
3257 5051 3393 5104 licet
3423 5051 3517 5104 diu
3570 5055 3626 5103 et
3686 5048 4072 5102 vehementer

2413 5144 2750 5210 institisset,
2782 5143 3094 5213 impetrare
3127 5140 3406 5210 potuisse.
3441 5137 3620 5193 Multa
3677 5138 3890 5192 dehinc
3944 5154 4078 5191 nar-

2416 5240 2621 5291 rantur
2653 5251 2854 5289 novem
2885 5233 3129 5304 reliquis
3165 5232 3455 5302 capitibus
3514 5231 3645 5284 libri
3704 5231 3885 5296 tertii,
3939 5247 4073 5301 quae

2417 5325 2514 5381 illo
2546 5324 2851 5380 intervallo
2885 5325 3098 5378 frustra
3121 5321 3307 5394 petitae
3331 5320 3718 5376 absolutionis
3741 5320 3812 5375 ab
3835 5337 4076 5376 excom-

2419 5415 2817 5471 municatione
2853 5413 3002 5468 728
3034 5413 3425 5481 contigerunt.
3461 5410 3590 5465 Hzec
3632 5415 3805 5480 prout
3863 5410 3918 5463 in
3981 5428 4078 5478 sy-

2419 5507 2586 5577 nopsi
2622 5503 3032 5575 chronologica
3057 5501 3437 5573 digessimus.
3483 5500 3646 5555 facile
3669 5499 3849 5554 trium
3887 5517 4082 5555 anno-

2419 5612 2549 5650 rum
2583 5595 2842 5666 spatium
2873 5591 3128 5664 explent.
3163 5591 3403 5656 Quando
3429 5591 3552 5660 jam
3587 5591 3910 5660 desperans
3969 5590 4082 5644 Mi-

2421 5685 2580 5742 chael
2616 5685 2936 5756 quidquam
2970 5699 3075 5738 sua
3103 5696 3283 5736 causa
3326 5679 3613 5735 facturum
3651 5680 3969 5734 Arsenium
4006 5679 4082 5734 ad
