4248 6442
97 437 240 492 1185

1483 424 2102 483 CHRONOLOGICUS.

3355 425 3491 479 1186

95 561 402 632 episcopos
435 557 504 611 de
536 559 694 610 statu
729 570 921 609 rerum
965 570 1207 609 suarum
1241 569 1365 607 eam
1412 551 1734 607 orationem
1767 551 1820 616 Α
1853 562 1978 600 vem
2011 543 2262 598 duravit.
2317 543 2384 598 Ut
2425 542 2606 596 semel
2668 542 3038 598 absolvemus
3099 545 3167 599 de
3226 547 3490 602 Arsenio.

100 648 326 714 habuit,
360 662 488 717 quae
518 661 564 699 c.
606 646 654 713 1,
693 643 729 696 l.
768 660 824 697 iv
859 643 1158 697 recitatur.
1197 644 1254 696 ln
1290 658 1357 695 ea
1397 639 1564 710 quasi
1617 639 1743 692 l'un-

102 739 380 792 damenta
403 735 562 804 jacta
598 737 736 786 sunt
769 732 1154 802 depositionis
1185 729 1409 785 Arsenii
1453 729 1534 784 Ad
1567 743 1742 798 quam

106 832 170 880 ut
193 839 537 896 processum
574 821 749 875 fuerit
781 821 986 874 docere
1012 819 1325 873 historicus
1362 817 1562 887 incipit
1597 817 1633 869 l.
1669 832 1744 880 iv,

107 933 152 969 c.
189 917 222 968 3
255 914 353 967 ubi
387 911 686 965 accusatio
718 909 776 962 in
812 909 1204 980 patriarcham
1229 906 1438 978 cupide
1456 907 1524 959 ab
1560 906 1747 975 impe-

109 1009 298 1058 ratore
348 1004 585 1070 accepta
635 1003 1014 1052 memoratur.
1066 996 1373 1051 Damnatio
1413 993 1640 1048 Arsenii
1695 997 1750 1047 et

107 1087 744 1158 exauctoratiojudicio
777 1087 980 1158 synodi
1035 1086 1268 1140 decreta
1319 1084 1565 1138 refertur
1596 1099 1643 1136 c.
1675 1083 1747 1149 6;

111 1179 372 1234 executio
405 1193 574 1250 porro
609 1175 911 1230 sententias
945 1179 999 1228 et
1053 1175 1255 1244 ejectio
1300 1172 1529 1227 Arsenii
1563 1189 1589 1226 c
1623 1172 1757 1226 sede

110 1275 166 1324 et
199 1273 342 1324 urbe
376 1265 760 1338 perscribitur
791 1282 840 1320 c.
874 1267 938 1326 8;
973 1264 1176 1330 oratio,
1219 1265 1288 1317 de
1331 1279 1446 1332 qua
1477 1260 1753 1329 diximus,

113 1357 491 1429 imperatoris
523 1355 727 1409 habita
759 1353 989 1408 videtur
1019 1353 1128 1406 sub
1162 1352 1392 1405 initium
1427 1349 1563 1404 anni
1597 1350 1754 1415 l263,

115 1463 249 1502 cum
285 1448 408 1516 jam
470 1460 572 1514 per
621 1459 804 1497 annos
857 1447 976 1496 tres
1028 1439 1611 1506 excomunicationis,
1645 1452 1760 1507 qua

119 1537 328 1590 fuisset
359 1533 620 1603 illigatus
654 1531 852 1586 statim
887 1535 1017 1601 post
1048 1529 1485 1584 excaecationem
1517 1526 1760 1581 Joannis

117 1624 307 1696 pueri,
361 1623 714 1677 solutionem
771 1619 1170 1690 nequidquam
1225 1617 1562 1689 flagitasset.
1628 1619 1762 1670 Post

117 1714 436 1767 oralionem
473 1710 656 1779 illam,
691 1726 816 1780 qua:
848 1707 1005 1762 velut
1029 1707 1328 1779 clarigatio
1363 1707 1627 1777 quaedam
1654 1705 1763 1759 fuit

118 1802 410 1866 terrendo,
440 1800 490 1854 si
525 1799 647 1853 fieri
683 1803 901 1868 posset,
938 1797 1279 1867 patriarcha
1315 1796 1635 1866 praemissa,
1671 1810 1760 1848 se-

116 1896 260 1946 cuta:
321 1893 459 1944 sunt
508 1887 961 1942 deliberationes
1025 1888 1433 1956 episcoporum
1477 1890 1534 1938 et
1573 1883 1764 1938 ollicia

121 1980 440 2034 multorum
499 1993 565 2031 ex
599 1977 742 2046 ipsis
789 1977 855 2029 ad
900 1974 1290 2046 patriarcbam
1344 1991 1443 2044 pro
1494 1975 1760 2042 Augusto

120 2067 407 2139 supplice,
442 2071 566 2120 tum
605 2065 814 2119 ultima
848 2064 1023 2132 hujus
1041 2063 1280 2134 Josephi
1305 2064 1395 2117 sui
1421 2061 1761 2116 confcssarii

120 2160 187 2211 ad
215 2155 525 2210 Arsenium
560 2153 848 2225 allegatio.
877 2155 1010 2217 Quae
1043 2169 1175 2206 cum
1222 2151 1362 2205 nihil
1391 2151 1760 2222 proﬁcerent,

123 2247 359 2300 tandem
394 2244 504 2298 sub
541 2243 771 2296 initium
803 2241 1018 2312 Aprilis
1048 2241 1290 2296 Arsenio
1343 2239 1414 2293 lis
1448 2247 1537 2293 est
1571 2239 1762 2292 inten-

125 2341 264 2398 tata,
311 2334 504 2389 oblato
537 2337 741 2387 contra
792 2331 957 2386 illum
1000 2331 1217 2385 libello.
1254 2331 1330 2385 De
1363 2331 1469 2385 hac
1502 2347 1560 2384 re
1593 2329 1766 2384 verba

126 2423 500 2494 Pachymeris
533 2422 790 2476 notanda
821 2425 957 2474 sunt
989 2437 1036 2474 c.
1072 2419 1170 2474 illo
1203 2421 1256 2486 3,
1292 2421 1327 2476 l.
1380 2436 1456 2487 IV,
1505 2421 1586 2472 sic
1621 2417 1765 2473 scri-

127 2513 318 2568 hentis
365 2529 376 2566 :
427 2511 563 2565 Τότε
619 2509 799 2562 τοίνυν
867 2505 1282 2582 βοηδρομιῶνος
1329 2506 1621 2578 ἱσταμένου
1679 2505 1767 2558 καὶ

128 2602 371 2670 συνήθων
424 2602 684 2666 νηστειῶν
727 2592 1076 2668 τελουμένων
1127 2596 1320 2670 ἑορτῆς
1371 2596 1642 2670 ἀγομένης
1701 2596 1766 2662 ἣν

127 2689 412 2753 ἀκάθιστον
448 2686 671 2757 σύνηθες
719 2685 1024 2758 ὀνομάζειν·
1061 2689 1203 2742 Tunc
1256 2686 1436 2758 igitur
1482 2687 1602 2741 sub.
1657 2686 1770 2740 int-

131 2781 254 2835 tiun
289 2780 496 2850 Aprilis
525 2779 784 2833 solemnis
835 2777 1034 2844 ieiunii
1088 2782 1349 2845 tempore,
1413 2777 1538 2830 dum
1576 2779 1772 2844 festum

131 2877 388 2940 ageretur
416 2868 556 2939 quod
586 2867 926 2922 Acathistum
977 2864 1144 2934 vulgo
1193 2867 1508 2919 nominant.
1561 2871 1772 2919 Datum

134 2965 341 3014 contra
373 2956 769 3027 patriarcham
803 2953 1066 3008 libellum
1099 2955 1533 3008 accusatorium
1571 2969 1775 3008 conse-

128 3053 376 3119 quenter
409 3049 593 3100 narat.
627 3044 896 3098 Diximus
946 3042 1005 3096 in
1050 3041 1346 3097 Glossario
1393 3042 1564 3096 verbo
1614 3040 1778 3094 Ἀκά-

130 3149 338 3201 eae-cog,
375 3136 587 3190 festum
617 3132 762 3188 illud
795 3131 1035 3187 solitum
1079 3132 1259 3186 fuisse
1307 3131 1585 3186 celebrari
1633 3131 1778 3185 Sab-

131 3227 268 3280 bato
331 3225 546 3295 quintae
609 3222 989 3276 hebdomadas
1060 3222 1219 3274 verni
1275 3221 1487 3291 jejunii
1547 3221 1778 3275 dierum

1851 637 1938 706 [P.
1972 633 2096 702 515]
2134 631 2338 686 mortis
2360 632 2488 700 ejus
2507 631 2660 684 diem
2686 631 3004 687 historicus
3038 638 3236 688 noster
3260 651 3498 706 expres-

1853 725 1948 791 sit,
2009 722 2045 776 l.
2105 738 2159 786 v,
2211 737 2260 775 c.
2311 721 2400 782 ?0,
2456 720 2547 774 his
2607 721 2844 774 verbis:
2883 720 3213 793 Ἐπράττετο
3270 723 3364 793 μὲν
3400 721 3491 776 οὖν

1851 815 2016 864 ταῦτα
2047 803 2494 884 ἐλαφηϐολιῶνος
2541 804 2671 880 ἕκτῃ
2711 809 2880 879 μηνὸς
2910 814 3006 862 τοῦ
3037 809 3283 872 ἐπιόντος
3316 808 3494 882 ἔτους,

1851 903 1948 953 τοῦ
2000 899 2340 971 πατριάρχου
2390 895 2672 969 Ἀρσενίου
2723 896 2984 970 πρότερον
3044 900 3077 968 ἢ
3133 904 3296 953 ταῦτα
3351 902 3498 975 γενέ-

1854 1000 1973 1050 σθαι
2033 989 2255 1060 ἡμερῶν
2408 986 2544 1038 κατὰ
2591 985 2691 1052 τὴν
2721 987 2882 1052 νῆσον
2943 986 3342 1058 μεταλλάξαντο
3403 990 3498 1043 ἐτ’

3012 1083 3116 1134 Hc?
3172 1089 3320 1146 gesta
3370 1086 3499 1135 sunt

1864 1171 2092 1238 (nempe
2127 1165 2520 1235 ignominiosa
2573 1166 2862 1219 traductio
2923 1167 3211 1238 Holoboli)
3269 1169 3502 1226 ineunte

1861 1271 2004 1310 anno
2037 1256 2129 1320 (ob
2162 1254 2392 1307 initium
2444 1253 2708 1307 videlicet
2770 1255 3105 1310 indictionis
3162 1274 3195 1310 a
3237 1259 3499 1328 Septem-

1863 1345 1972 1414 bri)
2005 1343 2104 1398 die
2133 1347 2285 1396 sexta
2316 1342 2565 1400 Octobris
2592 1344 2908 1412 patriarcha
2955 1345 3187 1399 Arsenio
3218 1362 3311 1401 sex
3341 1351 3501 1417 prius

1863 1434 2050 1488 diebus
2081 1449 2242 1502 quam
2303 1433 2418 1488 haec
2472 1433 2668 1500 ﬂerent
2698 1433 2759 1486 in
2793 1433 2979 1487 insula
3009 1445 3256 1488 mortuo.
3297 1436 3356 1489 In
3410 1436 3502 1492 his

1868 1523 2066 1578 nullus
2101 1527 2340 1593 apparet
2369 1523 2668 1576 charicter
2703 1523 2838 1576 certi
2876 1524 3032 1577 anni.
3085 1526 3272 1590 Quare
3323 1527 3390 1581 ad
3430 1528 3504 1580 il-

1864 1613 1978 1667 lius
2009 1612 2428 1682 indigationem
2463 1610 2576 1663 alia
2607 1615 2994 1680 grassandum
3027 1618 3114 1667 est
3146 1614 3255 1668 via.
3291 1619 3501 1671 Narra-

1873 1701 2128 1755 verzitibi
2153 1699 2531 1771 l‘achymeres
2565 1716 2800 1754 causam
2838 1701 3082 1771 primam
3119 1702 3214 1757 iraa
3247 1703 3505 1775 impera-

1869 1790 2014 1844 toris
2046 1789 2102 1842 in
2138 1788 2480 1842 Holobolum
2517 1788 2810 1843 exstitisse
2869 1805 2936 1843 ex
2987 1789 3165 1860 hujus
3225 1794 3506 1865 praecipiti

1871 1879 2122 1948 quadam
2171 1875 2473 1947 eruptione
2531 1877 2947 1947 indignationis
2981 1879 3036 1932 in
3075 1882 3508 1951 imperatorem,

1871 1976 1962 2029 cui
1995 1992 2127 2029 cum
2161 1974 2437 2028 inservire
2470 1975 2741 2044 cmpisset
2783 1977 2839 2029 in
2895 1977 3122 2047 negotio
3151 1979 3509 2035 conciliatio-

1870 2064 1958 2119 nis
2018 2063 2419 2128 ecclesiarum,
2481 2065 2864 2134 suggerendis
2897 2082 2964 2119 ex
2997 2066 3241 2122 historia
3291 2075 3389 2122 aut
3432 2070 3508 2124 le-

1871 2154 2058 2208 ctione
2092 2153 2326 2206 Patrum
2362 2152 2721 2220 argumentis
2749 2154 2815 2206 ad
2842 2170 2966 2207 eam
2994 2156 3357 2211 suadendum
3406 2176 3505 2230 ap-

1874 2244 1967 2308 tis,
2003 2247 2239 2312 repente
2273 2242 2608 2295 institutum
2661 2246 2716 2296 et
2768 2244 3119 2299 sententiam
3173 2249 3506 2302 mutaverit.

1873 2333 2130 2386 offensus
2163 2331 2317 2401 quod
2352 2330 2408 2384 in
2443 2332 2694 2402 quodam
2729 2336 2898 2398 coetu,
2939 2334 3016 2386 uti
3051 2333 3180 2388 aliis
3231 2337 3513 2392 sessionis

1874 2422 2153 2474 honorem
2186 2421 2502 2483 imperator
2537 2421 2856 2486 tribuisset,
2889 2421 3085 2491 ipsum
3144 2423 3333 2478 solum
3380 2426 3511 2481 reli-

1875 2510 2099 2579 quisset
2123 2514 2396 2563 stantem.
2426 2509 2582 2564 Unde
2630 2507 2728 2563 ille
2771 2509 3162 2580 interrogatus
3194 2513 3264 2566 de
3298 2531 3356 2568 re
3388 2531 3514 2586 quae

1877 2597 2256 2663 tractabatur,
2289 2603 2673 2666 praeterquam
2699 2600 2947 2668 speratis
2981 2606 3036 2653 et
3060 2601 3225 2670 prius
3261 2605 3516 2660 ostensis

1878 2686 2168 2741 contraria
2197 2687 2394 2740 omnia
2427 2686 2748 2756 restiondit,
2782 2687 2956 2742 etiam
3002 2689 3261 2758 Augusto
3312 2707 3516 2762 expro-

1879 2774 2526 2830 bravitexcaaeationem
2567 2775 2728 2846 pueri
2759 2776 3025 2830 Joannis.
3061 2777 3222 2832 Unde
3272 2779 3520 2852 impera-

1880 2870 2002 2920 tore
2034 2863 2550 2919 vehementissimo
2573 2870 2889 2929 commoto,
2915 2865 3228 2923 Holobolus
3256 2869 3366 2925 sibi
3400 2888 3522 2926 me-

1883 2962 2054 3011 tuens
2115 2954 2172 3009 in
2233 2954 2457 3027 asylum
2509 2955 2766 3010 ecclesiae
2826 2956 3170 3027 confugerit,
3230 2959 3332 3014 sed
3387 2961 3524 3016 inde

1885 3053 2116 3108 blandis
2148 3052 2516 3124 imperatoris
2548 3053 2925 3108 suasionibus
2954 3060 3272 3124 extractus,
3305 3057 3528 3131 relega-

1885 3149 1983 3198 tus
2013 3141 2264 3196 Niczeani
2287 3141 2464 3196 fuerit
2487 3142 2543 3195 in
2567 3142 2992 3198 monasterium
3014 3142 3342 3216 Hyacinthi.
3374 3147 3526 3203 Scri-

1888 3231 1973 3286 bit
2003 3234 2201 3286 autem
2236 3229 2450 3284 ibidem
2485 3229 2889 3303 Pachymeres,
2924 3232 2994 3288 ab
3026 3233 3139 3288 ista
3177 3232 3526 3307 relegatione

1859 1075 1948 1130 οὖν
1993 1078 2287 1150 τριακοστῇ
2341 1075 2702 1149 γαμηλιῶνος
2756 1076 2947 1146 μηνὸςσ

129 3304 550 3376 quadraginta,
583 3303 874 3357 sexdecim
909 3301 1118 3355 diebus
1151 3305 1283 3355 ante
1334 3300 1576 3355 Pascha.
1626 3304 1771 3389 Cum
1804 3303 1846 3369 C
1891 3319 2150 3375 nondum
2186 3335 2338 3372 anno
2367 3317 2614 3389 expleto,
2644 3300 2908 3374 cacatum
2972 3319 3162 3377 Nicaea
3191 3300 3528 3380 Con'stami.’

131 3399 362 3458 autem,
399 3397 463 3446 ut
497 3390 899 3456 manifestum,
952 3406 1067 3444 non
1119 3389 1383 3459 quolibet
1439 3405 1592 3442 anno
1637 3388 1780 3442 Sab-

129 3486 330 3538 batum
368 3483 586 3552 quintae
619 3480 1008 3534 hebdomadis
1041 3479 1585 3550 quadragesimmin
1608 3479 1778 3549 Apri-

130 3573 202 3626 lis
237 3571 476 3625 initium
527 3570 830 3636 incideret,
875 3575 1118 3639 apparet
1150 3570 1242 3622 his
1276 3571 1464 3623 verbis
1497 3567 1781 3623 contineri

128 3662 530 3716 characterem
561 3658 697 3714 anni
725 3673 898 3728 quem
927 3659 1264 3728 quaerimus.
1296 3657 1448 3712 Ordo
1463 3675 1656 3712 rerum
1685 3673 1779 3728 ge-

134 3756 361 3804 starum
381 3749 436 3802 in
453 3747 687 3818 synopsi
705 3763 1000 3818 expansos
1015 3748 1176 3801 ducit
1194 3764 1297 3800 nos
1313 3748 1382 3800 ad
1399 3746 1784 3802 annumChri-

134 3839 208 3892 sti
235 3839 402 3905 1266;
450 3854 586 3891 nam
608 3837 700 3891 hic
732 3853 924 3891 annus
970 3837 1082 3889 fuit
1104 3837 1319 3905 periodi
1346 3836 1588 3890 Juliansz
1618 3836 1782 3899 5979,

131 3928 274 3998 cycli
311 3928 458 3982 solis
486 3928 572 3990 15,
601 3926 743 3997 cycli
771 3925 920 3979 lunae
949 3927 1033 3978 11.
1070 3925 1288 3980 Horum
1321 3925 1616 3995 cyclorum
1649 3941 1780 3980 eer-

135 4018 374 4072 tissimo
406 4015 623 4070 indicio
657 4015 942 4068 habemus
976 4013 1199 4067 Pascha
1250 4014 1348 4068 illo
1399 4031 1550 4068 anno
1603 4014 1784 4069 fuisse

131 4105 351 4176 Aprilis
373 4105 464 4170 18;
510 4105 662 4158 unde
685 4104 1096 4158 retrocedendo
1121 4107 1188 4157 ad
1216 4104 1535 4157 Sabbatum
1569 4103 1783 4171 quinte

138 4194 518 4249 hebdomadas
551 4193 1019 4263 Quadragesimze
1044 4209 1109 4246 ac
1153 4194 1362 4245 festum
1396 4192 1783 4262 Acathistum,

136 4283 466 4354 reperimus
490 4282 546 4334 id
572 4280 854 4335 incidisse
892 4281 948 4334 in
975 4281 1212 4335 tertium
1260 4281 1499 4349 Aprilis,
1528 4282 1626 4351 qui
1660 4281 1786 4336 dies

137 4372 446 4442 aptissime
478 4371 749 4441 congruit
793 4370 851 4422 in
902 4369 1061 4423 illam
1107 4370 1460 4424 mentionem
1493 4369 1785 4440 ἱσταμένου

141 4457 588 4533 βοηδρομιῶνος,
627 4459 965 4530 incipientis
994 4458 1230 4529 Aprilis.

209 4585 308 4640 Vl.
335 4584 717 4655 Morajudicii
743 4585 927 4637 totius
946 4583 1183 4652 aprima
1207 4583 1499 4638 delatione
1522 4585 1590 4638 ad
1616 4600 1783 4639 exse—

1886 3408 2140 3479 nopolim
2177 3405 2520 3461 Holobolum
2556 3407 2628 3462 ab
2658 3407 3009 3479 imperatore
3057 3411 3126 3466 ad
3162 3413 3355 3468 dirum
3382 3430 3529 3486 sup-

1886 3496 2127 3568 plicium
2154 3496 2354 3550 fuisse.
2372 3495 2556 3565 [gitur
2574 3496 2622 3551 si
2647 3498 3015 3567 potuerimus
3036 3499 3280 3557 definire
3292 3507 3527 3574 tempus

1886 3586 2048 3642 illius
2080 3590 2425 3651 conventus,
2459 3600 2577 3656 quo
2607 3601 2776 3642 suam
2822 3602 3056 3658 gravem
3097 3589 3155 3644 in
3208 3592 3528 3662 perniciem

1892 3683 2008 3738 ruit
2037 3681 2356 3737 Holobolus
2401 3683 2851 3752 intemperantia
2895 3684 2991 3740 ira
3023 3691 3082 3742 et
3128 3687 3360 3760 linguae,
3409 3696 3527 3745 sta-

1891 3780 2054 3828 tuere
2077 3771 2274 3826 licebit
2303 3771 2373 3826 de
2401 3787 2532 3826 vero
2557 3776 2815 3843 tempore
2849 3790 2981 3830 cum
3006 3775 3281 3848 supplicii
3314 3779 3385 3835 de
3416 3784 3531 3835 Ho-

1889 3861 2079 3916 lobolo
2105 3862 2328 3933 sumpti
2350 3865 2476 3916 tum
2510 3862 2714 3917 mortis
2744 3863 2994 3919 Arsenii.
3024 3865 3193 3937 Atqui
3221 3883 3531 3940 speramus

1889 3951 2064 4006 istius
2112 3950 2352 4022 quidem
2399 3951 2512 4005 voti
2566 3966 2672 4006 nos
2705 3950 2826 4007 fore
2855 3959 3179 4025 compotes.
3213 3954 3358 4012 Nam
3393 3972 3532 4013 con-

1887 4047 2098 4095 ventus
2124 4041 2232 4094 iste
2253 4039 2484 4094 videtur
2509 4038 2606 4095 ille
2628 4039 2783 4096 idem
2813 4041 2995 4097 fuisse
3017 4059 3190 4114 quem
3217 4045 3534 4120 descripsit

1889 4131 2302 4202 Pachymeres,
2334 4145 2383 4183 c.
2421 4132 2486 4183 12
2515 4129 2650 4184 libri
2682 4130 2948 4200 ejusdem
2975 4150 3028 4197 ν,
3063 4133 3162 4189 ubi
3222 4136 3402 4191 tradit
3448 4138 3536 4192 in-

1890 4226 2114 4275 teritum
2151 4219 2562 4289 imperatorem
2620 4219 2982 4276 adducendis
3013 4222 3070 4277 in
3105 4240 3270 4279 suam
3297 4225 3368 4280 de
3401 4241 3540 4296 pace

1892 4310 2148 4364 incunda
2181 4323 2315 4362 cum
2354 4307 2556 4362 Latina
2581 4309 2842 4364 Ecclesia
2887 4312 3264 4380 sententiam,
3318 4314 3539 4371 aversis

1891 4399 1962 4452 ab
1995 4414 2060 4452 eo
2094 4395 2341 4452 consilio
2377 4395 2726 4467 praesulibus
2745 4396 2982 4466 Grecis,
3005 4407 3356 4475 congregato
3381 4405 3537 4476 apud

1888 4504 1952 4541 se
1984 4485 2313 4557 patriarcha
2344 4501 2473 4538 cum
2511 4485 2799 4557 episcOpis
2821 4491 2877 4542 et
2901 4490 3212 4561 praecipuis
3245 4508 3315 4547 ex
3361 4493 3538 4562 clero,

1890 4574 2178 4629 institisse
2200 4583 2262 4627 ut
2281 4573 2338 4627 in
2361 4588 2487 4628 eam
2503 4574 2965 4630 conciliationem
2986 4594 3291 4635 assensum
3309 4582 3541 4651 darent,

135 4676 434 4730 cutionem
466 4673 772 4728 sententiae
805 4679 860 4726 et
904 4671 1366 4742 deportationem
1415 4674 1676 4727 damnati
1712 4674 1781 4727 ad
1816 4665 1864 4727 Ι)
1896 4662 2218 4728 ἂηεβδηάίε
2267 4663 2593 4717 rationibus
2640 4679 2787 4734 quas
2834 4665 2885 4719 ei
2937 4675 3355 4739 suggesserant
3385 4672 3540 4730 docti

137 4764 398 4819 insulam
433 4765 684 4816 duorum
723 4761 833 4814 fuit
867 4761 979 4814 fere
1011 4761 1304 4814 mensium
1357 4761 1649 4832 siquidem
1683 4763 1784 4817 do-

136 4861 227 4909 cet
270 4852 676 4922 Pachymeres,
703 4849 740 4903 l.
768 4867 843 4916 IV,
869 4866 917 4904 c.
943 4850 998 4914 8,
1031 4856 1333 4904 extrusum
1361 4867 1461 4921 per
1485 4851 1784 4906 ministros

139 4941 514 5014 imperatoris
565 4939 940 5011 patriarchali
991 4939 1209 5010 palatio
1258 4941 1567 4994 Arsenium
1621 4947 1784 4996 nocte

134 5033 358 5088 circiter
387 5035 637 5085 extrema
669 5029 876 5084 mensis
913 5031 1076 5083 Maii.
1112 5027 1221 5096 Νὺξ
1270 5028 1335 5096 ἦν
1395 5028 1517 5103 περί
1567 5050 1672 5082 που
1718 5031 1786 5083 τὰ

133 5120 421 5175 τελευταῖα
463 5122 822 5177 πυαντιῶνος.
874 5119 968 5172 Sic
1018 5117 1222 5172 scribit
1262 5118 1370 5172 hoc
1418 5118 1542 5173 loco
1589 5125 1787 5175 noster

136 5213 296 5266 istud
341 5226 575 5274 nomen,
638 5225 768 5263 cum
828 5208 968 5261 alibi
1045 5214 1382 5262 constanter
1436 5211 1786 5280 πυανεψιῶνα

137 5302 354 5356 Maium
388 5305 570 5355 vocet.
605 5300 716 5354 Sed
753 5302 1054 5368 utcunque
1100 5299 1286 5352 variet
1340 5299 1635 5369 scriptura
1684 5315 1784 5354 vo-

136 5390 354 5460 cabuli,
391 5406 482 5444 res
512 5395 602 5444 est
634 5388 869 5458 quidem
902 5386 1032 5458 ipsa
1078 5386 1321 5442 minime
1353 5389 1532 5442 dubia
1567 5389 1783 5444 Maium

137 5483 227 5536 hic
264 5478 535 5534 indicari.
568 5479 716 5534 729
755 5477 943 5541 Quare
977 5480 1133 5530 certo
1166 5491 1233 5530 ex
1263 5476 1354 5531 his
1378 5476 1511 5532 licet
1544 5478 1784 5532 delinire

138 5567 397 5640 spatium
425 5566 664 5622 secundi
691 5564 1120 5637 patriarchatus
1149 5565 1511 5638 Arsenii,qui
1535 5585 1566 5621 a
1587 5582 1785 5621 mense

136 5657 466 5731 Septembri
528 5656 664 5712 anni
724 5656 940 5712 Christi
992 5656 1123 5709 1261
1163 5656 1230 5708 ad
1267 5657 1442 5711 tinem
1483 5658 1614 5711 Maii
1646 5657 1786 5711 4266

133 5765 237 5821 per
267 5764 460 5805 annos
491 5753 748 5821 quatuor
780 5753 839 5804 et
867 5761 1102 5803 menses
1119 5752 1399 5818 praterea
1426 5749 1656 5805 circiter
1687 5764 1789 5806 no-

1904 4753 2197 4821 homines,
2231 4751 2682 4808 archidiaconus
2713 4753 3089 4824 Meliteniota,
3125 4758 3408 4833 Georgius
3437 4767 3539 4836 Cy-

1895 4843 2056 4912 prius
2091 4840 2616 4912 protapostolarius
2646 4847 2702 4897 et
2734 4842 2932 4899 rhetor
2980 4847 3237 4903 ecclesiis
3287 4849 3538 4908 Holobo-

1893 4930 2008 5000 lus,
2038 4929 2137 5001 qui
2166 4946 2370 4984 omnes
2402 4933 2665 4996 aderant,
2695 4947 2797 5003 pro
2846 4949 2906 4988 se
2939 4935 3188 5008 quisque
3239 4941 3539 5011 negotium

1891 5023 2185 5093 juvantes,
2219 5036 2602 5092 quamquam,
2636 5026 2700 5075 ut
2744 5022 2821 5076 ibi
2857 5024 3174 5081 submonet
3204 5027 3537 5099 historicus,

1894 5118 2213 5174 Holobolus
2243 5119 2479 5190 quidem
2517 5136 2630 5174 non
2666 5135 2734 5174 ex
2765 5121 2947 5177 animi
2979 5126 3069 5179 sui
3102 5128 3413 5194 sententia,
3438 5131 3539 5186 sed

1895 5210 1950 5263 in
1986 5209 2241 5280 speciem
2275 5211 2554 5263 duntaxat
2580 5225 2685 5264 nec
2719 5211 2914 5266 studio
2940 5213 3188 5269 sincero.
3215 5215 3355 5272 Esse
3383 5217 3543 5274 hunc

1896 5299 2107 5353 ccelum
2164 5299 2438 5353 eumdem
2493 5299 2704 5354 suadet
2757 5316 3142 5371 personarum
3177 5304 3456 5363 identitas
3487 5313 3544 5365 et

1897 5390 1976 5444 rei
2013 5393 2270 5444 tractatis
2304 5388 2361 5442 in
2398 5393 2645 5458 utroque
2680 5405 2691 5443 :
2728 5406 2862 5445 nam
2898 5390 3276 5464 Meliteniota,
3299 5399 3543 5469 Cyprius

1895 5486 1951 5533 et
1976 5477 2295 5533 Holobolus
2327 5477 2636 5549 utrobique
2671 5486 3072 5536 memorantur
3101 5484 3252 5539 πο
3296 5485 3544 5542 adhibiti

1895 5568 2292 5639 adjuvandum
2327 5567 2738 5638 imperatorem
2771 5569 2828 5624 in
2862 5571 3275 5629 convincendis
3299 5575 3545 5630 fautori-

1896 5658 2006 5712 bus
2037 5655 2397 5711 schismatis.
2427 5655 2544 5710 Nec
2576 5658 2769 5711 obstat
2821 5662 2976 5730 quod
3019 5660 3118 5717 illo
3158 5679 3206 5718 c.
3249 5663 3319 5717 20
3352 5671 3544 5737 poste-

1898 5746 2066 5804 rioris
2081 5746 2366 5820 temporis
2383 5746 2732 5805 memoriam
2762 5751 3134 5822 exsequitur:
3151 5769 3288 5811 nam
3325 5755 3544 5814 diserte
