4248 6442
697 355 842 445 1187

1728 377 1791 430 Ρ.
1833 372 2110 428 POSSINI
2147 363 2764 422 OBSERVATIONUM
2801 364 2934 417 LIB.
2978 366 3076 418 III.

3977 365 4105 421 1188

701 511 922 566 ibidem
945 507 1240 569 admonet,
1268 500 1424 573 quod
1453 499 1534 554 ibi
1565 499 1786 565 narrat,
1819 498 2014 549 actum
2049 487 2347 561 superius,
2375 486 2433 552 Α
2463 483 2773 540 manifesto
2805 484 3064 556 periculo
3095 484 3347 556 publicae
3377 485 3614 556 quietis,
3647 491 3712 542 ut
3739 502 3986 544 necesse
4009 488 4107 543 ha-

705 601 804 656 sed
833 598 911 652 ibi
945 593 1257 650 memorari
1289 591 1360 646 ob
1379 586 1826 645 similitudinem
1851 596 2067 636 rerum.
2093 579 2349 633 Conven-

704 694 801 743 tus
851 702 1022 758 porro
1066 682 1183 737 illic
1216 697 1264 735 c.
1300 681 1366 734 12
1413 679 1684 732 narratus
1715 671 2088 744 signiﬁcatur
2129 666 2347 720 ibidem

704 755 964 837 habitus,
999 786 1285 844 posquam
1337 766 1511 837 legati
1544 762 1803 834 Gregorii
1838 762 1894 814 Χ
1918 755 2209 830 pontiﬁcis
2239 758 2349 808 Ro-

705 866 864 922 mani
883 857 1449 929 Constantinopolim
1477 854 1855 910 advenerant.
1885 849 2010 902 Non
2035 846 2352 917 potuerunt

705 961 901 1011 autem
961 951 1045 1005 illi
1104 966 1169 1004 eo
1227 945 1563 1019 pervenisse
1612 942 1776 1012 prius
1821 953 1999 1008 quam
2029 935 2137 989 sub
2171 933 2348 986 finem

705 1045 844 1100 anni
889 1041 1050 1109 1272,
1084 1037 1375 1108 siquidem
1427 1033 1631 1087 litteras
1682 1045 1829 1100 quas
1860 1027 1943 1081 eis
1976 1022 2349 1096 perferendas

705 1135 774 1190 ad
807 1129 1145 1185 Michaelem
1191 1127 1602 1195 imperatorem
1651 1119 1700 1172 is
1744 1115 2006 1188 pontifex
2047 1111 2227 1178 dedit,
2259 1125 2348 1162 re-

703 1224 894 1278 citatae
918 1237 951 1274 a
983 1214 1279 1288 Raynaldo
1318 1212 1416 1266 illo
1469 1226 1622 1265 anno
1648 1227 1702 1262 n.
1735 1207 1828 1274 25,
1871 1203 2098 1272 scripta:
2150 1202 2284 1253 sunt
2315 1199 2349 1250 9

700 1311 827 1366 Kal.
861 1287 1142 1364 Novemb.
1175 1305 1304 1373 ejus
1356 1317 1527 1371 quem
1577 1297 1696 1351 dixi
1748 1293 1885 1350 anni
1935 1290 2089 1361 apud
2143 1287 2348 1342 urbem

700 1394 979 1463 veterem,
1015 1394 1112 1450 ubi
1173 1390 1486 1462 Gregorius
1534 1393 1676 1442 tunc
1732 1388 1875 1438 erat.
1934 1382 2053 1434 Sub
2112 1377 2344 1431 initium

699 1490 880 1562 igitur
911 1485 1049 1540 anni
1087 1483 1222 1537 1273
1249 1479 1426 1534 fuerit
1468 1476 1705 1531 habitus
1754 1474 1803 1527 is
1850 1476 2054 1534 castus,
2079 1483 2194 1538 quo
2223 1482 2350 1536 gra-

697 1554 842 1635 tiam
877 1574 1033 1647 apud
1067 1573 1480 1642 imperatorem
1513 1579 1683 1618 suam
1714 1558 2032 1616 Holobolus
2066 1554 2344 1626 perdidit.

702 1669 782 1723 Ex
815 1681 928 1736 quo
961 1669 1222 1730 tempore
1254 1657 1514 1712 nondum
1564 1668 1718 1707 anno
1769 1649 2020 1715 evoluto,
2060 1647 2348 1698 retractus

701 1730 1272 1820 Constantinopolim
1306 1750 1426 1800 tam
1470 1743 1630 1796 diras
1663 1739 1742 1794 ibi
1776 1739 1928 1810 (quin
1961 1752 2009 1789 c.
2041 1734 2111 1786 2O
2137 1730 2350 1786 descri-

699 1841 943 1912 buntur)
975 1819 1360 1894 contumaciae
1400 1849 1518 1887 sua
1563 1845 1765 1902 pmnas
1797 1826 2021 1881 dederit
2062 1826 2223 1877 sexta
2253 1819 2347 1874 die
2381 1849 2425 1912 Β

699 1909 967 1989 Octobris
1000 1929 1136 1982 anni
1172 1926 1333 1989 1273,
1359 1925 1585 1976 mortuo
1619 1923 1754 1972 ante
1787 1931 1885 1970 sex
1907 1914 2033 1968 dies
2062 1912 2121 1966 in
2152 1909 2347 1964 insula

700 2027 870 2087 Oxea,
904 2018 1006 2073 ubi
1054 2017 1278 2070 dudum
1331 2010 1622 2067 exulabat.
1683 2004 1950 2068 Arsenio,
1983 2017 2160 2072 quem
2213 1999 2347 2052 inde

698 2109 1084 2180 inlelligimus
1140 2109 1267 2175 post
1323 2117 1492 2158 suam
1553 2115 1582 2153 e
1640 2095 1897 2151 secundo
1950 2088 2344 2162 patriarchatu

699 2200 1042 2272 ejectionem
1075 2194 1286 2248 vixisse
1326 2191 1496 2246 annis
1550 2191 1798 2258 septem,
1832 2187 1887 2238 et
1919 2185 2131 2253 quator
2181 2178 2345 2232 insu-

700 2307 802 2362 per
834 2285 1158 2343 mensibus.

1339 2421 1567 2479 CAPUT
1608 2419 1701 2474 Vl.

700 2529 1074 2600 Chronologia
1093 2521 1548 2600 patriarcharum
1602 2515 1882 2600 Germaizi,
1907 2512 2228 2600 Josepizi,-.et
2249 2511 2345 2600 :10-

767 2581 1150 2661 annisvi’ecc‘i,
1176 2598 1272 2667 qui
1302 2599 1417 2664 post
1447 2593 1757 2667 A_rsenium_,
1793 2581 2108 2667 imperante
2139 2581 2345 2637 Micha-

767 2658 850 2730 ele
882 2658 1216 2737 Palzologo,
1248 2658 1434 2721 sedem
1466 2658 2136 2737 Constantinopolitanam
2161 2664 2348 2710 tenue-

770 2751 920 2801 runt.
956 2732 1180 2812 Tempus
1204 2732 1396 2794 'missae
1426 2732 1721 2806 legationis
1750 2733 1826 2786 ad
1855 2746 2082 2801 papam.

772 2865 856 2933 [P.
889 2863 1016 2931 516]
1049 2861 1099 2914 1.
1125 2859 1260 2912 Post
1289 2857 1553 2910 amotum
1592 2848 1908 2905 Arsenium
1933 2846 2261 2901 Germanus
2281 2858 2350 2896 ex

697 2954 775 3010 Ad
787 2948 1201 3022 riauipolitana
1215 2945 1352 3000 sede
1366 2944 1423 2997 in
1438 2936 2144 3008 Constantinopolitanam
2164 2938 2352 2988 trans-

702 3045 858 3099 latus
889 3021 957 3095 et,
978 3035 1308 3111 patriarcha
1363 3030 1700 3087 declaratus
1730 3032 1820 3082 est
1848 3041 2038 3079 mense
2067 3021 2232 3078 Junio
2263 3021 2352 3075 die

692 3135 833 3203 festo
862 3110 1042 3184 sancti
1073 3124 1338 3196 Spiritus,
1372 3125 1438 3175 ut
1474 3118 1735 3188 loquitur
1765 3115 2173 3185 Pachymeres,
2206 3110 2243 3164 l.
2271 3128 2346 3175 ιν,

693 3196 744 3278 t3.
781 3221 846 3274 13
872 3237 884 3274 :
911 3215 1092 3284 Μηνὸς
1131 3211 1618 3284 μαιμακτηριῶνος
1651 3204 1703 3258 ἐν
1734 3206 1803 3276 τῇ
1833 3205 1930 3255 τοῦ
1976 3200 2133 3272 ἁγίου
2176 3196 2343 3254 Πνεύ-
2378 3217 2419 3280 C

696 3328 867 3382 ματος
926 3305 1112 3378 ἑορτῇ.
1172 3302 1443 3356 Libenter
1499 3296 1610 3351 hoc
1670 3293 1963 3350 diﬂ‘errem
2020 3291 2077 3344 in
2123 3305 2343 3344 annum

692 3401 1057 3468 sequentem.
1092 3392 1241 3447 Nam
1272 3390 1427 3444 inter
1456 3382 1991 3441 exauctorationem
2039 3378 2265 3433 Arsenii
2290 3382 2347 3431 et

695 3486 1125 3560 promotionem
1155 3477 1429 3536 Germani
1450 3475 1634 3530 multa
1657 3473 2079 3527 commemorat
2101 3466 2347 3538 Paschy-

699 3556 888 3632 meres
916 3571 1208 3644 capitibus
1224 3569 1279 3632 9,
1325 3567 1389 3620 10
1420 3570 1478 3619 et
1501 3563 1587 3632 11,
1621 3562 1660 3616 1.
1697 3576 1773 3625 iv,
1800 3576 1926 3632 quae
1959 3557 2018 3611 in
2042 3556 2350 3627 angustias

693 3662 1192 3736 paucissimorum
1216 3657 1445 3711 dierum
1479 3653 1630 3706 inter
1660 3655 1984 3704 extremum
2030 3645 2245 3699 Maium
2294 3648 2352 3696 et

691 3751 933 3809 Junium
969 3748 1268 3802 ineuntem
1301 3738 1790 3796 intercedentium
1815 3733 2120 3806 aegerrime
2152 3731 2346 3785 viden-

692 3849 791 3897 tur
825 3854 998 3912 posse
1029 3832 1347 3905 compingi.
1411 3831 1565 3895 Fuit,
1626 3833 1686 3882 ut
1717 3827 1997 3887 diximus,
2030 3823 2140 3876 hoc
2171 3837 2346 3886 anno,

698 3909 935 4003 quo—est
965 3927 1381 3982 exauctoratus
1424 3917 1729 3981 Arsenius,
1764 3914 1986 3969 Pascha
2019 3911 2086 3966 18
2115 3909 2348 3981 Aprilis,

695 4002 752 4075 et
781 4019 1208 4087 consequenter
1239 4012 1594 4074 Pentecoste,
1630 4022 1808 4076 quam
1842 4002 1936 4057 hic
1968 4006 2136 4057 vocat
2154 4004 2352 4054 noster

700 4107 895 4182 ἑορτὴν
956 4107 1053 4158 τοῦ
1111 4101 1264 4176 ἁγίου
1323 4096 1655 4169 ῙΙνεύματος.
1716 4096 1751 4148 6
1807 4091 1991 4149 Junii.
2052 4089 2350 4145 Sententia

702 4194 1090 4268 depositionis
1145 4190 1365 4264 perlata
1424 4187 1480 4242 in
1545 4184 1853 4240 Arsenium
1913 4187 1969 4237 et
2026 4178 2349 4236 executioni

703 4287 981 4343 mandata
1015 4287 1104 4339 est
1160 4278 1283 4351 περ(
1342 4297 1448 4330 που
1500 4275 1566 4329 τὰ
1620 4272 1909 4327 τελευταῖα
1938 4273 2033 4324 τοῦ
2078 4271 2350 4322 πυαντιῶ-

698 4396 814 4446 νος,
841 4375 1066 4430 circiter
1095 4380 1344 4427 extrema
1364 4368 1570 4423 mensis
1592 4363 1760 4430 Maii,
1782 4369 1844 4416 ut
1876 4361 2029 4415 clare
2052 4360 2228 4413 tradit
2248 4375 2351 4412 no-

700 4472 821 4522 ster
852 4481 902 4519 c.
931 4466 986 4529 8,
1032 4463 1070 4518 Ι.
1124 4478 1198 4515 ιν.
1247 4459 1574 4514 Germanus
1623 4469 1794 4524 porro
1827 4452 2217 4520 inauguratus
2249 4465 2354 4520 pa-

701 4555 980 4618 triarcha,
1013 4569 1080 4606 ex
1111 4551 1314 4605 eodem
1371 4552 1631 4612 auctore,
1685 4547 1774 4597 est
1825 4541 1919 4595 die
1961 4540 2352 4606 Pentecostes,
2387 4582 2432 4645 D

701 4647 808 4700 hoc
841 4649 948 4710 est,
982 4646 1144 4696 sexto
1203 4637 1384 4693 Junii.
1443 4634 1702 4690 Medium
1765 4630 2024 4702 spatium
2077 4645 2190 4682 non
2227 4628 2356 4698 plus

702 4739 831 4789 octo
885 4737 984 4786 aut
1030 4733 1229 4786 decem
1266 4727 1493 4782 dierum
1538 4723 1723 4778 fuisse
1753 4719 2027 4792 oportuit.
2059 4717 2128 4771 Et
2159 4722 2354 4771 tamen

702 4826 872 4879 docet
903 4821 1175 4876 indicatis
1208 4818 1353 4872 locis
1401 4814 1785 4885 Pachymeres
1835 4809 2087 4881 primum
2120 4807 2352 4861 electio-

703 4930 836 4969 nem
870 4909 1203 4967 successuri
1253 4903 1499 4961 Arsenio
1547 4901 1752 4956 liberis
1801 4897 2097 4969 suffragiis
2149 4895 2356 4966 synodi

704 5003 967 5060 relictam
997 5001 1070 5054 ab
1101 4999 1473 5069 imperatore,
1508 4992 1664 5046 unde
1695 4992 1773 5044 sit
1808 4989 1952 5043 731
1993 5002 2358 5056 consequens

707 5107 936 5147 moram
999 5090 1383 5160 congregatos
1449 5081 1649 5136 Patres
1698 5082 1939 5133 maturae
1989 5074 2357 5146 inquisitioni

706 5184 973 5236 idoneam
1002 5175 1355 5248 sumpsisse.
1391 5171 1608 5227 Deinde
1655 5168 1752 5222 ubi
1807 5165 2086 5234 suffragia
2130 5165 2185 5218 in
2221 5161 2358 5218 Ger-

701 5286 945 5326 manum
1002 5266 1439 5325 convenissent,
1489 5273 1794 5315 recusasse
1825 5256 2020 5326 ipsum
2056 5254 2361 5308 admittere

704 5363 1012 5422 honorem,
1063 5373 1167 5411 nec
1227 5354 1340 5409 nisi
1399 5349 1755 5423 urgentibus
1787 5351 1843 5400 et
1888 5345 2104 5415 saepius
2135 5344 2362 5398 iteratis

699 5447 1074 5522 imperatoris
1103 5462 1237 5500 eum
1272 5444 1341 5498 ad
1380 5443 1486 5496 hoc
1519 5436 1782 5511 quotidie
1825 5434 2098 5490 adeuntis
2133 5435 2362 5487 instan-

697 5542 797 5595 tiis
830 5539 1086 5608 denique
1122 5535 1472 5590 inclinatum
1521 5526 1870 5584 assensisse.
1917 5529 2202 5578 Praeterea
2243 5539 2361 5577 me-

698 5631 875 5687 minit
907 5629 985 5682 ibi
1020 5631 1226 5682 auctor
1258 5620 1534 5678 factionis
1568 5617 1773 5672 valinze
1812 5614 2076 5670 conflata;
2117 5612 2364 5667 Arsenio

699 5719 1046 5788 faventium,
1107 5732 1235 5787 qua:
1294 5716 1415 5768 tam
1446 5709 1826 5764 vehementer
1885 5701 2199 5759 invaluerit
2229 5718 2363 5758 cum

2456 576 2650 630 buerit
2680 575 3000 646 imperator
3033 576 3208 646 longa
3239 592 3367 630 eam
3397 583 3455 631 et
3497 583 3774 632 accurata
3825 580 4104 633 concione

2457 680 2831 734 compescere
2881 665 3113 719 conari.
3167 664 3430 736 Denique
3475 670 3676 720 narrat
3725 667 3919 722 datam
3980 683 4105 722 esse

2456 769 2691 824 operam
2730 759 2792 808 ut
2827 753 3036 824 reliqui
3068 753 3393 809 Orientales
3423 755 3798 826 patriarchae,
3856 756 4103 811 Alexan-

2456 843 2660 896 drinus
2692 847 2750 896 et
2778 843 3202 911 Antiochenus,
3235 844 3579 913 ejectionem
3623 845 3849 900 Arsenii
3894 848 4104 916 proba-

2456 934 2602 998 rent;
2628 947 2804 1001 quam
2853 932 2925 986 ad
2961 948 3078 986 rem
3111 932 3427 986 verisimile
3479 933 3556 986 sit
3585 933 3837 987 missum
3872 935 3946 989 ad
4007 951 4103 989 eos

2454 1020 2536 1073 rei
2567 1019 2731 1074 facta:
2759 1021 3123 1088 nuntium,et
3157 1025 3558 1092 exspectatum
3590 1020 3864 1076 videlicet
3895 1039 4096 1076 eurum

2455 1123 2804 1178 responsum
2837 1125 2897 1162 re
2928 1108 3120 1163 adhuc
3156 1108 3383 1179 integra
3433 1114 3566 1164 ante
3619 1110 4093 1182 subrogationem

2455 1195 2583 1250 novi
2617 1197 3044 1266 patriarchasin
3100 1197 3290 1252 locum
3337 1197 3586 1268 expulsi.
3645 1198 3741 1252 llis
3788 1200 3857 1252 de
3910 1201 4100 1254 causis

2455 1287 2875 1356 propenderem
2911 1287 3186 1355 equidem
3249 1287 3317 1340 ad
3380 1287 3761 1341 differendam
3823 1290 4100 1342 Germani

2453 1373 2798 1428 electionem
2835 1375 2889 1428 in
2926 1391 3146 1428 annum
3181 1379 3548 1445 sequentem;
3604 1377 3758 1445 quod
3814 1393 3917 1445 per
3966 1377 4104 1430 cha-

2455 1466 2734 1517 racterem
2769 1464 2877 1517 hoc
2926 1463 3051 1518 loco
3099 1473 3488 1518 memoratum
3538 1463 3689 1518 licet.
3745 1464 3892 1520 Nam
3940 1482 4103 1534 aeque

2456 1551 2552 1605 illo
2585 1567 2739 1605 anno
2759 1551 2982 1606 Christi
3019 1553 3175 1618 1267,
3209 1569 3342 1606 cum
3390 1552 3590 1622 cyclus
3626 1553 3766 1607 solis
3825 1553 4007 1607 fuerit
4042 1555 4103 1606 16

2456 1643 2512 1693 et
2540 1638 2688 1693 luna:
2725 1644 2810 1710 11,
2839 1642 3105 1706 quidant
3153 1641 3373 1695 Pascha
3424 1642 3489 1693 17
3541 1641 3777 1713 Aprilis,
3827 1646 4104 1696 Penteco-

2457 1732 2544 1782 ste
2576 1729 2856 1799 pertingit
2889 1729 2943 1782 in
2993 1745 3256 1783 mensem
3305 1729 3575 1796 Junium,
3638 1731 3911 1801 quintum
3976 1731 4105 1800 ejus

2458 1817 2610 1871 diem
2646 1834 2960 1887 occupans.
2995 1819 3144 1881 Quia
3171 1821 3390 1879 tamen,
3451 1820 3605 1888 quod
3639 1819 3840 1873 statim
3905 1824 4102 1873 osten-

2457 1907 2686 1971 demus,
2722 1911 2876 1961 certo
2909 1912 3140 1962 constat
3170 1908 3526 1961 Germanum
3559 1908 3832 1962 eumdem
3859 1909 4106 1978 patriar-

2455 1994 2626 2048 chatu
2661 1996 2912 2049 cessisse
2944 1996 3038 2048 die
3091 1996 3153 2048 14
3193 1996 3558 2065 Septembris
3610 1996 3790 2064 hujus
3847 1997 4108 2065 ejusdem

2455 2083 2592 2137 anni
2624 2084 2781 2150 1267,
2816 2084 2969 2139 unde
3008 2089 3163 2138 esset
3211 2100 3580 2151 consequens
3623 2101 3736 2138 non
3794 2085 3931 2154 plus
3971 2101 4102 2138 eum

2454 2172 2645 2225 tribus
2678 2173 2985 2227 mensibus
3008 2189 3142 2226 cum
3176 2172 3422 2227 dimidio
3459 2172 3517 2226 in
3561 2173 3698 2227 sede
3749 2173 4104 2244 perstitisse,

2456 2259 2504 2314 si
2579 2276 2754 2331 quem
2831 2266 2992 2317 tanta
3054 2261 3494 2332 patriarchatus
3569 2261 3846 2316 Germani
3922 2261 4103 2316 oﬂ'en-

2455 2353 2572 2424 det,
2606 2352 2822 2423 poterit
2847 2353 2897 2408 is
2930 2367 3031 2422 per
3055 2369 3149 2408 me
3167 2353 3404 2407 credere
3456 2353 3649 2407 Patres
3701 2352 3934 2424 synodi,
3991 2368 4106 2423 quo

2454 2453 2716 2520 tempore
2743 2444 2969 2501 Arsenii
3000 2459 3240 2499 causam
3265 2443 4108 2514 cognoverunt,disquisivisse

2455 2537 2632 2592 simul
2667 2537 2736 2590 de
2767 2549 3129 2600 successore,
3164 2531 3214 2587 si
3237 2531 3403 2597 forte,
3438 2532 3593 2603 quod
3643 2547 3895 2601 pronum
3948 2531 4108 2585 factu

2457 2626 2797 2698 apparebat,
2831 2622 2928 2677 ille
2953 2626 3346 2688 amoveretur;
3377 2637 3558 2691 quare
3600 2622 3806 2676 statim
3851 2637 3920 2674 ac
3970 2635 4104 2674 sen-

2455 2715 2700 2770 tentiam
2734 2713 2792 2767 in
2825 2710 3139 2765 Arsenium
3185 2709 3467 2778 tulerunt,
3512 2709 3796 2780 suffragia
3850 2709 3910 2763 in
3962 2708 4102 2764 Ger-

2458 2803 2615 2858 mani
2647 2801 2990 2857 electionem
3021 2800 3161 2854 dare
3192 2799 3507 2871 potuerint.
3537 2803 3613 2853 De
3644 2799 3898 2853 conﬂato
3933 2799 4100 2852 Arse-

2457 2895 2770 2950 nianorum
2801 2891 3124 2946 schismate
3152 2891 3305 2961 quod
3339 2893 3634 2956 narratur,
3670 2888 4019 2943 inchoatum
4052 2888 4105 2942 id

2457 2982 2988 3058 pendentejudicio
3016 2980 3267 3047 Arsenii,
3301 2985 3575 3035 caeterum
3611 2979 3882 3034 factionis
3916 2995 4108 3034 corro-

2457 3075 2818 3131 borationem
2854 3088 3037 3141 usque
3078 3071 3148 3124 ad
3198 3069 3524 3140 periculum
3581 3068 3907 3138 publicum,
3969 3068 4103 3122 licet

2459 3169 2591 3236 post
2623 3163 2896 3217 Germani
2927 3160 3282 3215 evectionem
3325 3159 3631 3226 exstiterit,
3679 3174 3748 3212 ex
3799 3157 4108 3212 occasione

2462 3269 2558 3323 per
2590 3250 2904 3324 prolepsim
2954 3253 3128 3302 antea
3172 3265 3205 3302 a
3253 3247 3608 3318 Pachymere
3666 3245 3938 3300 relatam.
4000 3247 4109 3300 Po-

2454 3345 2673 3395 stremo
2707 3340 2921 3393 missos
2952 3336 3191 3407 quidem
3225 3336 3426 3390 statim
3461 3335 3700 3389 nuntios
3741 3334 4108 3389 indicaturos

2453 3427 2874 3500 depositionem
2911 3424 3142 3479 Arsenii
3177 3424 3247 3478 ad
3288 3423 3748 3478 Alexandrinum
3801 3427 3858 3477 et
3907 3426 4105 3478 Antio-

2452 3522 2702 3572 chenum
2738 3513 3123 3586 patriarchas,
3159 3513 3259 3567 sed
3293 3529 3493 3568 eorum
3544 3512 3804 3567 reditum
3853 3512 4104 3567 minime

2452 3611 2875 3678 exspectatum.
2911 3604 3034 3658 Non
3059 3604 3211 3657 enim
3243 3602 3328 3656 illi
3362 3602 3709 3673 patriarchas
3741 3602 3964 3657 habere
4002 3619 4104 3673 pu-

2452 3698 2730 3752 tabantur
2760 3695 2815 3748 in
2849 3692 2948 3746 tali
2985 3692 3216 3762 negotio
3250 3692 3353 3761 jus
3404 3690 3708 3761 sutl‘ragii:
3753 3691 3982 3762 alioqui
4040 3708 4107 3745 ne

2453 3785 2754 3840 damnatio
2785 3782 3024 3853 quidem
3056 3787 3191 3835 ante
3240 3785 3447 3834 nutum
3500 3796 3704 3834 eorum
3749 3781 4106 3851 precipitari

2454 3875 2775 3938 debuisset,
2809 3870 2962 3942 quod
2999 3870 3215 3924 factum
3248 3873 3444 3923 tamen
3477 3871 3727 3923 constat.
3761 3868 4018 3923 Summa
4040 3870 4112 3923 sit

2455 3963 2513 4018 in
2543 3963 2736 4017 medio
2771 3959 2977 4031 reliqui
3012 3977 3044 4013 a
3066 3975 3159 4013 me
3191 3957 3504 4030 ceperitne
3537 3959 3619 4029 [P.
3661 3959 3790 4027 517]
3839 3960 4113 4014 Germani

2459 4050 2894 4126 patriarchatus
2926 4065 3080 4104 anno
3116 4049 3254 4102 1266
3285 4065 3358 4102 an
3397 4047 3669 4118 sequenti
3696 4072 3710 4111 ;
3745 4049 4115 4119 propendere

2459 4150 2656 4197 tamen
2691 4140 2883 4211 magis
2913 4139 2972 4192 in
3002 4154 3181 4209 quam
3216 4137 3534 4192 maximam
3569 4136 3726 4192 sedis
3757 4137 3891 4207 ejus
3929 4138 4115 4192 brevi-

2460 4236 2658 4297 tatem,
2696 4229 2898 4300 utique
2930 4227 2988 4281 in
3024 4243 3137 4298 qua
3173 4225 3406 4280 facilius
3435 4225 3725 4280 rationem
3758 4226 4002 4280 invenio
4024 4243 4122 4280 cur

2461 4324 2532 4377 ab
2579 4338 2645 4377 eo
2701 4318 2930 4374 volente
2985 4323 3042 4372 et
3101 4320 3303 4387 parato
3354 4315 3678 4387 imperator
3743 4315 4126 4370 anathemate

2462 4411 2607 4468 solvi
2640 4426 2701 4465 se
2733 4425 2847 4463 non
2881 4405 3191 4462 curaverit.

2540 4535 2610 4590 ll.
2641 4534 2836 4588 Finem
2869 4529 3303 4602 patriarchatus
3333 4528 3612 4584 Germani
3640 4529 3916 4599 ejusdem
3971 4529 4126 4602 ponit

2471 4621 3064 4695 Pacbymeres,i.iv,c.
3099 4622 3188 4685 21,
3210 4619 3299 4672 die
3333 4617 3477 4673 festo
3509 4617 3888 4673 exaltationis
3909 4625 4127 4674 sanctae

2465 4713 2667 4770 Crucis
2693 4725 2892 4765 mense
2904 4707 3375 4778 Septembri;quo
3393 4707 3486 4761 die
3503 4706 3585 4760 ait
3599 4705 3769 4760 illum
3787 4707 4127 4772 celebratis,

2467 4807 2533 4857 ut
2562 4798 2908 4857 solemnitas
2936 4797 3235 4867 poscebat,
3269 4795 3488 4849 divinis
3511 4795 3570 4849 in
3619 4796 3840 4865 templo
3894 4798 4127 4852 ofﬁciis.

2468 4892 2578 4947 sub
2612 4903 2915 4960 vesperam
2951 4884 3304 4957 patriarchio
3336 4885 3665 4948 cedentem,
3696 4885 3768 4938 ad
3806 4901 3958 4940 suas
3990 4902 4131 4956 quas

2473 4982 2622 5036 782
2655 4979 2910 5034 habebat
2944 4976 3001 5029 in
3035 4973 3347 5045 Manganis
3398 4972 3645 5028 cellulas
3697 4989 3758 5027 se
3815 4977 4130 5046 recepisse.

2471 5088 2576 5127 nec
2608 5073 2808 5141 postea
2839 5064 2977 5120 ullis
3003 5081 3064 5119 se
3088 5063 3298 5118 adduci
3331 5063 3604 5133 precibus
3619 5062 3827 5118 sivisse
3848 5065 3924 5118 ad
3953 5064 4129 5119 ullum

2471 5176 2645 5218 usum
2664 5157 2945 5213 abdicata;
2960 5152 3458 5225 dignitatis.Unde
3476 5153 3546 5206 ad
3563 5154 3935 5208 successoris
3951 5155 4132 5224 inqui-

2472 5251 2742 5308 sitionem
2762 5260 3054 5300 conversae
3078 5259 3211 5298 cum
3241 5241 3616 5313 imperatoris
3641 5246 3766 5295 tum
3797 5245 4127 5298 antistitum

2473 5357 2624 5396 cura:
2657 5340 2939 5405 suntzquo
2971 5349 3124 5388 anno
3139 5332 3196 5386 id
3215 5331 3527 5402 contigerit
3546 5346 3615 5385 ex
3630 5333 4004 5387 successoris
4026 5331 4130 5386 ele-

2474 5431 2667 5486 ctione
2697 5426 2856 5481 brevi
2895 5428 3024 5494 post
3055 5426 3258 5476 secuta
3307 5419 3767 5491 intelligendum
3823 5431 3958 5486 est;
4008 5436 4126 5491 qua:

2474 5536 2632 5583 cum,
2672 5522 2736 5570 ut
2786 5530 2920 5568 mox
2969 5510 3496 5574 demonstrabitur,
3528 5513 3766 5580 paracta
3819 5511 3999 5566 fuerit
4045 5509 4127 5561 die.

2475 5614 2543 5665 28
2576 5603 2920 5663 Decembris
2952 5600 3091 5655 anni
3118 5599 3446 5655 desinentis
3483 5614 3517 5652 a
3549 5597 3784 5654 Christo
3817 5606 3959 5654 nato
3986 5599 4126 5658 1267,

2479 5715 2581 5774 pro
2613 5691 2907 5752 constanti
2931 5693 3022 5745 est
3044 5688 3383 5743 habendum
3418 5686 3752 5758 perstitisse
3778 5688 4124 5743 Germanum
