4218 6450
163 380 301 437 1189

174 597 447 664 quartum
479 588 769 643 decimum
802 586 1159 657 Septembris
1194 586 1331 640 anni
1385 587 1518 639 1267
1571 603 1671 656 per
1709 601 1816 638 an-

174 697 314 736 num
349 696 530 733 unum
567 683 623 731 et
647 693 877 730 menses
911 680 1184 747 praeterea
1209 679 1461 745 quatuor
1482 691 1614 729 cum
1641 673 1815 728 dimi-

171 772 289 834 dio,
321 767 407 822 vel
440 784 472 820 a
502 767 710 837 quinto
741 765 902 819 Junii
936 765 1072 818 anni
1125 765 1260 818 1267
1310 765 1378 816 ad
1439 763 1502 815 14
1549 763 1814 833 Septem-

171 860 333 913 brem
370 857 634 926 ejusdem
669 857 807 908 anni
840 869 941 923 per
971 868 1204 906 menses
1234 858 1351 906 tres
1371 853 1566 906 etdies
1589 867 1814 904 novem.

175 953 424 1015 Postque
457 945 648 1012 ipsius
694 947 1077 1013 spontaneam
1131 941 1558 995 abdicationem
1619 941 1816 994 sedem

170 1049 405 1089 vacasse
436 1032 625 1086 tribus
657 1029 963 1084 mensibus
994 1034 1049 1083 et
1079 1029 1286 1083 diebus
1341 1033 1621 1099 praeterea
1668 1042 1818 1096 qua-

175 1122 521 1189 tuordecim,
559 1135 743 1191 usque
776 1119 845 1173 ad
894 1118 1360 1190 designationem
1413 1116 1770 1172 successoris
1805 1132 1820 1184 ;

180 1209 591 1283 septemdecim
621 1224 753 1263 vero
782 1223 968 1278 usque
1000 1208 1069 1261 ad
1116 1207 1380 1276 ejusdem
1430 1204 1824 1274 inauguratio-

173 1317 333 1369 nem,
366 1315 495 1369 qua:
518 1295 792 1352 Kalendis
823 1294 1120 1350 Januariis
1148 1295 1287 1348 anni
1337 1295 1476 1348 1258
1529 1292 1824 1348 celebrata

179 1390 286 1444 rite
308 1393 416 1453 est,
450 1390 624 1457 prout
653 1386 948 1455 {deinceps
1002 1384 1400 1439 ostendemus.
1455 1381 1668 1437 Scribit
1718 1397 1823 1434 no-

175 1486 314 1544 ster,
344 1494 394 1530 c.
426 1477 516 1542 23,
553 1475 590 1528 l.
633 1491 709 1543 IV,
732 1473 1049 1544 Josepbum
1077 1472 1416 1526 monasterii
1442 1471 1657 1526 Galesii
1683 1488 1824 1542 pras-

179 1570 395 1620 t'ectum
424 1563 851 1618 confessarium
886 1562 1259 1632 imperatoris
1298 1561 1559 1631 legitimo
1619 1560 1829 1614 suifra-

175 1656 404 1727 giorum
468 1668 710 1707 numero
781 1650 1028 1705 electum
1099 1652 1380 1720 probante
1438 1666 1503 1703 ac
1559 1650 1832 1704 studente

177 1743 430 1797 maxime
446 1740 1232 1811 imperatore,designantum
1246 1739 1427 1793 fuisse
1441 1738 1828 1809 patriarcham

180 1832 354 1902 μηνὸς
409 1827 874 1904 πιρῥοφοριῶνος
943 1825 1162 1898 εἰκοστῇ
1231 1823 1397 1900 ὀγδοῇ
1449 1832 1548 1893 τῆς
1605 1823 1832 1895 δεκάτης

173 1920 549 1988 ἐπινεμήσεως
577 1921 674 1970 τοῦ
731 1917 891 1988 ,ςψοέ
921 1910 1095 1981 ἔτους,
1132 1919 1336 1970 mensis
1377 1916 1695 1970 Decembris
1750 1919 1828 1970 vi-

171 2013 379 2066 cesima
403 2013 619 2072 octava,
654 2007 878 2061 decimae
911 2004 1253 2071 indictiom’s,
1288 2008 1428 2058 anni
1457 2005 1623 2073 6775;
1665 2021 1827 2059 mox-

174 2115 294 2168 que
327 2097 489 2151 addit
532 2096 715 2150 fuisse
769 2095 1106 2148 ordinatum
1159 2092 1278 2147 Kal.
1335 2093 1636 2148 Januariis
1689 2093 1826 2147 anni

187 2185 515 2258 sequentis,
539 2176 980 2255 ἑκατομϐαιῶνος
1038 2179 1094 2234 δὲ
1123 2181 1392 2253 νουμηνίᾳ
1422 2180 1827 2254 χειροτονηθεὶς

183 2274 269 2336 εἰς
299 2273 591 2347 ἀρχιερέας
621 2269 950 2326 τετέλεσται.
986 2273 1189 2325 Annus
1244 2288 1369 2326 ama
1424 2271 1628 2325 mundi
1685 2272 1831 2326 Grae-

183 2381 389 2420 corum
424 2362 726 2417 reducitur
754 2362 823 2415 ad
856 2360 1155 2430 vulgarem
1188 2377 1315 2414 teras
1361 2365 1571 2414 nostris
1621 2359 1830 2414 Christi

189 2453 551 2509 detractione
581 2451 744 2508 5508.
777 2450 908 2503 Fuit
938 2466 1074 2520 ergo
1108 2450 1155 2503 is
1187 2466 1377 2502 annus
1417 2449 1631 2503 Christi
1670 2450 1828 2516 1267,

190 2543 419 2616 periodi
449 2559 584 2596 vero
620 2540 866 2596 Juliana:
889 2540 1031 2592 5980
1061 2557 1071 2592 :
1124 2539 1226 2608 qui
1275 2555 1556 2593 numerus
1605 2539 1832 2593 divisus

185 2634 244 2686 in
274 2630 611 2702 quindecim
644 2629 865 2683 indicat
888 2627 1269 2682 indictionem
1302 2628 1428 2697 ejus
1455 2628 1591 2681 anni
1629 2627 1832 2682 chara-

185 2721 569 2787 cteristicam,
604 2718 915 2786 decimam,
951 2721 1123 2789 prout
1157 2716 1537 2788 Pachymeres
1591 2717 1830 2772 notavit.

188 2811 355 2865 Unde
387 2809 632 2863 dubium
667 2823 796 2862 esse
826 2823 938 2860 non
975 2810 1166 2877 potest
1210 2806 1352 2876 quin
1404 2805 1834 2875 patriarchatus

187 2899 432 2971 Josepbi
465 2897 678 2954 Galesii
711 2913 742 2950 a
773 2896 892 2951 Cal.
933 2895 1199 2950 Januarii
1241 2896 1379 2949 anni
1425 2896 1642 2950 Christi
1699 2897 1836 2949 1268

186 2991 488 3060 procedat.

261 3113 362 3168 IlI.
397 3111 504 3167 Ubi
528 3111 788 3175 desierit,
821 3111 994 3164 modo
1033 3109 1330 3164 deﬁniam.
1385 3110 1578 3164 Refert
1625 3109 1837 3180 Pachy-

195 3219 410 3269 meres,
445 3201 482 3257 l.
517 3218 567 3255 c.
602 3218 654 3268 ν,
687 3201 772 3267 17,
796 3199 1142 3269 Josepbum,
1176 3199 1277 3268 qui
1339 3216 1400 3253 se
1451 3199 1839 3270 promulgatis

191 3291 386 3364 palam
421 3290 630 3345 litteris
674 3289 1061 3360 jurejurando
1113 3288 1525 3343 obstrinxisset
1565 3289 1636 3342 ad
1691 3305 1838 3342 nun-

190 3397 370 3450 quam
405 3378 844 3434 assentiendum
878 3375 1273 3431 conciliationi
1306 3393 1439 3431 cum
1492 3376 1736 3442 Latinis,
1771 3377 1842 3431 ab

192 3470 547 3540 imperatore
577 3482 727 3538 aegre
756 3467 810 3520 id
835 3466 1054 3521 ferente
1083 3482 1429 3536 persuasum
1466 3465 1716 3535 migrare
1749 3483 1844 3537 pa-

191 3557 615 3613 triarchalibus
655 3557 899 3620 aedibus,
945 3557 1255 3610 secessisse
1310 3557 1365 3609 in
1419 3556 1841 3610 monasterium

193 3646 532 3716 Periblepti.
585 3645 908 3715 pollicitum
962 3661 1021 3699 se
1071 3645 1545 3699 renuntiaturum
1599 3646 1843 3714 patriar-

193 3738 423 3802 chatui,
457 3736 505 3790 si
539 3737 610 3790 de
632 3735 942 3790 concordia
976 3733 1371 3789 Ecclesiarum
1416 3735 1602 3788 Romae
1639 3750 1844 3788 conve-

194 3828 422 3882 niretur
451 3842 484 3878 a
515 3824 721 3895 legatis
754 3841 818 3877 eo
855 3825 926 3878 ad
961 3823 1068 3877 hoc
1103 3823 1340 3889 missis;
1394 3822 1628 3877 interim
1679 3822 1846 3893 quasi

194 3916 492 3988 privatum
529 3914 840 3967 victurum.
879 3913 1084 3967 Postea
1115 3929 1247 3967 cum
1278 3912 1452 3984 legati
1505 3929 1642 3981 pace
1692 3929 1847 3967 com-

195 4005 392 4077 posita
451 4001 780 4070 redissent,
830 4002 1161 4072 judicatum
1220 4017 1349 4056 esse
1405 4000 1586 4055 videri
1647 4002 1845 4056 sedem

193 4109 425 4160 vacare,
457 4093 721 4146 cessione
755 4090 1157 4146 conditionata
1186 4089 1426 4160 Josepbi
1453 4091 1575 4158 jam
1605 4090 1659 4144 in
1680 4091 1851 4145 abso—

193 4184 382 4238 lutam
415 4185 790 4248 transeunte,
822 4179 1112 4250 positione
1145 4181 1500 4234 conditionis
1534 4181 1687 4233 unde
1712 4197 1848 4250 pen-

193 4275 393 4327 debat.
426 4271 712 4333 Quocirca
745 4270 895 4323 itum
929 4269 988 4322 in
1021 4269 1302 4338 suffragia
1331 4285 1490 4322 novae
1523 4269 1847 4323 electionis.

196 4364 309 4418 Iste
343 4375 616 4416 secessus
652 4359 995 4429 patriarcha:
1027 4358 1267 4429 Josepbi
1295 4358 1632 4427 contigit,ut
1656 4362 1852 4414 noster

195 4453 273 4506 ibi
311 4448 592 4504 distincte
623 4447 826 4513 tradit,
861 4446 952 4501 die
1001 4447 1056 4499 11
1103 4445 1397 4515 Januarii,
1450 4447 1722 4500 secunda:
1769 4448 1851 4500 in-

195 4540 499 4606 dictionis,
535 4537 674 4592 anni
701 4537 864 4606 6782,
897 4533 1152 4608 ἑνδεκάτῃ
1192 4536 1362 4607 μηνὸς
1406 4529 1847 4607 ἑκατομϐαιῶνος

198 4627 452 4697 δευτέρας
514 4626 886 4697 ἐπινεμήσεως
947 4629 1043 4678 τοῦ
1334 4622 1504 4684 ἔτους.
1569 4597 1699 4680 ὲυὲῐ
1759 4597 1930 4680 hicD

198 4737 392 4774 annus
423 4718 640 4774 Christi
675 4718 833 4784 1264,
869 4732 987 4786 per.
1021 4717 1140 4771 Jul.
1167 4717 1330 4785 5987,
1363 4717 1463 4787 qui
1513 4732 1709 4770 revera
1743 4734 1851 4770 nu-

199 4810 448 4864 meravit
481 4806 857 4860 indictioneln
894 4806 1043 4860 733
1076 4806 1419 4873 secundam,
1453 4805 1686 4876 qualem
1721 4805 1852 4860 nul-

200 4899 294 4952 lus
353 4913 424 4952 ex
481 4894 926 4968 quatuordecim
984 4895 1448 4965 praecedentibus
1504 4899 1559 4948 et
1615 4894 1853 4949 totidem

200 4982 422 5038 secutis
448 4982 661 5037 habere
696 4982 902 5052 potuit,
944 4987 1006 5035 ut
1031 4980 1358 5052 periculum
1393 4980 1621 5035 nullum
1674 4982 1749 5036 sit
1783 4999 1853 5037 ne

204 5090 398 5127 annus
433 5077 552 5126 tam
583 5071 695 5143 ipsi
732 5071 964 5142 propria
997 5071 1316 5142 insignitus
1367 5076 1503 5125 nota
1555 5088 1685 5126 cum
1741 5071 1852 5127 alio

202 5162 482 5232 quopiam
520 5161 914 5215 confundatur
945 5166 1049 5215 aut
1076 5164 1355 5217 mutetur.
1409 5164 1469 5215 In
1516 5160 1634 5215 ista
1681 5177 1852 5231 porro

197 5249 591 5321 suspensione
615 5264 706 5303 res
739 5249 976 5302 fuerunt
1009 5253 1188 5303 ferme
1221 5266 1322 5319 per
1364 5265 1607 5313 annum,
1661 5249 1852 5317 quoad

197 5340 413 5412 legatis
450 5341 719 5409 pacem‘a
747 5337 1006 5392 Romano
1039 5339 1312 5409 pontiﬁce
1351 5344 1696 5393 conventam
1748 5338 1852 5392 sti-

202 5430 582 5500 pulatamque
618 5427 1276 5496 referentibus,comitia
1307 5435 1446 5482 sunt
1469 5429 1686 5483 indicta
1711 5444 1855 5483 novo

201 5519 456 5574 creando
491 5516 833 5589 patriarchae
903 5517 1064 5580 Quod
1118 5535 1231 5572 non
1283 5518 1526 5589 contigit
1573 5523 1708 5573 ante
1760 5534 1852 5573 se—

201 5614 484 5680 quentem
517 5609 834 5672 annum,ut
863 5607 1033 5662 docet
1056 5625 1161 5663 nos
1185 5607 1450 5663 historici
1477 5608 1662 5663 nostri
1693 5607 1856 5664 locus

204 5699 379 5754 modo
412 5696 897 5753 considerandus.

1551 375 2169 432 CHRONOLOGICUB.

166 505 226 558 in
261 500 655 575 patriarobam
693 498 774 554 vel
819 515 852 553 ο,
909 502 1071 554 sexto
1124 497 1284 554 Junii
1346 497 1484 552 anni
1535 497 1673 551 1266
1728 497 1801 551 ad
1835 504 1888 568 Α

3419 378 3565 436 1190

1990 496 2079 551 Ιν·
2116 496 2194 551 Dc
2213 497 2461 553 Joannis
2492 499 2657 554 Vecci
2677 499 2936 570 Josepbo
2961 500 3264 571 subrogati
3292 501 3570 557 electione

1921 601 2101 655 quam
2136 591 2192 639 et
2219 585 2416 640 statim
2452 587 2782 641 inchoatam
2828 593 2956 659 post
3002 588 3324 660 legatorum
3386 591 3569 646 Roma

1924 673 2174 727 reditum
2208 680 2263 728 et
2295 675 2560 730 celeriter
2591 681 2945 731 transactam
2980 682 3240 748 apparet,
3295 679 3379 732 sic
3421 681 3567 733 scri-

1924 762 2009 815 bit
2067 762 2476 834 Pachymeres.
2529 764 2772 826 0.2/4.1.
2824 781 2904 819 v:
2964 764 3020 815 '0
3080 765 3282 825 Βὲκκος
3347 765 3566 839 εἰκοστῇ

1929 851 2021 921 μὲν
2071 850 2159 902 καὶ
2226 847 2355 923 ἕκτῃ
2419 855 2799 924 Πυανεψιῶνος
2869 854 3041 923 μηνὸς
3099 856 3200 925 [Ρ.
3259 857 3386 927 518]
3437 858 3572 909 κατὰ

1922 940 2020 1005 τήν
2055 939 2246 1012 ἑορτὴν
2278 941 2382 992 τῶν
2415 939 2584 1011 ἁγίων
2639 941 2888 1014 Πατὲρων
2943 947 3049 994 τῶν
3112 942 3164 995 ἐν
3224 944 3416 1013 Νικαίᾳ
3470 966 3575 998 πα-

1924 1031 2194 1102 τριάρχης
2243 1023 2640 1102 πριιῧὲὅληται.
2694 1031 2922 1102 Δευτὲρᾳ
2968 1028 3023 1084 δὲ
3074 1037 3573 1104 Μαιμακτηριῶνος

1925 1116 1994 1184 τῇ
2053 1113 2275 1188 ἐπιούσῃ
2327 1119 2582 1188 κυριακῇ,
2632 1116 2681 1168 ἐν
2731 1116 2988 1189 ἐπισήμῳ
3040 1118 3220 1193 ἡμέρᾳ
3277 1125 3371 1173 τοῦ
3407 1121 3570 1174 ΙΙνεῦ-

1933 1225 2100 1274 ματος
2133 1249 2146 1273 ,
2204 1206 2269 1258 τὰ
2324 1209 2420 1258 τοῦ
2499 1206 2808 1277 Πνεύματος
2870 1205 3086 1281 δέχεται
3132 1209 3217 1261 καὶ
3266 1215 3575 1264 τελειοῦται

1930 1291 2235 1366 ἀρχιερεύς·
2273 1297 2462 1350 Vaccus
2490 1301 2649 1350 sexta
2679 1302 2730 1352 et
2759 1297 3023 1352 vicesima
3056 1299 3186 1352 Maii
3234 1301 3460 1366 mensis,
3511 1303 3573 1354 in

1929 1387 2069 1454 festo
2093 1391 2412 1441 sanctorum
2445 1393 2685 1442 Palmm
2715 1388 3081 1443 Nicasensium
3119 1390 3442 1460 patriarcha
3469 1393 3575 1446 ele-

1930 1478 2048 1528 ctus
2097 1485 2196 1528 est.
2246 1476 2500 1529 Secunda
2543 1492 2661 1530 vero
2701 1477 2859 1531 Junii
2890 1478 3174 1532 Ιὶογηίηιεα
3196 1478 3567 1533 hebdomadis

1934 1565 2435 1631 vcrtentit,insigni
2465 1565 2555 1617 die
2584 1564 2764 1618 sancti
2790 1565 3034 1634 Spiritus
3064 1569 3302 1634 gratiam
3338 1566 3578 1637 Spiritus

1932 1654 2195 1722 percepi),
2228 1651 2521 1705 ordinatus
2562 1653 2668 1706 rite
2715 1655 3052 1722 patriarcha.
3092 1654 3158 1708 iii
3211 1655 3579 1711 characteres

1937 1739 2107 1793 unice
2147 1740 2459 1811 designant
2517 1757 2737 1794 annum
2771 1741 2990 1796 Christi
3028 1744 3183 1806 1275,
3220 1743 3438 1814 periodi
3472 1745 3574 1798 Ju-

1939 1828 2106 1882 lianae
2139 1829 2295 1892 4988,
2333 1845 2446 1898 quo
2478 1829 2677 1899 cyclus
2710 1829 2849 1884 solis
2885 1836 3230 1886 numeratus
3260 1837 3349 1886 est
3376 1833 3467 1897 24,
3497 1833 3581 1888 lit.

1938 1916 2317 1970 Dominicalis
2352 1917 2462 1970 fuit
2495 1919 2552 1984 Ρ,
2588 1918 2785 1987 cyclus
2817 1919 2965 1973 luna
3025 1921 3294 1974 currebat
3350 1922 3406 1986 3,
3457 1939 3582 1991 quae

1937 2011 2086 2059 notae
2115 2006 2328 2059 festum
2364 2005 2588 2060 Paschze
2626 2008 2930 2062 conferunt
2962 2009 3018 2061 in
3062 2010 3127 2062 14
3178 2010 3410 2080 Aprilis,
3464 2010 3581 2064 Do-

1941 2093 2210 2147 minicam
2241 2110 2373 2148 vero
2408 2095 2775 2150 Pentecostes
2808 2097 2864 2148 in
2899 2097 2930 2148 2
2960 2097 3140 2150 Junii.
3177 2096 3335 2152 Unde
3371 2104 3581 2169 pateta

1939 2184 2127 2254 prima
2157 2185 2524 2239 successione
2553 2185 2789 2255 Josepbi
2826 2186 2893 2238 ad
2930 2185 3138 2240 initum
3165 2205 3194 2240 ει
3240 2187 3424 2242 Vecco
3478 2204 3582 2257 pa-

1936 2272 2322 2326 triarcbatum
2350 2273 2753 2328 intercessisse
2777 2289 3009 2329 menses
3036 2274 3257 2329 solidos
3291 2276 3582 2330 sexdecim

1939 2379 2071 2416 cum
2106 2362 2314 2416 diebus
2363 2363 2709 2417 octodecim.
2752 2365 2917 2417 Anno
2967 2365 3314 2441 praecedenti
3365 2363 3582 2418 Christi

1941 2453 2075 2504 1274
2122 2451 2168 2505 si
2222 2452 2355 2521 quis
2417 2452 2707 2522 suspicari
2766 2451 2935 2507 vellet
2995 2453 3158 2507 Vecci
3231 2454 3583 2509 creationem

1942 2540 2178 2604 factam,
2212 2542 2428 2594 frustra
2459 2547 2610 2595 esset
2635 2541 2706 2594 ob
2738 2541 3102 2596 characteres
3125 2543 3582 2598 diversissimos:

1944 2645 2075 2682 nam
2109 2629 2298 2696 cyclos
2323 2629 2372 2682 is
2403 2645 2591 2683 annus
2627 2630 2830 2682 habuit
2865 2628 3002 2684 solis
3031 2631 3119 2697 23,
3177 2632 3324 2685 lunae
3374 2632 3429 2701 2,
3487 2632 3586 2702 qui

1944 2717 2085 2770 dant
2118 2716 2394 2771 Paschai
2445 2716 2659 2787 April's
2702 2721 2757 2771 et
2801 2721 3180 2772 Pentecosten
3231 2721 3299 2772 20
3343 2719 3500 2786 Maii,
3532 2725 3588 2775 et

1943 2805 2136 2859 littera
2166 2805 2546 2860 Dominicalis
2575 2807 2834 2873 ejusdem
2856 2806 2994 2860 anni
3018 2807 3063 2862 G
3085 2807 3237 2862 diem
3255 2809 3583 2863 secundum

1944 2895 2102 2949 Junii
2137 2895 2274 2948 facit
2302 2895 2785 2952 Sabbatum.cum
2818 2895 3180 2951 Dominicam
3205 2896 3385 2952 fuisse
3417 2914 3592 2967 opor-

1946 2985 2120 3037 tuerit
2143 3000 2258 3054 quo
2290 3000 2442 3038 anno
2473 2989 2562 3038 est
2591 2983 2809 3038 Veccus
2838 2985 2897 3038 in
2947 2985 3397 3054 patriarcbalem
3441 2987 3594 3041 Con-

1948 3072 2410 3142 stantinopoleos
2455 3078 2687 3126 evectus
2738 3074 2957 3127 sedem.
3007 3073 3194 3143 Hujus
3242 3075 3395 3141 finis,
3446 3090 3590 3144 quo-

1951 3161 2106 3216 niam
2133 3161 2430 3217 Michaelis
2481 3161 2785 3232 Palarologi
2840 3163 3042 3218 funere
3095 3164 3382 3234 posterior
3431 3169 3592 3219 extra

1871 3239 1913 3304 C
1943 3249 2121 3320 hujus
2155 3251 2409 3306 historiae
2441 3250 2689 3304 limitem
2723 3250 2859 3316 exit,
2913 3258 3123 3306 nostrae
3174 3253 3590 3308 consideratio-

1950 3340 2041 3394 nis
2064 3357 2220 3394 nunc
2252 3340 2491 3410 quidem
2526 3357 2640 3394 non
2675 3344 2785 3394 est.

2019 3465 2086 3520 V.
2122 3466 2324 3521 Restat
2355 3464 2627 3519 ultimum
2665 3466 2820 3537 quod
2871 3468 3288 3538 proposuimus
3339 3467 3433 3523 hic
3478 3472 3594 3523 tra-

1951 3557 2250 3611 ctandum.
2301 3557 2557 3628 Tempus
2620 3574 2734 3627 quo
2785 3557 2968 3612 missa
3015 3561 3256 3612 Romam
3293 3564 3381 3612 est
3419 3576 3451 3613 a
3501 3559 3600 3612 Mi-

1950 3647 2149 3700 chaele
2178 3649 2442 3717 Augusto
2482 3645 2733 3716 insignis
2785 3646 2993 3717 legatio
3045 3648 3115 3701 ad
3170 3646 3592 3702 absolvendum

1951 3736 2251 3806 negotium
2285 3735 2714 3790 conciliationis
2747 3736 3163 3803 Ecclesiarum,
3198 3753 3314 3807 qua
3356 3741 3597 3792 Germa-

1952 3840 2063 3878 nus
2095 3825 2500 3894 expatriarcha
2529 3830 2585 3878 et
2630 3822 2920 3895 Georgius
2970 3825 3303 3895 Acr0polita
3354 3825 3604 3881 feliciter

1953 3912 2136 3968 functi
2169 3918 2328 3983 sunt,
2359 3912 2694 3968 charactere
2718 3929 2832 3967 non
2867 3913 3044 3968 dubio
3080 3913 3431 3986 insignitum
3457 3913 3600 3986 legi-

1953 4007 2048 4056 tur
2078 4020 2126 4057 c.
2160 4004 2250 4070 21,
2283 4002 2322 4056 l.
2358 4019 2410 4056 v.
2445 4003 2538 4056 Ait
2565 4001 2682 4056 illic
2722 4001 3042 4057 historicus
3084 4002 3325 4058 solvisse
3372 4003 3602 4058 duabus

1951 4093 2289 4148 triremibus
2311 4093 2533 4165 legatos
2567 4094 2691 4163 paci
2726 4093 3100 4148 conﬁcienda:
3133 4093 3598 4163 destinatos.pa-

1955 4183 2241 4252 ratisjam
2266 4184 2336 4237 ad
2374 4198 2500 4237 eam
2535 4199 2602 4237 ex
2633 4188 2796 4252 parte
2820 4182 3150 4237 Graecorum
3193 4182 3487 4237 omnibus.
3531 4181 3597 4236 Hi

1956 4270 2212 4336 fuerunt,
2246 4275 2311 4324 ut
2342 4287 2392 4324 c.
2425 4272 2491 4324 17
2523 4271 2800 4341 superius
2851 4270 3098 4337 dixerat,
3151 4269 3362 4339 partim
3414 4269 3599 4324 eccle-

1954 4360 2198 4428 siastici,
2233 4359 2447 4431 partim
2478 4357 2776 4413 senatorii.
2814 4357 3040 4412 Priores
3064 4361 3394 4412 Germanus
3415 4375 3605 4429 nuper

1956 4447 2289 4520 patriarcha
2335 4452 2391 4502 et
2436 4447 2743 4519 episcopus
2793 4446 2992 4500 Nicaeae
3051 4445 3460 4518 TbeOphancs,
3505 4446 3604 4502 alii

1961 4554 2211 4609 magnus
2239 4537 2536 4609 logotheta
2560 4535 2912 4608 Acr0polita,
2947 4552 3160 4607 praeses
3187 4536 3444 4590 vestiarii
3498 4542 3604 4591 Pa-

1965 4631 2204 4683 naretus
2253 4631 2308 4682 et
2360 4643 2608 4696 magnus
2666 4625 2956 4696 interpres
3004 4625 3358 4681 Bcrrbmota.
3417 4625 3608 4680 Trire-

1965 4718 2150 4771 mium
2182 4718 2333 4771 734
2383 4715 2624 4770 alteram
2671 4716 3141 4770 conscenderunt
3189 4714 3509 4770 Panaretus
3559 4719 3615 4769 et

1965 4806 2301 4860 Berrbaaota
2332 4821 2466 4858 cum
2500 4803 2672 4858 donis
2705 4802 3077 4873 imperatoris
3125 4803 3196 4858 ad
3251 4803 3613 4874 pontiﬁcem,

1965 4896 2022 4949 in
2056 4895 2238 4949 altera
2287 4896 2401 4948 duo
2454 4892 2713 4964 episcopi
2763 4909 2900 4947 cum
2963 4890 3296 4962 Acropolita
3355 4891 3612 4962 fuerunt,

1963 4983 2162 5039 Altum
2208 4983 2518 5054 petierunt.
2548 4981 2628 5036 ait
2660 4980 2783 5036 loco
2818 4979 3058 5034 laudato
3113 4983 3311 5034 noster
3359 4996 3408 5034 c.
3445 4980 3539 5046 21,
3573 4980 3613 5037 1.

1963 5091 2015 5137 ν,
2049 5071 2279 5145 Κρονίου
2333 5068 2649 5144 ἀρχομένου
2702 5067 2893 5140 μηνός.
2945 5069 3043 5123 Est
3099 5070 3250 5123 haud
3314 5069 3486 5124 dubie
3517 5069 3616 5124 Pa-

1963 5163 2222 5233 chymeri
2277 5159 2502 5234 Κρόνιος
2565 5159 2830 5223 Martius,
2883 5163 3057 5228 prout
3087 5163 3176 5212 est
3206 5158 3387 5227 hujus
3417 5157 3457 5212 l.
3493 5174 3546 5212 c.
3587 5159 3609 5212 1

1965 5253 2455 5306 demonstratum.
2490 5249 2686 5320 Pergit
2715 5249 2905 5302 dicere
2952 5247 3312 5301 conﬂictatos
3362 5263 3461 5301 eos
3510 5264 3612 5317 pa-

1966 5359 2095 5395 rum
2133 5357 2412 5411 prospera
2445 5343 2789 5407 tempestate
2821 5337 3155 5407 pervenisse
3185 5336 3243 5390 in
3279 5336 3476 5390 sinum
3510 5341 3620 5390 La-

1965 5431 2256 5493 conicum,
2294 5428 2393 5483 ubi
2426 5433 2511 5483 est
2563 5425 3031 5498 promontorium
3080 5425 3294 5493 Maleae,
3346 5422 3616 5497 λήγοντος

1963 5516 2058 5572 τοῦ
2093 5517 2291 5590 μηνὸς,
2324 5517 2432 5572 hoc
2462 5521 2550 5571 est
2580 5517 2783 5571 eodem
2819 5530 3020 5569 mense
3051 5515 3374 5582 desinente,
3401 5514 3613 5570 ultima

1964 5611 2095 5681 ejus
2124 5609 2361 5664 decade:
2389 5612 2594 5662 notum
2627 5611 2714 5661 est
2741 5604 2896 5660 enim
2930 5604 3159 5660 Graacos
3202 5605 3409 5676 partiri
3443 5621 3602 5660 men-

1967 5716 2060 5756 ses
2091 5699 2151 5754 in
2204 5703 2324 5753 tres
2381 5698 2655 5753 decedas.
2714 5695 2969 5750 Primam
3027 5702 3233 5750 vocant
3292 5692 3620 5767 ἀρχομένου
