  <div class='ocr_page' id='page_1' title='image "/cluster/home/n/w/nwhite01/storage/ocr_20150623/143/nnc1.0046980733/603.png"; bbox 0 0 4248 6442; ppageno 0'>
   <div class='ocr_carea' id='block_1_1' title="bbox 685 321 816 376">
    <p class='ocr_par' dir='ltr' id='par_1_1' title="bbox 685 321 816 376">
     <span class='ocr_line' id='line_1_1' title="bbox 685 321 816 376; baseline 0 0"><span class='ocrx_word' id='word_1_1' title='bbox 685 321 816 376; x_wconf 88' lang='grc'><strong>1191</strong></span> 
     </span>
    </p>
   </div>
   <div class='ocr_carea' id='block_1_2' title="bbox 682 439 1208 512">
    <p class='ocr_par' dir='ltr' id='par_1_2' title="bbox 682 439 1208 512">
     <span class='ocr_line' id='line_1_2' title="bbox 682 439 1208 512; baseline 0.002 -19"><span class='ocrx_word' id='word_1_2' title='bbox 682 446 803 503; x_wconf 68' lang='lat' dir='ltr'><strong>sive</strong></span> <span class='ocrx_word' id='word_1_3' title='bbox 866 439 1156 512; x_wconf 70' lang='grc' dir='ltr'><strong>ἱσταμένου</strong></span> <span class='ocrx_word' id='word_1_4' title='bbox 1193 481 1208 506; x_wconf 89' lang='grc'><strong>,</strong></span> 
     </span>
    </p>
   </div>
   <div class='ocr_carea' id='block_1_3' title="bbox 682 521 2320 608">
    <p class='ocr_par' dir='ltr' id='par_1_3' title="bbox 682 521 2320 608">
     <span class='ocr_line' id='line_1_3' title="bbox 682 521 2320 608; baseline -0.005 -23"><span class='ocrx_word' id='word_1_5' title='bbox 682 532 968 608; x_wconf 78' lang='grc' dir='ltr'>φθίνοντος</span> <span class='ocrx_word' id='word_1_6' title='bbox 1002 528 1146 597; x_wconf 90' lang='lat' dir='ltr'><strong>sive,</strong></span> <span class='ocrx_word' id='word_1_7' title='bbox 1182 531 1243 581; x_wconf 81' lang='lat' dir='ltr'><strong>ut</strong></span> <span class='ocrx_word' id='word_1_8' title='bbox 1277 526 1369 581; x_wconf 87' lang='lat' dir='ltr'><strong>hic</strong></span> <span class='ocrx_word' id='word_1_9' title='bbox 1402 530 1621 595; x_wconf 87' lang='lat' dir='ltr'><strong>uoster,</strong></span> <span class='ocrx_word' id='word_1_10' title='bbox 1655 522 1926 598; x_wconf 81' lang='grc' dir='ltr'><strong>λήγοντος</strong></span> <span class='ocrx_word' id='word_1_11' title='bbox 1963 521 2153 596; x_wconf 79' lang='grc' dir='ltr'>μηνός.</span> <span class='ocrx_word' id='word_1_12' title='bbox 2206 522 2320 576; x_wconf 82' lang='lat' dir='ltr'><strong>Ad-</strong></span> 
     </span>
    </p>
   </div>
   <div class='ocr_carea' id='block_1_4' title="bbox 1713 309 3045 376">
    <p class='ocr_par' dir='ltr' id='par_1_4' title="bbox 1713 309 3045 376">
     <span class='ocr_line' id='line_1_4' title="bbox 1713 309 3045 376; baseline 0.006 -8"><span class='ocrx_word' id='word_1_13' title='bbox 1713 317 1776 368; x_wconf 89' lang='lat' dir='ltr'><strong>P.</strong></span> <span class='ocrx_word' id='word_1_14' title='bbox 1814 313 2091 369; x_wconf 82' lang='lat' dir='ltr'><strong>POBBINI</strong></span> <span class='ocrx_word' id='word_1_15' title='bbox 2127 309 2735 370; x_wconf 75' lang='lat' dir='ltr'><strong>OBSERVATIONUM</strong></span> <span class='ocrx_word' id='word_1_16' title='bbox 2771 318 2903 372; x_wconf 88' lang='lat' dir='ltr'><strong>LIB.</strong></span> <span class='ocrx_word' id='word_1_17' title='bbox 2947 325 3045 376; x_wconf 82' lang='lat' dir='ltr'><strong>III.</strong></span> 
     </span>
    </p>
   </div>
   <div class='ocr_carea' id='block_1_5' title="bbox 1263 432 4082 524">
    <p class='ocr_par' dir='ltr' id='par_1_5' title="bbox 1263 432 4082 524">
     <span class='ocr_line' id='line_1_5' title="bbox 1263 432 4082 524; baseline 0.006 -30"><span class='ocrx_word' id='word_1_18' title='bbox 1263 439 1592 494; x_wconf 88' lang='lat' dir='ltr'><strong>secundum</strong></span> <span class='ocrx_word' id='word_1_19' title='bbox 1657 440 1964 524; x_wconf 57' lang='lat' dir='ltr'><strong>peeoﬁvroc</strong></span> <span class='ocrx_word' id='word_1_20' title='bbox 2001 479 2015 506; x_wconf 93' lang='lat'><strong>,</strong></span> <span class='ocrx_word' id='word_1_21' title='bbox 2093 432 2326 524; x_wconf 75' lang='lat' dir='ltr'><strong>tertiain</strong></span> <span class='ocrx_word' id='word_1_22' title='bbox 2359 433 2764 524; x_wconf 67' lang='lat' dir='ltr'><strong>A7Palaeologo</strong></span> <span class='ocrx_word' id='word_1_23' title='bbox 2823 441 3178 500; x_wconf 81' lang='lat' dir='ltr'><strong>solutionem</strong></span> <span class='ocrx_word' id='word_1_24' title='bbox 3235 448 3632 505; x_wconf 88' lang='lat' dir='ltr'><strong>anathematis</strong></span> <span class='ocrx_word' id='word_1_25' title='bbox 3682 468 3799 524; x_wconf 90' lang='lat' dir='ltr'><strong>quo</strong></span> <span class='ocrx_word' id='word_1_26' title='bbox 3858 454 4082 510; x_wconf 90' lang='lat' dir='ltr'><strong>dudum</strong></span> 
     </span>
    </p>
   </div>
   <div class='ocr_carea' id='block_1_6' title="bbox 3951 330 4087 386">
    <p class='ocr_par' dir='ltr' id='par_1_6' title="bbox 3951 330 4087 386">
     <span class='ocr_line' id='line_1_6' title="bbox 3951 330 4087 386; baseline 0 -1"><span class='ocrx_word' id='word_1_27' title='bbox 3951 330 4087 386; x_wconf 82' lang='grc'><strong>1192</strong></span> 
     </span>
    </p>
   </div>
   <div class='ocr_carea' id='block_1_7' title="bbox 2434 523 4088 598">
    <p class='ocr_par' dir='ltr' id='par_1_7' title="bbox 2434 523 4088 598">
     <span class='ocr_line' id='line_1_7' title="bbox 2434 523 4088 598; baseline 0.013 -23"><span class='ocrx_word' id='word_1_28' title='bbox 2434 523 2624 580; x_wconf 77' lang='lat' dir='ltr'><strong>fuerat</strong></span> <span class='ocrx_word' id='word_1_29' title='bbox 2653 528 2725 582; x_wconf 88' lang='lat' dir='ltr'><strong>ab</strong></span> <span class='ocrx_word' id='word_1_30' title='bbox 2755 531 2999 587; x_wconf 88' lang='lat' dir='ltr'><strong>Arsenio</strong></span> <span class='ocrx_word' id='word_1_31' title='bbox 3054 535 3362 592; x_wconf 81' lang='lat' dir='ltr'><strong>devinctus</strong></span> <span class='ocrx_word' id='word_1_32' title='bbox 3403 539 3476 593; x_wconf 92' lang='lat' dir='ltr'><strong>ob</strong></span> <span class='ocrx_word' id='word_1_33' title='bbox 3530 523 3875 596; x_wconf 65' lang='lat' dir='ltr'><strong>excaecatum</strong></span> <span class='ocrx_word' id='word_1_34' title='bbox 3910 543 4088 598; x_wconf 86' lang='lat' dir='ltr'><strong>Joan-</strong></span> 
     </span>
    </p>
   </div>
   <div class='ocr_carea' id='block_1_8' title="bbox 687 613 4076 695">
    <p class='ocr_par' dir='ltr' id='par_1_8' title="bbox 687 613 4076 695">
     <span class='ocr_line' id='line_1_8' title="bbox 687 613 4076 695; baseline 0.003 -19"><span class='ocrx_word' id='word_1_35' title='bbox 687 622 773 676; x_wconf 92' lang='lat' dir='ltr'><strong>dit</strong></span> <span class='ocrx_word' id='word_1_36' title='bbox 803 620 882 676; x_wconf 88' lang='lat' dir='ltr'>ibi</span> <span class='ocrx_word' id='word_1_37' title='bbox 913 617 1236 674; x_wconf 77' lang='lat' dir='ltr'><strong>vehementi</strong></span> <span class='ocrx_word' id='word_1_38' title='bbox 1261 617 1519 687; x_wconf 87' lang='lat' dir='ltr'><strong>jactatas</strong></span> <span class='ocrx_word' id='word_1_39' title='bbox 1545 614 1796 685; x_wconf 80' lang='lat' dir='ltr'><strong>procella</strong></span> <span class='ocrx_word' id='word_1_40' title='bbox 1827 615 2097 668; x_wconf 83' lang='lat' dir='ltr'><strong>triremes</strong></span> <span class='ocrx_word' id='word_1_41' title='bbox 2120 613 2325 666; x_wconf 90' lang='lat' dir='ltr'><strong>ambas</strong></span> <span class='ocrx_word' id='word_1_42' title='bbox 2429 627 2559 666; x_wconf 90' lang='lat' dir='ltr'><strong>nem</strong></span> <span class='ocrx_word' id='word_1_43' title='bbox 2596 614 2911 686; x_wconf 89' lang='lat' dir='ltr'><strong>pupillum,</strong></span> <span class='ocrx_word' id='word_1_44' title='bbox 2942 620 3166 692; x_wconf 79' lang='lat' dir='ltr'><strong>scribit,</strong></span> <span class='ocrx_word' id='word_1_45' title='bbox 3203 623 3471 695; x_wconf 90' lang='lat' dir='ltr'><strong>inquam,</strong></span> <span class='ocrx_word' id='word_1_46' title='bbox 3507 627 3563 681; x_wconf 89' lang='lat' dir='ltr'><strong>in</strong></span> <span class='ocrx_word' id='word_1_47' title='bbox 3616 628 3771 684; x_wconf 91' lang='lat' dir='ltr'><strong>hunc</strong></span> <span class='ocrx_word' id='word_1_48' title='bbox 3803 632 4035 686; x_wconf 92' lang='lat' dir='ltr'><strong>modem</strong></span> <span class='ocrx_word' id='word_1_49' title='bbox 4065 649 4076 686; x_wconf 95' lang='lat'>:</span> 
     </span>
    </p>
   </div>
   <div class='ocr_carea' id='block_1_9' title="bbox 678 699 2321 780">
    <p class='ocr_par' dir='ltr' id='par_1_9' title="bbox 678 699 2321 780">
     <span class='ocr_line' id='line_1_9' title="bbox 678 699 2321 780; baseline -0.007 -17"><span class='ocrx_word' id='word_1_50' title='bbox 678 711 932 780; x_wconf 89' lang='lat' dir='ltr'><strong>primum</strong></span> <span class='ocrx_word' id='word_1_51' title='bbox 967 704 1314 760; x_wconf 89' lang='lat' dir='ltr'><strong>dissociatas</strong></span> <span class='ocrx_word' id='word_1_52' title='bbox 1344 703 1396 756; x_wconf 89' lang='lat' dir='ltr'>vi</span> <span class='ocrx_word' id='word_1_53' title='bbox 1422 703 1575 757; x_wconf 89' lang='lat' dir='ltr'><strong>venti</strong></span> <span class='ocrx_word' id='word_1_54' title='bbox 1603 702 1804 770; x_wconf 89' lang='lat' dir='ltr'><strong>fuisse,</strong></span> <span class='ocrx_word' id='word_1_55' title='bbox 1837 700 2048 755; x_wconf 90' lang='lat' dir='ltr'><strong>deinde</strong></span> <span class='ocrx_word' id='word_1_56' title='bbox 2080 699 2321 753; x_wconf 78' lang='lat' dir='ltr'><strong>alteram</strong></span> 
     </span>
    </p>
   </div>
   <div class='ocr_carea' id='block_1_10' title="bbox 676 789 2320 866">
    <p class='ocr_par' dir='ltr' id='par_1_10' title="bbox 676 789 2320 866">
     <span class='ocr_line' id='line_1_10' title="bbox 676 789 2320 866; baseline -0.007 -14"><span class='ocrx_word' id='word_1_57' title='bbox 676 798 934 861; x_wconf 91' lang='lat' dir='ltr'><strong>illarum,</strong></span> <span class='ocrx_word' id='word_1_58' title='bbox 968 812 1085 866; x_wconf 92' lang='lat' dir='ltr'><strong>qua</strong></span> <span class='ocrx_word' id='word_1_59' title='bbox 1127 798 1448 848; x_wconf 80' lang='lat' dir='ltr'><strong>Panaretus</strong></span> <span class='ocrx_word' id='word_1_60' title='bbox 1508 796 1564 844; x_wconf 88' lang='lat' dir='ltr'><strong>et.</strong></span> <span class='ocrx_word' id='word_1_61' title='bbox 1617 791 1952 845; x_wconf 80' lang='lat' dir='ltr'><strong>Berrhceota</strong></span> <span class='ocrx_word' id='word_1_62' title='bbox 2009 789 2320 854; x_wconf 85' lang='lat' dir='ltr'><strong>vehebant,</strong></span> 
     </span>
    </p>
   </div>
   <div class='ocr_carea' id='block_1_11' title="bbox 674 876 2321 948">
    <p class='ocr_par' dir='ltr' id='par_1_11' title="bbox 674 876 2321 948">
     <span class='ocr_line' id='line_1_11' title="bbox 674 876 2321 948; baseline -0.007 -7"><span class='ocrx_word' id='word_1_63' title='bbox 674 888 887 941; x_wconf 87' lang='lat' dir='ltr'><strong>misere</strong></span> <span class='ocrx_word' id='word_1_64' title='bbox 917 887 1157 939; x_wconf 88' lang='lat' dir='ltr'><strong>fractam</strong></span> <span class='ocrx_word' id='word_1_65' title='bbox 1192 887 1250 936; x_wconf 89' lang='lat' dir='ltr'><strong>et</strong></span> <span class='ocrx_word' id='word_1_66' title='bbox 1279 881 1672 948; x_wconf 88' lang='lat' dir='ltr'><strong>submersam,</strong></span> <span class='ocrx_word' id='word_1_67' title='bbox 1693 879 1868 932; x_wconf 89' lang='lat' dir='ltr'><strong>aliam</strong></span> <span class='ocrx_word' id='word_1_68' title='bbox 1898 876 2118 932; x_wconf 90' lang='lat' dir='ltr'><strong>salvam</strong></span> <span class='ocrx_word' id='word_1_69' title='bbox 2143 894 2321 948; x_wconf 87' lang='lat' dir='ltr'><strong>appu-</strong></span> 
     </span>
    </p>
   </div>
   <div class='ocr_carea' id='block_1_12' title="bbox 673 965 2320 1041">
    <p class='ocr_par' dir='ltr' id='par_1_12' title="bbox 673 965 2320 1041">
     <span class='ocr_line' id='line_1_12' title="bbox 673 965 2320 1041; baseline -0.005 -15"><span class='ocrx_word' id='word_1_70' title='bbox 673 974 811 1029; x_wconf 88' lang='lat' dir='ltr'><strong>lisse</strong></span> <span class='ocrx_word' id='word_1_71' title='bbox 846 974 916 1028; x_wconf 87' lang='lat' dir='ltr'><strong>ad</strong></span> <span class='ocrx_word' id='word_1_72' title='bbox 947 971 1238 1028; x_wconf 64' lang='lat' dir='ltr'><strong>Methone</strong></span> <span class='ocrx_word' id='word_1_73' title='bbox 1268 974 1524 1041; x_wconf 89' lang='lat' dir='ltr'><strong>portum;</strong></span> <span class='ocrx_word' id='word_1_74' title='bbox 1555 969 1731 1038; x_wconf 88' lang='lat' dir='ltr'><strong>idque</strong></span> <span class='ocrx_word' id='word_1_75' title='bbox 1762 967 2077 1037; x_wconf 86' lang='lat' dir='ltr'><strong>contigisse</strong></span> <span class='ocrx_word' id='word_1_76' title='bbox 2099 965 2320 1037; x_wconf 70' lang='grc' dir='ltr'><strong>πέμπτῃ</strong></span> 
     </span>
    </p>
   </div>
   <div class='ocr_carea' id='block_1_13' title="bbox 675 1054 2316 1138">
    <p class='ocr_par' dir='ltr' id='par_1_13' title="bbox 675 1054 2316 1138">
     <span class='ocr_line' id='line_1_13' title="bbox 675 1054 2316 1138; baseline -0.006 -22"><span class='ocrx_word' id='word_1_77' title='bbox 675 1059 905 1138; x_wconf 70' lang='grc' dir='ltr'><strong>μεγάλῃ,</strong></span> <span class='ocrx_word' id='word_1_78' title='bbox 940 1062 1049 1115; x_wconf 92' lang='lat' dir='ltr'><strong>hoc</strong></span> <span class='ocrx_word' id='word_1_79' title='bbox 1079 1063 1169 1114; x_wconf 88' lang='lat' dir='ltr'><strong>est</strong></span> <span class='ocrx_word' id='word_1_80' title='bbox 1222 1059 1364 1112; x_wconf 82' lang='lat' dir='ltr'><strong>feria</strong></span> <span class='ocrx_word' id='word_1_81' title='bbox 1398 1057 1606 1128; x_wconf 89' lang='lat' dir='ltr'><strong>quinta</strong></span> <span class='ocrx_word' id='word_1_82' title='bbox 1638 1057 2021 1110; x_wconf 75' lang='lat' dir='ltr'><strong>hebdomadze</strong></span> <span class='ocrx_word' id='word_1_83' title='bbox 2057 1054 2316 1125; x_wconf 86' lang='lat' dir='ltr'><strong>majoris,</strong></span> 
     </span>
    </p>
   </div>
   <div class='ocr_carea' id='block_1_14' title="bbox 675 1142 2317 1223">
    <p class='ocr_par' dir='ltr' id='par_1_14' title="bbox 675 1142 2317 1223">
     <span class='ocr_line' id='line_1_14' title="bbox 675 1142 2317 1223; baseline -0.006 -17"><span class='ocrx_word' id='word_1_84' title='bbox 675 1169 790 1223; x_wconf 84' lang='lat' dir='ltr'><strong>qua</strong></span> <span class='ocrx_word' id='word_1_85' title='bbox 823 1167 987 1206; x_wconf 72' lang='lat' dir='ltr'><strong>caena</strong></span> <span class='ocrx_word' id='word_1_86' title='bbox 1022 1147 1247 1202; x_wconf 89' lang='lat' dir='ltr'><strong>Domini</strong></span> <span class='ocrx_word' id='word_1_87' title='bbox 1282 1146 1609 1200; x_wconf 83' lang='lat' dir='ltr'><strong>celebratur</strong></span> <span class='ocrx_word' id='word_1_88' title='bbox 1656 1146 1726 1199; x_wconf 88' lang='lat' dir='ltr'><strong>ab</strong></span> <span class='ocrx_word' id='word_1_89' title='bbox 1773 1144 2046 1198; x_wconf 79' lang='lat' dir='ltr'><strong>Ecclesia.</strong></span> <span class='ocrx_word' id='word_1_90' title='bbox 2095 1145 2175 1197; x_wconf 79' lang='lat' dir='ltr'><strong>Ex</strong></span> <span class='ocrx_word' id='word_1_91' title='bbox 2226 1142 2317 1196; x_wconf 92' lang='lat' dir='ltr'><strong>his</strong></span> 
     </span>
    </p>
   </div>
   <div class='ocr_carea' id='block_1_15' title="bbox 671 1232 2316 1313">
    <p class='ocr_par' dir='ltr' id='par_1_15' title="bbox 671 1232 2316 1313">
     <span class='ocr_line' id='line_1_15' title="bbox 671 1232 2316 1313; baseline -0.007 -17"><span class='ocrx_word' id='word_1_92' title='bbox 671 1241 930 1313; x_wconf 85' lang='lat' dir='ltr'><strong>oportuit</strong></span> <span class='ocrx_word' id='word_1_93' title='bbox 962 1238 1058 1292; x_wconf 93' lang='lat' dir='ltr'><strong>illo</strong></span> <span class='ocrx_word' id='word_1_94' title='bbox 1094 1254 1247 1292; x_wconf 83' lang='lat' dir='ltr'><strong>anno</strong></span> <span class='ocrx_word' id='word_1_95' title='bbox 1281 1236 1483 1290; x_wconf 88' lang='lat' dir='ltr'><strong>feriam</strong></span> <span class='ocrx_word' id='word_1_96' title='bbox 1517 1236 1783 1306; x_wconf 87' lang='lat' dir='ltr'><strong>quintam</strong></span> <span class='ocrx_word' id='word_1_97' title='bbox 1806 1234 1864 1288; x_wconf 91' lang='lat' dir='ltr'><strong>in</strong></span> <span class='ocrx_word' id='word_1_98' title='bbox 1900 1250 2061 1288; x_wconf 79' lang='lat' dir='ltr'><strong>coma</strong></span> <span class='ocrx_word' id='word_1_99' title='bbox 2083 1232 2316 1287; x_wconf 89' lang='lat' dir='ltr'><strong>Domini</strong></span> 
     </span>
    </p>
   </div>
   <div class='ocr_carea' id='block_1_16' title="bbox 674 1321 2315 1394">
    <p class='ocr_par' dir='ltr' id='par_1_16' title="bbox 674 1321 2315 1394">
     <span class='ocr_line' id='line_1_16' title="bbox 674 1321 2315 1394; baseline -0.006 -10"><span class='ocrx_word' id='word_1_100' title='bbox 674 1346 874 1384; x_wconf 90' lang='lat' dir='ltr'><strong>mense</strong></span> <span class='ocrx_word' id='word_1_101' title='bbox 906 1328 1109 1382; x_wconf 78' lang='lat' dir='ltr'><strong>Martio</strong></span> <span class='ocrx_word' id='word_1_102' title='bbox 1145 1327 1346 1390; x_wconf 77' lang='lat' dir='ltr'><strong>fuisse,</strong></span> <span class='ocrx_word' id='word_1_103' title='bbox 1379 1330 1436 1379; x_wconf 91' lang='lat' dir='ltr'><strong>et</strong></span> <span class='ocrx_word' id='word_1_104' title='bbox 1466 1325 1700 1394; x_wconf 86' lang='lat' dir='ltr'><strong>quidem</strong></span> <span class='ocrx_word' id='word_1_105' title='bbox 1735 1323 1933 1392; x_wconf 87' lang='lat' dir='ltr'><strong>aliquo</strong></span> <span class='ocrx_word' id='word_1_106' title='bbox 1962 1323 2055 1376; x_wconf 91' lang='lat' dir='ltr'><strong>die</strong></span> <span class='ocrx_word' id='word_1_107' title='bbox 2081 1321 2315 1375; x_wconf 89' lang='lat' dir='ltr'><strong>decadis</strong></span> 
     </span>
    </p>
   </div>
   <div class='ocr_carea' id='block_1_17' title="bbox 672 1411 2315 1482">
    <p class='ocr_par' dir='ltr' id='par_1_17' title="bbox 672 1411 2315 1482">
     <span class='ocr_line' id='line_1_17' title="bbox 672 1411 2315 1482; baseline -0.006 -9"><span class='ocrx_word' id='word_1_108' title='bbox 672 1419 893 1474; x_wconf 69' lang='lat' dir='ltr'><strong>ultimae</strong></span> <span class='ocrx_word' id='word_1_109' title='bbox 926 1415 1147 1471; x_wconf 89' lang='lat' dir='ltr'><strong>mensis</strong></span> <span class='ocrx_word' id='word_1_110' title='bbox 1189 1415 1384 1468; x_wconf 87' lang='lat' dir='ltr'><strong>istius.</strong></span> <span class='ocrx_word' id='word_1_111' title='bbox 1420 1413 1544 1467; x_wconf 90' lang='lat' dir='ltr'><strong>Non</strong></span> <span class='ocrx_word' id='word_1_112' title='bbox 1577 1413 1769 1482; x_wconf 91' lang='lat' dir='ltr'><strong>potuit</strong></span> <span class='ocrx_word' id='word_1_113' title='bbox 1802 1411 1897 1464; x_wconf 93' lang='lat' dir='ltr'><strong>ille</strong></span> <span class='ocrx_word' id='word_1_114' title='bbox 1948 1427 2138 1464; x_wconf 89' lang='lat' dir='ltr'><strong>annus</strong></span> <span class='ocrx_word' id='word_1_115' title='bbox 2186 1426 2315 1463; x_wconf 88' lang='lat' dir='ltr'><strong>esse</strong></span> 
     </span>
    </p>
   </div>
   <div class='ocr_carea' id='block_1_18' title="bbox 669 1500 2310 1571">
    <p class='ocr_par' dir='ltr' id='par_1_18' title="bbox 669 1500 2310 1571">
     <span class='ocr_line' id='line_1_18' title="bbox 669 1500 2310 1571; baseline -0.005 -10"><span class='ocrx_word' id='word_1_116' title='bbox 669 1508 820 1561; x_wconf 87' lang='lat' dir='ltr'><strong>alius</strong></span> <span class='ocrx_word' id='word_1_117' title='bbox 855 1507 925 1560; x_wconf 92' lang='lat' dir='ltr'><strong>ab</strong></span> <span class='ocrx_word' id='word_1_118' title='bbox 959 1521 1112 1559; x_wconf 89' lang='lat' dir='ltr'><strong>anno</strong></span> <span class='ocrx_word' id='word_1_119' title='bbox 1147 1502 1357 1556; x_wconf 80' lang='lat' dir='ltr'><strong>Christi</strong></span> <span class='ocrx_word' id='word_1_120' title='bbox 1387 1503 1555 1571; x_wconf 82' lang='lat' dir='ltr'><strong>juxta</strong></span> <span class='ocrx_word' id='word_1_121' title='bbox 1587 1502 1886 1571; x_wconf 79' lang='lat' dir='ltr'><strong>vulgarem</strong></span> <span class='ocrx_word' id='word_1_122' title='bbox 1924 1515 2096 1552; x_wconf 72' lang='lat' dir='ltr'><strong>ieram</strong></span> <span class='ocrx_word' id='word_1_123' title='bbox 2155 1500 2310 1552; x_wconf 83' lang='grc'><strong>1273.</strong></span> 
     </span>
    </p>
   </div>
   <div class='ocr_carea' id='block_1_19' title="bbox 669 1587 2312 1651">
    <p class='ocr_par' dir='ltr' id='par_1_19' title="bbox 669 1587 2312 1651">
     <span class='ocr_line' id='line_1_19' title="bbox 669 1587 2312 1651; baseline -0.005 -1"><span class='ocrx_word' id='word_1_124' title='bbox 669 1596 1045 1651; x_wconf 84' lang='lat' dir='ltr'><strong>Manifestum</strong></span> <span class='ocrx_word' id='word_1_125' title='bbox 1081 1593 1187 1647; x_wconf 91' lang='lat' dir='ltr'><strong>hoc</strong></span> <span class='ocrx_word' id='word_1_126' title='bbox 1219 1597 1306 1645; x_wconf 87' lang='lat' dir='ltr'><strong>est</strong></span> <span class='ocrx_word' id='word_1_127' title='bbox 1333 1608 1400 1644; x_wconf 83' lang='lat' dir='ltr'><strong>ex</strong></span> <span class='ocrx_word' id='word_1_128' title='bbox 1431 1589 1577 1645; x_wconf 90' lang='lat' dir='ltr'><strong>serie</strong></span> <span class='ocrx_word' id='word_1_129' title='bbox 1602 1594 1971 1644; x_wconf 88' lang='lat' dir='ltr'><strong>narratarum</strong></span> <span class='ocrx_word' id='word_1_130' title='bbox 1999 1589 2104 1642; x_wconf 93' lang='lat' dir='ltr'><strong>hac</strong></span> <span class='ocrx_word' id='word_1_131' title='bbox 2135 1587 2312 1641; x_wconf 88' lang='lat' dir='ltr'><strong>histo-</strong></span> 
     </span>
    </p>
   </div>
   <div class='ocr_carea' id='block_1_20' title="bbox 667 1677 2312 1751">
    <p class='ocr_par' dir='ltr' id='par_1_20' title="bbox 667 1677 2312 1751">
     <span class='ocr_line' id='line_1_20' title="bbox 667 1677 2312 1751; baseline -0.004 -12"><span class='ocrx_word' id='word_1_132' title='bbox 667 1687 753 1739; x_wconf 88' lang='lat' dir='ltr'><strong>ria</strong></span> <span class='ocrx_word' id='word_1_133' title='bbox 781 1701 997 1749; x_wconf 88' lang='lat' dir='ltr'><strong>rcrum;</strong></span> <span class='ocrx_word' id='word_1_134' title='bbox 1032 1699 1166 1736; x_wconf 90' lang='lat' dir='ltr'><strong>nam</strong></span> <span class='ocrx_word' id='word_1_135' title='bbox 1221 1680 1508 1751; x_wconf 90' lang='lat' dir='ltr'><strong>superiori</strong></span> <span class='ocrx_word' id='word_1_136' title='bbox 1568 1678 1780 1734; x_wconf 87' lang='lat' dir='ltr'><strong>Christi</strong></span> <span class='ocrx_word' id='word_1_137' title='bbox 1828 1678 1964 1731; x_wconf 86' lang='grc'><strong>1272</strong></span> <span class='ocrx_word' id='word_1_138' title='bbox 2007 1677 2179 1748; x_wconf 57' lang='lat' dir='ltr'><strong>coepit</strong></span> <span class='ocrx_word' id='word_1_139' title='bbox 2224 1695 2312 1732; x_wconf 82' lang='lat' dir='ltr'><strong>se-</strong></span> 
     </span>
    </p>
   </div>
   <div class='ocr_carea' id='block_1_21' title="bbox 2429 700 4086 788">
    <p class='ocr_par' dir='ltr' id='par_1_21' title="bbox 2429 700 4086 788">
     <span class='ocr_line' id='line_1_21' title="bbox 2429 700 4086 788; baseline 0.013 -37"><span class='ocrx_word' id='word_1_140' title='bbox 2429 700 2573 788; x_wconf 59' lang='grc' dir='ltr'><strong>Κστᾶ</strong></span> <span class='ocrx_word' id='word_1_141' title='bbox 2632 707 2822 758; x_wconf 78' lang='grc' dir='ltr'>τοῦτον</span> <span class='ocrx_word' id='word_1_142' title='bbox 2878 707 2967 760; x_wconf 89' lang='grc' dir='ltr'>τὸν</span> <span class='ocrx_word' id='word_1_143' title='bbox 3028 708 3229 782; x_wconf 82' lang='grc' dir='ltr'>χρόνον</span> <span class='ocrx_word' id='word_1_144' title='bbox 3281 712 3638 784; x_wconf 82' lang='grc' dir='ltr'>ἐπεσκότησεν</span> <span class='ocrx_word' id='word_1_145' title='bbox 3689 719 3722 785; x_wconf 78' lang='grc' dir='ltr'>ἡ</span> <span class='ocrx_word' id='word_1_146' title='bbox 3754 717 3960 788; x_wconf 70' lang='grc' dir='ltr'>σελήνη</span> <span class='ocrx_word' id='word_1_147' title='bbox 3994 719 4086 772; x_wconf 84' lang='grc' dir='ltr'>τὸν</span> 
     </span>
    </p>
   </div>
   <div class='ocr_carea' id='block_1_22' title="bbox 2427 785 4084 876">
    <p class='ocr_par' dir='ltr' id='par_1_22' title="bbox 2427 785 4084 876">
     <span class='ocr_line' id='line_1_22' title="bbox 2427 785 4084 876; baseline 0.011 -36"><span class='ocrx_word' id='word_1_148' title='bbox 2427 785 2589 855; x_wconf 79' lang='grc' dir='ltr'>ἥλιον</span> <span class='ocrx_word' id='word_1_149' title='bbox 2619 791 2739 865; x_wconf 78' lang='grc' dir='ltr'>ἄρτι</span> <span class='ocrx_word' id='word_1_150' title='bbox 2769 793 2866 859; x_wconf 76' lang='grc' dir='ltr'><strong>τήν</strong></span> <span class='ocrx_word' id='word_1_151' title='bbox 2895 798 3001 848; x_wconf 80' lang='grc' dir='ltr'>τῶν</span> <span class='ocrx_word' id='word_1_152' title='bbox 3052 793 3304 870; x_wconf 82' lang='grc' dir='ltr'><strong>Διδύμων</strong></span> <span class='ocrx_word' id='word_1_153' title='bbox 3353 800 3613 872; x_wconf 76' lang='grc' dir='ltr'><strong>τετάρτην</strong></span> <span class='ocrx_word' id='word_1_154' title='bbox 3667 785 4084 876; x_wconf 63' lang='grc' dir='ltr'>παραλλάττον-</span> 
     </span>
    </p>
   </div>
   <div class='ocr_carea' id='block_1_23' title="bbox 2424 879 4083 964">
    <p class='ocr_par' dir='ltr' id='par_1_23' title="bbox 2424 879 4083 964">
     <span class='ocr_line' id='line_1_23' title="bbox 2424 879 4083 964; baseline 0.011 -35"><span class='ocrx_word' id='word_1_155' title='bbox 2424 896 2509 947; x_wconf 86' lang='grc' dir='ltr'><strong>τα,</strong></span> <span class='ocrx_word' id='word_1_156' title='bbox 2570 879 2694 952; x_wconf 87' lang='grc' dir='ltr'><strong>περί</strong></span> <span class='ocrx_word' id='word_1_157' title='bbox 2743 881 2888 956; x_wconf 73' lang='grc' dir='ltr'>ὥραν</span> <span class='ocrx_word' id='word_1_158' title='bbox 2917 885 3022 955; x_wconf 83' lang='grc' dir='ltr'><strong>πρὸ</strong></span> <span class='ocrx_word' id='word_1_159' title='bbox 3075 882 3422 963; x_wconf 78' lang='grc' dir='ltr'>μεσημϐρίας</span> <span class='ocrx_word' id='word_1_160' title='bbox 3468 890 3659 964; x_wconf 80' lang='grc' dir='ltr'>τρίτην</span> <span class='ocrx_word' id='word_1_161' title='bbox 3697 898 3793 959; x_wconf 79' lang='grc' dir='ltr'>τῆς</span> <span class='ocrx_word' id='word_1_162' title='bbox 3826 893 4083 961; x_wconf 83' lang='grc' dir='ltr'><strong>εἰκοστῆς</strong></span> 
     </span>
    </p>
   </div>
   <div class='ocr_carea' id='block_1_24' title="bbox 2424 965 4083 1052">
    <p class='ocr_par' dir='ltr' id='par_1_24' title="bbox 2424 965 4083 1052">
     <span class='ocr_line' id='line_1_24' title="bbox 2424 965 4083 1052; baseline 0.01 -33"><span class='ocrx_word' id='word_1_163' title='bbox 2424 965 2679 1039; x_wconf 71' lang='grc' dir='ltr'>πέμπτης</span> <span class='ocrx_word' id='word_1_164' title='bbox 2739 971 2950 1045; x_wconf 72' lang='grc' dir='ltr'><strong>ἡμέρας</strong></span> <span class='ocrx_word' id='word_1_165' title='bbox 3006 978 3102 1026; x_wconf 82' lang='grc' dir='ltr'>τοῦ</span> <span class='ocrx_word' id='word_1_166' title='bbox 3173 975 3358 1048; x_wconf 50' lang='lat' dir='ltr'><strong>gaios,</strong></span> <span class='ocrx_word' id='word_1_167' title='bbox 3415 982 3514 1032; x_wconf 82' lang='grc' dir='ltr'>τοῦ</span> <span class='ocrx_word' id='word_1_168' title='bbox 3572 983 3730 1052; x_wconf 67' lang='grc' dir='ltr'><strong>Ιςψοέ</strong></span> <span class='ocrx_word' id='word_1_169' title='bbox 3776 977 3948 1042; x_wconf 78' lang='grc' dir='ltr'>ἔτους.</span> <span class='ocrx_word' id='word_1_170' title='bbox 3984 985 4083 1039; x_wconf 76' lang='grc' dir='ltr'>Ἠν</span> 
     </span>
    </p>
   </div>
   <div class='ocr_carea' id='block_1_25' title="bbox 2429 1055 4081 1142">
    <p class='ocr_par' dir='ltr' id='par_1_25' title="bbox 2429 1055 4081 1142">
     <span class='ocr_line' id='line_1_25' title="bbox 2429 1055 4081 1142; baseline 0.01 -35"><span class='ocrx_word' id='word_1_171' title='bbox 2429 1055 2522 1126; x_wconf 75' lang='grc' dir='ltr'><strong>μὲν</strong></span> <span class='ocrx_word' id='word_1_172' title='bbox 2579 1055 2667 1109; x_wconf 82' lang='grc' dir='ltr'><strong>οὖν</strong></span> <span class='ocrx_word' id='word_1_173' title='bbox 2698 1060 2731 1126; x_wconf 81' lang='grc' dir='ltr'>ἡ</span> <span class='ocrx_word' id='word_1_174' title='bbox 2782 1065 2924 1113; x_wconf 79' lang='grc' dir='ltr'>πᾶσα</span> <span class='ocrx_word' id='word_1_175' title='bbox 2973 1059 3218 1135; x_wconf 77' lang='grc' dir='ltr'><strong>ἔκλειψις</strong></span> <span class='ocrx_word' id='word_1_176' title='bbox 3269 1063 3551 1120; x_wconf 78' lang='grc' dir='ltr'>δακτύλων</span> <span class='ocrx_word' id='word_1_177' title='bbox 3586 1066 3807 1142; x_wconf 83' lang='grc' dir='ltr'>ἔγγιστα</span> <span class='ocrx_word' id='word_1_178' title='bbox 3840 1069 4081 1124; x_wconf 83' lang='grc' dir='ltr'><strong>δυωκαί-</strong></span> 
     </span>
    </p>
   </div>
   <div class='ocr_carea' id='block_1_26' title="bbox 2424 1141 4079 1231">
    <p class='ocr_par' dir='ltr' id='par_1_26' title="bbox 2424 1141 4079 1231">
     <span class='ocr_line' id='line_1_26' title="bbox 2424 1141 4079 1231; baseline 0.01 -34"><span class='ocrx_word' id='word_1_179' title='bbox 2424 1141 2572 1213; x_wconf 86' lang='grc' dir='ltr'>δεκα,</span> <span class='ocrx_word' id='word_1_180' title='bbox 2634 1151 2892 1201; x_wconf 72' lang='grc' dir='ltr'>τοσοῦτον</span> <span class='ocrx_word' id='word_1_181' title='bbox 2953 1148 3009 1203; x_wconf 71' lang='grc' dir='ltr'><strong>δὲ</strong></span> <span class='ocrx_word' id='word_1_182' title='bbox 3066 1154 3204 1206; x_wconf 68' lang='grc' dir='ltr'>κατὰ</span> <span class='ocrx_word' id='word_1_183' title='bbox 3253 1155 3343 1208; x_wconf 89' lang='grc' dir='ltr'>τὸν</span> <span class='ocrx_word' id='word_1_184' title='bbox 3405 1155 3565 1228; x_wconf 74' lang='grc' dir='ltr'>μέσον</span> <span class='ocrx_word' id='word_1_185' title='bbox 3623 1165 3722 1226; x_wconf 79' lang='grc' dir='ltr'><strong>τῆς</strong></span> <span class='ocrx_word' id='word_1_186' title='bbox 3779 1154 4079 1231; x_wconf 72' lang='grc' dir='ltr'><strong>ἔκλείψεως</strong></span> 
     </span>
    </p>
   </div>
   <div class='ocr_carea' id='block_1_27' title="bbox 2424 1234 4081 1319">
    <p class='ocr_par' dir='ltr' id='par_1_27' title="bbox 2424 1234 4081 1319">
     <span class='ocr_line' id='line_1_27' title="bbox 2424 1234 4081 1319; baseline 0.01 -33"><span class='ocrx_word' id='word_1_187' title='bbox 2424 1234 2622 1308; x_wconf 84' lang='grc' dir='ltr'>χρόνον</span> <span class='ocrx_word' id='word_1_188' title='bbox 2657 1235 2888 1310; x_wconf 82' lang='grc' dir='ltr'><strong>ἐγεγόνει</strong></span> <span class='ocrx_word' id='word_1_189' title='bbox 2921 1240 2982 1292; x_wconf 90' lang='grc' dir='ltr'>τὸ</span> <span class='ocrx_word' id='word_1_190' title='bbox 3009 1242 3203 1303; x_wconf 76' lang='grc' dir='ltr'>σκότος</span> <span class='ocrx_word' id='word_1_191' title='bbox 3234 1245 3355 1316; x_wconf 82' lang='grc' dir='ltr'>περὶ</span> <span class='ocrx_word' id='word_1_192' title='bbox 3389 1246 3487 1313; x_wconf 77' lang='grc' dir='ltr'>τὴν</span> <span class='ocrx_word' id='word_1_193' title='bbox 3535 1253 3637 1319; x_wconf 76' lang='grc' dir='ltr'><strong>γῆν</strong></span> <span class='ocrx_word' id='word_1_194' title='bbox 3671 1249 3744 1308; x_wconf 75' lang='grc' dir='ltr'>ὡς</span> <span class='ocrx_word' id='word_1_195' title='bbox 3795 1249 3882 1301; x_wconf 81' lang='grc' dir='ltr'>καὶ</span> <span class='ocrx_word' id='word_1_196' title='bbox 3935 1249 4081 1303; x_wconf 79' lang='grc' dir='ltr'>πολ-</span> 
     </span>
    </p>
   </div>
   <div class='ocr_carea' id='block_1_28' title="bbox 2423 1326 4080 1409">
    <p class='ocr_par' dir='ltr' id='par_1_28' title="bbox 2423 1326 4080 1409">
     <span class='ocr_line' id='line_1_28' title="bbox 2423 1326 4080 1409; baseline 0.011 -33"><span class='ocrx_word' id='word_1_197' title='bbox 2423 1326 2557 1387; x_wconf 78' lang='grc' dir='ltr'>Αοὺς</span> <span class='ocrx_word' id='word_1_198' title='bbox 2584 1329 2692 1379; x_wconf 86' lang='grc' dir='ltr'>τῶν</span> <span class='ocrx_word' id='word_1_199' title='bbox 2724 1327 2962 1400; x_wconf 69' lang='grc' dir='ltr'>ἀστέρων</span> <span class='ocrx_word' id='word_1_200' title='bbox 3006 1338 3260 1400; x_wconf 82' lang='grc' dir='ltr'>φανῆναι.</span> <span class='ocrx_word' id='word_1_201' title='bbox 3316 1335 3428 1391; x_wconf 84' lang='lat' dir='ltr'><strong>Sub</strong></span> <span class='ocrx_word' id='word_1_202' title='bbox 3477 1341 3577 1391; x_wconf 83' lang='lat' dir='ltr'><strong>hoc</strong></span> <span class='ocrx_word' id='word_1_203' title='bbox 3624 1341 3834 1409; x_wconf 76' lang='lat' dir='ltr'><strong>tempus</strong></span> <span class='ocrx_word' id='word_1_204' title='bbox 3881 1342 4080 1394; x_wconf 72' lang='lat' dir='ltr'><strong>obscu-</strong></span> 
     </span>
    </p>
   </div>
   <div class='ocr_carea' id='block_1_29' title="bbox 2419 1415 4079 1490">
    <p class='ocr_par' dir='ltr' id='par_1_29' title="bbox 2419 1415 4079 1490">
     <span class='ocr_line' id='line_1_29' title="bbox 2419 1415 4079 1490; baseline 0.008 -23"><span class='ocrx_word' id='word_1_205' title='bbox 2419 1418 2570 1469; x_wconf 84' lang='lat' dir='ltr'><strong>ranit</strong></span> <span class='ocrx_word' id='word_1_206' title='bbox 2604 1415 2741 1471; x_wconf 80' lang='lat' dir='ltr'><strong>luna</strong></span> <span class='ocrx_word' id='word_1_207' title='bbox 2771 1421 2936 1473; x_wconf 85' lang='lat' dir='ltr'><strong>solem</strong></span> <span class='ocrx_word' id='word_1_208' title='bbox 2970 1431 3227 1490; x_wconf 75' lang='lat' dir='ltr'><strong>quartum</strong></span> <span class='ocrx_word' id='word_1_209' title='bbox 3280 1423 3634 1480; x_wconf 85' lang='lat' dir='ltr'><strong>Geminorum</strong></span> <span class='ocrx_word' id='word_1_210' title='bbox 3682 1430 4079 1483; x_wconf 75' lang='lat' dir='ltr'><strong>transmitten-</strong></span> 
     </span>
    </p>
   </div>
   <div class='ocr_carea' id='block_1_30' title="bbox 2417 1506 4081 1575">
    <p class='ocr_par' dir='ltr' id='par_1_30' title="bbox 2417 1506 4081 1575">
     <span class='ocr_line' id='line_1_30' title="bbox 2417 1506 4081 1575; baseline 0.008 -18"><span class='ocrx_word' id='word_1_211' title='bbox 2417 1510 2531 1558; x_wconf 67' lang='grc' dir='ltr'><strong>τέγη</strong></span> <span class='ocrx_word' id='word_1_212' title='bbox 2576 1506 2828 1575; x_wconf 86' lang='lat' dir='ltr'><strong>gradum,</strong></span> <span class='ocrx_word' id='word_1_213' title='bbox 2880 1511 3027 1563; x_wconf 78' lang='lat' dir='ltr'><strong>circa</strong></span> <span class='ocrx_word' id='word_1_214' title='bbox 3077 1511 3270 1565; x_wconf 87' lang='lat' dir='ltr'><strong>horam</strong></span> <span class='ocrx_word' id='word_1_215' title='bbox 3325 1519 3460 1568; x_wconf 84' lang='lat' dir='ltr'><strong>ante</strong></span> <span class='ocrx_word' id='word_1_216' title='bbox 3507 1517 3799 1571; x_wconf 78' lang='lat' dir='ltr'><strong>meridiem</strong></span> <span class='ocrx_word' id='word_1_217' title='bbox 3845 1523 4081 1572; x_wconf 82' lang='lat' dir='ltr'><strong>tertiam</strong></span> 
     </span>
    </p>
   </div>
   <div class='ocr_carea' id='block_1_31' title="bbox 2419 1595 4080 1674">
    <p class='ocr_par' dir='ltr' id='par_1_31' title="bbox 2419 1595 4080 1674">
     <span class='ocr_line' id='line_1_31' title="bbox 2419 1595 4080 1674; baseline 0.008 -29"><span class='ocrx_word' id='word_1_218' title='bbox 2419 1595 2630 1662; x_wconf 66' lang='lat' dir='ltr'><strong>quinta:</strong></span> <span class='ocrx_word' id='word_1_219' title='bbox 2659 1605 2707 1649; x_wconf 77' lang='lat' dir='ltr'><strong>et</strong></span> <span class='ocrx_word' id='word_1_220' title='bbox 2731 1595 3010 1653; x_wconf 70' lang='lat' dir='ltr'><strong>vicesimae</strong></span> <span class='ocrx_word' id='word_1_221' title='bbox 3031 1597 3147 1652; x_wconf 80' lang='lat' dir='ltr'><strong>dici</strong></span> <span class='ocrx_word' id='word_1_222' title='bbox 3179 1599 3332 1669; x_wconf 79' lang='lat' dir='ltr'><strong>Maii,</strong></span> <span class='ocrx_word' id='word_1_223' title='bbox 3360 1604 3500 1657; x_wconf 78' lang='lat' dir='ltr'><strong>(mni</strong></span> <span class='ocrx_word' id='word_1_224' title='bbox 3546 1603 3708 1660; x_wconf 90' lang='lat'><strong>6785.</strong></span> <span class='ocrx_word' id='word_1_225' title='bbox 3743 1606 3868 1658; x_wconf 84' lang='lat' dir='ltr'><strong>Fuit</strong></span> <span class='ocrx_word' id='word_1_226' title='bbox 3907 1621 4080 1674; x_wconf 82' lang='lat' dir='ltr'><strong>porro</strong></span> 
     </span>
    </p>
   </div>
   <div class='ocr_carea' id='block_1_32' title="bbox 2419 1684 4079 1758">
    <p class='ocr_par' dir='ltr' id='par_1_32' title="bbox 2419 1684 4079 1758">
     <span class='ocr_line' id='line_1_32' title="bbox 2419 1684 4079 1758; baseline 0.007 -24"><span class='ocrx_word' id='word_1_227' title='bbox 2419 1685 2526 1736; x_wconf 86' lang='lat' dir='ltr'><strong>tota</strong></span> <span class='ocrx_word' id='word_1_228' title='bbox 2584 1684 2803 1753; x_wconf 76' lang='lat' dir='ltr'><strong>eclipsis</strong></span> <span class='ocrx_word' id='word_1_229' title='bbox 2863 1685 3174 1756; x_wconf 82' lang='lat' dir='ltr'><strong>digitorum</strong></span> <span class='ocrx_word' id='word_1_230' title='bbox 3229 1691 3481 1758; x_wconf 74' lang='lat' dir='ltr'><strong>proxime</strong></span> <span class='ocrx_word' id='word_1_231' title='bbox 3529 1691 3837 1747; x_wconf 78' lang='lat' dir='ltr'><strong>duodecim.</strong></span> <span class='ocrx_word' id='word_1_232' title='bbox 3889 1695 4079 1748; x_wconf 58' lang='lat' dir='ltr'><strong>Tantm</strong></span> 
     </span>
    </p>
   </div>
   <div class='ocr_carea' id='block_1_33' title="bbox 665 1768 4085 1850">
    <p class='ocr_par' dir='ltr' id='par_1_33' title="bbox 665 1768 4085 1850">
     <span class='ocr_line' id='line_1_33' title="bbox 665 1768 4085 1850; baseline 0.001 -21"><span class='ocrx_word' id='word_1_233' title='bbox 665 1776 800 1829; x_wconf 89' lang='lat' dir='ltr'><strong>dere</strong></span> <span class='ocrx_word' id='word_1_234' title='bbox 831 1772 1145 1842; x_wconf 85' lang='lat' dir='ltr'><strong>Gregorius</strong></span> <span class='ocrx_word' id='word_1_235' title='bbox 1178 1769 1244 1834; x_wconf 88' lang='lat' dir='ltr'><strong>X,</strong></span> <span class='ocrx_word' id='word_1_236' title='bbox 1282 1769 1377 1842; x_wconf 91' lang='lat' dir='ltr'><strong>qui</strong></span> <span class='ocrx_word' id='word_1_237' title='bbox 1415 1768 1643 1840; x_wconf 91' lang='lat' dir='ltr'><strong>primus</strong></span> <span class='ocrx_word' id='word_1_238' title='bbox 1676 1768 2029 1822; x_wconf 91' lang='lat' dir='ltr'><strong>mentionem</strong></span> <span class='ocrx_word' id='word_1_239' title='bbox 2067 1783 2306 1821; x_wconf 90' lang='lat' dir='ltr'><strong>concor-</strong></span> <span class='ocrx_word' id='word_1_240' title='bbox 2340 1785 2386 1849; x_wconf 84' lang='lat' dir='ltr'><strong>B</strong></span> <span class='ocrx_word' id='word_1_241' title='bbox 2418 1775 2600 1826; x_wconf 83' lang='lat' dir='ltr'><strong>autem</strong></span> <span class='ocrx_word' id='word_1_242' title='bbox 2644 1774 2744 1828; x_wconf 87' lang='lat' dir='ltr'><strong>sub</strong></span> <span class='ocrx_word' id='word_1_243' title='bbox 2797 1774 3038 1829; x_wconf 84' lang='lat' dir='ltr'><strong>medium</strong></span> <span class='ocrx_word' id='word_1_244' title='bbox 3093 1776 3326 1849; x_wconf 70' lang='lat' dir='ltr'><strong>deliquit</strong></span> <span class='ocrx_word' id='word_1_245' title='bbox 3380 1783 3591 1850; x_wconf 85' lang='lat' dir='ltr'><strong>tempus</strong></span> <span class='ocrx_word' id='word_1_246' title='bbox 3639 1782 3876 1838; x_wconf 72' lang='lat' dir='ltr'><strong>tedebrae</strong></span> <span class='ocrx_word' id='word_1_247' title='bbox 3925 1785 4085 1837; x_wconf 75' lang='lat' dir='ltr'><strong>cirra</strong></span> 
     </span>
    </p>
   </div>
   <div class='ocr_carea' id='block_1_34' title="bbox 661 1856 2306 1930">
    <p class='ocr_par' dir='ltr' id='par_1_34' title="bbox 661 1856 2306 1930">
     <span class='ocr_line' id='line_1_34' title="bbox 661 1856 2306 1930; baseline -0.003 -16"><span class='ocrx_word' id='word_1_248' title='bbox 661 1865 768 1917; x_wconf 65' lang='lat' dir='ltr'><strong>dire</strong></span> <span class='ocrx_word' id='word_1_249' title='bbox 803 1861 1101 1927; x_wconf 79' lang='lat' dir='ltr'><strong>intulerat,</strong></span> <span class='ocrx_word' id='word_1_250' title='bbox 1133 1864 1447 1930; x_wconf 85' lang='lat' dir='ltr'><strong>postquam</strong></span> <span class='ocrx_word' id='word_1_251' title='bbox 1472 1857 1530 1911; x_wconf 90' lang='lat' dir='ltr'><strong>in</strong></span> <span class='ocrx_word' id='word_1_252' title='bbox 1550 1857 1716 1928; x_wconf 80' lang='lat' dir='ltr'><strong>Syria</strong></span> <span class='ocrx_word' id='word_1_253' title='bbox 1737 1856 1987 1911; x_wconf 87' lang='lat' dir='ltr'><strong>electum</strong></span> <span class='ocrx_word' id='word_1_254' title='bbox 2012 1872 2073 1909; x_wconf 91' lang='lat' dir='ltr'><strong>se</strong></span> <span class='ocrx_word' id='word_1_255' title='bbox 2095 1857 2306 1910; x_wconf 90' lang='lat' dir='ltr'><strong>absen-</strong></span> 
     </span>
    </p>
   </div>
   <div class='ocr_carea' id='block_1_35' title="bbox 663 1947 2308 2018">
    <p class='ocr_par' dir='ltr' id='par_1_35' title="bbox 663 1947 2308 2018">
     <span class='ocr_line' id='line_1_35' title="bbox 663 1947 2308 2018; baseline -0.005 -11"><span class='ocrx_word' id='word_1_256' title='bbox 663 1957 780 2007; x_wconf 88' lang='lat' dir='ltr'><strong>tem</strong></span> <span class='ocrx_word' id='word_1_257' title='bbox 814 1969 846 2006; x_wconf 93' lang='lat' dir='ltr'><strong>a</strong></span> <span class='ocrx_word' id='word_1_258' title='bbox 878 1949 1279 2005; x_wconf 89' lang='lat' dir='ltr'><strong>cardinalibus</strong></span> <span class='ocrx_word' id='word_1_259' title='bbox 1311 1947 1600 2018; x_wconf 89' lang='lat' dir='ltr'><strong>cognovit.</strong></span> <span class='ocrx_word' id='word_1_260' title='bbox 1639 1947 1853 2000; x_wconf 88' lang='lat' dir='ltr'><strong>Deinde</strong></span> <span class='ocrx_word' id='word_1_261' title='bbox 1895 1947 2018 2015; x_wconf 89' lang='lat' dir='ltr'><strong>jam</strong></span> <span class='ocrx_word' id='word_1_262' title='bbox 2072 1961 2308 2000; x_wconf 87' lang='lat' dir='ltr'><strong>corona-</strong></span> 
     </span>
    </p>
   </div>
   <div class='ocr_carea' id='block_1_36' title="bbox 662 2034 2308 2112">
    <p class='ocr_par' dir='ltr' id='par_1_36' title="bbox 662 2034 2308 2112">
     <span class='ocr_line' id='line_1_36' title="bbox 662 2034 2308 2112; baseline -0.005 -17"><span class='ocrx_word' id='word_1_263' title='bbox 662 2047 758 2095; x_wconf 88' lang='lat' dir='ltr'><strong>tus</strong></span> <span class='ocrx_word' id='word_1_264' title='bbox 786 2040 1005 2112; x_wconf 89' lang='lat' dir='ltr'><strong>legatos</strong></span> <span class='ocrx_word' id='word_1_265' title='bbox 1039 2034 1606 2107; x_wconf 81' lang='lat' dir='ltr'><strong>Constantinopolim</strong></span> <span class='ocrx_word' id='word_1_266' title='bbox 1651 2035 1720 2088; x_wconf 89' lang='lat' dir='ltr'><strong>ad</strong></span> <span class='ocrx_word' id='word_1_267' title='bbox 1758 2035 1810 2088; x_wconf 89' lang='lat' dir='ltr'><strong>id</strong></span> <span class='ocrx_word' id='word_1_268' title='bbox 1865 2035 2161 2103; x_wconf 82' lang='lat' dir='ltr'><strong>negotium</strong></span> <span class='ocrx_word' id='word_1_269' title='bbox 2213 2051 2308 2087; x_wconf 91' lang='lat' dir='ltr'><strong>ur-</strong></span> 
     </span>
    </p>
   </div>
   <div class='ocr_carea' id='block_1_37' title="bbox 661 2125 2308 2200">
    <p class='ocr_par' dir='ltr' id='par_1_37' title="bbox 661 2125 2308 2200">
     <span class='ocr_line' id='line_1_37' title="bbox 661 2125 2308 2200; baseline -0.004 -16"><span class='ocrx_word' id='word_1_270' title='bbox 661 2131 919 2200; x_wconf 82' lang='lat' dir='ltr'><strong>gendum</strong></span> <span class='ocrx_word' id='word_1_271' title='bbox 965 2129 1224 2182; x_wconf 89' lang='lat' dir='ltr'><strong>miserat.</strong></span> <span class='ocrx_word' id='word_1_272' title='bbox 1277 2125 1346 2180; x_wconf 82' lang='lat' dir='ltr'><strong>Hi</strong></span> <span class='ocrx_word' id='word_1_273' title='bbox 1400 2130 1637 2179; x_wconf 89' lang='lat' dir='ltr'><strong>strenue</strong></span> <span class='ocrx_word' id='word_1_274' title='bbox 1699 2140 1818 2178; x_wconf 91' lang='lat' dir='ltr'><strong>rem</strong></span> <span class='ocrx_word' id='word_1_275' title='bbox 1881 2129 2142 2193; x_wconf 79' lang='lat' dir='ltr'><strong>egerunt,</strong></span> <span class='ocrx_word' id='word_1_276' title='bbox 2207 2140 2308 2193; x_wconf 91' lang='lat' dir='ltr'><strong>pro</strong></span> 
     </span>
    </p>
   </div>
   <div class='ocr_carea' id='block_1_38' title="bbox 657 2212 2307 2290">
    <p class='ocr_par' dir='ltr' id='par_1_38' title="bbox 657 2212 2307 2290">
     <span class='ocr_line' id='line_1_38' title="bbox 657 2212 2307 2290; baseline -0.004 -18"><span class='ocrx_word' id='word_1_277' title='bbox 657 2220 809 2274; x_wconf 88' lang='lat' dir='ltr'><strong>virili</strong></span> <span class='ocrx_word' id='word_1_278' title='bbox 870 2222 1133 2290; x_wconf 90' lang='lat' dir='ltr'><strong>Augusto</strong></span> <span class='ocrx_word' id='word_1_279' title='bbox 1191 2220 1574 2286; x_wconf 82' lang='lat' dir='ltr'><strong>000perante;</strong></span> <span class='ocrx_word' id='word_1_280' title='bbox 1632 2231 1758 2284; x_wconf 71' lang='lat' dir='ltr'><strong>quae</strong></span> <span class='ocrx_word' id='word_1_281' title='bbox 1809 2215 2143 2268; x_wconf 86' lang='lat' dir='ltr'><strong>referuntur</strong></span> <span class='ocrx_word' id='word_1_282' title='bbox 2199 2212 2307 2267; x_wconf 94' lang='lat' dir='ltr'><strong>hoc</strong></span> 
     </span>
    </p>
   </div>
   <div class='ocr_carea' id='block_1_39' title="bbox 659 2301 2305 2372">
    <p class='ocr_par' dir='ltr' id='par_1_39' title="bbox 659 2301 2305 2372">
     <span class='ocr_line' id='line_1_39' title="bbox 659 2301 2305 2372; baseline -0.004 -11"><span class='ocrx_word' id='word_1_283' title='bbox 659 2309 811 2362; x_wconf 89' lang='lat' dir='ltr'><strong>libro</strong></span> <span class='ocrx_word' id='word_1_284' title='bbox 845 2323 950 2361; x_wconf 93' lang='lat' dir='ltr'><strong>ac.</strong></span> <span class='ocrx_word' id='word_1_285' title='bbox 990 2307 1045 2361; x_wconf 91' lang='lat' dir='ltr'>1l</span> <span class='ocrx_word' id='word_1_286' title='bbox 1087 2306 1158 2360; x_wconf 93' lang='lat' dir='ltr'><strong>ad</strong></span> <span class='ocrx_word' id='word_1_287' title='bbox 1195 2305 1280 2359; x_wconf 90' lang='grc'><strong>17.</strong></span> <span class='ocrx_word' id='word_1_288' title='bbox 1320 2309 1446 2358; x_wconf 61' lang='lat' dir='ltr'><strong>Haec</strong></span> <span class='ocrx_word' id='word_1_289' title='bbox 1490 2320 1709 2357; x_wconf 90' lang='lat' dir='ltr'><strong>annum</strong></span> <span class='ocrx_word' id='word_1_290' title='bbox 1747 2301 1916 2356; x_wconf 83' lang='lat' dir='ltr'><strong>facile</strong></span> <span class='ocrx_word' id='word_1_291' title='bbox 1966 2301 2226 2372; x_wconf 88' lang='lat' dir='ltr'><strong>Gregorii</strong></span> <span class='ocrx_word' id='word_1_292' title='bbox 2261 2301 2305 2368; x_wconf 90' lang='grc' dir='ltr'><strong>Ι,</strong></span> 
     </span>
    </p>
   </div>
   <div class='ocr_carea' id='block_1_40' title="bbox 663 2391 2308 2464">
    <p class='ocr_par' dir='ltr' id='par_1_40' title="bbox 663 2391 2308 2464">
     <span class='ocr_line' id='line_1_40' title="bbox 663 2391 2308 2464; baseline -0.005 -12"><span class='ocrx_word' id='word_1_293' title='bbox 663 2397 879 2452; x_wconf 88' lang='lat' dir='ltr'><strong>Christi</strong></span> <span class='ocrx_word' id='word_1_294' title='bbox 940 2397 1079 2450; x_wconf 84' lang='grc'><strong>1272</strong></span> <span class='ocrx_word' id='word_1_295' title='bbox 1116 2441 1128 2458; x_wconf 88' lang='grc'><strong>,</strong></span> <span class='ocrx_word' id='word_1_296' title='bbox 1177 2394 1577 2464; x_wconf 85' lang='lat' dir='ltr'><strong>expleverunt.</strong></span> <span class='ocrx_word' id='word_1_297' title='bbox 1640 2391 1954 2462; x_wconf 90' lang='lat' dir='ltr'><strong>Dispositis</strong></span> <span class='ocrx_word' id='word_1_298' title='bbox 2009 2397 2308 2460; x_wconf 87' lang='lat' dir='ltr'><strong>utcunque</strong></span> 
     </span>
    </p>
   </div>
   <div class='ocr_carea' id='block_1_41' title="bbox 657 2481 2308 2560">
    <p class='ocr_par' dir='ltr' id='par_1_41' title="bbox 657 2481 2308 2560">
     <span class='ocr_line' id='line_1_41' title="bbox 657 2481 2308 2560; baseline -0.004 -19"><span class='ocrx_word' id='word_1_299' title='bbox 657 2488 934 2542; x_wconf 89' lang='lat' dir='ltr'><strong>omnibus</strong></span> <span class='ocrx_word' id='word_1_300' title='bbox 965 2502 1034 2540; x_wconf 83' lang='lat' dir='ltr'><strong>ex</strong></span> <span class='ocrx_word' id='word_1_301' title='bbox 1067 2490 1228 2560; x_wconf 83' lang='lat' dir='ltr'><strong>parte</strong></span> <span class='ocrx_word' id='word_1_302' title='bbox 1259 2484 1594 2538; x_wconf 62' lang='lat' dir='ltr'><strong>Griecoruin</strong></span> <span class='ocrx_word' id='word_1_303' title='bbox 1629 2481 1796 2536; x_wconf 83' lang='lat' dir='ltr'><strong>missi</strong></span> <span class='ocrx_word' id='word_1_304' title='bbox 1830 2486 1968 2536; x_wconf 89' lang='lat' dir='ltr'><strong>sunt</strong></span> <span class='ocrx_word' id='word_1_305' title='bbox 1999 2481 2196 2550; x_wconf 80' lang='lat' dir='ltr'><strong>legati,</strong></span> <span class='ocrx_word' id='word_1_306' title='bbox 2237 2481 2308 2534; x_wconf 88' lang='lat' dir='ltr'><strong>de</strong></span> 
     </span>
    </p>
   </div>
   <div class='ocr_carea' id='block_1_42' title="bbox 657 2570 2308 2648">
    <p class='ocr_par' dir='ltr' id='par_1_42' title="bbox 657 2570 2308 2648">
     <span class='ocr_line' id='line_1_42' title="bbox 657 2570 2308 2648; baseline -0.003 -20"><span class='ocrx_word' id='word_1_307' title='bbox 657 2577 875 2648; x_wconf 86' lang='lat' dir='ltr'><strong>quibus</strong></span> <span class='ocrx_word' id='word_1_308' title='bbox 908 2574 1163 2645; x_wconf 85' lang='lat' dir='ltr'><strong>agimus,</strong></span> <span class='ocrx_word' id='word_1_309' title='bbox 1198 2572 1608 2628; x_wconf 89' lang='lat' dir='ltr'><strong>circainitium</strong></span> <span class='ocrx_word' id='word_1_310' title='bbox 1644 2571 1803 2638; x_wconf 88' lang='lat' dir='ltr'><strong>anni,</strong></span> <span class='ocrx_word' id='word_1_311' title='bbox 1829 2571 2089 2639; x_wconf 84' lang='lat' dir='ltr'><strong>Gregorii</strong></span> <span class='ocrx_word' id='word_1_312' title='bbox 2117 2570 2308 2640; x_wconf 87' lang='lat' dir='ltr'><strong>ponti-</strong></span> 
     </span>
    </p>
   </div>
   <div class='ocr_carea' id='block_1_43' title="bbox 660 2660 2307 2730">
    <p class='ocr_par' dir='ltr' id='par_1_43' title="bbox 660 2660 2307 2730">
     <span class='ocr_line' id='line_1_43' title="bbox 660 2660 2307 2730; baseline -0.004 -11"><span class='ocrx_word' id='word_1_313' title='bbox 660 2666 870 2719; x_wconf 82' lang='lat' dir='ltr'><strong>ﬁcatus</strong></span> <span class='ocrx_word' id='word_1_314' title='bbox 904 2664 1168 2730; x_wconf 90' lang='lat' dir='ltr'><strong>secundi,</strong></span> <span class='ocrx_word' id='word_1_315' title='bbox 1205 2662 1416 2716; x_wconf 83' lang='lat' dir='ltr'><strong>Christi</strong></span> <span class='ocrx_word' id='word_1_316' title='bbox 1454 2662 1633 2727; x_wconf 82' lang='lat'>1273;</span> <span class='ocrx_word' id='word_1_317' title='bbox 1667 2676 1771 2714; x_wconf 91' lang='lat' dir='ltr'><strong>nec</strong></span> <span class='ocrx_word' id='word_1_318' title='bbox 1822 2660 2050 2713; x_wconf 83' lang='lat' dir='ltr'><strong>tardius</strong></span> <span class='ocrx_word' id='word_1_319' title='bbox 2101 2663 2307 2730; x_wconf 88' lang='lat' dir='ltr'><strong>potue-</strong></span> 
     </span>
    </p>
   </div>
   <div class='ocr_carea' id='block_1_44' title="bbox 663 2747 2306 2823">
    <p class='ocr_par' dir='ltr' id='par_1_44' title="bbox 663 2747 2306 2823">
     <span class='ocr_line' id='line_1_44' title="bbox 663 2747 2306 2823; baseline -0.004 -17"><span class='ocrx_word' id='word_1_320' title='bbox 663 2759 820 2807; x_wconf 89' lang='lat' dir='ltr'><strong>runt:</strong></span> <span class='ocrx_word' id='word_1_321' title='bbox 855 2753 1072 2823; x_wconf 90' lang='lat' dir='ltr'><strong>alioqui</strong></span> <span class='ocrx_word' id='word_1_322' title='bbox 1098 2750 1444 2822; x_wconf 88' lang='lat' dir='ltr'><strong>Gregorium</strong></span> <span class='ocrx_word' id='word_1_323' title='bbox 1473 2767 1583 2804; x_wconf 88' lang='lat' dir='ltr'><strong>non</strong></span> <span class='ocrx_word' id='word_1_324' title='bbox 1610 2747 2306 2819; x_wconf 70' lang='lat' dir='ltr'><strong>reperissentRomm,qui</strong></span> 
     </span>
    </p>
   </div>
   <div class='ocr_carea' id='block_1_45' title="bbox 664 2837 2308 2902">
    <p class='ocr_par' dir='ltr' id='par_1_45' title="bbox 664 2837 2308 2902">
     <span class='ocr_line' id='line_1_45' title="bbox 664 2837 2308 2902; baseline -0.005 -5"><span class='ocrx_word' id='word_1_325' title='bbox 664 2843 770 2897; x_wconf 92' lang='lat' dir='ltr'><strong>hoc</strong></span> <span class='ocrx_word' id='word_1_326' title='bbox 787 2859 942 2897; x_wconf 92' lang='lat' dir='ltr'><strong>anno</strong></span> <span class='ocrx_word' id='word_1_327' title='bbox 962 2842 1095 2896; x_wconf 87' lang='lat' dir='ltr'><strong>inde</strong></span> <span class='ocrx_word' id='word_1_328' title='bbox 1122 2840 1396 2894; x_wconf 83' lang='lat' dir='ltr'><strong>discessit</strong></span> <span class='ocrx_word' id='word_1_329' title='bbox 1415 2855 1620 2893; x_wconf 86' lang='lat' dir='ltr'><strong>versus</strong></span> <span class='ocrx_word' id='word_1_330' title='bbox 1643 2837 1984 2902; x_wconf 83' lang='lat' dir='ltr'><strong>Galliam,ut</strong></span> <span class='ocrx_word' id='word_1_331' title='bbox 2004 2837 2084 2891; x_wconf 93' lang='lat' dir='ltr'><strong>ibi</strong></span> <span class='ocrx_word' id='word_1_332' title='bbox 2109 2838 2308 2891; x_wconf 84' lang='lat' dir='ltr'><strong>conci-</strong></span> 
     </span>
    </p>
   </div>
   <div class='ocr_carea' id='block_1_46' title="bbox 660 2927 2310 2997">
    <p class='ocr_par' dir='ltr' id='par_1_46' title="bbox 660 2927 2310 2997">
     <span class='ocr_line' id='line_1_46' title="bbox 660 2927 2310 2997; baseline -0.004 -11"><span class='ocrx_word' id='word_1_333' title='bbox 660 2932 801 2986; x_wconf 91' lang='lat' dir='ltr'><strong>lium</strong></span> <span class='ocrx_word' id='word_1_334' title='bbox 826 2929 1251 2985; x_wconf 80' lang='lat' dir='ltr'><strong>cecumenicum</strong></span> <span class='ocrx_word' id='word_1_335' title='bbox 1285 2929 1556 2996; x_wconf 81' lang='lat' dir='ltr'><strong>Lugduni</strong></span> <span class='ocrx_word' id='word_1_336' title='bbox 1591 2929 1926 2982; x_wconf 89' lang='lat' dir='ltr'><strong>celebraret.</strong></span> <span class='ocrx_word' id='word_1_337' title='bbox 1963 2927 2176 2997; x_wconf 65' lang='lat' dir='ltr'><strong>[P519]</strong></span> <span class='ocrx_word' id='word_1_338' title='bbox 2207 2927 2310 2980; x_wconf 82' lang='lat' dir='ltr'><strong>lla-</strong></span> 
     </span>
    </p>
   </div>
   <div class='ocr_carea' id='block_1_47' title="bbox 663 3015 2305 3086">
    <p class='ocr_par' dir='ltr' id='par_1_47' title="bbox 663 3015 2305 3086">
     <span class='ocr_line' id='line_1_47' title="bbox 663 3015 2305 3086; baseline -0.004 -11"><span class='ocrx_word' id='word_1_339' title='bbox 663 3022 848 3075; x_wconf 88' lang='lat' dir='ltr'><strong>bitum</strong></span> <span class='ocrx_word' id='word_1_340' title='bbox 884 3020 937 3072; x_wconf 92' lang='lat' dir='ltr'><strong>id</strong></span> <span class='ocrx_word' id='word_1_341' title='bbox 972 3019 1287 3072; x_wconf 90' lang='lat' dir='ltr'><strong>concilium</strong></span> <span class='ocrx_word' id='word_1_342' title='bbox 1321 3024 1409 3071; x_wconf 89' lang='lat' dir='ltr'><strong>est</strong></span> <span class='ocrx_word' id='word_1_343' title='bbox 1435 3033 1587 3071; x_wconf 89' lang='lat' dir='ltr'><strong>anno</strong></span> <span class='ocrx_word' id='word_1_344' title='bbox 1620 3015 1885 3086; x_wconf 87' lang='lat' dir='ltr'><strong>sequenti</strong></span> <span class='ocrx_word' id='word_1_345' title='bbox 1912 3015 2122 3070; x_wconf 73' lang='lat' dir='ltr'><strong>Christi</strong></span> <span class='ocrx_word' id='word_1_346' title='bbox 2150 3016 2305 3081; x_wconf 79' lang='grc'><strong>1274,</strong></span> 
     </span>
    </p>
   </div>
   <div class='ocr_carea' id='block_1_48' title="bbox 662 3091 2299 3180">
    <p class='ocr_par' dir='ltr' id='par_1_48' title="bbox 662 3091 2299 3180">
     <span class='ocr_line' id='line_1_48' title="bbox 662 3091 2299 3180; baseline -0.004 -17"><span class='ocrx_word' id='word_1_347' title='bbox 662 3116 947 3180; x_wconf 72' lang='lat' dir='ltr'><strong>praesente</strong></span> <span class='ocrx_word' id='word_1_348' title='bbox 976 3107 1093 3162; x_wconf 91' lang='lat' dir='ltr'><strong>illic</strong></span> <span class='ocrx_word' id='word_1_349' title='bbox 1119 3107 1412 3176; x_wconf 84' lang='lat' dir='ltr'><strong>pontifice,</strong></span> <span class='ocrx_word' id='word_1_350' title='bbox 1445 3091 1502 3160; x_wconf 86' lang='lat' dir='ltr'><strong>et</strong></span> <span class='ocrx_word' id='word_1_351' title='bbox 1551 3105 1758 3176; x_wconf 88' lang='lat' dir='ltr'><strong>legatis</strong></span> <span class='ocrx_word' id='word_1_352' title='bbox 1804 3104 2130 3159; x_wconf 71' lang='lat' dir='ltr'><strong>Grzccorum</strong></span> <span class='ocrx_word' id='word_1_353' title='bbox 2181 3106 2299 3174; x_wconf 90' lang='lat' dir='ltr'><strong>jam</strong></span> 
     </span>
    </p>
   </div>
   <div class='ocr_carea' id='block_1_49' title="bbox 660 3193 2302 3253">
    <p class='ocr_par' dir='ltr' id='par_1_49' title="bbox 660 3193 2302 3253">
     <span class='ocr_line' id='line_1_49' title="bbox 660 3193 2302 3253; baseline -0.004 0"><span class='ocrx_word' id='word_1_354' title='bbox 660 3215 794 3253; x_wconf 88' lang='lat' dir='ltr'><strong>cum</strong></span> <span class='ocrx_word' id='word_1_355' title='bbox 826 3196 1085 3252; x_wconf 83' lang='lat' dir='ltr'><strong>Ecclesia</strong></span> <span class='ocrx_word' id='word_1_356' title='bbox 1116 3197 1374 3251; x_wconf 74' lang='lat' dir='ltr'><strong>Romana</strong></span> <span class='ocrx_word' id='word_1_357' title='bbox 1405 3193 1846 3250; x_wconf 84' lang='lat' dir='ltr'><strong>conciliatoruui</strong></span> <span class='ocrx_word' id='word_1_358' title='bbox 1897 3193 2114 3248; x_wconf 89' lang='lat' dir='ltr'><strong>ibidem</strong></span> <span class='ocrx_word' id='word_1_359' title='bbox 2166 3210 2302 3248; x_wconf 83' lang='lat' dir='ltr'><strong>con-</strong></span> 
     </span>
    </p>
   </div>
   <div class='ocr_carea' id='block_1_50' title="bbox 657 3282 2305 3356">
    <p class='ocr_par' dir='ltr' id='par_1_50' title="bbox 657 3282 2305 3356">
     <span class='ocr_line' id='line_1_50' title="bbox 657 3282 2305 3356; baseline -0.002 -16"><span class='ocrx_word' id='word_1_360' title='bbox 657 3287 1019 3356; x_wconf 91' lang='lat' dir='ltr'><strong>parentibus.</strong></span> <span class='ocrx_word' id='word_1_361' title='bbox 1055 3285 1190 3348; x_wconf 66' lang='lat' dir='ltr'><strong>Quae</strong></span> <span class='ocrx_word' id='word_1_362' title='bbox 1213 3283 1546 3338; x_wconf 91' lang='lat' dir='ltr'><strong>conciliatio</strong></span> <span class='ocrx_word' id='word_1_363' title='bbox 1580 3300 1713 3338; x_wconf 92' lang='lat' dir='ltr'><strong>cum</strong></span> <span class='ocrx_word' id='word_1_364' title='bbox 1749 3299 1850 3353; x_wconf 88' lang='lat' dir='ltr'><strong>per</strong></span> <span class='ocrx_word' id='word_1_365' title='bbox 1878 3282 2028 3337; x_wconf 88' lang='lat' dir='ltr'><strong>hanc</strong></span> <span class='ocrx_word' id='word_1_366' title='bbox 2061 3282 2305 3352; x_wconf 83' lang='lat' dir='ltr'><strong>legatio—</strong></span> 
     </span>
    </p>
   </div>
   <div class='ocr_carea' id='block_1_51' title="bbox 657 3372 2303 3445">
    <p class='ocr_par' dir='ltr' id='par_1_51' title="bbox 657 3372 2303 3445">
     <span class='ocr_line' id='line_1_51' title="bbox 657 3372 2303 3445; baseline -0.002 -16"><span class='ocrx_word' id='word_1_367' title='bbox 657 3391 791 3429; x_wconf 88' lang='lat' dir='ltr'><strong>nem</strong></span> <span class='ocrx_word' id='word_1_368' title='bbox 830 3378 1160 3445; x_wconf 87' lang='lat' dir='ltr'><strong>perpetrata</strong></span> <span class='ocrx_word' id='word_1_369' title='bbox 1193 3373 1388 3438; x_wconf 86' lang='lat' dir='ltr'><strong>fuerit,</strong></span> <span class='ocrx_word' id='word_1_370' title='bbox 1413 3372 1650 3426; x_wconf 87' lang='lat' dir='ltr'><strong>evidens</strong></span> <span class='ocrx_word' id='word_1_371' title='bbox 1683 3381 1767 3425; x_wconf 88' lang='lat' dir='ltr'><strong>est</strong></span> <span class='ocrx_word' id='word_1_372' title='bbox 1799 3388 1924 3426; x_wconf 90' lang='lat' dir='ltr'><strong>eam</strong></span> <span class='ocrx_word' id='word_1_373' title='bbox 1978 3372 2140 3442; x_wconf 90' lang='lat' dir='ltr'><strong>prius</strong></span> <span class='ocrx_word' id='word_1_374' title='bbox 2180 3372 2303 3426; x_wconf 89' lang='lat' dir='ltr'><strong>obi-</strong></span> 
     </span>
    </p>
   </div>
   <div class='ocr_carea' id='block_1_52' title="bbox 656 3461 2301 3530">
    <p class='ocr_par' dir='ltr' id='par_1_52' title="bbox 656 3461 2301 3530">
     <span class='ocr_line' id='line_1_52' title="bbox 656 3461 2301 3530; baseline -0.002 -13"><span class='ocrx_word' id='word_1_375' title='bbox 656 3470 772 3518; x_wconf 87' lang='lat' dir='ltr'><strong>tam</strong></span> <span class='ocrx_word' id='word_1_376' title='bbox 809 3468 865 3516; x_wconf 91' lang='lat' dir='ltr'><strong>et</strong></span> <span class='ocrx_word' id='word_1_377' title='bbox 898 3463 1295 3516; x_wconf 89' lang='lat' dir='ltr'><strong>renuntiatam</strong></span> <span class='ocrx_word' id='word_1_378' title='bbox 1345 3461 1847 3530; x_wconf 89' lang='lat' dir='ltr'><strong>Constantinopoli</strong></span> <span class='ocrx_word' id='word_1_379' title='bbox 1897 3461 2074 3515; x_wconf 89' lang='lat' dir='ltr'><strong>fuisse</strong></span> <span class='ocrx_word' id='word_1_380' title='bbox 2125 3477 2301 3530; x_wconf 91' lang='lat' dir='ltr'><strong>quam</strong></span> 
     </span>
    </p>
   </div>
   <div class='ocr_carea' id='block_1_53' title="bbox 655 3550 2302 3622">
    <p class='ocr_par' dir='ltr' id='par_1_53' title="bbox 655 3550 2302 3622">
     <span class='ocr_line' id='line_1_53' title="bbox 655 3550 2302 3622; baseline -0.003 -14"><span class='ocrx_word' id='word_1_381' title='bbox 655 3569 823 3608; x_wconf 88' lang='lat' dir='ltr'><strong>sacra</strong></span> <span class='ocrx_word' id='word_1_382' title='bbox 853 3553 1112 3622; x_wconf 80' lang='lat' dir='ltr'><strong>synodus</strong></span> <span class='ocrx_word' id='word_1_383' title='bbox 1159 3550 1422 3622; x_wconf 92' lang='lat' dir='ltr'><strong>Lugduni</strong></span> <span class='ocrx_word' id='word_1_384' title='bbox 1461 3550 1855 3605; x_wconf 90' lang='lat' dir='ltr'><strong>inchoaretur.</strong></span> <span class='ocrx_word' id='word_1_385' title='bbox 1890 3550 2146 3614; x_wconf 77' lang='lat' dir='ltr'><strong>Quadrat</strong></span> <span class='ocrx_word' id='word_1_386' title='bbox 2200 3568 2302 3604; x_wconf 90' lang='lat' dir='ltr'><strong>au-</strong></span> 
     </span>
    </p>
   </div>
   <div class='ocr_carea' id='block_1_54' title="bbox 653 3642 2302 3713">
    <p class='ocr_par' dir='ltr' id='par_1_54' title="bbox 653 3642 2302 3713">
     <span class='ocr_line' id='line_1_54' title="bbox 653 3642 2302 3713; baseline -0.001 -14"><span class='ocrx_word' id='word_1_387' title='bbox 653 3651 770 3699; x_wconf 90' lang='lat' dir='ltr'><strong>tem</strong></span> <span class='ocrx_word' id='word_1_388' title='bbox 805 3647 975 3699; x_wconf 91' lang='lat' dir='ltr'><strong>unice</strong></span> <span class='ocrx_word' id='word_1_389' title='bbox 1007 3645 1074 3698; x_wconf 91' lang='lat' dir='ltr'><strong>ad</strong></span> <span class='ocrx_word' id='word_1_390' title='bbox 1114 3644 1219 3698; x_wconf 90' lang='lat' dir='ltr'><strong>hoc</strong></span> <span class='ocrx_word' id='word_1_391' title='bbox 1251 3643 1448 3713; x_wconf 89' lang='lat' dir='ltr'><strong>ipsum</strong></span> <span class='ocrx_word' id='word_1_392' title='bbox 1490 3643 1791 3696; x_wconf 88' lang='lat' dir='ltr'><strong>character</strong></span> <span class='ocrx_word' id='word_1_393' title='bbox 1824 3643 1929 3697; x_wconf 94' lang='lat' dir='ltr'><strong>hoc</strong></span> <span class='ocrx_word' id='word_1_394' title='bbox 1979 3642 2102 3697; x_wconf 89' lang='lat' dir='ltr'><strong>loco</strong></span> <span class='ocrx_word' id='word_1_395' title='bbox 2151 3645 2302 3698; x_wconf 90' lang='lat' dir='ltr'><strong>indi-</strong></span> 
     </span>
    </p>
   </div>
   <div class='ocr_carea' id='block_1_55' title="bbox 651 3731 2301 3803">
    <p class='ocr_par' dir='ltr' id='par_1_55' title="bbox 651 3731 2301 3803">
     <span class='ocr_line' id='line_1_55' title="bbox 651 3731 2301 3803; baseline 0 -15"><span class='ocrx_word' id='word_1_396' title='bbox 651 3738 818 3788; x_wconf 89' lang='lat' dir='ltr'><strong>catus</strong></span> <span class='ocrx_word' id='word_1_397' title='bbox 854 3732 1006 3787; x_wconf 70' lang='lat' dir='ltr'><strong>feriaa</strong></span> <span class='ocrx_word' id='word_1_398' title='bbox 1039 3732 1263 3803; x_wconf 73' lang='lat' dir='ltr'><strong>quintae</strong></span> <span class='ocrx_word' id='word_1_399' title='bbox 1300 3732 1543 3800; x_wconf 79' lang='lat' dir='ltr'><strong>majoris</strong></span> <span class='ocrx_word' id='word_1_400' title='bbox 1576 3731 1958 3786; x_wconf 71' lang='lat' dir='ltr'><strong>hebdomadas</strong></span> <span class='ocrx_word' id='word_1_401' title='bbox 1989 3732 2301 3788; x_wconf 87' lang='lat' dir='ltr'><strong>incidentis</strong></span> 
     </span>
    </p>
   </div>
   <div class='ocr_carea' id='block_1_56' title="bbox 652 3821 2300 3891">
    <p class='ocr_par' dir='ltr' id='par_1_56' title="bbox 652 3821 2300 3891">
     <span class='ocr_line' id='line_1_56' title="bbox 652 3821 2300 3891; baseline 0 -14"><span class='ocrx_word' id='word_1_402' title='bbox 652 3825 710 3877; x_wconf 90' lang='lat' dir='ltr'><strong>in</strong></span> <span class='ocrx_word' id='word_1_403' title='bbox 773 3827 1100 3891; x_wconf 88' lang='lat' dir='ltr'><strong>postremos</strong></span> <span class='ocrx_word' id='word_1_404' title='bbox 1134 3821 1256 3874; x_wconf 86' lang='lat' dir='ltr'><strong>dies</strong></span> <span class='ocrx_word' id='word_1_405' title='bbox 1311 3821 1549 3884; x_wconf 87' lang='lat' dir='ltr'><strong>Martii,</strong></span> <span class='ocrx_word' id='word_1_406' title='bbox 1609 3821 1899 3891; x_wconf 88' lang='lat' dir='ltr'><strong>siquidem</strong></span> <span class='ocrx_word' id='word_1_407' title='bbox 1960 3821 2048 3874; x_wconf 89' lang='lat' dir='ltr'><strong>hic</strong></span> <span class='ocrx_word' id='word_1_408' title='bbox 2109 3839 2300 3878; x_wconf 91' lang='lat' dir='ltr'><strong>annus</strong></span> 
     </span>
    </p>
   </div>
   <div class='ocr_carea' id='block_1_57' title="bbox 648 3909 2296 3982">
    <p class='ocr_par' dir='ltr' id='par_1_57' title="bbox 648 3909 2296 3982">
     <span class='ocr_line' id='line_1_57' title="bbox 648 3909 2296 3982; baseline 0.001 -18"><span class='ocrx_word' id='word_1_409' title='bbox 648 3910 866 3965; x_wconf 88' lang='lat' dir='ltr'><strong>Christi</strong></span> <span class='ocrx_word' id='word_1_410' title='bbox 910 3911 1049 3964; x_wconf 86' lang='grc'><strong>1273</strong></span> <span class='ocrx_word' id='word_1_411' title='bbox 1111 3910 1219 3964; x_wconf 86' lang='lat' dir='ltr'><strong>fuit</strong></span> <span class='ocrx_word' id='word_1_412' title='bbox 1279 3909 1500 3980; x_wconf 90' lang='lat' dir='ltr'><strong>periodi</strong></span> <span class='ocrx_word' id='word_1_413' title='bbox 1558 3909 1801 3962; x_wconf 74' lang='lat' dir='ltr'><strong>Julianrc</strong></span> <span class='ocrx_word' id='word_1_414' title='bbox 1858 3909 2020 3974; x_wconf 84' lang='lat'><strong>5986,</strong></span> <span class='ocrx_word' id='word_1_415' title='bbox 2071 3911 2296 3982; x_wconf 87' lang='lat' dir='ltr'><strong>cyclum</strong></span> 
     </span>
    </p>
   </div>
   <div class='ocr_carea' id='block_1_58' title="bbox 647 3996 2294 4069">
    <p class='ocr_par' dir='ltr' id='par_1_58' title="bbox 647 3996 2294 4069">
     <span class='ocr_line' id='line_1_58' title="bbox 647 3996 2294 4069; baseline -0.001 -15"><span class='ocrx_word' id='word_1_416' title='bbox 647 3999 792 4054; x_wconf 86' lang='lat' dir='ltr'><strong>solis</strong></span> <span class='ocrx_word' id='word_1_417' title='bbox 823 3999 1047 4054; x_wconf 88' lang='lat' dir='ltr'><strong>habens</strong></span> <span class='ocrx_word' id='word_1_418' title='bbox 1073 3997 1397 4069; x_wconf 79' lang='lat' dir='ltr'><strong>‘22,cyclum</strong></span> <span class='ocrx_word' id='word_1_419' title='bbox 1426 4013 1557 4052; x_wconf 90' lang='lat' dir='ltr'><strong>vero</strong></span> <span class='ocrx_word' id='word_1_420' title='bbox 1589 3996 1740 4051; x_wconf 78' lang='lat' dir='ltr'><strong>lunae</strong></span> <span class='ocrx_word' id='word_1_421' title='bbox 1769 3998 1886 4051; x_wconf 82' lang='lat' dir='ltr'><strong>sive</strong></span> <span class='ocrx_word' id='word_1_422' title='bbox 1911 4015 2153 4052; x_wconf 90' lang='lat' dir='ltr'><strong>aureum</strong></span> <span class='ocrx_word' id='word_1_423' title='bbox 2188 4017 2294 4053; x_wconf 90' lang='lat' dir='ltr'><strong>nu-</strong></span> 
     </span>
    </p>
   </div>
   <div class='ocr_carea' id='block_1_59' title="bbox 650 4086 2295 4156">
    <p class='ocr_par' dir='ltr' id='par_1_59' title="bbox 650 4086 2295 4156">
     <span class='ocr_line' id='line_1_59' title="bbox 650 4086 2295 4156; baseline 0 -13"><span class='ocrx_word' id='word_1_424' title='bbox 650 4104 877 4143; x_wconf 88' lang='lat' dir='ltr'><strong>merum</strong></span> <span class='ocrx_word' id='word_1_425' title='bbox 911 4089 966 4154; x_wconf 90' lang='grc'><strong>2,</strong></span> <span class='ocrx_word' id='word_1_426' title='bbox 1001 4086 1260 4141; x_wconf 88' lang='lat' dir='ltr'><strong>litteram</strong></span> <span class='ocrx_word' id='word_1_427' title='bbox 1298 4087 1649 4141; x_wconf 89' lang='lat' dir='ltr'><strong>Domicalem</strong></span> <span class='ocrx_word' id='word_1_428' title='bbox 1683 4092 1756 4140; x_wconf 82' lang='lat' dir='ltr'><strong>A:</strong></span> <span class='ocrx_word' id='word_1_429' title='bbox 1807 4103 1933 4156; x_wconf 68' lang='lat' dir='ltr'><strong>qua:</strong></span> <span class='ocrx_word' id='word_1_430' title='bbox 1993 4095 2140 4142; x_wconf 65' lang='lat' dir='ltr'><strong>notas</strong></span> <span class='ocrx_word' id='word_1_431' title='bbox 2188 4089 2295 4143; x_wconf 85' lang='lat' dir='ltr'><strong>Pa-</strong></span> 
     </span>
    </p>
   </div>
   <div class='ocr_carea' id='block_1_60' title="bbox 646 4175 2295 4247">
    <p class='ocr_par' dir='ltr' id='par_1_60' title="bbox 646 4175 2295 4247">
     <span class='ocr_line' id='line_1_60' title="bbox 646 4175 2295 4247; baseline 0 -15"><span class='ocrx_word' id='word_1_432' title='bbox 646 4177 789 4232; x_wconf 88' lang='lat' dir='ltr'><strong>sclia</strong></span> <span class='ocrx_word' id='word_1_433' title='bbox 821 4175 980 4231; x_wconf 90' lang='lat' dir='ltr'><strong>illius</strong></span> <span class='ocrx_word' id='word_1_434' title='bbox 1015 4177 1153 4231; x_wconf 91' lang='lat' dir='ltr'><strong>anni</strong></span> <span class='ocrx_word' id='word_1_435' title='bbox 1189 4177 1456 4246; x_wconf 80' lang='lat' dir='ltr'><strong>defigunt</strong></span> <span class='ocrx_word' id='word_1_436' title='bbox 1486 4175 1544 4230; x_wconf 92' lang='lat' dir='ltr'><strong>in</strong></span> <span class='ocrx_word' id='word_1_437' title='bbox 1570 4177 1636 4228; x_wconf 82' lang='lat'>26</span> <span class='ocrx_word' id='word_1_438' title='bbox 1665 4175 1877 4230; x_wconf 86' lang='lat' dir='ltr'><strong>Martii.</strong></span> <span class='ocrx_word' id='word_1_439' title='bbox 1902 4176 2030 4231; x_wconf 84' lang='lat' dir='ltr'><strong>Fuit</strong></span> <span class='ocrx_word' id='word_1_440' title='bbox 2055 4193 2191 4247; x_wconf 89' lang='lat' dir='ltr'><strong>ergo</strong></span> <span class='ocrx_word' id='word_1_441' title='bbox 2215 4179 2295 4232; x_wconf 88' lang='lat' dir='ltr'><strong>fe-</strong></span> 
     </span>
    </p>
   </div>
   <div class='ocr_carea' id='block_1_61' title="bbox 645 4265 2294 4337">
    <p class='ocr_par' dir='ltr' id='par_1_61' title="bbox 645 4265 2294 4337">
     <span class='ocr_line' id='line_1_61' title="bbox 645 4265 2294 4337; baseline 0.001 -16"><span class='ocrx_word' id='word_1_442' title='bbox 645 4267 731 4321; x_wconf 88' lang='lat' dir='ltr'><strong>ria</strong></span> <span class='ocrx_word' id='word_1_443' title='bbox 763 4267 968 4337; x_wconf 86' lang='lat' dir='ltr'><strong>quinta</strong></span> <span class='ocrx_word' id='word_1_444' title='bbox 997 4266 1053 4319; x_wconf 90' lang='lat' dir='ltr'><strong>in</strong></span> <span class='ocrx_word' id='word_1_445' title='bbox 1089 4268 1260 4320; x_wconf 79' lang='lat' dir='ltr'><strong>Ccena</strong></span> <span class='ocrx_word' id='word_1_446' title='bbox 1297 4265 1522 4319; x_wconf 84' lang='lat' dir='ltr'><strong>Domini</strong></span> <span class='ocrx_word' id='word_1_447' title='bbox 1557 4266 1648 4320; x_wconf 91' lang='lat' dir='ltr'><strong>die</strong></span> <span class='ocrx_word' id='word_1_448' title='bbox 1679 4266 1749 4318; x_wconf 89' lang='grc'>23</span> <span class='ocrx_word' id='word_1_449' title='bbox 1781 4265 1975 4319; x_wconf 87' lang='lat' dir='ltr'><strong>Martii</strong></span> <span class='ocrx_word' id='word_1_450' title='bbox 2007 4268 2294 4334; x_wconf 85' lang='lat' dir='ltr'><strong>ejusdem.</strong></span> 
     </span>
    </p>
   </div>
   <div class='ocr_carea' id='block_1_62' title="bbox 641 4351 2292 4424">
    <p class='ocr_par' dir='ltr' id='par_1_62' title="bbox 641 4351 2292 4424">
     <span class='ocr_line' id='line_1_62' title="bbox 641 4351 2292 4424; baseline 0 -13"><span class='ocrx_word' id='word_1_451' title='bbox 641 4351 830 4420; x_wconf 81' lang='lat' dir='ltr'><strong>Quare</strong></span> <span class='ocrx_word' id='word_1_452' title='bbox 852 4371 1027 4409; x_wconf 85' lang='lat' dir='ltr'><strong>verax</strong></span> <span class='ocrx_word' id='word_1_453' title='bbox 1041 4361 1096 4408; x_wconf 90' lang='lat' dir='ltr'><strong>et</strong></span> <span class='ocrx_word' id='word_1_454' title='bbox 1117 4359 1316 4408; x_wconf 88' lang='lat' dir='ltr'><strong>exacta</strong></span> <span class='ocrx_word' id='word_1_455' title='bbox 1334 4353 1793 4424; x_wconf 83' lang='lat' dir='ltr'><strong>deprehenditur</strong></span> <span class='ocrx_word' id='word_1_456' title='bbox 1811 4354 2071 4409; x_wconf 89' lang='lat' dir='ltr'><strong>historici</strong></span> <span class='ocrx_word' id='word_1_457' title='bbox 2095 4372 2292 4411; x_wconf 89' lang='lat' dir='ltr'><strong>narra-</strong></span> 
     </span>
    </p>
   </div>
   <div class='ocr_carea' id='block_1_63' title="bbox 643 4442 1894 4513">
    <p class='ocr_par' dir='ltr' id='par_1_63' title="bbox 643 4442 1894 4513">
     <span class='ocr_line' id='line_1_63' title="bbox 643 4442 1894 4513; baseline -0.002 -13"><span class='ocrx_word' id='word_1_458' title='bbox 643 4443 747 4513; x_wconf 91' lang='lat' dir='ltr'><strong>tio,</strong></span> <span class='ocrx_word' id='word_1_459' title='bbox 782 4447 839 4500; x_wconf 85' lang='lat' dir='ltr'><strong>et</strong></span> <span class='ocrx_word' id='word_1_460' title='bbox 864 4442 1235 4512; x_wconf 80' lang='lat' dir='ltr'><strong>chronologia</strong></span> <span class='ocrx_word' id='word_1_461' title='bbox 1269 4449 1468 4496; x_wconf 89' lang='lat' dir='ltr'><strong>nostra</strong></span> <span class='ocrx_word' id='word_1_462' title='bbox 1492 4443 1894 4498; x_wconf 87' lang='lat' dir='ltr'><strong>confirmatur.</strong></span> 
     </span>
    </p>
   </div>
   <div class='ocr_carea' id='block_1_64' title="bbox 1187 4602 1756 4660">
    <p class='ocr_par' dir='ltr' id='par_1_64' title="bbox 1187 4602 1756 4660">
     <span class='ocr_line' id='line_1_64' title="bbox 1187 4602 1756 4660; baseline 0.004 -3"><span class='ocrx_word' id='word_1_463' title='bbox 1187 4604 1332 4659; x_wconf 74' lang='lat'><strong>735</strong></span> <span class='ocrx_word' id='word_1_464' title='bbox 1369 4602 1600 4659; x_wconf 79' lang='lat' dir='ltr'><strong>CAPUT</strong></span> <span class='ocrx_word' id='word_1_465' title='bbox 1636 4605 1756 4660; x_wconf 87' lang='lat' dir='ltr'><strong>VII.</strong></span> 
     </span>
    </p>
   </div>
   <div class='ocr_carea' id='block_1_65' title="bbox 648 4709 2297 4784">
    <p class='ocr_par' dir='ltr' id='par_1_65' title="bbox 648 4709 2297 4784">
     <span class='ocr_line' id='line_1_65' title="bbox 648 4709 2297 4784; baseline 0.004 -17"><span class='ocrx_word' id='word_1_466' title='bbox 648 4717 723 4767; x_wconf 82' lang='lat' dir='ltr'><strong>De</strong></span> <span class='ocrx_word' id='word_1_467' title='bbox 755 4709 954 4782; x_wconf 80' lang='lat' dir='ltr'><strong>eclipsi</strong></span> <span class='ocrx_word' id='word_1_468' title='bbox 994 4709 1132 4784; x_wconf 75' lang='lat' dir='ltr'><strong>solis</strong></span> <span class='ocrx_word' id='word_1_469' title='bbox 1164 4727 1196 4764; x_wconf 93' lang='lat' dir='ltr'><strong>a</strong></span> <span class='ocrx_word' id='word_1_470' title='bbox 1222 4713 1468 4784; x_wconf 81' lang='lat' dir='ltr'><strong>Gregora</strong></span> <span class='ocrx_word' id='word_1_471' title='bbox 1500 4716 1856 4784; x_wconf 64' lang='lat' dir='ltr'><strong>7memorata,</strong></span> <span class='ocrx_word' id='word_1_472' title='bbox 1891 4731 2001 4784; x_wconf 85' lang='lat' dir='ltr'><strong>qua</strong></span> <span class='ocrx_word' id='word_1_473' title='bbox 2048 4718 2297 4774; x_wconf 83' lang='lat' dir='ltr'><strong>stabilita</strong></span> 
     </span>
    </p>
   </div>
   <div class='ocr_carea' id='block_1_66' title="bbox 985 4781 1950 4855">
    <p class='ocr_par' dir='ltr' id='par_1_66' title="bbox 985 4781 1950 4855">
     <span class='ocr_line' id='line_1_66' title="bbox 985 4781 1950 4855; baseline 0.004 -20"><span class='ocrx_word' id='word_1_474' title='bbox 985 4783 1245 4838; x_wconf 81' lang='lat' dir='ltr'><strong>hactenus</strong></span> <span class='ocrx_word' id='word_1_475' title='bbox 1274 4781 1634 4854; x_wconf 83' lang='lat' dir='ltr'><strong>chronologia</strong></span> <span class='ocrx_word' id='word_1_476' title='bbox 1668 4781 1950 4855; x_wconf 76' lang='lat' dir='ltr'><strong>ﬁrmatur.</strong></span> 
     </span>
    </p>
   </div>
   <div class='ocr_carea' id='block_1_67' title="bbox 714 4925 2298 4998">
    <p class='ocr_par' dir='ltr' id='par_1_67' title="bbox 714 4925 2298 4998">
     <span class='ocr_line' id='line_1_67' title="bbox 714 4925 2298 4998; baseline 0.005 -18"><span class='ocrx_word' id='word_1_477' title='bbox 714 4927 755 4981; x_wconf 92' lang='grc' dir='ltr'><strong>Ι.</strong></span> <span class='ocrx_word' id='word_1_478' title='bbox 813 4926 1110 4981; x_wconf 88' lang='lat' dir='ltr'><strong>Hactenus</strong></span> <span class='ocrx_word' id='word_1_479' title='bbox 1159 4925 1602 4998; x_wconf 90' lang='lat' dir='ltr'><strong>chronologiam</strong></span> <span class='ocrx_word' id='word_1_480' title='bbox 1651 4937 1911 4985; x_wconf 87' lang='lat' dir='ltr'><strong>nostram</strong></span> <span class='ocrx_word' id='word_1_481' title='bbox 1958 4930 2232 4988; x_wconf 85' lang='lat' dir='ltr'><strong>indicatis</strong></span> <span class='ocrx_word' id='word_1_482' title='bbox 2265 4950 2298 4988; x_wconf 89' lang='lat' dir='ltr'><strong>a</strong></span> 
     </span>
    </p>
   </div>
   <div class='ocr_carea' id='block_1_68' title="bbox 640 5015 2295 5090">
    <p class='ocr_par' dir='ltr' id='par_1_68' title="bbox 640 5015 2295 5090">
     <span class='ocr_line' id='line_1_68' title="bbox 640 5015 2295 5090; baseline 0.004 -19"><span class='ocrx_word' id='word_1_483' title='bbox 640 5016 998 5088; x_wconf 84' lang='lat' dir='ltr'><strong>Pachymerc</strong></span> <span class='ocrx_word' id='word_1_484' title='bbox 1029 5015 1805 5088; x_wconf 84' lang='lat' dir='ltr'><strong>characteribus,quantum</strong></span> <span class='ocrx_word' id='word_1_485' title='bbox 1841 5019 2025 5090; x_wconf 87' lang='lat' dir='ltr'><strong>licuit,</strong></span> <span class='ocrx_word' id='word_1_486' title='bbox 2047 5023 2295 5078; x_wconf 88' lang='lat' dir='ltr'><strong>munivi-</strong></span> 
     </span>
    </p>
   </div>
   <div class='ocr_carea' id='block_1_69' title="bbox 646 5106 2295 5182">
    <p class='ocr_par' dir='ltr' id='par_1_69' title="bbox 646 5106 2295 5182">
     <span class='ocr_line' id='line_1_69' title="bbox 646 5106 2295 5182; baseline 0.004 -22"><span class='ocrx_word' id='word_1_487' title='bbox 646 5123 799 5160; x_wconf 92' lang='lat' dir='ltr'><strong>mus.</strong></span> <span class='ocrx_word' id='word_1_488' title='bbox 832 5110 955 5160; x_wconf 85' lang='lat' dir='ltr'><strong>Non</strong></span> <span class='ocrx_word' id='word_1_489' title='bbox 979 5111 1067 5159; x_wconf 88' lang='lat' dir='ltr'><strong>est</strong></span> <span class='ocrx_word' id='word_1_490' title='bbox 1091 5110 1283 5160; x_wconf 87' lang='lat' dir='ltr'><strong>autem</strong></span> <span class='ocrx_word' id='word_1_491' title='bbox 1307 5106 1659 5178; x_wconf 86' lang='lat' dir='ltr'><strong>negligenda</strong></span> <span class='ocrx_word' id='word_1_492' title='bbox 1682 5111 2094 5181; x_wconf 89' lang='lat' dir='ltr'><strong>opportunitas</strong></span> <span class='ocrx_word' id='word_1_493' title='bbox 2117 5129 2295 5182; x_wconf 89' lang='lat' dir='ltr'><strong>quam</strong></span> 
     </span>
    </p>
   </div>
   <div class='ocr_carea' id='block_1_70' title="bbox 643 5195 2295 5272">
    <p class='ocr_par' dir='ltr' id='par_1_70' title="bbox 643 5195 2295 5272">
     <span class='ocr_line' id='line_1_70' title="bbox 643 5195 2295 5272; baseline 0.004 -22"><span class='ocrx_word' id='word_1_494' title='bbox 643 5196 815 5250; x_wconf 90' lang='lat' dir='ltr'><strong>nobis</strong></span> <span class='ocrx_word' id='word_1_495' title='bbox 847 5195 1164 5266; x_wconf 89' lang='lat' dir='ltr'><strong>benignam</strong></span> <span class='ocrx_word' id='word_1_496' title='bbox 1199 5197 1369 5250; x_wconf 69' lang='lat' dir='ltr'><strong>offert</strong></span> <span class='ocrx_word' id='word_1_497' title='bbox 1397 5195 1651 5268; x_wconf 90' lang='lat' dir='ltr'><strong>insignis</strong></span> <span class='ocrx_word' id='word_1_498' title='bbox 1686 5198 1993 5270; x_wconf 77' lang='lat' dir='ltr'><strong>Nicephori</strong></span> <span class='ocrx_word' id='word_1_499' title='bbox 2029 5200 2295 5272; x_wconf 64' lang='lat' dir='ltr'><strong>Gregoras</strong></span> 
     </span>
    </p>
   </div>
   <div class='ocr_carea' id='block_1_71' title="bbox 643 5285 2294 5356">
    <p class='ocr_par' dir='ltr' id='par_1_71' title="bbox 643 5285 2294 5356">
     <span class='ocr_line' id='line_1_71' title="bbox 643 5285 2294 5356; baseline 0.004 -18"><span class='ocrx_word' id='word_1_500' title='bbox 643 5285 809 5340; x_wconf 92' lang='lat' dir='ltr'><strong>locus</strong></span> <span class='ocrx_word' id='word_1_501' title='bbox 837 5286 1102 5355; x_wconf 84' lang='lat' dir='ltr'><strong>ejusdem</strong></span> <span class='ocrx_word' id='word_1_502' title='bbox 1135 5287 1357 5340; x_wconf 75' lang='lat' dir='ltr'><strong>caelesti</strong></span> <span class='ocrx_word' id='word_1_503' title='bbox 1391 5302 1622 5356; x_wconf 78' lang='lat' dir='ltr'><strong>qucque</strong></span> <span class='ocrx_word' id='word_1_504' title='bbox 1652 5287 1862 5343; x_wconf 88' lang='lat' dir='ltr'><strong>solaris</strong></span> <span class='ocrx_word' id='word_1_505' title='bbox 1907 5291 2145 5344; x_wconf 87' lang='lat' dir='ltr'><strong>maximi</strong></span> <span class='ocrx_word' id='word_1_506' title='bbox 2196 5291 2294 5346; x_wconf 91' lang='lat' dir='ltr'><strong>de-</strong></span> 
     </span>
    </p>
   </div>
   <div class='ocr_carea' id='block_1_72' title="bbox 640 5374 2295 5446">
    <p class='ocr_par' dir='ltr' id='par_1_72' title="bbox 640 5374 2295 5446">
     <span class='ocr_line' id='line_1_72' title="bbox 640 5374 2295 5446; baseline 0.005 -19"><span class='ocrx_word' id='word_1_507' title='bbox 640 5374 808 5445; x_wconf 92' lang='lat' dir='ltr'><strong>liquii</strong></span> <span class='ocrx_word' id='word_1_508' title='bbox 842 5376 1120 5446; x_wconf 82' lang='lat' dir='ltr'><strong>sullragio</strong></span> <span class='ocrx_word' id='word_1_509' title='bbox 1155 5375 1514 5429; x_wconf 72' lang='lat' dir='ltr'><strong>roborandaa.</strong></span> <span class='ocrx_word' id='word_1_510' title='bbox 1543 5377 1758 5431; x_wconf 91' lang='lat' dir='ltr'><strong>Scribit</strong></span> <span class='ocrx_word' id='word_1_511' title='bbox 1788 5377 1838 5432; x_wconf 89' lang='lat' dir='ltr'><strong>is</strong></span> <span class='ocrx_word' id='word_1_512' title='bbox 1866 5385 2071 5434; x_wconf 89' lang='lat' dir='ltr'><strong>auctor</strong></span> <span class='ocrx_word' id='word_1_513' title='bbox 2100 5381 2295 5436; x_wconf 83' lang='lat' dir='ltr'><strong>Histo-</strong></span> 
     </span>
    </p>
   </div>
   <div class='ocr_carea' id='block_1_73' title="bbox 638 5466 2298 5539">
    <p class='ocr_par' dir='ltr' id='par_1_73' title="bbox 638 5466 2298 5539">
     <span class='ocr_line' id='line_1_73' title="bbox 638 5466 2298 5539; baseline 0.004 -19"><span class='ocrx_word' id='word_1_514' title='bbox 638 5466 735 5520; x_wconf 70' lang='lat' dir='ltr'><strong>riae</strong></span> <span class='ocrx_word' id='word_1_515' title='bbox 763 5483 882 5521; x_wconf 74' lang='lat' dir='ltr'><strong>suae</strong></span> <span class='ocrx_word' id='word_1_516' title='bbox 911 5468 944 5520; x_wconf 90' lang='lat' dir='ltr'><strong>l.</strong></span> <span class='ocrx_word' id='word_1_517' title='bbox 978 5484 1053 5534; x_wconf 89' lang='lat' dir='ltr'><strong>iv,</strong></span> <span class='ocrx_word' id='word_1_518' title='bbox 1087 5484 1140 5537; x_wconf 91' lang='lat' dir='ltr'><strong>p.</strong></span> <span class='ocrx_word' id='word_1_519' title='bbox 1175 5467 1239 5520; x_wconf 87' lang='grc'><strong>51</strong></span> <span class='ocrx_word' id='word_1_520' title='bbox 1276 5467 1366 5519; x_wconf 94' lang='lat' dir='ltr'><strong>ed.</strong></span> <span class='ocrx_word' id='word_1_521' title='bbox 1407 5467 1607 5533; x_wconf 90' lang='lat' dir='ltr'><strong>Basil.,</strong></span> <span class='ocrx_word' id='word_1_522' title='bbox 1663 5474 1976 5539; x_wconf 90' lang='lat' dir='ltr'><strong>postquam</strong></span> <span class='ocrx_word' id='word_1_523' title='bbox 2040 5472 2298 5527; x_wconf 89' lang='lat' dir='ltr'><strong>narravit</strong></span> 
     </span>
    </p>
   </div>
   <div class='ocr_carea' id='block_1_74' title="bbox 637 5555 2292 5632">
    <p class='ocr_par' dir='ltr' id='par_1_74' title="bbox 637 5555 2292 5632">
     <span class='ocr_line' id='line_1_74' title="bbox 637 5555 2292 5632; baseline 0.004 -22"><span class='ocrx_word' id='word_1_524' title='bbox 637 5556 1071 5611; x_wconf 89' lang='lat' dir='ltr'><strong>abdicationem</strong></span> <span class='ocrx_word' id='word_1_525' title='bbox 1107 5555 1404 5625; x_wconf 83' lang='lat' dir='ltr'><strong>Germani,</strong></span> <span class='ocrx_word' id='word_1_526' title='bbox 1436 5557 1677 5629; x_wconf 87' lang='lat' dir='ltr'><strong>Josephi</strong></span> <span class='ocrx_word' id='word_1_527' title='bbox 1724 5559 2201 5632; x_wconf 82' lang='lat' dir='ltr'><strong>subragationem</strong></span> <span class='ocrx_word' id='word_1_528' title='bbox 2237 5563 2292 5618; x_wconf 90' lang='lat' dir='ltr'><strong>in</strong></span> 
     </span>
    </p>
   </div>
   <div class='ocr_carea' id='block_1_75' title="bbox 636 5647 2293 5722">
    <p class='ocr_par' dir='ltr' id='par_1_75' title="bbox 636 5647 2293 5722">
     <span class='ocr_line' id='line_1_75' title="bbox 636 5647 2293 5722; baseline 0.006 -21"><span class='ocrx_word' id='word_1_529' title='bbox 636 5648 766 5720; x_wconf 89' lang='lat' dir='ltr'><strong>ejus</strong></span> <span class='ocrx_word' id='word_1_530' title='bbox 798 5647 1083 5714; x_wconf 89' lang='lat' dir='ltr'><strong>locum,et</strong></span> <span class='ocrx_word' id='word_1_531' title='bbox 1110 5648 1182 5702; x_wconf 91' lang='lat' dir='ltr'><strong>ab</strong></span> <span class='ocrx_word' id='word_1_532' title='bbox 1215 5647 1324 5702; x_wconf 90' lang='lat' dir='ltr'><strong>hoc</strong></span> <span class='ocrx_word' id='word_1_533' title='bbox 1348 5647 1634 5703; x_wconf 69' lang='lat' dir='ltr'><strong>indultum</strong></span> <span class='ocrx_word' id='word_1_534' title='bbox 1660 5648 2000 5722; x_wconf 80' lang='lat' dir='ltr'><strong>imperatori</strong></span> <span class='ocrx_word' id='word_1_535' title='bbox 2024 5653 2293 5710; x_wconf 84' lang='lat' dir='ltr'><strong>Michaeli</strong></span> 
     </span>
    </p>
   </div>
   <div class='ocr_carea' id='block_1_76' title="bbox 2327 4500 2374 4560">
    <p class='ocr_par' dir='ltr' id='par_1_76' title="bbox 2327 4500 2374 4560">
     <span class='ocr_line' id='line_1_76' title="bbox 2327 4500 2374 4560; baseline 0 0"><span class='ocrx_word' id='word_1_536' title='bbox 2327 4500 2374 4560; x_wconf 90' lang='lat' dir='ltr'><strong>D</strong></span> 
     </span>
    </p>
   </div>
   <div class='ocr_carea' id='block_1_77' title="bbox 2416 1866 4082 1942">
    <p class='ocr_par' dir='ltr' id='par_1_77' title="bbox 2416 1866 4082 1942">
     <span class='ocr_line' id='line_1_77' title="bbox 2416 1866 4082 1942; baseline 0.007 -28"><span class='ocrx_word' id='word_1_537' title='bbox 2416 1866 2622 1914; x_wconf 87' lang='lat' dir='ltr'><strong>terram</strong></span> <span class='ocrx_word' id='word_1_538' title='bbox 2670 1866 3032 1930; x_wconf 71' lang='lat' dir='ltr'><strong>exstiterunt,</strong></span> <span class='ocrx_word' id='word_1_539' title='bbox 3082 1875 3142 1920; x_wconf 86' lang='lat' dir='ltr'><strong>ut</strong></span> <span class='ocrx_word' id='word_1_540' title='bbox 3170 1869 3432 1922; x_wconf 64' lang='lat' dir='ltr'><strong>etmullz</strong></span> <span class='ocrx_word' id='word_1_541' title='bbox 3478 1871 3772 1924; x_wconf 77' lang='lat' dir='ltr'><strong>stellarum</strong></span> <span class='ocrx_word' id='word_1_542' title='bbox 3829 1889 4082 1942; x_wconf 77' lang='lat' dir='ltr'><strong>appare-</strong></span> 
     </span>
    </p>
   </div>
   <div class='ocr_carea' id='block_1_78' title="bbox 2417 1951 4083 2029">
    <p class='ocr_par' dir='ltr' id='par_1_78' title="bbox 2417 1951 4083 2029">
     <span class='ocr_line' id='line_1_78' title="bbox 2417 1951 4083 2029; baseline 0.008 -27"><span class='ocrx_word' id='word_1_543' title='bbox 2417 1955 2556 2005; x_wconf 83' lang='lat' dir='ltr'><strong>rent.</strong></span> <span class='ocrx_word' id='word_1_544' title='bbox 2593 1951 2679 2004; x_wconf 92' lang='lat' dir='ltr'><strong>Ita</strong></span> <span class='ocrx_word' id='word_1_545' title='bbox 2708 1955 2994 2023; x_wconf 89' lang='lat' dir='ltr'><strong>Gregoras</strong></span> <span class='ocrx_word' id='word_1_546' title='bbox 3025 1954 3307 2010; x_wconf 82' lang='lat' dir='ltr'><strong>describit</strong></span> <span class='ocrx_word' id='word_1_547' title='bbox 3357 1958 3650 2029; x_wconf 91' lang='lat' dir='ltr'><strong>insignem</strong></span> <span class='ocrx_word' id='word_1_548' title='bbox 3713 1976 3958 2029; x_wconf 90' lang='lat' dir='ltr'><strong>prorsus</strong></span> <span class='ocrx_word' id='word_1_549' title='bbox 4020 1967 4083 2016; x_wconf 88' lang='lat' dir='ltr'><strong>et</strong></span> 
     </span>
    </p>
   </div>
   <div class='ocr_carea' id='block_1_79' title="bbox 2418 2038 4076 2118">
    <p class='ocr_par' dir='ltr' id='par_1_79' title="bbox 2418 2038 4076 2118">
     <span class='ocr_line' id='line_1_79' title="bbox 2418 2038 4076 2118; baseline 0.006 -26"><span class='ocrx_word' id='word_1_550' title='bbox 2418 2038 2768 2093; x_wconf 89' lang='lat' dir='ltr'><strong>horrendam</strong></span> <span class='ocrx_word' id='word_1_551' title='bbox 2821 2041 2960 2095; x_wconf 88' lang='lat' dir='ltr'><strong>solis</strong></span> <span class='ocrx_word' id='word_1_552' title='bbox 3010 2043 3393 2099; x_wconf 89' lang='lat' dir='ltr'><strong>defectionem</strong></span> <span class='ocrx_word' id='word_1_553' title='bbox 3443 2047 3952 2118; x_wconf 89' lang='lat' dir='ltr'><strong>Constantinopoli</strong></span> <span class='ocrx_word' id='word_1_554' title='bbox 3989 2050 4076 2102; x_wconf 88' lang='lat' dir='ltr'><strong>vi-</strong></span> 
     </span>
    </p>
   </div>
   <div class='ocr_carea' id='block_1_80' title="bbox 2418 2129 4086 2202">
    <p class='ocr_par' dir='ltr' id='par_1_80' title="bbox 2418 2129 4086 2202">
     <span class='ocr_line' id='line_1_80' title="bbox 2418 2129 4086 2202; baseline 0.008 -22"><span class='ocrx_word' id='word_1_555' title='bbox 2418 2144 2543 2181; x_wconf 90' lang='lat' dir='ltr'><strong>sam</strong></span> <span class='ocrx_word' id='word_1_556' title='bbox 2581 2129 2749 2198; x_wconf 85' lang='lat' dir='ltr'><strong>paulo</strong></span> <span class='ocrx_word' id='word_1_557' title='bbox 2780 2144 3093 2200; x_wconf 79' lang='lat' dir='ltr'><strong>antequam</strong></span> <span class='ocrx_word' id='word_1_558' title='bbox 3125 2138 3601 2189; x_wconf 71' lang='lat' dir='ltr'><strong>etauctoraretur</strong></span> <span class='ocrx_word' id='word_1_559' title='bbox 3640 2136 3991 2202; x_wconf 86' lang='lat' dir='ltr'><strong>Germanus,</strong></span> <span class='ocrx_word' id='word_1_560' title='bbox 4021 2145 4086 2193; x_wconf 88' lang='lat' dir='ltr'><strong>et</strong></span> 
     </span>
    </p>
   </div>
   <div class='ocr_carea' id='block_1_81' title="bbox 2418 2215 4084 2292">
    <p class='ocr_par' dir='ltr' id='par_1_81' title="bbox 2418 2215 4084 2292">
     <span class='ocr_line' id='line_1_81' title="bbox 2418 2215 4084 2292; baseline 0.007 -23"><span class='ocrx_word' id='word_1_561' title='bbox 2418 2215 2712 2287; x_wconf 88' lang='lat' dir='ltr'><strong>Josephus</strong></span> <span class='ocrx_word' id='word_1_562' title='bbox 2744 2217 2799 2271; x_wconf 93' lang='lat' dir='ltr'><strong>in</strong></span> <span class='ocrx_word' id='word_1_563' title='bbox 2833 2220 2962 2288; x_wconf 87' lang='lat' dir='ltr'><strong>ejus</strong></span> <span class='ocrx_word' id='word_1_564' title='bbox 2993 2219 3182 2274; x_wconf 92' lang='lat' dir='ltr'><strong>locum</strong></span> <span class='ocrx_word' id='word_1_565' title='bbox 3241 2222 3688 2279; x_wconf 79' lang='lat' dir='ltr'><strong>subslituendus</strong></span> <span class='ocrx_word' id='word_1_566' title='bbox 3737 2225 4084 2292; x_wconf 71' lang='lat' dir='ltr'><strong>eligeretur.</strong></span> 
     </span>
    </p>
   </div>
   <div class='ocr_carea' id='block_1_82' title="bbox 2419 2306 4087 2382">
    <p class='ocr_par' dir='ltr' id='par_1_82' title="bbox 2419 2306 4087 2382">
     <span class='ocr_line' id='line_1_82' title="bbox 2419 2306 4087 2382; baseline 0.008 -24"><span class='ocrx_word' id='word_1_567' title='bbox 2419 2306 2578 2368; x_wconf 90' lang='lat' dir='ltr'><strong>Quod</strong></span> <span class='ocrx_word' id='word_1_568' title='bbox 2615 2311 2931 2377; x_wconf 83' lang='lat' dir='ltr'><strong>utrumque</strong></span> <span class='ocrx_word' id='word_1_569' title='bbox 2966 2308 3062 2360; x_wconf 85' lang='lat' dir='ltr'><strong>illo</strong></span> <span class='ocrx_word' id='word_1_570' title='bbox 3087 2327 3239 2364; x_wconf 90' lang='lat' dir='ltr'><strong>anno</strong></span> <span class='ocrx_word' id='word_1_571' title='bbox 3273 2328 3304 2364; x_wconf 91' lang='lat' dir='ltr'><strong>a</strong></span> <span class='ocrx_word' id='word_1_572' title='bbox 3349 2312 3605 2382; x_wconf 79' lang='lat' dir='ltr'><strong>Gregora</strong></span> <span class='ocrx_word' id='word_1_573' title='bbox 3657 2314 3918 2370; x_wconf 85' lang='lat' dir='ltr'><strong>indicato</strong></span> <span class='ocrx_word' id='word_1_574' title='bbox 3952 2334 4087 2371; x_wconf 45' lang='lat' dir='ltr'><strong>atra:</strong></span> 
     </span>
    </p>
   </div>
   <div class='ocr_carea' id='block_1_83' title="bbox 2418 2398 4089 2466">
    <p class='ocr_par' dir='ltr' id='par_1_83' title="bbox 2418 2398 4089 2466">
     <span class='ocr_line' id='line_1_83' title="bbox 2418 2398 4089 2466; baseline 0.008 -19"><span class='ocrx_word' id='word_1_575' title='bbox 2418 2399 2744 2449; x_wconf 66' lang='lat' dir='ltr'><strong>Graecorum</strong></span> <span class='ocrx_word' id='word_1_576' title='bbox 2805 2398 2968 2462; x_wconf 89' lang='lat'><strong>6785,</strong></span> <span class='ocrx_word' id='word_1_577' title='bbox 3031 2398 3139 2452; x_wconf 92' lang='lat' dir='ltr'><strong>hoc</strong></span> <span class='ocrx_word' id='word_1_578' title='bbox 3193 2404 3282 2453; x_wconf 87' lang='lat' dir='ltr'><strong>est</strong></span> <span class='ocrx_word' id='word_1_579' title='bbox 3328 2405 3537 2455; x_wconf 78' lang='lat' dir='ltr'><strong>nostra-</strong></span> <span class='ocrx_word' id='word_1_580' title='bbox 3596 2403 3752 2466; x_wconf 85' lang='grc'><strong>1257,</strong></span> <span class='ocrx_word' id='word_1_581' title='bbox 3807 2405 4089 2461; x_wconf 78' lang='lat' dir='ltr'><strong>evenisse</strong></span> 
     </span>
    </p>
   </div>
   <div class='ocr_carea' id='block_1_84' title="bbox 2420 2486 4088 2560">
    <p class='ocr_par' dir='ltr' id='par_1_84' title="bbox 2420 2486 4088 2560">
     <span class='ocr_line' id='line_1_84' title="bbox 2420 2486 4088 2560; baseline 0.007 -23"><span class='ocrx_word' id='word_1_582' title='bbox 2420 2500 2526 2538; x_wconf 91' lang='lat' dir='ltr'><strong>nos</strong></span> <span class='ocrx_word' id='word_1_583' title='bbox 2552 2502 2782 2556; x_wconf 78' lang='lat' dir='ltr'><strong>quoque</strong></span> <span class='ocrx_word' id='word_1_584' title='bbox 2815 2486 3186 2542; x_wconf 89' lang='lat' dir='ltr'><strong>ostendimus</strong></span> <span class='ocrx_word' id='word_1_585' title='bbox 3218 2490 3510 2560; x_wconf 83' lang='lat' dir='ltr'><strong>superius,</strong></span> <span class='ocrx_word' id='word_1_586' title='bbox 3547 2508 3603 2544; x_wconf 91' lang='lat' dir='ltr'><strong>n.</strong></span> <span class='ocrx_word' id='word_1_587' title='bbox 3635 2492 3689 2555; x_wconf 88' lang='grc'><strong>2,</strong></span> <span class='ocrx_word' id='word_1_588' title='bbox 3725 2508 3774 2545; x_wconf 91' lang='lat' dir='ltr'><strong>c.</strong></span> <span class='ocrx_word' id='word_1_589' title='bbox 3801 2495 3853 2545; x_wconf 88' lang='lat'><strong>6.</strong></span> <span class='ocrx_word' id='word_1_590' title='bbox 3883 2495 4088 2557; x_wconf 87' lang='lat' dir='ltr'><strong>Quare</strong></span> 
     </span>
    </p>
   </div>
   <div class='ocr_carea' id='block_1_85' title="bbox 2421 2573 4088 2645">
    <p class='ocr_par' dir='ltr' id='par_1_85' title="bbox 2421 2573 4088 2645">
     <span class='ocr_line' id='line_1_85' title="bbox 2421 2573 4088 2645; baseline 0.008 -21"><span class='ocrx_word' id='word_1_591' title='bbox 2421 2573 2467 2625; x_wconf 87' lang='lat' dir='ltr'><strong>si</strong></span> <span class='ocrx_word' id='word_1_592' title='bbox 2502 2575 2902 2628; x_wconf 91' lang='lat' dir='ltr'><strong>demonstrare</strong></span> <span class='ocrx_word' id='word_1_593' title='bbox 2937 2576 3304 2645; x_wconf 89' lang='lat' dir='ltr'><strong>potuerimus</strong></span> <span class='ocrx_word' id='word_1_594' title='bbox 3340 2578 3452 2632; x_wconf 88' lang='lat' dir='ltr'><strong>fide</strong></span> <span class='ocrx_word' id='word_1_595' title='bbox 3495 2580 3833 2636; x_wconf 89' lang='lat' dir='ltr'><strong>tabularum</strong></span> <span class='ocrx_word' id='word_1_596' title='bbox 3885 2589 3947 2636; x_wconf 88' lang='lat' dir='ltr'><strong>et</strong></span> <span class='ocrx_word' id='word_1_597' title='bbox 3981 2601 4088 2638; x_wconf 76' lang='lat' dir='ltr'><strong>ra-</strong></span> 
     </span>
    </p>
   </div>
   <div class='ocr_carea' id='block_1_86' title="bbox 2421 2661 4088 2736">
    <p class='ocr_par' dir='ltr' id='par_1_86' title="bbox 2421 2661 4088 2736">
     <span class='ocr_line' id='line_1_86' title="bbox 2421 2661 4088 2736; baseline 0.007 -22"><span class='ocrx_word' id='word_1_598' title='bbox 2421 2661 2677 2716; x_wconf 88' lang='lat' dir='ltr'><strong>tioniciis</strong></span> <span class='ocrx_word' id='word_1_599' title='bbox 2709 2663 3121 2718; x_wconf 87' lang='lat' dir='ltr'><strong>astronomicis</strong></span> <span class='ocrx_word' id='word_1_600' title='bbox 3153 2664 3289 2720; x_wconf 87' lang='lat' dir='ltr'><strong>tolis</strong></span> <span class='ocrx_word' id='word_1_601' title='bbox 3322 2665 3642 2736; x_wconf 85' lang='lat' dir='ltr'><strong>deliquium</strong></span> <span class='ocrx_word' id='word_1_602' title='bbox 3667 2675 3786 2723; x_wconf 89' lang='lat' dir='ltr'><strong>tam</strong></span> <span class='ocrx_word' id='word_1_603' title='bbox 3815 2672 4088 2726; x_wconf 89' lang='lat' dir='ltr'><strong>notabile</strong></span> 
     </span>
    </p>
   </div>
   <div class='ocr_carea' id='block_1_87' title="bbox 2419 2747 4088 2829">
    <p class='ocr_par' dir='ltr' id='par_1_87' title="bbox 2419 2747 4088 2829">
     <span class='ocr_line' id='line_1_87' title="bbox 2419 2747 4088 2829; baseline 0.008 -29"><span class='ocrx_word' id='word_1_604' title='bbox 2419 2747 2478 2802; x_wconf 88' lang='lat' dir='ltr'><strong>in</strong></span> <span class='ocrx_word' id='word_1_605' title='bbox 2512 2752 2655 2803; x_wconf 92' lang='lat' dir='ltr'><strong>urbe</strong></span> <span class='ocrx_word' id='word_1_606' title='bbox 2686 2755 2799 2804; x_wconf 89' lang='lat' dir='ltr'><strong>tam</strong></span> <span class='ocrx_word' id='word_1_607' title='bbox 2839 2750 3126 2821; x_wconf 74' lang='lat' dir='ltr'><strong>frequenti</strong></span> <span class='ocrx_word' id='word_1_608' title='bbox 3160 2752 3314 2807; x_wconf 88' lang='lat' dir='ltr'><strong>circa</strong></span> <span class='ocrx_word' id='word_1_609' title='bbox 3357 2755 3659 2810; x_wconf 86' lang='lat' dir='ltr'><strong>meridiem</strong></span> <span class='ocrx_word' id='word_1_610' title='bbox 3713 2764 4088 2829; x_wconf 85' lang='lat' dir='ltr'><strong>spectatum,</strong></span> 
     </span>
    </p>
   </div>
   <div class='ocr_carea' id='block_1_88' title="bbox 2420 2839 4088 2908">
    <p class='ocr_par' dir='ltr' id='par_1_88' title="bbox 2420 2839 4088 2908">
     <span class='ocr_line' id='line_1_88' title="bbox 2420 2839 4088 2908; baseline 0.008 -17"><span class='ocrx_word' id='word_1_611' title='bbox 2420 2855 2551 2892; x_wconf 92' lang='lat' dir='ltr'><strong>cum</strong></span> <span class='ocrx_word' id='word_1_612' title='bbox 2588 2839 2862 2894; x_wconf 84' lang='lat' dir='ltr'><strong>omnibus</strong></span> <span class='ocrx_word' id='word_1_613' title='bbox 2897 2842 3234 2894; x_wconf 80' lang='lat' dir='ltr'><strong>memoratis</strong></span> <span class='ocrx_word' id='word_1_614' title='bbox 3285 2844 3770 2908; x_wconf 85' lang='lat' dir='ltr'><strong>circumstantiis,</strong></span> <span class='ocrx_word' id='word_1_615' title='bbox 3835 2848 3936 2903; x_wconf 92' lang='lat' dir='ltr'><strong>illo</strong></span> <span class='ocrx_word' id='word_1_616' title='bbox 3991 2867 4088 2904; x_wconf 84' lang='lat' dir='ltr'><strong>re-</strong></span> 
     </span>
    </p>
   </div>
   <div class='ocr_carea' id='block_1_89' title="bbox 2420 2927 4088 2995">
    <p class='ocr_par' dir='ltr' id='par_1_89' title="bbox 2420 2927 4088 2995">
     <span class='ocr_line' id='line_1_89' title="bbox 2420 2927 4088 2995; baseline 0.009 -18"><span class='ocrx_word' id='word_1_617' title='bbox 2420 2943 2553 2980; x_wconf 81' lang='lat' dir='ltr'><strong>vera</strong></span> <span class='ocrx_word' id='word_1_618' title='bbox 2587 2927 2767 2981; x_wconf 85' lang='lat' dir='ltr'><strong>fuisse</strong></span> <span class='ocrx_word' id='word_1_619' title='bbox 2791 2928 3176 2983; x_wconf 80' lang='lat' dir='ltr'><strong>commissum</strong></span> <span class='ocrx_word' id='word_1_620' title='bbox 3211 2946 3384 2995; x_wconf 89' lang='lat' dir='ltr'><strong>anno,</strong></span> <span class='ocrx_word' id='word_1_621' title='bbox 3419 2948 3591 2987; x_wconf 91' lang='lat' dir='ltr'><strong>nemo</strong></span> <span class='ocrx_word' id='word_1_622' title='bbox 3616 2952 3727 2989; x_wconf 92' lang='lat' dir='ltr'><strong>non</strong></span> <span class='ocrx_word' id='word_1_623' title='bbox 3761 2936 3924 2990; x_wconf 89' lang='lat' dir='ltr'><strong>videt</strong></span> <span class='ocrx_word' id='word_1_624' title='bbox 3956 2955 4088 2992; x_wconf 82' lang='lat' dir='ltr'><strong>ma-</strong></span> 
     </span>
    </p>
   </div>
   <div class='ocr_carea' id='block_1_90' title="bbox 2419 3017 4086 3087">
    <p class='ocr_par' dir='ltr' id='par_1_90' title="bbox 2419 3017 4086 3087">
     <span class='ocr_line' id='line_1_90' title="bbox 2419 3017 4086 3087; baseline 0.008 -19"><span class='ocrx_word' id='word_1_625' title='bbox 2419 3032 2598 3087; x_wconf 89' lang='lat' dir='ltr'><strong>gnum</strong></span> <span class='ocrx_word' id='word_1_626' title='bbox 2635 3017 2767 3070; x_wconf 83' lang='lat' dir='ltr'><strong>inde</strong></span> <span class='ocrx_word' id='word_1_627' title='bbox 2799 3017 3235 3072; x_wconf 89' lang='lat' dir='ltr'><strong>ﬁrmamentum</strong></span> <span class='ocrx_word' id='word_1_628' title='bbox 3263 3037 3636 3076; x_wconf 88' lang='lat' dir='ltr'><strong>accessurum</strong></span> <span class='ocrx_word' id='word_1_629' title='bbox 3664 3031 3721 3078; x_wconf 89' lang='lat' dir='ltr'><strong>et</strong></span> <span class='ocrx_word' id='word_1_630' title='bbox 3743 3027 4086 3082; x_wconf 87' lang='lat' dir='ltr'><strong>ratiociniis</strong></span> 
     </span>
    </p>
   </div>
   <div class='ocr_carea' id='block_1_91' title="bbox 2420 3105 4083 3180">
    <p class='ocr_par' dir='ltr' id='par_1_91' title="bbox 2420 3105 4083 3180">
     <span class='ocr_line' id='line_1_91' title="bbox 2420 3105 4083 3180; baseline 0.009 -23"><span class='ocrx_word' id='word_1_631' title='bbox 2420 3105 2638 3158; x_wconf 90' lang='lat' dir='ltr'><strong>nostris</strong></span> <span class='ocrx_word' id='word_1_632' title='bbox 2671 3109 2727 3159; x_wconf 86' lang='lat' dir='ltr'><strong>et</strong></span> <span class='ocrx_word' id='word_1_633' title='bbox 2759 3105 2892 3159; x_wconf 82' lang='lat' dir='ltr'><strong>fidei</strong></span> <span class='ocrx_word' id='word_1_634' title='bbox 2944 3105 3357 3163; x_wconf 84' lang='lat' dir='ltr'><strong>historicorum</strong></span> <span class='ocrx_word' id='word_1_635' title='bbox 3412 3127 3661 3180; x_wconf 91' lang='lat' dir='ltr'><strong>quorum</strong></span> <span class='ocrx_word' id='word_1_636' title='bbox 3716 3117 4083 3172; x_wconf 86' lang='lat' dir='ltr'><strong>auctoritate</strong></span> 
     </span>
    </p>
   </div>
   <div class='ocr_carea' id='block_1_92' title="bbox 2417 3193 4091 3275">
    <p class='ocr_par' dir='ltr' id='par_1_92' title="bbox 2417 3193 4091 3275">
     <span class='ocr_line' id='line_1_92' title="bbox 2417 3193 4091 3275; baseline 0.008 -28"><span class='ocrx_word' id='word_1_637' title='bbox 2417 3193 2684 3247; x_wconf 87' lang='lat' dir='ltr'><strong>nitimur.</strong></span> <span class='ocrx_word' id='word_1_638' title='bbox 2721 3193 2849 3247; x_wconf 65' lang='lat' dir='ltr'><strong>Haec</strong></span> <span class='ocrx_word' id='word_1_639' title='bbox 2883 3211 2973 3248; x_wconf 92' lang='lat' dir='ltr'><strong>me</strong></span> <span class='ocrx_word' id='word_1_640' title='bbox 3006 3212 3136 3265; x_wconf 81' lang='lat' dir='ltr'><strong>spes</strong></span> <span class='ocrx_word' id='word_1_641' title='bbox 3171 3197 3409 3268; x_wconf 88' lang='lat' dir='ltr'><strong>impulit</strong></span> <span class='ocrx_word' id='word_1_642' title='bbox 3452 3201 3523 3254; x_wconf 92' lang='lat' dir='ltr'><strong>ad</strong></span> <span class='ocrx_word' id='word_1_643' title='bbox 3577 3203 3913 3272; x_wconf 89' lang='lat' dir='ltr'><strong>rogandum</strong></span> <span class='ocrx_word' id='word_1_644' title='bbox 3975 3222 4091 3275; x_wconf 83' lang='lat' dir='ltr'><strong>per</strong></span> 
     </span>
    </p>
   </div>
   <div class='ocr_carea' id='block_1_93' title="bbox 2414 3281 4067 3358">
    <p class='ocr_par' dir='ltr' id='par_1_93' title="bbox 2414 3281 4067 3358">
     <span class='ocr_line' id='line_1_93' title="bbox 2414 3281 4067 3358; baseline 0.008 -24"><span class='ocrx_word' id='word_1_645' title='bbox 2414 3281 2639 3337; x_wconf 88' lang='lat' dir='ltr'><strong>litteras</strong></span> <span class='ocrx_word' id='word_1_646' title='bbox 2665 3282 2730 3336; x_wconf 80' lang='lat' dir='ltr'><strong>R.</strong></span> <span class='ocrx_word' id='word_1_647' title='bbox 2767 3283 2824 3336; x_wconf 88' lang='grc' dir='ltr'><strong>Ρ.</strong></span> <span class='ocrx_word' id='word_1_648' title='bbox 2852 3282 3136 3339; x_wconf 89' lang='lat' dir='ltr'><strong>Jacobum</strong></span> <span class='ocrx_word' id='word_1_649' title='bbox 3169 3285 3474 3342; x_wconf 89' lang='lat' dir='ltr'><strong>Grantami</strong></span> <span class='ocrx_word' id='word_1_650' title='bbox 3500 3289 3798 3345; x_wconf 88' lang='lat' dir='ltr'><strong>societatis</strong></span> <span class='ocrx_word' id='word_1_651' title='bbox 3820 3298 4067 3358; x_wconf 61' lang='lat' dir='ltr'><strong>nostrm,</strong></span> 
     </span>
    </p>
   </div>
   <div class='ocr_carea' id='block_1_94' title="bbox 2415 3371 4078 3449">
    <p class='ocr_par' dir='ltr' id='par_1_94' title="bbox 2415 3371 4078 3449">
     <span class='ocr_line' id='line_1_94' title="bbox 2415 3371 4078 3449; baseline 0.007 -24"><span class='ocrx_word' id='word_1_652' title='bbox 2415 3371 2653 3425; x_wconf 72' lang='lat' dir='ltr'><strong>Lutetiae</strong></span> <span class='ocrx_word' id='word_1_653' title='bbox 2680 3371 3036 3426; x_wconf 89' lang='lat' dir='ltr'><strong>Parisiorum</strong></span> <span class='ocrx_word' id='word_1_654' title='bbox 3072 3374 3475 3445; x_wconf 88' lang='lat' dir='ltr'><strong>degentem,ut</strong></span> <span class='ocrx_word' id='word_1_655' title='bbox 3507 3379 3856 3449; x_wconf 88' lang='lat' dir='ltr'><strong>dignaretur</strong></span> <span class='ocrx_word' id='word_1_656' title='bbox 3887 3381 4078 3436; x_wconf 89' lang='lat' dir='ltr'><strong>istius</strong></span> 
     </span>
    </p>
   </div>
   <div class='ocr_carea' id='block_1_95' title="bbox 2411 3459 4082 3537">
    <p class='ocr_par' dir='ltr' id='par_1_95' title="bbox 2411 3459 4082 3537">
     <span class='ocr_line' id='line_1_95' title="bbox 2411 3459 4082 3537; baseline 0.007 -24"><span class='ocrx_word' id='word_1_657' title='bbox 2411 3460 2647 3530; x_wconf 90' lang='lat' dir='ltr'><strong>eclipsis</strong></span> <span class='ocrx_word' id='word_1_658' title='bbox 2679 3459 2933 3514; x_wconf 85' lang='lat' dir='ltr'><strong>calculos</strong></span> <span class='ocrx_word' id='word_1_659' title='bbox 2967 3478 3198 3530; x_wconf 90' lang='lat' dir='ltr'><strong>ponere.</strong></span> <span class='ocrx_word' id='word_1_660' title='bbox 3234 3464 3390 3518; x_wconf 88' lang='lat' dir='ltr'><strong>Fecit</strong></span> <span class='ocrx_word' id='word_1_661' title='bbox 3415 3464 3513 3520; x_wconf 90' lang='lat' dir='ltr'><strong>ille</strong></span> <span class='ocrx_word' id='word_1_662' title='bbox 3538 3484 3639 3537; x_wconf 91' lang='lat' dir='ltr'><strong>pro</strong></span> <span class='ocrx_word' id='word_1_663' title='bbox 3691 3486 3800 3524; x_wconf 86' lang='lat' dir='ltr'><strong>sua</strong></span> <span class='ocrx_word' id='word_1_664' title='bbox 3826 3475 3884 3524; x_wconf 89' lang='lat' dir='ltr'><strong>et</strong></span> <span class='ocrx_word' id='word_1_665' title='bbox 3935 3488 4082 3526; x_wconf 89' lang='lat' dir='ltr'><strong>eru-</strong></span> 
     </span>
    </p>
   </div>
   <div class='ocr_carea' id='block_1_96' title="bbox 2411 3549 4079 3628">
    <p class='ocr_par' dir='ltr' id='par_1_96' title="bbox 2411 3549 4079 3628">
     <span class='ocr_line' id='line_1_96' title="bbox 2411 3549 4079 3628; baseline 0.007 -25"><span class='ocrx_word' id='word_1_666' title='bbox 2411 3550 2632 3604; x_wconf 87' lang='lat' dir='ltr'><strong>ditione</strong></span> <span class='ocrx_word' id='word_1_667' title='bbox 2663 3554 2719 3603; x_wconf 93' lang='lat' dir='ltr'><strong>et</strong></span> <span class='ocrx_word' id='word_1_668' title='bbox 2741 3549 3100 3605; x_wconf 88' lang='lat' dir='ltr'><strong>humanitate</strong></span> <span class='ocrx_word' id='word_1_669' title='bbox 3134 3554 3550 3622; x_wconf 67' lang='lat' dir='ltr'><strong>praestantibus</strong></span> <span class='ocrx_word' id='word_1_670' title='bbox 3581 3557 4079 3628; x_wconf 86' lang='lat' dir='ltr'><strong>diligentissime,</strong></span> 
     </span>
    </p>
   </div>
   <div class='ocr_carea' id='block_1_97' title="bbox 2413 3639 4082 3715">
    <p class='ocr_par' dir='ltr' id='par_1_97' title="bbox 2413 3639 4082 3715">
     <span class='ocr_line' id='line_1_97' title="bbox 2413 3639 4082 3715; baseline 0.007 -23"><span class='ocrx_word' id='word_1_671' title='bbox 2413 3644 2585 3709; x_wconf 88' lang='lat' dir='ltr'><strong>prout</strong></span> <span class='ocrx_word' id='word_1_672' title='bbox 2615 3655 2681 3691; x_wconf 80' lang='lat' dir='ltr'><strong>ex</strong></span> <span class='ocrx_word' id='word_1_673' title='bbox 2711 3639 2837 3708; x_wconf 90' lang='lat' dir='ltr'><strong>ejus</strong></span> <span class='ocrx_word' id='word_1_674' title='bbox 2870 3639 2940 3692; x_wconf 91' lang='lat' dir='ltr'><strong>ad</strong></span> <span class='ocrx_word' id='word_1_675' title='bbox 2977 3655 3066 3693; x_wconf 91' lang='lat' dir='ltr'><strong>me</strong></span> <span class='ocrx_word' id='word_1_676' title='bbox 3101 3640 3304 3707; x_wconf 90' lang='lat' dir='ltr'><strong>missa,</strong></span> <span class='ocrx_word' id='word_1_677' title='bbox 3353 3659 3528 3712; x_wconf 89' lang='lat' dir='ltr'><strong>quam</strong></span> <span class='ocrx_word' id='word_1_678' title='bbox 3591 3644 3682 3699; x_wconf 89' lang='lat' dir='ltr'><strong>hic</strong></span> <span class='ocrx_word' id='word_1_679' title='bbox 3742 3648 4082 3715; x_wconf 86' lang='lat' dir='ltr'><strong>ascribam,</strong></span> 
     </span>
    </p>
   </div>
   <div class='ocr_carea' id='block_1_98' title="bbox 2411 3726 3513 3800">
    <p class='ocr_par' dir='ltr' id='par_1_98' title="bbox 2411 3726 3513 3800">
     <span class='ocr_line' id='line_1_98' title="bbox 2411 3726 3513 3800; baseline 0.003 -17"><span class='ocrx_word' id='word_1_680' title='bbox 2411 3726 2819 3783; x_wconf 83' lang='lat' dir='ltr'><strong>exercitatione</strong></span> <span class='ocrx_word' id='word_1_681' title='bbox 2849 3728 3243 3784; x_wconf 88' lang='lat' dir='ltr'><strong>astronomica</strong></span> <span class='ocrx_word' id='word_1_682' title='bbox 3275 3731 3513 3800; x_wconf 88' lang='lat' dir='ltr'><strong>patebit.</strong></span> 
     </span>
    </p>
   </div>
   <div class='ocr_carea' id='block_1_99' title="bbox 2483 3816 4091 3898">
    <p class='ocr_par' dir='ltr' id='par_1_99' title="bbox 2483 3816 4091 3898">
     <span class='ocr_line' id='line_1_99' title="bbox 2483 3816 4091 3898; baseline 0.009 -28"><span class='ocrx_word' id='word_1_683' title='bbox 2483 3817 2548 3872; x_wconf 89' lang='lat' dir='ltr'><strong>ll.</strong></span> <span class='ocrx_word' id='word_1_684' title='bbox 2580 3816 2780 3871; x_wconf 88' lang='lat' dir='ltr'><strong>Jacobi</strong></span> <span class='ocrx_word' id='word_1_685' title='bbox 2816 3816 3122 3872; x_wconf 89' lang='lat' dir='ltr'><strong>Grantami</strong></span> <span class='ocrx_word' id='word_1_686' title='bbox 3157 3836 3186 3873; x_wconf 91' lang='lat' dir='ltr'><strong>e</strong></span> <span class='ocrx_word' id='word_1_687' title='bbox 3218 3820 3496 3876; x_wconf 88' lang='lat' dir='ltr'><strong>societate</strong></span> <span class='ocrx_word' id='word_1_688' title='bbox 3518 3823 3659 3878; x_wconf 87' lang='lat' dir='ltr'><strong>Jesu</strong></span> <span class='ocrx_word' id='word_1_689' title='bbox 3682 3826 4091 3898; x_wconf 88' lang='lat' dir='ltr'><strong>epilogismus</strong></span> 
     </span>
    </p>
   </div>
   <div class='ocr_carea' id='block_1_100' title="bbox 2408 3905 4088 3986">
    <p class='ocr_par' dir='ltr' id='par_1_100' title="bbox 2408 3905 4088 3986">
     <span class='ocr_line' id='line_1_100' title="bbox 2408 3905 4088 3986; baseline 0.007 -25"><span class='ocrx_word' id='word_1_690' title='bbox 2408 3905 2691 3962; x_wconf 90' lang='lat' dir='ltr'><strong>novilunii</strong></span> <span class='ocrx_word' id='word_1_691' title='bbox 2727 3905 2977 3977; x_wconf 89' lang='lat' dir='ltr'><strong>ecliptici</strong></span> <span class='ocrx_word' id='word_1_692' title='bbox 3017 3925 3168 3962; x_wconf 88' lang='lat' dir='ltr'><strong>anno</strong></span> <span class='ocrx_word' id='word_1_693' title='bbox 3199 3908 3411 3964; x_wconf 89' lang='lat' dir='ltr'><strong>Christi</strong></span> <span class='ocrx_word' id='word_1_694' title='bbox 3448 3913 3604 3977; x_wconf 82' lang='lat'>1267,</span> <span class='ocrx_word' id='word_1_695' title='bbox 3637 3915 3707 3967; x_wconf 78' lang='lat'><strong>25</strong></span> <span class='ocrx_word' id='word_1_696' title='bbox 3738 3917 4088 3986; x_wconf 81' lang='lat' dir='ltr'><strong>Maii,juxta</strong></span> 
     </span>
    </p>
   </div>
   <div class='ocr_carea' id='block_1_101' title="bbox 2406 3994 4086 4063">
    <p class='ocr_par' dir='ltr' id='par_1_101' title="bbox 2406 3994 4086 4063">
     <span class='ocr_line' id='line_1_101' title="bbox 2406 3994 4086 4063; baseline 0.008 -15"><span class='ocrx_word' id='word_1_697' title='bbox 2406 3994 2640 4049; x_wconf 89' lang='lat' dir='ltr'><strong>tabulas</strong></span> <span class='ocrx_word' id='word_1_698' title='bbox 2686 3994 3075 4050; x_wconf 89' lang='lat' dir='ltr'><strong>subsidiarias</strong></span> <span class='ocrx_word' id='word_1_699' title='bbox 3128 3996 3492 4063; x_wconf 85' lang='lat' dir='ltr'><strong>Rudolfinas,</strong></span> <span class='ocrx_word' id='word_1_700' title='bbox 3544 4002 3614 4055; x_wconf 80' lang='lat' dir='ltr'><strong>ad</strong></span> <span class='ocrx_word' id='word_1_701' title='bbox 3669 4004 4086 4061; x_wconf 86' lang='lat' dir='ltr'><strong>meridianum</strong></span> 
     </span>
    </p>
   </div>
   <div class='ocr_carea' id='block_1_102' title="bbox 2406 4083 4090 4152">
    <p class='ocr_par' dir='ltr' id='par_1_102' title="bbox 2406 4083 4090 4152">
     <span class='ocr_line' id='line_1_102' title="bbox 2406 4083 4090 4152; baseline 0.007 -13"><span class='ocrx_word' id='word_1_702' title='bbox 2406 4083 3020 4152; x_wconf 89' lang='lat' dir='ltr'><strong>Constinopolitanum</strong></span> <span class='ocrx_word' id='word_1_703' title='bbox 3073 4094 3391 4143; x_wconf 82' lang='lat' dir='ltr'><strong>revocatas.</strong></span> <span class='ocrx_word' id='word_1_704' title='bbox 3427 4097 3630 4146; x_wconf 82' lang='lat' dir='ltr'><strong>Annus</strong></span> <span class='ocrx_word' id='word_1_705' title='bbox 3679 4092 3728 4146; x_wconf 91' lang='lat' dir='ltr'><strong>is</strong></span> <span class='ocrx_word' id='word_1_706' title='bbox 3777 4103 3864 4148; x_wconf 86' lang='lat' dir='ltr'><strong>est</strong></span> <span class='ocrx_word' id='word_1_707' title='bbox 3918 4113 4090 4151; x_wconf 80' lang='lat' dir='ltr'><strong>com-</strong></span> 
     </span>
    </p>
   </div>
   <div class='ocr_carea' id='block_1_103' title="bbox 2408 4173 3156 4243">
    <p class='ocr_par' dir='ltr' id='par_1_103' title="bbox 2408 4173 3156 4243">
     <span class='ocr_line' id='line_1_103' title="bbox 2408 4173 3156 4243; baseline 0.001 -16"><span class='ocrx_word' id='word_1_708' title='bbox 2408 4175 2627 4243; x_wconf 87' lang='lat' dir='ltr'><strong>munis,</strong></span> <span class='ocrx_word' id='word_1_709' title='bbox 2663 4190 2776 4228; x_wconf 91' lang='lat' dir='ltr'><strong>non</strong></span> <span class='ocrx_word' id='word_1_710' title='bbox 2813 4173 3156 4229; x_wconf 84' lang='lat' dir='ltr'><strong>bissextilis.</strong></span> 
     </span>
    </p>
   </div>
   <div class='ocr_carea' id='block_1_104' title="bbox 2691 4341 3778 4414">
    <p class='ocr_par' dir='ltr' id='par_1_104' title="bbox 2691 4341 3778 4414">
     <span class='ocr_line' id='line_1_104' title="bbox 2691 4341 3778 4414; baseline 0.01 -20"><span class='ocrx_word' id='word_1_711' title='bbox 2691 4343 2843 4396; x_wconf 74' lang='lat'><strong>186</strong></span> <span class='ocrx_word' id='word_1_712' title='bbox 2876 4341 2961 4413; x_wconf 89' lang='lat' dir='ltr'><strong>[P.</strong></span> <span class='ocrx_word' id='word_1_713' title='bbox 2992 4343 3122 4414; x_wconf 83' lang='grc'><strong>520]</strong></span> <span class='ocrx_word' id='word_1_714' title='bbox 3141 4344 3488 4402; x_wconf 81' lang='lat' dir='ltr'><strong>Novilinium</strong></span> <span class='ocrx_word' id='word_1_715' title='bbox 3512 4349 3778 4405; x_wconf 80' lang='lat' dir='ltr'><strong>medium.</strong></span> 
     </span>
    </p>
   </div>
   <div class='ocr_carea' id='block_1_105' title="bbox 3465 4482 3663 4530">
    <p class='ocr_par' dir='ltr' id='par_1_105' title="bbox 3465 4482 3663 4530">
     <span class='ocr_line' id='line_1_105' title="bbox 3465 4482 3663 4530; baseline 0.01 -2"><span class='ocrx_word' id='word_1_716' title='bbox 3465 4482 3663 4530; x_wconf 86' lang='lat' dir='ltr'><strong>D.H</strong></span> 
     </span>
    </p>
   </div>
   <div class='ocr_carea' id='block_1_106' title="bbox 2655 4536 4090 4653">
    <p class='ocr_par' dir='ltr' id='par_1_106' title="bbox 2655 4536 4090 4653">
     <span class='ocr_line' id='line_1_106' title="bbox 2655 4536 4090 4602; baseline 0.01 -17"><span class='ocrx_word' id='word_1_717' title='bbox 2655 4536 2782 4586; x_wconf 86' lang='lat' dir='ltr'><strong>Maii</strong></span> <span class='ocrx_word' id='word_1_718' title='bbox 3464 4543 3527 4591; x_wconf 74' lang='grc'>24</span> <span class='ocrx_word' id='word_1_719' title='bbox 3627 4549 3682 4594; x_wconf 88' lang='grc'><strong>10</strong></span> <span class='ocrx_word' id='word_1_720' title='bbox 3811 4547 3876 4596; x_wconf 88' lang='grc'><strong>50</strong></span> <span class='ocrx_word' id='word_1_721' title='bbox 4025 4555 4090 4602; x_wconf 83' lang='grc'><strong>13</strong></span> 
     </span>
     <span class='ocr_line' id='line_1_107' title="bbox 3455 4606 3683 4653; baseline 0.004 -1"><span class='ocrx_word' id='word_1_722' title='bbox 3455 4606 3516 4653; x_wconf 91' lang='lat' dir='ltr'><strong>D.</strong></span> <span class='ocrx_word' id='word_1_723' title='bbox 3617 4608 3683 4653; x_wconf 87' lang='lat' dir='ltr'><strong>H.</strong></span> 
     </span>
    </p>
   </div>
   <div class='ocr_carea' id='block_1_107' title="bbox 2406 4662 4093 4725">
    <p class='ocr_par' dir='ltr' id='par_1_107' title="bbox 2406 4662 4093 4725">
     <span class='ocr_line' id='line_1_108' title="bbox 2406 4662 4093 4725; baseline 0.001 -13"><span class='ocrx_word' id='word_1_724' title='bbox 2406 4672 2617 4723; x_wconf 89' lang='lat' dir='ltr'><strong>tempus</strong></span> <span class='ocrx_word' id='word_1_725' title='bbox 2649 4676 2804 4725; x_wconf 87' lang='lat' dir='ltr'><strong>apog.</strong></span> <span class='ocrx_word' id='word_1_726' title='bbox 2837 4662 2934 4711; x_wconf 83' lang='lat' dir='ltr'><strong>sol.</strong></span> <span class='ocrx_word' id='word_1_727' title='bbox 2966 4663 3089 4712; x_wconf 84' lang='lat' dir='ltr'><strong>Jun.</strong></span> <span class='ocrx_word' id='word_1_728' title='bbox 3475 4671 3530 4716; x_wconf 76' lang='grc'><strong>14</strong></span> <span class='ocrx_word' id='word_1_729' title='bbox 3631 4675 3682 4718; x_wconf 92' lang='grc'><strong>11</strong></span> <span class='ocrx_word' id='word_1_730' title='bbox 3816 4674 3879 4721; x_wconf 79' lang='lat'><strong>32</strong></span> <span class='ocrx_word' id='word_1_731' title='bbox 4063 4679 4093 4725; x_wconf 79' lang='lat'><strong>7</strong></span> 
     </span>
    </p>
   </div>
   <div class='ocr_carea' id='block_1_108' title="bbox 2405 4725 4097 4790">
    <p class='ocr_par' dir='ltr' id='par_1_108' title="bbox 2405 4725 4097 4790">
     <span class='ocr_line' id='line_1_109' title="bbox 2405 4725 4097 4790; baseline 0.007 -15"><span class='ocrx_word' id='word_1_732' title='bbox 2405 4725 2745 4790; x_wconf 82' lang='lat' dir='ltr'><strong>intervallum</strong></span> <span class='ocrx_word' id='word_1_733' title='bbox 2776 4740 2805 4773; x_wconf 86' lang='lat' dir='ltr'><strong>a</strong></span> <span class='ocrx_word' id='word_1_734' title='bbox 2826 4725 3093 4790; x_wconf 80' lang='lat' dir='ltr'><strong>novilum.</strong></span> <span class='ocrx_word' id='word_1_735' title='bbox 3152 4789 3160 4790; x_wconf 84' lang='lat'><strong>7</strong></span> <span class='ocrx_word' id='word_1_736' title='bbox 3470 4733 3523 4780; x_wconf 86' lang='lat'>21</span> <span class='ocrx_word' id='word_1_737' title='bbox 3656 4733 3686 4780; x_wconf 94' lang='grc' dir='ltr'>Ο</span> <span class='ocrx_word' id='word_1_738' title='bbox 3815 4737 3875 4784; x_wconf 71' lang='grc'><strong>41</strong></span> <span class='ocrx_word' id='word_1_739' title='bbox 4029 4743 4097 4790; x_wconf 67' lang='grc'><strong>54</strong></span> 
     </span>
    </p>
   </div>
   <div class='ocr_carea' id='block_1_109' title="bbox 2405 4787 3685 4851">
    <p class='ocr_par' dir='ltr' id='par_1_109' title="bbox 2405 4787 3685 4851">
     <span class='ocr_line' id='line_1_110' title="bbox 2405 4787 3685 4851; baseline 0.003 -13"><span class='ocrx_word' id='word_1_740' title='bbox 2405 4794 2581 4838; x_wconf 84' lang='lat' dir='ltr'><strong>motu</strong></span> <span class='ocrx_word' id='word_1_741' title='bbox 2614 4787 2899 4836; x_wconf 83' lang='lat' dir='ltr'><strong>intervallo</strong></span> <span class='ocrx_word' id='word_1_742' title='bbox 2929 4789 3268 4851; x_wconf 85' lang='lat' dir='ltr'><strong>respondens</strong></span> <span class='ocrx_word' id='word_1_743' title='bbox 3296 4791 3399 4840; x_wconf 86' lang='lat' dir='ltr'><strong>tol-</strong></span> <span class='ocrx_word' id='word_1_744' title='bbox 3468 4794 3519 4843; x_wconf 93' lang='lat' dir='ltr'><strong>S.</strong></span> <span class='ocrx_word' id='word_1_745' title='bbox 3620 4795 3685 4844; x_wconf 90' lang='lat' dir='ltr'><strong>G.</strong></span> 
     </span>
    </p>
   </div>
   <div class='ocr_carea' id='block_1_110' title="bbox 2468 4851 4098 4913">
    <p class='ocr_par' dir='ltr' id='par_1_110' title="bbox 2468 4851 4098 4913">
     <span class='ocr_line' id='line_1_111' title="bbox 2468 4851 4098 4913; baseline 0.009 -14"><span class='ocrx_word' id='word_1_746' title='bbox 2468 4851 2660 4900; x_wconf 84' lang='lat' dir='ltr'><strong>lendus</strong></span> <span class='ocrx_word' id='word_1_747' title='bbox 2780 4911 2787 4913; x_wconf 59' lang='lat'><strong>7</strong></span> <span class='ocrx_word' id='word_1_748' title='bbox 3504 4861 3530 4905; x_wconf 89' lang='lat'><strong>0</strong></span> <span class='ocrx_word' id='word_1_749' title='bbox 3628 4859 3689 4907; x_wconf 83' lang='lat' dir='ltr'><strong>2O</strong></span> <span class='ocrx_word' id='word_1_750' title='bbox 3821 4865 3880 4912; x_wconf 87' lang='grc'><strong>15</strong></span> <span class='ocrx_word' id='word_1_751' title='bbox 4033 4868 4098 4913; x_wconf 85' lang='grc'><strong>38</strong></span> 
     </span>
    </p>
   </div>
   <div class='ocr_carea' id='block_1_111' title="bbox 2405 4911 4099 4978">
    <p class='ocr_par' dir='ltr' id='par_1_111' title="bbox 2405 4911 4099 4978">
     <span class='ocr_line' id='line_1_112' title="bbox 2405 4911 4099 4978; baseline 0.009 -15"><span class='ocrx_word' id='word_1_752' title='bbox 2405 4915 2556 4963; x_wconf 88' lang='lat' dir='ltr'><strong>locus</strong></span> <span class='ocrx_word' id='word_1_753' title='bbox 2585 4911 2790 4978; x_wconf 69' lang='grc' dir='ltr'>θροαωὶ</span> <span class='ocrx_word' id='word_1_754' title='bbox 2822 4913 2951 4978; x_wconf 86' lang='lat' dir='ltr'><strong>solis</strong></span> <span class='ocrx_word' id='word_1_755' title='bbox 3503 4918 3533 4967; x_wconf 90' lang='lat'>3</span> <span class='ocrx_word' id='word_1_756' title='bbox 3659 4920 3690 4970; x_wconf 93' lang='grc' dir='ltr'>Ο</span> <span class='ocrx_word' id='word_1_757' title='bbox 3850 4927 3878 4974; x_wconf 88' lang='lat'><strong>1</strong></span> 
     </span>
    </p>
   </div>
   <div class='ocr_carea' id='block_1_112' title="bbox 2407 4975 4099 5041">
    <p class='ocr_par' dir='ltr' id='par_1_112' title="bbox 2407 4975 4099 5041">
     <span class='ocr_line' id='line_1_113' title="bbox 2407 4975 4099 5041; baseline 0.007 -16"><span class='ocrx_word' id='word_1_758' title='bbox 2407 4979 2628 5041; x_wconf 76' lang='lat' dir='ltr'><strong>primus</strong></span> <span class='ocrx_word' id='word_1_759' title='bbox 2643 4975 2952 5041; x_wconf 81' lang='lat' dir='ltr'><strong>locus_solis</strong></span> <span class='ocrx_word' id='word_1_760' title='bbox 3003 5039 3009 5041; x_wconf 77' lang='lat'><strong>7</strong></span> <span class='ocrx_word' id='word_1_761' title='bbox 3125 5039 3133 5041; x_wconf 81' lang='lat'><strong>7</strong></span> <span class='ocrx_word' id='word_1_762' title='bbox 3501 4984 3529 5031; x_wconf 83' lang='lat'><strong>2</strong></span> <span class='ocrx_word' id='word_1_763' title='bbox 3657 4983 3687 5032; x_wconf 90' lang='lat'>9</span> <span class='ocrx_word' id='word_1_764' title='bbox 3816 4988 3880 5036; x_wconf 79' lang='grc'><strong>45</strong></span> <span class='ocrx_word' id='word_1_765' title='bbox 4036 4975 4099 5041; x_wconf 66' lang='grc' dir='ltr'><strong>ἑὲ</strong></span> 
     </span>
    </p>
   </div>
   <div class='ocr_carea' id='block_1_113' title="bbox 2408 5037 3379 5103">
    <p class='ocr_par' dir='ltr' id='par_1_113' title="bbox 2408 5037 3379 5103">
     <span class='ocr_line' id='line_1_114' title="bbox 2408 5037 3379 5103; baseline 0.002 -14"><span class='ocrx_word' id='word_1_766' title='bbox 2408 5037 2580 5103; x_wconf 78' lang='lat' dir='ltr'><strong>prima</strong></span> <span class='ocrx_word' id='word_1_767' title='bbox 2602 5037 2857 5103; x_wconf 88' lang='lat' dir='ltr'><strong>distantia</strong></span> <span class='ocrx_word' id='word_1_768' title='bbox 2889 5039 3232 5090; x_wconf 87' lang='lat' dir='ltr'><strong>luminarium</strong></span> <span class='ocrx_word' id='word_1_769' title='bbox 3267 5041 3379 5091; x_wconf 83' lang='lat' dir='ltr'><strong>sole</strong></span> 
     </span>
    </p>
   </div>
   <div class='ocr_carea' id='block_1_114' title="bbox 2468 5102 4100 5165">
    <p class='ocr_par' dir='ltr' id='par_1_114' title="bbox 2468 5102 4100 5165">
     <span class='ocr_line' id='line_1_115' title="bbox 2468 5102 4100 5165; baseline 0.006 -15"><span class='ocrx_word' id='word_1_770' title='bbox 2468 5102 2684 5164; x_wconf 85' lang='lat' dir='ltr'><strong>longius</strong></span> <span class='ocrx_word' id='word_1_771' title='bbox 2714 5113 2998 5165; x_wconf 82' lang='lat' dir='ltr'><strong>progresso</strong></span> <span class='ocrx_word' id='word_1_772' title='bbox 3500 5105 3532 5155; x_wconf 90' lang='grc'>0</span> <span class='ocrx_word' id='word_1_773' title='bbox 3657 5109 3687 5157; x_wconf 86' lang='grc'><strong>5</strong></span> <span class='ocrx_word' id='word_1_774' title='bbox 3818 5113 3879 5159; x_wconf 78' lang='lat'><strong>2&#39;1</strong></span> <span class='ocrx_word' id='word_1_775' title='bbox 4037 5116 4100 5165; x_wconf 72' lang='grc'><strong>43</strong></span> 
     </span>
    </p>
   </div>
   <div class='ocr_carea' id='block_1_115' title="bbox 2407 5163 3690 5227">
    <p class='ocr_par' dir='ltr' id='par_1_115' title="bbox 2407 5163 3690 5227">
     <span class='ocr_line' id='line_1_116' title="bbox 2407 5163 3690 5227; baseline 0.005 -14"><span class='ocrx_word' id='word_1_776' title='bbox 2407 5163 2621 5227; x_wconf 81' lang='lat' dir='ltr'><strong>tempus</strong></span> <span class='ocrx_word' id='word_1_777' title='bbox 2654 5165 2863 5225; x_wconf 69' lang='lat' dir='ltr'><strong>apogaei</strong></span> <span class='ocrx_word' id='word_1_778' title='bbox 2894 5163 3055 5227; x_wconf 57' lang='lat' dir='ltr'><strong>lunai</strong></span> <span class='ocrx_word' id='word_1_779' title='bbox 3465 5169 3526 5217; x_wconf 92' lang='lat' dir='ltr'><strong>D.</strong></span> <span class='ocrx_word' id='word_1_780' title='bbox 3626 5172 3690 5220; x_wconf 88' lang='lat' dir='ltr'><strong>H.</strong></span> 
     </span>
    </p>
   </div>
   <div class='ocr_carea' id='block_1_116' title="bbox 2469 5225 4099 5289">
    <p class='ocr_par' dir='ltr' id='par_1_116' title="bbox 2469 5225 4099 5289">
     <span class='ocr_line' id='line_1_117' title="bbox 2469 5225 4099 5289; baseline 0.001 -14"><span class='ocrx_word' id='word_1_781' title='bbox 2469 5225 2776 5288; x_wconf 76' lang='lat' dir='ltr'><strong>proximum</strong></span> <span class='ocrx_word' id='word_1_782' title='bbox 2812 5225 3096 5276; x_wconf 83' lang='lat' dir='ltr'><strong>novilunio</strong></span> <span class='ocrx_word' id='word_1_783' title='bbox 3446 5235 3530 5280; x_wconf 85' lang='lat'><strong>165</strong></span> <span class='ocrx_word' id='word_1_784' title='bbox 3660 5234 3690 5281; x_wconf 89' lang='grc'><strong>7</strong></span> <span class='ocrx_word' id='word_1_785' title='bbox 3821 5239 3877 5285; x_wconf 72' lang='grc'><strong>51</strong></span> <span class='ocrx_word' id='word_1_786' title='bbox 4041 5244 4099 5289; x_wconf 69' lang='lat'><strong>27</strong></span> 
     </span>
    </p>
   </div>
   <div class='ocr_carea' id='block_1_117' title="bbox 2406 5289 4100 5354">
    <p class='ocr_par' dir='ltr' id='par_1_117' title="bbox 2406 5289 4100 5354">
     <span class='ocr_line' id='line_1_118' title="bbox 2406 5289 4100 5354; baseline 0.006 -17"><span class='ocrx_word' id='word_1_787' title='bbox 2406 5289 2751 5354; x_wconf 83' lang='lat' dir='ltr'><strong>intervallum</strong></span> <span class='ocrx_word' id='word_1_788' title='bbox 2830 5350 2859 5354; x_wconf 61' lang='lat'><em>_7</em></span> <span class='ocrx_word' id='word_1_789' title='bbox 3158 5352 3167 5354; x_wconf 81' lang='lat'><strong>7</strong></span> <span class='ocrx_word' id='word_1_790' title='bbox 3498 5299 3524 5343; x_wconf 89' lang='lat'><strong>7</strong></span> <span class='ocrx_word' id='word_1_791' title='bbox 3656 5296 3686 5344; x_wconf 88' lang='lat'><strong>6</strong></span> <span class='ocrx_word' id='word_1_792' title='bbox 3817 5301 3874 5347; x_wconf 82' lang='lat'>21</span> <span class='ocrx_word' id='word_1_793' title='bbox 4039 5307 4100 5354; x_wconf 71' lang='lat'><strong>22</strong></span> 
     </span>
    </p>
   </div>
   <div class='ocr_carea' id='block_1_118' title="bbox 2405 5350 3674 5415">
    <p class='ocr_par' dir='ltr' id='par_1_118' title="bbox 2405 5350 3674 5415">
     <span class='ocr_line' id='line_1_119' title="bbox 2405 5350 3674 5415; baseline 0.004 -14"><span class='ocrx_word' id='word_1_794' title='bbox 2405 5358 2584 5401; x_wconf 88' lang='lat' dir='ltr'><strong>motus</strong></span> <span class='ocrx_word' id='word_1_795' title='bbox 2604 5350 2902 5415; x_wconf 75' lang='lat' dir='ltr'><strong>intervallo</strong></span> <span class='ocrx_word' id='word_1_796' title='bbox 2940 5352 3274 5415; x_wconf 77' lang='lat' dir='ltr'><strong>respondens</strong></span> <span class='ocrx_word' id='word_1_797' title='bbox 3462 5355 3513 5405; x_wconf 90' lang='lat' dir='ltr'><strong>S.</strong></span> <span class='ocrx_word' id='word_1_798' title='bbox 3614 5358 3674 5407; x_wconf 91' lang='lat' dir='ltr'><strong>G.</strong></span> 
     </span>
    </p>
   </div>
   <div class='ocr_carea' id='block_1_119' title="bbox 2407 5413 4096 5478">
    <p class='ocr_par' dir='ltr' id='par_1_119' title="bbox 2407 5413 4096 5478">
     <span class='ocr_line' id='line_1_120' title="bbox 2407 5413 4096 5478; baseline 0.004 -15"><span class='ocrx_word' id='word_1_799' title='bbox 2407 5413 2689 5463; x_wconf 79' lang='lat' dir='ltr'><strong>addendus</strong></span> <span class='ocrx_word' id='word_1_800' title='bbox 2782 5477 2785 5478; x_wconf 83' lang='lat'><strong>7</strong></span> <span class='ocrx_word' id='word_1_801' title='bbox 2826 5477 2834 5478; x_wconf 88' lang='lat'><strong>7</strong></span> <span class='ocrx_word' id='word_1_802' title='bbox 3030 5413 3045 5415; x_wconf 70' lang='grc'><em>’</em></span> <span class='ocrx_word' id='word_1_803' title='bbox 3498 5419 3528 5467; x_wconf 90' lang='lat'><strong>3</strong></span> <span class='ocrx_word' id='word_1_804' title='bbox 3657 5426 3682 5470; x_wconf 92' lang='lat'><strong>0</strong></span> <span class='ocrx_word' id='word_1_805' title='bbox 3815 5426 3877 5472; x_wconf 76' lang='grc'><strong>43</strong></span> <span class='ocrx_word' id='word_1_806' title='bbox 4037 5431 4096 5478; x_wconf 62' lang='grc' dir='ltr'><strong>εξ</strong></span> 
     </span>
    </p>
   </div>
   <div class='ocr_carea' id='block_1_120' title="bbox 2404 5477 4098 5540">
    <p class='ocr_par' dir='ltr' id='par_1_120' title="bbox 2404 5477 4098 5540">
     <span class='ocr_line' id='line_1_121' title="bbox 2404 5477 4098 5540; baseline 0.004 -13"><span class='ocrx_word' id='word_1_807' title='bbox 2404 5479 2555 5527; x_wconf 86' lang='lat' dir='ltr'><strong>locus</strong></span> <span class='ocrx_word' id='word_1_808' title='bbox 2587 5477 2791 5540; x_wconf 67' lang='lat' dir='ltr'><strong>apogaai</strong></span> <span class='ocrx_word' id='word_1_809' title='bbox 2826 5477 2966 5526; x_wconf 72' lang='lat' dir='ltr'><strong>lunae</strong></span> <span class='ocrx_word' id='word_1_810' title='bbox 3482 5486 3532 5530; x_wconf 91' lang='grc'><strong>11</strong></span> <span class='ocrx_word' id='word_1_811' title='bbox 3667 5487 3692 5532; x_wconf 78' lang='lat'>3</span> <span class='ocrx_word' id='word_1_812' title='bbox 3822 5486 3884 5536; x_wconf 70' lang='lat' dir='ltr'><strong>3t</strong></span> <span class='ocrx_word' id='word_1_813' title='bbox 4041 5477 4098 5539; x_wconf 48' lang='lat' dir='ltr'><strong>{ut</strong></span> 
     </span>
    </p>
   </div>
   <div class='ocr_carea' id='block_1_121' title="bbox 2407 5539 4094 5604">
    <p class='ocr_par' dir='ltr' id='par_1_121' title="bbox 2407 5539 4094 5604">
     <span class='ocr_line' id='line_1_122' title="bbox 2407 5539 4094 5604; baseline 0.005 -15"><span class='ocrx_word' id='word_1_814' title='bbox 2407 5543 2611 5604; x_wconf 87' lang='lat' dir='ltr'><strong>primus</strong></span> <span class='ocrx_word' id='word_1_815' title='bbox 2643 5539 2789 5588; x_wconf 85' lang='lat' dir='ltr'><strong>locus</strong></span> <span class='ocrx_word' id='word_1_816' title='bbox 2806 5540 2960 5604; x_wconf 79' lang='lat' dir='ltr'><strong>lunae</strong></span> <span class='ocrx_word' id='word_1_817' title='bbox 3090 5603 3093 5604; x_wconf 83' lang='lat'><strong>7</strong></span> <span class='ocrx_word' id='word_1_818' title='bbox 3509 5548 3537 5593; x_wconf 82' lang='lat'><strong>2</strong></span> <span class='ocrx_word' id='word_1_819' title='bbox 3663 5551 3688 5596; x_wconf 71' lang='grc' dir='ltr'>ι</span> <span class='ocrx_word' id='word_1_820' title='bbox 3825 5550 3886 5596; x_wconf 87' lang='grc'><strong>18</strong></span> <span class='ocrx_word' id='word_1_821' title='bbox 4039 5561 4094 5604; x_wconf 71' lang='grc'><strong>15</strong></span> 
     </span>
    </p>
   </div>
   <div class='ocr_carea' id='block_1_122' title="bbox 2405 5602 3694 5666">
    <p class='ocr_par' dir='ltr' id='par_1_122' title="bbox 2405 5602 3694 5666">
     <span class='ocr_line' id='line_1_123' title="bbox 2405 5602 3694 5666; baseline 0.003 -12"><span class='ocrx_word' id='word_1_822' title='bbox 2405 5602 2618 5666; x_wconf 79' lang='lat' dir='ltr'><strong>tempus</strong></span> <span class='ocrx_word' id='word_1_823' title='bbox 2653 5602 3225 5666; x_wconf 72' lang='lat' dir='ltr'><strong>prosthaphasreticum</strong></span> <span class='ocrx_word' id='word_1_824' title='bbox 3634 5611 3674 5658; x_wconf 81' lang='grc' dir='ltr'><strong><em>Η</em></strong></span> <span class='ocrx_word' id='word_1_825' title='bbox 3685 5647 3694 5657; x_wconf 95' lang='grc'>.</span> 
     </span>
    </p>
   </div>
   <div class='ocr_carea' id='block_1_123' title="bbox 2407 5667 4099 5732">
    <p class='ocr_par' dir='ltr' id='par_1_123' title="bbox 2407 5667 4099 5732">
     <span class='ocr_line' id='line_1_124' title="bbox 2407 5667 4099 5732; baseline 0.004 -14"><span class='ocrx_word' id='word_1_826' title='bbox 2407 5667 2718 5718; x_wconf 88' lang='lat' dir='ltr'><strong>addendum</strong></span> <span class='ocrx_word' id='word_1_827' title='bbox 3660 5674 3684 5723; x_wconf 89' lang='lat'><strong>1</strong></span> <span class='ocrx_word' id='word_1_828' title='bbox 3821 5676 3877 5725; x_wconf 82' lang='grc'><strong>-11</strong></span> <span class='ocrx_word' id='word_1_829' title='bbox 4043 5681 4099 5732; x_wconf 69' lang='lat'><strong>20</strong></span> 
     </span>
    </p>
   </div>
  </div>
