4248 6442
662 366 800 421 1195

1177 553 1374 614 Integra
1401 549 1589 598 duratio
1649 611 1664 614 _
1833 549 1894 614 57
2020 543 2074 598 ιτ

698 669 893 716 initium
1831 612 1894 718 H3
2016 660 2078 719 δι
2200 663 2261 718 23

691 729 908 777 medium
934 729 1134 789 eclipsis
1165 726 1270 776 Matt
1651 728 1714 776 25
1838 730 1895 777 10
2053 729 2071 776 1
2200 731 2260 778 50

696 791 804 836 nnis
1648 790 1709 837 25
1839 790 1893 838 l0
2016 790 2077 838 52
2202 793 2262 839 10

693 847 1106 917 Constantinopoli
1135 857 1241 910 post
1269 849 1478 898 mediam
1498 858 1710 899 noctem.

841 954 1053 1000 cmersio
1081 957 1112 998 Α
1127 953 1164 1000 υ
1335 949 1618 1015 Septentrto
1803 955 2070 1005 lncldentta
2089 955 2166 1004 At]

1333 1625 1564 1678 Meridies

1699 381 1759 432 P.
1802 378 2075 435 POSSINI
2110 383 2724 446 OBSERVATIONUM
2763 394 2896 448 LIB.
2941 399 3038 450 III.

2326 516 2381 582 Α
2412 508 2483 564 Et
2517 527 2650 567 vero
2701 519 2924 584 quanta
2971 533 3037 572 ea
3087 517 3285 585 fuerit,
3327 520 3396 575 ad
3445 521 3621 577 fidem
3673 523 3931 581 historia
3966 533 4065 582 aut

3941 405 4072 459 1196

2410 600 2692 669 temporis
2724 603 3009 660 rationem
3054 607 3202 662 nihil
3245 609 3441 677 refert,
3491 611 3754 681 probatis
3787 614 3919 670 aliis
3950 633 4067 672 cer-

2406 685 2655 742 tissimis
2690 691 2862 745 notis.
2893 692 3106 749 Verum
3138 713 3209 751 ne
3241 713 3308 752 ea
3332 699 3401 752 ad
3437 699 3733 771 integrum
3762 709 4063 760 exactum-

2407 790 2518 843 que
2577 777 2990 850 epilogismum
3051 785 3435 852 desideretur,
3490 804 3702 860 magna
3761 791 4067 864 diligentia

2405 879 2530 918 cam
2567 868 2932 938 consignavi.
2970 877 3041 926 Et
3083 890 3154 928 ne
3187 877 3318 944 quis
3349 876 3694 933 brevitatem
3744 897 3859 934 non
3913 882 4065 937 inte-

2404 968 2518 1021 grae
2561 954 2712 1010 horae
2764 957 2822 1011 in
2872 959 3074 1031 eclipsi
3123 980 3302 1034 prope
3351 965 3519 1019 totali
3569 967 3814 1022 nimiam
3868 986 4065 1042 repre-

2406 1042 2641 1109 hendat,
2693 1046 3131 1105 velocissimum
3185 1052 3334 1106 lunae
3399 1059 3626 1109 motum
3685 1066 4061 1127 apparentem

2405 1131 2558 1186 circa
2588 1134 2620 1186 3
2651 1135 3010 1204 parallaxem
3041 1139 3452 1210 longitudinis,
3487 1147 3608 1197 tam
3651 1144 3708 1199 in
3742 1145 4062 1202 incidentia

2403 1224 2716 1278 crescendo
2767 1226 2933 1281 valde
2977 1228 3035 1282 in
3071 1232 3395 1301 quadrante
3426 1233 3707 1288 Orientali
3758 1234 4062 1308 eclipticas,

2402 1325 2579 1378 quam
2620 1313 2678 1367 in
2711 1316 3041 1372 emersione
3091 1319 3346 1375 multum
3398 1321 3790 1378 decrescendo
3822 1325 3882 1380 in
3915 1343 4059 1397 qua-

2401 1398 2607 1454 drante
2664 1403 3038 1472 Occidentali,
3073 1409 3298 1478 [quaso
3357 1414 3421 1462 ut
3480 1426 3708 1465 mecum
3771 1415 4057 1470 attendat.

2396 1492 2482 1552 [1).
2516 1489 2641 1558 525]
2671 1497 2728 1545 et
2782 1493 3010 1548 desinet
3060 1497 3284 1552 mirari.
3320 1497 3450 1552 Hac
3499 1499 3556 1552 in
3604 1499 3854 1569 gratiam
3891 1501 3958 1557 Η.
3994 1507 4056 1555 Ρ.

2397 1577 2655 1646 Possini;
2693 1581 2790 1650 qui
2825 1581 2930 1636 viri
2965 1585 3137 1641 amici
3184 1586 3440 1640 laborem
3474 1593 3731 1657 gratum,
3766 1590 3815 1644 si
3848 1590 4059 1661 placet,

2395 1665 2653 1736 habebit,
2688 1675 2744 1726 et
2776 1687 2908 1725 eum
2936 1672 3052 1728 Deo
3080 1674 3136 1728 in
3167 1675 3292 1730 suis
3323 1676 3692 1731 orationibus
3719 1683 3777 1733 et
3807 1679 4058 1735 sanctis-

1271 1747 1436 1807 Tyrus
1455 1746 1684 1808 eclipseos
2393 1757 2563 1813 simis
2596 1761 2903 1816 sacriﬁciis
2935 1766 3416 1820 commendatum
3448 1766 3707 1821 habebit.

991 1834 1040 1881 in
1060 1833 1314 1912 trianguli)
1483 1835 1776 1904 rectangulo
1801 1836 1852 1912 i_n‘
1877 1841 1930 1888 Α.
1997 1899 2037 1912 η
2173 1895 2244 1912 Μ,

2380 1894 2386 1912 ,
2465 1847 2551 1901 IV.
2588 1847 2884 1904 Hactenus
2937 1851 3001 1905 Β.
3038 1855 3098 1906 Ρ.
3132 1852 3392 1908 Jacobus
3437 1853 3761 1910 Grantami.
3794 1857 3899 1911 Cui
3952 1858 4056 1910 ad-

687 1890 757 1941 Ex
783 1907 965 1940 summa
999 1887 1472 1946 seniidia'metrorutn
1499 1895 1510 1904 “
1660 1887 1713 1900 νγ
1804 1899 1857 1946 31
1892 1887 1901 1888 ί
1988 1899 2041 1953 41
2172 1895 2244 1950 BC
2341 1887 2561 1954 Βιμί
2588 1887 2884 1954 δωννωῖυῡ
2937 1887 3001 1905 η’
3132 1887 3392 1954 unum“?
3437 1887 3638 1954 mf“:

687 1940 809 2017 tr:th
827 1967 989 2001 areum
1007 1940 1145 2017 inter
1166 1940 1353 2002 centra
1370 1940 1378 1942 ἡ
1398 1940 1472 1946 ’Ψ
1805 1940 1857 2008 '3-

2380 1940 2639 2005 'jungam
2666 1940 2816 2007 quod
2843 1942 3151 1995 consultus
3175 1959 3208 1996 a
3229 1959 3321 1997 me
3345 1943 3415 1997 de
3439 1943 3640 2014 eclipsi
3665 1945 3866 1999 eadem
3896 1945 3961 1999 Ρι.
3989 1950 4057 1999 Ρ.

684 2013 1115 2088 habeascrupulos
1141 2017 1317 2065 mediae
1340 2019 1625 2070 durationis-
1800 2021 1867 2069 δι·
1985 2023 2047 2070 δῦ
2160 2013 2245 2076 ἈΒ
2393 2024 2650 2081 Joannes
2701 2030 2965 2098 Baptista
3015 2030 3330 2098 Ricciolus,
3363 2013 3565 2086 statim
3616 2032 4056 2088 humanissime

695 2207 792 2262 Ill.
827 2208 906 2263 Ex
936 2208 1046 2264 hoc
1078 2209 1425 2281 epilogismo
1459 2212 1953 2286 clarissimumlﬁt
1976 2216 2051 2286 [in
2074 2215 2275 2287 eclipsi

623 2295 913 2368 descripta
946 2299 1186 2370 reperiri
1218 2300 1582 2356 characteres
1611 2320 1643 2358 a
1667 2303 1989 2374 Nicephoro
2023 2304 2277 2375 Gregora

621 2384 978 2456 designatos,
1011 2404 1232 2442 annum
1277 2406 1309 2443 a
1359 2391 1578 2446 mundo
1634 2392 1866 2446 condito
1897 2394 2058 2460 6775,
2094 2394 2149 2447 id
2185 2399 2274 2447 est

609 2472 826 2527 Christi
864 2475 1020 2544 1267,
1059 2475 1189 2530 Maii
1236 2477 1387 2531 diem
1416 2479 1507 2546 25,
1543 2479 1746 2534 horam
1780 2487 1914 2535 ante
1963 2482 2270 2536 meridiem

608 2561 664 2624 3,
698 2566 753 2615 et
795 2563 1010 2633 digitos
1061 2580 1240 2635 prope
1296 2567 1382 2634 12,
1418 2569 1571 2622 unde
1623 2573 1784 2623 tanta
1833 2571 2162 2624 obscuritas
2212 2572 2269 2626 in

612 2651 754 2704 141
796 2653 953 2706 terra
1001 2657 1064 2705 ut
1114 2640 1294 2708 stella:
1329 2655 1385 2708 in
1421 2656 1562 2711 coelo
1611 2664 1978 2728 apparerent.
2013 2662 2083 2713 At
2123 2660 2268 2714 defi-

604 2738 683 2792 cit
718 2755 835 2794 una
869 2739 1145 2805 illustris,
1181 2748 1318 2798 nota
1359 2743 1469 2798 loci
1513 2745 1655 2799 solis
1689 2747 1745 2800 in
1778 2746 2020 2802 Zodiaco
2056 2766 2067 2802 :
2102 2750 2268 2819 ponit

602 2828 760 2882 enim
805 2828 1171 2901 Nicephorus
1225 2834 1473 2903 gradum
1524 2835 1554 2888 4
1605 2835 2010 2907 Geminorum,
2067 2843 2266 2892 noster

603 2922 799 2972 autem
832 2917 1096 2974 calculus
1130 2921 1216 2974 10.
1244 2922 1353 2976 Sed
1380 2923 1438 2976 in
1462 2939 1527 2977 eo
1552 2923 1916 2994 Nicephorus
2015 2926 2260 2981 anifeste

604 3004 1026 3076 hallucinatur,
1095 3013 1332 3063 secutus
1402 3028 1515 3065 non
1582 3013 2008 3068 astronomicos
2074 3015 2254 3086 leges,

601 3095 700 3148 sed
754 3095 1097 3167 popularem
1144 3100 1392 3168 putandi
1427 3101 1712 3156 rationem
1764 3108 1819 3157 et
1878 3120 2253 3159 communem

598 3200 852 3239 errorem
911 3185 1289 3257 jungentium
1350 3179 1768 3260 aequinoctium
1827 3209 2096 3260 vernum,
2147 3210 2246 3249 seu

2393 2117 2697 2186 respondit
2728 2117 2889 2172 hisce
2921 2119 3092 2189 plane
3122 2119 3339 2174 verbis.

2460 2211 2588 2260 Afra
2654 2206 3302 2278 Constantinopolitana
3379 2211 3664 2281 supponit
3726 2211 4057 2280 completos

2389 2295 2571 2349 fuisse
2623 2296 2825 2349 mundi
2877 2314 3064 2352 annos
3109 2299 3249 2351 5508
3301 2305 3436 2353 ante
3497 2299 3773 2353 usitatam
3836 2300 4058 2356 Christi

2385 2401 2580 2437 teram.
2616 2385 2804 2447 Quare
2836 2403 3028 2440 annus
3056 2387 3199 2439 6775
3230 2405 3354 2441 εει-δε
3379 2388 4054 2458 Constantinopolitanae

2382 2480 2470 2527 est
2505 2490 2627 2526 aeriae.
2661 2473 3198 2544 Christianm31267.

2455 2563 2603 2617 742
2633 2565 2799 2617 Anno
2832 2563 3047 2618 Christi
3083 2565 3220 2617 1267
3266 2565 3465 2636 cyclus
3497 2563 3652 2621 luna
3683 2583 3786 2622 seu
3821 2583 4043 2623 aureus

2377 2668 2660 2706 numerus
2693 2651 2803 2705 fuit
2835 2653 2921 2717 14,
2962 2658 3166 2722 epacta
3191 2655 3244 2719 3,
3279 2654 3649 2709 novilunium
3685 2655 3853 2711 civile
3891 2657 4047 2711 inter

2372 2741 2442 2792 25
2486 2746 2542 2794 et
2586 2742 2656 2793 26
2705 2740 2861 2796 Maii.
2913 2741 3122 2812 Cyclus
3173 2742 3317 2798 solis
3371 2744 3483 2798 fuit
3537 2745 3626 2811 16,
3686 2743 3884 2800 littera
3940 2747 4049 2800 do-

2371 2829 2662 2885 minicalis
2691 2831 2753 2899 B,
2789 2834 2845 2885 et
2871 2831 3097 2902 dies,_25
3128 2832 3264 2887 Maii
3300 2833 3508 2888 incidit
3536 2834 3593 2888 in
3630 2834 3834 2890 feriam
3869 2852 4024 2907 quar

2369 2926 2512 2976 tam.

2437 3012 2602 3063 Anno
2643 3010 2845 3064 eodem
2882 3011 3038 3076 1267,
3074 3011 3167 3065 die
3215 3012 3284 3064 25
3329 3011 3488 3079 Maii,
3523 3012 3900 3069 novilunium
3937 3033 4036 3071 ve-

2365 3115 2497 3152 rum
2541 3098 3050 3170 Constantinopoli
3101 3099 3212 3155 fuit
3260 3100 3612 3171 sesquihora
3664 3107 3800 3159 ante
3848 3106 3998 3159 meri
4027 3136 4050 3146 -

2373 3187 2528 3242 diem
2566 3203 2578 3255 ;
2615 3189 2714 3243 sed
2750 3189 2821 3243 ob
2855 3188 3199 3260 parallaxim
3236 3188 3628 3260 longitudinis
3669 3192 3780 3246 fuit
3813 3196 3960 3248 hora
3992 3195 4050 3260 3,

599 3274 859 3345 primum
908 3254 1159 3346 gradum
1212 3254 1446 3347 Arietis;
1482 3297 1618 3336 cum
1667 3282 1732 3336 21
1775 3283 1965 3338 Martii
2005 3301 2016 3338 ε
2052 3254 2257 3354 ρὐεω-
2293 3254 2334 3320 C
2377 3254 2624 3332 minutis
2655 3278 2710 3346 5,
2744 3254 2877 3332 ante
2906 3277 3213 3332 meridiem
3248 3254 3372 3332 sole
3398 3283 3457 3333 et
3489 3278 3633 3333 luna
3663 3254 4044 3337 versantibus

603 3364 923 3420 admodum
970 3367 1092 3437 jam
1128 3384 1161 3422 a
1192 3369 1440 3425 concilio
1489 3370 1721 3426 Niczeno
1771 3372 1829 3426 in
1879 3390 1987 3427 usu
2029 3373 2085 3427 id
2120 3379 2265 3439 erat,

600 3469 715 3506 non
748 3454 1077 3525 observato,
1113 3457 1320 3512 saltem
1369 3477 1482 3515 non
1514 3467 1792 3528 correcto,
1825 3461 1967 3516 vitio
2001 3468 2267 3518 anteces-

604 3541 789 3596 sionis
848 3545 1184 3614 aequinoctii
1237 3563 1441 3602 versus
1491 3548 1728 3604 initium
1776 3551 2041 3606 Januarii
2091 3552 2266 3606 unius

602 3631 714 3686 diei
752 3648 850 3700 per
880 3638 1114 3688 centum
1162 3636 1404 3706 triginta
1453 3638 1683 3693 circiter
1717 3656 1925 3694 annos.
1964 3641 2070 3706 Qui
2104 3659 2267 3695 error

606 3725 807 3790 postea
861 3727 1161 3778 correctus
1213 3732 1302 3779 est
1352 3743 1504 3782 anno
1554 3728 1769 3784 Christi
1821 3731 1976 3796 1582,
2013 3730 2265 3785 sublatis

601 3811 667 3862 1O
718 3809 950 3874 diebus.
993 3812 1211 3882 quibus
1260 3813 1498 3870 initium
1547 3817 1759 3872 Arietis
1809 3817 1999 3872 Martii
2054 3818 2266 3872 vicesi-

592 3915 756 3952 mum
811 3900 1070 3969 primum
1123 3909 1521 3974 praecesserat.
1559 3906 1628 3960 Et
1684 3922 1883 3960 revera
1932 3924 1966 3961 a
2015 3908 2263 3962 concilio

591 3987 827 4042 Niczeno
861 3988 1061 4043 habito
1115 4008 1267 4046 anno
1317 3992 1534 4048 Christi
1563 3995 1670 4048 325
1702 4012 1888 4066 usque
1922 3997 1990 4050 ad
2029 4001 2264 4067 tempus

596 4075 777 4145 hujus
823 4077 1062 4149 eclipsis
1112 4097 1266 4135 anno
1317 4081 1534 4137 Christi
1588 4085 1723 4138 1267
1779 4085 1915 4139 anni
1968 4086 2264 4140 ﬂuxerunt

595 4166 723 4231 942,
761 4184 864 4237 pro
916 4169 1136 4238 quibus
1186 4169 1551 4242 Nicephorus
1583 4190 1684 4228 sex
1724 4175 1946 4245 gradus
1997 4186 2259 4230 anteces-

595 4254 782 4310 sionis
815 4255 1200 4313 Geminorum
1245 4262 1574 4331 usurpavit,
1610 4280 1744 4317 cum
1791 4264 2000 4318 merito
2033 4269 2256 4334 septem

590 4345 854 4416 integros
907 4362 1215 4402 numerare
1265 4351 1576 4420 potuisset.
1627 4352 1842 4407 Sethus
1869 4353 2158 4409 Calvisius
2201 4355 2256 4409 in

584 4433 938 4506 Chronolog.
992 4453 1147 4490 anno
1179 4437 1396 4492 Christi
1432 4441 1565 4493 1267
1599 4441 1749 4496 hanc
1796 4443 2260 4514 eclipsiminota-

577 4520 680 4587 vit,
716 4522 921 4576 eodem
972 4539 1127 4578 anno
1159 4529 1216 4580 et
1247 4525 1339 4579 die
1385 4543 1498 4596 quo
1550 4528 1946 4600 Nicephorus;
1999 4548 2257 4602 eumque

2377 3367 2432 3421 in
2465 3367 2652 3437 gradu
2698 3367 2764 3419 12
2814 3366 3218 3422 Geminorum.
3252 3368 3527 3422 Latitudo
3572 3367 3724 3423 lunae
3782 3370 4040 3426 borealis

2375 3461 2432 3510 et
2481 3473 2617 3510 vera
2670 3455 2782 3510 fuit
2834 3455 3204 3511 minutorum
3239 3456 3326 3524 19,
3361 3457 3423 3523 8;
3477 3457 3577 3512 sed
3632 3475 3932 3529 apparens
3978 3462 4052 3516 ob

2375 3541 2721 3613 parallaxim
2754 3540 3092 3597 latitudinis
3123 3542 3236 3597 fuit
3265 3542 3542 3598 australis
3568 3548 3626 3597 et
3664 3545 4038 3601 minutorum

2372 3633 2424 3698 3,
2459 3633 2522 3699 8;
2556 3647 2792 3686 summa
2825 3635 3020 3686 autem
3066 3629 3647 3686 semidiametrorum
3683 3633 3828 3688 solis
3864 3641 3927 3690 et
3961 3635 4051 3690 lu-

2372 3739 2458 3776 nas
2507 3721 2615 3774 fuit
2669 3720 3038 3774 minutorum
3083 3722 3174 3787 30,
3205 3721 3304 3784 40;
3338 3725 3395 3776 et
3438 3721 3582 3776 solis
3633 3721 3930 3778 diameter
3960 3724 4051 3778 in-

2371 3816 2534 3881 tegra
2584 3810 2948 3864 minutorum
2983 3811 3072 3879 31,
3103 3811 3204 3877 38;
3257 3809 3506 3881 ideoque
3561 3812 3731 3881 digiti
3783 3813 4049 3884 ecliptici

2372 3902 2457 3964 11,
2491 3901 2578 3952 25.
2616 3899 2723 3953 Sed
2759 3916 2825 3954 eo
2859 3900 3016 3970 quod
3067 3899 3215 3954 radii
3263 3899 3405 3955 solis
3450 3899 3690 3971 oblique
3724 3901 3785 3955 in
3818 3906 4043 3958 terram

2369 3989 2697 4043 incidentes
2729 3988 3014 4043 aliorsum
3062 3987 3265 4058 procul
3300 4005 3332 4041 a
3362 3989 3577 4044 vertice
3619 3990 4040 4046 Constantino-

2369 4077 2520 4148 polis
2553 4077 3014 4143 reﬂecterentur,
3049 4093 3155 4132 nec
3203 4077 3458 4132 multum
3491 4094 3682 4132 aerem
3719 4096 3906 4151 supra
3940 4099 4040 4152 po-

2370 4169 2549 4222 situm
2582 4167 2968 4234 illustrarent,
2998 4169 3124 4221 visa
3157 4172 3245 4221 est
3275 4167 3513 4238 eclipsis
3547 4184 3694 4238 pene
3728 4169 3954 4237 totalis,
3987 4175 4042 4224 et

2369 4256 2547 4312 stellae
2580 4255 2868 4311 horizonti
2911 4257 3215 4327 propiores
3247 4256 3495 4327 aliaeque
3527 4258 3788 4329 conspici
3823 4264 4037 4330 potue~

2368 4352 2522 4403 runL

2437 4439 2517 4492 Ex
2557 4453 2689 4492 mea
2719 4436 3088 4508 Geographie
3130 4437 3449 4492 reformata
3501 4453 3772 4508 suppono
3823 4436 4030 4491 altitu-

2365 4528 2563 4582 dinem
2596 4526 2713 4597 poli
2768 4524 3311 4598 Constantinopolis
3361 4542 3489 4581 esse
3531 4527 3696 4598 grad.
3733 4526 3823 4592 42,
3856 4527 3952 4590 56,
3987 4532 4043 4581 et

573 4610 729 4664 circa
781 4610 812 4663 4
862 4612 1116 4681 gradum
1175 4613 1556 4672 Geminorum
1609 4619 1746 4688 jure
1807 4621 2046 4690 corrigit
2089 4638 2100 4675 ε
2145 4624 2244 4676 sed
2284 4621 2325 4682 D
2359 4617 2790 4688 longitudinem
2847 4633 2878 4670 a
2924 4615 3126 4670 Palma
3175 4614 3372 4671 insula
3423 4615 3887 4671 Fortunatarum
3941 4632 4032 4688 gr.

574 4699 892 4770 contigisse
929 4701 1010 4755 ait
1052 4703 1194 4758 hora
1226 4704 1391 4772 11,9.
1416 4706 1506 4774 21,
1536 4714 1667 4776 post
1701 4710 1952 4763 mediam
1988 4716 2242 4779 noctem,

569 4789 802 4844 tardius
850 4790 1038 4846 multo
1088 4809 1266 4864 quam
1299 4794 1440 4849 velit
1471 4795 1835 4868 Nicephorus
1877 4799 1975 4870 qui
2025 4801 2058 4853 3
2109 4805 2246 4856 ante

569 4880 873 4936 meridiem
925 4883 1157 4951 scribit;
1193 4901 1328 4940 cum
1363 4903 1476 4957 quo
1528 4888 1678 4943 belle
1729 4890 1994 4946 calculus
2046 4897 2245 4946 noster

566 4971 859 5026 convenit.
894 4972 1176 5029 Numerat
1216 4981 1412 5032 autem
1446 4978 1738 5034 Calvisius
1772 4980 1990 5051 digitos
2027 4982 2242 5036 obscu-

568 5061 816 5117 rationis
851 5063 940 5132 11,
970 5063 1060 5129 52,
1097 5063 1215 5119 fere
1246 5070 1310 5120 ut
1342 5083 1449 5122 nos
1481 5072 1539 5122 et
1585 5070 1948 5139 Nicephorus
1979 5072 2240 5142 proxime

566 5152 635 5206 ad
669 5151 949 5218 totalem;
985 5153 1193 5208 feriam
1228 5171 1466 5227 quoque
1497 5164 1772 5227 quartam
1809 5159 1915 5215 rite
1943 5161 2236 5232 designat,

562 5246 621 5296 et
671 5242 880 5312 probat
938 5241 1139 5314 cyclus
1189 5243 1333 5299 solis
1390 5246 1478 5314 16,
1512 5246 1708 5302 littera
1757 5248 1820 5302 Β.
1855 5249 2144 5319 Keplerus
2177 5251 2233 5305 in

562 5331 783 5386 tabulis
837 5331 1170 5388 Rudolfinis
1204 5335 1362 5405 p.98
1410 5336 1676 5405 ejusdem
1730 5337 2019 5409 eclipseos
2071 5356 2232 5394 men-

563 5421 784 5476 tionem
820 5421 977 5488 facit,
1011 5428 1068 5477 et
1100 5425 1361 5478 ostendit
1411 5432 1567 5480 recte
1600 5443 1630 5479 a
1663 5426 1912 5483 Calvisio
1941 5428 2229 5499 Nicepho-

561 5528 692 5566 rum
753 5512 1124 5583 reprehendi,
1187 5519 1242 5568 et
1292 5531 1427 5570 cum
1479 5532 1546 5569 eo
1608 5518 1772 5587 ponit
1821 5519 1987 5587 grad.
2043 5521 2128 5586 10,
2160 5519 2230 5573 59

555 5601 961 5667 Geminorum,
1025 5603 1202 5674 paulo
1257 5604 1558 5659 liberalior
1607 5605 1665 5659 in
1722 5607 1992 5662 minutis.
2053 5609 2229 5664 Porro

548 5692 620 5745 de
653 5692 963 5747 duratione
1004 5692 1188 5763 hujus
1218 5694 1458 5765 eclipsis
1491 5711 1683 5765 neque
1724 5695 2094 5767 Nicephorus
2127 5713 2228 5753 ne-

548 5798 664 5854 que
708 5781 996 5839 Calvisius
1047 5788 1149 5839 aut
1191 5784 1477 5856 Keplerus
1523 5785 1851 5856 quidquam
1904 5786 2224 5843 afﬁrmant.

2355 4709 2446 4772 54,
2478 4709 2566 4761 36.

2427 4797 2575 4861 Quid
2605 4796 2718 4851 sibi
2749 4795 2888 4851 velit
2917 4795 3229 4867 Gregoras,
3263 4799 3364 4850 aut
3395 4795 3614 4867 quibus
3645 4811 3715 4850 ex
3745 4795 4035 4868 epheme-

2355 4887 2586 4942 ridibus
2615 4886 2880 4941 hauserit
2913 4885 3095 4940 solem
3131 4886 3312 4941 fuisse
3338 4891 3477 4940 tunc
3509 4885 3564 4939 in
3595 4891 3806 4957 quarto
3838 4888 4028 4957 gradu

2354 4993 2453 5030 seu
2491 4980 2654 5047 parte
2686 4976 3095 5043 Geminorum,
3131 4975 3366 5046 penitus
3407 4976 3631 5046 ignoro.
3677 4976 3831 5029 Licet
3868 4977 4030 5030 enim

2352 5065 2563 5120 tabulae
2617 5066 3024 5120 astronomicaa
3077 5065 3405 5136 insignium
3460 5064 4028 5121 matbematicorum

2349 5156 2554 5226 paucis
2585 5154 2811 5226 aliquot
2861 5154 3112 5209 minutis
3159 5154 3451 5208 dissidere
3485 5153 3719 5226 possint
3770 5171 3805 5208 ι
3853 5155 4027 5216 meis,

2349 5245 2555 5301 multis
2584 5252 2781 5300 tamen
2815 5244 3098 5316 gradibus
3125 5243 3322 5299 nullae.
3343 5243 3509 5299 Certe
3536 5243 3697 5298 enim
3730 5261 3891 5298 anno
3925 5243 4025 5298 illo

2348 5339 2484 5392 1267
2517 5336 2603 5392 sol
2638 5336 3084 5408 ingrediebatur
3129 5337 3187 5390 in
3240 5335 3410 5407 signa
3461 5334 3697 5390 Zodiaci
3748 5334 3962 5390 diebus
3990 5335 4024 5386 9

2344 5433 2446 5482 aut
2481 5429 2546 5480 1O
2577 5426 2752 5482 cilius
2793 5443 2969 5497 quam
3028 5442 3184 5480 nunc
3235 5430 3369 5497 post
3417 5423 3844 5479 correctionem
3879 5428 4017 5479 Gre-

2343 5518 2646 5589 gorianam
2682 5515 3036 5571 Kalendarii.
3071 5515 3235 5570 Nunc
3291 5518 3487 5570 autem
3541 5513 3877 5583 ingreditur
3909 5513 4014 5567 Ge-

2344 5607 2534 5662 minos
2578 5606 2672 5660 die
2702 5607 2771 5660 22
2799 5614 2893 5659 aut
2924 5606 2994 5659 23
3024 5604 3179 5660 Maii.
3219 5605 3337 5675 Ego
3387 5609 3528 5658 tunc
3579 5603 3675 5657 die
3709 5604 3778 5657 13
3809 5609 3914 5657 aut
3946 5602 4011 5654 14

2341 5697 2592 5752 circiter.
2626 5699 2814 5767 Atque
2847 5697 2991 5750 adeo
3022 5695 3114 5750 die
3143 5696 3216 5749 25
3247 5694 3380 5749 Maii
3414 5699 3537 5749 erat
3566 5694 3689 5764 jam
3725 5693 3784 5747 in
3821 5694 3881 5746 11
3920 5689 4004 5745 vel

2342 5787 2408 5842 12
2437 5786 2624 5858 gradu
2657 5785 3064 5843 Geminorum.
