4218 6450
225 385 364 440 1197

1612 381 2117 441 CHRONOLOGIC
2127 382 2227 436 U8.

3476 381 3613 436 1198

297 508 424 563 Hec
445 507 562 580 ille,
582 507 1004 579 Habes,loctor,
1019 506 1553 563 eruditissimorum
1576 506 1869 561 hominum
1898 509 1953 572 Α
1983 507 2235 576 quatuor
2262 506 2319 558 et
2347 504 2557 576 viginti
2592 506 2741 578 patri
2796 504 3062 561 morienti
3119 504 3495 562 successime.
3554 504 3618 560 Si

223 598 282 651 et
336 597 739 668 prastantium
798 602 1242 653 astonomorum
1293 596 1447 651 circa
1501 594 1769 665 eclipsim
1832 612 1863 649 a
1971 594 2125 648 enim
2160 593 2208 647 is
2241 596 2545 665 patrejam
2576 594 2920 666 imperante,
2951 598 3009 649 et
3033 595 3270 665 quidem
3321 594 3616 651 secundus

223 684 549 756 Nicephoro
575 686 830 757 Gregora
860 690 1241 741 memoratam
1297 684 1518 754 judicia
1548 689 1604 739 et
1635 683 1867 738 ratioci-

225 773 344 839 nia,
378 790 503 844 quae
535 779 756 829 tantam
786 778 914 845 ejus
955 775 1222 829 notitiam
1246 772 1629 845 suppeditant
1650 777 1868 842 quanta

225 863 415 933 optari
449 862 567 918 fere
609 868 821 933 potest,
853 866 1008 918 certe
1066 880 1193 933 que
1227 862 1460 917 abunde
1513 862 1742 916 sufficia
1799 861 1869 914 ad

228 968 401 1006 usum
436 957 701 1007 nostrum
733 952 1091 1024 insigniendi
1114 953 1249 1006 anni
1274 968 1391 1022 quo
1409 952 1697 1006 Germano
1715 950 1870 1004 abdi-

226 1046 399 1096 cante
429 1040 725 1112 Josephus
757 1042 1091 1112 patriarcha
1131 1041 1245 1113 est;
1264 1044 1521 1105 creatus,
1555 1045 1675 1094 tam
1706 1038 1873 1094 lucu-

225 1128 384 1184 lento
441 1129 797 1197 charactere,
833 1135 896 1185 ut
948 1129 1005 1185 in
1041 1144 1107 1183 eo
1155 1146 1188 1183 a
1241 1128 1467 1185 caeteris
1525 1128 1875 1182 dicernendo

226 1218 345 1273 labi
373 1217 645 1291 deinceps
679 1224 779 1274 aut
817 1219 906 1274 vel
939 1218 1198 1273 titubare
1236 1218 1550 1289 quisquam
1607 1221 1873 1288 nequeat.

841 1360 1077 1417 CAPUT
1111 1360 1254 1414 VIII.

230 1449 558 1522 Andronici,
599 1452 696 1522 qui
749 1449 1018 1506 Michaeli
1065 1451 1310 1522 Augusto
1344 1450 1766 1520 primogenitus,
1821 1449 1878 1522 in

302 1521 534 1590 imperio
564 1520 765 1592 collega
793 1526 846 1577 et
872 1526 993 1592 post
1017 1524 1133 1587 eius
1150 1520 1373 1576 obitum
1421 1536 1702 1575 successor
1746 1520 1879 1587 fuit,

302 1598 443 1650 aetas
505 1594 751 1664 conjugii
808 1602 861 1648 et
907 1593 1200 1648 evectionis
1232 1594 1289 1646 in
1315 1593 1605 1661 imperium
1647 1602 1881 1661 tempus,

301 1674 735 1735 exterat-umque
762 1666 881 1736 ejus
910 1672 1153 1719 actorum
1185 1664 1557 1734 chronologm.

305 1792 345 1845 Ι.
382 1789 647 1845 Michaeli
689 1788 1014 1861 Paleologo
1073 1789 1175 1862 qui
1206 1788 1497 1844 successit
1527 1788 1585 1843 in
1638 1788 1885 1860 imperio

231 1880 624 1948 Andronicus,
648 1880 844 1937 senior
870 1881 944 1936 ab
974 1880 1270 1937 historicis
1302 1880 1730 1952 posterioribus
1760 1879 1881 1934 dic-
1914 1862 1963 1928 B

232 1974 334 2025 tus
364 1986 434 2025 ex
457 1969 894 2041 comparatione
924 1986 1055 2025 cum
1093 1969 1282 2040 ipsius
1318 1973 1527 2040 nepote
1557 1968 1889 2023 Andronico

226 2060 490 2130 juniore,
512 2058 600 2114 avi
632 2058 694 2113 in
724 2059 974 2130 imperio
1005 2058 1247 2130 collega,
1282 2058 1523 2129 quicum
1570 2058 1725 2112 748
1760 2072 1889 2128 gra-

236 2165 338 2204 ves
395 2151 453 2203 et
479 2147 562 2203 rei
618 2148 892 2203 Romanas
970 2147 1500 2219 perniciosissimus
1550 2146 1893 2201 inimicitias

236 2238 519 2301 exercuit,
546 2237 607 2291 in
638 2236 954 2292 Cantazeni
978 2236 1302 2309 praesertim
1330 2236 1575 2291 historia
1606 2242 1893 2304 narratas,

239 2326 329 2399 [Ρ.
358 2327 483 2394 526]
523 2326 909 2393 Andronicus,
942 2326 1208 2397 inquam,
1242 2325 1436 2380 senior
1466 2323 1771 2380 Michaelis
1804 2324 1897 2378 Pa-

236 2414 463 2488 leologi
489 2415 702 2487 prioris
726 2415 1177 2487 primogenitus,
1196 2414 1426 2486 imperii
1446 2414 1670 2484 collega
1690 2419 1746 2467 et
1768 2416 1898 2484 post

242 2503 430 2574 patris
480 2509 722 2560 mortem
765 2518 1096 2569 successor,
1128 2504 1365 2574 quando
1418 2508 1592 2557 natus
1649 2502 1747 2567 sit,
1782 2518 1898 2572 qua

237 2598 409 2649 aetate
440 2609 676 2648 uxorem
728 2593 960 2647 duxerit
1018 2609 1134 2663 quo
1195 2609 1348 2647 anno
1382 2591 1676 2663 particeps
1709 2592 1898 2645 factus

238 2682 418 2737 fuerit
449 2685 722 2753 Augustae
766 2682 1097 2752 potestatis,
1131 2682 1424 2737 incertum
1472 2681 1695 2735 faciunt
1725 2681 1897 2735 varia;

231 2788 301 2826 ac
348 2772 496 2825 male
547 2772 702 2826 inter
747 2786 874 2825 sese
924 2771 1284 2826 cohaerentes
1332 2787 1463 2825 cum
1526 2770 1898 2842 Pachymeris

232 2866 366 2915 tum
385 2860 651 2932 Gregoraa
682 2860 1004 2915 etaliorum
1038 2861 1139 2931 qui
1175 2860 1244 2915 de
1275 2859 1413 2915 illus
1440 2862 1614 2915 rebus
1647 2860 1897 2931 scripse-

227 2954 374 3005 runt
421 2949 862 3004 affirmationes.
916 2951 1107 3015 Quare
1136 2965 1320 3019 Operae
1372 2949 1623 3020 pretium
1678 2964 1770 3002 me
1821 2949 1899 3002 fa-

244 3044 486 3094 cturum
520 3038 718 3098 statui,
742 3039 789 3093 si
825 3039 1154 3093 evolvenda
1184 3055 1253 3094 ex
1270 3040 1618 3110 ambagibus
1635 3042 1694 3093 et
1721 3042 1899 3107 certo,

231 3129 429 3201 quoad
462 3126 679 3194 licebit,
722 3127 1057 3199 digerenda:
1088 3128 1293 3184 ordine
1334 3144 1530 3185 rerum
1573 3127 1761 3198 ipsius
1795 3129 1901 3183 hac

238 3216 495 3273 historia
525 3224 983 3273 memoratarum
1019 3215 1408 3289 chronologiaa
1457 3218 1667 3288 capitis
1717 3217 1895 3288 hujus
1925 3213 1968 3280 C

242 3322 488 3379 operam
519 3306 943 3378 impenderem.
976 3306 1170 3362 Prima
1192 3308 1456 3362 omnium
1480 3307 1792 3362 statuenda
1811 3317 1898 3362 est

238 3396 467 3466 epocha
494 3394 707 3451 natalis
722 3395 1035 3450 Andronici
1063 3395 1263 3463 hujus,
1279 3394 1568 3467 perplexis
1590 3396 1897 3467 Pachyme-

242 3483 330 3539 ris
352 3490 407 3538 et
428 3484 713 3561 Gregorio
732 3483 1167 3537 assertionibus
1191 3488 1427 3537 nutans.
1444 3482 1658 3537 Scribit
1679 3483 1897 3555 Pachy-

244 3589 462 3641 meres,
492 3572 533 3628 l.
574 3587 662 3638 III,
688 3588 739 3626 c.
770 3571 827 3635 7,
850 3572 1215 3628 Theodoram
1265 3571 1568 3629 Michaelis
1600 3572 1901 3643 Palaeologi

250 3678 518 3729 uxorem,
553 3677 685 3716 cum
720 3662 1103 3731 comperisset
1130 3662 1316 3716 virum
1346 3678 1517 3716 suum
1547 3662 1802 3733 cogitare
1831 3663 1903 3717 de

242 3768 308 3807 se
334 3749 704 3822 repudianda
733 3750 1193 3822 asciscendaque
1211 3750 1338 3805 loco
1359 3751 1487 3821 ejus
1508 3750 1565 3805 in
1591 3752 1900 3822 conjugem

242 3848 419 3895 Anna
452 3839 735 3894 Alamana
753 3839 1001 3895 Joannis
1021 3844 1268 3894 Batatzze
1280 3840 1418 3895 olim
1438 3841 1684 3911 Augusti
1708 3841 1903 3906 vidua,

244 3929 527 3999 graviter,
551 3932 617 3983 ut
638 3946 742 4001 par
758 3933 903 3995 erat,
924 3929 981 3983 id
1010 3930 1285 3984 ferentem
1320 3930 1721 4001 expostulasse
1752 3934 1902 4002 quod

246 4034 311 4074 se
352 4022 692 4074 coronatam
725 4018 843 4089 jam
870 4020 1193 4091 Augustam
1227 4018 1352 4074 sine
1374 4018 1493 4074 ulla
1522 4036 1703 4075 causa
1731 4020 1910 4092 impc-

248 4112 415 4164 rator
444 4106 619 4163 vellet
644 4107 937 4177 dimitere,
962 4113 1271 4179 postquam
1297 4108 1492 4178 etiam
1525 4113 1791 4180 Augusto
1810 4125 1908 4179 pe-

251 4196 510 4271 perisset
541 4196 716 4268 ﬁlios,
748 4197 1005 4269 primum
1038 4198 1273 4270 quidem
1305 4197 1761 4273 Manuelemzqui
1792 4199 1910 4255 cito

1975 688 2104 751 post
2135 682 2459 737 Manuelem
2485 683 2541 738 in
2598 683 2841 737 infantia
2898 687 3219 753 mortuum,
3282 686 3452 739 natus
3505 690 3615 753 est,

1938 840 1945 847 ο
1976 786 2108 825 cum
2144 770 2409 835 Michael,
2441 776 2507 826 ut
2536 777 2626 829 est
2663 774 3153 841 demonstratum,
3184 772 3476 843 imperare
3507 790 3616 829 cce-

1977 861 2124 930 perit
2157 860 2272 915 Kal.
2323 861 2564 917 Januar.
2625 862 2759 917 anni
2819 860 3030 915 Christi
3088 861 3245 925 1260,
3306 861 3503 917 venire
3560 864 3619 917 in

1976 949 2163 1003 lucem
2202 966 2313 1003 non
2347 951 2700 1021 potuitzante
2724 966 2942 1005 annum
2968 949 3181 1005 Christi
3203 951 3361 1016 1261,
3392 951 3623 1023 imperii

1982 1037 2283 1107 l’.tl:eologi
2327 1041 2704 1106 secundum;
2764 1043 2822 1094 et
2879 1045 3321 1109 consequenter,
3393 1043 3624 1111 quando

1981 1128 2134 1180 idem
2176 1127 2543 1197 Pulmologus
2578 1126 2824 1181 Michael
2851 1143 3027 1189 anno,
3061 1132 3125 1182 ut
3180 1143 3307 1199 cap.
3360 1130 3629 1199 sequenti

1982 1214 2503 1282 demonstrabitur,
2536 1214 2751 1270 Christi
2784 1214 2922 1268 4284
2954 1222 3219 1270 mortuus
3257 1219 3366 1282 est,
3409 1218 3628 1271 Andro-

1984 1304 2154 1359 nicus
2185 1322 2299 1359 non
2332 1306 2447 1359 nisi
2478 1322 2768 1360 annorum
2793 1304 2968 1359 unius
2994 1308 3052 1359 et
3080 1304 3286 1377 viginti
3342 1322 3471 1361 esse
3530 1323 3630 1377 po-

1986 1393 2207 1447 luisset.
2244 1398 2471 1463 Pugnat
2502 1395 2557 1448 id
2605 1394 2781 1449 etiam
2843 1409 2973 1449 cum
3036 1409 3101 1448 eo
3159 1395 3308 1464 quod
3347 1399 3633 1466 Gregoras

1988 1483 2191 1537 scribit
2249 1481 2287 1536 l.
2350 1482 2443 1548 IV,
2503 1500 2561 1554 p.
2621 1484 2709 1549 40,
2762 1482 3126 1552 Michaelem,
3177 1499 3311 1537 cum
3387 1484 3637 1539 solemni

1990 1588 2202 1643 pompa
2232 1571 2798 1643 Constantinopolim
2828 1588 2861 1626 a
2891 1572 3017 1627 suis
3083 1577 3488 1643 recuperatam
3547 1573 3635 1629 in-

1989 1677 2227 1731 gressus
2257 1665 2364 1725 est,
2398 1661 2791 1715 Andronicum
2814 1660 3141 1730 ﬁliumjam
3180 1666 3307 1715 tum
3352 1662 3643 1718 bimulum

1990 1750 2264 1827 dllliISSC:
2298 1746 2598 1822 Ἰἐναιπρὸς
2620 1749 2720 1816 τὴν
2770 1745 3026 1822 βασιλίδα
3098 1752 3206 1802 τῶν
3259 1747 3475 1803 πόλεων
3534 1752 3647 1821 ἅμα

1991 1840 2059 1910 τῇ
2092 1836 2307 1909 συζ·3γῳ
2359 1834 2612 1901 δεσποίνῃ
2662 1837 2751 1891 καὶ
2797 1841 2874 1907 τῷ
2914 1838 3016 1909 υἱῷ
3063 1834 3393 1914 Ἀνδρονίκώ
3434 1843 3514 1911 τῷ
3542 1838 3648 1911 νέῳ

1998 1924 2213 2001 βασιλεῖ
2257 1923 2502 2000 δεύτερον
2560 1922 2679 1987 ἔτος
2737 1924 2918 2001 ἄγοντι
2976 1933 3075 1995 τῆς
3130 1927 3375 1997 ἡλικίας.
3432 1929 3647 1985 Certis-

1996 2016 2147 2070 simo
2178 2016 2333 2071 enim
2379 2016 2696 2073 statuimus
2727 2016 3003 2088 superius
3088 2018 3421 2089 ingressum
3498 2021 3652 2075 744

1999 2105 2339 2160 Michaelem
2376 2104 2765 2177 Palmologum
2794 2108 3001 2161 urbem
3034 2106 3208 2178 paulo
3242 2109 3406 2178 prius
3437 2125 3471 2163 a
3523 2108 3650 2163 suis

1999 2202 2228 2267 captam
2262 2198 2351 2251 die
2394 2199 2454 2249 εδ
2487 2196 2732 2268 Augusti
2766 2197 2903 2252 anni
2928 2196 3142 2252 Christi
3172 2199 3464 2270 1264,quo
3486 2204 3641 2254 tem-

2002 2303 2137 2358 pore
2166 2292 2227 2340 ut
2259 2288 2506 2339 ilum'uzn
2544 2302 2831 2341 annorum
2869 2304 3011 2357 puer
3042 2288 3413 2343 Andronicus
3446 2289 3639 2355 fuerit,

1998 2376 2254 2446 Oportuit
2282 2392 2301 2414 π
2321 2392 2411 2427 um
2451 2375 2871 2429 nutumsaltem
2898 2375 3459 2432 initioanniChristi
3487 2378 3641 2432 1260.

1998 2464 2155 2527 Quod
2193 2465 2305 2518 diei
2332 2465 2551 2534 nequit,
2585 2481 2721 2520 cum
2746 2470 2882 2521 ante
2912 2464 3079 2520 illum
3102 2467 3249 2535 patri
3276 2469 3400 2538 jam
3462 2466 3648 2539 impe-

2001 2555 2149 2608 ranti
2184 2560 2357 2608 natus
2391 2554 2562 2608 fuerit
2612 2553 3044 2625 primogenitus
3100 2556 3250 2625 ejus,
3313 2556 3540 2610 Manuel
3581 2556 3640 2611 in

2000 2643 2168 2697 cunis
2205 2649 2490 2719 mortuus.
2524 2643 2864 2698 Necessario
2896 2643 3077 2713 igitur
3108 2646 3479 2715 agnoscenda
3510 2643 3647 2718 πρό-

2001 2729 2167 2803 ληψις
2194 2732 2365 2786 estin
2402 2731 2518 2785 illis
2548 2732 2739 2786 verbis
2798 2731 2886 2783 ὑπ’
2946 2727 3098 2805 ἀνδρὶ
3153 2736 3230 2802 τῷ
3290 2731 3523 2806 βατιλεῖ,
3585 2739 3649 2788 ut

2002 2836 2373 2892 nequaquam
2398 2820 2701 2875 Theodoro
2733 2820 3066 2891 signiﬁcare
3106 2821 3355 2877 voluerit
3411 2839 3473 2877 se
3521 2823 3645 2877 viro

2002 2927 2109 2966 suo
2137 2915 2260 2979 jam
2295 2911 2608 2981 imperanti
2633 2909 2962 2965 Manuelem
2998 2917 3048 2964 et
3089 2912 3487 2966 Andronicum
3544 2928 3644 2983 pe-

2002 3001 2224 3071 perisse
2256 3018 2273 3064 ;
2304 2999 2403 3053 sed
2436 2998 2863 3069 appelationem
2895 3000 3287 3071 imperatoris,
3348 3016 3474 3071 quae
3538 3017 3645 3056 suo

2002 3089 2209 3144 marito
2239 3093 2380 3143 tunc
2409 3104 2540 3142 cum
2576 3087 2677 3142 illa
2706 3087 2827 3142 haec
2861 3088 3092 3143 dicebat
3120 3089 3479 3157 conveniret,
3537 3091 3643 3144 tri-

2003 3178 2223 3241 buisse,
2256 3176 2393 3231 licet
2423 3176 2524 3231 illa
2552 3193 2665 3231 non
2691 3178 3004 3248 pertineret
3034 3179 3103 3230 ad
3133 3178 3187 3231 id
3238 3184 3472 3249 tempus
3529 3196 3645 3251 quo

2007 3267 2107 3322 illa
2140 3264 2464 3321 Manuelem
2489 3269 2543 3321 et
2572 3265 2966 3321 Andronicum
2996 3266 3165 3321 enixo
3198 3267 3408 3324 fuerat.

2077 3393 2167 3447 llI.
2197 3392 2305 3448 Sed
2337 3391 2554 3462 aliquid
2586 3392 2805 3447 eertius
2838 3392 2908 3445 de
2944 3410 3098 3447 anno
3116 3393 3295 3449 natali
3327 3396 3645 3451 Andronici

2006 3481 2253 3539 seniorls
2285 3485 2543 3536 statuere
2573 3480 2769 3536 licebit
2800 3498 2867 3535 ex
2897 3485 3159 3545 tempore
3185 3484 3373 3555 ipsius
3420 3485 3647 3540 obitus.

2006 3570 2557 3627 sicubisatis'certo
2614 3571 2667 3624 id
2731 3571 3035 3625 deﬁnitum
3100 3574 3350 3642 reperire
3396 3574 3652 3644 potueri-

2008 3678 2175 3731 mus.
2231 3660 2503 3731 Legimus
2589 3659 2741 3729 apud
2816 3660 3100 3715 Joannem
3180 3661 3650 3718 Cantacuzenum

2008 3750 2070 3821 (l.
2105 3767 2167 3818 ιι,
2198 3765 2245 3805 c.
2280 3750 2370 3816 '20,
2404 3766 2459 3821 p.
2492 3749 2597 3801 2'28
2628 3750 2695 3802 ed
2731 3749 2897 3819 Reg.)
2926 3749 3077 3804 hunc
3102 3753 3524 3815 Andronicum,
3550 3770 3653 3825 qui

2011 3839 2275 3894 abdicato
2306 3838 2551 3909 imperio
2580 3842 2769 3892 tactus
2794 3840 3113 3894 monachus
3146 3840 3379 3896 Antonii
3438 3858 3651 3897 nomen

2012 3932 2433 3999 ossumpserat,
2466 3928 2525 3982 in
2561 3929 2914 3985 monasterio
2948 3935 3243 3986 mortuum
3286 3948 3416 3987 osse
3470 3949 3654 3988 mense

2014 4018 2336 4079 l-‘ehruurio,
2368 4016 2672 4073 indictione
2726 4020 2812 4083 15,
2842 4036 2990 4074 αηηο
3029 4020 3446 4091 quadragesimo
3483 4039 3656 4093 supra

2011 4111 2187 4165 sexies
2213 4108 2574 4162 millesimum
2594 4111 2645 4161 et
2666 4108 3221 4179 octingentis-simum,
3252 4115 3446 4166 natum
3486 4128 3658 4167 annos

2014 4198 2359 4270 septuaginta
2380 4196 2539 4250 duos.
2572 4196 2629 4250 Si
2659 4212 2725 4251 ex
2768 4213 3009 4253 numero
3062 4198 3204 4253 6840
3251 4217 3544 4256 annorum
3589 4202 3661 4255 72

256 4286 542 4360 perierat,
573 4287 785 4343 deinde
813 4304 947 4342 vero
977 4287 1376 4343 Andronicum
1408 4287 1598 4343 adhuc
1628 4288 1913 4359 supersti—
2016 4289 2219 4343 demas
2250 4303 2456 4352 annos,
2491 4286 2780 4356 supererit
2802 4304 2994 4343 annus
3026 4306 3149 4343 aerea
3172 4289 3501 4345 Graecorum
3522 4291 3664 4345 6768

253 4383 399 4443 tem,
434 4391 611 4448 quem
649 4380 816 4448 pater
854 4376 1011 4446 regie
1038 4376 1357 4442 nutriebat,
1391 4378 1644 4448 denique
1676 4377 1909 4431 tertium

256 4472 579 4538 postquam
601 4464 663 4520 in
698 4466 905 4521 urbem
928 4465 1493 4537 Constantinopolim
1528 4482 1559 4522 ο
1579 4466 1802 4521 Latinis
1832 4481 1913 4520 re-

2018 4395 2134 4449 quo
2167 4378 2351 4432 fuisse
2384 4380 2584 4430 natum
2618 4376 2879 4447 oportuit
2912 4393 3046 4432 eum
3078 4378 3178 4448 qui
3213 4380 3383 4435 annis
3433 4381 3667 4435 duobus

2020 4467 2211 4536 major
2257 4466 2706 4537 septuagenario
2764 4483 2916 4521 anno
2973 4468 3115 4522 6848
3192 4469 3347 4524 diem
3431 4469 3668 4525 obierit.

251 4560 488 4630 coptam
522 4555 843 4627 imperator
873 4554 1250 4629 migraverat,
1282 4554 1404 4612 illic
1434 4556 1491 4612 in
1528 4573 1787 4629 purpura
1814 4574 1909 4611 na-
1943 4584 1988 4649 Ι)
2021 4560 2104 4626 (Ρ.
2136 4556 2263 4625 527)
2294 4556 2396 4609 Est
2426 4555 2522 4609 hic
2553 4572 2744 4610 annus
2773 4556 2915 4609 6768
2960 4558 3164 4611 mundi
3223 4559 3392 4628 juxta
3445 4563 3674 4615 Graecos

257 4651 390 4703 tum
425 4644 882 4701 Constantinum
906 4645 1164 4714 nomine,
1186 4651 1569 4718 cognomento
1593 4646 1911 4717 Porphyro-

254 4736 527 4809 genitum
564 4752 578 4790 :
612 4734 677 4790 Ἦ
743 4733 961 4808 βασιλὶς
1008 4731 1269 4807 Θεοδώρα
1302 4732 1563 4808 χαλεπῶς
1602 4734 1746 4808 εἶχεν
1778 4732 1921 4806 ἐνέγ-

252 4843 378 4888 και,
412 4820 458 4876 εἰ
520 4818 783 4876 δέσποινα
834 4823 1138 4895 ὶστεμμὲνη
1187 4822 1318 4876 οὖσα
1369 4822 1459 4877 καὶ
1511 4823 1708 4896 γνησία
1762 4823 1922 4897 γυνὴ,

272 4911 363 4966 ὑπ’
397 4907 553 4985 ἀνδρί
583 4931 640 4965 τε
667 4915 747 4982 τῷ
781 4911 999 4988 βασιλεῖ
1042 4916 1272 4966 τεκοῦσα
1296 4909 1514 4979 παῖδας,
1565 4911 1654 4965 καὶ
1706 4914 1921 4985 πρῶτον

268 5002 369 5075 μὶν
429 4998 804 5077 ἀποιχόμενον
866 4999 1069 5069 ἄλλον,
1123 5002 1213 5056 τὸν
1276 5001 1564 5072 Μαθουήλ,
1608 5002 1719 5055 εἶτα
1751 5000 1808 5055 δὲ
1836 4998 1925 5054 καὶ

256 5091 352 5144 τὸν
385 5088 647 5163 περιόντα
678 5087 1041 5167 Ἀνδρόνικον,
1081 5088 1139 5144 ὃν
1194 5090 1498 5164 βασιλικῶς
1530 5091 1558 5144 ὁ
1590 5091 1771 5165 πατὴρ
1801 5088 1926 5159 τρὲ-

262 5198 383 5255 φοι.
419 5179 503 5235 Ex
534 5178 629 5236 his
658 5180 889 5236 videtur
931 5196 1105 5253 posse
1134 5179 1328 5252 colligi
1386 5181 1645 5236 sensisse
1706 5179 1928 5250 Pachy-

268 5283 497 5329 merem
547 5268 972 5338 Andronicum,
1007 5270 1123 5325 imo
1173 5274 1233 5324 et
1282 5274 1561 5342 praeterea
1602 5268 1930 5325 Manuelem

267 5356 442 5430 prius
475 5361 802 5426 mortuum,
830 5362 967 5431 post
999 5357 1217 5413 initum
1250 5358 1591 5414 aMichaelo
1614 5358 1934 5427 Palaeologo

264 5446 596 5519 imperium
629 5454 800 5503 natos
830 5455 896 5503 ut
922 5449 1007 5504 sic
1038 5447 1169 5503 illos
1203 5454 1391 5504 mater
1419 5465 1619 5504 eorum
1667 5449 1936 5504 Theodo-

265 5552 336 5591 ra
372 5535 498 5591 viro
523 5536 649 5608 jam
681 5538 1015 5610 imperanti,
1050 5532 1204 5611 ἀνδρὶ
1234 5540 1316 5610 τῷ
1352 5536 1593 5611 βασιλεῖ,
1626 5538 1935 5610 pepererit.

343 5624 415 5681 II.
448 5625 627 5698 Atqui
682 5626 793 5683 hoc
850 5628 1091 5699 quidem
1148 5633 1440 5700 repugnat
1493 5627 1615 5700 ipsi
1676 5627 1937 5700 primum

268 5714 618 5786 Pachymeri
651 5717 976 5774 afﬂrmanti
1019 5717 1426 5775 Andronicum
1487 5734 1674 5774 annos
1730 5723 1938 5775 uatum

2024 4646 2177 4699 idem
2205 4660 2376 4714 quem
2429 4659 2535 4698 nos
2584 4642 2641 4698 in
2703 4660 2813 4698 aera
2869 4645 3221 4701 Christiania
3297 4664 3679 4705 numeramus

2030 4735 2207 4796 1260;
2241 4732 2339 4805 qui
2374 4732 2502 4800 fuit,
2536 4737 2600 4787 ut
2628 4733 3146 4805 vidimus,primus
3169 4736 3397 4809 imperii
3428 4739 3680 4795 Michae-

2031 4822 2151 4877 liis.
2182 4822 2323 4892 Ejus
2346 4821 2480 4876 anni
2519 4821 2801 4893 principio
2834 4823 2882 4877 si
2915 4823 3108 4879 editus
3139 4825 3196 4879 in
3229 4825 3417 4882 lucem
3453 4829 3684 4883 Andro-

2034 4911 2202 4966 nicus
2236 4919 2343 4979 est,
2378 4910 2589 4965 habere
2620 4909 2811 4967 locum
2849 4917 3142 4982 utcunque
3173 4921 3362 4986 potest
3403 4919 3554 4989 quod
3618 4936 3688 4974 ex

2035 5006 2290 5074 Gregora
2352 5000 2686 5067 retulimus,
2745 5017 2811 5055 eo
2868 5002 3110 5066 bimulo,
3168 5005 3289 5060 sive
3358 5009 3687 5063 secundum

2039 5091 2229 5146 aetatis
2260 5106 2480 5145 annum
2513 5096 2742 5161 agente,
2766 5086 3012 5166 δεύτερον
3046 5086 3167 5154 ἔτος
3196 5092 3381 5166 ἄγοντι
3408 5101 3508 5164 τῆς
3560 5095 3692 5165 ἡλι-

2037 5177 2182 5243 κίαις,
2215 5179 2538 5248 contigisse
2571 5180 2903 5251 ingressum
2934 5181 3358 5253 triumphalem
3390 5186 3697 5243 Michaelis

2040 5274 2171 5339 ejue
2203 5266 2387 5339 patris
2422 5269 2475 5320 in
2512 5268 2719 5323 urbem
2755 5270 2977 5341 regiam
3012 5271 3187 5342 paulo
3211 5277 3345 5327 ante
3377 5274 3447 5330 de
3479 5275 3703 5332 Latinis

2046 5363 2367 5430 receptam.
2400 5358 2507 5411 Sed
2544 5374 2655 5412 non
2693 5362 2882 5430 potest
2913 5376 3044 5415 cum
3080 5359 3188 5416 hoc
3213 5364 3501 5433 quadrare
3548 5366 3702 5437 quod

2048 5449 2254 5503 scribit
2289 5447 2673 5517 Pachymeres
2725 5448 2780 5502 in
2845 5451 3088 5505 Historia
3132 5454 3360 5522 imperii
3405 5454 3709 5512 Andronici

2047 5540 2089 5595 1.
2123 5556 2162 5604 ι,
2196 5555 2247 5602 ο,
2284 5542 2331 5607 l,
2369 5554 2499 5592 cum
2535 5539 2770 5609 quando
2794 5539 2945 5610 patri
2977 5542 3280 5610 ευοοτδείῐ,
3314 5560 3501 5598 annos
3519 5546 3706 5602 aetatis

2052 5644 2396 5683 numerasse
2427 5635 2680 5697 quatuor
2709 5644 2887 5699 supra
2916 5628 3142 5701 viginti.
3201 5631 3386 5689 Verba
3438 5639 3578 5689 sunt
3634 5637 3705 5692 de

2052 5716 2152 5774 illo
2187 5715 2561 5788 Pachymeris
2597 5715 2720 5772 haec
2750 5717 2924 5789 ipsa:
2984 5720 3166 5789 Τῷτοι
3224 5718 3314 5774 καὶ
3369 5718 3489 5783 νέος
3547 5720 3619 5777 ὢν
3672 5727 3700 5780 ὁ
