4218 6450
620 409 758 465 1199

1648 413 1710 464 Ρ.
1753 406 2028 467 POSSINI
2065 403 2678 460 OBSERVATIONUM
2715 405 2847 459 LIB.
2889 407 2985 462 Ill.

3886 410 4027 465 1200

619 529 970 608 ὑπολειφθεὶς
1058 527 1356 604 βασιλεὺς,
1417 528 1508 601 ἔτη
1568 528 1804 606 γεγονὼς
1896 523 2217 600 τὲσσαραπρέ

2329 557 2345 593 ι
2376 541 2506 582 rum
2540 526 2668 582 vitae
2701 527 2910 599 ipsius,
2943 531 3007 584 ut
3037 529 3276 601 scripsit
3331 530 3637 603 Gregoras,
3695 532 3871 588 tacite
3930 535 4028 589 hic

615 625 696 680 οἷς
754 617 924 676 εἷ’κοσι
976 615 1252 689 τηνικάδε.
1298 619 1444 676 Nam
1505 636 1638 675 cum
1699 620 1769 675 ah
1839 635 1990 676 anno
2049 614 2266 671 Christi

619 710 758 764 1260
782 709 852 765 ad
904 709 1064 777 1282,
1128 725 1380 780 quorum
1435 709 1616 782 priori
1676 709 1922 782 coepisse
1976 708 2265 777 imperare

616 797 923 868 posteriori
981 797 1197 853 obiisse
1252 797 1592 853 Michaelem
1652 797 2042 868 Palaeologum
2104 796 2261 848 certe

613 886 1148 943 demonstravimus
1179 887 1554 942 manifestum
1583 887 1660 942 sit
1691 886 2049 942 intercedere
2073 897 2259 938 annos

615 978 898 1032 duntaxat
939 977 1087 1032 duos
1141 981 1198 1031 et
1252 976 1484 1048 viginti,
1558 981 1715 1048 patet
1792 973 2255 1048 promovendum

610 1064 856 1121 ulterius
886 1069 1002 1120 toto
1034 1064 1269 1120 biennio
1295 1064 1549 1120 natalam
1575 1065 1891 1120 Andronici
1929 1061 2256 1118 necessario

601 1171 747 1222 esse,
782 1155 830 1210 si
863 1170 995 1210 vera
1027 1155 1094 1209 de
1125 1154 1336 1226 ipsius,
1372 1155 1606 1225 quando
1650 1154 1962 1226 capessivit
2021 1149 2253 1221 imperii

597 1243 856 1299 habenas
889 1242 1073 1311 solus,
1107 1247 1275 1298 aetate
1298 1243 1689 1316 Pachymeres
1719 1242 2042 1314 scripserit.
2104 1240 2251 1294 Nam

599 1332 753 1402 quod
784 1331 940 1388 idem
973 1347 1022 1387 c.
1058 1329 1161 1387 ult.
1196 1331 1237 1388 l.
1269 1348 1346 1399 v1,
1382 1332 1560 1402 hujus
1597 1348 1772 1402 quam
1810 1348 1963 1386 nunc
2017 1330 2249 1385 edimus

589 1422 854 1478 Historia:
885 1420 1228 1478 Michaelem
1261 1421 1651 1492 Palaeologum
1681 1421 1872 1492 {tradit
1901 1421 2251 1492 jimperasse

588 1510 760 1566 annis
783 1509 986 1581 viginti
1019 1515 1293 1581 quatuor,
1329 1510 1696 1564 accomodari
1760 1513 1906 1565 forte
1966 1509 2037 1563 ad
2096 1506 2247 1561 veri-

587 1603 770 1654 tatem
804 1598 860 1653 id
895 1603 1094 1670 posset
1125 1598 1213 1654 vel
1247 1615 1314 1654 ea
1345 1599 1569 1654 ratione
1629 1616 1806 1670 quam
1868 1598 2247 1661 disseremus,

586 1703 636 1743 c.
671 1704 760 1758 sq.
787 1705 844 1742 n.
879 1688 932 1754 3,
967 1686 1054 1742 vel
1090 1686 1468 1758 intelligendo
1502 1692 1873 1741 numeratum
1934 1687 2056 1741 illic
2113 1686 2242 1755 ejus

583 1776 897 1848 imperium
932 1778 1002 1833 ab
1027 1778 1154 1847 ejus
1188 1777 1402 1832 celebri
1437 1776 1814 1848 praedictione
1847 1793 2028 1847 quam
2062 1774 2248 1830 Thes-

2375 630 2653 671 revocans
2676 619 2827 688 quod
2865 617 2984 673 alas
3018 619 3262 686 dixerat,
3308 621 3730 688 Andronicum,
3783 625 4026 693 quando

2372 723 2504 760 cum
2538 707 2705 762 Patre
2726 708 2982 778 primum
3011 709 3310 780 ingressus
3327 714 3413 764 est
3431 709 4028 783 Constantinopolim,

2369 797 2690 853 secundum
2725 798 2913 853 aetatis
2933 814 3153 853 annum
3177 799 3366 870 egisse
3401 818 3415 868 ;
3450 817 3583 855 cum
3618 817 3685 856 ex
3711 802 3820 857 hoc
3861 805 4022 873 quod

2366 901 2531 940 nunc.
2547 901 2614 940 ex
2645 885 2875 941 certiori
2895 888 3227 943 testimonio
3245 888 3522 956 affirmat,
3543 891 3932 947 manifestum
3950 892 4030 948 sit

2367 974 2478 1044 ipsi
2513 978 2651 1030 tunc
2684 980 2960 1047 quartum
2994 978 3178 1032 aetatis
3207 978 3278 1033 ab
3309 977 3536 1049 aliquot
3562 981 3685 1051 jam
3710 982 4026 1038 mensibus

2364 1080 2594 1118 currere
2619 1065 2884 1136 cmpisse,
2918 1066 3133 1137 quippe
3163 1067 3221 1120 in
3270 1065 3460 1122 lucem
3512 1069 3668 1124 edito
3716 1069 3872 1126 circa
3907 1071 4023 1125 ini-

2362 1154 2506 1208 tium
2540 1155 2674 1208 anni
2708 1153 2926 1210 Christi
2967 1155 3126 1212 1258.
3163 1156 3224 1210 Id
3259 1157 3412 1228 quod
3444 1175 3558 1213 non
3610 1176 3814 1230 parum
3871 1178 4022 1231 prce-

2360 1246 2517 1297 terea
2541 1244 2927 1299 confirmatur
2973 1261 3040 1299 ex
3105 1250 3364 1317 tempore
3423 1249 3759 1320 nuptiarum
3825 1250 4022 1306 Theo-

2359 1332 2510 1386 dore“:
2536 1333 2742 1388 matris
2774 1334 3088 1389 Andronici
3127 1351 3260 1390 cum
3293 1336 3421 1406 ejus
3483 1342 3647 1409 patre
3705 1338 4020 1408 Michaele,

2358 1422 2429 1475 ab
2457 1422 2788 1493 Acropolita
2819 1426 3034 1478 notato.
3071 1424 3171 1478 Hic
3202 1425 3357 1479 enim
3391 1425 3646 1481 historiae
3689 1443 3808 1482 suae
3859 1446 3914 1484 c.
3948 1430 4014 1484 51

2357 1511 2531 1565 refert
2563 1512 2842 1567 Joannem
2877 1513 3200 1583 Ducam(P.
3240 1514 3364 1583 528)
3409 1515 3825 1585 imperatorem
3880 1518 4018 1572 col-

2354 1600 2579 1654 locasse
2628 1599 2896 1656 Michaeli
2957 1600 3299 1674 Palaeelogo,
3361 1603 3422 1657 in
3475 1604 3726 1673 gratiam
3778 1612 4019 1678 recepto

2358 1690 2684 1744 interventu
2718 1690 3006 1746 Manuelis
3029 1692 3394 1762 patriarchae,
3419 1693 3788 1749 Theodoram
3813 1696 4019 1752 tratris

2355 1779 2444 1832 sui
2500 1778 2637 1834 olim
2689 1779 2948 1834 defuncti
2993 1780 3196 1835 Isaacii
3263 1781 3433 1836 Duce:
3523 1783 4018 1858 sebastecratoris

584 1866 854 1922 salouicae
888 1866 1101 1921 hienno
1147 1871 1282 1921 ante
1329 1871 1651 1936 acceperat,
1687 1881 1825 1921 voce
1882 1866 2116 1936 Marpou
2175 1865 2243 1921 de
2275 1885 2321 1950 Β
2356 1869 2554 1923 tiliam.
2618 1869 2864 1924 Necesse
2907 1875 2994 1924 est
3043 1871 3234 1924 dicere
3266 1869 3484 1925 factum
3538 1871 3594 1925 id
3659 1873 3841 1929 fuisse
3897 1876 4015 1930 sub

580 1956 724 2012 caelo
759 1955 958 2025 missa,
995 1959 1059 2009 ut
1093 1960 1361 2011 narratar
1391 1955 1427 2009 Ι.
1459 1973 1496 2022 1,
1533 1972 1581 2010 c.
1615 1957 1674 2009 11
1711 1975 1724 2023 ;
1753 1955 1852 2009 sed
1880 1955 1988 2009 hoc
2011 1955 2079 2009 ad
2105 1961 2240 2010 aeta-

573 2050 691 2100 tem
728 2044 1042 2100 Andronici
1075 2044 1232 2099 trahi
1269 2061 1385 2099 non
1421 2048 1629 2113 potest,
1664 2061 1769 2099 nec
1802 2045 2069 2098 excusari
2131 2043 2239 2098 ali-

574 2139 664 2190 ter
695 2135 767 2189 ab
800 2151 995 2190 errore
1051 2133 1457 2206 Pachymeres,
1523 2134 1670 2189 745
1735 2133 1782 2188 si
1843 2149 1974 2187 vere
2034 2137 2237 2189 natum

570 2240 710 2279 cum
742 2224 973 2295 putavit
1005 2240 1118 2294 quo
1153 2240 1307 2278 anno
1342 2223 1514 2294 caapit
1562 2223 1855 2293 imperare
1899 2227 2066 2292 pater
2097 2223 2236 2293 ejus

639 2349 729 2405 IV.
764 2349 1042 2406 Existimo
1075 2353 1271 2404 tamen
1295 2365 1429 2404 vera
1460 2348 1579 2403 illic
1611 2348 2025 2420 Pacbymerem
2060 2352 2115 2403 et
2145 2365 2230 2403 ex.

566 2445 724 2494 certa
749 2439 1103 2510 publicaque
1155 2439 1365 2493 notitia
1423 2439 1753 2509 scripsisse,
1816 2455 2042 2492 errasse
2101 2455 2233 2493 vero

570 2530 1039 2584 Cantacuzenum
1091 2527 1149 2581 in
1212 2527 1616 2583 subducendis
1671 2526 1842 2581 annis
1916 2527 2233 2582 Andronici

567 2619 844 2687 senioris,
875 2617 975 2689 qui
1007 2616 1195 2671 (etatis
1228 2633 1343 2672 non
1374 2617 1465 2683 72,
1503 2621 1567 2670 ut
1598 2615 1695 2670 ille
1727 2616 2005 2683 afﬁrmat,
2032 2617 2132 2671 sed
2162 2619 2232 2671 74

565 2707 698 2761 vitae
732 2706 903 2761 linem
938 2706 1244 2761 invenerit.
1298 2705 1484 2775 Hujus
1551 2704 1896 2759 aseertionis
1945 2704 2229 2761 habemus

564 2803 862 2852 auctorem
887 2795 1076 2851 eidem
1106 2794 1432 2849 Andronico
1469 2793 2001 2849 familiarissimum
2038 2799 2224 2850 extre-

563 2886 681 2941 mis
709 2886 838 2940 vitae
870 2884 1236 2956 temporibus
1267 2883 1660 2954 Nicephorum
1694 2883 2036 2950 Gregoram,
2069 2885 2222 2954 apud

564 2992 739 3047 quem
774 2991 907 3030 cum
937 2973 1203 3046 legamus
1236 2990 1286 3029 c.
1322 2972 1428 3028 ult.
1465 2972 1506 3028 Ι.
1544 2990 1620 3037 ix,
1663 2989 1719 3042 p.
1781 2973 1885 3026 209
1944 2973 2034 3026 ed.
2090 2974 2220 3028 Bas.

559 3063 926 3119 confabulari
946 3081 1018 3119 se
1045 3064 1309 3134 quotidie
1340 3079 1473 3118 cum
1505 3061 1843 3118 Andronico
1902 3066 2042 3115 tunc
2103 3079 2220 3117 ino-

559 3154 745 3209 nacho
784 3153 1142 3209 otiosissime
1173 3153 1412 3208 solitum
1461 3157 1634 3224 atque
1672 3152 1813 3206 adeo
1860 3150 1987 3221 ipsa
2047 3159 2217 3206 nocte

559 3260 673 3314 qua
705 3249 793 3298 est
816 3247 1085 3298 mortuus
1113 3241 1328 3297 multas
1361 3242 1535 3296 horas
1567 3239 1906 3295 suavissimi
1939 3239 2214 3311 colloquii
2249 3246 2289 3310 ρ

558 3350 693 3388 cum
726 3349 794 3387 ea
824 3333 1081 3402 duxisse,
1118 3332 1282 3387 facile
1314 3332 1547 3387 credere
1580 3347 1893 3403 possumus
1917 3331 2221 3386 rescivisse

560 3439 629 3478 ex
661 3439 726 3476 eo
764 3421 960 3493 ipsum
995 3438 1120 3492 qua:
1156 3423 1225 3476 de
1256 3420 1418 3475 illius
1446 3437 1732 3474 annorum
1769 3436 2010 3474 numero
2055 3426 2219 3474 nota-

561 3512 646 3567 vit
681 3511 737 3564 in
808 3511 1086 3564 monodia
1147 3509 1216 3564 de
1264 3509 1582 3563 Andronici
1642 3509 1826 3574 obitu,
1875 3508 2040 3562 initio
2090 3508 2130 3573 l,
2162 3527 2216 3574 x,

563 3617 620 3670 p.
673 3601 800 3670 214,
862 3600 953 3654 his
1008 3598 1179 3670 plane
1234 3600 1426 3653 verbis
1482 3598 1747 3672 Τέταρτον
1811 3597 1903 3668 μὶν
1961 3593 2069 3666 ἤδη
2124 3597 2214 3651 καὶ

552 3682 965 3760 ἦϐδομηκοστὸν
1022 3683 1142 3747 ἓτος
1203 3685 1308 3740 ἀπὸ
1367 3688 1625 3760 γενέσεως
1678 3686 1824 3757 αὑτῷ
1880 3683 2214 3741 τελευτιοντι

548 3776 767 3846 ἠνύετο·
805 3778 1046 3847 Quartus
1086 3783 1134 3832 et
1192 3778 1635 3848 septuagesimus
1682 3794 1862 3832 annus
1919 3795 1952 3832 a
2009 3777 2213 3834 nativi-

543 3873 663 3922 tate
709 3867 816 3939 ipsi
872 3866 1138 3922 morienti
1189 3866 1595 3922 absolvebatur.
1675 3867 1806 3931 Qua
1857 3867 2034 3921 verba
2092 3885 2206 3923 non

559 3962 792 4011 tantum
827 3956 1042 4011 vixisse
1069 3956 1235 4011 illum
1270 3955 1440 4011 annis
1468 3956 1561 4025 74,
1594 3956 1694 4010 sed
1723 3955 1895 4010 etiam
1931 3957 2062 4012 illos
2116 3975 2206 4012 ex-

547 4046 800 4117 plevisse
831 4045 1185 4118 significant.
1219 4048 1361 4102 Cum
1385 4050 1579 4101 autem
1615 4045 1693 4100 sit
1721 4051 1989 4101 mortuus
2020 4047 2114 4102 die
2139 4049 2204 4102 12

538 4136 860 4201 Februarii,
891 4140 953 4190 ut
992 4134 1146 4189 idem
1208 4135 1493 4207 Gregoras
1553 4135 1810 4190 afﬁrmat
1851 4137 1963 4190 sub
2025 4137 2198 4192 finem

537 4224 576 4278 l.
612 4242 690 4292 ix,
713 4223 806 4279 vel
837 4241 948 4279 xxv.
986 4230 1050 4279 ut
1076 4241 1402 4297 anonymus
1436 4224 1737 4280 adnotavit
1767 4224 1835 4278 ad
1871 4224 2196 4297 marginem

535 4313 647 4369 loci
679 4314 1086 4380 Cantacuzeni,
1116 4331 1287 4386 quem
1315 4316 1488 4386 paulo
1522 4319 1654 4369 ante
1714 4313 2046 4380 retulimus,
2108 4333 2196 4370 co-

531 4404 942 4475 gimurdicere
974 4409 1179 4459 natum
1203 4404 1385 4460 fuisse
1401 4404 1796 4459 Andronicum
1824 4405 1932 4458 sub
1959 4404 2190 4460 initium

529 4493 670 4549 anni
703 4493 920 4549 Christi
955 4494 1111 4548 1258.
1136 4500 1215 4549 Ac
1245 4511 1315 4549 ne
1349 4495 1482 4565 quis
1516 4494 1855 4562 suspicetur
1887 4494 2191 4565 irrepsisse

525 4600 784 4639 errorem
839 4584 894 4638 in
948 4589 1118 4639 notas
1176 4584 1508 4639 numerales
1542 4585 1695 4655 apud
1726 4587 2062 4655 Gregoram,
2099 4603 2198 4658 qui
2231 4613 2276 4675 υ

522 4679 722 4729 tamen
772 4680 1008 4730 extense
1041 4692 1106 4730 ac
1131 4675 1257 4730 sine
1277 4681 1550 4730 notarum
1583 4674 1949 4745 compendiis
1975 4692 2195 4730 annum

2352 1958 2529 2012 finem
2589 1958 2726 2012 anni
2777 1957 2990 2011 Christi
3053 1959 3189 2012 1254
3243 1959 3332 2013 vel
3392 1960 3694 2030 sequentis
3745 1962 4011 2019 initium.

2345 2063 2459 2117 quo
2493 2052 2623 2118 post
2655 2045 2974 2102 multorum
3010 2047 3304 2102 mensium
3341 2049 3683 2119 languorem
3740 2052 4014 2109 Joannes

2343 2138 2641 2207 Augustus
2686 2135 2918 2191 Octobri
2980 2152 3180 2191 mense
3237 2137 3391 2192 diem
3461 2140 3610 2193 746
3671 2140 3836 2196 obiit.
3901 2141 4012 2196 Est

2341 2232 2536 2281 autem
2569 2224 2914 2281 incredibile
2947 2225 3259 2281 fecundam
3295 2226 3514 2298 alioqui
3547 2229 3855 2285 mulierem
3877 2233 4010 2287 viro

2338 2316 2439 2370 aevi
2499 2316 2676 2388 pleni,
2739 2317 2956 2388 quippe
2997 2333 3284 2372 annorum
3349 2319 3791 2392 duodetriginta
3859 2339 4002 2376 cum

2336 2406 2502 2460 duxit
2563 2421 2797 2461 uxorem
2847 2406 3072 2475 juveni,
3133 2423 3228 2461 sex
3279 2408 3420 2462 totis
3468 2408 3676 2478 primis
3736 2410 4010 2482 conjugii

2335 2495 2505 2549 annis
2538 2495 2758 2550 nullam
2792 2496 3012 2566 prolem
3067 2495 3344 2552 edidisse.
3394 2498 3676 2561 Quocirca
3722 2501 4006 2558 existimo

2331 2584 2653 2639 Manuelem
2690 2585 3176 2655 primogenitum,
3210 2586 3309 2656 qui
3345 2587 3557 2641 deinde
3585 2589 3781 2643 infans
3827 2591 4004 2658 obiit,

2331 2674 2476 2746 ipsis
2511 2679 2712 2728 natum
2750 2691 2900 2728 anno
2933 2674 3150 2729 Christi
3184 2676 3342 2741 1256,
3402 2677 3803 2733 Andronicum
3861 2697 4006 2735 vero

2332 2764 2564 2819 biennio
2599 2768 2751 2834 post,
2788 2763 2993 2834 primis
3028 2765 3353 2833 mensibus,
3389 2772 3454 2820 ut
3479 2766 3619 2831 dixi,
3654 2769 3790 2822 anni
3821 2769 3999 2824 Chri-

2330 2854 2400 2908 sti
2439 2853 2595 2906 1258.
2622 2855 2743 2918 Quo
2779 2854 2968 2923 posito
3029 2870 3215 2924 prona
3254 2854 3463 2910 deinde
3522 2856 3799 2912 facilitate
3854 2866 4003 2930 apta

2329 2947 2670 2999 cantet-orum
2706 2943 3025 2998 Andronici
3059 2949 3321 2999 actorum
3354 2945 3410 2999 in
3443 2947 3592 3001 serie
3643 2947 3821 3019 hujus
3852 2951 4000 3004 His-

2326 3034 2485 3087 toriae
2519 3033 2805 3104 disposito
2835 3033 3113 3088 succedit.
3139 3033 3284 3088 Nam
3319 3036 3474 3105 quod
3536 3042 3673 3091 ante
3733 3040 3997 3095 mentio-

2327 3139 2456 3177 nem
2484 3122 2648 3177 electi
2677 3122 2735 3176 in
2762 3139 2972 3193 papam
2997 3123 3258 3194 Gregorii
3287 3127 3332 3176 X
3368 3125 3546 3179 refert
3577 3142 3622 3180 c.
3659 3127 3752 3190 28,
3803 3127 3842 3181 l.
3906 3146 3992 3199 ιν,

2325 3211 2729 3282 Pachymeres,
2767 3212 3100 3267 Andronico
3123 3213 3247 3282 jam
3276 3214 3332 3266 in
3365 3214 3554 3268 virum
3609 3215 3831 3282 adulto,
3874 3217 3991 3272 hoc

2332 3306 2421 3357 est
2451 3303 2507 3356 in
2543 3302 2818 3373 puberem
2863 3307 2918 3357 et
2939 3303 3208 3373 conjugio
3244 3313 3534 3359 maturam
3585 3306 3792 3361 educto
3842 3315 3995 3364 eata-

2329 3400 2468 3458 tem,
2495 3397 2719 3464 patrem
2753 3392 2880 3461 ejus
2918 3408 3152 3447 uxorem
3204 3409 3462 3464 quaerere
3513 3396 3758 3467 ccepisse
3785 3442 3799 3466 ,
3836 3399 3993 3456 bene

2328 3483 2577 3551 quadrat
2607 3482 2664 3535 in
2703 3498 2924 3536 annum
2956 3482 3172 3536 Christi
3207 3483 3363 3552 1271,
3389 3485 3546 3539 sedis
3564 3489 3826 3543 vacantis
3851 3497 3993 3560 post

2325 3576 2570 3626 mortem
2603 3571 2921 3627 Clementis
2953 3572 3146 3642 quarti
3206 3574 3472 3644 tertium,
3531 3592 3646 3647 quo
3697 3578 3986 3635 nimirum

2325 3659 2687 3715 Andronicus
2711 3660 2981 3732 quintum
3007 3662 3300 3716 decimum
3349 3665 3560 3734 agebat
3619 3666 3808 3722 astatis
3869 3687 3948 3724 au
3973 3703 3988 3713 -

2323 3750 2759 3821 num.Nuptias
2807 3749 2966 3821 ipsas
3020 3752 3337 3808 Andronici
3398 3771 3533 3809 cum
3591 3758 3757 3812 Anna
3817 3761 3987 3830 regis

2320 3839 2635 3894 Pannoniae
2659 3840 3023 3911 ﬁlia,capite
3058 3842 3257 3896 eodem
3307 3854 3682 3912 memoratas,
3737 3849 3809 3901 ad
3869 3866 3982 3903 an-

2318 3947 2458 3984 num
2530 3935 2875 4000 sequentem
2954 3930 3166 3985 Christi
3225 3933 3361 3987 1272
3420 3935 3748 3990 referimus.
3811 3937 3985 3995 Unde

2316 4020 2643 4089 assumptio
2673 4019 2988 4073 Andronici
3030 4020 3290 4089 ejusdem
3341 4023 3399 4076 in
3450 4027 3808 4080 consortium
3867 4029 3980 4083 im-

2311 4108 2453 4178 perii
2488 4125 2520 4163 a
2554 4114 2714 4179 patre
2746 4111 3010 4180 Augusto
3033 4111 3202 4176 facta,
3239 4117 3294 4165 et
3325 4112 3609 4169 solemnis
3667 4119 3975 4173 coronatio

2307 4197 2625 4252 Andronici
2650 4203 2706 4253 et
2735 4203 2914 4254 Annae
2971 4216 3254 4255 novorum
3308 4204 3733 4276 Augustarum,
3783 4223 3970 4277 quam

2307 4287 2694 4358 Pachymeres
2728 4286 2909 4343 altero
2939 4307 2972 4343 a
3004 4289 3224 4360 nuptiis
3246 4308 3396 4346 anno
3459 4293 3807 4350 celebratam
3861 4298 3974 4353 ibi-

2305 4378 2436 4431 dem
2490 4377 2689 4444 tradit,
2749 4378 2819 4431 ad
2870 4395 3092 4433 annum
3146 4380 3365 4436 Christi
3421 4383 3559 4438 1273
3639 4388 3968 4445 Andronici

2302 4465 2840 4521 duodevicesimum
2871 4469 3144 4538 pertinet.

2959 4593 3192 4648 CAPUT
3230 4593 3302 4649 IX

2312 4691 2588 4745 Statuitur
2642 4693 2855 4760 tempus
2919 4692 3110 4770 obitus
3151 4693 3453 4770 Michaelis
3524 4700 3838 4770 Palas’ologi
3905 4719 3962 4762 et

2395 4779 2669 4842 numerus
2706 4780 2985 4842 annorum
3037 4765 3153 4842 ejus
3211 4769 3444 4842 imperii
3492 4765 3802 4842 Appendix?
3888 4781 3963 4834 de

521 4763 1030 4835 septuagesimum
1065 4769 1343 4834 quartum
1380 4763 1568 4819 aetatis
1615 4764 1926 4818 Andronici
1989 4767 2174 4835 expri-

2366 4852 2511 4889 anno
2542 4839 2725 4906 captae
2754 4853 2787 4890 a
2816 4836 2999 4891 Persis
3031 4838 3306 4894 Heraclea:
3330 4840 3519 4895 Ponti.

520 4853 648 4919 mit,
684 4853 865 4907 etiam
898 4853 1140 4908 aliunde
1174 4853 1553 4908 manifestum
1588 4858 1675 4907 est
1720 4870 1790 4907 ex
1849 4854 2030 4907 animi
2092 4853 2183 4908 sui

521 4948 680 4997 certa
709 4942 1001 4997 sententia
1033 4943 1089 4996 id
1124 4943 1452 4998 aftirmasse
1487 4942 1653 4997 illum
1710 4949 2029 4998 auctorem.
2089 4943 2182 4998 Ait

518 5031 568 5088 is
602 5032 882 5087 nimirum
919 5032 1084 5086 initio
1117 5049 1166 5086 c.
1196 5031 1300 5087 ult.
1338 5032 1375 5088 l.
1411 5050 1490 5098 ix,
1527 5033 1680 5087 inter
1711 5033 1827 5087 alia
1860 5032 2029 5104 signa
2052 5050 2176 5103 qua:

518 5122 946 5189 portenderunt
975 5121 1203 5177 obitum
1263 5122 1587 5177 Andronici
1656 5121 1929 5188 senioris,
1988 5123 2171 5178 visam

510 5210 656 5266 solis
686 5209 961 5283 eclipsin,
995 5228 1123 5282 quas
1185 5211 1429 5268 totidem
1465 5211 1673 5267 diebus
1707 5219 1851 5283 quot
1885 5212 2009 5283 ipse
2034 5213 2172 5267 anni

505 5299 726 5355 vixerat
784 5301 913 5370 ejus
999 5306 1248 5357 mortem
1337 5307 1703 5371 pI'EBCOSSBI‘tt
1768 5303 2166 5357 Commissum

505 5396 957 5461 spectatumque
989 5395 1075 5445 est
1098 5391 1152 5445 id
1176 5391 1545 5446 novilunium
1587 5392 1920 5463 eclipticum
1956 5393 2166 5448 ultimo

502 5480 847 5535 Novembris
872 5479 1008 5534 anni
1034 5480 1248 5535 Christi
1283 5481 1549 5536 1331.121:
1611 5499 1724 5552 quo
1786 5481 1834 5537 si
1891 5498 2162 5538 numeres

503 5587 686 5624 unum
740 5577 798 5625 et.
849 5570 1093 5641 triginta
1145 5571 1505 5636 Decembris,
1559 5573 1802 5626 totidem
1879 5573 2156 5640 Januarii,

502 5660 816 5714 duodecim
843 5659 1142 5714 Februarii
1175 5660 1320 5731 dies,
1346 5666 1537 5716 exacte
1561 5661 1837 5716 conficies
1862 5680 2159 5718 summam

502 5750 731 5807 dierum
763 5749 1133 5822 septuaginta
1166 5755 1438 5823 quatuor,
1473 5767 1670 5824 parem
1705 5768 1950 5809 numero
1983 5769 2160 5810 anno-

2367 4951 2409 5006 1.
2444 4951 2770 5023 Utrumque
2800 4959 2977 5025 caput
3007 4955 3078 5009 ad
3113 4955 3546 5014 discussionem
3589 4959 3684 5017 hic
3737 4981 3958 5038 prOpo-

2290 5041 2469 5096 situm
2505 5041 2749 5098 molesta
2771 5043 3114 5112 opinionum
3142 5046 3419 5103 varietate
3452 5051 3792 5123 perplexum
3840 5065 3953 5114 est.

2292 5130 2359 5186 Ut
2390 5132 2543 5186 enim
2577 5133 2844 5188 omittam
2878 5135 3142 5204 vulgaria
3200 5137 3497 5208 chronica,
3538 5158 3791 5213 quorum
3857 5148 3950 5203 in-

2284 5220 2640 5292 quibusdam
2669 5221 2786 5276 vidi
2830 5223 3188 5295 principium
3213 5225 3444 5299 imperii
3477 5232 3796 5289 Andronici
3855 5255 3951 5292 se-

2283 5309 2484 5378 nioris,
2520 5311 2674 5380 quod
2706 5311 2910 5367 statim
2943 5330 2976 5367 a
3004 5320 3190 5370 morte
3219 5316 3521 5373 Michaelis
3565 5321 3695 5392 ejus
3753 5328 3950 5395 patris

2281 5399 2517 5470 incepit,
2547 5402 2958 5472 consignatum
3003 5406 3428 5474 annogChristi
3480 5412 3637 5482 1294,
3707 5419 3764 5469 et
3828 5417 3946 5489 ipsi

2277 5489 2675 5545 Michaelisex
2706 5498 2764 5546 et
2796 5492 3298 5567 trigintaimperii
3348 5516 3532 5556 annos
3590 5504 3939 5574 attributes,

2275 5580 2629 5650 Spondanus
2663 5581 2880 5637 obiisse
2921 5584 3263 5642 Michaelem
3323 5606 3475 5646 anno
3527 5592 3741 5649 Christi
3795 5599 3940 5653 1283

2273 5670 2458 5740 ponit,
2490 5675 2546 5726 et
2581 5671 2975 5744 principatum
3030 5677 3288 5734 tenuisse
3343 5683 3481 5736 anni
3540 5683 3746 5755 viginti
3785 5703 3937 5758 qua-

2272 5763 2409 5816 tuor
2443 5762 2711 5818 refcrtex
2741 5762 3020 5837 Gregora,
3057 5771 3122 5823 ut
3151 5768 3266 5841 ait;
3301 5773 3456 5843 apud
3499 5790 3672 5845 quem
3729 5779 3933 5836 tamen
