4218 6450
203 390 337 443 1201
1585 383 1819 438 CHRON

1928 383 2201 440 OGICUS.
3464 389 3610 443 1202

193 512 322 567 loco
357 511 428 566 ab
459 524 524 565 eo
566 508 800 564 laudato
857 506 914 562 ld
975 523 1088 562 non
1149 505 1393 577 reperio,
1445 506 1544 560 sed
1605 508 1832 559 tantum
1867 505 1917 570 Α
1951 504 2110 573 dum,
2141 524 2297 562 anno
2321 508 2539 564 Christi
2580 509 2752 577 1282,
2777 509 2868 563 die
2904 510 2962 563 11
3000 508 3336 565 Decembris
3369 511 3609 569 Michac

195 607 498 656 mortuum
538 597 874 654 Michaelcm
909 613 1062 651 anno
1088 595 1290 650 mundi
1312 595 1482 664 juxta
1505 599 1848 664 computum
1961 592 2072 649 lem
2111 596 2499 669 Palaeologum
2521 597 3155 668 vivendietimperandi
3183 599 3353 654 linem
3379 601 3601 656 fecisse:

192 691 532 745 Graecorum
565 689 732 754 6791,
765 688 952 741 aetatis
982 702 1106 740 suae
1152 685 1240 738 58.
1301 683 1360 737 Ὀ
1424 682 1516 753 μὲν
1573 679 1638 748 δὴ
1704 682 1850 753 βασι·
1957 685 2225 748 Quandiu
2262 687 2634 759 imperaverit
2664 687 3111 758 disquirendum
3147 692 3346 742 restat.
3380 689 3600 744 Diserte

194 775 321 838 λεὺς
354 778 560 848 (verba
593 781 727 832 sunt
782 776 1041 845 Gregoraa
1077 775 1148 828 de
1197 771 1477 828 Michaele
1534 771 1851 840 Palseologo
1955 773 2342 846 Pachymeres
2368 777 2511 833 Hist.
2547 795 2595 832 c.
2634 776 2838 832 ultimo
2877 777 3199 848 imperasse
3253 778 3593 834 Michaelem

205 866 542 936 scribentis)
568 863 686 937 περῖ
722 861 811 924 οὒς
844 861 1154 936 εῗρήχειμεν
1213 859 1413 919 τόπους
1469 860 1593 932 παρ’
1651 855 1819 912 ἐλπίδι

1953 865 2165 919 asserit
2197 866 2369 921 annis
2400 867 2602 937 viginti
2639 872 2909 937 quatuor;
2941 867 3116 936 idque
3147 867 3364 938 ipsum,
3400 874 3463 923 ut
3495 887 3596 940 pa-

190 959 289 1019 τῆς
328 953 533 1015 οἰκείας
567 949 727 1026 ἔτυχε
756 950 1014 1019 τελευτῆς
1064 950 1198 1004 κκτᾶ
1254 949 1316 1002 τὸ
1375 945 1819 1022 ἐξακισχελιοστὸ

1955 951 2071 1007 lam
2110 958 2334 1019 notum,
2372 959 2542 1010 antea
2578 960 2852 1026 posuerat
2885 972 2932 1009 c.
2968 957 3055 1022 21,
3089 955 3127 1008 l.
3165 973 3238 1010 1v.
3274 957 3450 1027 Atqui
3485 957 3592 1011 hoc

188 1043 622 1096 ἑπτακοσιοστὸν
674 1040 1022 1110 ἐνενηκοστὸν
1081 1039 1295 1113 πρῶτον
1357 1035 1498 1104 ἔτος,
1552 1037 1694 1089 ὀκτὼ
1754 1057 1819 1088 κα

1950 1042 2189 1113 quidem
2226 1061 2374 1114 aegre
2395 1045 2742 1100 conciliatur
2763 1062 2895 1100 cum
2918 1045 2988 1100 iis
3016 1045 3282 1115 quaejam
3309 1049 3470 1101 omni
3494 1049 3600 1101 ﬁr-

189 1134 532 1201 πεντήκοντι
591 1130 724 1184 ἐτῶν
788 1127 1097 1202 τυγχάνων.
1162 1128 1278 1183 lloc
1336 1133 1469 1182 est:
1531 1131 1819 1196 Imperato.

1950 1132 2151 1186 mitate
2183 1134 2905 1200 constituimus,nimirum
2942 1140 3283 1189 coronatum
3315 1151 3447 1190 eum
3481 1136 3592 1190 ritu

184 1228 341 1278 circa
374 1223 482 1278 illa
513 1240 628 1294 quae
660 1221 910 1276 diximus
939 1221 1053 1275 loca
1097 1222 1306 1291 pra’ter
1341 1234 1490 1290 spem
1546 1217 1678 1272 vim
1731 1233 1840 1270 suzc
1946 1221 2193 1275 solemni
2221 1229 2550 1292 Augustum
2589 1223 2842 1294 primum
2870 1222 3050 1277 fuisse
3081 1223 3349 1278 Kalendis
3369 1224 3588 1280 Janua-

186 1311 356 1378 ﬁnem
389 1315 622 1377 invenit,
656 1327 804 1367 anno
833 1309 1014 1366 sexies
1046 1309 1339 1364 millesimo
1368 1307 1839 1378 septingentesimo
1947 1309 2012 1364 rii
2037 1310 2173 1364 anni
2195 1312 2410 1366 Christi
2439 1312 2794 1378 1‘360,vivere
2812 1316 3004 1366 autem
3032 1312 3278 1368 desiisse
3302 1316 3358 1368 11
3384 1313 3589 1368 Decem

185 1401 546 1472 ncnagesimo
568 1401 774 1472 primo,
807 1416 973 1470 agens
1004 1401 1187 1454 aetatis
1230 1415 1443 1453 annum
1494 1395 1837 1467 quinquage-
1944 1399 2062 1454 bris
2096 1401 2229 1455 anni
2263 1400 2476 1456 Christi
2515 1403 2670 1466 1282;
2698 1417 2829 1454 nam
2864 1418 2930 1454 ex
2959 1401 3049 1455 his
3083 1403 3587 1471 apparetmanil‘o-

182 1490 388 1546 simum
419 1501 687 1547 octavum.
724 1491 809 1545 Ita
840 1491 1146 1561 Gregoras.
1940 1496 2092 1544 stum
2113 1489 3253 1561 imperasseillumadieinaugurationis
3270 1509 3386 1545 sum
3403 1510 3590 1546 annos

255 1599 331 1654 ll.
366 1602 438 1654 At
469 1602 664 1654 noster
709 1597 1118 1668 Pachymeres,
1177 1595 1216 1649 l.
1281 1611 1355 1660 vi,
1417 1610 1466 1648 ο.
1529 1592 1597 1646 36
1656 1592 1819 1661 hujus

1938 1579 2174 1633 omnino
2194 1579 2394 1649 viginti
2423 1581 2767 1643 tres,minus
2787 1579 3360 1651 vigintidiebusDici
3383 1587 3576 1636 tamen

185 1689 402 1759 operis,
435 1689 518 1742 sic
551 1687 756 1744 scribit
778 1687 848 1742 de
875 1685 969 1742 die
1001 1686 1198 1741 obitus
1246 1682 1543 1738 Michaelis
1577 1699 1590 1739 :
1623 1680 1819 1754 Ἡμέρα

1940 1673 2129 1738 potest
2162 1685 2272 1723 non
2295 1684 2719 1741 usquequaque
2742 1669 3045 1724 aberrasse
3071 1686 3246 1724 avcro
3270 1671 3585 1742 Pachymc-

182 1757 245 1845 ἦν
305 1777 618 1849 παρασκευὴ
686 1773 941 1844 ἑνδεκάτη
1004 1772 1466 1850 σκιρῥοφοριῶνος
1535 1773 1678 1826 747
1733 1774 1819 1823 τοῦ

1937 1773 2055 1811 rem
2073 1773 2245 1827 quem
2268 1757 2414 1812 748
2435 1757 2745 1813 verisimile
2768 1757 2920 1812 estid
2944 1758 3211 1812 retulisse
3231 1759 3382 1830 quod
3412 1760 3583 1830 vulgo

180 1867 355 1940 ’ςψγί
386 1846 556 1926 ίτους·
594 1867 750 1922 Feria
797 1870 918 1921 erat
960 1846 1138 1920 sexta.
1181 1846 1470 1918 undecima
1519 1860 1824 1916 Decembris
1853 1863 1900 1926 Β
1937 1846 2625 1940 Γθτθδᾶιυνοδοιθῐεξυίθπι
2658 1846 3560 1940 Ρορυιυείη-Πιξφετᾶηᾷίεδηηιε

181 1936 321 2012 mini
350 1958 511 2012 6791.
548 1963 628 2013 Ac
661 1957 720 2011 in
781 1972 933 2011 anno
977 1955 1214 2026 quidem
1275 1969 1487 2024 magno
1539 1968 1819 2007 consensu

1929 1941 2258 1991 accuratam
2291 1941 2347 1990 et
2381 1937 2668 1992 minutam
2703 1937 3002 2008 aspernari
3035 1936 3424 2008 diligentiam;
3477 1954 3583 1993 nec

182 2049 491 2121 Gregoras,
524 2053 588 2104 ut
613 2049 889 2118 vidimus,
923 2051 1316 2119 praetereaque
1350 2044 1658 2101 Phranlzus
1689 2059 1819 2098 cum

1931 2025 2046 2080 fere
2078 2025 2309 2080 dubitat
2339 2026 2562 2094 decem,
2586 2026 2831 2097 exempli
2866 2027 3072 2097 gratia,
3105 2026 3154 2080 ei
3191 2026 3436 2097 principi
3467 2044 3572 2081 an-

179 2138 536 2210 Pacbymere
563 2137 939 2202 conveniunt,
975 2142 1037 2191 ut
1094 2135 1352 2190 dubitari
1412 2135 1483 2188 de
1542 2135 1648 2188 hoc
1707 2150 1822 2188 non

177 2228 408 2297 debeat,
443 2245 576 2283 cum
610 2228 687 2282 sit
717 2232 909 2282 tamen
947 2225 1256 2280 vehemens
1289 2241 1467 2279 causa
1513 2222 1821 2277 dubitandi

175 2334 241 2372 ex
263 2318 712 2373 circumstantia
742 2317 854 2372 diei
890 2317 1236 2371 Parasceves
1283 2315 1403 2369 sive
1449 2313 1603 2368 feriae
1654 2320 1820 2368 sexta:

179 2406 277 2461 illo
324 2423 481 2461 anno
537 2407 895 2461 incurrentis
946 2406 1001 2460 in
1065 2404 1434 2459 undecimam
1483 2401 1821 2457 Decembris

175 2495 464 2550 diem.Est
487 2512 677 2550 annus
700 2511 824 2549 εει-ξε
859 2494 1061 2548 mundi
1086 2497 1413 2547 Graecorum
1443 2492 1579 2546 6791
1607 2490 1820 2546 Christi

176 2584 334 2651 1283,
369 2583 477 2638 hoc
501 2586 589 2638 est
628 2599 748 2655 per.
782 2583 900 2638 Jul.
927 2583 1226 2653 5096,quo
1253 2582 1364 2636 fuit
1385 2579 1580 2652 cyclus
1612 2579 1816 2645 solis/1,

175 2689 460 2728 numerus
493 2688 706 2727 aureus
751 2673 834 2739 11,
897 2671 1137 2726 indictio
1190 2670 1405 2741 pariter
1465 2670 1551 2735 11,
1612 2667 1820 2740 Cyclcs

175 2778 348 2833 porro
381 2762 524 2816 solis
557 2762 586 2815 4
615 2759 1115 2816 litteram'indicat
1156 2759 1521 2814 Dominicam
1584 2760 1643 2824 C,
1696 2775 1818 2828 quae

173 2866 306 2906 cum
346 2851 633 2922 insigniat
662 2851 819 2905 diem
852 2850 1266 2904 duodecimum
1299 2847 1657 2915 Decembris,
1711 2863 1820 2901 un-

175 2939 446 2994 decimus
487 2941 812 2994 necessaria
847 2938 1016 2993 fuerit
1047 2938 1390 3004 Sabbatum,
1449 2953 1563 2991 non
1624 2946 1816 2990 autem

168 3032 493 3083 Parasceve
522 3029 642 3083 sive
665 3032 828 3083 sexta
859 3028 1022 3094 feria,
1082 3029 1164 3098 (P.
1228 3028 1352 3096 529)
1409 3026 1642 3096 qualem
1683 3043 1817 3080 eum

168 3120 370 3171 tamen
407 3115 508 3172 illo
553 3133 706 3172 anno
759 3117 941 3171 fuisse
998 3116 1174 3171 tradit
1235 3132 1338 3186 pro
1386 3115 1714 3170 certissimo
1762 3119 1818 3169 et

163 3207 338 3279 vulgo
374 3208 688 3264 notissimo
717 3207 1120 3278 Pachymeres.
1158 3205 1344 3276 Igitur
1397 3222 1550 3260 anno
1599 3205 1812 3259 Christi
1846 3228 1888 3290 ρ

162 3297 304 3352 1283
341 3297 491 3352 mori
539 3296 881 3352 Michaelem
914 3295 1305 3366 Palasologum
1359 3294 1634 3366 oportuit,
1697 3311 1813 3364 quo

161 3385 366 3457 cyclus
401 3385 544 3441 solis
575 3387 608 3440 3
639 3385 898 3440 litteram
937 3385 1244 3439 Dominicaa
1279 3384 1535 3439 indicem
1559 3384 1721 3439 dedit
1749 3384 1813 3438 D:

167 3476 284 3531 haec
318 3475 477 3530 enim
511 3476 705 3531 littera
726 3475 882 3531 diem
917 3474 1499 3529 Decembristertium
1525 3473 1814 3528 decimum

166 3564 456 3630 afﬁciens,
491 3565 730 3620 tertium
767 3569 919 3621 retro
952 3563 1331 3618 undecimum
1368 3562 1547 3618 fuisse
1595 3569 1816 3617 sextam

169 3654 374 3709 feriam
408 3654 792 3710 demonstrat.
843 3651 992 3717 Quid
1050 3652 1236 3723 ergo?
1279 3652 1542 3707 dicemus
1591 3667 1816 3706 errasse

171 3745 401 3799 Graecos
459 3742 768 3798 historicos
808 3743 866 3796 in
929 3759 1082 3797 anno
1125 3741 1331 3796 mortis
1391 3740 1708 3806 Michaelis,
1762 3744 1820 3794 et

173 3851 274 3905 pro
306 3835 452 3888 6790
476 3838 818 3904 sequentem
848 3833 986 3886 6791
1045 3832 1335 3887 indicasse
1365 3831 1392 3884 ‘I
1426 3831 1505 3887 Ne
1536 3847 1818 3901 cogamur

171 3922 276 3978 hoc
309 3923 524 3992 dicere,
561 3923 774 3994 duplex
806 3922 983 3992 hujus
1009 3921 1364 3992 explicandas
1420 3920 1818 3993 perplexitatis

169 4012 434 4084 suppetit
463 4011 631 4068 ratio.
655 4015 725 4066 At
753 4011 912 4066 enim
939 4010 1190 4065 labentis
1236 4012 1362 4080 jam
1395 4009 1533 4065 anni
1591 4011 1730 4063 6790
1762 4014 1819 4064 ct

170 4118 389 4172 paucos
416 4102 707 4155 duntaxat
735 4100 978 4156 extremi
1009 4100 1347 4155 Decembris
1389 4099 1510 4153 dies
1561 4099 1818 4169 reliquos

169 4191 462 4247 trahentis
490 4193 776 4247 rationem
811 4208 928 4246 non
961 4190 1291 4245 habendam
1327 4188 1580 4262 populus
1638 4193 1695 4244 et
1727 4188 1818 4243 hi-

169 4281 367 4336 storici
387 4281 953 4349 censentes,obitum
972 4280 1100 4350 ejus
1118 4296 1186 4334 ex
1202 4295 1357 4334 anno
1381 4294 1511 4333 mox
1528 4278 1816 4348 sequenti,

165 4371 329 4434 6791,
360 4387 472 4441 quo
523 4370 573 4424 is
613 4369 882 4424 videlicet
915 4368 1198 4438 innotuit,
1231 4367 1669 4438 insigniendum
1712 4384 1818 4437 pu-

164 4463 455 4524 taverunt,
488 4457 750 4530 neglecto
783 4456 1127 4513 discrimine
1160 4456 1382 4512 nullius
1416 4459 1695 4512 momenti
1745 4458 1818 4510 ad

166 4547 400 4604 civilem
452 4546 919 4614 aestimationem,
957 4564 1084 4617 quae
1144 4547 1262 4601 fere
1309 4546 1600 4601 minutam
1663 4543 1818 4618 ἀκρί-

117 4690 123 4695 ,
167 4631 316 4690 ὄειαν
352 4637 596 4708 respuit.
631 4638 764 4702 Aut,
799 4637 954 4708 quod
988 4635 1368 4691 verisimilius
1429 4652 1575 4703 reor,
1631 4651 1816 4690 anno-

168 4744 298 4782 rum
336 4727 544 4782 mundi
578 4731 633 4782 et
664 4743 786 4781 aeris
818 4743 940 4781 suae
972 4724 1514 4796 principium,item,
1540 4730 1604 4779 ut
1633 4725 1818 4780 indic-

167 4817 371 4886 tionis,
412 4814 805 4888 aSeptembri
866 4813 1048 4870 Graeci
1107 4814 1423 4885 repetebat.
1487 4813 1651 4868 Unde
1693 4815 1818 4884 jam

165 4912 291 4962 tum
327 4922 522 4961 annus
576 4905 783 4959 mundi
831 4905 1003 4974 juxta
1061 4904 1222 4974 ipsos
1279 4903 1415 4957 5791
1481 4909 1732 4974 coeperat
1787 4920 1820 4957 a

167 5011 374 5052 mense
403 4995 522 5050 fere
553 4996 747 5059 tertio,
782 5009 914 5049 cum
952 4993 1088 5048 anni
1132 4992 1348 5048 Christi
1408 4993 1541 5048 1282
1598 4992 1819 5048 mensis

168 5087 418 5144 ultimus
479 5087 796 5143 December
843 5083 1182 5140 volvebatur
1259 5083 1330 5138 Ut
1381 5099 1513 5139 vere
1570 5083 1820 5139 dixerint

168 5175 874 5248 Pachymeres,Gregoras
903 5179 960 5230 et
991 5173 1308 5228 Phrantzes
1334 5173 1550 5229 obiisse
1573 5171 1817 5230 Michae-

164 5267 278 5323 lem
312 5283 467 5322 anno
493 5268 655 5333 6791,
677 5282 786 5321 nec
815 5280 946 5320 vere
981 5269 1175 5318 tamen
1219 5263 1568 5333 scripserint
1627 5263 1816 5334 Spon—

165 5358 358 5412 danus
386 5361 444 5411 et
477 5355 797 5411 Rainaldus
830 5353 1102 5410 eumdem
1119 5369 1273 5407 anno
1303 5352 1519 5408 Christi
1543 5353 1680 5408 1283
1701 5353 1816 5407 fato

166 5445 601 5511 functum,cum
632 5442 731 5497 illo
752 5457 906 5497 anno
937 5441 1062 5496 dies
1096 5440 1428 5495 Decembris
1484 5440 1815 5507 undecima,

164 5550 282 5606 qua
311 5533 532 5589 efﬂavit
565 5533 846 5601 animam,
907 5530 1257 5600 Sabbatum,
1307 5547 1422 5586 non
1455 5533 1618 5586 sexta
1675 5528 1818 5585 feria

165 5622 363 5678 fuerit.

239 5728 463 5786 lll.lloc
490 5729 676 5802 igitur
703 5728 1109 5787 existimamus
1134 5743 1239 5801 pro
1269 5727 1599 5783 indubitata
1622 5730 1818 5782 tenen-

1930 2131 2034 2169 nos
2067 2115 2345 2183 tribuere,
2377 2132 2552 2186 quem
2579 2120 2809 2170 constet
2833 2132 3044 2170 nonum
3079 2116 3418 2170 excessisse.
3457 2117 3565 2171 Mi-

1929 2203 2088 2258 nime
2147 2204 2286 2259 item
2347 2208 2513 2274 putat
2585 2203 2979 2259 necessarium
3013 2204 3574 2275 abinaugurationis

1929 2291 2020 2346 die
2054 2291 2308 2362 primum
2353 2291 2586 2346 initium
2622 2292 2742 2363 regi
2805 2293 3036 2356 ducere,
3086 2292 3184 2347 ubi
3233 2309 3566 2364 supremam

1929 2387 2276 2451 potestatem
2308 2389 2478 2436 antea
2505 2381 2670 2436 illum
2692 2383 3023 2437 exercuisse
3048 2381 3236 2453 palam
3254 2385 3572 2453 est.ltaquc

1929 2471 2238 2542 imperium
2273 2470 2573 2526 Michaelis
2603 2470 2906 2542 Palaeologi
2949 2471 3075 2541 jam
3110 2487 3178 2526 ex
3222 2487 3287 2526 eo
3318 2476 3574 2542 tempore

1928 2559 2223 2615 numerari
2256 2561 2449 2631 potuit
2481 2577 2596 2631 quo
2630 2562 2679 2615 is
2713 2565 2873 2616 tutor
2903 2560 3150 2616 Joannis
3175 2565 3264 2616 est
3308 2563 3537 2616 declara

1927 2653 2042 2717 tus;
2077 2650 2228 2721 quod
2263 2651 2511 2719 contigit
2543 2649 2716 2720 paulo
2749 2654 2880 2720 post
2909 2649 3278 2705 Muzalonum
3329 2652 3573 2719 czrdem,

1927 2741 2024 2810 qui
2061 2757 2212 2796 nono
2243 2741 2336 2795 die
2369 2741 2439 2796 ab
2481 2741 2641 2795 obitu
2673 2740 2958 2795 Theodori
3009 2741 3253 2812 Augusti
3305 2747 3445 2797 sunt
3492 2742 3573 2796 in-

1926 2829 2174 2885 terfecti.
2211 2829 2364 2884 Mors
2393 2829 2674 2885 Theodori
2710 2847 2776 2884 ex
2807 2831 3133 2901 Acropolita
3165 2830 3219 2884 in
3245 2833 3571 2900 Augustum

1929 2934 2190 2973 mensem
2248 2918 2475 2984 incidit,
2527 2919 2734 2988 opinor
2786 2918 3150 2974 desinentem
3190 2962 3203 2986 ,
3267 2937 3396 2975 cum
3456 2922 3562 2976 Pa-

1925 3008 2228 3078 cbymcres
2287 3024 2416 3062 eam
2479 3008 2739 3061 conferat
2797 3007 2854 3061 in
2907 3007 3158 3063 conﬁnia
3225 3011 3444 3064 aestatis
3512 3017 3569 3065 ct

1926 3097 2216 3152 autumni.
2285 3099 2330 3150 A
2395 3096 2724 3167 Septembri
2781 3113 2918 3166 ergo
2965 3097 3104 3151 anni
3154 3097 3373 3152 Christi
3433 3099 3578 3154 1259

1929 3185 2152 3255 imperii
2179 3184 2438 3238 habenas
2459 3183 2699 3238 Michael
2729 3185 3224 3256 sumpserit,quas
3253 3187 3440 3241 tenuit
3466 3190 3573 3242 du-

1929 3274 2010 3329 cis
2042 3273 2262 3344 magni,
2291 3274 2502 3328 deinde
2535 3275 2790 3344 despotaa
2823 3272 3208 3339 titulo,donec
3253 3276 3362 3330 sub
3396 3277 3570 3332 finem

1925 3362 2262 3417 Decembris
2285 3363 2355 3417 ad
2392 3361 2621 3433 imperii
2653 3377 2785 3416 cum
2824 3361 3045 3433 pupillo
3077 3363 3390 3435 collegium
3439 3383 3573 3421 eve-

1925 3451 2186 3506 heretur.
2221 3452 2436 3506 Revera
2468 3451 2650 3522 igitur
2679 3449 2985 3521 imperavit
3030 3468 3208 3524 super
3256 3472 3439 3510 annos
3491 3456 3574 3509 vi-

1925 3540 2070 3610 ginti
2096 3544 2215 3595 tres
2248 3539 2506 3611 expletos
2538 3539 2768 3593 duobus
2798 3539 2914 3594 fere
2959 3541 3284 3611 mensibus,
3323 3549 3384 3597 ut
3415 3543 3462 3598 si
3497 3545 3568 3598 de

1927 3629 2098 3684 annis
2128 3629 2413 3683 inchoatis
2445 3644 2634 3683 sermo
2667 3628 2764 3696 sit,
2801 3629 3001 3699 negari
3033 3635 3279 3699 nequeat
3319 3631 3389 3684 24
3439 3634 3568 3701 ejus

1926 3718 2155 3789 imperii
2191 3735 2376 3773 annos
2409 3718 2706 3772 numerari
2741 3717 3021 3787 potuisse.
3057 3718 3116 3772 In
3151 3719 3302 3774 hunc
3325 3722 3565 3776 modum

1929 3809 2335 3879 Pachymerem
2397 3808 2634 3878 quidem
2703 3807 2774 3861 ab
2851 3823 3045 3862 errore
3137 3809 3564 3865 vindicamus:

1927 3897 2402 3968 Pbrantzem,qui
2422 3901 2664 3951 mortem
2685 3894 2986 3952 Michaelis
3006 3898 3310 3968 conjungit
3327 3917 3458 3954 cum
3480 3902 3563 3955 in-

1927 3985 2182 4042 dictione
2211 3984 2612 4061 14,ἀλογιστέας
2639 3985 2938 4040 absolvere
2956 4003 3065 4042 non
3093 3995 3568 4058 possumus.Cer-

1927 4076 2228 4131 tissimum
2251 4077 2408 4131 enim
2442 4081 2530 4131 est
2560 4092 2712 4130 anno
2746 4075 2961 4130 Christi
3004 4077 3293 4149 1282,quo
3323 4079 3572 4135 Michae-

1927 4165 2040 4220 lem
2067 4170 2298 4221 constat
2327 4170 2648 4232 mortuum,
2682 4163 3061 4220 indictionem
3119 4167 3184 4220 10
3242 4168 3425 4223 fuisse
3458 4186 3573 4223 nu-

1929 4261 2237 4311 meratam.

2001 4381 2093 4434 IV.
2129 4381 2422 4436 Hactenus
2451 4384 2667 4439 versati
2702 4383 3114 4455 chronologica
3145 4383 3420 4440 methodo
3475 4403 3572 4440 su-

1928 4486 2059 4524 mus
2091 4470 2146 4524 in
2179 4470 2419 4541 epochis
2442 4471 2621 4542 hujus
2653 4474 2911 4530 historice
2945 4473 3216 4544 ﬁgendis,
3242 4490 3370 4543 qua:
3418 4481 3572 4530 certo

1927 4558 2120 4629 aliquo
2181 4559 2453 4631 insigniri
2511 4562 2847 4618 charactere
2909 4567 3271 4634 potuerunt:
3335 4569 3573 4620 caeteras

1932 4664 2184 4719 quarum
2218 4650 2666 4706 statuendarum
2700 4652 2757 4706 in
2794 4649 3064 4723 prudenti
3090 4651 3426 4720 conjectura
3457 4657 3576 4708 tota

1931 4753 2067 4808 spes
2099 4737 2214 4792 sita
2243 4741 2353 4802 est,
2387 4737 2481 4794 hic
2514 4739 2818 4811 sigillatim
2850 4739 3087 4810 exsequi
3121 4755 3225 4794 nec
3260 4741 3444 4795 otium
3489 4749 3578 4797 est

1933 4842 2037 4882 nec
2071 4843 2256 4898 Operae
2289 4827 2462 4882 fuerit
2494 4829 2768 4900 pretium.
2804 4829 2958 4884 Satis
2991 4828 3067 4883 sit
3097 4844 3215 4897 eas,
3253 4831 3331 4884 uti
3366 4834 3422 4884 et
3450 4837 3578 4886 acta

1932 4915 2038 4970 hoc
2078 4931 2250 4987 opere
2283 4923 2607 4972 memorata
2640 4919 2951 4990 praecipua,
2996 4917 3299 4972 verisimili
3353 4920 3579 4975 ratione

1931 5005 1988 5059 in
2022 5005 2284 5060 ordinem
2315 5006 2596 5076 digestas,
2629 5009 2805 5064 certis
2839 5009 2894 5062 in
2928 5009 3108 5062 abaco
3164 5007 3576 5081 chronologico

1929 5094 2101 5149 annis
2132 5094 2454 5166 assignare.
2489 5097 2651 5161 Quod
2683 5101 2998 5168 antequam
3031 5097 3430 5168 aggredimur,
3472 5101 3576 5156 de-

1930 5185 2298 5240 scribendam
2315 5185 2408 5241 hic
2429 5188 2646 5258 [P.530]
2672 5188 2809 5242 duxi
2838 5189 2904 5242 ad
2918 5189 3378 5243 notatiunculam
3403 5190 3572 5246 lecto-

1932 5275 2032 5342 ris,
2069 5279 2133 5328 ut
2160 5281 2424 5346 apparet,
2457 5277 2713 5331 accurali
2773 5277 3090 5348 ascriptam
3143 5278 3199 5330 in
3262 5278 3576 5335 Barberino

1929 5363 2146 5433 Optimo
2179 5365 2377 5420 codice
2410 5366 2479 5420 ad
2515 5359 2676 5422 oram
2709 5366 3077 5430 exteriorem,
3111 5383 3139 5420 e
3174 5367 3410 5437 regione
3452 5387 3574 5424 vcr-

1929 5454 2138 5508 borum
2174 5453 2408 5509 illorum
2445 5471 2495 5524 c,
2528 5455 2668 5522 27,l.
2700 5471 2773 5511 1v:
2801 5457 2925 5510 Τῶν
2955 5456 3159 5526 χωρῶν
3190 5457 3574 5529 κατεχομένων

1926 5545 2043 5604 τοῖς
2075 5541 2324 5616 Πέρσαις,
2354 5546 2527 5597 πάλαι
2560 5542 2618 5596 ἃν
2675 5549 2793 5605 ταῖς
2855 5541 3067 5618 χώραις
3127 5545 3215 5597 καὶ
3269 5543 3403 5600 αὐτά
3460 5567 3578 5602 συν-

1927 5630 2240 5690 ἀπώλοντο.
2273 5636 2357 5691 Ad
2384 5635 2526 5706 haec,
2570 5636 2740 5709 signo
2774 5637 2964 5709 indice
3015 5637 3308 5709 apposito,
3366 5641 3450 5696 sic
3507 5658 3576 5696 ex

1929 5725 2172 5781 adverso
2205 5724 2493 5797 scriptum
2527 5741 2706 5782 manu
2739 5725 3159 5798 antiquissima
3196 5731 3251 5783 et
3272 5729 3573 5800 scriptura:
