4226 6460
638 373 776 429 1219

2140 368 2530 422 APPENDlX.

3903 372 4048 429 {2‘20

2936 508 3000 515 _.

1160 802 1676 950 SPECllIEN
1772 800 2362 951 SAPIENTI/ll
2464 807 2936 953 lNIlOllUll
3036 811 3518 965 VETERUM

1876 1066 2815 1163 PBOLEGOMENA

1356 1267 1862 1328 INTERPRETE
1906 1267 2165 1327 PETRO
2212 1265 2564 1343 POSSINO,
2613 1268 3066 1332 SOCIETA’I‘IS
3107 1273 3321 1334 JESU.

1983 1616 2397 1677 PROLEGOM
2412 1619 2609 1678 ENON
2653 1619 2699 1677 Ι.

862 1755 1136 1817 Historia
1168 1753 1601 1835 deportationis
1632 1774 1707 1814 ex
1738 1752 1916 1814 India
1949 1754 2007 1813 in
2037 1750 2345 1812 Persidem
2382 1751 2531 1812 libri
2552 1755 2647 1812 cui
2685 1750 2895 1813 titulus
2925 1762 3008 1815 est
3038 1778 3059 1813 .-
3099 1776 3129 1815 ι
3171 1753 3481 1835 Specimen
3518 1755 3826 1836 sapientia
3868 1752 3881 1760 ”

2040 1849 2323 1911 Indorum
2358 1859 2649 1909 veterum.

704 2211 747 2263 Ι.
782 2207 1088 2270 Cbosroes,
1130 2209 1439 2259 Persarum
1495 2216 1614 2269 rex,
1650 2200 1749 2271 qui
1799 2202 1854 2253 et
1905 2198 2363 2262 .tnasuranusA
2395 2195 2645 2266 toribus,
2704 2197 2845 2252 viris
2906 2199 3153 2271 magnis,
3212 2201 3540 2271 prudentia:
3591 2219 3657 2257 ac
3729 2203 4069 2275 sapientiae,

634 2298 977 2354 nominatus
1034 2299 1143 2358 est,
1200 2292 1431 2347 Davidis
1494 2290 1673 2358 filius,
1724 2304 1857 2344 cum
1911 2286 2173 2341 audisset
2220 2287 2288 2339 de

638 2388 893 2459 quodam
928 2384 1077 2438 libro
1110 2380 1441 2452 conscripto
1473 2380 1529 2434 in
1567 2378 1805 2450 regione
1843 2377 2017 2432 Indiae
2051 2376 2121 2430 ab
2154 2391 2286 2430 eru-

638 2476 779 2531 ditis
803 2479 860 2530 et
884 2474 1249 2545 sapientibus
1277 2471 1511 2524 illarum
1543 2467 1832 2541 gentium,
1856 2465 2188 2520 continente
2212 2465 2289 2518 fa-

643 2565 810 2621 bulas
844 2564 1010 2617 valde
1052 2560 1227 2625 utiles
1279 2559 1439 2615 omni
1484 2558 1791 2613 hominum
1845 2554 2064 2627 generi,
2099 2554 2292 2625 parvis

642 2661 698 2711 et
737 2653 982 2725 magnis,
1009 2650 1376 2723 principibus
1409 2652 1466 2703 et
1497 2646 1888 2717 subditis,qui
1914 2644 2293 2699 absconditus

645 2747 977 2797 servaretur
1007 2740 1064 2792 in
1096 2738 1255 2809 regio
1276 2736 1395 2790 illic
1422 2733 1712 2789 tabulario
1738 2748 1751 2786 :
1777 2733 1848 2786 de
1870 2731 1999 2799 hoc,
2025 2732 2293 2801 inquam,

640 2831 854 2888 certior
876 2829 1089 2893 factus,
1114 2835 1168 2882 et
1199 2826 1370 2897 plane
1402 2839 1725 2895 persuasus
1757 2821 2050 2876 salubrem
2082 2819 2197 2875 sibi
2229 2835 2293 2873 ac

645 2920 771 2974 suis
838 2920 1083 2973 istorum
1144 2913 1523 2986 apologorum
1585 2928 1778 2966 mores
1843 2909 2292 2964 informantiuzn

643 3008 1037 3079 cognitionem
1091 3005 1230 3072 fore,
1277 3002 1459 3073 jussit
1516 2998 1736 3071 inquiri
1791 2999 1981 3053 virum
2040 2996 2296 3067 aliquem

645 3100 905 3164 doctum,
952 3096 1232 3149 scientem
1298 3091 1509 3163 linguae
1568 3088 1798 3154 Indicae,
1852 3089 1944 3142 cui
1995 3092 2148 3141 recte
2200 3086 2299 3139 de-

652 3186 918 3243 mandari
957 3183 1253 3256 negotium
1305 3184 1505 3252 posset
1534 3179 1663 3249 ejus
1697 3177 1888 3249 operis
1939 3176 1999 3229 in
2049 3190 2299 3247 regnum

648 3281 704 3329 et
763 3290 1094 3330 sermonem
1156 3271 1456 3326 Persicum
1515 3265 1930 3323 transferendi.
1991 3264 2157 3319 Haud
2222 3262 2302 3317 ita

649 3364 835 3420 multo
869 3367 1000 3434 post
1028 3362 1065 3416 ii
1100 3361 1316 3432 quibus
1342 3360 1490 3414 hanc
1522 3374 1722 3412 curam
1758 3355 2023 3418 dederat,
2050 3353 2301 3407 adduxe-

648 3458 789 3507 runt
841 3452 954 3523 ipsi
1003 3440 1192 3505 virum
1247 3448 1615 3519 prudentem,
1662 3450 1839 3514 atque
1886 3441 2046 3497 omni
2092 3456 2303 3514 genere

638 3542 1049 3598 doctrinarum
1097 3537 1417 3605 eruditum,
1452 3540 1574 3589 arte
1606 3551 1671 3589 ac
1704 3533 2068 3605 professione
2118 3529 2304 3584 medi-
2336 3573 2382 3637 B

641 3648 797 3691 cum.
846 3630 1083 3684 nomine
1135 3628 1425 3681 Perzoem.
1462 3624 1564 3678 Hic
1617 3640 1750 3677 cum
1802 3624 1857 3675 in
1919 3624 2295 3690 conspectum

644 3720 897 3774 venisset
929 3718 1105 3788 regis,
1132 3713 1565 3770 demississime
1607 3711 2001 3783 prostratione
2041 3708 2299 3779 corporis

650 3826 782 3864 cum
842 3811 1171 3873 veneratus,
1220 3803 1318 3856 ubi
1383 3802 1826 3864 assurrexisset,
1878 3802 1962 3853 sic
2020 3802 2110 3851 est
2165 3811 2300 3849 eum

654 3901 866 3955 affatus
895 3898 1180 3953 Cbosroes
1216 3912 1228 3950 :
1262 3895 1529 3950 Delatum
1580 3893 1648 3945 ad
1692 3908 1784 3946 me
1815 3896 1904 3946 est
1935 3891 2005 3944 de
2038 3899 2133 3944 tua
2166 3905 2302 3959 pru-

655 3989 876 4050 dentia,
910 3986 1234 4041 eruditione
1268 4001 1332 4039 ac
1360 3983 1594 4037 virtute.
1618 3980 1788 4035 Venit
1821 3997 1991 4053 porro
2022 3979 2078 4032 in
2114 3993 2301 4032 meam

658 4079 923 4136 notitiam
974 4077 1129 4131 fama
1178 4073 1311 4128 libri
1371 4072 1680 4143 cujusdam
1734 4071 1790 4123 in
1854 4070 2039 4125 India"
2068 4067 2303 4133 servati,

657 4171 946 4240 praecepta
986 4181 1215 4220 morum
1270 4161 1561 4234 praeclara,
1594 4159 1776 4232 gratis
1822 4159 2044 4213 intexta
2093 4174 2305 4211 narra-

657 4255 958 4325 tiunculis,
994 4254 1310 4309 utilissime
1360 4250 1667 4304 tradentis.
1703 4248 1890 4318 Hujus
1936 4264 2042 4320 ego
2071 4245 2308 4300 videndi

656 4343 1254 4425 communicandique
1307 4340 1499 4397 Persis
1545 4338 1691 4393 meis
1724 4338 1944 4410 ingenti
1977 4341 2179 4392 teneor
2208 4337 2311 4389 de-

658 4436 894 4493 siderio.
920 4434 1024 4489 Hic
1054 4450 1185 4487 cum
1220 4438 1461 4487 Perzoes
1493 4430 1561 4483 ad
1599 4443 1828 4484 omnem
1868 4442 2102 4498 operam
2136 4429 2313 4496 atque

658 4525 1005 4595 obsequium
1065 4538 1193 4577 sese
1253 4524 1592 4592 promptum
1656 4516 1990 4585 obtulisset,
2038 4514 2313 4586 praecepit

658 4632 758 4671 rex
813 4614 864 4669 ei
927 4612 1221 4667 numerari
1275 4614 1506 4665 tantum
1587 4607 1847 4679 pecuniae
1905 4609 2191 4677 quantum
2252 4604 2313 4659 in

655 4705 936 4760 viaticum
971 4707 1026 4757 et
1058 4700 1575 4757 commorationem
1618 4698 1676 4750 in
1724 4696 1886 4751 India
1922 4694 2314 4751 necessariam

658 4796 725 4849 ad
762 4810 882 4849 rem
918 4808 1043 4864 quae
1085 4789 1507 4860 injungebatur
1546 4786 1779 4840 abunde
1813 4784 2197 4840 suffecturum
2229 4783 2315 4836 vi-

657 4887 912 4940 deretur.
945 4882 1095 4936 Tum
1128 4879 1242 4951 ipsi
1277 4878 1422 4932 dixit
1460 4894 1472 4931 :
1512 4875 1617 4931 Ubi
1652 4874 1773 4929 haec
1814 4872 2183 4946 expenderis,
2217 4875 2319 4927 aut

2402 2285 2687 2341 facundiae
2720 2303 2952 2359 quoque
3008 2292 3065 2343 et
3114 2289 3463 2346 eruditionis
3512 2293 3838 2363 omnigenis
3890 2293 4079 2350 laude

2400 2376 2753 2447 conspicuis.
2784 2377 2931 2441 Quin
2958 2378 3131 2433 etiam
3161 2379 3585 2451 praecipuorum
3611 2398 3680 2437 ex
3700 2383 3849 2454 ipsis
3874 2385 4071 2439 maxi-

2401 2480 2604 2535 meque
2645 2464 2967 2521 illustrium
3020 2467 3224 2523 limina
3270 2470 3515 2537 terebat,
3550 2471 3708 2526 domi
3760 2489 4071 2545 quemque

2402 2555 2755 2610 conveniens
2788 2572 2853 2609 ac
2887 2555 3152 2611 salutans
3175 2574 3317 2627 suae,
3340 2563 3396 2612 et
3419 2565 3485 2614 ut
3509 2559 3771 2631 ipsorum
3803 2563 4075 2631 promis-

2402 2660 2510 2698 cuo
2545 2659 2814 2698 sermone
2859 2644 3219 2714 proficiebat,
3252 2647 3337 2701 sic
3368 2651 3427 2702 et
3458 2647 3576 2703 illis
3608 2649 3870 2704 vicissim
3902 2650 4075 2705 haud

2403 2732 2701 2802 ingratum
2735 2732 3029 2787 comitatis
3075 2738 3132 2788 et
3180 2735 3360 2789 studii
3410 2738 3711 2808 specimen
3760 2738 4082 2805 exhibens,

2408 2839 2521 2877 non
2566 2839 2739 2892 parva
2785 2839 2893 2877 sua
2942 2822 3136 2877 laude.
3171 2824 3344 2880 Porro
3394 2826 3451 2880 in
3503 2826 3599 2882 his
3650 2828 4084 2899 congressibus

2408 2910 2865 2983 diligentissime
2897 2917 3158 2979 cavebat,
3183 2928 3255 2967 ne
3285 2914 3423 2985 quid
3460 2921 3657 2987 egeret
3692 2923 3791 2971 aut
3825 2916 4079 2983 diceret,

2408 3001 2564 3055 unde
2595 2998 2867 3055 subolere
2914 3001 3191 3072 cuiquam
3225 3006 3423 3073 posset
3453 3003 3684 3060 venisse
3736 3004 3937 3075 ipsum
3976 3024 4081 3061 ex-

2406 3088 2701 3143 scribendi
2751 3105 2929 3144 causa
2977 3088 3134 3154 libri,
3177 3106 3350 3161 quem
3405 3092 3580 3148 Indos
3631 3092 3856 3148 sciebat
3906 3094 4075 3151 nolle

2406 3178 2826 3233 communicari
2871 3178 3142 3247 gentibus
3183 3181 3394 3235 exteris
3425 3197 3437 3234 :
3468 3186 3699 3237 tantum
3734 3199 3853 3253 prae
3880 3200 3945 3239 se
3987 3184 4079 3239 fe-

2407 3270 2573 3324 rebat
2608 3267 2816 3339 ingens
2846 3269 3202 3323 desiderium
3238 3270 3526 3338 discendi,
3560 3272 3855 3329 simulans
3887 3274 4077 3328 etiam

2408 3375 2471 3414 se
2502 3360 2808 3429 ignarum;
2838 3362 2896 3413 et
2925 3362 3089 3413 tanta
3136 3358 3435 3416 docilitate
3484 3362 3733 3419 audiens
3766 3363 4078 3419 interdum

2411 3448 2521 3501 sibi
2557 3452 2717 3513 nota,
2750 3448 2892 3501 dum
2928 3448 2999 3502 ab
3033 3448 3307 3516 exoratis,
3341 3454 3407 3504 ut
3434 3466 3498 3505 se
3530 3468 3646 3507 non
3681 3458 4084 3523 gravarentur

2414 3536 2769 3607 discipulum
2834 3535 3206 3608 peregrinum
3252 3538 3506 3606 erudire,
3566 3541 4086 3612 gymnosophistis

2415 3626 2808 3690 traderentur,
2834 3630 2898 3679 ut
2928 3625 3088 3696 ipsos
3122 3626 3526 3699 magisterium
3558 3627 3875 3684 delectaret
3896 3647 4086 3686 suum

2420 3720 2539 3769 tam
2576 3715 2692 3769 acri
2746 3714 3031 3770 discentis
3079 3716 3401 3771 attentione
3430 3719 3938 3774 commendatum.
3976 3725 4093 3774 Per

2418 3806 2541 3859 hate
2603 3804 2715 3858 sibi
2772 3803 3091 3859 consilians
3141 3821 3401 3860 amorem
3462 3810 3519 3861 et
3576 3807 4086 3863 existimationem

2413 3892 2758 3959 multorum,
2784 3892 2939 3947 curis
2962 3893 3260 3964 omnibus,
3286 3894 3604 3966 irrequieta
3634 3896 3953 3963 instantia,
3982 3916 4044 3953 se
4064 3900 4091 3951 t

2415 3983 2589 4049 clam,
2624 3991 2682 4037 ut
2717 3999 2863 4054 opus
2905 3986 3050 4048 erat,
3083 3986 3138 4037 et
3168 3985 3315 4039 citra
3347 3984 3744 4057 suspicionem
3780 3988 3906 4042 voti
3943 4005 4091 4059 pro-

2416 4074 2549 4146 prii,
2611 4073 2954 4127 mandatum
3016 4073 3129 4128 sibi
3189 4074 3490 4146 negotium
3556 4076 3825 4148 urgebat,
3870 4081 4094 4134 modos

2416 4162 2730 4234 exquirens
2762 4163 2821 4217 in
2853 4162 3110 4218 latebras
3159 4165 3505 4236 penetrandi
3548 4167 3814 4223 conscias
3845 4168 4092 4223 deside-

2418 4251 2701 4307 ratissimi
2748 4251 3031 4307 thesauri.
3066 4252 3215 4315 Quia
3244 4269 3377 4309 vero
3426 4254 3482 4309 id
3528 4256 3809 4312 cernebat
3839 4262 4093 4315 externo

2426 4343 2536 4397 sibi
2571 4340 2907 4413 contingere
2955 4342 3125 4397 aliter
3154 4342 3308 4398 baud
3343 4360 3515 4415 posse
3562 4362 3741 4417 quam
3794 4347 4096 4404 beneﬁcio

2425 4430 2755 4502 cujuspiam
2792 4447 2859 4485 ex
2897 4430 3016 4486 illic
3065 4432 3428 4504 potentibus,
3477 4434 3801 4490 multorum
3850 4435 3968 4492 sibi
4023 4454 4100 4494 ex

2426 4520 2573 4592 ipsis
2604 4536 2809 4590 parare
2842 4520 3162 4575 amicitiam
3188 4522 3383 4577 omnis
3414 4524 3646 4595 generis
3668 4524 3881 4581 officiis
3910 4543 4099 4582 cura-

2426 4611 2527 4665 bat
2560 4626 2573 4663 :
2610 4624 2713 4663 nec
2748 4608 3097 4680 plerumque
3147 4610 3416 4666 frustra:
3472 4630 3607 4668 nam
3658 4618 3723 4668 ut
3772 4620 3911 4669 sunt
3968 4615 4099 4671 fere

2428 4697 2611 4754 animi
2644 4698 2953 4752 hominum
2978 4699 3045 4752 ad
3074 4698 3320 4771 gratiam
3346 4701 3555 4771 teneri,
3579 4718 3613 4757 a
3635 4701 3911 4773 plurimis
3934 4721 4101 4776 quos

2430 4788 2715 4843 demereri
2774 4786 3057 4859 obsequio
3107 4789 3437 4856 studuerat,
3488 4806 3605 4862 qua
3653 4792 3919 4863 privatis,
3976 4811 4105 4865 qua

2430 4878 2607 4934 etiam
2640 4876 3109 4948 magistratibus,
3132 4877 3284 4932 baud
3308 4878 3534 4949 vulgari
3557 4879 4023 4937 existimationis
4044 4890 4103 4939 et

659 4975 1193 5048 quomodocumque
1255 4974 1494 5041 sumptu
1558 4966 1669 5022 alio
1727 4965 1999 5039 egueris,
2063 4966 2151 5021 fac
2209 4946 2384 5021 nosC
2429 4946 2844 5024 benevolentiae
2885 4966 3314 5038 significatione
3360 4946 3685 5025 colebatur.
3712 4973 3843 5043 Ipse
3889 4978 4103 5028 autem

658 5068 937 5123 continuo
968 5081 1071 5136 per
1105 5063 1287 5117 ﬁdum
1340 5059 1616 5114 nuntium
1666 5057 1962 5112 certiores.
1998 5056 2318 5112 Submitte-

659 5172 793 5211 mus
826 5154 1025 5210 statim
1068 5150 1354 5223 quidquid
1413 5164 1617 5221 posces
1653 5162 1666 5201 :
1706 5146 1853 5201 nulli
1888 5146 2043 5201 enim
2090 5146 2317 5217 impen-

656 5246 751 5301 dio
778 5252 994 5299 certum
1042 5242 1211 5297 nobis
1242 5244 1353 5307 est,
1379 5255 1495 5309 quo
1542 5242 1661 5292 tam
1698 5235 1858 5291 utilis
1914 5235 2318 5291 commentarii

656 5333 975 5408 participes
1011 5331 1187 5386 ﬁamu
1201 5348 1249 5396 s,
1284 5344 1543 5400 parcere.

729 5426 797 5480 Il.
834 5424 944 5478 Dat
975 5439 1035 5478 se
1069 5422 1128 5475 in
1152 5420 1302 5475 viam
1331 5419 1439 5473 sub
1472 5419 1593 5471 haec
1629 5416 1890 5483 Perzoes,
1916 5419 1974 5470 et
2004 5416 2063 5470 in
2096 5415 2320 5471 Indiam

658 5512 965 5585 appulsus,
1005 5508 1079 5563 ibi
1129 5508 1505 5579 frequentare
1556 5503 1752 5558 aulam
1802 5502 2023 5573 regiam
2080 5502 2318 5569 institit,

659 5602 1037 5674 quotidieque
1083 5614 1363 5670 apparere
1398 5596 1454 5649 in
1489 5594 1763 5667 palatinis
1795 5592 2089 5658 exhedris,
2123 5592 2320 5647 confa-

661 5692 922 5747 bulando
955 5705 1089 5744 cum
1131 5685 1447 5750 ministris,
1484 5683 1643 5754 regni
1685 5682 2029 5754 proceribus
2061 5700 2125 5737 ac
2158 5698 2322 5737 sena-

2428 5062 2495 5113 ut
2534 5055 2759 5111 nullius
2790 5056 3222 5127 aspernabatur
3254 5058 3545 5125 studium,
3581 5058 3659 5115 ita
3699 5058 3809 5114 hoc
3845 5062 4102 5131 potissi-

2429 5163 2591 5202 mum
2626 5144 2858 5217 agebat,
2888 5150 2951 5201 ut
2984 5145 3244 5214 litterati,
3270 5151 3323 5201 et
3351 5146 3702 5219 supellectili
3730 5151 3967 5222 egregie
4004 5152 4101 5206 in-

2428 5234 2632 5292 structi
2668 5233 2908 5289 libraria
2954 5234 3313 5307 cujuspiam,
3350 5236 3736 5292 familiaritati
3768 5254 3831 5293 se
3866 5240 4104 5295 intima

2428 5327 2731 5391 insereret,
2758 5324 2912 5395 quod
2948 5324 3102 5395 apud
3139 5324 3315 5380 talem
3349 5326 3588 5381 demum
3622 5342 3684 5382 se
3717 5328 3907 5399 optati
3941 5333 4103 5385 scri-

2429 5416 2511 5488 pti
2545 5413 2773 5485 copiam
2810 5412 3070 5468 nancisci
3103 5431 3277 5485 posse
3307 5414 3646 5471 conﬁderet.

2504 5504 2604 5559 IlI.
2644 5502 2747 5557 Diu
2780 5509 2905 5557 erat
2938 5502 2993 5557 in
3029 5502 3166 5559 talis
3198 5504 3307 5559 viri
3327 5504 3764 5575 conquisitione
3795 5514 4109 5578 versatus,

2430 5611 2565 5649 cum
2600 5592 2807 5647 multis
2839 5592 3076 5649 tandem
3110 5594 3523 5665 exlierimentis
3557 5596 3823 5665 edoctus,
3851 5614 4107 5669 persua-

2433 5685 2569 5740 dere
2620 5682 2733 5739 sibi
2786 5682 2980 5755 ccspit,
3010 5700 3192 5739 unum
3234 5685 3574 5756 quempiam
3620 5685 3776 5742 inter
3822 5704 4110 5760 proceres
