4248 6442
215 400 347 457 1221

1226 398 1586 455 ΒΡΕΟῙΜΕΝ
1622 393 2025 451 ΒΔΡΙΕΝΤΙΕ
2062 398 2398 457 INDORUM
2433 407 2595 460 VRT.

3480 420 3620 476 1222

212 526 490 583 Indorum
544 524 930 592 humanitate,
963 522 1297 595 prudentia,
1330 520 1655 577 eruditione
1700 520 1860 573 tanta
1891 516 1946 583 Α
1977 520 2150 575 etiam
2198 521 2507 594 alleganda
2540 533 2893 607 quandoque
2926 536 3134 592 idonea
3177 538 3349 595 istius
3397 542 3619 601 silentii

215 615 643 687 propemodum
700 630 829 669 esse
872 613 1211 684 praeditum,
1236 616 1455 683 quanta
1500 625 1649 680 opus
1698 610 1887 697 esset,
1926 623 2131 697 causa,
2161 611 2435 670 dilueres.
2467 617 2635 674 Nunc
2676 625 2900 693 quonia
2931 641 2986 679 m
3035 626 3341 697 ingressus
3375 632 3530 688 ultio
3557 639 3620 689 tu

217 709 282 759 ut
315 720 384 758 ex
414 720 482 759 eo
514 702 736 774 sperari
771 702 953 774 optati
984 701 1161 756 officii
1192 701 1418 756 fructus
1449 696 1863 771 posset.'Hunc

213 808 350 864 ergo
391 792 611 846 institit
657 791 917 862 quotidie
964 790 1170 857 visere,
1223 789 1450 844 cunctis
1498 787 1721 841 ambire
1755 786 1862 839 ob-

216 883 463 954 sequiis,
506 881 791 953 singulari
842 880 1093 951 quadam
1144 880 1387 935 honoris
1435 878 1865 950 significatione

218 973 572 1041 demulcere,
624 978 919 1045 postremo
978 971 1165 1043 epulis
1224 972 1515 1043 excipere;
1570 968 1861 1023 munerari

218 1062 361 1134 quin
396 1062 597 1130 etiam,
619 1066 675 1117 et
706 1078 831 1133 quas
882 1061 995 1132 ipsi
1042 1064 1206 1130 grata
1253 1064 1485 1131 putaret
1514 1059 1654 1123 fore,
1685 1074 1865 1128 quan-

216 1153 368 1209 tovis
420 1158 617 1225 empta
666 1152 853 1223 pretio
885 1153 1128 1218 donare;
1166 1167 1312 1221 quas
1343 1150 1403 1205 in
1434 1166 1527 1204 res
1577 1165 1690 1202 non
1741 1163 1865 1201 mo-

218 1244 410 1298 dicam
444 1242 700 1314 pecunia
749 1242 997 1313 allatae;
1030 1241 1265 1296 Perside
1298 1245 1520 1311 partem
1554 1238 1864 1309 impendit.

222 1332 322 1388 His
349 1331 745 1403 respondebat
783 1330 878 1385 ille
910 1330 1148 1401 quidem
1180 1329 1452 1385 comitate
1486 1331 1647 1383 tanta
1676 1342 1867 1397 quan-

220 1426 343 1476 tam
377 1438 410 1475 a
439 1420 849 1475 liberalissimo
889 1418 1437 1491 gratiosissimoque
1470 1417 1707 1472 homine
1737 1432 1867 1487 spe-

221 1526 351 1566 rare
400 1510 641 1565 Perzoes
692 1510 1025 1580 potuisset:
1069 1512 1338 1564 caeterum
1387 1507 1541 1562 idem
1594 1509 1870 1578 praeterea

223 1599 547 1655 demiratus
579 1598 922 1669 aliquandiu
966 1595 1781 1668 tamsinusitatamaingeniosi
1814 1600 1871 1650 et

222 1689 610 1745 curiosissimi
633 1689 866 1743 advena:
890 1687 1293 1742 assiduitatem
1326 1691 1383 1741 et
1412 1684 1773 1757 diligentiam
1810 1685 1869 1739 in

224 1794 287 1833 se
338 1777 603 1846 colendo,
637 1778 893 1847 denique
950 1776 1232 1830 divinavit
1276 1777 1429 1846 quod
1488 1790 1579 1829 res
1625 1779 1780 1835 erat:
1814 1778 1871 1827 et

221 1870 427 1924 deesse
480 1884 595 1923 non
645 1884 812 1938 posse
857 1867 1159 1937 judicavit,
1192 1866 1357 1937 quin,
1392 1882 1453 1921 se
1504 1866 1766 1936 adjutore
1808 1881 1871 1919 ac

222 1964 543 2029 sequestro,
578 1957 871 2028 particeps
912 1972 1281 2023 arcanorum_
1308 1955 1519 2010 Indica:
1572 1955 1868 2025 sapientia:
1903 1948 1949 2013 B

226 2050 747 2102 monumentorum
801 2046 923 2101 fieri
980 2046 1217 2100 Perzoes
1271 2046 1533 2117 cupiens,
1584 2044 1644 2098 in
1694 2044 1871 2098 istam

225 2136 591 2191 demerendas
642 2152 761 2189 sua;
805 2134 1006 2206 gratiae
1057 2134 1427 2189 sedulitatem
1488 2134 1869 2188 incumberet.

222 2230 329 2280 Per
361 2225 517 2279 hunc
551 2224 789 2278 modum
824 2223 1161 2295 proficiente
1186 2222 1341 2277 inter
1369 2223 1530 2294 ipsos
1561 2223 1869 2277 familiari-

216 2319 357 2380 tate,
394 2315 747 2386 fiduciaque,
780 2318 843 2369 ut
879 2315 963 2382 fit,
990 2315 1178 2369 mutui
1213 2315 1450 2379 amoris,
1489 2315 1871 2385 frequentatis

218 2405 498 2474 utrinque
549 2403 965 2458 benevolentiae
1018 2403 1271 2467 indiciis,
1323 2411 1637 2467 crescente,
1692 2420 1870 2457 ausus

215 2494 536 2563 aliquando
603 2497 847 2548 Perzoes
915 2492 1101 2547 amico
1161 2493 1217 2545 in
1279 2509 1559 2547 arcanum
1630 2495 1867 2547 seducto

212 2582 489 2637 conclave
521 2582 741 2653 aliquid
790 2583 860 2636 de
913 2597 1019 2636 suo
1064 2582 1352 2635 desiderio
1386 2582 1573 2645 fateri,
1608 2598 1741 2635 cum
1776 2582 1868 2636 bis

212 2673 398 2726 ferme
445 2671 638 2725 verbis
688 2671 898 2725 affatus
942 2676 1075 2724 est:
1113 2674 1251 2724 Eam
1297 2670 1465 2724 video
1522 2670 1865 2725 charitatem

213 2762 272 2816 in
330 2778 443 2826 me,
488 2762 685 2827 frater,
719 2766 883 2815 tuam
930 2760 1023 2815 cui
1078 2760 1227 2815 male
1278 2764 1455 2832 atque
1502 2762 1729 2832 ingrate
1776 2778 1867 2815 me

214 2851 573 2922 respondere
630 2850 969 2915 arbitrarer,
1024 2849 1071 2904 si
1131 2855 1189 2904 te
1237 2848 1485 2905 celarem
1540 2850 1865 2921 quidquam

215 2940 563 2995 intimorum
598 2940 779 2995 animi
811 2941 921 2995 mei
948 2957 1251 2996 sensuum.
1285 2945 1473 3006 Quare
1509 2942 1729 2996 fatebor
1760 2942 1863 2995 tibi

219 3031 512 3101 equidem,
542 3030 597 3084 id
640 3030 794 3101 quod
841 3046 909 3084 ex
957 3047 1072 3100 quo
1124 3031 1237 3084 huc
1289 3032 1417 3085 veni
1466 3048 1678 3101 magna
1726 3048 1867 3086 cura

217 3120 498 3175 omnibus
529 3119 831 3185 abscondi,
866 3121 1016 3190 quod
1047 3120 1105 3173 in
1135 3125 1192 3173 te
1214 3120 1505 3192 aequitatis
1535 3137 1600 3174 ac
1630 3122 1866 3192 sapien—

216 3210 319 3265 tia:
349 3214 575 3265 tantum
621 3210 898 3264 exsistere
942 3210 1311 3264 documentis
1355 3212 1643 3282 perspexi,
1678 3228 1866 3282 quan-

215 3301 344 3350 tum
380 3296 437 3350 in
486 3311 551 3350 eo
591 3296 909 3350 desiderari
946 3300 1153 3365 potest,
1188 3311 1361 3366 quem
1397 3313 1742 3351 arcanorum
1776 3298 1861 3352 vel
1896 3304 1938 3371 α

216 3385 460 3440 maximi
506 3384 786 3439 momenti
836 3386 1095 3450 prudens
1146 3390 1299 3439 recte
1348 3385 1539 3455 quivis
1588 3387 1869 3444 adhibeat

212 3476 531 3530 arbitrum.

290 3602 383 3657 IV.
414 3606 499 3657 Ita
529 3601 924 3657 exordientem
958 3607 1227 3657 Perzoem
1271 3602 1652 3675 interpellans
1685 3605 1865 3661 Indus

213 3695 457 3765 sapiens
491 3710 503 3750 :
540 3694 772 3748 Dudum
825 3693 1101 3760 mirabar,
1144 3693 1358 3762 inquit,
1401 3695 1602 3749 tandiu
1636 3696 1867 3751 differre

212 3789 295 3849 te,
332 3784 484 3855 quod
536 3799 665 3838 sero
715 3798 871 3837 nunc
902 3783 1137 3836 tandem
1168 3783 1441 3851 inchoas;
1477 3791 1652 3846 atque
1700 3788 1864 3856 adeo,

216 3874 268 3929 si
304 3889 397 3927 me
444 3872 589 3927 sinis
640 3871 801 3943 loqui
836 3870 1034 3939 libere,
1070 3872 1175 3926 tibi
1227 3889 1372 3943 pene
1421 3875 1867 3941 suscensebam,

213 3965 375 4034 quod
410 3962 467 4016 in
501 3961 631 4016 aliis
661 3960 891 4016 cunctis
922 3960 1196 4015 amicitia:
1226 3960 1435 4016 officiis
1468 3962 1862 4034 diligentissi-

216 4068 378 4119 mus,
410 4051 469 4106 in
498 4051 607 4106 hoc
656 4051 920 4105 omnium
955 4050 1246 4121 praecipuo
1295 4051 1742 4121 aperiendorum
1777 4068 1867 4105 se-

212 4143 536 4206 cretorum,
569 4136 843 4193 illiberali
878 4153 1023 4209 pene
1058 4139 1303 4209 quadam
1337 4140 1705 4195 cunctatione
1737 4158 1863 4195 ces-

210 4245 401 4285 sares.
427 4230 771 4298 Quanquam
808 4243 879 4281 ne
911 4227 1169 4282 vicissim
1202 4244 1307 4299 ego
1338 4227 1443 4282 tibi
1477 4234 1678 4284 contra
1709 4229 1866 4302 leges

205 4317 334 4372 veri
387 4316 605 4371 amoris
664 4314 1031 4369 dissimulem
1092 4316 1420 4387 quidpiam,
1468 4317 1686 4373 frustra
1733 4336 1861 4373 eras

207 4408 271 4461 in
310 4405 419 4461 hoc
450 4404 644 4461 studio
676 4403 824 4459 clam
867 4420 959 4458 me
997 4403 1247 4458 habendi
1278 4410 1479 4459 votum
1515 4406 1682 4476 illud,
1708 4409 1861 4479 quod

206 4512 321 4568 ego
362 4494 588 4549 dudum
638 4492 937 4565 pellucens
987 4493 1045 4547 in
1101 4499 1201 4549 tua
1250 4494 1459 4547 intima
1504 4498 1863 4552 conscientia

208 4584 457 4657 perlegi.
494 4584 621 4648 Diu,
656 4585 919 4653 inquam,
951 4588 1039 4636 est
1083 4584 1238 4653 quod
1273 4600 1365 4637 me
1398 4601 1511 4638 nou
1560 4586 1727 4654 fallit,
1762 4603 1862 4641 ve—

1968 696 2094 769 ipse
2126 700 2181 754 in
2216 718 2346 759 eum
2381 722 2711 766 sermonem
2746 729 2829 783 es,
2862 713 2963 785 qui
2992 696 3144 770 viam
3179 719 3459 787 panderet
3491 722 3621 777 ani-

1971 803 2066 842 mo
2120 806 2248 846 meo
2280 796 2549 862 gestienti
2586 799 2883 857 effundere
2934 819 2997 858 se
3049 820 3242 859 coram
3296 811 3352 863 te
3404 813 3618 882 totum,

1970 893 2084 932 non
2111 882 2304 949 putavi
2333 884 2743 956 negligendam
2765 893 3130 949 occasionem
3150 899 3489 953 ostentandi
3512 899 3622 954 tibi

1971 968 2348 1037 sagacitatem
2402 990 2612 1042 meam,
2645 994 2821 1049 quam
2872 980 3054 1036 tantis
3105 982 3370 1040 artificiis
3424 1003 3620 1044 arcere

1972 1057 2308 1127 nequivisti,
2342 1064 2656 1131 quominus
2693 1067 2749 1121 in
2792 1067 3001 1125 ultimo
3047 1086 3280 1128 recessu
3315 1074 3620 1131 abditissi-

1973 1161 2200 1202 morum
2245 1152 2457 1205 mentis
2502 1158 2614 1207 tua:
2666 1158 3057 1226 penetralium
3106 1161 3615 1232 deprehenderet:

1971 1249 2216 1307 scopum
2248 1241 2741 1312 peregrinationis
2770 1247 2842 1301 ad
2868 1263 2975 1303 nos
3006 1251 3123 1304 tuas
3154 1266 3268 1305 non
3296 1251 3478 1307 alium
3514 1254 3617 1309 tibi

1975 1324 2151 1382 fuisse
2204 1332 2595 1401 propositum,
2628 1350 2807 1406 quam
2860 1342 2924 1393 ut
2971 1339 3269 1411 specimen
3320 1342 3619 1414 sapientia

1974 1418 2322 1475 nostratium
2357 1421 2660 1478 doctorum
2706 1428 2937 1483 areanis
2969 1430 3121 1499 apud
3159 1447 3266 1487 nos
3314 1432 3617 1489 conditum

1974 1505 2204 1573 litteris,
2239 1510 2596 1567 exscriberes
2649 1514 2802 1579 inde,
2836 1521 3147 1589 vestraque
3191 1518 3396 1591 lingua
3442 1538 3621 1594 expo-

1975 1595 2155 1650 situm
2192 1598 2311 1667 regi
2340 1603 2441 1654 tuo
2475 1600 2704 1658 rediens
2736 1604 2963 1660 offeres.

2044 1722 2108 1776 V.
2147 1727 2220 1779 Ac
2255 1744 2325 1782 ne
2368 1733 2424 1783 te
2470 1731 2681 1787 habeat
2731 1735 3075 1804 sollicitum,
3107 1740 3263 1809 quod
3296 1756 3390 1795 me
3422 1741 3625 1797 subof-

1977 1810 2208 1868 fensum
2243 1818 2647 1877 taciturnitate
2672 1829 2772 1878 tua
2793 1825 2936 1893 dixi,
2958 1825 3136 1881 velim
3162 1844 3233 1883 ne
3258 1830 3339 1884 sis
3368 1830 3623 1899 nescius,

1982 1917 2095 1956 non
2129 1904 2315 1958 solum
2373 1907 2668 1978 ignovisse
2702 1929 2792 1967 me
2823 1913 2928 1968 tibi
2964 1914 3162 1983 facile,
3196 1918 3293 1972 sed
3348 1923 3626 1990 praeterea

1982 1992 2157 2045 etiam
2192 1999 2526 2065 suspexisse
2574 2002 3031 2057 moderationem
3090 2004 3143 2058 in
3192 2005 3300 2060 boo
3348 2012 3533 2077 tuam,
3566 2010 3627 2063 in

1982 2096 2097 2149 qua
2122 2098 2397 2153 magnum
2429 2088 2726 2158 sapientiae
2751 2090 2939 2145 instar
2961 2095 3347 2164 agnoscebam
3369 2114 3381 2162 ;
3406 2111 3626 2167 gnarus

1981 2184 2157 2238 quam
2194 2173 2359 2241 pauci
2388 2175 2662 2231 resistant
2693 2180 2978 2251 prurigini
3005 2184 3288 2253 prodendi
3323 2185 3627 2241 familiari-

1980 2257 2089 2311 bus
2123 2261 2408 2331 quidquid
2460 2271 2651 2320 mente
2684 2274 2937 2336 versant,
2973 2276 3308 2342 quantaque
3356 2275 3625 2330 cautione

1979 2363 2127 2418 opus
2160 2349 2258 2415 sit,
2293 2354 2615 2421 praesertim
2669 2356 3019 2427 degentibus
3069 2376 3307 2431 peregre
3348 2363 3456 2417 sub
3490 2380 3625 2433 rege

1980 2434 2325 2509 legibusque
2357 2442 2799 2509 diversissimis,
2832 2446 2890 2499 in
2927 2452 3079 2503 recte
3112 2448 3619 2523 deligendo,quem

1976 2524 2207 2579 consilii
2240 2528 2514 2600 ancipitis
2541 2536 2595 2586 et
2618 2532 3041 2591 oflensionibus
3074 2537 3194 2592 illic
3226 2539 3480 2606 obnoxii,
3508 2558 3619 2595 non

1977 2614 2258 2670 damnose
2291 2618 2421 2687 quis
2473 2621 2755 2676 arbitrum
2794 2623 2982 2679 faciat.
3022 2626 3191 2698 Ergo,
3228 2633 3293 2683 ut
3323 2632 3476 2699 quod
3532 2648 3623 2685 res

1975 2710 2062 2757 est
2094 2704 2295 2773 fatear,
2331 2724 2394 2762 eo
2447 2714 2500 2763 te
2552 2712 2787 2767 nomine
2836 2715 3027 2786 magis
3076 2717 3286 2783 amavi,
3320 2736 3383 2773 ac
3436 2719 3622 2776 multo

1976 2793 2159 2863 pluris
2194 2794 2319 2850 feci.
2356 2798 2449 2852 Sic
2494 2800 2650 2855 enim
2701 2802 2924 2858 dudum
2979 2804 3123 2860 mihi
3169 2809 3457 2878 persuasi,
3491 2814 3621 2865 octo

1973 2899 2098 2937 esse
2132 2884 2185 2937 in
2220 2886 2436 2955 quibus
2477 2891 2937 2960 experimentum
2989 2893 3203 2951 indolis
3250 2913 3496 2969 magnai,
3534 2900 3622 2953 in-

1974 2972 2247 3044 geniique
2279 2973 2471 3032 laudis
2503 2980 2727 3033 eximite
2756 2982 3010 3053 capacis,
3039 2983 3195 3040 sumi
3228 2992 3453 3042 certum
3484 3004 3621 3059 pos-

1975 3062 2095 3117 sit:
2129 3064 2384 3135 primum
2417 3073 2507 3122 est
2533 3068 2733 3126 mitem
2766 3088 2895 3127 esse
2926 3078 2983 3127 et
3010 3090 3238 3131 comem
3274 3079 3341 3132 ad
3378 3094 3619 3143 omnes;

1975 3151 2217 3208 alterum
2281 3159 2436 3211 recta
2493 3156 2705 3213 intueri
2767 3160 3126 3219 destinatum
3186 3182 3385 3236 suum,
3420 3166 3624 3241 illique

1975 3243 2289 3309 indefesso,
2333 3246 2433 3300 sed
2490 3247 2797 3320 patienter,
2841 3252 3098 3323 urgendo
3150 3254 3453 3324 insistere;
3506 3262 3625 3313 ter-

1977 3331 2149 3394 tium,
2182 3334 2425 3390 subesse
2474 3336 2832 3411 obsequique
2880 3342 3150 3414 regibus;
3192 3350 3497 3416 quartum,
3530 3364 3626 3401 sr-

1976 3438 2121 3476 cana
2153 3422 2413 3494 probatis
2457 3425 2741 3482 duntaxat
2788 3429 2996 3486 amicis
3027 3432 3293 3503 credere;
3327 3434 3624 3506 quintum,

1974 3510 2035 3565 in
2084 3510 2399 3567 comitibus
2451 3514 2785 3587 principum
2819 3518 2902 3574 sic
2946 3536 3227 3592 apparere
3275 3524 3625 3595 sapientem,

1978 3605 2041 3655 ut
2084 3601 2289 3657 odiosa
2336 3600 2577 3658 tristitia
2627 3604 3016 3679 philosophia
3061 3626 3177 3666 non
3227 3611 3529 3684 popularis
3576 3622 3632 3669 et

1977 3690 2373 3763 superciliosm
2420 3692 2775 3762 declinetur;
2811 3700 3067 3765 sextum,
3099 3698 3182 3755 ita
3221 3707 3532 3757 mansuete
3564 3720 3630 3757 ac

1976 3780 2203 3852 placide
2249 3797 2380 3835 cum
2414 3781 2640 3837 vitiosis
2688 3782 2866 3840 etiam
2916 3790 2973 3841 et
3018 3786 3306 3860 improbis
3338 3807 3531 3863 agere,
3567 3796 3631 3847 ut

1976 3871 2047 3924 ad
2080 3886 2179 3925 eos
2205 3885 2277 3925 ne
2299 3871 2558 3942 suspicio
2580 3873 2816 3944 quidem
2842 3874 3015 3930 celari
3040 3878 3464 3948 requirentium
3490 3898 3629 3935 con-

1976 3960 2244 4015 siliorum
2273 3958 2394 4014 ulla
2415 3959 2644 4015 sinatur
2662 3978 2969 4032 emanare;
2994 3970 3339 4038 septimum,
3362 3985 3627 4026 exercere

1976 4048 2302 4105 dominium
2338 4048 2395 4103 in
2421 4048 2709 4120 linguam,
2738 4052 3081 4125 frenareque
3103 4053 3262 4110 illam
3292 4057 3348 4111 in
3373 4060 3629 4113 occasio-

1977 4139 2152 4194 nibus
2200 4137 2421 4209 ingenii
2473 4138 2780 4194 dicacitate
2830 4144 3309 4214 commendendi,
3345 4146 3416 4201 ab
3467 4147 3627 4201 omni

1976 4228 2240 4296 dicterio,
2275 4227 2425 4297 quod
2463 4226 2546 4281 vel
2572 4294 2575 4297 _
2598 4227 2835 4300 oblique
2877 4230 3234 4305 perstringat
3266 4236 3629 4307 quempiam.

1975 4319 2252 4374 Octavum
2304 4316 2583 4388 denique,
2618 4317 2675 4371 in
2725 4324 3012 4375 conventu
3054 4321 3313 4379 virorum
3358 4325 3626 4397 gravium

1978 4425 2091 4462 non
2126 4413 2344 4461 temere
2396 4406 2645 4477 prodire.
2684 4422 2750 4462 ac
2781 4412 2925 4463 metu
2976 4410 3331 4469 eruditionis
3379 4415 3631 4470 conscia

1977 4495 2216 4569 provehi
2266 4495 2641 4551 sermonibus
2674 4494 2829 4551 ultra
2858 4514 3038 4569 quam
3091 4506 3294 4571 poscat
3343 4505 3627 4575 propositi

1976 4586 2046 4639 ad
2097 4585 2411 4639 dicendum
2472 4588 2572 4637 aut
2618 4582 3065 4643 deliberandum
3121 4595 3450 4661 argumenti
3512 4594 3631 4648 for-

211 4674 379 4730 nisse
411 4680 465 4728 te
495 4672 555 4728 in
587 4673 815 4727 Indiam
840 4688 906 4726 eo
937 4672 1203 4739 consilio,
1230 4677 1293 4726 ut
1324 4678 1535 4727 nostra:
1560 4675 1863 4745 sapientia:
1896 4672 1943 4739 D
1979 4671 2156 4727 mula.
2190 4672 2292 4727 His
2324 4678 2453 4727 octo
2486 4672 2587 4744 qui
2643 4674 2920 4743 praeditus
2952 4676 3192 4734 dotibus
3243 4680 3340 4748 sit,
3376 4698 3460 4736 me
3495 4682 3545 4737 is
3577 4689 3633 4738 et

208 4764 529 4819 thesauros
561 4760 869 4833 expilares,
904 4778 1367 4833 arcanorumque
1398 4762 1534 4817 inde
1577 4762 1861 4820 librorum

208 4853 445 4925 copiam
489 4857 715 4921 nactus,
749 4868 817 4906 ex
866 4850 939 4905 iis
985 4868 1217 4906 crueres
1269 4852 1421 4906 unde
1472 4853 1721 4924 patriam
1776 4872 1862 4910 re-

206 4947 336 4999 dux
382 4942 600 4997 ditares
643 4946 826 4996 tuam.
860 4942 922 4995 In
956 4958 1070 5010 quo
1100 4941 1230 5010 etsi,
1269 4946 1331 4995 ut
1374 4941 1515 5010 dixi,
1567 4944 1861 4999 suboffen-

205 5033 392 5089 debat
424 5047 511 5087 me
543 5037 644 5086 tua
682 5030 782 5085 illa
815 5046 926 5084 non
978 5029 1123 5083 satis
1176 5030 1482 5086 familiaris
1536 5032 1605 5087 de
1656 5050 1714 5087 re
1763 5034 1866 5089 tali

204 5122 611 5190 taciturnitas,
659 5118 1081 5175 necessitudini
1141 5119 1293 5174 inter
1351 5137 1456 5175 nos
1520 5122 1865 5179 coalescenti

201 5209 539 5268 convicium
588 5209 715 5264 visa
760 5208 967 5278 facere,
1022 5209 1341 5281 temperavi
1392 5216 1587 5266 tamen
1639 5213 1711 5267 ab
1768 5230 1867 5269 ex-

201 5299 562 5375 postulando
603 5300 675 5355 de
723 5316 792 5354 ea
841 5304 1059 5364 tecum,
1092 5303 1400 5354 contentus
1451 5302 1761 5359 observare
1812 5309 1867 5361 te

196 5392 470 5458 interim,
518 5396 577 5447 et
626 5390 794 5463 quasi
850 5390 1321 5447 dissimulatione
1370 5399 1575 5449 mutua
1626 5394 1865 5464 ulcisci;

201 5486 355 5539 dum
394 5488 451 5535 tu
505 5482 731 5536 caeteris
767 5481 1104 5548 virtutibus,
1138 5486 1211 5550 et,
1248 5498 1373 5553 quae
1408 5500 1515 5537 usu
1570 5501 1631 5539 se
1679 5487 1866 5558 magis

202 5572 527 5643 magisque
588 5571 927 5643 quotidiano
996 5572 1377 5640 exercebant,
1452 5575 1689 5629 dotibus
1753 5578 1867 5632 luis

206 5662 515 5738 praeclaris
564 5661 912 5717 eruditionis
952 5666 1008 5716 et
1054 5662 1297 5732 ingenii,
1349 5662 1538 5719 labem
1592 5664 1749 5721 illam
1810 5668 1866 5723 in

202 5753 605 5811 aestimatione
634 5769 763 5809 mea
794 5752 1265 5824 qualemcunque
1300 5767 1737 5828 eompensares,
1766 5763 1869 5815 aut

1978 4768 2141 4817 tutus
2170 4760 2283 4815 erit
2313 4777 2344 4815 a
2378 4760 2636 4832 periculo
2668 4762 3019 4820 damnorum
3056 4767 3113 4821 in
3145 4784 3275 4839 qua;
3306 4769 3463 4825 haud
3500 4788 3630 4827 raro

1978 4854 2289 4906 incurrunt
2336 4850 2768 4906 inconsiderate
2800 4861 3246 4927 conversantes;
3282 4864 3340 4914 et
3389 4876 3632 4932 compos

1978 4943 2096 4997 fere
2126 4942 2227 4995 fiet
2270 4944 2535 4995 votorum
2586 4955 3102 5014 quorumcunque,
3134 4947 3362 5004 cunctis
3412 4950 3482 5003 ad
3528 4949 3630 5005 tali

1980 5030 2291 5085 favendum
2342 5026 2593 5083 naturali
2636 5029 2891 5100 quadam
2943 5032 3327 5093 inclinatione
3377 5055 3630 5111 propen-

1978 5120 2277 5176 dentibus.
2298 5119 2502 5189 Itaque
2525 5118 2681 5189 quod
2705 5117 2811 5174 bas
2834 5119 2893 5174 in
2915 5124 2971 5177 te
2992 5138 3199 5180 omnes
3217 5126 3469 5183 virtutes
3490 5129 3631 5194 vidi,

1979 5215 2289 5283 promptus
2329 5222 2459 5262 ecce
2512 5223 2853 5279 pronusque
2884 5226 3019 5266 sum
3053 5213 3123 5268 ad
3175 5215 3633 5286 gratificandum

1978 5299 2107 5366 tibi,
2141 5302 2431 5370 quantum
2463 5297 2573 5351 erit
2608 5297 2663 5351 in
2692 5313 2783 5352 me
2804 5298 3017 5366 situm,
3042 5304 3434 5377 quodcunque
3464 5311 3631 5379 Opta-

1979 5389 2152 5445 veris.
2177 5393 2381 5444 Moneo
2414 5392 2611 5442 tamen
2662 5386 2901 5443 difficile
2932 5394 2988 5445 te
3018 5393 3317 5463 negotium
3352 5400 3630 5464 tractare;

1981 5498 2045 5537 ac
2072 5496 2187 5551 quo
2220 5476 2408 5548 magis
2443 5475 2633 5531 sentio
2684 5475 2837 5531 haud
2893 5495 3064 5549 posse
3110 5497 3200 5537 me
3229 5482 3287 5537 in
3328 5500 3395 5539 eo
3444 5502 3631 5555 quan-

1979 5578 2105 5627 tum
2137 5567 2365 5633 vellem,
2392 5581 2457 5620 eo
2488 5582 2691 5636 precor
2722 5565 2907 5622 Deum
2950 5567 3260 5637 intentius,
3280 5576 3346 5628 ut
3379 5573 3627 5630 fortunet

1979 5666 2270 5733 ereptum,
2331 5655 2683 5713 amoliendis
2746 5672 2872 5711 sese
2935 5665 3141 5716 contra
3196 5662 3631 5734 objectantibus

1981 5748 2299 5809 obstaculis
2329 5764 2444 5803 non
2485 5746 2707 5819 parvis;
2742 5762 2874 5819 qua
2918 5748 3193 5821 equidem
3225 5753 3367 5810 dum
3398 5759 3628 5827 reputo,
