4226 6460
644 376 783 433 1223

2144 367 2530 426 ΔΡΡΕΝΠῙΧ.

3907 368 4050 423 1224

643 502 986 558 cohorresco
1050 496 1347 553 interdum
1414 498 1607 563 totus;
1669 492 1886 565 quippe
1945 490 2290 545 observante
2320 497 2373 562 Α
2403 495 2613 550 tertius
2652 501 2867 554 nostra
2908 494 3273 553 conscientias
3320 494 3628 550 amborum
3676 492 4047 561 adhibeatur,

644 590 829 647 menti
868 604 1008 643 mea:
1040 603 1188 641 saeva
1224 584 1479 653 imgine
1525 581 1811 637 malorum
1846 595 1973 650 quis
2004 578 2114 633 hac
2144 578 2291 634 forte

642 678 1009 751 deprehensa
1038 674 1338 730 molitione
1370 674 1429 726 in
1460 675 1629 726 tuum
1678 668 1821 723 mihi
1852 667 2023 739 longe
2067 666 2291 722 charis-

642 771 861 827 simum
897 766 1293 822 redundarent
1324 766 1518 833 caput.
1546 760 1654 815 Sed
1688 762 1910 814 avertet
1940 756 2202 825 sinistra,
2228 760 2294 811 ut

642 876 835 933 spero,
863 861 1074 914 cuncta
1104 853 1423 927 prepitium
1453 848 1798 906 innocentiae
1830 852 1944 903 tum
1975 850 2292 917 nostroque

640 950 827 1008 amori
858 952 1119 1013 Numen;
1143 946 1312 1015 cujus
1336 942 1469 998 tecti
1501 938 1825 1013 patrocinio
1851 937 2289 1009 (conﬁdendum

636 1046 724 1097 est
753 1038 933 1110 enim)
966 1038 1213 1093 adversa
1242 1033 1572 1103 infestaque
1605 1028 1838 1084 innoxie
1864 1025 2289 1098 quaslibetZelu-

638 1131 953 1186 ctabimur.

702 1311 797 1367 VI.
831 1308 999 1365 Varie
1031 1304 1222 1362 affecit
1244 1297 1915 1372 inepinatahaac'oratio
1946 1295 2283 1351 audientem

634 1407 929 1457 Perzoem.
966 1396 1215 1452 Miratus
1263 1392 1521 1464 primum
1553 1392 1641 1443 est
1681 1386 1976 1443 solertiam
2024 1384 2150 1441 Indi
2187 1401 2289 1439 us-

632 1507 741 1562 que
786 1506 852 1545 eo
902 1484 1326 1559 perspicacem,
1360 1484 1425 1535 ut
1458 1479 1715 1535 latebras
1764 1475 1955 1531 cordis
2006 1474 2284 1545 pervade-

630 1585 734 1635 ret.
760 1577 1040 1649 Ejusdem
1082 1571 1311 1645 postea}
1332 1568 1753 1624 humanitatem
1807 1563 2095 1635 suspexit,
2128 1563 2282 1633 quod

630 1670 688 1723 in
724 1665 1006 1723 nonnulla
1057 1658 1467 1734 expostulandi
1499 1672 1698 1711 secum
1749 1650 2287 1723 causa,fomni,ver-

629 1762 837 1816 borum
873 1753 1218 1826 asperitate]
1234 1750 1639 1817 temperasset.
1688 1745 1989 1799 Postremo
2022 1740 2284 1813 gratula-

629 1855 728 1904 tus
759 1846 871 1902 sibi
904 1848 1014 1912 est,
1047 1846 1103 1897 et
1144 1840 1449 1912 probatam
1492 1832 1875 1929 irrefraga-bili
1901 1830 2278 1901 jam_experi-
2314 1866 2361 1929 Β

632 1942 825 1994 mento
871 1931 1041 1989 amici
1094 1945 1268 2001 quem
1320 1927 1599 1980 hactenus
1655 1921 2071 1993 exploraverat,
2109 1919 2280 1971 tidem

630 2037 1052 2099 usquequaque
1082 2020 1371 2074 sinceram
1402 2032 1413 2068 :
1452 2019 1510 2069 et
1541 2016 1699 2068 certa
1742 2015 1866 2065 tum
1916 2010 2152 2063 demum
2187 2007 2282 2060 flr-

629 2096 812 2172 mavit
849 2112 1111 2168 animum
1157 2104 1374 2161 ﬁducia
1406 2100 1801 2172 consequendi
1834 2098 1989 2171 quod
2022 2096 2282 2169 optabat,

628 2202 845 2261 auxilio
878 2201 1083 2271 utique
1132 2200 1334 2268 parato
1366 2199 1481 2248 tam
1516 2190 1615 2245 fidi
1668 2206 1734 2244 ac
1774 2187 2031 2242 efﬁcacis
2081 2201 2281 2256 coope-

631 2293 862 2350 ratoris.
898 2290 996 2347 His
1045 2288 1268 2342 intento
1320 2279 1801 2354 cogitationibus,
1834 2282 1890 2333 et
1936 2274 2101 2331 vultu
2154 2274 2280 2346 qui-

629 2388 761 2441 dem
794 2379 999 2438 fatenti
1034 2378 1114 2431 sic
1146 2392 1207 2431 se
1238 2389 1360 2429 rem
1396 2372 1609 2426 habere
1636 2374 1700 2424 ut
1728 2368 1957 2422 amicus
1984 2364 2281 2420 divinave-

632 2479 742 2543 rat,
775 2471 1024 2528 necdum
1049 2472 1245 2522 tamen
1278 2461 1605 2534 expedienti
1634 2462 1901 2514 mutuum
1928 2471 2280 2523 sermonem,

631 2570 712 2619 sic
769 2561 971 2627 Indus,
1004 2555 1165 2613 omni
1226 2553 1276 2608 ei
1335 2550 1531 2607 timori
1586 2548 1871 2604 demendo
1930 2547 2143 2600 iterum
2194 2547 2285 2599 est

632 2669 850 2709 orsus:
884 2647 1115 2705 Miraris
1163 2630 1223 2698 in
1273 2642 1387 2697 isto
1437 2639 1673 2695 silentio
1715 2639 1961 2701 fortasse
2009 2635 2109 2707 qui
2161 2632 2283 2688 fieri

628 2740 884 2815 potuerit
916 2742 980 2792 ut
1007 2739 1207 2790 votum
1238 2736 1432 2797 tuum,
1455 2727 1564 2783 etsi
1604 2744 1635 2781 a
1666 2731 1719 2780 te
1749 2725 2010 2780 studiose
2041 2727 2283 2789 tectum,

626 2811 983 2903 penetrarim
1032 2828 1259 2887 tamen;
1313 2818 1399 2874 sic
1455 2816 1625 2883 habe,
1679 2818 1864 2869 artem
1922 2811 2131 2867 callere
2190 2826 2284 2865 me

624 2898 948 2976 insidiandi
981 2910 1187 2968 amicis
1231 2903 1739 2974 innocenter,'hoc
1790 2907 1877 2958 est
1926 2898 2281 2973 perducendi

627 3026 726 3065 eos
759 3024 873 3062 non
910 3003 1081 3059 modo
1113 3000 1258 3055 citra
1288 2997 1595 3062 damnum;
1622 2994 1722 3049 sed
1756 2991 1930 3048 etiam
1965 3007 2097 3045 cum
2132 3006 2284 3045 com-

630 3098 802 3153 modo
833 3096 1099 3167 ipsorum
1132 3105 1247 3160 quo
1283 3087 1528 3141 minime
1558 3082 1847 3140 volebant.
1883 3080 1955 3136 Ut
1986 3080 2141 3135 enim
2175 3097 2282 3134 au-

627 3204 804 3259 cupes
836 3166 1139 3239 observato
1174 3182 1351 3250 gustu
1384 3166 1571 3230 aviun;
1613 3189 1759 3244 quas
1790 3175 2098 3236 venantur,
2124 3169 2277 3239 obji-

622 3234 1099 3332 ciurnt‘eis—e's—cas
1120 3234 1266 3339 ans
1298 3264 1408 3319 illas
1440 3234 1745 3334 appetunt,
1777 3264 1833 3314 et
1862 3259 1972 3313 hac
1992 3234 2277 3330 {illecehra
2308 3234 2350 3300 (ἶ

622 3364 897 3422 delinitas
931 3358 1278 3433 pertrahunt
1308 3356 1365 3409 in
1399 3353 1829 3424 laqueosjuxta
1858 3364 2163 3420 expansos,
2190 3347 2275 3402 sic

621 3474 726 3529 ego
758 3452 1055 3509 intellecto
1097 3450 1198 3503 tuo
1249 3444 1469 3509 studio,
1504 3440 1845 3511 ingentique
1874 3455 2068 3494 amore
2117 3436 2273 3491 litte-

623 3562 843 3613 rarum,
895 3542 966 3596 de
1017 3536 1311 3592 industria
1361 3532 1717 3588 mentionem
1761 3529 2081 3583 inferebam
2139 3543 2273 3581 nos-

621 3635 861 3691 tratium
918 3630 1435 3685 monumentorum
1492 3621 1560 3675 de
1610 3617 1873 3673 moribus
1922 3616 2272 3687 scriptorum

624 3726 909 3786 accurate,
943 3736 1061 3790 qua
1111 3711 1671 3770 commemoratione
1700 3724 1831 3762 cum
1882 3705 2119 3761 salivam
2170 3704 2275 3759 tibi

623 3812 833 3871 moveri
864 3815 981 3865 tam
1016 3804 1292 3877 exquisiti
1326 3801 1462 3870 cibi,
1497 3798 1661 3854 nulla
1692 3796 1834 3853 satis
1866 3802 1967 3851 tua
1988 3796 2275 3851 dissimu-

619 3904 758 3959 latio
816 3899 1059 3963 celaret,
1119 3893 1323 3949 deveni
1383 3889 1655 3955 tandem,
1718 3885 2003 3941 adhibitis
2070 3884 2273 3939 eodem

620 3990 893 4065 plurimis
922 3988 1060 4042 hinc
1093 3984 1229 4039 inde
1262 3980 1392 4036 aliis
1426 3978 1685 4045 indiciis,
1718 3976 1777 4030 in
1812 3975 2081 4030 notitiam
2115 3974 2274 4029 desi-

617 4064 765 4138 derii
795 4078 949 4152 quod
984 4082 1040 4131 te
1073 4074 1189 4129 huc
1219 4070 1403 4125 duxit.
1436 4067 1567 4124 Scio
1599 4071 1818 4121 temere
1850 4064 1909 4119 in
1943 4064 2160 4119 talibus
2192 4064 2275 4133 iu-

619 4173 814 4227 dicare
848 4166 1089 4223 multos.
1126 4162 1237 4219 Sed
1272 4161 1321 4215 si
1354 4164 1833 4231 argumentorum
1866 4154 2145 4225 opinandi
2176 4153 2274 4208 de-

618 4249 806 4317 lectus
837 4256 934 4328 qui
967 4245 1139 4310 debet
1168 4250 1475 4317 habeatur,
1503 4262 1635 4302 raro
1664 4242 1946 4299 erraverit
1975 4241 2271 4297 divinatio.

620 4359 701 4407 Ac
764 4349 919 4405 sicut
964 4340 1275 4399 aedificium
1329 4338 1515 4392 firmis
1566 4334 1826 4390 innitens
1876 4330 2276 4388 fundamentis

624 4446 744 4497 stat
783 4429 1228 4493 'inconcussum
1294 4430 1573 4484 adversus
1638 4429 1843 4479 ventos
1911 4422 2276 4490 imbresque;

624 4532 776 4588 sicut
807 4528 989 4592 navis,
1024 4522 1221 4579 carina
1251 4518 1460 4575 subtus
1492 4514 1702 4584 solida,
1735 4512 2015 4567 lateribus
2066 4509 2277 4565 validis

2395 588 2498 639 aut
2565 590 3095 658 quomodocunque
3160 585 3512 641 interveniat
3582 583 3819 638 arbiter.
3892 584 4051 637 Inter

2395 674 2542 729 duos
2574 680 2764 747 potest
2804 682 3103 747 utcunque
3133 674 3456 731 consistere
3485 672 3771 727 securitas
3802 669 4050 737 secreti;

2394 764 2547 832 quod
2579 768 2701 819 tres
2756 766 2949 820 sciunt
2996 763 3180 819 teneri
3227 761 3369 833 quin
3419 765 3652 816 emanet
3699 760 3769 814 ad
3824 758 4049 831 plures,

2395 852 2615 922 nequit.
2658 854 2715 906 Si
2766 858 2964 908 autem
3013 848 3653 921 enotuerit,cooperari
3687 863 3779 902 me
3827 846 3934 902 tibi
3988 847 4049 901 in

2393 941 2783 1012 exscriptione
2811 947 2869 997 et
2908 941 3312 1013 deportatione
3364 940 3436 994 ad
3486 943 3712 993 exteros
3742 951 4047 992 commen-

2394 1030 2677 1101 tariorum
2720 1030 3102 1099 nostratium,
3130 1033 3327 1084 aetum
3356 1030 3427 1083 de
3450 1030 3543 1082 me
3574 1027 3680 1094 sit;
3712 1031 3839 1081 tum
3872 1023 4051 1079 nullas

2393 1135 2555 1190 opes,
2582 1119 2743 1174 nulla
2774 1118 3119 1190 suffragatio
3151 1122 3327 1188 caput
3359 1132 3551 1172 meum
3586 1118 3903 1171 servarent.
3936 1113 4051 1168 Re-

2394 1222 2523 1278 gem
2557 1207 2847 1264 habemus
2892 1207 3093 1262 saevire
3124 1206 3398 1261 atrociter
3445 1204 3517 1258 ob
3568 1220 3660 1259 res
3708 1201 3873 1257 nihili
3905 1200 4048 1257 soli-

2393 1301 2541 1363 tum,
2574 1311 2680 1353 nec
2713 1294 3072 1366 revocabilis,
3105 1294 3205 1350 ubi
3248 1292 3604 1366 praecipitem
3636 1291 3723 1347 ira
3752 1290 4050 1356 extulerit,

2393 1384 2450 1439 in
2480 1385 2715 1441 mitiora
2742 1384 3081 1440 voluntatis.

2461 1474 2581 1530 VII.
2642 1475 2751 1529 Hic
2808 1478 3051 1529 Perzoes
3106 1472 3324 1544 gratias
3381 1471 3503 1544 egit
3571 1474 3693 1524 tam
3764 1484 4048 1541 generoso

2391 1564 2599 1631 amico,
2630 1568 2803 1634 prout
2852 1580 2957 1634 par
2995 1567 3141 1629 erat,
3179 1576 3447 1631 magnae,
3480 1574 3550 1615 ex
3598 1557 3827 1613 cunctis
3875 1555 4043 1627 sigilo

2390 1652 2555 1707 latim
2587 1650 3049 1707 circumstantiis
3090 1650 3352 1705 beneficii
3402 1650 3530 1719 ejus
3578 1647 3855 1703 meritum
3887 1645 4049 1699 esti-

2392 1758 2580 1810 maus,
2612 1742 2767 1813 quod
2814 1740 2965 1795 ultro
3015 1740 3360 1810 priusquam
3412 1740 3743 1808 rogaretur,
3776 1735 3929 1805 quod
3984 1734 4045 1787 in

2392 1848 2449 1886 re
2482 1832 2591 1885 sibi
2646 1830 2995 1902 periculosa,
3029 1828 3185 1898 quod
3233 1826 3454 1881 homini
3505 1829 3721 1891 extero,
3754 1828 3875 1878 tam
3909 1839 4051 1893 pro-

2390 1919 2520 1985 lixe,
2575 1925 2687 1974 tam
2733 1918 2991 1989 gratuito
3037 1918 3272 1972 faveret.
3306 1917 3387 1972 De
3436 1919 3680 1980 secreto,
3710 1913 3865 1984 quod
3916 1928 4048 1965 mo-

2389 2014 2619 2074 nuerat,
2645 2006 3205 2078 securumﬂomnilcx
3236 2010 3399 2077 parte
3422 2004 3608 2075 jussit
3628 2019 3774 2058 esse.
3803 2007 3883 2057 De
3912 2017 4052 2055 mea

2390 2098 2526 2168 fide,
2561 2098 2859 2168 inquiens,
2886 2112 3001 2151 non
3038 2096 3235 2150 minus
3275 2100 3438 2167 potes
3472 2110 3538 2149 ae
3568 2092 3745 2147 debes
3769 2106 3948 2163 quam
3975 2090 4051 2145 de

2388 2194 2491 2243 tua
2521 2188 2712 2260 ipsius
2753 2188 2811 2242 in
2846 2186 2955 2241 hoc
2983 2185 3137 2255 quod
3169 2184 3285 2255 tegi
3320 2183 3626 2253 utriusque
3658 2182 3917 2246 interest,
3956 2184 4049 2234 ta-

2388 2278 2571 2334 cendo
2602 2276 2935 2333 constantia
2966 2279 3023 2329 et
3054 2273 3455 2329 moderatione
3486 2271 3812 2337 conﬁdere;
3838 2284 4049 2340 quare,

2389 2369 2544 2439 quod
2594 2369 2663 2422 ad
2728 2382 2821 2420 me
2869 2365 3099 2429 attinet,
3133 2368 3253 2418 tam
3294 2361 3398 2417 tibi
3458 2366 3618 2417 certa
3669 2357 4051 2415 incolumitas

2388 2463 2489 2512 tua
2528 2461 2637 2524 est,
2672 2472 2850 2528 quam
2884 2454 3040 2526 quod
3089 2453 3148 2508 in
3198 2452 3314 2507 vita
3368 2454 3558 2522 potest
3601 2466 3730 2505 esse
3779 2446 4049 2503 certissi-

2388 2564 2573 2602 mum.
2619 2546 2876 2601 Condam
2938 2560 3031 2599 me
3090 2542 3293 2613 paucis
3345 2541 3574 2606 diebus,
3634 2544 3693 2594 et
3745 2538 4047 2593 celeritate

2388 2653 2623 2692 summa
2655 2635 2811 2707 quod
2861 2632 3033 2704 cupio
3080 2631 3430 2698 exscribam,
3463 2628 3701 2684 interim
3734 2643 3870 2682 cum
3923 2624 4047 2681 alio

2388 2732 2596 2801 praeter
2624 2731 2681 2781 te
2709 2740 2894 2781 unum
2942 2722 3328 2795 congrediens
3370 2720 3621 2776 nemine.
3658 2717 3917 2773 Perfecto
3950 2732 4053 2770 ne-

2388 2817 2547 2889 gotio
2574 2814 2811 2871 evolabo
2832 2880 2837 2883 _
2857 2813 3082 2879 statim,
3106 2816 3173 2867 ut
3202 2826 3273 2866 ne
3303 2810 3353 2865 si
3382 2807 3589 2865 vellem
3624 2806 3888 2879 quidem,
3909 2821 4052 2876 pos-

2388 2923 2511 2963 sem
2555 2904 3036 2974 hisceicuiquam
3070 2902 3129 2956 in
3180 2899 3445 2971 partibus
3494 2897 3679 2952 ullum
3732 2896 3887 2950 inter
3937 2911 4054 2949 nos

2388 2998 2819 3051 transactorum
2877 2991 3164 3045 indicium
3213 2988 3533 3045 effundere.
3582 2986 3671 3041 Me
3720 2984 3856 3039 hinc
3906 3000 4051 3055 pro-

2387 3087 2532 3141 fecto
2564 3090 2625 3138 tu
2675 3081 2973 3154 superaris
3007 3096 3162 3134 unus
3192 3079 3295 3149 qui
3327 3093 3450 3132 rem
3492 3077 3666 3131 scias.
3699 3075 3887 3138 Quam
3919 3078 4056 3127 tuta

2386 3174 2494 3229 tibi
2525 3189 2591 3227 ac
2624 3172 2739 3225 fida
2768 3176 2858 3225 est
2886 3174 2983 3223 tua
3028 3166 3262 3239 propria
3293 3164 3677 3227 conscientia,
3705 3169 3825 3217 tam
3859 3178 4056 3216 remo-

2388 3270 2513 3321 tum
2545 3265 2617 3320 ab
2648 3263 2805 3318 omni
2838 3266 3017 3316 etiam
3044 3259 3253 3314 umbra
3285 3256 3555 3329 periculi,
3589 3255 3769 3325 hujus
3800 3254 4052 3326 quidem

2388 3355 2524 3410 facti
2577 3352 2786 3425 gratia,
2820 3356 2875 3405 te
2926 3348 3304 3404 manifestum
3354 3352 3443 3401 est
3489 3345 3626 3399 fore.
3661 3343 3789 3397 Haec
3839 3346 3931 3396 est
3988 3342 4049 3394 in

2386 3460 2513 3500 eam
2547 3440 2899 3498 sententiam
2932 3437 3047 3493 alia
3096 3437 3285 3493 locuto
3342 3435 3531 3490 Perzoi
3581 3430 3812 3503 aperuit
3861 3432 4055 3487 Indus

2387 3533 2621 3605 sapiens
2653 3546 2931 3586 arcanum
2985 3543 3251 3583 muscum
3292 3541 3499 3592 suum;
3534 3524 3615 3578 ibi
3647 3522 3743 3576 ille
3772 3537 3909 3575 cum
3948 3521 4059 3574 has

2388 3621 2830 3677 dissertationes
2881 3616 3217 3689 quindecim
3278 3611 3776 3687 gymnosophistas
3835 3608 4060 3663 veteris

2388 3713 2457 3766 ad
2508 3727 2701 3782 regem
2755 3705 3234 3771 Abessalomum,
3287 3709 3414 3757 turn
3467 3700 3581 3755 alia
3630 3704 3868 3754 strenue
3918 3713 4059 3765 quae

2385 3801 2569 3857 voluit
2598 3797 2907 3869 exscripsit
2947 3794 3195 3851 istorum
3227 3792 3441 3848 Indicae
3486 3787 3791 3860 sapientia:
3839 3803 4059 3841 monu-

2388 3895 2742 3945 mentorum.
2775 3884 3017 3941 Interim
3046 3888 3236 3938 autem
3270 3880 3517 3954 pecunia
3548 3894 3727 3949 quam
3762 3874 4058 3930 attulerat

2387 3997 2417 4035 e
2447 3979 2685 4034 Perside
2716 3978 2895 4031 ferme
2918 3975 3043 4045 jam
3069 3988 3345 4044 expensa,
3370 3968 3597 4024 remisit
3626 3983 3693 4022 eo
3727 3966 3910 4020 ﬁdum
3948 3964 4060 4019 ho-

2388 4069 2635 4133 minem,
2661 4066 2761 4138 qui
2794 4065 2911 4136 regi
2937 4066 3280 4119 Anasurano
3314 4058 3632 4125 nuntiaret,
3660 4054 3894 4127 magnis
3925 4059 4063 4109 tan-

2386 4161 2518 4214 dem
2570 4156 2874 4212 laboribus
2907 4170 2968 4209 se
3001 4151 3298 4224 peregisse
3347 4149 3503 4221 quod
3548 4148 3813 4217 jusserat
3847 4161 3861 4198 :
3897 4143 4059 4198 rela-

2387 4252 2585 4302 turum
2620 4245 2731 4316 ipsi
2780 4242 2980 4299 statim
3034 4258 3162 4313 quas
3218 4238 3478 4311 optabat,
3512 4235 3613 4291 ubi
3660 4233 3940 4288 viaticum
3980 4233 4061 4286 ad

2388 4336 2638 4393 reditum
2673 4332 3037 4405 suppeditari
3080 4328 3192 4385 sibi
3232 4328 3587 4384 mandasset.
3616 4327 3805 4378 Latus
3836 4322 4064 4377 nuntio

2388 4444 2485 4482 rex
2519 4442 2633 4480 non
2667 4423 2858 4478 solum
2892 4422 3045 4492 quod
3094 4419 3404 4491 petebatur
3449 4412 3865 4470 liberalissime
3907 4410 4068 4466 sub—

2387 4516 2571 4581 misit,
2599 4514 2699 4569 sed
2734 4511 2980 4567 redditis
3011 4506 3460 4565 humanissimis
3488 4503 3703 4559 litteris
3723 4518 3904 4573 quam
3939 4500 4069 4555 sibi

625 4638 695 4678 ex
728 4623 852 4674 arte
884 4590 1099 4671 alfabre
1139 4604 1701 4680 compactaresistit
1749 4602 1921 4657 iratis
1978 4598 2285 4664 ﬂuctibus;
2318 4600 2363 4664 D
2394 4610 2627 4679 gratum
2662 4619 2727 4657 ac
2754 4600 3089 4671 jucundum
3119 4597 3409 4654 accideret,
3440 4592 3667 4650 Perzois
3698 4590 4069 4661 obsequium

624 4711 709 4767 sic
758 4706 956 4780 opinio
1007 4720 1077 4758 ex
1126 4696 1396 4772 prudenti
1447 4692 1881 4766 comparatione
1935 4694 2281 4759 matureque

626 4779 1012 4856 aestimatione
1044 4792 1347 4863 signorum
1381 4786 1440 4840 in
1474 4800 1658 4839 unum
1693 4799 1759 4837 ex
1795 4781 2023 4836 diverso
2054 4779 2282 4850 conspi-

627 4888 885 4946 rantium
919 4882 1201 4955 plurium,
1222 4887 1376 4933 recte
1400 4871 1807 4930 ratiocinantis
1834 4869 2031 4926 animo
2056 4868 2279 4936 innata,

626 4976 867 5050 coargui
894 4990 1010 5029 non
1043 4972 1241 5037 timet;
1270 4966 1412 5039 quin
1438 4963 1746 5019 verissima
1776 4959 2124 5033 plerumque
2157 4958 2285 5029 ipsa

625 5067 997 5125 consciorum
1065 5058 1434 5116 confessione
1516 5051 1965 5124 comprobatur;
2046 5064 2151 5103 nec
2231 5052 2284 5103 te

628 5174 801 5232 porro
835 5154 1114 5228 poeniteat
1152 5150 1365 5204 habere
1398 5160 1487 5201 me
1519 5144 1808 5199 arbitrum
1864 5137 2138 5210 ancipitis
2186 5156 2281 5193 ar-

628 5226 790 5316 cani;
824 5226 1058 5300 tantum
1106 5239 1315 5294 absum
1348 5254 1381 5290 a
1413 5231 1736 5290 deserendo
1767 5234 1846 5294 te,
1881 5232 1946 5283 ut
1993 5226 2284 5299 particeps

626 5337 809 5407 hujus
838 5333 923 5389 tui
948 5330 1343 5403 quodcunque
1374 5328 1463 5381 est
1493 5319 1763 5378 criminis
1784 5317 1936 5373 ultro
1967 5316 2093 5371 ﬁeri
2125 5316 2282 5372 festi-

629 5444 783 5485 nem.
818 5426 931 5494 Sie,
962 5423 1224 5492 inquam,
1257 5414 1507 5483 decrevi,
1550 5427 1787 5468 omnem
1837 5407 2099 5465 conferre
2142 5424 2283 5479 ope-

628 5535 777 5585 ram,
806 5531 878 5571 ne
910 5514 1038 5571 vita
1070 5509 1311 5583 quidem
1353 5522 1419 5561 ac
1452 5502 1628 5575 capiti
1676 5499 1992 5573 parcendo,
2026 5515 2143 5567 quo
2174 5498 2283 5553 tibi

628 5607 930 5678 contingat
982 5603 1040 5658 id
1088 5599 1244 5674 quod
1276 5601 1465 5669 optas.
1500 5593 1715 5649 Verum
1772 5590 1845 5648 ad
1895 5589 2000 5644 hoc
2046 5604 2285 5645 necesse

628 5714 868 5772 prorsus
898 5698 1033 5750 ante
1057 5689 1255 5748 omnia
1278 5691 1389 5758 est,
1425 5690 1489 5740 ut
1518 5682 1900 5739 intendamus
1931 5682 2175 5750 uterque
2202 5679 2285 5734 di-

624 5787 929 5861 ligentiam
982 5780 1224 5851 latendi,
1260 5774 1805 5842 sollicitissimeque
1854 5785 2165 5826 caveamus
2212 5787 2285 5826 ne

2392 4694 2612 4768 prolixe
2643 4689 2993 4756 declaravit;
3026 4694 3153 4743 tum
3187 4687 3302 4743 Deo
3352 4684 3575 4758 gratias
3627 4697 3830 4754 agens,
3855 4684 3913 4735 et
3940 4680 4068 4747 sibi

2392 4782 2721 4857 gratulans,
2755 4779 3103 4835 hortabatur
3135 4781 3199 4833 ut
3238 4776 3429 4848 quoad
3481 4789 3588 4828 suo
3638 4768 3951 4826 commodo
3987 4768 4073 4823 li-

2394 4878 2570 4941 ceret,
2604 4872 2930 4925 maturaret
2969 4866 3222 4922 reditum
3274 4865 3334 4919 in
3382 4861 3657 4935 patriam,
3689 4858 3789 4914 ubi
3821 4873 3959 4913 eum
3993 4857 4078 4911 ﬁ-

2395 4962 2542 5018 delis
2574 4977 2761 5033 operas
2794 4958 3032 5030 praemia
3064 4956 3387 5012 manerent.

2467 5050 2622 5106 VIII.
2666 5048 3073 5103 Hac‘Perzoes
3121 5044 3272 5099 lecta
3320 5039 3591 5113 epistola,
3626 5035 3939 5093 confestim
4000 5052 4075 5090 se

2397 5143 2495 5197 dat
2526 5140 2583 5194 in
2616 5138 2792 5207 viam,
2824 5153 2890 5191 ac
2920 5152 3047 5191 eam
3087 5132 3333 5189 feliciter
3362 5145 3657 5196 emensus,
3691 5125 4073 5181 incolumem

2397 5248 2458 5287 se
2488 5229 2647 5285 sistit
2676 5226 2952 5293 Chosroi;
2996 5224 3099 5296 qui
3129 5220 3366 5295 quantis
3405 5220 3603 5291 ipsum
3637 5213 4077 5271 benevolentiae

2397 5316 2930 5392 significationibus
2960 5311 3274 5385 exceperit,
3301 5309 3461 5364 haud
3495 5305 3664 5363 facile
3697 5304 3774 5360 sit
3802 5303 4077 5358 dicendo

2396 5408 2658 5481 exsequi.
2709 5404 3028 5477 Amplexus
3079 5401 3363 5458 charitate
3422 5394 3827 5453 sincerissima
3882 5393 4077 5447 redu-

2398 5517 2546 5569 cem,
2580 5494 3035 5554 commentarios
3085 5507 3262 5547 manu
3300 5494 3507 5545 tenens
3557 5501 3706 5558 quos
3756 5482 4083 5551 attulerat,

2396 5587 2587 5645 Beasti
2647 5602 2775 5655 nos,
2837 5584 3062 5655 inquit,
3118 5586 3175 5637 et
3231 5578 3347 5635 voti
3404 5580 3707 5648 compotes
3762 5572 4085 5644 antiquis-

2399 5678 2535 5735 simi
2583 5675 2823 5745 iaciens,
2874 5680 3156 5730 aaternum
3190 5669 3296 5725 tibi
3345 5665 3678 5732 devinxisti,
3710 5666 3901 5718 macte
3953 5662 4092 5719 ista

2400 5765 2712 5838 industria,
2761 5763 3062 5832 fidelitate,
3115 5757 3452 5833 diligentia;
3508 5753 3786 5811 dabimus
3834 5752 3909 5808 de
3957 5766 4087 5807 cas-
