4248 6442
251 373 387 426 1225

1263 371 1618 423 ΒΡΕΟῙΜΒΝ
1657 369 2057 421 ΒΑΡΙΕΝΤΙΛΕ
2096 368 2428 424 INUORUM
2471 372 2628 423 VET.

3514 372 3650 425 1226

261 503 408 558 tero,
459 495 614 565 quod
674 511 780 549 nos
837 495 1021 562 decet,
1082 509 1340 563 operam,
1405 508 1474 546 ne
1533 492 1743 546 minori
1796 497 2336 571 tqupannorum
2372 493 2503 565 Pagi
2540 493 2838 560 Phuistan,
2889 494 3150 565 amplum
3193 511 3324 549 eum
3371 497 3652 552 vestitum

253 587 470 650 fructu,
507 599 684 654 quam
718 587 920 638 nostra
968 580 1286 652 voluptate,
1339 585 1567 634 tantum
1627 579 1893 634 laborum

255 678 313 728 et
341 672 738 743 periculorum
792 669 1154 726 exhauseris.
1207 669 1327 724 Sub
1379 669 1500 722 hac
1558 667 1712 722 diem
1761 685 1901 723 con-

255 761 399 815 dicit
445 765 782 830 posterum;
835 757 1008 827 cujus
1055 757 1167 811 diei
1222 761 1421 810 notata
1470 756 1615 810 hora
1663 755 1900 821 eruditi,

257 866 406 921 quos
437 849 494 902 in
526 847 805 902 comitatu
840 846 1093 900 habebat
1125 844 1428 916 plurimos,
1458 845 1903 916 omnigenaque

260 941 562 1013 sapientia
614 937 1038 994 consultissimi
1106 936 1212 990 viri
1284 935 1662 990 convenirent
1717 936 1787 989 ad
1849 951 1909 990 se

259 1047 486 1092 omnes,
521 1025 778 1082 audituri
813 1041 1050 1097 peregre
1083 1025 1356 1080 advectos
1392 1026 1596 1091 libros,
1623 1025 1764 1078 dum
1798 1023 1907 1076 lin-

259 1136 376 1190 gua
407 1117 664 1189 primum
698 1115 930 1171 Persica
962 1131 1028 1168 ex
1061 1114 1285 1168 Perzois
1314 1111 1796 1183 interpretatione
1827 1127 1911 1164 re-

259 1209 605 1261 citarentur.
630 1205 999 1274 .Congregato
1045 1207 1192 1256 cmtu
1240 1199 1628 1271 amplissimo,
1681 1199 1909 1255 medius

258 1296 320 1350 in
355 1295 566 1349 throno
598 1309 718 1357 rex,
752 1290 1006 1362 sumptis
1037 1290 1096 1343 in
1131 1305 1341 1343 manus
1369 1294 1424 1343 et
1455 1288 1759 1359 explicatis
1782 1289 1911 1342 Per-

261 1385 383 1439 zois
413 1380 924 1450 codicibus,jussit
944 1395 1013 1434 ex
1026 1379 1109 1433 eis
1129 1395 1162 1432 a
1181 1377 1554 1432 vocalissimo
1587 1381 1912 1447 anagnoste

259 1469 628 1544 pronuntiari
664 1486 766 1539 per
797 1468 971 1521 horas
1013 1466 1302 1537 plurimas
1333 1466 1778 1520 dissertationes
1813 1483 1913 1536 po-

260 1561 560 1616 tissimum
591 1556 923 1628 quindecim
959 1554 1457 1627 gymnosophista
1497 1571 1629 1608 cum
1663 1555 1914 1608 Abessa-

263 1650 420 1706 lomo
453 1665 615 1720 rege;
653 1646 1018 1701 inhiantibus
1051 1645 1215 1699 avide
1247 1644 1497 1708 cunctis,
1521 1648 1578 1699 et
1605 1644 1912 1698 veritatem

264 1746 385 1794 tam
429 1738 582 1809 aptis
640 1751 977 1806 expressam
1039 1733 1272 1801 fabulis,
1333 1731 1618 1802 effataque
1667 1748 1916 1787 summa

265 1829 544 1883 humana
572 1823 872 1896 sapientia
906 1822 1226 1877 bestiarum
1249 1822 1647 1877 amanissime
1678 1823 1916 1892 profusa

2015 597 2128 636 non
2163 581 2306 635 mihi
2339 583 2529 636 solum
2562 583 2920 638 indicatione
2973 585 3183 638 favoris
3235 585 3341 648 tui,
3385 586 3486 639 sed
3517 587 3654 638 uni-

2013 687 2187 724 versa
2233 687 2464 741 quoque
2520 673 2852 742 cognationi
2913 688 3055 726 meae
3116 679 3276 727 ratus
3328 674 3467 727 fore.
3515 674 3656 727 Inde

2013 774 2146 813 cum
2182 776 2360 830 quam
2383 759 2498 813 dixi
2531 760 2853 831 accepisset
2884 765 3124 816 Perzoes
3156 768 3378 816 vestem
3414 763 3660 833 regiam,

2013 849 2348 918 gratiasque
2379 848 2593 903 iterum
2647 849 3128 919 exquisitissimis
3178 851 3392 921 egisset
3443 851 3658 918 verbis,

2014 942 2222 991 cuncta
2251 936 2300 991 ei
2334 953 2608 1008 prospera
2643 939 2956 1010 faustaque
3010 956 3042 993 a
3090 938 3204 994 Deo
3250 955 3653 1010 comprecans,

2015 1025 2440 1080 demississime
2471 1026 2843 1097 signiﬁcavit,
2878 1027 3036 1081 aliud
3089 1028 3392 1097 quidpiam
3435 1028 3659 1082 deside-

2021 1130 2148 1168 rare
2180 1130 2240 1169 se
2273 1131 2304 1168 a
2353 1115 2660 1183 majestate
2709 1116 2859 1184 ejus,
2910 1132 3023 1169 non
3077 1114 3330 1180 difﬁcile,
3392 1133 3495 1170 nec
3547 1132 3665 1170 ma-

2019 1219 2198 1273 gnum
2238 1221 2249 1257 :
2280 1204 2458 1273 quod,
2495 1203 2542 1257 si
2574 1220 2675 1274 per
2705 1220 2838 1257 eum
2877 1203 3094 1270 liceret,
3129 1204 3406 1259 continuo
3450 1221 3663 1275 propo-

2017 1295 2196 1345 neret.
2235 1291 2432 1346 Dicere
2457 1293 2684 1361 jussus,
2718 1292 2968 1362 subjecit
3001 1310 3013 1347 :
3049 1295 3350 1363 Cuperem,
3400 1293 3659 1358 domine,

2018 1383 2079 1433 ut
2112 1380 2398 1449 imperare
2449 1380 2774 1450 dignareris
2824 1381 3094 1450 scriptori
3144 1386 3243 1436 tuo
3296 1382 3452 1452 regio
3508 1387 3665 1436 Pert-

2016 1467 2418 1532 zetzemchari,
2452 1467 2571 1523 ﬁlio
2605 1469 2994 1535 Paschetices,
3028 1474 3092 1524 ut
3113 1486 3245 1523 cum
3281 1470 3496 1524 librum
3522 1487 3666 1525 amo

2018 1556 2276 1610 delatum
2309 1573 2376 1610 ex
2406 1557 2572 1611 India
2604 1558 2946 1628 Persiceque
2997 1571 3253 1626 versum,
3306 1576 3459 1626 mox,
3496 1565 3667 1629 prout

2010 1645 2135 1714 jam
2161 1645 2420 1715 jussisti,
2455 1646 2585 1700 edet
2621 1646 2675 1699 in
2709 1646 2898 1701 lucem
2953 1647 3269 1716 publicam,
3316 1665 3667 1702 commemo-

2022 1738 2107 1788 ret
2157 1734 2214 1787 in
2263 1735 2454 1788 fronte
2499 1735 2694 1805 operis
2756 1735 3100 1789 nominatim
3166 1736 3267 1806 qui
3324 1737 3458 1802 sim,
3514 1738 3668 1790 unde

2023 1831 2205 1893 ortus,
2241 1824 2409 1892 cujus
2437 1829 2605 1878 secta
2658 1840 2722 1878 ac
2776 1825 2976 1891 studii,
3032 1831 3324 1893 postremo
3377 1831 3666 1895 quantum

266 1917 512 1988 linguis,
565 1883 958 1985 pulcherrimo
1016 1913 1242 1966 intextu
1308 1911 1599 1983 peregrini
1657 1883 1912 1977 artiﬁcii,
1947 1883 1992 1946 B
2025 1883 2419 1966 contentionis
2453 1911 2510 1965 in
2544 1912 2651 1966 hoc
2691 1918 2790 1966 tuo
2838 1883 3114 1966 mandato
3167 1883 3537 1984 defungendo
3570 1931 3664 1969 ex-

265 2003 540 2061 concordi
572 2001 1006 2057 celebrantibus
1038 2001 1346 2073 applausu.
1390 2001 1452 2055 In
1485 2001 1755 2072 digressu
1783 2016 1914 2070 gra-

266 2093 497 2149 vissimi
531 2092 749 2163 quique
781 2095 1119 2146 senatorum
1173 2106 1387 2145 manus
1445 2089 1504 2143 in
1555 2087 1768 2143 calum
1800 2086 1914 2141 tol-

266 2182 490 2248 lebant,
520 2178 882 2250 gratulantes
911 2178 1175 2245 Numini,
1208 2178 1364 2248 quod
1396 2176 1510 2231 ista
1542 2176 1662 2246 regi
1693 2180 1914 2241 mente,

266 2275 382 2328 isto
418 2270 614 2326 Perzoi
643 2269 837 2324 studio
871 2284 1269 2337 successuque
1300 2266 1471 2337 capti
1521 2265 1781 2320 difﬁcilis
1811 2265 1916 2319 do-

269 2361 487 2424 nando,
517 2358 667 2413 diem
702 2358 940 2412 demum
975 2355 1315 2411 illucescere
1347 2353 1747 2408 felicissimam
1782 2369 1916 2408 con-

267 2450 545 2504 cessisset
579 2446 825 2513 Persidi,
860 2445 1040 2499 tantis
1069 2449 1272 2499 extera
1297 2443 1596 2514 sapientia
1623 2442 1919 2496 thesauris

261 2541 402 2609 jure
432 2539 707 2606 deinceps
739 2534 1092 2605 gloriatura.
1143 2535 1295 2588 Hinc
1344 2531 1607 2586 conversi
1660 2531 1729 2584 ad
1786 2536 1919 2584 Per-

272 2643 459 2692 zoem,
489 2624 718 2680 nullum
751 2624 1042 2678 faciebant
1073 2621 1246 2676 ﬁnem
1303 2620 1524 2692 ingenii
1556 2618 1684 2689 ejus
1719 2620 1919 2673 facun-

273 2716 525 2786 diaque,
557 2730 623 2769 ac
653 2713 710 2766 in
744 2712 925 2767 tantis
959 2711 1234 2782 periculis
1266 2709 1923 2774 conteninendis,feren-

275 2806 368 2859 dis
399 2803 724 2869 laboribus,
783 2799 1148 2855 fortitudinis
1208 2801 1666 2866 constantiaque
1725 2796 1923 2866 pradi-

274 2893 474 2947 canda
505 2911 519 2959 ;
552 2908 667 2962 quo
699 2889 934 2945 aiebant
965 2887 1198 2943 nomine
1229 2887 1479 2958 patriam
1508 2885 1620 2958 ipsi
1654 2901 1822 2941 suam
1844 2885 1921 2938 im

278 2979 547 3035 mortalis
600 2977 862 3034 beneﬁcii
914 2992 1148 3047 semper
1208 2975 1548 3031 debitricem
1623 2975 1760 3030 fore.
1810 2974 1925 3027 Rex

275 3073 426 3140 ipse,
460 3068 617 3123 haud
649 3083 777 3122 sese
803 3068 930 3136 jam
962 3065 1219 3136 capiens,
1254 3065 1433 3136 pandi
1484 3065 1800 3135 apothecas
1832 3078 1924 3115 re-

275 3159 508 3231 giarum
542 3172 720 3227 opum
742 3156 947 3226 jussit,
981 3155 1277 3226 ductoque
1309 3170 1510 3208 secum
1545 3153 1697 3207 intro
1731 3150 1926 3206 Perzoi

2022 2000 2338 2056 hauserim.
2365 2001 2440 2055 Eo
2475 2001 2706 2070 cognito
2741 2001 2967 2056 Perzois
2998 2008 3128 2057 voto
3158 2019 3256 2058 rex
3287 2009 3343 2057 et
3398 2020 3665 2073 proceres

2021 2105 2362 2162 generosam
2397 2090 2524 2159 ejus
2559 2089 2908 2160 sapientiam
2942 2107 3276 2162 suspexere,
3320 2092 3420 2162 qui
3452 2093 3666 2163 opibus

2023 2194 2088 2232 ac
2120 2178 2362 2248 pecunia
2393 2177 2766 2248 conlemptis,
2810 2183 3089 2233 aternum
3142 2181 3319 2234 decus
3366 2181 3665 2236 immorta-

2021 2266 2094 2320 lis
2126 2266 2324 2335 gloria
2359 2283 2540 2320 unum
2575 2267 2914 2322 intueretur.
2958 2269 3144 2330 Quare
3198 2270 3398 2324 statim
3432 2271 3480 2323 ei
3518 2287 3615 2324 rex
3646 2288 3658 2324 :

2023 2356 2292 2419 Dabitur,
2321 2372 2390 2410 ne
2423 2355 2647 2423 dubita,
2681 2357 2834 2426 quod
2888 2357 3034 2427 petis
3088 2375 3100 2412 :
3146 2358 3433 2428 jussoque
3477 2361 3666 2414 confe-

2026 2445 2163 2499 stim
2198 2445 2368 2498 acciri
2401 2444 2937 2511 Pertzetzemchari,
2972 2444 3169 2514 Vides,
3203 2447 3303 2514 ait,
3341 2448 3496 2502 hunc
3532 2449 3663 2502 Per-

2027 2548 2207 2600 zoem,
2243 2532 2398 2586 nosti
2444 2533 2855 2601 eruditionem,
2913 2535 3262 2589 modestiam
3314 2542 3668 2607 caterasque

2027 2621 2229 2675 laudes
2261 2623 2410 2690 ejus,
2447 2638 2548 2675 nec
2583 2628 2636 2676 te
2669 2622 2817 2692 fugit
2849 2629 3134 2692 quantum
3177 2624 3236 2677 in
3291 2626 3457 2680 nobis
3490 2626 3670 2696 grati—

2029 2711 2254 2764 licando
2289 2710 2678 2780 periculorum
2706 2727 3215 2782 arumnarumque
3239 2714 3434 2768 animo
3461 2714 3673 2767 invicto

2029 2798 2311 2860 subierit;
2349 2805 2624 2868 praterea
2647 2805 2710 2852 ut
2744 2801 3029 2855 recusarit
3051 2801 3420 2871 amplissima
3441 2803 3678 2873 pramia

2031 2905 2156 2957 qua
2189 2887 2298 2958 ipsi
2333 2888 2766 2943 merentissimo
2801 2889 3264 2944 decreveramus.
3316 2893 3365 2945 Is
3398 2895 3676 2960 quoniam

2029 2977 2151 3031 vico
2180 2976 2661 3043 omninmfunum
2696 2983 2876 3046 optat,
2913 2982 2976 3032 ut
3006 2977 3156 3033 libro
3179 2996 3352 3050 quem
3386 2988 3473 3034 est
3499 2980 3678 3035 inter-

2033 3069 2294 3136 pretatus
2340 3065 2637 3136 specimen
2695 3066 2973 3120 Indorum
3026 3068 3325 3139 sapientia
3378 3070 3680 3140 prabenti,

2034 3170 2247 3208 nomen
2280 3153 2468 3224 ipsius
2499 3169 2633 3207 cum
2672 3155 2966 3209 mentione
2999 3171 3185 3226 opera
3227 3158 3384 3211 circa
3408 3174 3538 3212 eum
3574 3175 3680 3213 na-

271 3245 665 3317 jurejurando
696 3242 1064 3298 conﬁrmavit
1093 3243 1425 3297 condonare
1464 3257 1526 3296 se
1556 3240 1669 3311 ipsi
1700 3256 1767 3294 ac
1791 3240 1926 3309 jure
1957 3243 2000 3309 ρ
2038 3248 2206 3306 vata,
2241 3246 2366 3296 tum
2400 3246 2616 3296 catera
2642 3242 2772 3312 ejus
2804 3242 3127 3314 disciplina
3168 3261 3233 3299 ac
3263 3245 3391 3299 vita
3425 3245 3684 3301 instituti

274 3338 400 3407 jam
435 3350 592 3389 nunc
625 3349 802 3404 quam
834 3331 1052 3402 optimo
1114 3331 1418 3403 proprium
1469 3331 1698 3384 tradere
1755 3328 1926 3400 quid-

281 3423 428 3496 quid
459 3439 525 3478 ac
564 3425 857 3493 quantum
909 3420 1045 3475 inde
1092 3419 1310 3486 vellet;
1360 3418 1619 3490 eligeret,
1677 3421 1930 3489 caperet,

284 3512 452 3568 nulla
482 3509 854 3577 verecundia,
900 3506 1064 3563 nulla
1112 3509 1474 3579 parcimonia
1531 3508 1768 3562 domum
1829 3523 1933 3560 au-

290 3603 487 3665 ferret,
523 3616 551 3654 e
604 3598 953 3653 clarissimis
1006 3597 1122 3652 illis
1172 3596 1443 3666 gemmis,
1493 3612 1523 3650 θ
1575 3595 1937 3666 pretiosissi-

289 3691 408 3746 mis
441 3691 650 3759 pannis
683 3703 824 3741 auro
849 3687 1025 3741 textis
1055 3691 1112 3740 et
1142 3686 1342 3750 blatta,
1377 3685 1740 3755 reliquisque
1764 3685 1939 3756 regia

287 3795 444 3851 gaza
475 3778 767 3833 immensa
797 3774 917 3830 illic
949 3775 1116 3846 copia
1146 3778 1431 3846 congesta
1464 3773 1704 3828 divitiis.

367 3902 457 3958 IX.
504 3905 661 3956 Tunc
713 3900 1024 3972 procidens
1075 3915 1269 3954 coram
1316 3914 1449 3969 rege
1512 3897 1941 3953 demississime

293 3997 537 4047 Perzoes
590 4008 602 4044 :
654 3989 909 4059 Accipio,
962 3988 1061 4054 ait,
1107 3988 1365 4055 domine,
1413 3987 1590 4041 istum
1651 3985 1937 4056 animum,

290 4081 452 4135 istud
488 4081 557 4134 de
590 4095 683 4133 me
707 4077 1024 4148 judicium,
1058 4092 1124 4131 eo
1156 4076 1396 4148 gratiori
1430 4077 1605 4130 animi
1641 4092 1839 4144 sensu,
1875 4092 1940 4130 eo

290 4169 594 4239 dejectiori
644 4167 1032 4230 veneratione,
1086 4183 1197 4235 quo
1245 4166 1434 4236 magis
1486 4181 1616 4219 sum
1670 4166 1941 4220 conscius

290 4259 440 4315 nihil
475 4257 686 4329 egisse.
722 4262 824 4312 aut
872 4254 1136 4326 potuisse
1187 4272 1279 4310 me
1310 4271 1424 4325 quo
1463 4254 1643 4308 tantis
1694 4272 1726 4310 a
1778 4271 1944 4310 sacra

288 4355 396 4404 tua
427 4347 736 4417 majestate
778 4344 1069 4399 cumulari
1118 4343 1412 4398 favoribus
1463 4359 1736 4399 mererer.
1793 4344 1942 4398 Laus

291 4455 362 4493 ea
395 4453 557 4491 mera
583 4440 672 4490 est
705 4434 1152 4489 humanissima
1185 4433 1547 4504 dignationis
1595 4438 1728 4502 tua,
1764 4449 1942 4504 quam

295 4526 440 4598 quia
490 4523 850 4579 remunerari
901 4523 1071 4578 aliter
1121 4538 1297 4592 quam
1348 4522 1497 4577 votis
1547 4538 1797 4593 nequeo,
1841 4539 1942 4576 su-

294 4631 568 4687 premum
619 4613 747 4669 cali
794 4617 1082 4683 terraque
1131 4611 1446 4666 Dominum
1501 4611 1764 4682 impense
1815 4627 1945 4680 pre-

293 4721 393 4760 cor
426 4710 491 4758 ut
521 4707 576 4758 te
609 4703 934 4757 maximum
981 4717 1176 4772 regem
1209 4705 1265 4756 et
1311 4700 1369 4755 in
1403 4700 1513 4756 hac
1567 4701 1686 4756 vita
1744 4705 1948 4772 pergat

294 4793 460 4849 omni
494 4790 878 4864 prosperitate
911 4791 1229 4854 fortunare,
1278 4794 1336 4845 et
1379 4788 1437 4843 in
1490 4789 1690 4844 futuro
1738 4788 1947 4844 saculo

295 4883 660 4954 sempiterna
689 4884 925 4936 coronet
964 4878 1170 4950 gloria.
1206 4879 1370 4944 Quod
1434 4879 1505 4933 ad
1539 4880 1654 4933 ista
1699 4879 1952 4949 pertinet

295 4990 426 5044 qua
461 4969 792 5042 largissime
825 4969 998 5024 offers
1031 4967 1272 5039 indigno
1303 4972 1361 5023 et
1393 4966 1584 5022 inutili
1620 4972 1722 5022 tuo
1760 4983 1948 5035 servo,

299 5062 493 5130 liceat,
528 5075 747 5130 quaso,
781 5074 885 5129 per
916 5064 970 5113 te
1002 5056 1170 5122 mihi,
1203 5073 1301 5111 rex
1335 5056 1950 5123 illustrissime,libere

296 5149 467 5207 fateri
501 5164 594 5203 me
626 5147 697 5203 iis
731 5164 846 5202 non
881 5147 1166 5218 indigere.
1217 5147 1462 5201 Abunde
1512 5145 1729 5216 quippe
1777 5151 1952 5216 atque

290 5239 492 5294 instar
521 5236 790 5293 omnium
822 5240 985 5290 tuam
1019 5251 1148 5290 esse
1182 5234 1326 5289 mihi
1358 5234 1606 5306 gratiam
1662 5239 1718 5289 et
1756 5235 1951 5306 splen-

295 5329 501 5383 dorem
537 5325 966 5381 redundantem
999 5324 1057 5378 in
1085 5339 1181 5378 me
1203 5339 1506 5379 summum
1534 5338 1602 5377 ex
1627 5326 1745 5377 tam
1770 5323 1951 5379 hono-

295 5417 462 5471 riﬁco
496 5415 824 5484 majestatis
855 5415 926 5468 de
959 5430 1051 5467 me
1083 5417 1195 5468 tua
1236 5411 1578 5468 testimonio
1639 5429 1704 5466 ac
1754 5429 1953 5469 sensu.

293 5505 382 5562 Ne
415 5509 614 5560 tamen
647 5503 848 5557 videar
879 5502 1102 5573 regiam
1137 5502 1316 5556 istam
1339 5505 1503 5555 tuam
1537 5500 1955 5557 liberalitatem

292 5609 595 5667 spernere,
631 5596 731 5647 aut
763 5607 1035 5648 recusare
1070 5591 1127 5645 in
1162 5607 1272 5645 are
1302 5594 1403 5645 tuo
1461 5606 1610 5659 esse,
1672 5607 1856 5645 unum
1891 5608 1959 5646 ex

297 5683 428 5742 suis
486 5680 1092 5755 magniﬁcentissimis
1144 5679 1393 5736 admitto
1443 5679 1636 5750 donis,
1682 5679 1958 5737 volumen

582 5804 854 5863 ΡΑτιιοι.
904 5801 1014 5861 Ga.
1063 5798 1306 5861 CXLIII

2044 3332 2459 3402 praﬁgeretur,
2491 3329 2764 3385 volumus
2796 3330 2964 3385 illum
3006 3332 3332 3403 aequissimi
3364 3333 3546 3404 hujus
3568 3335 3687 3390 voti

2045 3436 2147 3490 per
2177 3424 2231 3472 te
2263 3418 2482 3490 prolixe
2505 3425 2834 3490 compotem
2855 3420 2998 3475 ﬁeri.
3035 3423 3230 3490 Itaque
3255 3428 3540 3494 quantum
3567 3431 3687 3480 arte

2046 3508 2438 3578 facundiaque
2481 3506 2662 3575 vales,
2713 3509 2800 3562 fac
2848 3509 2906 3563 in
2958 3527 3024 3564 eo
3069 3517 3438 3582 argumento,
3467 3513 3689 3584 talique

2046 3595 2168 3649 viro
2202 3601 2373 3665 prout
2401 3600 2492 3650 est
2518 3597 2734 3667 dignus
2765 3599 3118 3665 exornando,
3143 3604 3329 3654 totum
3363 3618 3690 3672 expromas;

2047 3685 2103 3738 id
2133 3690 2581 3740 consecuturus.
2618 3691 2681 3740 ut
2711 3686 2942 3741 laudem
2989 3689 3168 3742 etiam
3217 3690 3344 3759 ipse
3395 3693 3690 3761 propriam

2049 3791 2116 3828 ex
2148 3774 2334 3829 alieno
2367 3779 2630 3845 reportes
2661 3777 3018 3839 encomio,et
3051 3783 3224 3833 tanta
3259 3779 3496 3834 virtutis
3520 3781 3695 3851 digne

2049 3864 2471 3918 commendata
2505 3864 2784 3932 splendor
2823 3865 2880 3918 in
2929 3870 3093 3920 tuam
3141 3884 3375 3939 quoque
3409 3871 3697 3925 redundet

2050 3951 2395 4006 claritatem.
2433 3952 2584 4006 Vade
2617 3967 2742 4022 age,
2775 3953 3050 4009 incumbe
3082 3956 3137 4008 in
3164 3971 3313 4026 Opus
3346 3957 3473 4012 sine
3506 3976 3691 4014 mora:

2050 4045 2108 4095 et
2139 4040 2316 4095 simul
2349 4041 2532 4095 istum
2568 4043 2986 4112 panegyricum
3049 4044 3507 4115 elucubraveris,
3560 4065 3693 4101 cor—

2053 4130 2229 4182 tiores
2280 4145 2386 4182 nos
2433 4131 2557 4196 fac;
2613 4129 2800 4199 planet
2853 4130 3003 4184 enim
3062 4131 3228 4185 nobis
3300 4134 3406 4188 hoc
3460 4136 3586 4205 ipso
3637 4136 3694 4189 in

2055 4225 2228 4281 ccetu,
2257 4218 2408 4286 quod
2443 4219 2747 4288 scripseris
2775 4225 2911 4273 ante
2970 4221 3285 4274 editionem
3336 4224 3596 4293 recitari,
3632 4231 3697 4278 ut

2054 4308 2288 4360 eosdem
2323 4307 2419 4375 qui
2449 4307 3046 4363 Perzoisindustriam
3073 4310 3488 4381 ingeniumque
3513 4314 3699 4367 ditau-

2056 4397 2290 4460 darunt,
2325 4400 2501 4466 grata
2547 4403 2760 4450 nostra
2814 4398 2869 4450 in
2919 4414 3051 4451 eum
3104 4398 3444 4469 voluntatis,
3479 4408 3705 4472 tuaque

2054 4485 2243 4554 ipsius
2275 4484 2332 4538 in
2370 4484 2536 4539 nobis
2568 4485 2944 4556 obsequendo
2978 4486 3294 4556 diligentia
3324 4489 3703 4560 eloquentia-

1981 4609 2027 4672 Β
2058 4591 2168 4645 que
2190 4579 2370 4628 testes
2403 4573 2746 4629 habeamus.

2128 4699 2190 4754 Χ.
2223 4699 2475 4754 Adorato
2525 4698 3023 4756 Pertzetzemchar
3073 4701 3413 4760 humillima
3463 4722 3708 4762 venera-

2059 4787 2214 4842 tione
2247 4802 2400 4858 rege,
2437 4788 2731 4844 facturum
2763 4804 2825 4843 se
2856 4790 3013 4858 quod
3048 4797 3423 4863 praceperat,
3456 4795 3709 4866 recepit;

2059 4893 2124 4931 ac
2158 4880 2365 4931 Perzoe
2397 4876 2587 4931 denuo
2620 4877 2894 4948 prolapso
2917 4878 2988 4934 ad
3022 4881 3200 4950 pedes
3232 4881 3526 4950 Chosrois,
3568 4900 3709 4956 gra-

2059 4966 2157 5020 tiis
2209 4965 2512 5032 iterandis,
2563 4966 2892 5037 exindeque
2959 4974 3230 5025 venerato
3289 4977 3596 5028 senatores
3647 4991 3713 5028 ac

2060 5054 2214 5109 viros
2245 5054 2541 5126 principes
2573 5061 2808 5110 cateros
2830 5073 3037 5112 omnes
3068 5058 3167 5128 qui
3201 5060 3714 5127 aderant,solutus

2063 5149 2383 5199 conventus
2433 5148 2540 5198 est.
2615 5148 2680 5199 At
2756 5147 3253 5202 Pertzetzemchar
3320 5150 3532 5206 eximio
3609 5169 3716 5206 suo

2065 5233 2300 5304 ingenio
2334 5250 2400 5288 ac
2436 5233 2712 5290 facultate
2742 5235 3033 5290 scribendi
3059 5237 3337 5307 praclara
3375 5241 3718 5312 complexus

2067 5323 2471 5394 prascriptum
2505 5329 2946 5395 argumentum,
2981 5325 3306 5383 orationem
3348 5328 3718 5385 elucubravit

2068 5412 2542 5478 disertissimam,
2595 5431 2712 5484 qua
2786 5415 3040 5484 Perzois,
3114 5418 3185 5470 ab
3258 5418 3403 5489 ipsis
3478 5437 3722 5475 exorsus

2071 5501 2280 5573 primis
2331 5502 2660 5574 originibus
2705 5521 2770 5558 ac
2821 5505 3186 5575 crepundiis,
3240 5523 3449 5577 genus,
3505 5514 3726 5578 ortum,

2072 5592 2264 5664 prima
2295 5593 2511 5663 studia,
2558 5609 2772 5663 mores,
2826 5601 3002 5664 artes,
3054 5614 3248 5664 sensa,
3300 5601 3726 5670 professionem

2073 5698 2165 5738 res
2197 5685 2416 5754 gestas,
2452 5699 2641 5754 usque
2671 5683 2742 5739 ad
2776 5687 3308 5757 peregrinationem
3335 5689 3446 5759 ipsi
3484 5692 3722 5745 manda-

3370 5813 3444 5869 39
