  <div class='ocr_page' id='page_1' title='image "/cluster/home/n/w/nwhite01/storage/ocr_20150623/143/nnc1.0046980733/621.png"; bbox 0 0 4248 6442; ppageno 0'>
   <div class='ocr_carea' id='block_1_1' title="bbox 632 429 776 481">
    <p class='ocr_par' dir='ltr' id='par_1_1' title="bbox 632 429 776 481">
     <span class='ocr_line' id='line_1_1' title="bbox 632 429 776 481; baseline -0.007 0"><span class='ocrx_word' id='word_1_1' title='bbox 632 429 776 481; x_wconf 77' lang='grc'>1227</span> 
     </span>
    </p>
   </div>
   <div class='ocr_carea' id='block_1_2' title="bbox 2153 434 2541 486">
    <p class='ocr_par' dir='ltr' id='par_1_2' title="bbox 2153 434 2541 486">
     <span class='ocr_line' id='line_1_2' title="bbox 2153 434 2541 486; baseline 0 -2"><span class='ocrx_word' id='word_1_2' title='bbox 2153 434 2541 486; x_wconf 79' lang='lat' dir='ltr'>APPENDIX.</span> 
     </span>
    </p>
   </div>
   <div class='ocr_carea' id='block_1_3' title="bbox 3912 429 4048 483">
    <p class='ocr_par' dir='ltr' id='par_1_3' title="bbox 3912 429 4048 483">
     <span class='ocr_line' id='line_1_3' title="bbox 3912 429 4048 483; baseline -0.007 0"><span class='ocrx_word' id='word_1_3' title='bbox 3912 429 4048 483; x_wconf 79' lang='grc'>1228</span> 
     </span>
    </p>
   </div>
   <div class='ocr_carea' id='block_1_4' title="bbox 634 552 4049 627">
    <p class='ocr_par' dir='ltr' id='par_1_4' title="bbox 634 552 4049 627">
     <span class='ocr_line' id='line_1_4' title="bbox 634 552 4049 627; baseline 0.001 -22"><span class='ocrx_word' id='word_1_4' title='bbox 634 558 777 618; x_wconf 91' lang='lat' dir='ltr'>tam,</span> <span class='ocrx_word' id='word_1_5' title='bbox 814 556 869 606; x_wconf 87' lang='lat' dir='ltr'>et</span> <span class='ocrx_word' id='word_1_6' title='bbox 906 552 1131 607; x_wconf 82' lang='lat' dir='ltr'>felicem</span> <span class='ocrx_word' id='word_1_7' title='bbox 1168 554 1419 608; x_wconf 80' lang='lat' dir='ltr'>reditum</span> <span class='ocrx_word' id='word_1_8' title='bbox 1454 570 1518 608; x_wconf 81' lang='lat' dir='ltr'>ex</span> <span class='ocrx_word' id='word_1_9' title='bbox 1552 554 1736 621; x_wconf 81' lang='lat' dir='ltr'>India,</span> <span class='ocrx_word' id='word_1_10' title='bbox 1786 553 2127 625; x_wconf 83' lang='lat' dir='ltr'>plenissime</span> <span class='ocrx_word' id='word_1_11' title='bbox 2186 571 2281 609; x_wconf 85' lang='lat' dir='ltr'>or-</span> <span class='ocrx_word' id='word_1_12' title='bbox 2314 558 2369 621; x_wconf 78' lang='grc' dir='ltr'><strong>Α</strong></span> <span class='ocrx_word' id='word_1_13' title='bbox 2398 554 2597 610; x_wconf 89' lang='lat' dir='ltr'>tulans</span> <span class='ocrx_word' id='word_1_14' title='bbox 2631 556 2740 611; x_wconf 83' lang='lat' dir='ltr'>sibi</span> <span class='ocrx_word' id='word_1_15' title='bbox 2778 572 2875 611; x_wconf 86' lang='lat' dir='ltr'>rex</span> <span class='ocrx_word' id='word_1_16' title='bbox 2908 571 3185 612; x_wconf 82' lang='lat' dir='ltr'>successu</span> <span class='ocrx_word' id='word_1_17' title='bbox 3219 570 3449 627; x_wconf 66' lang='lat' dir='ltr'>qualem</span> <span class='ocrx_word' id='word_1_18' title='bbox 3481 556 3781 624; x_wconf 88' lang='lat' dir='ltr'>optaverat</span> <span class='ocrx_word' id='word_1_19' title='bbox 3808 554 4049 608; x_wconf 87' lang='lat' dir='ltr'>manda-</span> 
     </span>
    </p>
   </div>
   <div class='ocr_carea' id='block_1_5' title="bbox 641 640 2289 714">
    <p class='ocr_par' dir='ltr' id='par_1_5' title="bbox 641 640 2289 714">
     <span class='ocr_line' id='line_1_5' title="bbox 641 640 2289 714; baseline 0.002 -20"><span class='ocrx_word' id='word_1_20' title='bbox 641 640 1073 711; x_wconf 90' lang='lat' dir='ltr'>natissimeque</span> <span class='ocrx_word' id='word_1_21' title='bbox 1122 641 1452 697; x_wconf 80' lang='lat' dir='ltr'>celebravit.</span> <span class='ocrx_word' id='word_1_22' title='bbox 1508 643 1631 698; x_wconf 88' lang='lat' dir='ltr'>Non</span> <span class='ocrx_word' id='word_1_23' title='bbox 1685 648 1773 697; x_wconf 90' lang='lat' dir='ltr'>est</span> <span class='ocrx_word' id='word_1_24' title='bbox 1822 644 1974 714; x_wconf 90' lang='lat' dir='ltr'>apud</span> <span class='ocrx_word' id='word_1_25' title='bbox 2028 660 2135 699; x_wconf 88' lang='lat' dir='ltr'>nos</span> <span class='ocrx_word' id='word_1_26' title='bbox 2162 644 2289 713; x_wconf 84' lang='lat' dir='ltr'>ejus</span> 
     </span>
    </p>
   </div>
   <div class='ocr_carea' id='block_1_6' title="bbox 638 730 2290 801">
    <p class='ocr_par' dir='ltr' id='par_1_6' title="bbox 638 730 2290 801">
     <span class='ocr_line' id='line_1_6' title="bbox 638 730 2290 801; baseline 0.002 -18"><span class='ocrx_word' id='word_1_27' title='bbox 638 730 834 800; x_wconf 90' lang='lat' dir='ltr'>operis</span> <span class='ocrx_word' id='word_1_28' title='bbox 866 730 1053 800; x_wconf 89' lang='lat' dir='ltr'>copia.</span> <span class='ocrx_word' id='word_1_29' title='bbox 1097 730 1295 800; x_wconf 82' lang='lat' dir='ltr'>Neque</span> <span class='ocrx_word' id='word_1_30' title='bbox 1344 732 1498 786; x_wconf 91' lang='lat' dir='ltr'>enim</span> <span class='ocrx_word' id='word_1_31' title='bbox 1554 731 1723 786; x_wconf 92' lang='lat' dir='ltr'>illum</span> <span class='ocrx_word' id='word_1_32' title='bbox 1760 732 1946 787; x_wconf 83' lang='lat' dir='ltr'>Arabs</span> <span class='ocrx_word' id='word_1_33' title='bbox 2002 732 2290 801; x_wconf 82' lang='lat' dir='ltr'>interpres</span> 
     </span>
    </p>
   </div>
   <div class='ocr_carea' id='block_1_7' title="bbox 638 819 2278 892">
    <p class='ocr_par' dir='ltr' id='par_1_7' title="bbox 638 819 2278 892">
     <span class='ocr_line' id='line_1_7' title="bbox 638 819 2278 892; baseline 0.004 -21"><span class='ocrx_word' id='word_1_34' title='bbox 638 834 812 889; x_wconf 86' lang='lat' dir='ltr'>quem</span> <span class='ocrx_word' id='word_1_35' title='bbox 848 819 1041 873; x_wconf 90' lang='lat' dir='ltr'>Grece</span> <span class='ocrx_word' id='word_1_36' title='bbox 1071 820 1471 889; x_wconf 86' lang='lat' dir='ltr'>expressimus</span> <span class='ocrx_word' id='word_1_37' title='bbox 1503 820 1562 873; x_wconf 92' lang='lat' dir='ltr'>in</span> <span class='ocrx_word' id='word_1_38' title='bbox 1612 820 1879 875; x_wconf 87' lang='lat' dir='ltr'>versione</span> <span class='ocrx_word' id='word_1_39' title='bbox 1925 837 2032 876; x_wconf 85' lang='lat' dir='ltr'>sua</span> <span class='ocrx_word' id='word_1_40' title='bbox 2063 828 2278 892; x_wconf 86' lang='lat' dir='ltr'>posuit.</span> 
     </span>
    </p>
   </div>
   <div class='ocr_carea' id='block_1_8' title="bbox 646 911 2287 983">
    <p class='ocr_par' dir='ltr' id='par_1_8' title="bbox 646 911 2287 983">
     <span class='ocr_line' id='line_1_8' title="bbox 646 911 2287 983; baseline 0.002 -21"><span class='ocrx_word' id='word_1_41' title='bbox 646 914 973 963; x_wconf 87' lang='lat' dir='ltr'>Possumus</span> <span class='ocrx_word' id='word_1_42' title='bbox 1020 915 1217 964; x_wconf 89' lang='lat' dir='ltr'>tamen</span> <span class='ocrx_word' id='word_1_43' title='bbox 1268 912 1396 979; x_wconf 87' lang='lat' dir='ltr'>ejus</span> <span class='ocrx_word' id='word_1_44' title='bbox 1454 912 1808 967; x_wconf 87' lang='lat' dir='ltr'>desiderium</span> <span class='ocrx_word' id='word_1_45' title='bbox 1857 911 2095 983; x_wconf 88' lang='lat' dir='ltr'>equiori</span> <span class='ocrx_word' id='word_1_46' title='bbox 2143 912 2287 966; x_wconf 88' lang='lat' dir='ltr'>ferre</span> 
     </span>
    </p>
   </div>
   <div class='ocr_carea' id='block_1_9' title="bbox 639 997 2289 1071">
    <p class='ocr_par' dir='ltr' id='par_1_9' title="bbox 639 997 2289 1071">
     <span class='ocr_line' id='line_1_9' title="bbox 639 997 2289 1071; baseline 0.002 -21"><span class='ocrx_word' id='word_1_47' title='bbox 639 997 1017 1070; x_wconf 89' lang='lat' dir='ltr'>animo,quod</span> <span class='ocrx_word' id='word_1_48' title='bbox 1058 1000 1360 1054; x_wconf 80' lang='lat' dir='ltr'>materiam</span> <span class='ocrx_word' id='word_1_49' title='bbox 1388 1017 1451 1055; x_wconf 89' lang='lat' dir='ltr'>ac</span> <span class='ocrx_word' id='word_1_50' title='bbox 1477 1001 1592 1055; x_wconf 92' lang='lat' dir='ltr'>fere</span> <span class='ocrx_word' id='word_1_51' title='bbox 1609 1001 1956 1057; x_wconf 87' lang='lat' dir='ltr'>sententiam</span> <span class='ocrx_word' id='word_1_52' title='bbox 1980 1003 2108 1071; x_wconf 84' lang='lat' dir='ltr'>ejus</span> <span class='ocrx_word' id='word_1_53' title='bbox 2129 1017 2289 1055; x_wconf 91' lang='lat' dir='ltr'>com-</span> 
     </span>
    </p>
   </div>
   <div class='ocr_carea' id='block_1_10' title="bbox 634 1075 2285 1158">
    <p class='ocr_par' dir='ltr' id='par_1_10' title="bbox 634 1075 2285 1158">
     <span class='ocr_line' id='line_1_10' title="bbox 634 1075 2285 1158; baseline 0.001 -17"><span class='ocrx_word' id='word_1_54' title='bbox 634 1086 905 1141; x_wconf 88' lang='lat' dir='ltr'>mentarii</span> <span class='ocrx_word' id='word_1_55' title='bbox 939 1088 1149 1157; x_wconf 85' lang='lat' dir='ltr'>partim</span> <span class='ocrx_word' id='word_1_56' title='bbox 1184 1088 1241 1141; x_wconf 92' lang='lat' dir='ltr'>in</span> <span class='ocrx_word' id='word_1_57' title='bbox 1275 1088 1383 1143; x_wconf 88' lang='lat' dir='ltr'>hac</span> <span class='ocrx_word' id='word_1_58' title='bbox 1416 1075 1593 1158; x_wconf 87' lang='lat' dir='ltr'>quam</span> <span class='ocrx_word' id='word_1_59' title='bbox 1627 1105 1694 1144; x_wconf 87' lang='lat' dir='ltr'>ex</span> <span class='ocrx_word' id='word_1_60' title='bbox 1718 1090 2118 1149; x_wconf 87' lang='lat' dir='ltr'>monumentis</span> <span class='ocrx_word' id='word_1_61' title='bbox 2143 1089 2285 1143; x_wconf 88' lang='lat' dir='ltr'>hau-</span> 
     </span>
    </p>
   </div>
   <div class='ocr_carea' id='block_1_11' title="bbox 639 1175 2286 1248">
    <p class='ocr_par' dir='ltr' id='par_1_11' title="bbox 639 1175 2286 1248">
     <span class='ocr_line' id='line_1_11' title="bbox 639 1175 2286 1248; baseline 0.003 -21"><span class='ocrx_word' id='word_1_62' title='bbox 639 1175 829 1228; x_wconf 89' lang='lat' dir='ltr'>simus</span> <span class='ocrx_word' id='word_1_63' title='bbox 860 1176 1109 1230; x_wconf 86' lang='lat' dir='ltr'>Persicis</span> <span class='ocrx_word' id='word_1_64' title='bbox 1142 1175 1384 1231; x_wconf 83' lang='lat' dir='ltr'>historia</span> <span class='ocrx_word' id='word_1_65' title='bbox 1416 1178 1844 1248; x_wconf 86' lang='lat' dir='ltr'>deportationis</span> <span class='ocrx_word' id='word_1_66' title='bbox 1869 1196 1934 1233; x_wconf 86' lang='lat' dir='ltr'>ex</span> <span class='ocrx_word' id='word_1_67' title='bbox 1971 1180 2135 1234; x_wconf 89' lang='lat' dir='ltr'>India</span> <span class='ocrx_word' id='word_1_68' title='bbox 2167 1180 2286 1233; x_wconf 84' lang='lat' dir='ltr'>dis-</span> 
     </span>
    </p>
   </div>
   <div class='ocr_carea' id='block_1_12' title="bbox 641 1264 2284 1339">
    <p class='ocr_par' dir='ltr' id='par_1_12' title="bbox 641 1264 2284 1339">
     <span class='ocr_line' id='line_1_12' title="bbox 641 1264 2284 1339; baseline 0.004 -23"><span class='ocrx_word' id='word_1_69' title='bbox 641 1264 1031 1318; x_wconf 89' lang='lat' dir='ltr'>sertationum</span> <span class='ocrx_word' id='word_1_70' title='bbox 1092 1265 1301 1320; x_wconf 89' lang='lat' dir='ltr'>harum</span> <span class='ocrx_word' id='word_1_71' title='bbox 1363 1266 1856 1338; x_wconf 87' lang='lat' dir='ltr'>parabolicarum,</span> <span class='ocrx_word' id='word_1_72' title='bbox 1934 1269 2148 1339; x_wconf 89' lang='lat' dir='ltr'>partim</span> <span class='ocrx_word' id='word_1_73' title='bbox 2228 1270 2284 1322; x_wconf 90' lang='lat' dir='ltr'>in</span> 
     </span>
    </p>
   </div>
   <div class='ocr_carea' id='block_1_13' title="bbox 632 1352 2285 1427">
    <p class='ocr_par' dir='ltr' id='par_1_13' title="bbox 632 1352 2285 1427">
     <span class='ocr_line' id='line_1_13' title="bbox 632 1352 2285 1427; baseline 0.004 -22"><span class='ocrx_word' id='word_1_74' title='bbox 632 1353 974 1423; x_wconf 73' lang='lat' dir='ltr'>praefatione</span> <span class='ocrx_word' id='word_1_75' title='bbox 1025 1352 1254 1409; x_wconf 89' lang='lat' dir='ltr'>Perzois</span> <span class='ocrx_word' id='word_1_76' title='bbox 1296 1354 1507 1427; x_wconf 85' lang='lat' dir='ltr'>ipsius,</span> <span class='ocrx_word' id='word_1_77' title='bbox 1540 1372 1717 1427; x_wconf 90' lang='lat' dir='ltr'>quam</span> <span class='ocrx_word' id='word_1_78' title='bbox 1768 1357 2077 1412; x_wconf 83' lang='lat' dir='ltr'>Arabicam</span> <span class='ocrx_word' id='word_1_79' title='bbox 2128 1358 2285 1411; x_wconf 89' lang='lat' dir='ltr'>nacti</span> 
     </span>
    </p>
   </div>
   <div class='ocr_carea' id='block_1_14' title="bbox 638 1440 2284 1517">
    <p class='ocr_par' dir='ltr' id='par_1_14' title="bbox 638 1440 2284 1517">
     <span class='ocr_line' id='line_1_14' title="bbox 638 1440 2284 1517; baseline 0.004 -22"><span class='ocrx_word' id='word_1_80' title='bbox 638 1440 831 1497; x_wconf 79' lang='lat' dir='ltr'>Graece</span> <span class='ocrx_word' id='word_1_81' title='bbox 857 1459 989 1497; x_wconf 83' lang='lat' dir='ltr'>mox</span> <span class='ocrx_word' id='word_1_82' title='bbox 1038 1444 1370 1510; x_wconf 89' lang='lat' dir='ltr'>reddemus,</span> <span class='ocrx_word' id='word_1_83' title='bbox 1418 1444 1667 1516; x_wconf 85' lang='lat' dir='ltr'>reperiet</span> <span class='ocrx_word' id='word_1_84' title='bbox 1710 1446 2015 1502; x_wconf 90' lang='lat' dir='ltr'>studiosus</span> <span class='ocrx_word' id='word_1_85' title='bbox 2064 1450 2284 1517; x_wconf 87' lang='lat' dir='ltr'>Lector,</span> 
     </span>
    </p>
   </div>
   <div class='ocr_carea' id='block_1_15' title="bbox 641 1531 2285 1608">
    <p class='ocr_par' dir='ltr' id='par_1_15' title="bbox 641 1531 2285 1608">
     <span class='ocr_line' id='line_1_15' title="bbox 641 1531 2285 1608; baseline 0.004 -25"><span class='ocrx_word' id='word_1_86' title='bbox 641 1531 835 1602; x_wconf 92' lang='lat' dir='ltr'>iisque</span> <span class='ocrx_word' id='word_1_87' title='bbox 864 1531 1135 1587; x_wconf 87' lang='lat' dir='ltr'>videlicet</span> <span class='ocrx_word' id='word_1_88' title='bbox 1185 1538 1518 1599; x_wconf 91' lang='lat' dir='ltr'>contentus,</span> <span class='ocrx_word' id='word_1_89' title='bbox 1565 1534 1721 1589; x_wconf 87' lang='lat' dir='ltr'>haud</span> <span class='ocrx_word' id='word_1_90' title='bbox 1758 1551 2130 1608; x_wconf 83' lang='lat' dir='ltr'>magnopere,</span> <span class='ocrx_word' id='word_1_91' title='bbox 2160 1534 2285 1607; x_wconf 83' lang='lat' dir='ltr'>Opi-</span> 
     </span>
    </p>
   </div>
   <div class='ocr_carea' id='block_1_16' title="bbox 642 1612 2286 1693">
    <p class='ocr_par' dir='ltr' id='par_1_16' title="bbox 642 1612 2286 1693">
     <span class='ocr_line' id='line_1_16' title="bbox 642 1612 2286 1693; baseline 0.005 -20"><span class='ocrx_word' id='word_1_92' title='bbox 642 1636 769 1687; x_wconf 88' lang='lat' dir='ltr'>nor,</span> <span class='ocrx_word' id='word_1_93' title='bbox 803 1621 1129 1691; x_wconf 81' lang='lat' dir='ltr'>quidquam</span> <span class='ocrx_word' id='word_1_94' title='bbox 1177 1612 1331 1676; x_wconf 84' lang='lat' dir='ltr'>ultra</span> <span class='ocrx_word' id='word_1_95' title='bbox 1381 1623 1659 1693; x_wconf 90' lang='lat' dir='ltr'>requiret.</span> <span class='ocrx_word' id='word_1_96' title='bbox 1706 1625 2045 1681; x_wconf 85' lang='lat' dir='ltr'>Convocatis</span> <span class='ocrx_word' id='word_1_97' title='bbox 2075 1624 2286 1681; x_wconf 90' lang='lat' dir='ltr'>deinde</span> 
     </span>
    </p>
   </div>
   <div class='ocr_carea' id='block_1_17' title="bbox 640 1711 2283 1785">
    <p class='ocr_par' dir='ltr' id='par_1_17' title="bbox 640 1711 2283 1785">
     <span class='ocr_line' id='line_1_17' title="bbox 640 1711 2283 1785; baseline 0.004 -23"><span class='ocrx_word' id='word_1_98' title='bbox 640 1725 847 1764; x_wconf 89' lang='lat' dir='ltr'>rursus</span> <span class='ocrx_word' id='word_1_99' title='bbox 879 1726 912 1763; x_wconf 90' lang='lat' dir='ltr'>a</span> <span class='ocrx_word' id='word_1_100' title='bbox 943 1725 1075 1780; x_wconf 89' lang='lat' dir='ltr'>rege</span> <span class='ocrx_word' id='word_1_101' title='bbox 1103 1711 1461 1781; x_wconf 85' lang='lat' dir='ltr'>proceribus,</span> <span class='ocrx_word' id='word_1_102' title='bbox 1496 1712 1625 1784; x_wconf 88' lang='lat' dir='ltr'>ipso</span> <span class='ocrx_word' id='word_1_103' title='bbox 1648 1728 1882 1785; x_wconf 91' lang='lat' dir='ltr'>quoque</span> <span class='ocrx_word' id='word_1_104' title='bbox 1933 1714 2115 1770; x_wconf 89' lang='lat' dir='ltr'>accito</span> <span class='ocrx_word' id='word_1_105' title='bbox 2149 1718 2283 1769; x_wconf 88' lang='lat' dir='ltr'>Per-</span> 
     </span>
    </p>
   </div>
   <div class='ocr_carea' id='block_1_18' title="bbox 638 1798 2283 1871">
    <p class='ocr_par' dir='ltr' id='par_1_18' title="bbox 638 1798 2283 1871">
     <span class='ocr_line' id='line_1_18' title="bbox 638 1798 2283 1871; baseline 0.004 -20"><span class='ocrx_word' id='word_1_106' title='bbox 638 1814 759 1867; x_wconf 89' lang='lat' dir='ltr'>zoe,</span> <span class='ocrx_word' id='word_1_107' title='bbox 808 1798 995 1853; x_wconf 91' lang='lat' dir='ltr'>lectus</span> <span class='ocrx_word' id='word_1_108' title='bbox 1041 1815 1235 1855; x_wconf 88' lang='lat' dir='ltr'>coram</span> <span class='ocrx_word' id='word_1_109' title='bbox 1280 1800 1559 1856; x_wconf 91' lang='lat' dir='ltr'>omnibus</span> <span class='ocrx_word' id='word_1_110' title='bbox 1599 1806 1688 1857; x_wconf 91' lang='lat' dir='ltr'>est</span> <span class='ocrx_word' id='word_1_111' title='bbox 1732 1803 2283 1871; x_wconf 77' lang='lat' dir='ltr'>Pertzetzemcharis</span> 
     </span>
    </p>
   </div>
   <div class='ocr_carea' id='block_1_19' title="bbox 636 1887 2359 1991">
    <p class='ocr_par' dir='ltr' id='par_1_19' title="bbox 636 1887 2359 1991">
     <span class='ocr_line' id='line_1_19' title="bbox 636 1887 2359 1991; baseline 0.004 -50"><span class='ocrx_word' id='word_1_112' title='bbox 636 1887 914 1959; x_wconf 83' lang='lat' dir='ltr'>prologue</span> <span class='ocrx_word' id='word_1_113' title='bbox 946 1888 1423 1960; x_wconf 89' lang='lat' dir='ltr'>encomiasticus,</span> <span class='ocrx_word' id='word_1_114' title='bbox 1457 1891 1517 1945; x_wconf 90' lang='lat' dir='ltr'>in</span> <span class='ocrx_word' id='word_1_115' title='bbox 1550 1907 1664 1961; x_wconf 91' lang='lat' dir='ltr'>quo</span> <span class='ocrx_word' id='word_1_116' title='bbox 1696 1908 1828 1948; x_wconf 89' lang='lat' dir='ltr'>cum</span> <span class='ocrx_word' id='word_1_117' title='bbox 1864 1897 2021 1948; x_wconf 87' lang='lat' dir='ltr'>esset</span> <span class='ocrx_word' id='word_1_118' title='bbox 2050 1892 2281 1948; x_wconf 89' lang='lat' dir='ltr'>cunctis</span> <span class='ocrx_word' id='word_1_119' title='bbox 2312 1925 2359 1991; x_wconf 85' lang='lat' dir='ltr'><strong>B</strong></span> 
     </span>
    </p>
   </div>
   <div class='ocr_carea' id='block_1_20' title="bbox 630 1976 2281 2050">
    <p class='ocr_par' dir='ltr' id='par_1_20' title="bbox 630 1976 2281 2050">
     <span class='ocr_line' id='line_1_20' title="bbox 630 1976 2281 2050; baseline 0.005 -21"><span class='ocrx_word' id='word_1_120' title='bbox 630 1976 821 2032; x_wconf 86' lang='lat' dir='ltr'>visum</span> <span class='ocrx_word' id='word_1_121' title='bbox 869 1977 1192 2033; x_wconf 81' lang='lat' dir='ltr'>laudatoris</span> <span class='ocrx_word' id='word_1_122' title='bbox 1245 1977 1634 2050; x_wconf 85' lang='lat' dir='ltr'>eloquentiam</span> <span class='ocrx_word' id='word_1_123' title='bbox 1689 1981 1913 2037; x_wconf 85' lang='lat' dir='ltr'>laudati</span> <span class='ocrx_word' id='word_1_124' title='bbox 1962 1982 2281 2038; x_wconf 88' lang='lat' dir='ltr'>virtutibus</span> 
     </span>
    </p>
   </div>
   <div class='ocr_carea' id='block_1_21' title="bbox 628 2067 2283 2142">
    <p class='ocr_par' dir='ltr' id='par_1_21' title="bbox 628 2067 2283 2142">
     <span class='ocr_line' id='line_1_21' title="bbox 628 2067 2283 2142; baseline 0.005 -22"><span class='ocrx_word' id='word_1_125' title='bbox 628 2082 695 2120; x_wconf 91' lang='lat' dir='ltr'>ac</span> <span class='ocrx_word' id='word_1_126' title='bbox 728 2067 952 2122; x_wconf 88' lang='lat' dir='ltr'>meritis</span> <span class='ocrx_word' id='word_1_127' title='bbox 983 2084 1149 2138; x_wconf 90' lang='lat' dir='ltr'>equa</span> <span class='ocrx_word' id='word_1_128' title='bbox 1182 2068 1556 2139; x_wconf 89' lang='lat' dir='ltr'>proportione</span> <span class='ocrx_word' id='word_1_129' title='bbox 1590 2071 2283 2142; x_wconf 79' lang='lat' dir='ltr'>respondere,plausibus</span> 
     </span>
    </p>
   </div>
   <div class='ocr_carea' id='block_1_22' title="bbox 632 2156 2283 2232">
    <p class='ocr_par' dir='ltr' id='par_1_22' title="bbox 632 2156 2283 2232">
     <span class='ocr_line' id='line_1_22' title="bbox 632 2156 2283 2232; baseline 0.004 -22"><span class='ocrx_word' id='word_1_130' title='bbox 632 2160 879 2228; x_wconf 90' lang='lat' dir='ltr'>uterque</span> <span class='ocrx_word' id='word_1_131' title='bbox 912 2156 1243 2213; x_wconf 89' lang='lat' dir='ltr'>celebratus</span> <span class='ocrx_word' id='word_1_132' title='bbox 1279 2157 1468 2227; x_wconf 88' lang='lat' dir='ltr'>miris,</span> <span class='ocrx_word' id='word_1_133' title='bbox 1512 2175 1795 2232; x_wconf 88' lang='lat' dir='ltr'>magnum</span> <span class='ocrx_word' id='word_1_134' title='bbox 1822 2159 2283 2217; x_wconf 82' lang='lat' dir='ltr'>tuleruntindu-</span> 
     </span>
    </p>
   </div>
   <div class='ocr_carea' id='block_1_23' title="bbox 631 2246 2280 2325">
    <p class='ocr_par' dir='ltr' id='par_1_23' title="bbox 631 2246 2280 2325">
     <span class='ocr_line' id='line_1_23' title="bbox 631 2246 2280 2325; baseline 0.005 -26"><span class='ocrx_word' id='word_1_135' title='bbox 631 2246 787 2300; x_wconf 86' lang='lat' dir='ltr'>strie</span> <span class='ocrx_word' id='word_1_136' title='bbox 820 2263 937 2302; x_wconf 89' lang='lat' dir='ltr'>sue</span> <span class='ocrx_word' id='word_1_137' title='bbox 973 2248 1253 2303; x_wconf 88' lang='lat' dir='ltr'>fructum.</span> <span class='ocrx_word' id='word_1_138' title='bbox 1290 2246 1407 2303; x_wconf 88' lang='lat' dir='ltr'>Pre</span> <span class='ocrx_word' id='word_1_139' title='bbox 1437 2249 1713 2305; x_wconf 90' lang='lat' dir='ltr'>omnibus</span> <span class='ocrx_word' id='word_1_140' title='bbox 1746 2249 1985 2322; x_wconf 84' lang='lat' dir='ltr'>gavisus</span> <span class='ocrx_word' id='word_1_141' title='bbox 2042 2256 2099 2307; x_wconf 91' lang='lat' dir='ltr'>et</span> <span class='ocrx_word' id='word_1_142' title='bbox 2146 2269 2280 2325; x_wconf 89' lang='lat' dir='ltr'>gra-</span> 
     </span>
    </p>
   </div>
   <div class='ocr_carea' id='block_1_24' title="bbox 2396 641 4047 717">
    <p class='ocr_par' dir='ltr' id='par_1_24' title="bbox 2396 641 4047 717">
     <span class='ocr_line' id='line_1_24' title="bbox 2396 641 4047 717; baseline -0.002 -19"><span class='ocrx_word' id='word_1_143' title='bbox 2396 648 2585 699; x_wconf 87' lang='lat' dir='ltr'>tarum</span> <span class='ocrx_word' id='word_1_144' title='bbox 2621 662 2653 700; x_wconf 92' lang='lat' dir='ltr'>a</span> <span class='ocrx_word' id='word_1_145' title='bbox 2685 662 2745 701; x_wconf 92' lang='lat' dir='ltr'>se</span> <span class='ocrx_word' id='word_1_146' title='bbox 2784 662 3000 715; x_wconf 90' lang='lat' dir='ltr'>rerum,</span> <span class='ocrx_word' id='word_1_147' title='bbox 3040 644 3218 717; x_wconf 90' lang='lat' dir='ltr'>pandi</span> <span class='ocrx_word' id='word_1_148' title='bbox 3262 643 3571 698; x_wconf 88' lang='lat' dir='ltr'>thesauros</span> <span class='ocrx_word' id='word_1_149' title='bbox 3604 641 3791 713; x_wconf 91' lang='lat' dir='ltr'>regios</span> <span class='ocrx_word' id='word_1_150' title='bbox 3834 642 4047 696; x_wconf 87' lang='lat' dir='ltr'>iterum</span> 
     </span>
    </p>
   </div>
   <div class='ocr_carea' id='block_1_25' title="bbox 2391 730 4048 805">
    <p class='ocr_par' dir='ltr' id='par_1_25' title="bbox 2391 730 4048 805">
     <span class='ocr_line' id='line_1_25' title="bbox 2391 730 4048 805; baseline -0.002 -18"><span class='ocrx_word' id='word_1_151' title='bbox 2391 733 2597 802; x_wconf 88' lang='lat' dir='ltr'>jussit,</span> <span class='ocrx_word' id='word_1_152' title='bbox 2629 735 2981 805; x_wconf 89' lang='lat' dir='ltr'>eductisque.</span> <span class='ocrx_word' id='word_1_153' title='bbox 3007 734 3140 789; x_wconf 88' lang='lat' dir='ltr'>inde</span> <span class='ocrx_word' id='word_1_154' title='bbox 3174 749 3388 803; x_wconf 88' lang='lat' dir='ltr'>magna</span> <span class='ocrx_word' id='word_1_155' title='bbox 3417 732 3471 786; x_wconf 89' lang='lat' dir='ltr'>vi</span> <span class='ocrx_word' id='word_1_156' title='bbox 3513 730 3641 786; x_wconf 87' lang='lat' dir='ltr'>auri</span> <span class='ocrx_word' id='word_1_157' title='bbox 3673 747 3736 785; x_wconf 89' lang='lat' dir='ltr'>ac</span> <span class='ocrx_word' id='word_1_158' title='bbox 3784 746 4048 801; x_wconf 88' lang='lat' dir='ltr'>gemma-</span> 
     </span>
    </p>
   </div>
   <div class='ocr_carea' id='block_1_26' title="bbox 2399 819 4047 892">
    <p class='ocr_par' dir='ltr' id='par_1_26' title="bbox 2399 819 4047 892">
     <span class='ocr_line' id='line_1_26' title="bbox 2399 819 4047 892; baseline -0.001 -17"><span class='ocrx_word' id='word_1_159' title='bbox 2399 838 2525 877; x_wconf 91' lang='lat' dir='ltr'>rum</span> <span class='ocrx_word' id='word_1_160' title='bbox 2557 822 2831 880; x_wconf 89' lang='lat' dir='ltr'>immensi</span> <span class='ocrx_word' id='word_1_161' title='bbox 2869 823 3059 892; x_wconf 88' lang='lat' dir='ltr'>pretii,</span> <span class='ocrx_word' id='word_1_162' title='bbox 3089 828 3214 881; x_wconf 91' lang='lat' dir='ltr'>tum</span> <span class='ocrx_word' id='word_1_163' title='bbox 3248 822 3430 877; x_wconf 88' lang='lat' dir='ltr'>vestis</span> <span class='ocrx_word' id='word_1_164' title='bbox 3462 820 3707 876; x_wconf 86' lang='lat' dir='ltr'>attalice</span> <span class='ocrx_word' id='word_1_165' title='bbox 3736 819 4047 890; x_wconf 79' lang='lat' dir='ltr'>speciosis—</span> 
     </span>
    </p>
   </div>
   <div class='ocr_carea' id='block_1_27' title="bbox 2397 909 4048 983">
    <p class='ocr_par' dir='ltr' id='par_1_27' title="bbox 2397 909 4048 983">
     <span class='ocr_line' id='line_1_27' title="bbox 2397 909 4048 983; baseline -0.001 -20"><span class='ocrx_word' id='word_1_166' title='bbox 2397 910 2559 966; x_wconf 89' lang='lat' dir='ltr'>sime</span> <span class='ocrx_word' id='word_1_167' title='bbox 2604 928 2847 969; x_wconf 89' lang='lat' dir='ltr'>numero</span> <span class='ocrx_word' id='word_1_168' title='bbox 2883 910 3129 983; x_wconf 86' lang='lat' dir='ltr'>ingenti,</span> <span class='ocrx_word' id='word_1_169' title='bbox 3162 909 3747 968; x_wconf 88' lang='lat' dir='ltr'>Pretzetzemcharem</span> <span class='ocrx_word' id='word_1_170' title='bbox 3793 926 3893 980; x_wconf 90' lang='lat' dir='ltr'>pro</span> <span class='ocrx_word' id='word_1_171' title='bbox 3948 925 4048 963; x_wconf 90' lang='lat' dir='ltr'>na-</span> 
     </span>
    </p>
   </div>
   <div class='ocr_carea' id='block_1_28' title="bbox 2396 998 4046 1072">
    <p class='ocr_par' dir='ltr' id='par_1_28' title="bbox 2396 998 4046 1072">
     <span class='ocr_line' id='line_1_28' title="bbox 2396 998 4046 1072; baseline 0.001 -22"><span class='ocrx_word' id='word_1_172' title='bbox 2396 1004 2531 1052; x_wconf 89' lang='lat' dir='ltr'>vata</span> <span class='ocrx_word' id='word_1_173' title='bbox 2562 1000 2815 1055; x_wconf 82' lang='lat' dir='ltr'>fideliter</span> <span class='ocrx_word' id='word_1_174' title='bbox 2845 1017 3021 1072; x_wconf 88' lang='lat' dir='ltr'>opera</span> <span class='ocrx_word' id='word_1_175' title='bbox 3064 1003 3408 1053; x_wconf 83' lang='lat' dir='ltr'>muneratus</span> <span class='ocrx_word' id='word_1_176' title='bbox 3458 1002 3548 1052; x_wconf 91' lang='lat' dir='ltr'>est</span> <span class='ocrx_word' id='word_1_177' title='bbox 3597 998 3837 1052; x_wconf 89' lang='lat' dir='ltr'>Perzoes</span> <span class='ocrx_word' id='word_1_178' title='bbox 3890 998 4046 1068; x_wconf 88' lang='lat' dir='ltr'>regis</span> 
     </span>
    </p>
   </div>
   <div class='ocr_carea' id='block_1_29' title="bbox 2397 1086 4048 1156">
    <p class='ocr_par' dir='ltr' id='par_1_29' title="bbox 2397 1086 4048 1156">
     <span class='ocr_line' id='line_1_29' title="bbox 2397 1086 4048 1156; baseline 0 -16"><span class='ocrx_word' id='word_1_179' title='bbox 2397 1087 2455 1141; x_wconf 92' lang='lat' dir='ltr'>in</span> <span class='ocrx_word' id='word_1_180' title='bbox 2490 1104 2615 1143; x_wconf 89' lang='lat' dir='ltr'>sese</span> <span class='ocrx_word' id='word_1_181' title='bbox 2649 1090 2930 1145; x_wconf 83' lang='lat' dir='ltr'>beneficia</span> <span class='ocrx_word' id='word_1_182' title='bbox 2963 1088 3123 1143; x_wconf 89' lang='lat' dir='ltr'>omni</span> <span class='ocrx_word' id='word_1_183' title='bbox 3155 1105 3262 1143; x_wconf 90' lang='lat' dir='ltr'>sua</span> <span class='ocrx_word' id='word_1_184' title='bbox 3293 1088 3467 1142; x_wconf 86' lang='lat' dir='ltr'>etiam</span> <span class='ocrx_word' id='word_1_185' title='bbox 3514 1086 3891 1156; x_wconf 69' lang='lat' dir='ltr'>praedicandi,</span> <span class='ocrx_word' id='word_1_186' title='bbox 3951 1102 4048 1140; x_wconf 89' lang='lat' dir='ltr'>nc-</span> 
     </span>
    </p>
   </div>
   <div class='ocr_carea' id='block_1_30' title="bbox 2397 1177 4047 1251">
    <p class='ocr_par' dir='ltr' id='par_1_30' title="bbox 2397 1177 4047 1251">
     <span class='ocr_line' id='line_1_30' title="bbox 2397 1177 4047 1251; baseline -0.001 -20"><span class='ocrx_word' id='word_1_187' title='bbox 2397 1178 2537 1233; x_wconf 93' lang='lat' dir='ltr'>dum</span> <span class='ocrx_word' id='word_1_188' title='bbox 2592 1180 2947 1251; x_wconf 88' lang='lat' dir='ltr'>rependendi</span> <span class='ocrx_word' id='word_1_189' title='bbox 2984 1178 3255 1234; x_wconf 75' lang='lat' dir='ltr'>facultate</span> <span class='ocrx_word' id='word_1_190' title='bbox 3291 1177 3461 1247; x_wconf 86' lang='lat' dir='ltr'>longe</span> <span class='ocrx_word' id='word_1_191' title='bbox 3493 1177 3795 1247; x_wconf 85' lang='lat' dir='ltr'>superiora</span> <span class='ocrx_word' id='word_1_192' title='bbox 3827 1177 4047 1247; x_wconf 89' lang='lat' dir='ltr'>gratis-</span> 
     </span>
    </p>
   </div>
   <div class='ocr_carea' id='block_1_31' title="bbox 2402 1262 4045 1339">
    <p class='ocr_par' dir='ltr' id='par_1_31' title="bbox 2402 1262 4045 1339">
     <span class='ocr_line' id='line_1_31' title="bbox 2402 1262 4045 1339; baseline -0.005 -15"><span class='ocrx_word' id='word_1_193' title='bbox 2402 1270 2551 1324; x_wconf 86' lang='lat' dir='ltr'>sime</span> <span class='ocrx_word' id='word_1_194' title='bbox 2584 1271 2907 1339; x_wconf 87' lang='lat' dir='ltr'>professus,</span> <span class='ocrx_word' id='word_1_195' title='bbox 2937 1270 3090 1324; x_wconf 90' lang='lat' dir='ltr'>votis</span> <span class='ocrx_word' id='word_1_196' title='bbox 3125 1269 3195 1324; x_wconf 80' lang='lat' dir='ltr'>ab</span> <span class='ocrx_word' id='word_1_197' title='bbox 3229 1262 3873 1338; x_wconf 72' lang='lat' dir='ltr'>omnipotente&#39;rerum</span> <span class='ocrx_word' id='word_1_198' title='bbox 3934 1269 4045 1317; x_wconf 87' lang='lat' dir='ltr'>Do-</span> 
     </span>
    </p>
   </div>
   <div class='ocr_carea' id='block_1_32' title="bbox 2394 1352 4049 1429">
    <p class='ocr_par' dir='ltr' id='par_1_32' title="bbox 2394 1352 4049 1429">
     <span class='ocr_line' id='line_1_32' title="bbox 2394 1352 4049 1429; baseline -0.005 -17"><span class='ocrx_word' id='word_1_199' title='bbox 2394 1358 2553 1412; x_wconf 91' lang='lat' dir='ltr'>mino</span> <span class='ocrx_word' id='word_1_200' title='bbox 2586 1358 2802 1417; x_wconf 82' lang='lat' dir='ltr'>institit</span> <span class='ocrx_word' id='word_1_201' title='bbox 2831 1357 3291 1429; x_wconf 85' lang='lat' dir='ltr'>religiosissimis</span> <span class='ocrx_word' id='word_1_202' title='bbox 3316 1370 3573 1426; x_wconf 86' lang='lat' dir='ltr'>poscere,</span> <span class='ocrx_word' id='word_1_203' title='bbox 3611 1359 3675 1407; x_wconf 86' lang='lat' dir='ltr'>ut</span> <span class='ocrx_word' id='word_1_204' title='bbox 3706 1353 3858 1408; x_wconf 88' lang='lat' dir='ltr'>vices</span> <span class='ocrx_word' id='word_1_205' title='bbox 3890 1352 3954 1408; x_wconf 89' lang='lat' dir='ltr'>in</span> <span class='ocrx_word' id='word_1_206' title='bbox 3986 1366 4049 1406; x_wconf 93' lang='lat' dir='ltr'>eo</span> 
     </span>
    </p>
   </div>
   <div class='ocr_carea' id='block_1_33' title="bbox 2395 1441 4051 1519">
    <p class='ocr_par' dir='ltr' id='par_1_33' title="bbox 2395 1441 4051 1519">
     <span class='ocr_line' id='line_1_33' title="bbox 2395 1441 4051 1519; baseline -0.004 -17"><span class='ocrx_word' id='word_1_207' title='bbox 2395 1464 2537 1502; x_wconf 88' lang='lat' dir='ltr'>suas</span> <span class='ocrx_word' id='word_1_208' title='bbox 2570 1447 2874 1519; x_wconf 86' lang='lat' dir='ltr'>supplens,</span> <span class='ocrx_word' id='word_1_209' title='bbox 2907 1464 3021 1503; x_wconf 93' lang='lat' dir='ltr'>non</span> <span class='ocrx_word' id='word_1_210' title='bbox 3065 1444 3360 1501; x_wconf 87' lang='lat' dir='ltr'>universis</span> <span class='ocrx_word' id='word_1_211' title='bbox 3401 1444 3588 1515; x_wconf 85' lang='lat' dir='ltr'>solum</span> <span class='ocrx_word' id='word_1_212' title='bbox 3624 1441 3749 1499; x_wconf 88' lang='lat' dir='ltr'>vite</span> <span class='ocrx_word' id='word_1_213' title='bbox 3782 1441 4051 1497; x_wconf 88' lang='lat' dir='ltr'>mortalis</span> 
     </span>
    </p>
   </div>
   <div class='ocr_carea' id='block_1_34' title="bbox 2393 1532 4052 1604">
    <p class='ocr_par' dir='ltr' id='par_1_34' title="bbox 2393 1532 4052 1604">
     <span class='ocr_line' id='line_1_34' title="bbox 2393 1532 4052 1604; baseline -0.004 -14"><span class='ocrx_word' id='word_1_214' title='bbox 2393 1536 2756 1591; x_wconf 84' lang='lat' dir='ltr'>ornamentis</span> <span class='ocrx_word' id='word_1_215' title='bbox 2788 1552 2853 1593; x_wconf 88' lang='lat' dir='ltr'>ac</span> <span class='ocrx_word' id='word_1_216' title='bbox 2884 1535 3230 1601; x_wconf 88' lang='lat' dir='ltr'>commodis,</span> <span class='ocrx_word' id='word_1_217' title='bbox 3264 1535 3365 1589; x_wconf 89' lang='lat' dir='ltr'>sed</span> <span class='ocrx_word' id='word_1_218' title='bbox 3400 1534 3580 1604; x_wconf 85' lang='lat' dir='ltr'>gloria</span> <span class='ocrx_word' id='word_1_219' title='bbox 3624 1532 3798 1587; x_wconf 87' lang='lat' dir='ltr'>etiam</span> <span class='ocrx_word' id='word_1_220' title='bbox 3834 1537 4052 1586; x_wconf 83' lang='lat' dir='ltr'>eterna</span> 
     </span>
    </p>
   </div>
   <div class='ocr_carea' id='block_1_35' title="bbox 2397 1622 4046 1698">
    <p class='ocr_par' dir='ltr' id='par_1_35' title="bbox 2397 1622 4046 1698">
     <span class='ocr_line' id='line_1_35' title="bbox 2397 1622 4046 1698; baseline -0.002 -19"><span class='ocrx_word' id='word_1_221' title='bbox 2397 1629 2620 1682; x_wconf 82' lang='lat' dir='ltr'>tantam</span> <span class='ocrx_word' id='word_1_222' title='bbox 2638 1642 2766 1698; x_wconf 77' lang='lat' dir='ltr'>ejus</span> <span class='ocrx_word' id='word_1_223' title='bbox 2779 1624 3245 1697; x_wconf 87' lang='lat' dir='ltr'>begnignitatem</span> <span class='ocrx_word' id='word_1_224' title='bbox 3260 1622 3705 1692; x_wconf 80' lang='lat' dir='ltr'>largitatemque</span> <span class='ocrx_word' id='word_1_225' title='bbox 3721 1626 4046 1677; x_wconf 85' lang='lat' dir='ltr'>coronaret.</span> 
     </span>
    </p>
   </div>
   <div class='ocr_carea' id='block_1_36' title="bbox 2392 1707 4054 1783">
    <p class='ocr_par' dir='ltr' id='par_1_36' title="bbox 2392 1707 4054 1783">
     <span class='ocr_line' id='line_1_36' title="bbox 2392 1707 4054 1783; baseline -0.004 -15"><span class='ocrx_word' id='word_1_226' title='bbox 2392 1713 2915 1774; x_wconf 84' lang='lat' dir='ltr'>Pertzetzemcbari</span> <span class='ocrx_word' id='word_1_227' title='bbox 2952 1713 3164 1770; x_wconf 88' lang='lat' dir='ltr'>deinde</span> <span class='ocrx_word' id='word_1_228' title='bbox 3198 1711 3564 1783; x_wconf 89' lang='lat' dir='ltr'>amplissima</span> <span class='ocrx_word' id='word_1_229' title='bbox 3614 1715 3735 1764; x_wconf 89' lang='lat' dir='ltr'>tam</span> <span class='ocrx_word' id='word_1_230' title='bbox 3784 1707 4054 1763; x_wconf 90' lang='lat' dir='ltr'>benevoli</span> 
     </span>
    </p>
   </div>
   <div class='ocr_carea' id='block_1_37' title="bbox 2392 1796 4053 1876">
    <p class='ocr_par' dir='ltr' id='par_1_37' title="bbox 2392 1796 4053 1876">
     <span class='ocr_line' id='line_1_37' title="bbox 2392 1796 4053 1876; baseline -0.005 -17"><span class='ocrx_word' id='word_1_231' title='bbox 2392 1803 2569 1859; x_wconf 82' lang='lat' dir='ltr'>ofﬁcii</span> <span class='ocrx_word' id='word_1_232' title='bbox 2600 1808 2874 1876; x_wconf 87' lang='lat' dir='ltr'>precatus</span> <span class='ocrx_word' id='word_1_233' title='bbox 2905 1804 3046 1862; x_wconf 87' lang='lat' dir='ltr'>item</span> <span class='ocrx_word' id='word_1_234' title='bbox 3078 1820 3111 1858; x_wconf 93' lang='lat' dir='ltr'>a</span> <span class='ocrx_word' id='word_1_235' title='bbox 3139 1802 3257 1859; x_wconf 87' lang='lat' dir='ltr'>Deo</span> <span class='ocrx_word' id='word_1_236' title='bbox 3290 1801 3550 1872; x_wconf 83' lang='lat' dir='ltr'>premis,</span> <span class='ocrx_word' id='word_1_237' title='bbox 3584 1812 3935 1853; x_wconf 89' lang='lat' dir='ltr'>concessum</span> <span class='ocrx_word' id='word_1_238' title='bbox 3962 1796 4053 1851; x_wconf 89' lang='lat' dir='ltr'>de-</span> 
     </span>
    </p>
   </div>
   <div class='ocr_carea' id='block_1_38' title="bbox 2394 1884 4047 1964">
    <p class='ocr_par' dir='ltr' id='par_1_38' title="bbox 2394 1884 4047 1964">
     <span class='ocr_line' id='line_1_38' title="bbox 2394 1884 4047 1964; baseline -0.006 -15"><span class='ocrx_word' id='word_1_239' title='bbox 2394 1893 2572 1964; x_wconf 87' lang='lat' dir='ltr'>nique</span> <span class='ocrx_word' id='word_1_240' title='bbox 2624 1898 2809 1950; x_wconf 90' lang='lat' dir='ltr'>totum</span> <span class='ocrx_word' id='word_1_241' title='bbox 2844 1893 3009 1949; x_wconf 91' lang='lat' dir='ltr'>illum</span> <span class='ocrx_word' id='word_1_242' title='bbox 3041 1890 3483 1963; x_wconf 87' lang='lat' dir='ltr'>amplissimum</span> <span class='ocrx_word' id='word_1_243' title='bbox 3518 1884 4047 1957; x_wconf 87' lang='lat' dir='ltr'>obsequiosissime</span> 
     </span>
    </p>
   </div>
   <div class='ocr_carea' id='block_1_39' title="bbox 2395 1974 4051 2050">
    <p class='ocr_par' dir='ltr' id='par_1_39' title="bbox 2395 1974 4051 2050">
     <span class='ocr_line' id='line_1_39' title="bbox 2395 1974 4051 2050; baseline -0.005 -14"><span class='ocrx_word' id='word_1_244' title='bbox 2395 1987 2727 2050; x_wconf 85' lang='lat' dir='ltr'>veneratus,</span> <span class='ocrx_word' id='word_1_245' title='bbox 2790 1983 3021 2039; x_wconf 84' lang='lat' dir='ltr'>cunctis</span> <span class='ocrx_word' id='word_1_246' title='bbox 3069 1981 3122 2034; x_wconf 92' lang='lat' dir='ltr'>ei</span> <span class='ocrx_word' id='word_1_247' title='bbox 3174 1979 3457 2047; x_wconf 88' lang='lat' dir='ltr'>vicissim,</span> <span class='ocrx_word' id='word_1_248' title='bbox 3492 1980 3632 2034; x_wconf 91' lang='lat' dir='ltr'>dum</span> <span class='ocrx_word' id='word_1_249' title='bbox 3691 1974 4051 2046; x_wconf 87' lang='lat' dir='ltr'>assurgitur,</span> 
     </span>
    </p>
   </div>
   <div class='ocr_carea' id='block_1_40' title="bbox 2394 2064 4051 2143">
    <p class='ocr_par' dir='ltr' id='par_1_40' title="bbox 2394 2064 4051 2143">
     <span class='ocr_line' id='line_1_40' title="bbox 2394 2064 4051 2143; baseline -0.007 -16"><span class='ocrx_word' id='word_1_250' title='bbox 2394 2072 2855 2143; x_wconf 82' lang='lat' dir='ltr'>gratulantibus,</span> <span class='ocrx_word' id='word_1_251' title='bbox 2885 2072 3127 2129; x_wconf 87' lang='lat' dir='ltr'>domum</span> <span class='ocrx_word' id='word_1_252' title='bbox 3152 2084 3279 2126; x_wconf 87' lang='lat' dir='ltr'>sese</span> <span class='ocrx_word' id='word_1_253' title='bbox 3302 2083 3471 2122; x_wconf 90' lang='lat' dir='ltr'>suam</span> <span class='ocrx_word' id='word_1_254' title='bbox 3498 2064 3877 2136; x_wconf 87' lang='lat' dir='ltr'>triumphans</span> <span class='ocrx_word' id='word_1_255' title='bbox 3899 2078 4051 2134; x_wconf 85' lang='lat' dir='ltr'>gau-</span> 
     </span>
    </p>
   </div>
   <div class='ocr_carea' id='block_1_41' title="bbox 2394 2157 3443 2234">
    <p class='ocr_par' dir='ltr' id='par_1_41' title="bbox 2394 2157 3443 2234">
     <span class='ocr_line' id='line_1_41' title="bbox 2394 2157 3443 2234; baseline -0.006 -17"><span class='ocrx_word' id='word_1_256' title='bbox 2394 2162 2511 2234; x_wconf 90' lang='lat' dir='ltr'>dio,</span> <span class='ocrx_word' id='word_1_257' title='bbox 2545 2166 2599 2217; x_wconf 85' lang='lat' dir='ltr'>et</span> <span class='ocrx_word' id='word_1_258' title='bbox 2630 2161 2968 2217; x_wconf 90' lang='lat' dir='ltr'>cumulatus</span> <span class='ocrx_word' id='word_1_259' title='bbox 2999 2159 3183 2232; x_wconf 88' lang='lat' dir='ltr'>gloria</span> <span class='ocrx_word' id='word_1_260' title='bbox 3204 2157 3443 2229; x_wconf 88' lang='lat' dir='ltr'>recepit.</span> 
     </span>
    </p>
   </div>
   <div class='ocr_carea' id='block_1_42' title="bbox 1949 2643 2716 2707">
    <p class='ocr_par' dir='ltr' id='par_1_42' title="bbox 1949 2643 2716 2707">
     <span class='ocr_line' id='line_1_42' title="bbox 1949 2643 2716 2707; baseline 0 -4"><span class='ocrx_word' id='word_1_261' title='bbox 1949 2643 2589 2707; x_wconf 75' lang='lat' dir='ltr'>PROLEGOMENON</span> <span class='ocrx_word' id='word_1_262' title='bbox 2638 2643 2716 2703; x_wconf 90' lang='grc' dir='ltr'>ΙΙ.</span> 
     </span>
    </p>
   </div>
   <div class='ocr_carea' id='block_1_43' title="bbox 899 2768 3769 2921">
    <p class='ocr_par' dir='ltr' id='par_1_43' title="bbox 899 2768 3769 2921">
     <span class='ocr_line' id='line_1_43' title="bbox 899 2768 3769 2921; baseline -0.003 -84"><span class='ocrx_word' id='word_1_263' title='bbox 899 2779 1205 2857; x_wconf 65' lang='lat' dir='ltr'>Prae/atto</span> <span class='ocrx_word' id='word_1_264' title='bbox 1233 2782 1547 2859; x_wconf 79' lang='lat' dir='ltr'>Symeom&#39;s</span> <span class='ocrx_word' id='word_1_265' title='bbox 1575 2778 1724 2842; x_wconf 86' lang='lat' dir='ltr'>Seth</span> <span class='ocrx_word' id='word_1_266' title='bbox 1762 2781 1961 2844; x_wconf 74' lang='lat' dir='ltr'>Graeci</span> <span class='ocrx_word' id='word_1_267' title='bbox 1995 2782 2519 2921; x_wconf 56' lang='lat' dir='ltr'>interp;etis,dq_ua</span> <span class='ocrx_word' id='word_1_268' title='bbox 2551 2777 2741 2838; x_wconf 76' lang='lat' dir='ltr'>tradit</span> <span class='ocrx_word' id='word_1_269' title='bbox 2788 2777 3087 2839; x_wconf 71' lang='lat' dir='ltr'>rationem</span> <span class='ocrx_word' id='word_1_270' title='bbox 3130 2774 3306 2853; x_wconf 78' lang='lat' dir='ltr'>hujus</span> <span class='ocrx_word' id='word_1_271' title='bbox 3339 2770 3489 2831; x_wconf 78' lang='lat' dir='ltr'>libri</span> <span class='ocrx_word' id='word_1_272' title='bbox 3535 2768 3769 2831; x_wconf 73' lang='lat' dir='ltr'>utiliter</span> 
     </span>
     <span class='ocr_line' id='line_1_44' title="bbox 2221 2880 2459 2921; baseline 0 0"><span class='ocrx_word' id='word_1_273' title='bbox 2221 2880 2363 2921; x_wconf 83' lang='lat' dir='ltr'>eoen</span> <span class='ocrx_word' id='word_1_274' title='bbox 2412 2880 2459 2921; x_wconf 80' lang='grc' dir='ltr'>ι.</span> 
     </span>
    </p>
   </div>
   <div class='ocr_carea' id='block_1_44' title="bbox 2221 2880 2459 2941">
    <p class='ocr_par' dir='ltr' id='par_1_44' title="bbox 2221 2880 2459 2941">
     <span class='ocr_line' id='line_1_45' title="bbox 2221 2880 2459 2941; baseline 0.004 -20"><span class='ocrx_word' id='word_1_275' title='bbox 2221 2880 2459 2941; x_wconf 60' lang='lat' dir='ltr'>egenas.</span> 
     </span>
    </p>
   </div>
   <div class='ocr_carea' id='block_1_45' title="bbox 621 3075 2281 3201">
    <p class='ocr_par' dir='ltr' id='par_1_45' title="bbox 621 3075 2281 3201">
     <span class='ocr_line' id='line_1_46' title="bbox 621 3075 2281 3201; baseline 0 -71"><span class='ocrx_word' id='word_1_276' title='bbox 621 3076 754 3133; x_wconf 83' lang='lat' dir='ltr'>CAP.</span> <span class='ocrx_word' id='word_1_277' title='bbox 792 3079 834 3132; x_wconf 94' lang='grc' dir='ltr'><strong>Ι.</strong></span> <span class='ocrx_word' id='word_1_278' title='bbox 867 3108 934 3116; x_wconf 89' lang='lat'>——</span> <span class='ocrx_word' id='word_1_279' title='bbox 964 3077 1393 3201; x_wconf 59' lang='lat' dir='ltr'>Argumentum],l</span> <span class='ocrx_word' id='word_1_280' title='bbox 1414 3078 1597 3161; x_wconf 78' lang='lat' dir='ltr'>forma</span> <span class='ocrx_word' id='word_1_281' title='bbox 1640 3084 1695 3131; x_wconf 82' lang='lat' dir='ltr'>et</span> <span class='ocrx_word' id='word_1_282' title='bbox 1743 3092 1933 3148; x_wconf 76' lang='lat' dir='ltr'>scopas</span> <span class='ocrx_word' id='word_1_283' title='bbox 1962 3075 2281 3147; x_wconf 71' lang='lat' dir='ltr'>scriptionis</span> 
     </span>
     <span class='ocr_line' id='line_1_47' title="bbox 1400 3164 1546 3201; baseline 0 0"><span class='ocrx_word' id='word_1_284' title='bbox 1400 3164 1546 3201; x_wconf 68' lang='lat' dir='ltr'>usus.</span> 
     </span>
    </p>
   </div>
   <div class='ocr_carea' id='block_1_46' title="bbox 1400 3164 1546 3219">
    <p class='ocr_par' dir='ltr' id='par_1_46' title="bbox 1400 3164 1546 3219">
     <span class='ocr_line' id='line_1_48' title="bbox 1400 3164 1546 3219; baseline 0.021 -18"><span class='ocrx_word' id='word_1_285' title='bbox 1400 3164 1546 3219; x_wconf 60' lang='lat' dir='ltr'>ujus.</span> 
     </span>
    </p>
   </div>
   <div class='ocr_carea' id='block_1_47' title="bbox 695 3235 2353 3328">
    <p class='ocr_par' dir='ltr' id='par_1_47' title="bbox 695 3235 2353 3328">
     <span class='ocr_line' id='line_1_49' title="bbox 695 3235 2353 3328; baseline -0.001 -17"><span class='ocrx_word' id='word_1_286' title='bbox 695 3256 1065 3328; x_wconf 88' lang='lat' dir='ltr'>Compositus</span> <span class='ocrx_word' id='word_1_287' title='bbox 1100 3256 1193 3311; x_wconf 92' lang='lat' dir='ltr'>hic</span> <span class='ocrx_word' id='word_1_288' title='bbox 1222 3256 1369 3311; x_wconf 92' lang='lat' dir='ltr'>liber</span> <span class='ocrx_word' id='word_1_289' title='bbox 1391 3262 1479 3311; x_wconf 88' lang='lat' dir='ltr'>est</span> <span class='ocrx_word' id='word_1_290' title='bbox 1502 3273 1535 3311; x_wconf 93' lang='lat' dir='ltr'>a</span> <span class='ocrx_word' id='word_1_291' title='bbox 1558 3255 1925 3326; x_wconf 86' lang='lat' dir='ltr'>sapientibus</span> <span class='ocrx_word' id='word_1_292' title='bbox 1956 3256 2273 3311; x_wconf 86' lang='lat' dir='ltr'>artiﬁcioso</span> <span class='ocrx_word' id='word_1_293' title='bbox 2311 3235 2353 3303; x_wconf 65' lang='grc' dir='ltr'><strong>(ἶ</strong></span> 
     </span>
    </p>
   </div>
   <div class='ocr_carea' id='block_1_48' title="bbox 626 3344 2282 3417">
    <p class='ocr_par' dir='ltr' id='par_1_48' title="bbox 626 3344 2282 3417">
     <span class='ocr_line' id='line_1_50' title="bbox 626 3344 2282 3417; baseline 0.001 -18"><span class='ocrx_word' id='word_1_294' title='bbox 626 3350 900 3401; x_wconf 85' lang='lat' dir='ltr'>contextu</span> <span class='ocrx_word' id='word_1_295' title='bbox 935 3346 1271 3400; x_wconf 87' lang='lat' dir='ltr'>fabularum</span> <span class='ocrx_word' id='word_1_296' title='bbox 1302 3362 1368 3400; x_wconf 90' lang='lat' dir='ltr'>ac</span> <span class='ocrx_word' id='word_1_297' title='bbox 1400 3344 1838 3416; x_wconf 90' lang='lat' dir='ltr'>parabolarum,</span> <span class='ocrx_word' id='word_1_298' title='bbox 1882 3350 1939 3401; x_wconf 92' lang='lat' dir='ltr'>et</span> <span class='ocrx_word' id='word_1_299' title='bbox 1986 3346 2282 3417; x_wconf 87' lang='lat' dir='ltr'>excogita-</span> 
     </span>
    </p>
   </div>
   <div class='ocr_carea' id='block_1_49' title="bbox 622 3435 2280 3505">
    <p class='ocr_par' dir='ltr' id='par_1_49' title="bbox 622 3435 2280 3505">
     <span class='ocr_line' id='line_1_51' title="bbox 622 3435 2280 3505; baseline -0.001 -15"><span class='ocrx_word' id='word_1_300' title='bbox 622 3440 819 3490; x_wconf 89' lang='lat' dir='ltr'>tarum</span> <span class='ocrx_word' id='word_1_301' title='bbox 851 3439 909 3491; x_wconf 92' lang='lat' dir='ltr'>et</span> <span class='ocrx_word' id='word_1_302' title='bbox 938 3435 1345 3491; x_wconf 88' lang='lat' dir='ltr'>ordinatarum</span> <span class='ocrx_word' id='word_1_303' title='bbox 1401 3435 1723 3505; x_wconf 89' lang='lat' dir='ltr'>prudenter</span> <span class='ocrx_word' id='word_1_304' title='bbox 1772 3436 1843 3490; x_wconf 93' lang='lat' dir='ltr'>ad</span> <span class='ocrx_word' id='word_1_305' title='bbox 1895 3435 2280 3491; x_wconf 88' lang='lat' dir='ltr'>directionem</span> 
     </span>
    </p>
   </div>
   <div class='ocr_carea' id='block_1_50' title="bbox 619 3523 2277 3595">
    <p class='ocr_par' dir='ltr' id='par_1_50' title="bbox 619 3523 2277 3595">
     <span class='ocr_line' id='line_1_52' title="bbox 619 3523 2277 3595; baseline 0 -16"><span class='ocrx_word' id='word_1_306' title='bbox 619 3524 767 3580; x_wconf 86' lang='lat' dir='ltr'>vite.</span> <span class='ocrx_word' id='word_1_307' title='bbox 803 3528 1007 3580; x_wconf 90' lang='lat' dir='ltr'>Locuti</span> <span class='ocrx_word' id='word_1_308' title='bbox 1038 3530 1237 3580; x_wconf 90' lang='lat' dir='ltr'>autem</span> <span class='ocrx_word' id='word_1_309' title='bbox 1272 3523 1364 3579; x_wconf 89' lang='lat' dir='ltr'>hic</span> <span class='ocrx_word' id='word_1_310' title='bbox 1398 3528 1539 3579; x_wconf 88' lang='lat' dir='ltr'>sunt</span> <span class='ocrx_word' id='word_1_311' title='bbox 1569 3528 1841 3579; x_wconf 88' lang='lat' dir='ltr'>auctores</span> <span class='ocrx_word' id='word_1_312' title='bbox 1874 3524 2055 3595; x_wconf 90' lang='lat' dir='ltr'>hujus</span> <span class='ocrx_word' id='word_1_313' title='bbox 2084 3525 2277 3595; x_wconf 89' lang='lat' dir='ltr'>operis</span> 
     </span>
    </p>
   </div>
   <div class='ocr_carea' id='block_1_51' title="bbox 621 3613 2278 3684">
    <p class='ocr_par' dir='ltr' id='par_1_51' title="bbox 621 3613 2278 3684">
     <span class='ocr_line' id='line_1_53' title="bbox 621 3613 2278 3684; baseline 0 -16"><span class='ocrx_word' id='word_1_314' title='bbox 621 3631 722 3684; x_wconf 92' lang='lat' dir='ltr'>per</span> <span class='ocrx_word' id='word_1_315' title='bbox 750 3631 851 3669; x_wconf 90' lang='lat' dir='ltr'>ora</span> <span class='ocrx_word' id='word_1_316' title='bbox 881 3614 1205 3669; x_wconf 86' lang='lat' dir='ltr'>bestiarum</span> <span class='ocrx_word' id='word_1_317' title='bbox 1249 3618 1305 3669; x_wconf 91' lang='lat' dir='ltr'>et</span> <span class='ocrx_word' id='word_1_318' title='bbox 1334 3613 1664 3681; x_wconf 90' lang='lat' dir='ltr'>volucrum,</span> <span class='ocrx_word' id='word_1_319' title='bbox 1698 3622 1758 3667; x_wconf 91' lang='lat' dir='ltr'>ut</span> <span class='ocrx_word' id='word_1_320' title='bbox 1789 3614 2037 3669; x_wconf 90' lang='lat' dir='ltr'>lectores</span> <span class='ocrx_word' id='word_1_321' title='bbox 2068 3615 2278 3668; x_wconf 86' lang='lat' dir='ltr'>corda-</span> 
     </span>
    </p>
   </div>
   <div class='ocr_carea' id='block_1_52' title="bbox 619 3703 2281 3773">
    <p class='ocr_par' dir='ltr' id='par_1_52' title="bbox 619 3703 2281 3773">
     <span class='ocr_line' id='line_1_54' title="bbox 619 3703 2281 3773; baseline -0.001 -15"><span class='ocrx_word' id='word_1_322' title='bbox 619 3708 711 3758; x_wconf 90' lang='lat' dir='ltr'>tos</span> <span class='ocrx_word' id='word_1_323' title='bbox 742 3703 801 3757; x_wconf 92' lang='lat' dir='ltr'>in</span> <span class='ocrx_word' id='word_1_324' title='bbox 836 3704 1189 3759; x_wconf 90' lang='lat' dir='ltr'>sententiam</span> <span class='ocrx_word' id='word_1_325' title='bbox 1222 3720 1497 3758; x_wconf 85' lang='lat' dir='ltr'>arcanam</span> <span class='ocrx_word' id='word_1_326' title='bbox 1546 3707 1945 3773; x_wconf 87' lang='lat' dir='ltr'>penetrantes,</span> <span class='ocrx_word' id='word_1_327' title='bbox 1978 3704 2281 3758; x_wconf 90' lang='lat' dir='ltr'>erudirent</span> 
     </span>
    </p>
   </div>
   <div class='ocr_carea' id='block_1_53' title="bbox 618 3792 2278 3864">
    <p class='ocr_par' dir='ltr' id='par_1_53' title="bbox 618 3792 2278 3864">
     <span class='ocr_line' id='line_1_55' title="bbox 618 3792 2278 3864; baseline 0.001 -19"><span class='ocrx_word' id='word_1_328' title='bbox 618 3793 1118 3864; x_wconf 90' lang='lat' dir='ltr'>instituerentque</span> <span class='ocrx_word' id='word_1_329' title='bbox 1151 3794 1222 3848; x_wconf 93' lang='lat' dir='ltr'>ad</span> <span class='ocrx_word' id='word_1_330' title='bbox 1256 3798 1409 3849; x_wconf 88' lang='lat' dir='ltr'>recte</span> <span class='ocrx_word' id='word_1_331' title='bbox 1442 3792 1554 3848; x_wconf 91' lang='lat' dir='ltr'>sibi</span> <span class='ocrx_word' id='word_1_332' title='bbox 1583 3793 2039 3861; x_wconf 90' lang='lat' dir='ltr'>consulendum,</span> <span class='ocrx_word' id='word_1_333' title='bbox 2079 3792 2278 3848; x_wconf 87' lang='lat' dir='ltr'>stultis</span> 
     </span>
    </p>
   </div>
   <div class='ocr_carea' id='block_1_54' title="bbox 622 3882 2277 3955">
    <p class='ocr_par' dir='ltr' id='par_1_54' title="bbox 622 3882 2277 3955">
     <span class='ocr_line' id='line_1_56' title="bbox 622 3882 2277 3955; baseline 0 -18"><span class='ocrx_word' id='word_1_334' title='bbox 622 3888 818 3938; x_wconf 89' lang='lat' dir='ltr'>autem</span> <span class='ocrx_word' id='word_1_335' title='bbox 850 3883 1170 3955; x_wconf 90' lang='lat' dir='ltr'>puerisque</span> <span class='ocrx_word' id='word_1_336' title='bbox 1204 3882 1389 3937; x_wconf 89' lang='lat' dir='ltr'>risum</span> <span class='ocrx_word' id='word_1_337' title='bbox 1423 3886 1743 3952; x_wconf 90' lang='lat' dir='ltr'>moverent,</span> <span class='ocrx_word' id='word_1_338' title='bbox 1775 3882 2019 3954; x_wconf 89' lang='lat' dir='ltr'>ludique</span> <span class='ocrx_word' id='word_1_339' title='bbox 2042 3882 2187 3954; x_wconf 92' lang='lat' dir='ltr'>ipsis</span> <span class='ocrx_word' id='word_1_340' title='bbox 2210 3898 2277 3937; x_wconf 91' lang='lat' dir='ltr'>ac</span> 
     </span>
    </p>
   </div>
   <div class='ocr_carea' id='block_1_55' title="bbox 621 3970 2273 4043">
    <p class='ocr_par' dir='ltr' id='par_1_55' title="bbox 621 3970 2273 4043">
     <span class='ocr_line' id='line_1_57' title="bbox 621 3970 2273 4043; baseline 0 -17"><span class='ocrx_word' id='word_1_341' title='bbox 621 3971 997 4027; x_wconf 90' lang='lat' dir='ltr'>remissionis</span> <span class='ocrx_word' id='word_1_342' title='bbox 1036 3972 1225 4043; x_wconf 89' lang='lat' dir='ltr'>gratia</span> <span class='ocrx_word' id='word_1_343' title='bbox 1279 3970 1596 4043; x_wconf 89' lang='lat' dir='ltr'>placerent.</span> <span class='ocrx_word' id='word_1_344' title='bbox 1642 3974 1882 4042; x_wconf 88' lang='lat' dir='ltr'>Oportet</span> <span class='ocrx_word' id='word_1_345' title='bbox 1926 3977 2121 4027; x_wconf 90' lang='lat' dir='ltr'>autem</span> <span class='ocrx_word' id='word_1_346' title='bbox 2174 3988 2273 4026; x_wconf 88' lang='lat' dir='ltr'>cu-</span> 
     </span>
    </p>
   </div>
   <div class='ocr_carea' id='block_1_56' title="bbox 618 4060 2276 4131">
    <p class='ocr_par' dir='ltr' id='par_1_56' title="bbox 618 4060 2276 4131">
     <span class='ocr_line' id='line_1_58' title="bbox 618 4060 2276 4131; baseline 0.002 -17"><span class='ocrx_word' id='word_1_347' title='bbox 618 4061 788 4131; x_wconf 91' lang='lat' dir='ltr'>pidos</span> <span class='ocrx_word' id='word_1_348' title='bbox 820 4062 1098 4116; x_wconf 82' lang='lat' dir='ltr'>doctrinae</span> <span class='ocrx_word' id='word_1_349' title='bbox 1130 4077 1361 4131; x_wconf 91' lang='lat' dir='ltr'>omnes,</span> <span class='ocrx_word' id='word_1_350' title='bbox 1415 4060 1741 4130; x_wconf 88' lang='lat' dir='ltr'>presertim</span> <span class='ocrx_word' id='word_1_351' title='bbox 1769 4061 2035 4131; x_wconf 83' lang='lat' dir='ltr'>juvenes,</span> <span class='ocrx_word' id='word_1_352' title='bbox 2065 4061 2186 4116; x_wconf 88' lang='lat' dir='ltr'>hec</span> <span class='ocrx_word' id='word_1_353' title='bbox 2219 4065 2276 4117; x_wconf 89' lang='lat' dir='ltr'>et</span> 
     </span>
    </p>
   </div>
   <div class='ocr_carea' id='block_1_57' title="bbox 616 4150 2275 4219">
    <p class='ocr_par' dir='ltr' id='par_1_57' title="bbox 616 4150 2275 4219">
     <span class='ocr_line' id='line_1_59' title="bbox 616 4150 2275 4219; baseline 0 -14"><span class='ocrx_word' id='word_1_354' title='bbox 616 4152 955 4206; x_wconf 89' lang='lat' dir='ltr'>memoriter</span> <span class='ocrx_word' id='word_1_355' title='bbox 984 4151 1265 4219; x_wconf 90' lang='lat' dir='ltr'>ediscere,</span> <span class='ocrx_word' id='word_1_356' title='bbox 1300 4154 1358 4205; x_wconf 91' lang='lat' dir='ltr'>et</span> <span class='ocrx_word' id='word_1_357' title='bbox 1388 4151 1592 4205; x_wconf 90' lang='lat' dir='ltr'>crebro</span> <span class='ocrx_word' id='word_1_358' title='bbox 1622 4150 1825 4206; x_wconf 77' lang='lat' dir='ltr'>efferre</span> <span class='ocrx_word' id='word_1_359' title='bbox 1854 4152 2176 4219; x_wconf 87' lang='lat' dir='ltr'>recitando,</span> <span class='ocrx_word' id='word_1_360' title='bbox 2212 4156 2275 4205; x_wconf 92' lang='lat' dir='ltr'>ut</span> 
     </span>
    </p>
   </div>
   <div class='ocr_carea' id='block_1_58' title="bbox 615 4240 2271 4313">
    <p class='ocr_par' dir='ltr' id='par_1_58' title="bbox 615 4240 2271 4313">
     <span class='ocr_line' id='line_1_60' title="bbox 615 4240 2271 4313; baseline 0.001 -18"><span class='ocrx_word' id='word_1_361' title='bbox 615 4245 817 4311; x_wconf 92' lang='lat' dir='ltr'>postea</span> <span class='ocrx_word' id='word_1_362' title='bbox 848 4258 1023 4313; x_wconf 91' lang='lat' dir='ltr'>quam</span> <span class='ocrx_word' id='word_1_363' title='bbox 1056 4240 1114 4295; x_wconf 89' lang='lat' dir='ltr'>in</span> <span class='ocrx_word' id='word_1_364' title='bbox 1147 4244 1375 4296; x_wconf 78' lang='lat' dir='ltr'>etatem</span> <span class='ocrx_word' id='word_1_365' title='bbox 1408 4240 1637 4296; x_wconf 83' lang='lat' dir='ltr'>consilii</span> <span class='ocrx_word' id='word_1_366' title='bbox 1688 4257 1961 4313; x_wconf 87' lang='lat' dir='ltr'>capacem</span> <span class='ocrx_word' id='word_1_367' title='bbox 2012 4242 2271 4297; x_wconf 87' lang='lat' dir='ltr'>adoleve-</span> 
     </span>
    </p>
   </div>
   <div class='ocr_carea' id='block_1_59' title="bbox 610 4330 2268 4402">
    <p class='ocr_par' dir='ltr' id='par_1_59' title="bbox 610 4330 2268 4402">
     <span class='ocr_line' id='line_1_61' title="bbox 610 4330 2268 4402; baseline 0.002 -19"><span class='ocrx_word' id='word_1_368' title='bbox 610 4331 749 4399; x_wconf 90' lang='lat' dir='ltr'>rint,</span> <span class='ocrx_word' id='word_1_369' title='bbox 788 4330 1016 4402; x_wconf 89' lang='lat' dir='ltr'>possint</span> <span class='ocrx_word' id='word_1_370' title='bbox 1048 4332 1355 4385; x_wconf 83' lang='lat' dir='ltr'>latentium</span> <span class='ocrx_word' id='word_1_371' title='bbox 1377 4332 1486 4385; x_wconf 89' lang='lat' dir='ltr'>sub</span> <span class='ocrx_word' id='word_1_372' title='bbox 1514 4330 1604 4385; x_wconf 89' lang='lat' dir='ltr'>bis</span> <span class='ocrx_word' id='word_1_373' title='bbox 1631 4336 2053 4401; x_wconf 85' lang='lat' dir='ltr'>preceptorum</span> <span class='ocrx_word' id='word_1_374' title='bbox 2088 4333 2268 4387; x_wconf 92' lang='lat' dir='ltr'>ductu</span> 
     </span>
    </p>
   </div>
   <div class='ocr_carea' id='block_1_60' title="bbox 608 4420 2267 4492">
    <p class='ocr_par' dir='ltr' id='par_1_60' title="bbox 608 4420 2267 4492">
     <span class='ocr_line' id='line_1_62' title="bbox 608 4420 2267 4492; baseline 0.002 -18"><span class='ocrx_word' id='word_1_375' title='bbox 608 4423 942 4491; x_wconf 84' lang='lat' dir='ltr'>gubernare</span> <span class='ocrx_word' id='word_1_376' title='bbox 972 4421 1156 4475; x_wconf 89' lang='lat' dir='ltr'>vitam</span> <span class='ocrx_word' id='word_1_377' title='bbox 1189 4420 1509 4491; x_wconf 90' lang='lat' dir='ltr'>propriam.</span> <span class='ocrx_word' id='word_1_378' title='bbox 1564 4421 1633 4474; x_wconf 89' lang='lat' dir='ltr'>Et</span> <span class='ocrx_word' id='word_1_379' title='bbox 1682 4420 1793 4475; x_wconf 90' lang='lat' dir='ltr'>erit</span> <span class='ocrx_word' id='word_1_380' title='bbox 1844 4420 1965 4477; x_wconf 88' lang='lat' dir='ltr'>hec</span> <span class='ocrx_word' id='word_1_381' title='bbox 1997 4422 2267 4492; x_wconf 87' lang='lat' dir='ltr'>quedam</span> 
     </span>
    </p>
   </div>
   <div class='ocr_carea' id='block_1_61' title="bbox 604 4509 2266 4582">
    <p class='ocr_par' dir='ltr' id='par_1_61' title="bbox 604 4509 2266 4582">
     <span class='ocr_line' id='line_1_63' title="bbox 604 4509 2266 4582; baseline 0.002 -20"><span class='ocrx_word' id='word_1_382' title='bbox 604 4509 751 4581; x_wconf 87' lang='lat' dir='ltr'>ipsis</span> <span class='ocrx_word' id='word_1_383' title='bbox 779 4510 1016 4582; x_wconf 86' lang='lat' dir='ltr'>provisa</span> <span class='ocrx_word' id='word_1_384' title='bbox 1048 4509 1291 4566; x_wconf 89' lang='lat' dir='ltr'>moralis</span> <span class='ocrx_word' id='word_1_385' title='bbox 1324 4509 1583 4565; x_wconf 83' lang='lat' dir='ltr'>scientie</span> <span class='ocrx_word' id='word_1_386' title='bbox 1614 4510 1805 4581; x_wconf 91' lang='lat' dir='ltr'>copia,</span> <span class='ocrx_word' id='word_1_387' title='bbox 1837 4510 1996 4566; x_wconf 91' lang='lat' dir='ltr'>velut</span> <span class='ocrx_word' id='word_1_388' title='bbox 2027 4511 2155 4565; x_wconf 91' lang='lat' dir='ltr'>auri</span> <span class='ocrx_word' id='word_1_389' title='bbox 2177 4529 2266 4566; x_wconf 85' lang='lat' dir='ltr'>ar-</span> 
     </span>
    </p>
   </div>
   <div class='ocr_carea' id='block_1_62' title="bbox 603 4598 2344 4688">
    <p class='ocr_par' dir='ltr' id='par_1_62' title="bbox 603 4598 2344 4688">
     <span class='ocr_line' id='line_1_64' title="bbox 603 4598 2344 4688; baseline 0.002 -35"><span class='ocrx_word' id='word_1_390' title='bbox 603 4601 885 4671; x_wconf 86' lang='lat' dir='ltr'>gentique</span> <span class='ocrx_word' id='word_1_391' title='bbox 925 4604 1195 4671; x_wconf 90' lang='lat' dir='ltr'>repertus</span> <span class='ocrx_word' id='word_1_392' title='bbox 1226 4600 1383 4654; x_wconf 92' lang='lat' dir='ltr'>domi</span> <span class='ocrx_word' id='word_1_393' title='bbox 1415 4598 1715 4669; x_wconf 90' lang='lat' dir='ltr'>cumulus,</span> <span class='ocrx_word' id='word_1_394' title='bbox 1764 4616 1940 4670; x_wconf 90' lang='lat' dir='ltr'>quem</span> <span class='ocrx_word' id='word_1_395' title='bbox 1994 4605 2265 4671; x_wconf 89' lang='lat' dir='ltr'>parentes</span> <span class='ocrx_word' id='word_1_396' title='bbox 2295 4626 2344 4688; x_wconf 82' lang='lat' dir='ltr'><strong>D</strong></span> 
     </span>
    </p>
   </div>
   <div class='ocr_carea' id='block_1_63' title="bbox 598 4689 2261 4762">
    <p class='ocr_par' dir='ltr' id='par_1_63' title="bbox 598 4689 2261 4762">
     <span class='ocr_line' id='line_1_65' title="bbox 598 4689 2261 4762; baseline 0.002 -20"><span class='ocrx_word' id='word_1_397' title='bbox 598 4690 747 4761; x_wconf 91' lang='lat' dir='ltr'>ipsis</span> <span class='ocrx_word' id='word_1_398' title='bbox 779 4689 1663 4755; x_wconf 90' lang='lat' dir='ltr'>recondiderint,inveniendum</span> <span class='ocrx_word' id='word_1_399' title='bbox 1686 4706 1801 4762; x_wconf 93' lang='lat' dir='ltr'>quo</span> <span class='ocrx_word' id='word_1_400' title='bbox 1823 4693 2087 4761; x_wconf 89' lang='lat' dir='ltr'>tempore</span> <span class='ocrx_word' id='word_1_401' title='bbox 2110 4707 2261 4762; x_wconf 90' lang='lat' dir='ltr'>opus</span> 
     </span>
    </p>
   </div>
   <div class='ocr_carea' id='block_1_64' title="bbox 601 4779 2259 4853">
    <p class='ocr_par' dir='ltr' id='par_1_64' title="bbox 601 4779 2259 4853">
     <span class='ocr_line' id='line_1_66' title="bbox 601 4779 2259 4853; baseline 0.001 -18"><span class='ocrx_word' id='word_1_402' title='bbox 601 4796 667 4835; x_wconf 90' lang='lat' dir='ltr'>eo</span> <span class='ocrx_word' id='word_1_403' title='bbox 700 4780 925 4839; x_wconf 88' lang='lat' dir='ltr'>fuerit:</span> <span class='ocrx_word' id='word_1_404' title='bbox 980 4796 1159 4852; x_wconf 88' lang='lat' dir='ltr'>quem</span> <span class='ocrx_word' id='word_1_405' title='bbox 1212 4779 1599 4836; x_wconf 89' lang='lat' dir='ltr'>abscondisse</span> <span class='ocrx_word' id='word_1_406' title='bbox 1644 4780 1868 4851; x_wconf 85' lang='lat' dir='ltr'>profuit</span> <span class='ocrx_word' id='word_1_407' title='bbox 1916 4797 1989 4836; x_wconf 92' lang='lat' dir='ltr'>ne</span> <span class='ocrx_word' id='word_1_408' title='bbox 2043 4780 2259 4853; x_wconf 89' lang='lat' dir='ltr'>diripe-</span> 
     </span>
    </p>
   </div>
   <div class='ocr_carea' id='block_1_65' title="bbox 599 4868 2258 4937">
    <p class='ocr_par' dir='ltr' id='par_1_65' title="bbox 599 4868 2258 4937">
     <span class='ocr_line' id='line_1_67' title="bbox 599 4868 2258 4937; baseline 0 -12"><span class='ocrx_word' id='word_1_409' title='bbox 599 4874 765 4926; x_wconf 92' lang='lat' dir='ltr'>retur</span> <span class='ocrx_word' id='word_1_410' title='bbox 796 4870 870 4925; x_wconf 90' lang='lat' dir='ltr'>ab</span> <span class='ocrx_word' id='word_1_411' title='bbox 903 4869 1200 4926; x_wconf 86' lang='lat' dir='ltr'>extraneis</span> <span class='ocrx_word' id='word_1_412' title='bbox 1228 4890 1242 4937; x_wconf 86' lang='lat'><strong>;</strong></span> <span class='ocrx_word' id='word_1_413' title='bbox 1276 4886 1382 4925; x_wconf 91' lang='lat' dir='ltr'>nec</span> <span class='ocrx_word' id='word_1_414' title='bbox 1417 4873 1614 4925; x_wconf 89' lang='lat' dir='ltr'>tamen</span> <span class='ocrx_word' id='word_1_415' title='bbox 1650 4872 1766 4925; x_wconf 86' lang='lat' dir='ltr'>tam</span> <span class='ocrx_word' id='word_1_416' title='bbox 1800 4868 1917 4926; x_wconf 90' lang='lat' dir='ltr'>alte</span> <span class='ocrx_word' id='word_1_417' title='bbox 1939 4870 2258 4937; x_wconf 79' lang='lat' dir='ltr'>defodisse,</span> 
     </span>
    </p>
   </div>
   <div class='ocr_carea' id='block_1_66' title="bbox 601 4959 2260 5031">
    <p class='ocr_par' dir='ltr' id='par_1_66' title="bbox 601 4959 2260 5031">
     <span class='ocr_line' id='line_1_68' title="bbox 601 4959 2260 5031; baseline -0.001 -17"><span class='ocrx_word' id='word_1_418' title='bbox 601 4966 665 5015; x_wconf 92' lang='lat' dir='ltr'>ut</span> <span class='ocrx_word' id='word_1_419' title='bbox 696 4977 814 5017; x_wconf 90' lang='lat' dir='ltr'>non</span> <span class='ocrx_word' id='word_1_420' title='bbox 846 4959 1015 5015; x_wconf 90' lang='lat' dir='ltr'>facile</span> <span class='ocrx_word' id='word_1_421' title='bbox 1043 4961 1419 5031; x_wconf 88' lang='lat' dir='ltr'>detegeretur</span> <span class='ocrx_word' id='word_1_422' title='bbox 1451 4959 1509 5013; x_wconf 92' lang='lat' dir='ltr'>in</span> <span class='ocrx_word' id='word_1_423' title='bbox 1561 4959 1868 5014; x_wconf 88' lang='lat' dir='ltr'>occasione</span> <span class='ocrx_word' id='word_1_424' title='bbox 1906 4960 2260 5027; x_wconf 85' lang='lat' dir='ltr'>utendi,uti-</span> 
     </span>
    </p>
   </div>
   <div class='ocr_carea' id='block_1_67' title="bbox 600 5048 2257 5122">
    <p class='ocr_par' dir='ltr' id='par_1_67' title="bbox 600 5048 2257 5122">
     <span class='ocr_line' id='line_1_69' title="bbox 600 5048 2257 5122; baseline 0 -17"><span class='ocrx_word' id='word_1_425' title='bbox 600 5067 711 5122; x_wconf 91' lang='lat' dir='ltr'>que</span> <span class='ocrx_word' id='word_1_426' title='bbox 743 5050 1023 5105; x_wconf 91' lang='lat' dir='ltr'>latentem</span> <span class='ocrx_word' id='word_1_427' title='bbox 1055 5052 1161 5105; x_wconf 91' lang='lat' dir='ltr'>sub</span> <span class='ocrx_word' id='word_1_428' title='bbox 1212 5048 1516 5103; x_wconf 89' lang='lat' dir='ltr'>involucro</span> <span class='ocrx_word' id='word_1_429' title='bbox 1557 5066 1671 5104; x_wconf 91' lang='lat' dir='ltr'>non</span> <span class='ocrx_word' id='word_1_430' title='bbox 1705 5048 1883 5103; x_wconf 89' lang='lat' dir='ltr'>nimis</span> <span class='ocrx_word' id='word_1_431' title='bbox 1916 5050 2118 5116; x_wconf 85' lang='lat' dir='ltr'>denso,</span> <span class='ocrx_word' id='word_1_432' title='bbox 2156 5050 2257 5105; x_wconf 88' lang='lat' dir='ltr'>sed</span> 
     </span>
    </p>
   </div>
   <div class='ocr_carea' id='block_1_68' title="bbox 590 5138 2258 5212">
    <p class='ocr_par' dir='ltr' id='par_1_68' title="bbox 590 5138 2258 5212">
     <span class='ocr_line' id='line_1_70' title="bbox 590 5138 2258 5212; baseline -0.001 -17"><span class='ocrx_word' id='word_1_433' title='bbox 590 5140 906 5212; x_wconf 89' lang='lat' dir='ltr'>pellucido,</span> <span class='ocrx_word' id='word_1_434' title='bbox 944 5157 1048 5195; x_wconf 91' lang='lat' dir='ltr'>nec</span> <span class='ocrx_word' id='word_1_435' title='bbox 1083 5156 1234 5210; x_wconf 84' lang='lat' dir='ltr'>egre</span> <span class='ocrx_word' id='word_1_436' title='bbox 1286 5138 1608 5205; x_wconf 91' lang='lat' dir='ltr'>amovibili,</span> <span class='ocrx_word' id='word_1_437' title='bbox 1662 5138 1988 5209; x_wconf 78' lang='lat' dir='ltr'>signoruni,</span> <span class='ocrx_word' id='word_1_438' title='bbox 2025 5155 2091 5193; x_wconf 87' lang='lat' dir='ltr'>ex</span> <span class='ocrx_word' id='word_1_439' title='bbox 2122 5156 2258 5211; x_wconf 91' lang='lat' dir='ltr'>ope-</span> 
     </span>
    </p>
   </div>
   <div class='ocr_carea' id='block_1_69' title="bbox 593 5228 2257 5300">
    <p class='ocr_par' dir='ltr' id='par_1_69' title="bbox 593 5228 2257 5300">
     <span class='ocr_line' id='line_1_71' title="bbox 593 5228 2257 5300; baseline 0.001 -16"><span class='ocrx_word' id='word_1_440' title='bbox 593 5231 757 5285; x_wconf 91' lang='lat' dir='ltr'>ribus</span> <span class='ocrx_word' id='word_1_441' title='bbox 790 5236 847 5284; x_wconf 80' lang='lat' dir='ltr'>et</span> <span class='ocrx_word' id='word_1_442' title='bbox 887 5229 1079 5285; x_wconf 90' lang='lat' dir='ltr'>verbis</span> <span class='ocrx_word' id='word_1_443' title='bbox 1130 5228 1535 5284; x_wconf 86' lang='lat' dir='ltr'>indicantibus</span> <span class='ocrx_word' id='word_1_444' title='bbox 1587 5228 1888 5299; x_wconf 90' lang='lat' dir='ltr'>quidpiam</span> <span class='ocrx_word' id='word_1_445' title='bbox 1942 5229 2086 5284; x_wconf 90' lang='lat' dir='ltr'>satis</span> <span class='ocrx_word' id='word_1_446' title='bbox 2129 5246 2257 5300; x_wconf 86' lang='lat' dir='ltr'>per-</span> 
     </span>
    </p>
   </div>
   <div class='ocr_carea' id='block_1_70' title="bbox 592 5317 2258 5391">
    <p class='ocr_par' dir='ltr' id='par_1_70' title="bbox 592 5317 2258 5391">
     <span class='ocr_line' id='line_1_72' title="bbox 592 5317 2258 5391; baseline -0.002 -15"><span class='ocrx_word' id='word_1_447' title='bbox 592 5321 751 5376; x_wconf 87' lang='lat' dir='ltr'>vium</span> <span class='ocrx_word' id='word_1_448' title='bbox 805 5319 1209 5391; x_wconf 71' lang='lat' dir='ltr'>intelligentia:</span> <span class='ocrx_word' id='word_1_449' title='bbox 1265 5317 1518 5374; x_wconf 91' lang='lat' dir='ltr'>naturali</span> <span class='ocrx_word' id='word_1_450' title='bbox 1573 5319 1787 5372; x_wconf 88' lang='lat' dir='ltr'>mentis</span> <span class='ocrx_word' id='word_1_451' title='bbox 1840 5317 2129 5372; x_wconf 82' lang='lat' dir='ltr'>humane.</span> <span class='ocrx_word' id='word_1_452' title='bbox 2180 5320 2258 5373; x_wconf 88' lang='lat' dir='ltr'>Ea</span> 
     </span>
    </p>
   </div>
   <div class='ocr_carea' id='block_1_71' title="bbox 591 5406 2257 5477">
    <p class='ocr_par' dir='ltr' id='par_1_71' title="bbox 591 5406 2257 5477">
     <span class='ocr_line' id='line_1_73' title="bbox 591 5406 2257 5477; baseline -0.002 -13"><span class='ocrx_word' id='word_1_453' title='bbox 591 5409 746 5464; x_wconf 88' lang='lat' dir='ltr'>enim</span> <span class='ocrx_word' id='word_1_454' title='bbox 779 5415 903 5465; x_wconf 89' lang='lat' dir='ltr'>arte</span> <span class='ocrx_word' id='word_1_455' title='bbox 932 5407 1318 5464; x_wconf 79' lang='lat' dir='ltr'>multiformis</span> <span class='ocrx_word' id='word_1_456' title='bbox 1354 5408 1472 5461; x_wconf 83' lang='lat' dir='ltr'>bec</span> <span class='ocrx_word' id='word_1_457' title='bbox 1506 5406 1747 5476; x_wconf 89' lang='lat' dir='ltr'>scriptio</span> <span class='ocrx_word' id='word_1_458' title='bbox 1782 5406 2067 5476; x_wconf 83' lang='lat' dir='ltr'>symbolis</span> <span class='ocrx_word' id='word_1_459' title='bbox 2108 5408 2257 5477; x_wconf 86' lang='lat' dir='ltr'>ﬁgu-</span> 
     </span>
    </p>
   </div>
   <div class='ocr_carea' id='block_1_72' title="bbox 587 5495 2259 5570">
    <p class='ocr_par' dir='ltr' id='par_1_72' title="bbox 587 5495 2259 5570">
     <span class='ocr_line' id='line_1_74' title="bbox 587 5495 2259 5570; baseline -0.002 -17"><span class='ocrx_word' id='word_1_460' title='bbox 587 5500 789 5570; x_wconf 88' lang='lat' dir='ltr'>risque</span> <span class='ocrx_word' id='word_1_461' title='bbox 819 5500 1012 5555; x_wconf 90' lang='lat' dir='ltr'>omnis</span> <span class='ocrx_word' id='word_1_462' title='bbox 1040 5498 1271 5570; x_wconf 87' lang='lat' dir='ltr'>generis</span> <span class='ocrx_word' id='word_1_463' title='bbox 1292 5496 1594 5567; x_wconf 84' lang='lat' dir='ltr'>variegata</span> <span class='ocrx_word' id='word_1_464' title='bbox 1615 5504 1701 5549; x_wconf 86' lang='lat' dir='ltr'>est</span> <span class='ocrx_word' id='word_1_465' title='bbox 1724 5513 1755 5549; x_wconf 95' lang='lat' dir='ltr'>a</span> <span class='ocrx_word' id='word_1_466' title='bbox 1778 5495 1917 5549; x_wconf 86' lang='lat' dir='ltr'>viris</span> <span class='ocrx_word' id='word_1_467' title='bbox 1939 5496 2259 5566; x_wconf 88' lang='lat' dir='ltr'>sapientis-</span> 
     </span>
    </p>
   </div>
   <div class='ocr_carea' id='block_1_73' title="bbox 584 5584 2255 5659">
    <p class='ocr_par' dir='ltr' id='par_1_73' title="bbox 584 5584 2255 5659">
     <span class='ocr_line' id='line_1_75' title="bbox 584 5584 2255 5659; baseline -0.003 -14"><span class='ocrx_word' id='word_1_468' title='bbox 584 5590 757 5645; x_wconf 80' lang='lat' dir='ltr'>simis</span> <span class='ocrx_word' id='word_1_469' title='bbox 790 5591 920 5659; x_wconf 90' lang='lat' dir='ltr'>ejus</span> <span class='ocrx_word' id='word_1_470' title='bbox 956 5588 1325 5654; x_wconf 86' lang='lat' dir='ltr'>auctoribus,</span> <span class='ocrx_word' id='word_1_471' title='bbox 1364 5591 1427 5641; x_wconf 89' lang='lat' dir='ltr'>ut</span> <span class='ocrx_word' id='word_1_472' title='bbox 1457 5586 1550 5639; x_wconf 91' lang='lat' dir='ltr'>via</span> <span class='ocrx_word' id='word_1_473' title='bbox 1597 5584 1876 5656; x_wconf 78' lang='lat' dir='ltr'>radixque</span> <span class='ocrx_word' id='word_1_474' title='bbox 1908 5585 2083 5640; x_wconf 84' lang='lat' dir='ltr'>officii</span> <span class='ocrx_word' id='word_1_475' title='bbox 2116 5602 2255 5642; x_wconf 86' lang='lat' dir='ltr'>con-</span> 
     </span>
    </p>
   </div>
   <div class='ocr_carea' id='block_1_74' title="bbox 587 5675 2253 5753">
    <p class='ocr_par' dir='ltr' id='par_1_74' title="bbox 587 5675 2253 5753">
     <span class='ocr_line' id='line_1_76' title="bbox 587 5675 2253 5753; baseline -0.003 -15"><span class='ocrx_word' id='word_1_476' title='bbox 587 5681 824 5753; x_wconf 92' lang='lat' dir='ltr'>siliique</span> <span class='ocrx_word' id='word_1_477' title='bbox 856 5682 999 5736; x_wconf 89' lang='lat' dir='ltr'>recti</span> <span class='ocrx_word' id='word_1_478' title='bbox 1034 5682 1090 5734; x_wconf 92' lang='lat' dir='ltr'>in</span> <span class='ocrx_word' id='word_1_479' title='bbox 1124 5678 1285 5735; x_wconf 89' lang='lat' dir='ltr'>omni</span> <span class='ocrx_word' id='word_1_480' title='bbox 1318 5678 1449 5731; x_wconf 84' lang='lat' dir='ltr'>vitae</span> <span class='ocrx_word' id='word_1_481' title='bbox 1496 5675 1745 5732; x_wconf 90' lang='lat' dir='ltr'>articulo</span> <span class='ocrx_word' id='word_1_482' title='bbox 1795 5677 2032 5731; x_wconf 90' lang='lat' dir='ltr'>tenendi</span> <span class='ocrx_word' id='word_1_483' title='bbox 2076 5694 2253 5733; x_wconf 77' lang='lat' dir='ltr'>ame-</span> 
     </span>
    </p>
   </div>
   <div class='ocr_carea' id='block_1_75' title="bbox 516 5769 1595 5843">
    <p class='ocr_par' dir='ltr' id='par_1_75' title="bbox 516 5769 1595 5843">
     <span class='ocr_line' id='line_1_77' title="bbox 516 5769 1595 5843; baseline -0.004 -15"><span class='ocrx_word' id='word_1_484' title='bbox 516 5834 517 5837; x_wconf 28' lang='grc' dir='ltr'><strong>η</strong></span> <span class='ocrx_word' id='word_1_485' title='bbox 598 5771 690 5827; x_wconf 91' lang='lat' dir='ltr'>nis</span> <span class='ocrx_word' id='word_1_486' title='bbox 724 5771 1076 5843; x_wconf 85' lang='lat' dir='ltr'>ambagibus</span> <span class='ocrx_word' id='word_1_487' title='bbox 1110 5769 1595 5825; x_wconf 88' lang='lat' dir='ltr'>adumbraretur.</span> 
     </span>
    </p>
   </div>
   <div class='ocr_carea' id='block_1_76' title="bbox 2391 3060 4055 3143">
    <p class='ocr_par' dir='ltr' id='par_1_76' title="bbox 2391 3060 4055 3143">
     <span class='ocr_line' id='line_1_78' title="bbox 2391 3060 4055 3143; baseline -0.01 -14"><span class='ocrx_word' id='word_1_488' title='bbox 2391 3075 2525 3130; x_wconf 79' lang='lat' dir='ltr'>CAP.</span> <span class='ocrx_word' id='word_1_489' title='bbox 2561 3074 2630 3129; x_wconf 90' lang='lat' dir='ltr'>II.</span> <span class='ocrx_word' id='word_1_490' title='bbox 2665 3104 2734 3114; x_wconf 89' lang='lat'><strong>—</strong></span> <span class='ocrx_word' id='word_1_491' title='bbox 2759 3073 2846 3128; x_wconf 82' lang='lat' dir='ltr'>Ad</span> <span class='ocrx_word' id='word_1_492' title='bbox 2868 3071 3151 3127; x_wconf 81' lang='lat' dir='ltr'>lectionem</span> <span class='ocrx_word' id='word_1_493' title='bbox 3181 3069 3315 3143; x_wconf 72' lang='lat' dir='ltr'>libri</span> <span class='ocrx_word' id='word_1_494' title='bbox 3333 3060 4055 3143; x_wconf 56' lang='lat' dir='ltr'>adhibendumeonsilium</span> 
     </span>
    </p>
   </div>
   <div class='ocr_carea' id='block_1_77' title="bbox 2460 3138 4053 3216">
    <p class='ocr_par' dir='ltr' id='par_1_77' title="bbox 2460 3138 4053 3216">
     <span class='ocr_line' id='line_1_79' title="bbox 2460 3138 4053 3216; baseline -0.008 -16"><span class='ocrx_word' id='word_1_495' title='bbox 2460 3148 2720 3216; x_wconf 79' lang='lat' dir='ltr'>doctoris,</span> <span class='ocrx_word' id='word_1_496' title='bbox 2772 3144 3076 3201; x_wconf 70' lang='lat' dir='ltr'>ostenditur</span> <span class='ocrx_word' id='word_1_497' title='bbox 3124 3140 3389 3216; x_wconf 73' lang='lat' dir='ltr'>pambota</span> <span class='ocrx_word' id='word_1_498' title='bbox 3436 3138 3783 3192; x_wconf 78' lang='lat' dir='ltr'>invenientis</span> <span class='ocrx_word' id='word_1_499' title='bbox 3816 3148 4053 3205; x_wconf 81' lang='lat' dir='ltr'>peregre</span> 
     </span>
    </p>
   </div>
   <div class='ocr_carea' id='block_1_78' title="bbox 2465 3212 3556 3286">
    <p class='ocr_par' dir='ltr' id='par_1_78' title="bbox 2465 3212 3556 3286">
     <span class='ocr_line' id='line_1_80' title="bbox 2465 3212 3556 3286; baseline -0.011 -12"><span class='ocrx_word' id='word_1_500' title='bbox 2465 3212 2804 3286; x_wconf 68' lang='lat' dir='ltr'>thesaurum,</span> <span class='ocrx_word' id='word_1_501' title='bbox 2837 3232 2934 3271; x_wconf 86' lang='lat' dir='ltr'>nec</span> <span class='ocrx_word' id='word_1_502' title='bbox 2960 3214 3285 3285; x_wconf 74' lang='lat' dir='ltr'>perferentis</span> <span class='ocrx_word' id='word_1_503' title='bbox 3314 3212 3556 3265; x_wconf 83' lang='lat' dir='ltr'>domum.</span> 
     </span>
    </p>
   </div>
   <div class='ocr_carea' id='block_1_79' title="bbox 2464 3329 4053 3414">
    <p class='ocr_par' dir='ltr' id='par_1_79' title="bbox 2464 3329 4053 3414">
     <span class='ocr_line' id='line_1_81' title="bbox 2464 3329 4053 3414; baseline -0.009 -16"><span class='ocrx_word' id='word_1_504' title='bbox 2464 3343 2701 3414; x_wconf 84' lang='lat' dir='ltr'>Oportet</span> <span class='ocrx_word' id='word_1_505' title='bbox 2726 3344 2921 3396; x_wconf 86' lang='lat' dir='ltr'>autem</span> <span class='ocrx_word' id='word_1_506' title='bbox 2954 3339 3241 3411; x_wconf 82' lang='lat' dir='ltr'>legentem</span> <span class='ocrx_word' id='word_1_507' title='bbox 3274 3335 3433 3389; x_wconf 90' lang='lat' dir='ltr'>hunc</span> <span class='ocrx_word' id='word_1_508' title='bbox 3463 3332 3681 3387; x_wconf 90' lang='lat' dir='ltr'>librum</span> <span class='ocrx_word' id='word_1_509' title='bbox 3718 3329 4053 3401; x_wconf 86' lang='lat' dir='ltr'>intelligere</span> 
     </span>
    </p>
   </div>
   <div class='ocr_carea' id='block_1_80' title="bbox 2395 3420 4054 3488">
    <p class='ocr_par' dir='ltr' id='par_1_80' title="bbox 2395 3420 4054 3488">
     <span class='ocr_line' id='line_1_82' title="bbox 2395 3420 4054 3488; baseline -0.01 0"><span class='ocrx_word' id='word_1_510' title='bbox 2395 3450 2507 3488; x_wconf 89' lang='lat' dir='ltr'>non</span> <span class='ocrx_word' id='word_1_511' title='bbox 2544 3436 2776 3488; x_wconf 83' lang='lat' dir='ltr'>tantum</span> <span class='ocrx_word' id='word_1_512' title='bbox 2827 3430 2949 3484; x_wconf 88' lang='lat' dir='ltr'>vim</span> <span class='ocrx_word' id='word_1_513' title='bbox 3008 3428 3275 3482; x_wconf 83' lang='lat' dir='ltr'>intimam</span> <span class='ocrx_word' id='word_1_514' title='bbox 3329 3423 3661 3488; x_wconf 88' lang='lat' dir='ltr'>verborum,</span> <span class='ocrx_word' id='word_1_515' title='bbox 3720 3420 3824 3474; x_wconf 90' lang='lat' dir='ltr'>sed</span> <span class='ocrx_word' id='word_1_516' title='bbox 3868 3421 4054 3474; x_wconf 90' lang='lat' dir='ltr'>etiam</span> 
     </span>
    </p>
   </div>
   <div class='ocr_carea' id='block_1_81' title="bbox 2398 3508 4054 3589">
    <p class='ocr_par' dir='ltr' id='par_1_81' title="bbox 2398 3508 4054 3589">
     <span class='ocr_line' id='line_1_83' title="bbox 2398 3508 4054 3589; baseline -0.01 -11"><span class='ocrx_word' id='word_1_517' title='bbox 2398 3538 2613 3577; x_wconf 87' lang='lat' dir='ltr'>causas</span> <span class='ocrx_word' id='word_1_518' title='bbox 2643 3538 2747 3575; x_wconf 91' lang='lat' dir='ltr'>cur</span> <span class='ocrx_word' id='word_1_519' title='bbox 2775 3518 3035 3589; x_wconf 89' lang='lat' dir='ltr'>quidque</span> <span class='ocrx_word' id='word_1_520' title='bbox 3065 3518 3325 3589; x_wconf 90' lang='lat' dir='ltr'>positum</span> <span class='ocrx_word' id='word_1_521' title='bbox 3360 3514 3441 3567; x_wconf 90' lang='lat' dir='ltr'>ibi</span> <span class='ocrx_word' id='word_1_522' title='bbox 3476 3513 3554 3566; x_wconf 88' lang='lat' dir='ltr'>sit</span> <span class='ocrx_word' id='word_1_523' title='bbox 3583 3527 3595 3566; x_wconf 87' lang='lat'>:</span> <span class='ocrx_word' id='word_1_524' title='bbox 3634 3508 4054 3580; x_wconf 88' lang='lat' dir='ltr'>percipereque</span> 
     </span>
    </p>
   </div>
   <div class='ocr_carea' id='block_1_82' title="bbox 2395 3600 4062 3687">
    <p class='ocr_par' dir='ltr' id='par_1_82' title="bbox 2395 3600 4062 3687">
     <span class='ocr_line' id='line_1_84' title="bbox 2395 3600 4062 3687; baseline -0.01 -17"><span class='ocrx_word' id='word_1_525' title='bbox 2395 3614 2888 3687; x_wconf 77' lang='lat' dir='ltr'>significationem</span> <span class='ocrx_word' id='word_1_526' title='bbox 2911 3605 3399 3683; x_wconf 80' lang='lat' dir='ltr'>symbolorum,in</span> <span class='ocrx_word' id='word_1_527' title='bbox 3424 3602 3677 3675; x_wconf 89' lang='lat' dir='ltr'>singulis</span> <span class='ocrx_word' id='word_1_528' title='bbox 3699 3600 4062 3657; x_wconf 87' lang='lat' dir='ltr'>meditandis</span> 
     </span>
    </p>
   </div>
   <div class='ocr_carea' id='block_1_83' title="bbox 2393 3690 4053 3767">
    <p class='ocr_par' dir='ltr' id='par_1_83' title="bbox 2393 3690 4053 3767">
     <span class='ocr_line' id='line_1_85' title="bbox 2393 3690 4053 3767; baseline -0.01 -8"><span class='ocrx_word' id='word_1_529' title='bbox 2393 3704 2539 3759; x_wconf 82' lang='lat' dir='ltr'>satis</span> <span class='ocrx_word' id='word_1_530' title='bbox 2588 3702 2884 3767; x_wconf 87' lang='lat' dir='ltr'>herendo,</span> <span class='ocrx_word' id='word_1_531' title='bbox 2935 3696 3409 3767; x_wconf 75' lang='lat' dir='ltr'>adhibendaque,</span> <span class='ocrx_word' id='word_1_532' title='bbox 3456 3692 3554 3748; x_wconf 86' lang='lat' dir='ltr'>ubi</span> <span class='ocrx_word' id='word_1_533' title='bbox 3598 3708 3746 3761; x_wconf 90' lang='lat' dir='ltr'>opus</span> <span class='ocrx_word' id='word_1_534' title='bbox 3786 3690 3891 3755; x_wconf 88' lang='lat' dir='ltr'>sit,</span> <span class='ocrx_word' id='word_1_535' title='bbox 3928 3706 4053 3743; x_wconf 89' lang='lat' dir='ltr'>ma-</span> 
     </span>
    </p>
   </div>
   <div class='ocr_carea' id='block_1_84' title="bbox 2334 3778 4058 3865">
    <p class='ocr_par' dir='ltr' id='par_1_84' title="bbox 2334 3778 4058 3865">
     <span class='ocr_line' id='line_1_86' title="bbox 2334 3778 4058 3865; baseline -0.009 -17"><span class='ocrx_word' id='word_1_536' title='bbox 2334 3788 2337 3789; x_wconf 49' lang='grc'><strong><em>⁷</em></strong></span> <span class='ocrx_word' id='word_1_537' title='bbox 2390 3788 2558 3865; x_wconf 81' lang='lat' dir='ltr'>gistri</span> <span class='ocrx_word' id='word_1_538' title='bbox 2593 3786 2862 3865; x_wconf 79' lang='lat' dir='ltr'>operam;</span> <span class='ocrx_word' id='word_1_539' title='bbox 2923 3788 3141 3857; x_wconf 88' lang='lat' dir='ltr'>alioqui</span> <span class='ocrx_word' id='word_1_540' title='bbox 3200 3786 3358 3843; x_wconf 90' lang='lat' dir='ltr'>enim</span> <span class='ocrx_word' id='word_1_541' title='bbox 3420 3800 3537 3839; x_wconf 92' lang='lat' dir='ltr'>non</span> <span class='ocrx_word' id='word_1_542' title='bbox 3585 3781 3759 3837; x_wconf 89' lang='lat' dir='ltr'>modo</span> <span class='ocrx_word' id='word_1_543' title='bbox 3794 3796 3911 3834; x_wconf 88' lang='lat' dir='ltr'>non</span> <span class='ocrx_word' id='word_1_544' title='bbox 3946 3778 4058 3833; x_wconf 87' lang='lat' dir='ltr'>erit</span> 
     </span>
    </p>
   </div>
   <div class='ocr_carea' id='block_1_85' title="bbox 2386 3869 4049 3950">
    <p class='ocr_par' dir='ltr' id='par_1_85' title="bbox 2386 3869 4049 3950">
     <span class='ocr_line' id='line_1_87' title="bbox 2386 3869 4049 3950; baseline -0.01 -12"><span class='ocrx_word' id='word_1_545' title='bbox 2386 3882 2549 3939; x_wconf 87' lang='lat' dir='ltr'>utilis</span> <span class='ocrx_word' id='word_1_546' title='bbox 2580 3881 2775 3950; x_wconf 91' lang='lat' dir='ltr'>lectio,</span> <span class='ocrx_word' id='word_1_547' title='bbox 2800 3881 2898 3936; x_wconf 89' lang='lat' dir='ltr'>sed</span> <span class='ocrx_word' id='word_1_548' title='bbox 2925 3878 3102 3935; x_wconf 88' lang='lat' dir='ltr'>etiam</span> <span class='ocrx_word' id='word_1_549' title='bbox 3128 3876 3415 3931; x_wconf 89' lang='lat' dir='ltr'>damnosa</span> <span class='ocrx_word' id='word_1_550' title='bbox 3434 3870 3690 3929; x_wconf 81' lang='lat' dir='ltr'>laborem</span> <span class='ocrx_word' id='word_1_551' title='bbox 3715 3869 4049 3925; x_wconf 89' lang='lat' dir='ltr'>infructuo-</span> 
     </span>
    </p>
   </div>
   <div class='ocr_carea' id='block_1_86' title="bbox 2386 3958 4049 4040">
    <p class='ocr_par' dir='ltr' id='par_1_86' title="bbox 2386 3958 4049 4040">
     <span class='ocr_line' id='line_1_88' title="bbox 2386 3958 4049 4040; baseline -0.011 -10"><span class='ocrx_word' id='word_1_552' title='bbox 2386 3989 2519 4030; x_wconf 91' lang='lat' dir='ltr'>sum</span> <span class='ocrx_word' id='word_1_553' title='bbox 2554 3969 2835 4028; x_wconf 90' lang='lat' dir='ltr'>subeunti</span> <span class='ocrx_word' id='word_1_554' title='bbox 2870 3967 3014 4040; x_wconf 89' lang='lat' dir='ltr'>:qui</span> <span class='ocrx_word' id='word_1_555' title='bbox 3064 3982 3206 4025; x_wconf 85' lang='lat' dir='ltr'>sane</span> <span class='ocrx_word' id='word_1_556' title='bbox 3253 3962 3445 4020; x_wconf 91' lang='lat' dir='ltr'>simile</span> <span class='ocrx_word' id='word_1_557' title='bbox 3498 3960 3723 4031; x_wconf 89' lang='lat' dir='ltr'>aliquid</span> <span class='ocrx_word' id='word_1_558' title='bbox 3782 3958 4049 4031; x_wconf 89' lang='lat' dir='ltr'>patietur</span> 
     </span>
    </p>
   </div>
   <div class='ocr_carea' id='block_1_87' title="bbox 2382 4048 4045 4130">
    <p class='ocr_par' dir='ltr' id='par_1_87' title="bbox 2382 4048 4045 4130">
     <span class='ocr_line' id='line_1_89' title="bbox 2382 4048 4045 4130; baseline -0.011 -11"><span class='ocrx_word' id='word_1_559' title='bbox 2382 4062 2611 4119; x_wconf 87' lang='lat' dir='ltr'>homini</span> <span class='ocrx_word' id='word_1_560' title='bbox 2644 4060 2844 4128; x_wconf 91' lang='lat' dir='ltr'>stulto,</span> <span class='ocrx_word' id='word_1_561' title='bbox 2898 4058 2998 4130; x_wconf 92' lang='lat' dir='ltr'>qui</span> <span class='ocrx_word' id='word_1_562' title='bbox 3032 4074 3164 4112; x_wconf 91' lang='lat' dir='ltr'>cum</span> <span class='ocrx_word' id='word_1_563' title='bbox 3219 4068 3458 4126; x_wconf 88' lang='lat' dir='ltr'>peregre</span> <span class='ocrx_word' id='word_1_564' title='bbox 3510 4048 3957 4106; x_wconf 80' lang='lat' dir='ltr'>conscendisset</span> <span class='ocrx_word' id='word_1_565' title='bbox 3989 4049 4045 4101; x_wconf 92' lang='lat' dir='ltr'>in</span> 
     </span>
    </p>
   </div>
   <div class='ocr_carea' id='block_1_88' title="bbox 2386 4138 4044 4225">
    <p class='ocr_par' dir='ltr' id='par_1_88' title="bbox 2386 4138 4044 4225">
     <span class='ocr_line' id='line_1_90' title="bbox 2386 4138 4044 4225; baseline -0.011 -16"><span class='ocrx_word' id='word_1_566' title='bbox 2386 4152 2701 4225; x_wconf 89' lang='lat' dir='ltr'>quemdam</span> <span class='ocrx_word' id='word_1_567' title='bbox 2735 4153 3021 4214; x_wconf 88' lang='lat' dir='ltr'>montem,</span> <span class='ocrx_word' id='word_1_568' title='bbox 3056 4151 3112 4201; x_wconf 91' lang='lat' dir='ltr'>et</span> <span class='ocrx_word' id='word_1_569' title='bbox 3140 4144 3461 4200; x_wconf 90' lang='lat' dir='ltr'>invenisset</span> <span class='ocrx_word' id='word_1_570' title='bbox 3492 4140 3572 4196; x_wconf 92' lang='lat' dir='ltr'>ibi</span> <span class='ocrx_word' id='word_1_571' title='bbox 3602 4155 3799 4194; x_wconf 89' lang='lat' dir='ltr'>arcam</span> <span class='ocrx_word' id='word_1_572' title='bbox 3854 4138 4044 4192; x_wconf 86' lang='lat' dir='ltr'>maxi-</span> 
     </span>
    </p>
   </div>
   <div class='ocr_carea' id='block_1_89' title="bbox 2382 4227 4041 4311">
    <p class='ocr_par' dir='ltr' id='par_1_89' title="bbox 2382 4227 4041 4311">
     <span class='ocr_line' id='line_1_91' title="bbox 2382 4227 4041 4311; baseline -0.011 -13"><span class='ocrx_word' id='word_1_573' title='bbox 2382 4258 2538 4298; x_wconf 89' lang='lat' dir='ltr'>mam</span> <span class='ocrx_word' id='word_1_574' title='bbox 2571 4242 2804 4311; x_wconf 88' lang='lat' dir='ltr'>plenam</span> <span class='ocrx_word' id='word_1_575' title='bbox 2832 4253 2975 4293; x_wconf 91' lang='lat' dir='ltr'>auro</span> <span class='ocrx_word' id='word_1_576' title='bbox 3006 4240 3063 4290; x_wconf 90' lang='lat' dir='ltr'>et</span> <span class='ocrx_word' id='word_1_577' title='bbox 3084 4233 3335 4306; x_wconf 89' lang='lat' dir='ltr'>gemmis</span> <span class='ocrx_word' id='word_1_578' title='bbox 3370 4229 3665 4303; x_wconf 88' lang='lat' dir='ltr'>pretiosis,</span> <span class='ocrx_word' id='word_1_579' title='bbox 3700 4227 3850 4282; x_wconf 81' lang='lat' dir='ltr'>dixit</span> <span class='ocrx_word' id='word_1_580' title='bbox 3883 4227 4041 4298; x_wconf 89' lang='lat' dir='ltr'>apud</span> 
     </span>
    </p>
   </div>
   <div class='ocr_carea' id='block_1_90' title="bbox 2380 4316 4042 4395">
    <p class='ocr_par' dir='ltr' id='par_1_90' title="bbox 2380 4316 4042 4395">
     <span class='ocr_line' id='line_1_92' title="bbox 2380 4316 4042 4395; baseline -0.011 -7"><span class='ocrx_word' id='word_1_581' title='bbox 2380 4349 2441 4388; x_wconf 90' lang='lat' dir='ltr'>se</span> <span class='ocrx_word' id='word_1_582' title='bbox 2474 4349 2486 4387; x_wconf 90' lang='lat'><strong>:</strong></span> <span class='ocrx_word' id='word_1_583' title='bbox 2521 4330 2739 4386; x_wconf 84' lang='lat' dir='ltr'>Abiens</span> <span class='ocrx_word' id='word_1_584' title='bbox 2782 4325 3156 4395; x_wconf 89' lang='lat' dir='ltr'>interrogabo</span> <span class='ocrx_word' id='word_1_585' title='bbox 3207 4322 3515 4394; x_wconf 87' lang='lat' dir='ltr'>quemdam</span> <span class='ocrx_word' id='word_1_586' title='bbox 3565 4318 3921 4389; x_wconf 90' lang='lat' dir='ltr'>prudentem</span> <span class='ocrx_word' id='word_1_587' title='bbox 3955 4316 4042 4369; x_wconf 88' lang='lat' dir='ltr'>vi-</span> 
     </span>
    </p>
   </div>
   <div class='ocr_carea' id='block_1_91' title="bbox 2379 4407 4035 4490">
    <p class='ocr_par' dir='ltr' id='par_1_91' title="bbox 2379 4407 4035 4490">
     <span class='ocr_line' id='line_1_93' title="bbox 2379 4407 4035 4490; baseline -0.011 -13"><span class='ocrx_word' id='word_1_588' title='bbox 2379 4440 2511 4477; x_wconf 91' lang='lat' dir='ltr'>rum</span> <span class='ocrx_word' id='word_1_589' title='bbox 2542 4425 2599 4475; x_wconf 88' lang='lat' dir='ltr'>et</span> <span class='ocrx_word' id='word_1_590' title='bbox 2632 4418 2963 4490; x_wconf 90' lang='lat' dir='ltr'>perquiram</span> <span class='ocrx_word' id='word_1_591' title='bbox 2999 4432 3066 4471; x_wconf 86' lang='lat' dir='ltr'>ex</span> <span class='ocrx_word' id='word_1_592' title='bbox 3094 4415 3222 4485; x_wconf 90' lang='lat' dir='ltr'>ipso</span> <span class='ocrx_word' id='word_1_593' title='bbox 3282 4411 3567 4466; x_wconf 85' lang='lat' dir='ltr'>rationem</span> <span class='ocrx_word' id='word_1_594' title='bbox 3633 4412 3761 4462; x_wconf 87' lang='lat' dir='ltr'>tuto</span> <span class='ocrx_word' id='word_1_595' title='bbox 3824 4407 4035 4477; x_wconf 28' lang='lat' dir='ltr'>depor.</span> 
     </span>
    </p>
   </div>
   <div class='ocr_carea' id='block_1_92' title="bbox 2376 4497 4037 4579">
    <p class='ocr_par' dir='ltr' id='par_1_92' title="bbox 2376 4497 4037 4579">
     <span class='ocr_line' id='line_1_94' title="bbox 2376 4497 4037 4579; baseline -0.011 -12"><span class='ocrx_word' id='word_1_596' title='bbox 2376 4511 2537 4567; x_wconf 91' lang='lat' dir='ltr'>tandi</span> <span class='ocrx_word' id='word_1_597' title='bbox 2572 4510 2752 4579; x_wconf 89' lang='lat' dir='ltr'>hujus</span> <span class='ocrx_word' id='word_1_598' title='bbox 2783 4505 3046 4562; x_wconf 88' lang='lat' dir='ltr'>thesauri</span> <span class='ocrx_word' id='word_1_599' title='bbox 3080 4504 3136 4557; x_wconf 88' lang='lat' dir='ltr'>in</span> <span class='ocrx_word' id='word_1_600' title='bbox 3173 4504 3415 4557; x_wconf 91' lang='lat' dir='ltr'>domum</span> <span class='ocrx_word' id='word_1_601' title='bbox 3439 4515 3631 4554; x_wconf 87' lang='lat' dir='ltr'>meam</span> <span class='ocrx_word' id='word_1_602' title='bbox 3667 4513 3680 4551; x_wconf 88' lang='lat'><strong>:</strong></span> <span class='ocrx_word' id='word_1_603' title='bbox 3716 4497 3872 4568; x_wconf 93' lang='lat' dir='ltr'>quod</span> <span class='ocrx_word' id='word_1_604' title='bbox 3900 4512 4037 4551; x_wconf 89' lang='lat' dir='ltr'>cum</span> 
     </span>
    </p>
   </div>
   <div class='ocr_carea' id='block_1_93' title="bbox 2378 4585 4037 4673">
    <p class='ocr_par' dir='ltr' id='par_1_93' title="bbox 2378 4585 4037 4673">
     <span class='ocr_line' id='line_1_95' title="bbox 2378 4585 4037 4673; baseline -0.013 -16"><span class='ocrx_word' id='word_1_605' title='bbox 2378 4617 2551 4673; x_wconf 89' lang='lat' dir='ltr'>agere</span> <span class='ocrx_word' id='word_1_606' title='bbox 2584 4598 2873 4670; x_wconf 86' lang='lat' dir='ltr'>coepisset,</span> <span class='ocrx_word' id='word_1_607' title='bbox 2907 4611 3042 4650; x_wconf 87' lang='lat' dir='ltr'>mox</span> <span class='ocrx_word' id='word_1_608' title='bbox 3073 4592 3245 4664; x_wconf 79' lang='lat' dir='ltr'>ccepti</span> <span class='ocrx_word' id='word_1_609' title='bbox 3279 4590 3589 4663; x_wconf 78' lang='lat' dir='ltr'>paenitens,</span> <span class='ocrx_word' id='word_1_610' title='bbox 3611 4590 3655 4642; x_wconf 91' lang='grc' dir='ltr'>Ο</span> <span class='ocrx_word' id='word_1_611' title='bbox 3680 4602 3795 4655; x_wconf 90' lang='lat' dir='ltr'>me,</span> <span class='ocrx_word' id='word_1_612' title='bbox 3824 4585 4037 4655; x_wconf 88' lang='lat' dir='ltr'>inquit,</span> 
     </span>
    </p>
   </div>
   <div class='ocr_carea' id='block_1_94' title="bbox 2373 4674 4037 4759">
    <p class='ocr_par' dir='ltr' id='par_1_94' title="bbox 2373 4674 4037 4759">
     <span class='ocr_line' id='line_1_96' title="bbox 2373 4674 4037 4759; baseline -0.012 -13"><span class='ocrx_word' id='word_1_613' title='bbox 2373 4689 2653 4747; x_wconf 82' lang='lat' dir='ltr'>stultum!</span> <span class='ocrx_word' id='word_1_614' title='bbox 2682 4688 2779 4759; x_wconf 91' lang='lat' dir='ltr'>qui</span> <span class='ocrx_word' id='word_1_615' title='bbox 2814 4686 3069 4756; x_wconf 90' lang='lat' dir='ltr'>aliquem</span> <span class='ocrx_word' id='word_1_616' title='bbox 3103 4681 3408 4738; x_wconf 86' lang='lat' dir='ltr'>consulam</span> <span class='ocrx_word' id='word_1_617' title='bbox 3442 4695 3455 4735; x_wconf 90' lang='lat'>:</span> <span class='ocrx_word' id='word_1_618' title='bbox 3487 4694 3621 4732; x_wconf 89' lang='lat' dir='ltr'>nam</span> <span class='ocrx_word' id='word_1_619' title='bbox 3655 4691 3835 4746; x_wconf 90' lang='lat' dir='ltr'>quem</span> <span class='ocrx_word' id='word_1_620' title='bbox 3854 4674 4037 4744; x_wconf 89' lang='lat' dir='ltr'>hujus</span> 
     </span>
    </p>
   </div>
   <div class='ocr_carea' id='block_1_95' title="bbox 2373 4765 4036 4849">
    <p class='ocr_par' dir='ltr' id='par_1_95' title="bbox 2373 4765 4036 4849">
     <span class='ocr_line' id='line_1_97' title="bbox 2373 4765 4036 4849; baseline -0.013 -13"><span class='ocrx_word' id='word_1_621' title='bbox 2373 4780 2573 4839; x_wconf 88' lang='lat' dir='ltr'>arcani</span> <span class='ocrx_word' id='word_1_622' title='bbox 2606 4776 2951 4849; x_wconf 83' lang='lat' dir='ltr'>participem</span> <span class='ocrx_word' id='word_1_623' title='bbox 2985 4774 3193 4839; x_wconf 86' lang='lat' dir='ltr'>fecero,</span> <span class='ocrx_word' id='word_1_624' title='bbox 3224 4770 3275 4827; x_wconf 88' lang='lat' dir='ltr'>is</span> <span class='ocrx_word' id='word_1_625' title='bbox 3304 4768 3457 4827; x_wconf 88' lang='lat' dir='ltr'>volet</span> <span class='ocrx_word' id='word_1_626' title='bbox 3495 4765 3759 4822; x_wconf 88' lang='lat' dir='ltr'>thesauri</span> <span class='ocrx_word' id='word_1_627' title='bbox 3797 4778 4036 4836; x_wconf 91' lang='lat' dir='ltr'>quoque</span> 
     </span>
    </p>
   </div>
   <div class='ocr_carea' id='block_1_96' title="bbox 2372 4856 4035 4941">
    <p class='ocr_par' dir='ltr' id='par_1_96' title="bbox 2372 4856 4035 4941">
     <span class='ocr_line' id='line_1_98' title="bbox 2372 4856 4035 4941; baseline -0.012 -14"><span class='ocrx_word' id='word_1_628' title='bbox 2372 4871 2495 4927; x_wconf 84' lang='lat' dir='ltr'>fieri</span> <span class='ocrx_word' id='word_1_629' title='bbox 2547 4869 2862 4941; x_wconf 88' lang='lat' dir='ltr'>particeps,</span> <span class='ocrx_word' id='word_1_630' title='bbox 2896 4870 2953 4922; x_wconf 88' lang='lat' dir='ltr'>et</span> <span class='ocrx_word' id='word_1_631' title='bbox 2982 4881 3118 4937; x_wconf 91' lang='lat' dir='ltr'>pars</span> <span class='ocrx_word' id='word_1_632' title='bbox 3148 4863 3279 4934; x_wconf 85' lang='lat' dir='ltr'>ejus</span> <span class='ocrx_word' id='word_1_633' title='bbox 3308 4860 3421 4917; x_wconf 91' lang='lat' dir='ltr'>erit</span> <span class='ocrx_word' id='word_1_634' title='bbox 3480 4857 3566 4913; x_wconf 94' lang='lat' dir='ltr'>illi</span> <span class='ocrx_word' id='word_1_635' title='bbox 3608 4856 3990 4913; x_wconf 91' lang='lat' dir='ltr'>concedenda</span> <span class='ocrx_word' id='word_1_636' title='bbox 4024 4869 4035 4906; x_wconf 92' lang='lat'>:</span> 
     </span>
    </p>
   </div>
   <div class='ocr_carea' id='block_1_97' title="bbox 2372 4943 4036 5028">
    <p class='ocr_par' dir='ltr' id='par_1_97' title="bbox 2372 4943 4036 5028">
     <span class='ocr_line' id='line_1_99' title="bbox 2372 4943 4036 5028; baseline -0.012 -11"><span class='ocrx_word' id='word_1_637' title='bbox 2372 4977 2566 5017; x_wconf 90' lang='lat' dir='ltr'>nonne</span> <span class='ocrx_word' id='word_1_638' title='bbox 2598 4958 2811 5028; x_wconf 84' lang='lat' dir='ltr'>melius</span> <span class='ocrx_word' id='word_1_639' title='bbox 2843 4961 2931 5012; x_wconf 91' lang='lat' dir='ltr'>est</span> <span class='ocrx_word' id='word_1_640' title='bbox 2954 4961 3019 5010; x_wconf 91' lang='lat' dir='ltr'>ut</span> <span class='ocrx_word' id='word_1_641' title='bbox 3039 4971 3144 5026; x_wconf 83' lang='lat' dir='ltr'>ego</span> <span class='ocrx_word' id='word_1_642' title='bbox 3163 4952 3310 5008; x_wconf 90' lang='lat' dir='ltr'>mihi</span> <span class='ocrx_word' id='word_1_643' title='bbox 3331 4955 3521 5007; x_wconf 88' lang='lat' dir='ltr'>totum</span> <span class='ocrx_word' id='word_1_644' title='bbox 3540 4944 3793 5003; x_wconf 82' lang='lat' dir='ltr'>servem?</span> <span class='ocrx_word' id='word_1_645' title='bbox 3817 4944 3907 4998; x_wconf 87' lang='lat' dir='ltr'>Ab</span> <span class='ocrx_word' id='word_1_646' title='bbox 3926 4943 4036 4999; x_wconf 90' lang='lat' dir='ltr'>hoc</span> 
     </span>
    </p>
   </div>
   <div class='ocr_carea' id='block_1_98' title="bbox 2372 5033 4035 5114">
    <p class='ocr_par' dir='ltr' id='par_1_98' title="bbox 2372 5033 4035 5114">
     <span class='ocr_line' id='line_1_100' title="bbox 2372 5033 4035 5114; baseline -0.013 -7"><span class='ocrx_word' id='word_1_647' title='bbox 2372 5050 2621 5109; x_wconf 88' lang='lat' dir='ltr'>consilio</span> <span class='ocrx_word' id='word_1_648' title='bbox 2642 5047 2863 5104; x_wconf 92' lang='lat' dir='ltr'>stultus</span> <span class='ocrx_word' id='word_1_649' title='bbox 2886 5046 2982 5101; x_wconf 92' lang='lat' dir='ltr'>ille</span> <span class='ocrx_word' id='word_1_650' title='bbox 3000 5042 3336 5114; x_wconf 84' lang='lat' dir='ltr'>inexplebili</span> <span class='ocrx_word' id='word_1_651' title='bbox 3360 5037 3683 5111; x_wconf 88' lang='lat' dir='ltr'>cupiditate</span> <span class='ocrx_word' id='word_1_652' title='bbox 3703 5033 3919 5090; x_wconf 89' lang='lat' dir='ltr'>illusus</span> <span class='ocrx_word' id='word_1_653' title='bbox 3944 5049 4035 5087; x_wconf 87' lang='lat' dir='ltr'>vo-</span> 
     </span>
    </p>
   </div>
   <div class='ocr_carea' id='block_1_99' title="bbox 2370 5123 4027 5209">
    <p class='ocr_par' dir='ltr' id='par_1_99' title="bbox 2370 5123 4027 5209">
     <span class='ocr_line' id='line_1_101' title="bbox 2370 5123 4027 5209; baseline -0.013 -12"><span class='ocrx_word' id='word_1_654' title='bbox 2370 5141 2522 5197; x_wconf 84' lang='lat' dir='ltr'>cavit</span> <span class='ocrx_word' id='word_1_655' title='bbox 2552 5138 2784 5209; x_wconf 89' lang='lat' dir='ltr'>bajulos</span> <span class='ocrx_word' id='word_1_656' title='bbox 2817 5135 3211 5192; x_wconf 86' lang='lat' dir='ltr'>mercenarius</span> <span class='ocrx_word' id='word_1_657' title='bbox 3270 5148 3299 5187; x_wconf 92' lang='lat' dir='ltr'>e</span> <span class='ocrx_word' id='word_1_658' title='bbox 3357 5132 3503 5196; x_wconf 83' lang='lat' dir='ltr'>foro,</span> <span class='ocrx_word' id='word_1_659' title='bbox 3562 5127 3831 5196; x_wconf 81' lang='lat' dir='ltr'>dixitque</span> <span class='ocrx_word' id='word_1_660' title='bbox 3864 5123 3985 5179; x_wconf 90' lang='lat' dir='ltr'>illis</span> <span class='ocrx_word' id='word_1_661' title='bbox 4016 5140 4027 5176; x_wconf 94' lang='lat'>:</span> 
     </span>
    </p>
   </div>
   <div class='ocr_carea' id='block_1_100' title="bbox 2370 5216 4027 5298">
    <p class='ocr_par' dir='ltr' id='par_1_100' title="bbox 2370 5216 4027 5298">
     <span class='ocr_line' id='line_1_102' title="bbox 2370 5216 4027 5298; baseline -0.013 -12"><span class='ocrx_word' id='word_1_662' title='bbox 2370 5231 2548 5286; x_wconf 82' lang='lat' dir='ltr'>Adest</span> <span class='ocrx_word' id='word_1_663' title='bbox 2579 5230 2720 5298; x_wconf 89' lang='lat' dir='ltr'>huc,</span> <span class='ocrx_word' id='word_1_664' title='bbox 2750 5231 2806 5282; x_wconf 89' lang='lat' dir='ltr'>et</span> <span class='ocrx_word' id='word_1_665' title='bbox 2838 5226 3024 5283; x_wconf 89' lang='lat' dir='ltr'>locate</span> <span class='ocrx_word' id='word_1_666' title='bbox 3064 5223 3211 5278; x_wconf 91' lang='lat' dir='ltr'>mihi</span> <span class='ocrx_word' id='word_1_667' title='bbox 3262 5223 3428 5293; x_wconf 90' lang='lat' dir='ltr'>justa</span> <span class='ocrx_word' id='word_1_668' title='bbox 3484 5216 3753 5273; x_wconf 85' lang='lat' dir='ltr'>mercede</span> <span class='ocrx_word' id='word_1_669' title='bbox 3785 5228 4027 5284; x_wconf 83' lang='lat' dir='ltr'>operam</span> 
     </span>
    </p>
   </div>
   <div class='ocr_carea' id='block_1_101' title="bbox 2371 5302 4028 5390">
    <p class='ocr_par' dir='ltr' id='par_1_101' title="bbox 2371 5302 4028 5390">
     <span class='ocr_line' id='line_1_103' title="bbox 2371 5302 4028 5390; baseline -0.013 -15"><span class='ocrx_word' id='word_1_670' title='bbox 2371 5321 2441 5375; x_wconf 88' lang='lat' dir='ltr'>ad</span> <span class='ocrx_word' id='word_1_671' title='bbox 2477 5319 2833 5390; x_wconf 89' lang='lat' dir='ltr'>portandum</span> <span class='ocrx_word' id='word_1_672' title='bbox 2879 5316 3001 5371; x_wconf 86' lang='lat' dir='ltr'>hec</span> <span class='ocrx_word' id='word_1_673' title='bbox 3048 5329 3161 5383; x_wconf 92' lang='lat' dir='ltr'>quo</span> <span class='ocrx_word' id='word_1_674' title='bbox 3200 5310 3349 5366; x_wconf 91' lang='lat' dir='ltr'>volo.</span> <span class='ocrx_word' id='word_1_675' title='bbox 3406 5306 3862 5379; x_wconf 85' lang='lat' dir='ltr'>Responderunt</span> <span class='ocrx_word' id='word_1_676' title='bbox 3894 5302 3979 5356; x_wconf 93' lang='lat' dir='ltr'>illi</span> <span class='ocrx_word' id='word_1_677' title='bbox 4015 5318 4028 5354; x_wconf 90' lang='lat'>:</span> 
     </span>
    </p>
   </div>
   <div class='ocr_carea' id='block_1_102' title="bbox 2374 5393 4027 5474">
    <p class='ocr_par' dir='ltr' id='par_1_102' title="bbox 2374 5393 4027 5474">
     <span class='ocr_line' id='line_1_104' title="bbox 2374 5393 4027 5474; baseline -0.011 -10"><span class='ocrx_word' id='word_1_678' title='bbox 2374 5410 2679 5465; x_wconf 85' lang='lat' dir='ltr'>Faciemus</span> <span class='ocrx_word' id='word_1_679' title='bbox 2708 5412 2764 5463; x_wconf 87' lang='lat' dir='ltr'>et</span> <span class='ocrx_word' id='word_1_680' title='bbox 2793 5406 3015 5462; x_wconf 89' lang='lat' dir='ltr'>ibimus</span> <span class='ocrx_word' id='word_1_681' title='bbox 3047 5409 3112 5459; x_wconf 84' lang='lat' dir='ltr'>ut</span> <span class='ocrx_word' id='word_1_682' title='bbox 3138 5402 3330 5474; x_wconf 88' lang='lat' dir='ltr'>jubes.</span> <span class='ocrx_word' id='word_1_683' title='bbox 3365 5399 3491 5470; x_wconf 85' lang='lat' dir='ltr'>ipse</span> <span class='ocrx_word' id='word_1_684' title='bbox 3542 5395 3785 5452; x_wconf 91' lang='lat' dir='ltr'>delectis</span> <span class='ocrx_word' id='word_1_685' title='bbox 3827 5393 4027 5447; x_wconf 89' lang='lat' dir='ltr'>decem</span> 
     </span>
    </p>
   </div>
   <div class='ocr_carea' id='block_1_103' title="bbox 2372 5484 4027 5570">
    <p class='ocr_par' dir='ltr' id='par_1_103' title="bbox 2372 5484 4027 5570">
     <span class='ocr_line' id='line_1_105' title="bbox 2372 5484 4027 5570; baseline -0.013 -16"><span class='ocrx_word' id='word_1_686' title='bbox 2372 5517 2439 5554; x_wconf 84' lang='lat' dir='ltr'>ex</span> <span class='ocrx_word' id='word_1_687' title='bbox 2471 5498 2615 5570; x_wconf 89' lang='lat' dir='ltr'>ipsis</span> <span class='ocrx_word' id='word_1_688' title='bbox 2648 5499 2815 5552; x_wconf 80' lang='lat' dir='ltr'>duxit</span> <span class='ocrx_word' id='word_1_689' title='bbox 2855 5512 2955 5550; x_wconf 89' lang='lat' dir='ltr'>eos</span> <span class='ocrx_word' id='word_1_690' title='bbox 3013 5493 3086 5549; x_wconf 90' lang='lat' dir='ltr'>ad</span> <span class='ocrx_word' id='word_1_691' title='bbox 3135 5491 3329 5547; x_wconf 88' lang='lat' dir='ltr'>locum</span> <span class='ocrx_word' id='word_1_692' title='bbox 3385 5487 3485 5542; x_wconf 91' lang='lat' dir='ltr'>ubi</span> <span class='ocrx_word' id='word_1_693' title='bbox 3535 5491 3661 5541; x_wconf 90' lang='lat' dir='ltr'>erat</span> <span class='ocrx_word' id='word_1_694' title='bbox 3710 5484 4027 5538; x_wconf 85' lang='lat' dir='ltr'>thesaurus</span> 
     </span>
    </p>
   </div>
   <div class='ocr_carea' id='block_1_104' title="bbox 2369 5571 4027 5663">
    <p class='ocr_par' dir='ltr' id='par_1_104' title="bbox 2369 5571 4027 5663">
     <span class='ocr_line' id='line_1_106' title="bbox 2369 5571 4027 5663; baseline -0.013 -19"><span class='ocrx_word' id='word_1_695' title='bbox 2369 5606 2544 5663; x_wconf 91' lang='lat' dir='ltr'>quem</span> <span class='ocrx_word' id='word_1_696' title='bbox 2580 5588 2911 5643; x_wconf 86' lang='lat' dir='ltr'>invenerat:</span> <span class='ocrx_word' id='word_1_697' title='bbox 2947 5589 3006 5640; x_wconf 90' lang='lat' dir='ltr'>et</span> <span class='ocrx_word' id='word_1_698' title='bbox 3036 5581 3307 5655; x_wconf 89' lang='lat' dir='ltr'>aperiens</span> <span class='ocrx_word' id='word_1_699' title='bbox 3339 5594 3535 5635; x_wconf 89' lang='lat' dir='ltr'>arcam</span> <span class='ocrx_word' id='word_1_700' title='bbox 3590 5575 3737 5630; x_wconf 84' lang='lat' dir='ltr'>dixit</span> <span class='ocrx_word' id='word_1_701' title='bbox 3770 5590 3782 5628; x_wconf 94' lang='lat'>:</span> <span class='ocrx_word' id='word_1_702' title='bbox 3817 5571 4027 5627; x_wconf 86' lang='lat' dir='ltr'>Adeste</span> 
     </span>
    </p>
   </div>
   <div class='ocr_carea' id='block_1_105' title="bbox 2366 5663 4027 5748">
    <p class='ocr_par' dir='ltr' id='par_1_105' title="bbox 2366 5663 4027 5748">
     <span class='ocr_line' id='line_1_107' title="bbox 2366 5663 4027 5748; baseline -0.014 -13"><span class='ocrx_word' id='word_1_703' title='bbox 2366 5679 2564 5745; x_wconf 86' lang='lat' dir='ltr'>amici,</span> <span class='ocrx_word' id='word_1_704' title='bbox 2598 5681 2655 5732; x_wconf 89' lang='lat' dir='ltr'>et</span> <span class='ocrx_word' id='word_1_705' title='bbox 2688 5675 2999 5748; x_wconf 90' lang='lat' dir='ltr'>implentes</span> <span class='ocrx_word' id='word_1_706' title='bbox 3032 5687 3235 5729; x_wconf 88' lang='lat' dir='ltr'>saccos</span> <span class='ocrx_word' id='word_1_707' title='bbox 3285 5672 3512 5724; x_wconf 89' lang='lat' dir='ltr'>vestros</span> <span class='ocrx_word' id='word_1_708' title='bbox 3562 5666 3642 5721; x_wconf 90' lang='lat' dir='ltr'>ite</span> <span class='ocrx_word' id='word_1_709' title='bbox 3692 5664 3752 5719; x_wconf 90' lang='lat' dir='ltr'>in</span> <span class='ocrx_word' id='word_1_710' title='bbox 3785 5663 4027 5716; x_wconf 88' lang='lat' dir='ltr'>domum</span> 
     </span>
    </p>
   </div>
   <div class='ocr_carea' id='block_1_106' title="bbox 2366 5753 4023 5839">
    <p class='ocr_par' dir='ltr' id='par_1_106' title="bbox 2366 5753 4023 5839">
     <span class='ocr_line' id='line_1_108' title="bbox 2366 5753 4023 5839; baseline -0.013 -14"><span class='ocrx_word' id='word_1_711' title='bbox 2366 5786 2583 5837; x_wconf 89' lang='lat' dir='ltr'>meam,</span> <span class='ocrx_word' id='word_1_712' title='bbox 2618 5772 2675 5823; x_wconf 90' lang='lat' dir='ltr'>et</span> <span class='ocrx_word' id='word_1_713' title='bbox 2706 5766 2983 5839; x_wconf 90' lang='lat' dir='ltr'>deponite</span> <span class='ocrx_word' id='word_1_714' title='bbox 3021 5764 3183 5837; x_wconf 89' lang='lat' dir='ltr'>ipsos</span> <span class='ocrx_word' id='word_1_715' title='bbox 3212 5761 3270 5816; x_wconf 92' lang='lat' dir='ltr'>in</span> <span class='ocrx_word' id='word_1_716' title='bbox 3304 5756 3618 5825; x_wconf 89' lang='lat' dir='ltr'>vestibulo,</span> <span class='ocrx_word' id='word_1_717' title='bbox 3654 5758 3719 5809; x_wconf 92' lang='lat' dir='ltr'>ut</span> <span class='ocrx_word' id='word_1_718' title='bbox 3773 5753 3853 5807; x_wconf 91' lang='lat' dir='ltr'>ibi</span> <span class='ocrx_word' id='word_1_719' title='bbox 3906 5766 4023 5805; x_wconf 85' lang='lat' dir='ltr'>ser-</span> 
     </span>
    </p>
   </div>
  </div>
