4248 6442
245 394 383 450 1229

1265 398 1620 451 SPECIMEN
1658 396 2057 450 SAPIENTIB
2099 396 2428 449 lNDORUM
2471 396 2631 449 VET.

3512 396 3531 446 1
3541 395 3648 447 230

241 523 454 574 ventur
482 520 666 574 donec
697 520 946 575 veniam.
980 520 1059 574 Ea
1091 535 1223 573 cum
1258 519 1329 574 ab
1361 520 1566 574 insano
1619 518 1730 572 isto
1784 517 1885 571 ba-
1914 534 1963 600 Α
2000 515 2115 585 ipsi
2148 533 2161 571 :
2197 518 2388 583 Erras,
2422 516 2629 584 amice,
2662 516 2718 569 in
2771 516 3223 587 pronuntiando.
3275 517 3498 579 Quibus
3548 517 3647 572 ille

236 608 349 677 juli
385 610 712 674 audissent,
748 609 1020 662 dixerunt
1048 608 1158 678 ipsi
1196 625 1208 661 :
1244 608 1396 662 Bene
1427 607 1619 673 habet,
1646 606 1894 660 libenter

244 713 635 770 exsequemur
664 699 818 769 quod
863 698 1121 768 imperas
1158 712 1170 751 :
1204 701 1261 751 et
1306 712 1436 751 cum
1492 696 1894 768 implevissent

243 802 469 854 saccos,
504 803 713 841 rursus
743 786 853 857 ipsi
887 786 1158 840 dixerunt
1194 802 1205 838 :
1244 784 1392 839 Audi
1426 785 1474 839 si
1506 784 1668 839 lubet
1700 782 1890 837 consi-

244 874 391 931 lium
425 881 713 942 nostrum,
749 893 820 930 ne
854 875 1194 930 thesaurum
1228 890 1399 945 quem
1431 872 1704 928 invenisti
1764 889 1891 943 per-

242 966 372 1019 das.
407 965 553 1030 Quin
590 967 737 1034 ejus,
776 965 969 1035 inquit
999 964 1117 1029 ille,
1168 963 1358 1033 gratia
1406 962 1597 1017 vocavi
1648 978 1770 1027 vos,
1824 978 1894 1016 ne

242 1052 382 1123 quid
418 1053 557 1107 mihi
596 1053 807 1124 periret
838 1070 904 1107 ex
934 1052 1189 1123 ipso.llli
1224 1052 1496 1105 dixerunt
1541 1066 1552 1105 :
1599 1050 1721 1104 Non
1754 1067 1891 1103 con-

241 1142 399 1196 venit
432 1159 538 1197 nos
570 1140 743 1196 simul
776 1141 857 1196 ire
888 1158 1005 1195 una
1036 1156 1259 1209 omnes,
1296 1157 1365 1195 ne
1396 1141 1528 1211 quis
1562 1140 1891 1209 'magistra-

240 1238 411 1287 tuum
445 1237 668 1289 tantam
705 1237 1050 1288 onustorum
1090 1232 1317 1286 turbam
1350 1232 1574 1297 videns,
1627 1230 1897 1301 exquirat

241 1322 383 1393 quid
420 1323 499 1377 rei
534 1323 629 1385 sit,
656 1326 713 1377 et
741 1322 972 1393 cognito
1012 1325 1203 1376 tantas
1236 1336 1374 1391 opes
1405 1319 1463 1373 in
1498 1320 1737 1373 domum
1773 1317 1892 1389 pri-

240 1416 439 1467 vatam
490 1411 649 1476 ferri,
700 1414 920 1465 avertat
968 1409 1120 1476 illas,
1172 1414 1228 1465 et
1277 1408 1335 1463 in
1386 1409 1592 1463 fiscum
1649 1407 1892 1476 redigat,

240 1500 516 1556 auferens
547 1517 581 1555 ει
612 1499 781 1554 nobis
806 1516 819 1553 :
846 1498 1055 1554 melius
1087 1514 1225 1569 ergo
1256 1501 1344 1553 est
1374 1502 1437 1551 ut
1468 1496 1688 1569 singuli
1720 1512 1894 1566 sepa-

241 1589 417 1644 ratim
450 1589 918 1661 proﬁciscamur,
952 1603 1057 1643 nec
1087 1592 1151 1642 tu
1185 1586 1492 1642 nobiscum
1524 1586 1630 1653 sis,
1664 1585 1763 1640 sed
1799 1584 1894 1639 hic

237 1683 542 1750 exspectes
572 1678 756 1733 donec
788 1681 1184 1744 revertamur;
1239 1675 1453 1730 ibimus
1504 1674 1661 1729 enim
1711 1672 1892 1728 celer-

236 1768 425 1832 rime;
475 1771 533 1822 et
581 1767 777 1822 statim
829 1765 944 1821 huc
994 1764 1336 1820 redibimus.
1372 1763 1643 1819 Probavit
1675 1761 1893 1818 stultus

236 1855 553 1912 consilium
578 1854 931 1925 bajulorum;
962 1857 1021 1909 at
1041 1853 1126 1907 illi
1158 1852 1432 1908 tollentes
1462 1868 1665 1906 saccos
1686 1850 1892 1922 plenos

236 1946 514 2002 abierunt
543 1944 957 2017 unusquisque
986 1959 1103 2014 quo
1134 1942 1328 2009 libuit,
1348 1946 1404 2015 et
1432 1940 1492 1996 in
1525 1941 1767 1996 domum
1800 1940 1887 1994 in-

241 2036 373 2090 sani
404 2050 577 2089 nemo
609 2034 907 2104 profectus
932 2032 1180 2088 est.Sub
1210 2047 1512 2102 vesperem
1544 2029 1642 2084 ille
1674 2029 1889 2101 (quan-

238 2140 421 2195 quam
454 2122 830 2178 suboﬂ'ensus
858 2121 1017 2193 quod
1049 2137 1164 2176 non
1198 2120 1715 2186 redissent,tamen
1748 2133 1889 2172 cau-

235 2229 365 2268 sam
386 2228 560 2267 morae
581 2211 859 2266 incidisse
878 2210 1075 2279 aliam,
1092 2226 1197 2265 nec
1215 2209 1327 2265 sibi
1343 2209 1689 2264 damnosam
1705 2207 1890 2275 ratus)

230 2301 445 2374 plenus
497 2300 713 2373 gaudio
759 2301 1001 2355 domum
1034 2316 1096 2354 se
1129 2299 1383 2355 referens
1412 2297 1575 2353 uxori
1608 2296 1840 2352 dicebat
1873 2312 1886 2349 :

234 2391 493 2445 Ostende
544 2389 690 2445 mihi
738 2388 836 2443 ubi
898 2388 1212 2443 thesaurus
1270 2393 1360 2443 est
1400 2403 1572 2458 quem
1628 2385 1890 2441 tulerunt

232 2480 440 2550 bajuli,
494 2484 560 2534 ut
606 2478 836 2534 videam
892 2494 962 2533 ne
1020 2477 1161 2550 quid
1224 2478 1371 2533 forte
1420 2474 1821 2533 subtraxerint
1872 2490 1885 2529 :

236 2568 342 2625 illa
373 2568 694 2637 admirans,
716 2568 862 2631 Quid
896 2566 1002 2633 ais,
1054 2568 1131 2622 mi
1186 2567 1292 2636 vir,
1346 2565 1558 2638 inquit,
1610 2564 1751 2636 quid
1804 2562 1887 2618 lo-

235 2657 483 2729 queris?
508 2661 564 2712 et
592 2656 711 2723 ille,
746 2656 876 2710 Haec
907 2655 1115 2726 loquor
1146 2671 1268 2725 quae
1310 2654 1527 2709 audisti
1559 2670 1572 2708 :
1610 2653 1709 2707 illa
1759 2668 1887 2707 vero

238 2747 566 2819 respondit,
617 2746 902 2817 Equidem
953 2744 1172 2814 audivi,
1201 2746 1300 2800 sed
1338 2744 1483 2798 nihil
1515 2743 1725 2798 horum
1760 2758 1889 2812 qua:

235 2837 385 2892 dicis
415 2835 535 2893 vidi
566 2834 772 2896 oculis,
794 2838 897 2890 aut
925 2834 1197 2889 manibus
1230 2832 1529 2905 attigi.Hic
1560 2831 1656 2887 ille
1688 2836 1891 2901 stupe-

235 2928 448 2993 factus,
481 2925 703 2991 Nonne,
735 2923 951 2995 inquit,
985 2923 1123 2978 misi
1155 2921 1260 2977 tibi
1292 2921 1463 2977 hodie
1511 2937 1612 2993 per
1658 2919 1889 2990 bajulos

234 3016 734 3071 circumforaneos
792 3012 1109 3085 plusquam
1170 3010 1327 3067 mille
1379 3010 1598 3067 talenta
1658 3010 1782 3065 auri
1834 3012 1889 3063 et

235 3105 466 3177 lapides
518 3102 853 3176 pretiosos?
903 3102 1225 3173 Respondit
1274 3117 1438 3157 uxor.
1480 3100 1886 3171 Nequaquam,

235 3194 477 3249 domine
526 3193 605 3249 mi
650 3190 893 3248 :nullus
942 3191 1258 3263 quidquam
1309 3189 1527 3245 attulit.
1583 3186 1889 3244 Perculsus

237 3298 404 3348 casu,
451 3286 508 3337 et
554 3297 683 3337 sero
732 3280 969 3351 sapiens
1018 3279 1169 3335 male
1223 3295 1404 3334 sanus
1452 3277 1574 3343 ille,
1620 3275 1890 3349 cognovit

237 3372 475 3427 tandem
528 3387 590 3427 se
617 3371 921 3441 deceptum
948 3388 961 3437 ;
996 3369 1320 3440 habuitque
1354 3372 1418 3423 ut
1449 3367 1613 3440 prius
1645 3382 1887 3422 vacuam

236 3460 646 3528 domum,hoc
677 3460 870 3515 solum
922 3476 987 3514 ex
1037 3458 1303 3513 thesauri
1355 3458 1503 3513 tanti
1551 3456 1889 3511 inventione

239 3549 531 3616 lucratus,
565 3554 629 3605 ut
656 3548 945 3604 inutiliter
970 3565 1035 3603 eo
1068 3548 1160 3603 die
1184 3564 1247 3603 se
1294 3550 1580 3603 vexasset.
1630 3545 1721 3600 Sic
1772 3544 1889 3599 evi-

238 3640 363 3694 niet
388 3639 603 3711 legenti
635 3638 794 3694 hunc
825 3638 1063 3704 librum,
1098 3636 1211 3692 nisi
1244 3641 1300 3690 et
1329 3635 1710 3691 attentionem
1752 3649 1889 3704 pro-

238 3729 454 3801 priam,
488 3733 545 3784 et
576 3728 834 3784 alienum
868 3726 1181 3782 consilium
1215 3726 1487 3782 adhibeat
1534 3724 1607 3780 ad
1654 3722 1889 3795 penitus

236 3819 667 3890 pervidendum
699 3817 842 3889 quid
875 3832 939 3873 eo
972 3817 1270 3872 doceatur.

239 3956 377 4011 CAP.
414 3956 509 4009 Ill.
536 3984 602 3994 —
633 3953 937 4008 Necessitas
964 3950 1313 4023 percipiendi
1341 3966 1562 4006 sensum
1585 3949 1891 4023 parabola-

313 4043 442 4082 rum
471 4025 785 4081 declaratur
814 4021 1190 4080 similitudine
1218 4040 1443 4091 nucum,
1492 4030 1543 4079 et
1587 4021 1859 4078 sententia
1877 4050 1889 4056 ~

312 4114 439 4154 rum
470 4099 659 4166 ignota
691 4098 891 4168 lingua
916 4098 1267 4167 scriptarum.

314 4213 624 4271 Enimvero
656 4211 795 4285 quid
826 4212 1087 4284 proderit
1115 4212 1309 4268 videre
1362 4211 1672 4284 superﬁcie
1721 4215 1893 4267 tenus

241 4304 414 4377 signa
461 4303 959 4375 scripturamque,
992 4320 1107 4358 non
1141 4302 1499 4373 penetrando
1533 4302 1590 4356 in
1620 4301 1892 4356 intimum

238 4410 445 4452 eorum
478 4392 758 4448 sensum?
788 4391 915 4450 Non
948 4393 1082 4465 plus
1113 4409 1253 4448 sane
1285 4407 1460 4463 quam
1491 4390 1759 4447 famelico
1791 4407 1895 4445 nu-

242 4501 341 4541 ces
370 4481 631 4552 habenti,
665 4499 770 4537 nec
797 4482 1087 4555 frangenti
1120 4483 1395 4538 corticem
1429 4497 1444 4536 :
1480 4481 1572 4537 hic
1622 4481 1777 4537 enim
1828 4498 1897 4537 ex

2002 606 2457 676 respondit.Non
2490 622 2617 660 erro
2648 622 2774 676 ego,
2808 606 2907 660 sed
2933 610 3087 659 errat
3110 606 3309 660 charta
3333 608 3441 659 ista
3465 622 3645 676 quam

2001 694 2207 749 habeo.
2259 695 2509 750 Tantum
2561 694 2801 749 interest
2851 695 3137 765 legentem
3192 712 3306 751 non
3357 696 3644 767 ignorare,

2002 785 2102 839 sed
2139 784 2306 855 plane
2338 802 2404 840 ac
2437 786 2673 857 penitus
2706 785 3003 856 percipere
3035 786 3187 856 quod
3224 785 3384 857 legit,
3419 791 3482 840 ut
3512 803 3644 841 oru-

2002 874 2161 928 ditus
2219 873 2468 929 lectione
2527 874 2793 945 proficiat
2845 876 2901 929 in
2962 876 3348 945 sapientiam;
3408 877 3642 930 duobus

2001 961 2155 1018 enim
2188 962 2348 1018 hisce
2380 963 2735 1018 instructum
2768 980 2895 1019 esse
2926 970 3152 1034 oportet
3200 965 3475 1019 lectorem
3528 982 3642 1020 non

2004 1051 2293 1106 inutiliter
2331 1050 2642 1117 lecturum,
2692 1054 3137 1124 perspicacitate
3184 1053 3238 1105 in
3296 1053 3645 1124 pervidendo

2004 1140 2145 1211 quid
2179 1141 2236 1195 in
2269 1157 2445 1196 sensu
2478 1141 2681 1213 scripti
2717 1142 2909 1208 lateat,
2946 1148 3001 1196 et
3031 1143 3393 1212 providentia
3427 1144 3482 1195 in
3533 1150 3647 1197 sta-

2003 1230 2219 1285 tuendo
2268 1246 2383 1301 quo
2414 1235 2581 1302 pacto
2614 1232 2874 1286 conferre
2904 1231 2960 1285 in
2994 1249 3165 1285 usum
3201 1232 3514 1299 intellecta,
3548 1249 3646 1286 oc-

2004 1320 2268 1374 cursuris
2296 1336 2399 1391 per
2427 1324 2767 1391 sequentem
2800 1320 2974 1375 vitam
3007 1321 3653 1391 occasionibus,debeat

2006 1424 2067 1462 ac
2100 1408 2306 1479 possit.

2004 1526 2135 1579 CAP.
2170 1525 2264 1579 IV.
2298 1554 2363 1566 —
2395 1524 2696 1597 Scientiam
2724 1527 2845 1579 sine
2868 1528 3192 1597 peperatione
3242 1542 3352 1581 non
3401 1527 3651 1597 prodesse

2304 1595 2475 1651 variis
2505 1596 2976 1651 similitudinibus
3006 1598 3333 1653 ostenditur.

2074 1710 2289 1766 Verum
2324 1712 2561 1767 effatum
2604 1712 2955 1784 sapientium
3006 1721 3112 1778 est,
3164 1730 3331 1785 egere
3380 1715 3648 1770 homines

2004 1800 2063 1855 in
2113 1799 2221 1855 hac
2271 1800 2389 1856 vita
2438 1801 2671 1856 duabus
2721 1802 2916 1869 rebus,
2950 1802 3339 1875 intelligentia
3369 1821 3435 1858 ac
3467 1805 3645 1861 disci-

1921 1888 1967 1953 B
2001 1888 2295 1961 plina,hoc
2318 1894 2407 1945 est
2435 1906 2665 1945 morum
2690 1891 3040 1947 rectitudine
3061 1894 3118 1947 in
3142 1893 3295 1948 bona
3312 1894 3648 1965 operatione

1999 1978 2152 2032 sita:
2186 1978 2277 2032 his
2308 1977 2463 2033 enim
2491 1978 2670 2033 simul
2716 1980 2949 2036 duabus
3001 1988 3289 2054 purgatur
3337 2000 3537 2050 mens;
3590 1989 3647 2039 et

1928 2102 1931 2109 ι
2001 2066 2154 2122 sicut
2202 2068 2260 2122 in
2310 2067 2581 2139 lampade
2632 2068 2824 2124 oleum
2860 2075 2915 2125 et
2940 2069 3301 2142 ellychnium
3330 2075 3647 2142 conjuncta

1999 2173 2172 2228 opera
2207 2157 2504 2212 ﬂammam
2554 2158 2820 2213 efficiunt
2861 2159 2976 2214 alte
3025 2165 3363 2232 surgentem
3414 2162 3649 2232 lateque

1999 2244 2459 2313 illuminantem,
2518 2246 2604 2301 sic
2659 2248 2920 2319 operatio
2976 2253 3033 2304 et
3101 2249 3349 2305 scientia
3409 2251 3467 2305 in
3534 2252 3651 2306 vita

1999 2333 2257 2390 hominis
2287 2333 2520 2390 laudem
2554 2337 2682 2407 ejus
2715 2337 3012 2408 decusque
3040 2338 3351 2410 perficiunt
3392 2356 3405 2394 :
3459 2340 3650 2412 iisque

2000 2423 2107 2478 niti
2134 2424 2325 2490 debet,
2359 2430 2424 2479 ut
2472 2430 2528 2479 et
2573 2425 2771 2481 salvus
2824 2427 2902 2481 sit
2950 2434 3007 2482 et
3056 2428 3295 2499 fulgeat,
3342 2430 3390 2484 si
3441 2429 3652 2485 alteru-

1999 2518 2087 2568 tro
2139 2518 2332 2568 careat
2389 2515 2670 2569 damnum
2723 2520 2825 2571 aut
2866 2517 3119 2572 dedecus
3165 2535 3469 2589 passurus.
3528 2524 3642 2574 lloc

2000 2602 2331 2658 declaratur
2360 2606 2626 2675 exemplo
2655 2603 2916 2660 hominis
2939 2608 3108 2676 cujus
3132 2607 3189 2662 in
3217 2609 3456 2663 domum
3483 2617 3650 2664 nocte

2000 2691 2356 2763 intempesta
2387 2694 2686 2765 subrepsit
2716 2694 2810 2748 fur
2835 2694 2965 2766 ipso
2997 2696 3308 2763 sentiente;
3338 2698 3646 2766 evigilave-

2001 2785 2089 2836 rat
2118 2781 2275 2835 enim
2299 2783 2369 2837 ad
2395 2783 2709 2852 strepitum
2732 2792 2782 2839 et
2808 2784 3142 2856 ingressum
3175 2803 3303 2841 esse
3336 2787 3519 2841 furem
3558 2788 3646 2841 in-

2000 2869 2302 2926 tellexerat
2335 2887 2347 2925 :
2383 2876 2578 2927 tamen
2610 2888 2672 2927 se
2704 2872 2910 2928 callide
2940 2878 3208 2929 acturum
3242 2881 3428 2941 ratus,
3463 2876 3646 2931 dissi-

2002 2958 2246 3014 mulavit
2277 2978 2334 3016 se
2366 2961 2645 3029 sensisse,
2678 2962 2760 3017 ita
2802 2979 3000 3018 secum
3048 2973 3326 3036 reputans
3380 2984 3391 3021 :
3448 2967 3646 3021 Sinam

1999 3047 2177 3104 istum
2230 3051 2535 3106 corradere
2588 3056 2645 3105 et
2691 3068 3009 3107 convasare
3064 3070 3191 3123 quae
3238 3055 3469 3110 auferre
3501 3055 3647 3123 vult,

2001 3142 2057 3193 et
2085 3155 2218 3194 cum
2252 3138 2512 3195 collectis
2544 3142 2822 3196 omnibus
2876 3141 2933 3196 in
2968 3144 3266 3213 procinctu
3311 3144 3381 3197 ad
3429 3161 3648 3199 exeun—

1920 3249 1963 3319 ρ
2001 3228 2142 3282 dum
2192 3227 2321 3295 erit,
2368 3229 2587 3284 irruam
2639 3229 2693 3283 in
2745 3247 2878 3285 eum
2930 3236 2986 3285 et
3035 3230 3185 3286 male
3222 3232 3541 3288 mulctabo.
3576 3235 3650 3289 Eo

2001 3317 2244 3371 consilio
2280 3324 2548 3389 perstans
2578 3319 2635 3372 in
2668 3319 2871 3385 cubili,
2908 3319 3081 3391 paulo
3116 3327 3247 3391 post
3280 3323 3489 3376 iterum
3543 3324 3649 3377 ob-

1999 3406 2235 3473 dormit,
2288 3408 2643 3481 interimque
2692 3410 2785 3463 fur
2838 3411 3132 3480 congestis
3194 3428 3313 3466 una
3372 3414 3649 3468 omnibus

1998 3495 2245 3566 aufugit.
2283 3496 2667 3568 Experrectus
2698 3498 2910 3553 deinde
2946 3498 3143 3563 homo,
3178 3517 3355 3571 reque
3387 3502 3644 3573 cognita,

1988 3586 2153 3655 juste
2188 3585 2447 3657 seipsum
2481 3588 2783 3642 damnavit
2813 3590 2965 3658 quod
2999 3606 3106 3644 sua
3137 3590 3343 3645 notitia
3394 3609 3506 3645 non
3558 3609 3645 3646 es-

1997 3679 2086 3730 set
2117 3691 2281 3741 usus,
2319 3680 2382 3731 ut
2411 3676 3019 3732 debuerat.Nimirum
3054 3679 3308 3749 cognitio
3340 3686 3428 3735 est
3460 3681 3645 3735 instar

1997 3764 2223 3819 arboris
2255 3766 2425 3836 cujus
2453 3765 2709 3836 operatio
2742 3766 2970 3822 fructus
3000 3773 3109 3822 est.
3148 3769 3346 3839 Itaque
3377 3774 3436 3823 ut
3468 3772 3645 3824 arbor

1998 3859 2233 3925 propter
2281 3855 2535 3910 fructum
2586 3855 2803 3911 seritur
2851 3861 2908 3911 et
2954 3855 3166 3911 colitur
3216 3873 3229 3911 :
3282 3858 3363 3913 ita
3414 3865 3648 3930 propter

1999 3944 2398 4014 operationem
2433 3944 2743 3999 scientiam
2776 3945 2985 4017 quaerit
3014 3946 3111 4016 qui
3166 3963 3293 4001 vere
3344 3948 3651 4004 studiosus

1999 4035 2111 4098 est,
2136 4031 2351 4088 frustra
2382 4031 2647 4088 videlicet
2676 4034 2951 4089 studendi
2984 4034 3241 4091 laborem
3268 4036 3647 4104 toleraturus,
3756 4022 3762 4028 ί

2000 4120 2049 4176 si
2082 4123 2210 4191 ejus
2239 4120 2365 4193 ipse
2399 4122 2588 4177 fructu
2622 4139 2749 4178 esse
2782 4126 3117 4179 frustretur.
3151 4132 3299 4180 Sane
3348 4127 3396 4181 si
3447 4126 3649 4182 viatori

2002 4212 2072 4266 ad
2125 4211 2235 4266 iter
2276 4212 2544 4283 expedito
2574 4214 2833 4268 indicent
2864 4214 3036 4269 amici
3073 4215 3347 4285 periculis
3374 4216 3649 4271 infestam

2000 4301 2154 4356 viam
2188 4317 2315 4356 esse
2346 4318 2523 4372 quam
2556 4303 3101 4373 cogitet,obsessam
3138 4304 3463 4361 latronibus
3494 4312 3551 4360 et
3572 4307 3658 4360 in-

2003 4390 2169 4446 sidiis
2201 4391 2484 4459 hostium,
2547 4408 2739 4447 nonne
2785 4392 2835 4447 is
2869 4392 3212 4448 irridebitur
3256 4396 3327 4450 ab
3382 4396 3660 4451 omnibus

2003 4497 2052 4535 si
2084 4474 2472 4536 nihilominus
2503 4480 2588 4536 ire
2618 4498 2888 4553 pergens,
2922 4481 3209 4554 spolietur
3244 4488 3301 4538 et
3352 4486 3504 4539 male
3559 4503 3654 4540 va-

245 4573 396 4645 ipsis
444 4588 562 4629 non
611 4571 944 4628 satiabitur.
980 4572 1138 4627 Idem
1174 4588 1347 4644 porro
1379 4570 1595 4627 similis
1625 4571 1736 4627 erit
1765 4575 1895 4627 stu-
1924 4612 1974 4678 D
2006 4569 2212 4642 pulet?
2241 4569 2448 4625 Dicent
2476 4569 2632 4626 enim
2684 4586 2912 4626 omnes.
2960 4574 3099 4636 Quae
3152 4574 3364 4629 meruit
3416 4575 3659 4646 patitur,

247 4662 416 4718 dioso
468 4662 710 4717 homine
768 4662 1000 4717 curiose
1046 4662 1304 4733 cupienti
1354 4676 1529 4717 nosse
1575 4661 1896 4716 sententias

245 4767 395 4820 quas
450 4749 684 4805 laudari
742 4749 1014 4819 audierit,
1067 4755 1125 4805 et
1171 4767 1237 4806 eo
1286 4750 1578 4807 desiderio
1638 4750 1903 4821 pergenti

245 4856 386 4897 cum
418 4840 624 4896 charta
652 4838 713 4895 in
745 4856 927 4895 manu
950 4840 1022 4896 ad
1056 4840 1356 4896 eruditum
1392 4839 1674 4912 aliquem,
1700 4856 1905 4912 rogan-

245 4932 409 5004 tique
438 4930 636 5003 ipsum
670 4933 736 4985 ut
764 4929 825 4985 in
854 4946 924 4986 ea
953 4930 1157 4986 charta
1188 4930 1302 4987 sibi
1332 4930 1551 4987 scribat
1582 4929 1806 5002 aliquid
1839 4946 1907 4985 ex

246 5020 417 5077 hisce
444 5019 637 5076 eﬂ'atis
669 5019 989 5093 peregrina:
1022 5020 1327 5093 sapientiae
1379 5037 1393 5077 :
1442 5020 1535 5076 cui
1587 5018 1683 5073 ille
1738 5020 1906 5075 obse-

247 5124 441 5184 quens
491 5108 715 5165 scribat
758 5108 817 5163 in
866 5108 1070 5165 charta
1096 5110 1357 5181 prudens
1390 5109 1626 5181 aliquod
1661 5108 1907 5179 dictum,

246 5196 505 5267 Arabica
534 5196 775 5270 quidem
809 5196 1014 5269 lingua
1042 5196 1243 5270 ignota
1273 5196 1524 5269 roganti,
1560 5195 1769 5251 litteris
1818 5200 1909 5251 ta-

248 5303 389 5344 men
420 5303 570 5359 quas
601 5286 735 5359 ipse.
758 5286 871 5341 scit
896 5285 1108 5359 legere.
1143 5287 1288 5342 Cum
1327 5286 1435 5343 hac
1479 5286 1685 5341 charta
1735 5286 1912 5341 homo

252 5376 459 5432 abiens
492 5376 593 5431 ubi
626 5378 869 5432 domum
902 5377 1081 5446 venit,
1117 5376 1329 5449 cupide
1371 5376 1513 5448 legit
1556 5374 1912 5447 descriptam

250 5468 703 5536 sententiam,et
733 5466 889 5538 apud
924 5466 1146 5523 amicos
1178 5466 1544 5538 pronuntiat,
1579 5483 1691 5521 non
1738 5466 1915 5521 intel-

253 5556 450 5629 ligens
481 5556 623 5632 quid
657 5554 833 5625 dicat,
857 5554 1126 5630 ideoque,
1153 5556 1311 5628 quod
1344 5556 1499 5612 factu
1522 5571 1774 5628 pronum
1805 5559 1915 5626 est,

242 5646 318 5702 in
356 5645 798 5723 pronuntiando
830 5650 1243 5723 erransErant
1266 5647 1417 5701 inter
1448 5645 1918 5717 amicos,quibus

242 5752 316 5794 se
348 5735 718 5805 venditabat,
753 5735 997 5808 quidam
1032 5735 1274 5794 Arabica
1304 5735 1480 5806 docti,
1508 5735 1609 5809 qui
1639 5734 1920 5793 dixerunt

2009 4659 2119 4715 hoc
2164 4657 2370 4728 voluit,
2416 4659 2608 4715 sciens
2641 4661 3015 4732 prudensque
3048 4661 3106 4715 in
3141 4662 3425 4718 damnum
3462 4665 3662 4720 incur-

2017 4748 2111 4813 rit,
2143 4748 2403 4804 stultitia;
2436 4766 2554 4804 suae
2586 4748 2859 4821 imputet.
2894 4750 3178 4805 Similiter
3208 4752 3383 4808 homo
3426 4770 3667 4826 corpore

2015 4838 2273 4908 infirmo,
2301 4837 2396 4893 cui
2427 4855 2559 4894 cum
2591 4838 2743 4894 clare
2774 4844 2977 4895 notum
3011 4840 3084 4894 sit
3115 4843 3360 4912 quinam
3395 4844 3508 4915 ipsi
3554 4844 3670 4899 cibi

2019 4927 2265 5001 prosint,
2301 4928 2521 5001 quique
2575 4935 2839 4998 noceant,
2891 4934 3088 4985 tamen
3139 4931 3278 5003 gula
3330 4934 3674 5005 przevalente

2020 5017 2210 5074 noxiis
2258 5033 2320 5073 se
2371 5017 2716 5091 ingurgitat,
2761 5035 2954 5074 nonne
2986 5019 3034 5074 si
3070 5020 3281 5076 deinde
3314 5024 3557 5079 morbus
3585 5025 3675 5078 in-

2021 5110 2344 5181 gravescat,
2376 5105 2698 5179 culpabunt
2735 5124 2869 5163 eum
2923 5125 3148 5177 omnes,
3201 5116 3258 5166 et
3305 5114 3545 5169 meritas
3586 5114 3675 5168 in-

2022 5197 2426 5269 temperantiae
2458 5196 2618 5253 luere
2651 5214 2853 5269 pcenas
2885 5198 3282 5256 dicent?Talis
3314 5204 3553 5257 omnino
3587 5206 3678 5258 est

2022 5286 2113 5341 vir
2143 5286 2409 5342 eruditus
2442 5286 2661 5341 bonum
2695 5305 2723 5341 a
2762 5286 2914 5343 malo
2944 5288 3305 5359 discernens,
3354 5296 3412 5347 et
3460 5299 3675 5361 tamen,

2026 5376 2352 5449 postposito
2398 5376 2570 5443 bono,
2605 5376 2825 5433 malum
2860 5378 3239 5450 praeeligens;
3272 5385 3328 5436 et
3358 5382 3493 5437 huic
3522 5383 3679 5437 enim

2026 5466 2377 5538 imputanda
2408 5468 2649 5522 omnino
2699 5471 2872 5523 erunt
2920 5484 3047 5539 quae
3095 5470 3307 5526 deinde
3359 5478 3684 5543 sequentur

2030 5558 2267 5623 damna;
2296 5571 2399 5610 nec
2432 5556 2835 5624 miseratione,
2861 5558 2963 5612 sed
2992 5558 3445 5630 reprehensione
3469 5562 3685 5632 dignus

2028 5646 2219 5702 erit.Si
2242 5645 2397 5701 enim
2432 5646 2548 5701 duo
2580 5647 2822 5720 quidam
2856 5647 3035 5703 simul
3068 5648 3408 5707 incidantin
3436 5653 3684 5723 foveam,

2030 5752 2282 5810 quorum
2317 5736 2465 5793 alter
2495 5753 2682 5795 caacus
2713 5744 2886 5795 antea
2918 5738 3113 5811 fuerit,
3147 5739 3295 5798 alter
3325 5742 3493 5800 oculo
3526 5747 3687 5799 utro-
