4226 6460
603 400 737 454 1231

2115 406 2503 457 APPENDIX.

3869 410 4003 464 1232

594 539 724 594 que
760 522 913 578 clare
945 522 1169 589 videns,
1221 526 1442 588 utrum,
1488 539 1705 591 quaeso,
1751 538 1949 577 eorum
2001 523 2242 579 misera'
2281 532 2333 594 Α
2364 542 2660 581 sesamum
2695 527 2929 583 sindoni
2965 530 3337 601 suppositum
3372 531 3660 601 pertinere
3709 534 3777 586 ad
3830 550 4002 588 suum

596 613 848 681 buntur,
875 616 1073 666 utrum
1127 609 1451 682 culpabunt
1498 610 1811 666 homines?
1858 611 2107 668 Omnino
2158 612 2246 667 in-

594 700 861 756 felicitati
920 700 1050 755 eieci
1118 699 1569 770 compatientur,
1633 699 1887 754 videntis
1932 699 2245 756 stultitiam

594 788 860 844 irridebu
872 793 957 845 nt.

592 984 806 1040 CAP.V.
828 1015 893 1024 —
925 985 1219 1054 Propriam
1248 983 1549 1038 utilitatem
1578 989 1627 1039 et
1656 1000 1762 1038 non
1797 984 2041 1039 alienam
2070 985 2243 1040 solum

668 1072 738 1109 ex
783 1058 1017 1110 scientia
1068 1054 1421 1125 captandam,
1470 1054 1716 1110 docetur.
1771 1055 2006 1111 Maxime
2061 1062 2245 1111 autem

665 1126 953 1251 vitandum
1000 1142 1069 1181 ne
1116 1126 1348 1181 scientia
1392 1131 1582 1181 nostra
1611 1144 1669 1181 zn
1702 1128 1975 1182 damnum
2004 1128 2243 1183 aliorum

665 1215 692 1251 a
735 1208 982 1252 utamur.

661 1214 982 1253 abutamur.

656 1356 763 1419 Qui
789 1357 1093 1410 scientiam
1128 1357 1522 1427 acquisivitin
1576 1357 1895 1413 utilitatem
1950 1360 2242 1415 duntaxat

586 1444 1014 1507 aliorum,nihil
1038 1462 1105 1498 ex
1128 1462 1194 1499 ea
1220 1446 1437 1515 proprii
1466 1448 1693 1500 fructus
1730 1447 1854 1517 ipse
1888 1447 2237 1517 percipiens,

583 1533 796 1587 similis
827 1536 915 1588 est
946 1537 1111 1587 terra
1144 1549 1273 1602 quae
1306 1535 1522 1589 damno
1554 1534 1790 1605 proprio
1824 1536 2003 1589 servit
2050 1535 2238 1590 homi-

585 1622 758 1675 nibus
811 1626 870 1676 et
901 1621 1129 1688 bestiis,
1166 1638 1268 1676 nec
1303 1622 1627 1693 quidquam
1662 1639 1729 1677 ex
1756 1623 1827 1677 iis
1859 1641 1986 1694 quae
2020 1625 2241 1679 confert

583 1709 643 1763 in
670 1710 821 1765 alios
844 1710 1106 1779 juvatur.
1121 1711 1229 1764 Par
1258 1716 1345 1765 est
1376 1710 1554 1780 igitur
1587 1712 1925 1766 studiosum
1957 1712 2237 1767 doctrinae

585 1799 838 1869 primum
875 1800 1110 1871 quidem
1144 1799 1406 1871 seipsum
1440 1801 1753 1855 admonere
1776 1800 2144 1871 dirigereque
2166 1802 2236 1856 ad

585 1905 820 1942 omnem
845 1889 1243 1958 operationem
1271 1889 1598 1954 honestam,
1624 1889 1835 1944 deinde
1868 1896 2063 1944 autem
2096 1906 2233 1944 con-
2268 1900 2314 1964 Β

585 1977 736 2031 ferre
766 1994 1005 2048 operam
1039 1978 1108 2032 ad
1145 1978 1290 2031 alios
1323 1979 1639 2033 docendos.
1674 1980 1751 2033 Ac
1783 1979 1841 2032 in
1889 1979 2233 2033 universum

585 2065 984 2120 consideranti
1017 2067 1142 2120 vitae
1175 2066 1445 2121 humanae
1494 2072 1739 2136 statum,
1794 2068 1906 2122 tria
1958 2066 2102 2121 mihi
2148 2068 2233 2121 vi-

583 2155 795 2208 dentur
832 2154 1024 2209 inesse
1064 2160 1327 2225 oportere
1349 2154 1572 2209 homini
1597 2155 1849 2227 eleganti
1882 2160 1938 2210 et
1967 2156 2233 2226 honesto,

585 2243 859 2298 videlicet
888 2243 1217 2310 scientiam,
1248 2244 1485 2299 divitias
1512 2249 1570 2299 et
1596 2261 1828 2299 morum
1858 2250 2119 2300 exactam
2153 2246 2236 2299 di-

582 2332 917 2403 sciplinam.
979 2334 1086 2396 Qui
1147 2334 1301 2387 enim
1363 2334 1571 2404 quaerit
1631 2335 1908 2404 pecunias
1970 2335 2237 2391 nesciens

581 2424 807 2475 rectum
841 2438 1043 2476 earum
1080 2438 1276 2489 usum,
1308 2422 1528 2476 frustra
1575 2421 1803 2475 laborat
1843 2427 1900 2476 et
1952 2428 2236 2494 pracepta

584 2525 711 2579 quae
766 2508 823 2562 in
881 2524 947 2563 eo
996 2510 1314 2563 traduntur
1381 2526 1493 2563 non
1564 2510 1886 2580 perceperit
1942 2516 2117 2580 atque
2176 2513 2232 2565 in

583 2615 758 2652 usum
809 2599 1173 2654 observando
1227 2599 1519 2669 redegerit
1568 2616 1669 2669 per
1718 2599 2046 2654 socordiam
2080 2600 2233 2654 desi-

586 2688 888 2759 diamque,
922 2704 1109 2741 caecus
1142 2687 1237 2742 hic
1277 2688 1414 2758 jure
1453 2688 1777 2744 vocabitur.
1828 2688 1931 2742 Est
1982 2694 2037 2743 et
2087 2688 2233 2743 illud

587 2792 939 2847 magnopere
971 2776 1272 2832 vitandum
1298 2794 1371 2832 ne
1402 2777 1484 2832 sic
1518 2783 1717 2832 utatur
1741 2779 1948 2833 doctus
1976 2778 2032 2832 in
2064 2794 2233 2833 suam

588 2864 905 2919 utilitatem
965 2864 1226 2934 scientia,
1279 2870 1343 2918 ut
1399 2864 1565 2920 alteri
1619 2866 1904 2920 damnum
1960 2872 2115 2921 creet
2174 2865 2233 2920 in

584 2954 890 3025 proprium
919 2958 1243 3025 quaestum;
1274 2953 1495 3024 alioqui
1522 2954 1943 3009 circumvenire
1976 2956 2233 3009 amicum

584 3042 695 3097 isto
724 3043 896 3098 modo
946 3044 1211 3110 studens,
1265 3042 1520 3113 patietur
1568 3044 1720 3115 quod
1769 3044 1986 3098 sesami
2033 3043 2236 3098 vendi-

584 3131 692 3185 tori
726 3131 993 3202 contigit.
1025 3132 1203 3186 Aiunt
1232 3131 1639 3191 enimsesami
1671 3133 1999 3188 venditores
2051 3132 2233 3188 fuisse

581 3220 729 3274 duos
761 3236 879 3274 una
911 3220 997 3275 uti
1047 3220 1256 3276 solitos
1305 3220 1609 3292 apotheca,
1655 3222 1826 3292 cujus
1876 3221 1934 3275 in
1984 3222 2233 3277 diversis
2265 3249 2309 3315 ρ

581 3307 815 3379 angulis
865 3308 957 3363 sui
1018 3310 1335 3380 separatim
1387 3310 1676 3380 cujusque
1728 3311 1991 3381 ipsorum
2042 3312 2232 3365 acervi

580 3397 820 3453 stabant
849 3398 979 3467 eius
1013 3400 1281 3470 pretiosae
1315 3399 1521 3470 frugis.
1557 3400 1691 3453 Erat
1740 3404 1934 3454 autem
1981 3399 2235 3455 duorum

582 3485 730 3540 alter
759 3486 933 3541 homo
966 3488 1125 3541 vafer
1154 3492 1211 3543 et
1261 3487 1567 3555 subdolus,
1625 3488 1745 3558 qui,
1797 3490 2021 3558 adjecto
2070 3488 2240 3560 cupi-

585 3574 787 3630 ditatis
819 3575 985 3631 oculo
1019 3576 1078 3630 in
1124 3582 1345 3647 partem
1399 3578 1562 3645 socii,
1613 3577 1866 3632 decrevit
1914 3594 1982 3631 ex
2028 3594 2096 3633 ea
2143 3579 2238 3632 fu—

588 3665 728 3733 rari,
780 3665 1207 3737 adornavitque
1239 3666 1505 3721 fraudem
1540 3668 1597 3720 in
1631 3666 1787 3720 hunc
1818 3668 2059 3721 modum
2094 3682 2107 3721 :
2140 3683 2238 3722 ve-

589 3753 676 3808 nit
708 3770 810 3825 per
840 3755 1020 3823 diem,
1057 3756 1292 3826 quando
1326 3755 1453 3811 sine
1501 3754 1835 3826 suspicione
1880 3760 2124 3827 poterat,
2176 3757 2235 3810 in

588 3859 901 3898 commune
949 3844 1246 3912 horreum,
1296 3849 1353 3899 et
1403 3860 1581 3915 super
1633 3860 1903 3899 acervum
1955 3845 2044 3898 sui
2094 3845 2235 3899 SOcii

586 3932 834 3988 linteum
868 3934 1161 4005 expandit.
1198 3935 1258 3990 Id
1290 3950 1357 3989 ea
1387 3951 1566 3990 causa
1599 3935 1865 3999 faciebat,
1901 3939 1965 3989 ut
1995 3934 2106 3988 isto
2156 3935 2234 3988 si-

584 4040 700 4093 gno
749 4023 1090 4095 superjectze
1145 4022 1296 4090 telae,
1348 4038 1452 4095 per
1508 4024 1781 4077 tenebras
1841 4023 2233 4078 internoscere

580 4120 778 4181 posset
810 4112 1066 4166 alienum
1096 4112 1400 4167 cumulum
1438 4128 1471 4166 a
1518 4114 1774 4183 preprio.
1830 4112 1949 4166 Sub
2003 4112 2120 4166 haec
2173 4129 2232 4166 re

576 4203 699 4254 tota
727 4200 963 4255 cuidam
997 4200 1185 4254 amico
1220 4200 1676 4267 communicata,
1728 4201 1898 4270 cujus
1942 4201 2231 4270 adjutrice

573 4305 749 4359 opera
781 4290 839 4343 in
872 4290 1025 4343 furto
1058 4290 1322 4345 faciendo
1357 4288 1440 4343 uti
1473 4289 1719 4358 volebat,
1768 4289 2105 4359 procinctus
2154 4291 2224 4344 ad

573 4378 766 4433 scelus
799 4395 930 4433 cum
977 4395 1041 4432 eo
1095 4378 1308 4447 stabat,
1359 4377 1563 4431 horam
1614 4382 1809 4448 aptam
1859 4383 2220 4448 exspectans.

573 4450 811 4522 Interim
864 4472 1059 4521 autem
1108 4466 1301 4521 socius
1349 4465 1559 4537 ipsius,
1607 4466 1781 4521 homo
1834 4467 2115 4521 innocens
2168 4474 2224 4521 et

561 4556 785 4626 justus,
821 4557 963 4610 forte
996 4555 1299 4625 ingressus
1332 4555 1698 4625 apothecam,
1744 4554 1844 4609 ubi
1893 4556 2221 4610 observavit

2356 613 2602 681 socium,
2634 631 2703 670 ex
2753 632 2818 671 eo
2864 618 3017 671 haud
3070 635 3242 689 parce
3291 620 3585 688 sumpsit;
3639 627 4003 691 onustusque

2354 703 2596 758 domum
2630 720 2692 759 se
2724 705 2925 776 recipit
2958 723 3089 760 cum
3121 724 3226 762 suo
3259 708 3609 777 subadiuva,
3640 711 3736 765 cui
3786 726 4003 765 merce-

2357 791 2488 845 dem
2512 792 2736 847 collatae
2757 810 2945 864 Operm
2967 794 3280 849 dimidium
3306 795 3483 850 ablati
3511 798 3728 851 sesami
3750 798 4001 865 donavit,

2354 881 2621 935 nesciens
2654 882 2724 937 de
2754 899 2861 937 suo
2893 900 2955 937 se
2987 884 3261 938 furatum.
3299 886 3579 939 Postridie
3620 886 4000 941 dissimulans

2353 969 2580 1040 egregie
2613 979 2958 1026 nocturnam
3004 973 3267 1027 lraudem
3320 990 3450 1028 cum
3501 974 3645 1028 nihil
3702 974 3849 1030 male
3898 992 4000 1030 su-

2353 1058 2617 1127 spicante
2674 1059 2829 1114 socio
2890 1060 3219 1131 ingreditur
3270 1062 3565 1132 horreum,
3626 1064 3868 1134 visoque
3917 1064 4001 1118 ibi

2353 1145 2530 1201 linteo
2588 1164 2843 1219 expanso
2905 1166 3084 1221 supra
3144 1152 3445 1221 proprium
3492 1168 3786 1220 acervum,
3830 1152 4000 1207 intel-

2353 1235 2614 1306 lectaque
2649 1254 2715 1290 ex
2750 1237 3006 1292 officiose
3048 1239 3333 1292 referente
3380 1239 3601 1311 collega
3658 1241 4003 1295 mutationis

2349 1339 2550 1388 causa,
2582 1324 2801 1396 ingenti
2838 1326 3143 1397 perculsus
3174 1328 3372 1382 dolore
3403 1332 3516 1396 est,
3559 1346 3688 1384 sero
3741 1328 4004 1384 videlicet

2350 1412 2629 1479 sentiens,
2661 1428 2721 1467 se
2755 1413 2892 1467 dum
2927 1413 3194 1485 improbe
3226 1421 3518 1485 quaestum
3552 1418 3751 1471 studet
3792 1418 4000 1487 facere,

2351 1500 2636 1556 damnum
2671 1502 2926 1557 subiisse
2959 1520 2972 1557 :
3008 1504 3163 1573 quod
3196 1503 3350 1558 enim
3402 1506 3658 1574 adjutori
3710 1507 3845 1560 furti
3898 1507 4001 1560 de-

2349 1590 2531 1654 derat,
2595 1590 2706 1644 sibi
2739 1590 2983 1661 periisse
3011 1592 3249 1646 videbat
3279 1592 3768 1663 irreparabiliter;
3811 1593 3998 1665 siqui-

2350 1679 2478 1733 dem
2515 1693 2587 1732 ne
2622 1679 2692 1733 ah
2725 1696 2790 1733 eo
2825 1684 3113 1750 repeteret
3142 1681 3416 1735 obstabat
3449 1685 3640 1736 metus
3671 1683 3851 1737 totius
3883 1700 4002 1738 ma-

2346 1766 2520 1821 leﬁcii
2550 1767 2828 1839 vulgandi
2861 1768 3116 1838 indeque
3143 1769 3199 1823 in
3234 1786 3435 1840 poenas
3465 1770 3803 1826 incurrendi
3854 1789 4000 1843 pra:-

2347 1855 2593 1927 scriptas
2630 1856 2881 1928 legibus.
2926 1856 3161 1926 Oportet
3208 1857 3388 1929 igitur
3436 1874 3569 1913 eum
3621 1860 3719 1930 qui
3772 1859 3995 1930 aliquid

2345 1944 2707 2015 aggreditur,
2741 1944 3039 2015 providere
3072 1945 3249 2001 ﬁnem
3283 1946 3443 2001 illius
3476 1947 3675 2018 coepti;
3713 1948 3811 2019 qui
3859 1965 3992 2004 vero

2346 2032 2646 2103 negotium
2677 2032 2885 2103 incipit
2916 2034 3085 2103 cujus
3112 2034 3289 2089 tinem
3322 2052 3437 2089 non
3466 2037 3789 2108 prospexit,
3842 2037 3995 2091 mul-

2344 2126 2469 2175 tum
2526 2121 2815 2177 laborabit
2873 2126 2931 2176 et
2985 2123 3132 2176 nihil
3192 2123 3516 2179 lucrabitur
3568 2142 3581 2180 :
3630 2141 3800 2180 nemo
3832 2126 3993 2181 enim

2345 2210 2627 2265 ditescere
2660 2215 2849 2281 potest
2876 2212 3002 2266 sine
3034 2229 3247 2284 magno
3274 2212 3491 2268 labore.

2344 2353 2475 2407 CAP.
2507 2353 2601 2408 VI.
2631 2384 2712 2427 A—
2767 2358 2841 2409 De
2881 2354 3119 2427 reliqui:
3157 2354 3372 2427 duobus
3415 2371 3540 2426 quae
3586 2359 3806 2427 requiri
3851 2358 3999 2413 ἀίδια

2413 2430 2543 2498 ,ςμηί
2570 2425 2640 2498 ad
2670 2426 2984 2480 ornandum
3016 2425 3313 2494 hominem,
3346 2425 3559 2482 divitiis
3591 2432 3639 2483 et
3660 2425 3992 2498 disciplina.

2417 2496 2731 2550 Ostenditur
2762 2499 2887 2551 item
2918 2513 3031 2552 non
3070 2512 3178 2552 esse
3236 2499 3644 2569 desperandum
3701 2499 3761 2552 iu
3810 2496 3997 2569 angu-

2413 2569 2552 2641 stiis,
2585 2569 2832 2636 exemplo
2874 2571 3055 2637 inapis
3111 2569 3326 2639 quando
3382 2572 3612 2624 minime
3662 2572 3996 2641 opinabatur

2414 2638 2471 2691 id
2500 2654 2603 2708 quo
2629 2641 2825 2708 agebat
2856 2641 3025 2694 nacti.

2416 2767 2640 2818 Rursus
2675 2779 2863 2834 neque
2894 2768 3119 2835 oportet
3165 2765 3473 2836 desperare
3520 2767 3589 2823 de
3634 2767 3887 2839 negotiis
3936 2773 3999 2823 et

2343 2866 2618 2906 successu
2654 2868 2872 2921 rerum,
2906 2869 3039 2907 eum
3075 2869 3289 2924 magna
3321 2854 3377 2909 in
3403 2854 3474 2909 iis
3501 2872 3704 2911 casum
3738 2856 3994 2911 varietas

2342 2946 2625 3011 versetur,
2660 2946 2715 2996 et
2745 2944 2900 3012 quod
2937 2960 3049 2997 non
3082 2949 3171 2998 est
3195 2943 3497 3015 inopinato
3551 2946 3735 3016 possit
3782 2963 3995 3017 reprae-

2342 3030 2585 3087 sentari.
2636 3032 2791 3087 Ante
2840 3034 3036 3087 omnia
3084 3049 3215 3089 vero
3266 3050 3467 3089 curare
3502 3040 3728 3107 oportet
3753 3039 3999 3105 eterna,

2343 3138 2459 3176 non
2474 3125 2669 3176 autem
2686 3121 2743 3176 in
2759 3123 3113 3178 transitoriis
3138 3123 3593 3179 sollicitudinem
3619 3142 3992 3181 consumere.

2344 3210 2532 3264 Redeo
2552 3210 2676 3280 jam
2712 3209 2783 3264 ad
2837 3210 2953 3265 duo
3002 3210 3103 3264 illa
3150 3227 3217 3265 ex
3262 3212 3450 3267 tribus
3501 3230 3626 3283 quae
3676 3214 3996 3269 memoravi

2347 3298 2573 3353 homini
2615 3298 2972 3355 absolvendo
3023 3300 3374 3368 necessaria,
3431 3318 3569 3373 opes
3619 3302 3891 3357 videlicet
3945 3309 4006 3358 et

2348 3405 2577 3444 morum
2628 3389 3023 3461 disciplinam.
3075 3391 3141 3445 Et
3187 3390 3327 3446 talia
3376 3398 3536 3462 sunt,
3591 3397 3654 3447 ut
3696 3399 3897 3448 utrum
3932 3409 4003 3448 ex

2345 3479 2491 3553 ipsis
2533 3480 2704 3548 desit,
2774 3480 3020 3535 existere
3074 3482 3201 3536 vitae
3270 3481 3459 3538 felicis
3528 3483 3821 3539 absolutio
3879 3501 3998 3539 non

2346 3570 2567 3640 possit;
2601 3570 2684 3624 sic
2710 3568 2864 3624 enim
2919 3585 2982 3624 se
3026 3569 3243 3624 habent
3299 3571 3570 3642 invicem,
3620 3578 3686 3628 ut
3736 3572 3891 3644 ignis
3940 3578 4001 3627 et

2344 3661 2525 3732 ligna,
2560 3677 2674 3715 non
2706 3658 2935 3714 valente
2962 3660 3173 3714 durare
3228 3666 3284 3715 et
3334 3661 3525 3717 lucere
3576 3668 3812 3717 ﬂamma
3864 3662 3997 3718 sine

2345 3751 2610 3806 materia.
2646 3750 2776 3805 Haec
2806 3750 2906 3820 qui
2940 3750 3355 3823 observaverit,
3389 3758 3445 3807 et
3478 3755 3543 3808 ad
3578 3753 3729 3807 hanc
3768 3752 3993 3807 doctri-

2344 3857 2479 3895 nam
2511 3841 2690 3895 vitam
2733 3840 3007 3911 exegerit,
3060 3841 3311 3895 multum
3363 3843 3643 3912 percipiet
3689 3840 3998 3896 utilitatis.

2344 3930 2477 3984 Ideo
2506 3934 2698 3985 autem
2732 3927 2847 3982 dixi
2880 3946 2993 3983 non
3035 3945 3163 3985 esse
3212 3930 3646 4001 desperandum
3694 3931 3753 3985 in
3806 3947 3996 4001 angu-

2339 4019 2469 4073 stiis
2515 4018 2747 4088 inepiae,
2781 4017 2921 4087 quia
2952 4017 3186 4072 divitias
3216 4018 3385 4073 multi
3419 4019 3844 4075 nanciscuntur
3872 4019 3990 4072 im-

2340 4108 2590 4179 proviso.
2620 4105 2894 4176 Exemplo
2928 4106 3005 4159 sit
3035 4122 3208 4160 casus
3236 4107 3336 4177 qui
3371 4114 3640 4163 narratur
3671 4109 3986 4178 cujusdam

2336 4196 2612 4269 pauperis
2633 4212 2698 4251 eo
2719 4195 2995 4266 egestatis
3022 4195 3263 4262 redacti,
3297 4201 3361 4251 ut
3393 4213 3464 4251 ne
3496 4204 3708 4252 vestem
3740 4197 3984 4266 quidem

2333 4284 2575 4339 haberet
2597 4301 2713 4355 qua
2749 4284 3075 4338 nuditatem
3120 4290 3357 4355 tegeret.
3389 4286 3496 4340 lvit
3524 4286 3622 4342 ille
3652 4287 3722 4340 ad
3758 4286 3986 4340 amicos

2332 4381 2388 4429 et
2411 4374 2745 4428 subsidium
2771 4372 3040 4442 quaesivit
3064 4377 3335 4427 extremae
3363 4374 3440 4429 ibi
3465 4392 3585 4430 suae
3617 4373 3981 4433 necessitati;

2330 4464 2429 4519 sed
2467 4464 2685 4517 frustra
2716 4461 2773 4514 id
2809 4462 2961 4527 fecit,
2987 4478 3157 4516 nemo
3188 4461 3269 4517 illi
3302 4469 3405 4518 aut
3434 4464 3609 4519 voluit
3636 4470 3736 4519 aut
3788 4465 3983 4535 potuit

2329 4567 2689 4606 succurrere.
2744 4550 3075 4604 Revertitur
3130 4566 3263 4621 ergo
3322 4554 3535 4620 nudus,
3598 4558 3664 4608 ut
3714 4559 3981 4617 venerat,

566 4661 741 4698 suum
778 4660 1048 4697 acervum
1081 4643 1328 4698 sindone
1361 4648 1722 4713 coopertum,
1755 4659 1930 4712 quam
1982 4642 2215 4713 collega;
2254 4627 2294 4688 Β
2326 4642 2589 4709 domum,
2640 4644 2696 4693 et
2745 4654 2896 4709 aegro
2940 4640 3137 4692 animo
3183 4639 3238 4693 in
3288 4657 3396 4695 suo
3425 4641 3638 4696 lectulo
3669 4641 3976 4697 decubuit.

564 4733 655 4787 sui
692 4732 915 4787 sciebat
944 4748 1093 4801 esse,
1120 4737 1227 4799 En,
1250 4730 1462 4802 inquit,
1491 4748 1667 4803 quam
1702 4732 1918 4785 bonum
1955 4736 2009 4786 et
2041 4732 2211 4786 bene-

561 4821 738 4875 ﬁcum
774 4820 997 4876 socium
1032 4819 1246 4875 habeo!
1273 4822 1529 4876 contexit
1560 4837 1718 4875 meas
1749 4820 1944 4891 fruges
1978 4821 2211 4891 prOprio

558 4908 762 4973 linteo,
825 4927 895 4964 ne
956 4910 1095 4980 quid
1152 4910 1487 4965 detrimenti
1541 4909 1893 4980 acciperent,
1942 4911 2209 4981 preprias

554 5002 852 5072 expositas
916 5000 1174 5056 fortuitis
1224 5002 1461 5057 casibus
1511 5000 1795 5072 reliquit.-
1826 5001 2000 5071 Atqui
2050 5002 2204 5056 haud

555 5090 830 5159 equidem
867 5092 1258 5158 committam,
1302 5095 1366 5145 ut
1399 5105 1490 5145 me
1518 5089 1615 5145 ille
1647 5088 2007 5161 benignitate
2040 5108 2207 5161 supe-

552 5180 805 5247 raverit;
839 5179 1147 5235 consulam
1179 5185 1235 5235 et
1264 5196 1368 5253 ego
1401 5179 1771 5235 indemnitati
1806 5196 1999 5234 rerum
2052 5180 2201 5249 ejus,

551 5267 703 5323 ultro
736 5270 895 5325 adito
930 5269 1191 5340 periculo
1246 5285 1533 5324 mearum.
1585 5273 1717 5323 Haec
1768 5269 1968 5324 dicens
2018 5284 2048 5323 e
2097 5286 2203 5324 suo

548 5373 775 5413 sesamo
808 5360 1168 5414 abstractam
1202 5375 1434 5414 sesamo
1467 5356 1558 5413 sui
1586 5358 1724 5413 socii
1754 5358 2035 5428 imposuit
2079 5358 2202 5413 sin-

545 5447 783 5515 donem,
816 5454 993 5519 atque
1027 5449 1108 5503 ita
1141 5450 1402 5504 receseit.
1440 5448 1682 5518 Irrepsit
1713 5448 1926 5501 deinde
1960 5448 2051 5501 fur
2100 5465 2202 5519 per

542 5542 772 5591 noctem
806 5538 864 5595 in
898 5538 1177 5593 horreum
1212 5555 1330 5592 una
1360 5554 1497 5592 cum
1526 5552 1614 5604 eo,
1649 5553 1824 5607 quem
1868 5537 1978 5591 sibi
2029 5554 2197 5608 para-

536 5630 718 5691 verat,
749 5628 1054 5698 adjutore;
1091 5644 1156 5681 ac
1182 5643 1360 5681 manu
1396 5626 1644 5698 palpans
1698 5625 1754 5679 in
1787 5626 2047 5681 tenebris
2097 5626 2195 5680 ubi

534 5718 919 5773 contrectavit
950 5718 1286 5788 sindonem,
1314 5716 1530 5771 indicio
1568 5718 1696 5785 ejus
1746 5715 1897 5787 signi
1952 5716 2196 5772 credens

2326 4730 2587 4784 Habebat
2617 4733 2810 4782 antem
2848 4728 2958 4782 sub
2994 4727 3203 4783 lectulo
3237 4728 3577 4798 dolium,cui
3610 4731 3975 4785 frumentum

2321 4821 2531 4883 inerat,
2566 4818 2776 4889 quoad
2814 4816 3029 4871 victum
3073 4818 3367 4872 utebatur.
3419 4822 3598 4875 Nocte
3649 4836 3817 4891 porro
3870 4819 3978 4875 illa

2320 4909 2626 4980 ingressus
2650 4906 2816 4960 furin
2850 4907 2979 4975 ejus
3010 4906 3277 4973 domum,
3303 4924 3436 4963 cum
3469 4908 3615 4965 nihil
3649 4910 3977 4965 invenisset

2319 5000 2474 5070 quod
2502 5001 2730 5065 raperet
2778 4994 2955 5064 aliud,
3008 4999 3066 5050 et
3106 5012 3326 5053 vacuus
3376 5000 3566 5054 redire
3614 4999 3814 5065 nollet,
3868 5000 3979 5054 do-

2319 5090 2464 5144 lium
2498 5086 2745 5143 extraxit
2775 5086 2928 5156 quod
2962 5089 3084 5140 erat
3117 5086 3228 5141 sub
3259 5087 3408 5144 lecto
3432 5090 3778 5145 dormientis
3823 5106 3975 5161 pau-

2318 5180 2495 5251 peris,
2544 5194 2608 5232 ac
2663 5192 2898 5231 saccum
2952 5190 3064 5229 non
3124 5174 3367 5246 habens,
3423 5184 3637 5233 Vestem
3686 5178 3867 5243 exuit,
3910 5178 3974 5232 in

2312 5283 2561 5338 eamque
2593 5264 2871 5319 frumenti
2906 5267 3193 5334 quantum
3227 5281 3434 5336 capere
3485 5268 3674 5338 potuit
3731 5265 3968 5333 evolvit;

2310 5361 2451 5411 tunc
2484 5354 2643 5410 dedit
2675 5369 2737 5409 se
2768 5353 2825 5408 in
2879 5353 3075 5425 fugam
3126 5352 3490 5410 frumentum
3542 5358 3837 5411 auferens.
3890 5359 3969 5411 At

2310 5462 2532 5519 pauper
2581 5442 2865 5515 evigilans
2893 5442 2952 5497 in
2989 5450 3269 5513 tempore,
3302 5444 3495 5499 exsilit
3525 5445 3727 5501 electo
3759 5446 3967 5501 nudus

2308 5533 2797 5607 persequiturque
2846 5532 3069 5597 furem;
3122 5530 3401 5604 brevique
3449 5540 3758 5590 assecutus
3805 5534 3969 5590 male

2307 5624 2655 5679 mulctatum
2679 5621 2907 5692 abjecta
2924 5623 3084 5675 veste
3105 5636 3241 5675 cum
3266 5622 3560 5679 frumento
3584 5624 3785 5696 fugere
3808 5640 3972 5679 com-

2304 5713 2472 5787 pulit.
2511 5712 2594 5767 Ita
2622 5726 2846 5784 pauper
2875 5713 3099 5765 vestem
3134 5714 3345 5766 nactus
3373 5717 3463 5767 est
3492 5728 3609 5785 qua
3638 5712 3860 5784 egebat,
3909 5718 3971 5769 et
