4226 6460
189 400 322 453 1233

1202 400 1560 452 SPECIMEN
1598 399 1998 452 SAPIENTIIE
2040 397 2366 451 INDORUM
2408 401 2575 452 VET.

3442 399 3586 453 1234

185 525 541 578 frumentum
593 523 651 576 in
703 522 857 577 dolio
905 525 1168 593 reposuit.
1218 525 1274 580 in
1325 541 1438 594 quo
1471 533 1590 579 eral
1625 521 1818 594 prius;
1854 523 1904 584 Α
1937 519 2144 573 deinde
2177 526 2240 574 ut
2277 521 2382 574 sibi
2421 523 2720 593 perquirat
2759 525 3155 578 necessarium
3203 525 3569 594 alimentum,

191 613 514 681 didicitque
545 611 786 664 minime
831 611 1262 682 desperandum
1298 613 1355 666 in
1390 611 1702 682 angustiis,
1735 625 1830 662 ex-

189 705 396 772 pertus
427 716 553 769 quae
589 714 701 753 non
754 705 1056 769 acceperat
1085 700 1158 754 ab
1189 699 1417 765 amicis,
1469 717 1530 755 se
1559 717 1592 753 a
1625 698 1750 752 fure
1779 700 1836 750 et

189 789 359 844 hoste
405 793 741 843 assecutum
786 803 798 842 :
841 789 1010 856 cujus
1042 787 1213 843 etiam
1245 805 1312 842 ex
1339 804 1478 843 casu
1509 783 1834 857 [intellexit,

191 896 308 933 non
355 894 483 932 esse
535 877 992 948 aggrediendum
1025 878 1324 948 negotium
1359 878 1527 946 cuius
1567 877 1832 946 explora-

190 973 288 1022 tus
324 983 438 1020 non
469 967 546 1020 sit
575 965 785 1020 exitus.

190 1084 320 1139 CAP.
371 1082 496 1137 νιι.
563 1112 630 1122 -
689 1081 1006 1136 Ostenditur
1063 1097 1170 1136 non
1227 1096 1338 1135 esse
1383 1080 1756 1134 desistendum
1802 1095 1837 1132 a

262 1154 485 1280 iubare;
513 1163 564 1208 et
588 1152 902 1223 prudentie
933 1152 1104 1221 magis
1141 1151 1492 1206 innitendum
1522 1168 1687 1222 quam
1720 1154 1833 1221 for-

290 1242 433 1280 unas.

263 1326 393 1377 Haec
449 1325 644 1376 tamen
684 1337 797 1375 non
830 1336 895 1374 eo
927 1319 1220 1391 pertinent
1250 1324 1315 1373 ut
1344 1318 1559 1372 fiducia
1589 1333 1834 1372 casuum

193 1411 538 1479 hujusmodi
569 1408 942 1463 fortuitorum
968 1407 1265 1462 remittere
1291 1407 1642 1461 industriam
1668 1405 1836 1459 omit-

190 1505 438 1569 tereque
467 1502 742 1553 conatum
791 1497 1139 1563 debeamus;
1189 1496 1528 1550 haerendum
1561 1500 1649 1548 est
1678 1493 1834 1548 enim

190 1589 251 1642 in
283 1604 350 1643 eo
382 1587 536 1658 quod
585 1585 930 1657 plerumque
981 1585 1076 1649 fit;
1127 1583 1276 1639 solet
1323 1587 1515 1638 autern
1579 1581 1836 1636 invenire

193 1677 295 1747 qui
329 1675 558 1747 querit.
593 1673 916 1738 Quodcirca
960 1675 1067 1728 etsi
1117 1672 1431 1744 aliquando
1475 1672 1688 1725 videris
1732 1670 1835 1725 ali-

196 1781 373 1836 quem
393 1763 834 1818 invenisselicet
857 1779 970 1817 non
1000 1769 1303 1832 quaereret,
1328 1778 1399 1815 ne
1417 1760 1514 1815 tali
1535 1760 1693 1815 casui
1715 1763 1837 1813 tan-

1943 607 2193 677 denique
2227 614 2291 662 ut
2322 614 2474 664 recte
2503 626 2637 664 cum
2673 611 3015 667 hominibus
3045 619 3439 667 conversetur.
3472 615 3579 668 Di-

1942 701 2153 750 xerunt
2182 697 2357 751 etiam
2385 697 2597 766 eidem,
2632 698 2929 754 hominem
2963 700 3225 754 desidem
3266 705 3322 754 et
3369 702 3580 772 supine

1943 800 2237 850 securum,
2271 789 2486 841 temere
2525 789 2855 842 credentem
2903 789 3234 843 rationibus
3283 790 3434 844 male
3482 807 3575 844 co-

1944 873 2321 942 haerentibus,
2354 891 2604 945 quarum
2637 877 3055 932 connexionem
3091 894 3259 932 mens
3287 880 3416 947 ejus
3445 878 3576 949 ipsa

1945 979 2056 1016 non
2091 963 2300 1034 capiat,
2334 963 2587 1019 similem
2647 981 2774 1020 esse
2833 965 3055 1020 homini
3114 966 3411 1020 voluntate
3455 984 3581 1038 pro-

1946 1051 2072 1121 pria
2105 1051 2249 1106 duce
2282 1053 2339 1106 in
2374 1054 2552 1108 rebus
2582 1070 2709 1124 qua:
2742 1056 2860 1124 agit
2891 1056 3011 1109 vice
3045 1054 3377 1110 intellectus
3410 1061 3579 1109 uten—

1945 1139 2011 1209 ti,
2072 1141 2562 1212 persuadentique
2619 1142 2731 1196 sibi
2765 1159 2894 1213 quas
2955 1143 3066 1212 ipsi
3126 1143 3375 1214 placent,
3411 1145 3518 1198 etsi
3551 1161 3584 1198 a

1945 1244 2077 1283 vero
2109 1228 2297 1283 aliena
2344 1246 2411 1284 ea
2456 1229 2593 1284 sint.
2646 1230 2884 1284 Minime
2918 1236 3110 1285 autem
3145 1232 3306 1286 decet
3339 1233 3584 1302 pruden-

1947 1323 2064 1374 tem
2094 1318 2283 1373 virum
2313 1320 2559 1390 obsequi
2590 1337 2711 1375 suae
2745 1319 3056 1387 voluntati,
3092 1321 3408 1391 przesertim
3450 1337 3582 1374 cum

1947 1406 2264 1462 offensione
2295 1407 2575 1475 aliorum;
2610 1423 2799 1478 neque
2833 1409 3032 1463 leviter
3052 1411 3286 1464 credere
3307 1411 3584 1463 sermoni-

1948 1496 2058 1550 bus
2081 1495 2384 1550 hominum
2411 1502 2706 1568 utcunque
2729 1513 2961 1551 veraces
2991 1498 3101 1568 ipsi
3125 1497 3451 1562 vidcantur,
3474 1497 3586 1550 nisi

1947 1583 2094 1638 ratio
2143 1584 2202 1639 in
2242 1585 2416 1640 dictis
2472 1585 2715 1641 eluceat.
2776 1589 2962 1650 Quare
3018 1587 3066 1641 si
3127 1586 3226 1656 qui
3268 1585 3585 1656 loquuntur

1947 1672 2140 1743 ignavi
2165 1689 2229 1726 ac
2261 1673 2621 1744 negligentes
2666 1679 3003 1745 appareant,
3039 1674 3350 1742 diligenter
3380 1691 3584 1728 caven-

1949 1763 2109 1827 dum,
2131 1778 2202 1817 ne
2231 1761 2289 1816 in
2321 1763 2702 1817 aestimatione
2725 1763 3088 1832 negotiorum
3123 1764 3580 1829 occurrentium,

197 1870 378 1924 quam
411 1853 515 1907 tibi
540 1867 770 1923 quoque
791 1856 1068 1906 eventuro
1100 1851 1381 1919 confidas,
1412 1865 1552 1904 neve
1602 1848 1839 1904 recedas
1872 1871 1919 1935 Β
1951 1855 2125 1920 atque
2152 1849 2211 1904 in
2253 1866 2444 1904 rerum
2496 1851 2883 1921 gerendarum
2936 1851 3145 1905 notitia
3193 1850 3585 1917 informanda,

198 1961 230 1998 a
263 1942 565 1998 communi
601 1958 710 1996 usu
753 1939 1088 2012 regulaque,
1142 1940 1574 1994 demonstranle
1604 1939 1687 1992 sic
1731 1938 1844 1992 fere

197 2032 325 2087 fieri
357 2032 541 2086 solere
596 2034 659 2085 ut
717 2030 754 2083 ii
814 2029 1050 2084 demum
1094 2028 1392 2083 inveniant
1422 2028 1522 2098 qui
1553 2030 1840 2097 quierunt.

197 2121 479 2176 Naturam
541 2135 676 2190 ergo
738 2134 930 2173 rerum
982 2123 1038 2173 et
1091 2118 1454 2188 negotiorum
1491 2115 1842 2187 perscrutari

202 2212 454 2281 oportet,
485 2207 899 2279 explorareque
932 2205 1261 2276 diligenter,
1305 2205 1653 2275 comparatis
1678 2204 1840 2258 diffe-

200 2297 409 2353 rentiis
439 2301 786 2360 eventuum;
817 2311 885 2349 ex
926 2310 1110 2364 eaque
1142 2292 1578 2365 comparatione
1610 2291 1841 2346 ratioci-

198 2387 397 2441 nando
442 2385 652 2439 inferre
705 2400 820 2454 qua
862 2383 954 2436 via
987 2381 1242 2452 grassari
1273 2382 1344 2436 ad
1379 2382 1648 2452 quodque
1680 2397 1842 2435 asse-

204 2475 504 2546 quendum
535 2477 826 2544 oporteat;
862 2477 925 2526 ut
955 2481 1011 2527 et
1041 2488 1107 2526 ex
1142 2471 1309 2525 bonis
1345 2487 1472 2540 quae
1493 2469 1846 2540 contingunt

201 2563 506 2620 industriae
540 2563 856 2633 prudenter
875 2559 1160 2631 operanti,
1189 2558 1590 2627 intelligamus
1621 2558 1757 2628 quid
1791 2563 1847 2613 et

201 2670 321 2725 qua
349 2652 441 2706 via
474 2650 940 2722 persequendum
971 2649 1066 2718 sit,
1100 2653 1155 2703 et
1185 2665 1252 2703 ex
1286 2647 1457 2702 malis
1488 2648 1545 2701 in
1584 2664 1709 2718 qua:
1751 2648 1847 2702 de-

200 2741 488 2796 labuntur
514 2738 807 2794 temerarii
848 2753 1243 2808 aggressores,
1285 2752 1674 2808 agnoscamus
1705 2736 1846 2806 quid

203 2829 376 2884 vitari
411 2826 734 2896 conveniat,
769 2842 838 2881 ne
869 2826 928 2880 in
962 2825 1179 2880 similia
1208 2825 1425 2879 damna
1456 2825 1846 2879 incurramus.

205 2917 333 2973 Nisi
357 2916 514 2971 enim
551 2915 632 2970 ita
673 2914 986 2970 fecerimus
1029 2913 1251 2968 similes
1288 2913 1511 2968 erimus
1543 2912 1847 2977 columbae,

211 3023 363 3078 qua,
397 3004 532 3060 licet
550 3003 760 3060 viderit
781 3003 973 3074 pullos
999 3019 1137 3058 suos
1177 3002 1361 3058 occidi
1393 3019 1586 3058 coram
1619 3017 1701 3069 se,
1737 3017 1850 3056 non

210 3093 432 3149 deserit
472 3091 664 3147 locum
709 3090 809 3146 ubi
857 3090 1274 3156 nidiﬁcaverat,
1309 3091 1409 3145 sed
1433 3106 1640 3146 rursus
1669 3090 1726 3144 in
1759 3105 1854 3144 eo-

208 3183 344 3237 dem
377 3197 486 3236 ova
515 3180 698 3252 ponit,
725 3178 915 3250 iisque
948 3178 1207 3243 incubat,
1232 3178 1415 3233 donec
1446 3182 1502 3233 et
1532 3179 1659 3249 ipsa
1687 3181 1856 3248 capta

1954 1937 2307 1993 testimoniis
2356 1937 2561 1993 talium
2594 1938 2938 1993 innitamur.
2971 1940 3182 1994 Praeter
3211 1939 3324 1993 ista
3355 1939 3590 2008 sapiens

1953 2027 2243 2082 monitum
2276 2032 2365 2082 est
2397 2044 2409 2081 :
2454 2028 2603 2092 Quid
2637 2027 2898 2083 studiose
2924 2028 3142 2100 satagit
3171 2027 3228 2082 in
3263 2033 3474 2083 conatu
3510 2028 3591 2082 rei

1953 2134 2080 2188 quas
2115 2116 2236 2171 fieri
2269 2134 2384 2171 non
2418 2121 2629 2188 potest,
2662 2127 2717 2172 et
2748 2117 3080 2173 inconsulto
3128 2117 3247 2172 ruit
3278 2119 3500 2188 impetu
3534 2117 3591 2170 in

1953 2211 2168 2260 metam
2200 2222 2315 2260 non
2365 2206 2696 2277 contiguam
2751 2208 3020 2262 humana:
3068 2206 3352 2272 facultati,
3385 2206 3598 2261 similis

1953 2299 2042 2348 est
2070 2295 2328 2349 currenti
2364 2300 2526 2349 extra
2563 2294 2741 2364 viam,
2777 2299 2939 2350 tanto
2970 2294 3194 2366 largius
3226 2295 3594 2359 aberraturo,

1955 2387 2172 2453 quanto
2204 2382 2461 2438 velocius
2495 2384 2867 2439 contenderit
2896 2401 2908 2438 :
2943 2383 3273 2454 comparari
3307 2384 3480 2438 etiam
3507 2400 3598 2454 po-

1955 2477 2069 2527 test
2099 2472 2320 2527 homini
2351 2473 2445 2527 cui
2477 2489 2612 2527 cum
2645 2473 2792 2528 forte
2822 2473 3046 2528 festuca
3074 2473 3229 2528 intra
3260 2472 3494 2527 oculum
3516 2472 3598 2525 in-

1955 2561 2177 2627 ciderit,
2212 2562 2401 2632 pergit
2451 2578 2587 2617 eum
2648 2562 2972 2617 confricare
3004 2563 3193 2632 quoad
3254 2565 3590 2616 excmcetur.

1959 2650 2108 2705 Illud
2142 2666 2374 2720 quoque
2407 2649 2619 2706 habere
2652 2651 2767 2706 alte
2800 2651 3040 2706 inﬁxum
3099 2651 3276 2706 menti
3327 2651 3598 2704 convenit

1961 2741 2253 2795 hominem
2287 2741 2612 2804 cordatum,
2643 2739 2791 2796 volvi
2853 2742 3010 2795 certa
3039 2739 3166 2808 lege
3197 2739 3346 2795 vices
3378 2743 3600 2804 mutas,

1960 2833 2016 2884 et
2045 2827 2348 2883 verissime
2379 2845 2692 2899 passurum
2726 2830 2930 2884 eadem
2957 2843 3442 2898 unumquemque
3473 2844 3600 2897 quae

1962 2917 2206 2984 fecerit;
2279 2918 2478 2989 itaque
2536 2918 2834 2972 attendere
2892 2917 3006 2971 sibi
3061 2917 3175 2988 ipsi
3233 2915 3442 2971 debere
3502 2915 3604 2985 qui

1963 3007 2169 3062 laedere
2199 3005 2379 3061 alium
2414 3014 2600 3078 parat,
2632 3010 3006 3077 statuereque
3053 3006 3293 3061 omnino
3339 3005 3606 3060 futurum

1966 3099 2032 3150 ut
2061 3112 2164 3166 par
2192 3095 2302 3166 ipsi
2351 3095 2652 3150 referatur.
2709 3095 2869 3150 Unde
2918 3095 3294 3150 manifestum
3321 3099 3431 3160 est,
3473 3111 3608 3149 eum

1967 3183 2068 3254 qui
2099 3183 2354 3238 amicum
2376 3183 2721 3239 contristare
2753 3200 2866 3238 non
2903 3184 3135 3238 dubitat
3166 3183 3398 3253 ingrato
3432 3181 3608 3244 facto,

213 3231 344 3237 ----
382 3231 484 3236 ---
515 3231 698 3252 rw",
727 3231 1206 3250 77-1“.
1454 3231 1495 3233 -κ
1554 3231 1641 3249 εμ
1971 3231 2068 3254 -,--
2100 3231 2718 3239 --.------------------
2753 3231 2866 3238 η---
2906 3231 3134 3238 "rm-
3166 3231 3224 3237 --
3274 3231 3393 3236 --η
3432 3231 3608 3244 -π-η,

208 3273 523 3326 mactetur.
573 3268 748 3323 Decet
800 3267 982 3339 igitur
1028 3267 1329 3322 hominem
1364 3267 1687 3322 intuentem
1719 3284 1850 3322 sco-
1886 3231 1928 3300 C
1967 3272 2078 3328 sibi
2126 3286 2331 3328 nocere
2390 3271 2525 3342 ipsi,
2584 3277 2640 3326 et
2693 3273 2751 3326 in
2800 3276 2977 3343 caput
3032 3231 3335 3343 propriam
3387 3275 3609 3341 pestem

204 3375 351 3431 pum
380 3359 535 3412 viam
567 3357 638 3412 ad
672 3372 806 3412 eum
838 3359 1056 3412 rectam
1090 3355 1325 3427 eligere,
1376 3355 1606 3428 sibique
1651 3355 1849 3410 termi-

207 3465 320 3504 nos
350 3447 671 3518 przefigere,
703 3446 856 3500 ultra
905 3461 1055 3516 quos
1102 3460 1216 3499 non
1267 3448 1561 3515 evagetur,
1595 3460 1849 3515 curaque

202 3537 366 3609 vigili
403 3537 460 3591 in
495 3553 600 3591 usu
620 3551 685 3590 ac
706 3538 957 3590 tractatu
985 3534 1352 3605 negotiorum
1371 3534 1679 3601 excubare,
1705 3550 1848 3604 pra:-

203 3633 478 3697 tereaque
528 3625 675 3680 scire
706 3641 937 3679 omnem
973 3623 1271 3677 hominem
1305 3623 1404 3694 qui
1438 3622 1632 3677 labore
1675 3627 1851 3691 atque

201 3713 504 3770 industria
555 3714 913 3769 contendens
958 3711 1015 3766 in
1069 3712 1327 3766 futurum
1377 3711 1650 3777 consulit,
1693 3727 1849 3766 com-

207 3804 380 3858 mode
425 3803 746 3868 victurum;
808 3801 906 3872 qui
956 3817 1089 3856 vero
1147 3804 1494 3872 praesentem
1537 3805 1765 3856 tantum
1799 3806 1854 3854 et

203 3890 449 3946 labilem
483 3890 793 3946 utilitatem
840 3889 1140 3944 laboribus
1189 3888 1313 3944 suis
1343 3893 1555 3960 captat,
1587 3889 1644 3943 in
1679 3890 1853 3944 mise-

206 3981 358 4035 riam
390 3981 731 4051 lapsurum;
766 3995 938 4050 porro
973 3977 1073 4050 qui
1105 3978 1163 4032 in
1195 3984 1438 4049 utroque
1472 3979 1852 4048 contenderit,

207 4069 294 4124 sic
346 4072 690 4141 praesentem
726 4067 982 4122 fructum
1033 4070 1276 4137 captans
1308 4071 1372 4121 ut
1419 4067 1676 4122 futuram
1711 4083 1854 4138 quo-

208 4173 326 4229 que
361 4157 680 4212 utilitatem
715 4171 1026 4227 procurare
1060 4172 1174 4210 non
1207 4156 1459 4220 desinat,
1490 4172 1622 4211 eum
1648 4159 1704 4211 et
1723 4156 1853 4210 vitae

210 4245 541 4302 commodis
574 4262 688 4301 non
725 4245 1070 4313 cariturum,
1120 4247 1178 4300 et
1226 4244 1458 4300 laudem
1493 4245 1857 4317 gloriamque

213 4337 591 4407 adepturum.

207 4443 348 4499 CAP.
380 4442 530 4498 VIII.
564 4473 630 4482 -—
649 4440 909 4510 Quaedam
936 4442 1050 4496 alia
1067 4443 1280 4497 monita
1301 4443 1468 4497 utilia
1488 4447 1567 4497 :et
1580 4442 1858 4499 conclusio

746 4513 1119 4586 Prw/alienis
1139 4515 1324 4584 hujus.

1968 3376 2280 3417 accersere.
2307 3361 2646 3416 Extremum
2672 3360 2849 3430 hujus
2871 3359 3224 3431 praefationis
3257 3362 3608 3430 przeceptum

1966 3457 2086 3505 esto
2121 3466 2134 3503 :
2170 3448 2270 3521 qui
2302 3449 2522 3504 accedit
2573 3450 2645 3504 ad
2705 3449 2885 3520 hujus
2930 3450 3060 3503 libri
3106 3447 3440 3512 lectionem,
3492 3463 3607 3501 non

1965 3539 2185 3593 cursim
2218 3538 2671 3609 praetervehitor,
2720 3540 2820 3593 sed
2866 3537 3020 3593 lente
3071 3552 3136 3592 ac
3190 3536 3608 3591 meditabunde

1965 3628 2308 3700 perpendito
2331 3627 2589 3698 singula:
2617 3645 2753 3682 nam
2785 3627 3210 3684 considerando
3243 3631 3298 3681 et
3321 3626 3608 3696 profunde

1965 3717 2341 3789 penetrando,
2376 3716 2566 3772 latens
2624 3718 2734 3772 sub
2793 3716 3074 3786 symbolis
3131 3719 3390 3781 eruetur,
3440 3720 3498 3768 et
3547 3714 3607 3768 in

1967 3807 2221 3861 fructum
2247 3806 2528 3877 prodibit,
2559 3804 2801 3860 utilitas.
2831 3805 2960 3860 Haec
2992 3804 3306 3860 habuimus
3333 3803 3391 3856 in
3444 3807 3608 3857 ante-

1967 3911 2196 3950 cessum
2223 3895 2610 3966 suggerenda,
2645 3894 2860 3965 quibus
2893 3893 3050 3948 velut
3091 3892 3460 3947 initiaremus
3484 3892 3609 3960 jam

1969 4002 2001 4039 a
2029 3982 2319 4039 vestibulo
2348 3985 2719 4054 ingressuros
2754 3984 2811 4038 in
2845 3981 3237 4054 cognitionem
3267 3981 3439 4050 hujus
3470 3997 3609 4050 ope-

1969 4073 2070 4138 ris,
2103 4072 2259 4143 quod
2301 4089 2434 4128 cum
2482 4073 2806 4128 viderimus
2839 4071 2985 4127 tanti
3036 4071 3304 4125 habitum
3339 4086 3370 4123 a
3419 4068 3611 4123 Persis

1967 4162 2038 4217 ad
2099 4161 2246 4216 illud
2305 4178 2374 4216 ex
2432 4162 2628 4216 Indico
2686 4161 2964 4216 idiomate
2997 4159 3056 4214 in
3088 4175 3265 4214 suum
3315 4157 3610 4213 Persicum

1969 4252 2380 4322 transferrent,
2439 4268 2544 4306 nos
2602 4266 2835 4322 quoque
2905 4248 3326 4305 elaborandum
3385 4247 3612 4317 putavi-

1971 4358 2103 4396 mus
2161 4346 2225 4396 ut
2275 4345 2478 4396 nostra
2534 4357 2710 4411 opera
2765 4340 2941 4395 Grzeci
3001 4341 3292 4393 nostrates
3340 4335 3484 4390 illud
3518 4352 3610 4390 co-

1972 4433 2338 4500 gnoscerent,
2397 4429 2636 4499 hecque
2695 4427 2778 4482 illi
2833 4427 2990 4482 velut
3064 4426 3331 4497 quaedam
3403 4423 3614 4495 praelu-

1972 4519 2069 4573 dia
2125 4518 2519 4591 prateximus,
2553 4517 2770 4589 quibus
2800 4517 2872 4571 ad
2913 4516 3142 4572 facilius
3175 4513 3610 4586 percipiendam

277 4603 530 4658 Effatum
600 4607 657 4657 et
704 4601 813 4656 hoc
884 4603 1217 4673 sapientum
1274 4607 1383 4670 est,
1437 4603 1550 4658 tria
1608 4605 1856 4658 tenenda
1893 4602 1932 4665 D
1969 4625 2036 4662 ex
2068 4623 2133 4663 eo
2166 4608 2478 4663 utilitatem
2508 4612 2906 4679 praeparentur
2935 4606 3200 4662 lectores.

202 4692 431 4749 homini
464 4708 639 4747 esse:
684 4690 940 4761 primum
989 4695 1053 4746 ut
1102 4692 1277 4746 fidem
1323 4709 1490 4748 suam
1536 4694 1848 4763 custodiat,

1528 4947 2162 5009 PROLEGOMENON
2222 4951 2334 5008 III.

528 5044 828 5126 Prm/atio
853 5047 1100 5109 Perzois
1133 5049 1361 5125 medici,
1395 5050 1502 5132 qui
1530 5051 1689 5112 hunc
1720 5053 1939 5114 librum
1970 5075 2048 5115 ex
2079 5055 2292 5134 lingua
2325 5053 2533 5115 Indica
2565 5055 2626 5113 in
2660 5053 2962 5114 Persicam
2991 5049 3301 5111 convertit.

202 5169 341 5243 CAP.
376 5170 416 5222 ῐ.
453 5200 519 5209 -
552 5171 778 5225 Pesois
811 5189 1003 5242 genus,
1032 5181 1203 5238 ortus,
1233 5173 1500 5243 educatio,
1535 5177 1715 5230 studia
1746 5194 1757 5232 :
1793 5181 1851 5230 ut

278 5242 379 5295 ille
435 5243 1160 5319 medicinaeprofessionem
1215 5263 1326 5315 pra:
1381 5249 1592 5302 nzeteris
1623 5250 1857 5319 elegerit

276 5328 492 5384 quoque
520 5325 679 5384 pacto
710 5317 782 5369 sit
813 5319 871 5370 in
907 5318 1006 5370 illa
1031 5325 1296 5372 versatus.

285 5438 442 5492 Dixit
482 5439 720 5496 Perzoes
756 5441 1030 5512 princeps
1063 5442 1424 5498 medicorum
1447 5447 1601 5515 apud
1629 5450 1855 5516 Persas,

205 5527 311 5599 qui
344 5535 397 5581 el
425 5527 583 5583 hunc
609 5527 826 5584 librum
856 5547 924 5586 ex
949 5531 1148 5586 indico
1169 5532 1444 5588 idiomate
1464 5535 1522 5588 in
1542 5535 1854 5590 Persarum

205 5617 480 5687 linguam
514 5620 817 5674 transtulit
843 5637 854 5674 :
883 5621 1027 5675 dixit
1049 5626 1246 5676 autem
1273 5623 1342 5678 de
1369 5640 1430 5678 se
1448 5624 1574 5696 ipso
1594 5642 1721 5696 quae
1743 5626 1854 5680 sibi

205 5723 239 5761 a
273 5722 456 5778 puero
479 5708 853 5781 contigerint,
894 5710 1109 5782 quibus
1152 5711 1482 5784 disciplinis
1508 5715 1858 5773 informatus

1968 5179 2160 5246 fuerit,
2185 5180 2394 5251 quidve
2417 5179 2551 5234 boni
2570 5177 2836 5234 feceritin
2870 5176 3007 5241 vita,
3037 5189 3312 5230 exercens
3327 5169 3612 5225 medicam

1967 5275 2150 5323 artem
2185 5272 2316 5339 post
2345 5285 2520 5323 suum
2569 5285 2637 5322 ex
2675 5266 2834 5322 Indis
2866 5266 2937 5320 ad
2972 5271 3177 5320 Persas
3224 5261 3481 5316 reditum
3510 5279 3522 5324 ;
3558 5262 3612 5311 et

1967 5361 2033 5411 ut
2092 5363 2292 5412 oratus
2352 5357 2526 5412 fuerit
2579 5374 2612 5410 a
2671 5372 2804 5427 rege
2856 5354 3130 5409 Chosroe.
3187 5351 3344 5406 Dixit
3414 5353 3612 5402 autem

1970 5445 2097 5501 sic:
2134 5446 2264 5500 Fuit
2321 5450 2484 5517 pater
2543 5462 2708 5500 meus
2765 5461 2834 5498 ex
2893 5443 3223 5498 illustribus
3271 5438 3609 5501 militibus;

1973 5539 2158 5590 mater
2186 5552 2318 5590 vero
2354 5553 2483 5590 mea
2513 5553 2580 5590 ex
2613 5535 2848 5589 filiabus
2883 5547 3229 5603 magnorum
3262 5535 3318 5583 et
3344 5532 3616 5599 praestan-

1971 5625 2121 5678 tium
2145 5630 2511 5696 satraparum
2543 5643 2554 5680 :
2581 5630 2638 5678 et
2676 5623 2864 5696 gratia
2895 5622 2992 5676 Dei
3026 5621 3204 5676 nostri
3239 5619 3316 5673 fui
3361 5618 3431 5673 ab
3472 5615 3616 5686 ipsis

1974 5718 2208 5770 amatus
2255 5719 2312 5770 et
2363 5714 2683 5769 honoratus
2727 5729 2905 5784 supra
2935 5727 3139 5766 omnes
3171 5710 3380 5764 fratres
3432 5721 3612 5761 meos.
