4226 6460
661 404 798 457 1235

2170 401 2556 453 ΑΡΡΕΝΒΙΧ.

3931 395 4056 449 1236

658 527 932 583 Traditus
964 529 1159 581 autem
1194 524 1490 595 magistris
1520 539 1652 578 sum
1688 528 1751 577 ut
1780 521 2064 576 discerem
2120 527 2302 577 artem
2335 524 2388 589 Α
2420 522 2564 576 nihil
2595 522 2754 588 ;ha°.c
2809 523 2965 577 enim
3027 521 3162 575 vilia
3211 525 3267 576 et
3313 519 3484 576 nihili
3525 519 3689 575 stulti
3722 519 3936 591 (qualis
3967 535 4061 590 ego

663 616 1134 688 grammaticam,
1169 615 1338 683 cujus
1390 619 1586 683 partes
1622 629 1827 667 omnes
1861 612 2124 683 peccurri
2159 628 2318 667 com—

671 705 1074 778 prehendique
1151 707 1374 772 septem
1433 703 1645 768 annis;
1701 705 1756 756 et
1798 703 1921 770 jam
1973 701 2319 755 existimans

670 794 998 866 percepisse
1035 807 1124 844 me
1156 789 1299 844 satis
1340 789 1628 844 elementa
1669 787 1768 844 illa
1814 789 2022 858 prima,
2076 789 2197 842 dixi
2247 791 2318 842 ad

670 901 764 939 me
789 883 982 952 ipsum
1009 899 1020 935 :
1047 884 1329 948 Quatuor,
1352 884 1416 933 ut
1451 879 1636 946 video,
1665 894 1757 933 res
1781 884 1920 932 sunt
1942 895 2089 948 quas
2113 895 2320 933 omnes

668 972 938 1027 homines
973 974 1306 1040 sequuntur
1337 969 1641 1023 studentes
1700 968 1984 1037 adipisci;
2043 985 2142 1023 eas
2199 968 2319 1022 sin-

667 1062 917 1131 gillatim
979 1060 1350 1116 considerare
1405 1075 1497 1112 me
1564 1062 1792 1128 oportet
1850 1060 2320 1128 perpendereque

669 1168 734 1206 ac
767 1151 1097 1204 discernere
1156 1164 1651 1218 unamquamque,
1711 1148 1911 1217 sicque
1967 1149 2323 1202 constituere

669 1257 797 1310 quae
830 1239 906 1293 sit
937 1238 1180 1309 optima,
1207 1242 1271 1290 ut
1301 1237 1462 1290 illam
1499 1252 1832 1306 persequar.
1870 1240 2017 1290 Sunt
2046 1253 2182 1307 ergo
2211 1235 2323 1291 illa:

671 1336 922 1400 quatuor
953 1345 1100 1382 res:
1157 1327 1348 1398 prima
1407 1326 1730 1396 opulentia,
1788 1324 1970 1380 altera
2028 1325 2319 1397 voluptas,

671 1417 843 1473 tertia
901 1421 1181 1487 potestas,
1237 1421 1528 1485 postrema
1574 1429 1795 1468 merces
1846 1414 1964 1469 sive
2014 1415 2321 1485 praemium

681 1522 888 1576 operte.
924 1505 991 1558 Et
1025 1503 1260 1574 quidem
1293 1502 1444 1572 quod
1477 1503 1547 1556 ad
1579 1503 1900 1556 mercedem
1952 1503 2185 1568 attinet,
2220 1503 2323 1556 hu-

677 1597 778 1665 jus
811 1591 1018 1663 amplae
1053 1596 1108 1646 et
1141 1591 1388 1662 cepiosa:
1443 1607 1716 1661 magnam
1777 1607 1940 1662 spem
1991 1593 2323 1647 ostentabat

678 1683 965 1756 professio
1011 1681 1154 1737 artis
1197 1681 1463 1748 medicae;
1521 1697 1656 1735 nam
1691 1680 1851 1736 illam
1878 1683 2002 1751 jam
2035 1681 2321 1753 elegeram

677 1774 900 1831 caeteris
953 1773 1289 1844 praeferens,
1325 1789 1390 1826 eo
1437 1773 1591 1842 quod
1636 1770 1862 1826 laudari
1916 1772 2073 1827 illam
2107 1789 2139 1826 a
2186 1789 2325 1844 pru-

679 1865 956 1919 dentibus
988 1861 1266 1916 omnibus
1301 1859 1580 1924 viderem,
1613 1863 1668 1915 et
1698 1861 1852 1931 apud
1886 1867 2127 1916 cunctos
2167 1879 2324 1932 aeque

674 1953 872 2009 omnis
905 1956 1068 2007 secta:
1098 1966 1163 2005 ac
1197 1949 1495 2020 religionis
1528 1949 1796 2004 homines
1830 1950 1887 2003 in
1934 1950 2146 2005 honore
2171 1967 2318 2007 esse.

676 2042 1059 2115 Reperiebam
1112 2044 1307 2094 autem
1347 2039 1403 2092 in
1454 2038 1622 2093 libris
1674 2039 1976 2094 medicinae
2017 2040 2319 2095 scientiam

677 2128 1443 2198 tradentibus,laudabilem
1468 2130 1525 2182 in
1552 2129 1757 2200 primis
1781 2146 1906 2183 esse
1931 2131 2027 2199 qui
2053 2131 2319 2184 medendi

689 2222 1020 2276 facultatem
1046 2235 1385 2289 comparare
1408 2218 1516 2272 sibi
1543 2219 1797 2281 studeat,
1832 2223 2138 2289 propterea
2169 2221 2318 2290 quod

679 2331 806 2364 iam
828 2311 1056 2365 atfectet
1075 2313 1256 2362 artem
1281 2308 1373 2362 cui
1394 2307 1738 2378 quotidiana
1765 2308 2060 2378 proveniat
2077 2325 2316 2364 merces.

697 2403 770 2455 Eo
805 2416 1144 2472 persuasus,
1171 2407 1223 2452 et
1255 2397 1360 2451 hac
1394 2413 1496 2467 spe
1530 2397 1782 2463 illectus,
1807 2400 1978 2451 istam
2012 2399 2318 2468 professio-

669 2508 809 2545 nem
867 2489 1094 2544 cunctis
1154 2487 1284 2542 aliis
1341 2487 1589 2558 praetuli,
1655 2504 1766 2542 non
1831 2489 2031 2556 utique
2090 2494 2322 2558 propter

673 2580 1091 2651 temporariam
1154 2578 1500 2644 mercedem,
1544 2578 1642 2631 sed
1700 2581 1937 2648 propter
1995 2582 2318 2646 aeternam;

672 2687 744 2725 ne
776 2670 923 2724 forte
954 2667 1168 2722 similis
1193 2667 1304 2721 sim
1334 2667 1640 2722 mercatori
1661 2667 2074 2736 damnoso,qui
2099 2667 2321 2722 habens

671 2758 1057 2827 hyacinthum
1092 2756 1347 2828 ingentis
1381 2756 1576 2827 pretii,
1630 2772 1745 2824 quo
1778 2772 1892 2811 uno
1927 2761 2196 2826 potuerat
2235 2757 2322 2811 di-

667 2867 771 2905 ves
807 2849 951 2913 tieri,
985 2847 1340 2920 permutavit
1397 2846 1565 2900 illum
1625 2862 1806 2918 grano
1842 2845 1976 2900 mali
2010 2846 2206 2918 punici
2251 2848 2321 2902 ad

674 2939 822 2995 nihil
882 2937 1032 2992 utili.
1094 2936 1360 3007 Comperi
1415 2952 1622 2990 rursus
1681 2935 1961 3005 quaerenti
1993 2952 2096 3007 per
2147 2937 2320 2992 istam

679 3028 1103 3102 professionem
1137 3027 1468 3081 mercedem
1501 3030 1797 3090 aeternam,
1822 3041 1936 3080 non
1979 3026 2320 3081 defuturum

669 3121 995 3190 quidquam
1029 3131 1219 3188 neque
1253 3115 1310 3169 in
1345 3115 1452 3170 hoc
1499 3115 1710 3170 saeculo
1745 3132 1933 3187 neque
1978 3115 2034 3170 in
2084 3117 2320 3185 futuro;

675 3210 774 3264 sed
810 3211 1154 3262 eventurum
1188 3205 1302 3276 ipsi
1336 3205 1490 3259 idem
1536 3205 1691 3276 quod
1739 3204 2007 3276 agricolae
2048 3207 2321 3278 purganti

677 3297 988 3367 diligenter
1047 3311 1255 3366 agrum
1313 3309 1486 3348 suum
1546 3299 1602 3348 et
1660 3298 1896 3349 strenue
1952 3294 2186 3365 colenti,
2235 3296 2327 3350 cui

678 3403 812 3442 cum
871 3386 1075 3440 fenum
1165 3388 1221 3438 et
1297 3383 1556 3438 triticum
1630 3382 1766 3438 inde
1826 3385 2145 3455 proveniat,
2215 3402 2328 3440 non

678 3489 871 3534 tamen
923 3475 1019 3530 ille
1083 3483 1318 3548 propter
1371 3474 1568 3528 fenum
1618 3474 1924 3541 laboravit,
1968 3476 2067 3529 sed
2103 3484 2332 3547 propter

677 3568 961 3623 triticum.
996 3565 1150 3635 Cmpi
1183 3580 1316 3634 ergo
1370 3563 1568 3617 statim
1618 3580 1820 3618 curare
1868 3563 2131 3619 infirmos
2197 3582 2332 3636 pro-

687 3664 816 3730 pter
848 3656 1174 3711 mercedem
1212 3659 1510 3720 aeternam,
1567 3659 1624 3707 et
1671 3653 2006 3708 medicabar
2042 3656 2329 3724 quosdam

679 3747 921 3819 quidem
952 3743 1281 3814 chirurgiea
1327 3758 1500 3814 opera
1544 3743 1796 3814 propriis
1850 3743 2166 3813 manibus;
2199 3745 2329 3801 aliis

673 3837 852 3892 verbo
886 3834 1356 3906 praescribebam,
1391 3832 1635 3903 praeberi
1662 3833 1881 3901 jubens
1905 3833 2332 3890 medicamenta

682 3924 1107 3990 convenientia,
1141 3939 1245 3977 nec
1295 3922 1612 3993 querebam
1675 3923 1999 3977 mercedem
2061 3923 2237 3980 aliam
2298 3943 2330 3980 a

679 4031 980 4087 quoquam
1011 4013 1119 4067 nisi
1156 4012 1388 4067 laudem
1422 4029 1455 4066 a
1488 4011 1784 4066 similibus
1835 4013 1970 4078 mei,
2004 4017 2106 4068 aut
2151 4015 2328 4070 etiam

676 4104 1052 4169 clarioribus,
1085 4108 1141 4156 et
1163 4103 1354 4172 magis
1379 4100 1703 4170 honoratis,
1738 4102 2042 4172 magisque
2094 4104 2330 4175 opulen-

676 4195 769 4260 tis,
807 4192 952 4247 nihil
1003 4195 1349 4262 exspectans
1395 4195 1496 4245 aut
1527 4195 1771 4261 captans
1801 4191 1984 4259 aliud,
2019 4192 2131 4247 nisi
2166 4198 2226 4248 ut
2258 4195 2327 4248 ab

674 4282 824 4354 ipsis
854 4281 942 4336 vir
973 4283 1159 4336 bonus
1190 4284 1368 4336 verbo
1401 4285 1456 4335 et
1486 4295 1657 4350 opere
1688 4281 1953 4337 haberer.

677 4387 813 4438 CAP.
848 4381 916 4436 II.
950 4411 1021 4421 —
1049 4381 1274 4435 Perzois
1305 4379 1609 4434 admonitio
1639 4379 1709 4433 ad
1734 4380 1982 4435 animam
1999 4397 2157 4437 suam
2173 4392 2328 4438 tran-

759 4478 767 4484 -
1140 4454 1334 4506 silorz’a
1372 4454 1861 4522 concupisremem.

2430 611 2584 682 sum)
2619 619 3052 682 persequuntur
3081 617 3138 665 et
3168 615 3386 665 amant.
3413 615 3724 680 Quousque
3753 609 4064 677 nonfugies

2429 701 2882 755 momentanea?
2909 717 3023 755 non
3047 716 3272 771 quieres
3317 697 3716 770 sempiterna?
3751 714 3866 751 non
3898 713 4065 767 parvo

2429 790 2545 842 eris
2578 794 2850 844 contenta
2881 790 2938 843 in
2971 787 3298 844 necessario
3351 789 3626 842 alimento
3650 787 3676 840 ?
3725 803 3838 840 non
3884 785 4066 856 impe-

2432 878 2588 932 rabis
2618 878 2722 931 tibi
2754 877 2813 932 in
2846 883 3087 933 strenua
3117 877 3470 932 exhibitione
3493 877 3780 931 bonorum
3806 890 4069 946 operum,

2430 977 2833 1030 contendendo
2866 977 2920 1030 in
2964 977 3056 1030 his
3115 981 3401 1046 quantum
3464 973 3724 1045 poteris?
3783 976 4068 1026 Memento

2432 1081 2603 1135 porro
2633 1065 3078 1136 compositionis
3109 1064 3195 1119 tui
3229 1063 3510 1134 corporis,
3551 1068 3608 1117 et
3657 1061 3876 1132 quibus
3927 1059 4067 1114 illud

2431 1155 2666 1208 casibus
2687 1155 2764 1208 sit
2786 1155 3123 1208 obnoxium.
3167 1153 3488 1208 Recordare
3521 1151 3745 1206 luteum
3779 1149 3936 1204 istud
3971 1165 4070 1203 vas

2432 1243 2747 1297 conflatum
2799 1260 2927 1298 esse
2957 1260 3023 1298 ex
3051 1248 3304 1313 quatuor
3355 1241 3701 1296 humoribus
3746 1240 3897 1295 inter
3949 1255 4073 1294 sese

2432 1333 2854 1403 pugnantibus,
2889 1339 3140 1404 quordm
3172 1331 3317 1385 illud
3370 1331 3566 1402 ipsum
3617 1333 3911 1384 certamen
3956 1329 4076 1382 vita

2434 1421 2688 1477 humana
2745 1427 2880 1491 est;
2939 1437 3067 1492 qua;
3122 1421 3357 1490 quidem
3429 1420 3548 1473 vita
3623 1419 3733 1473 cito
3795 1417 4073 1488 praeterit,

2433 1511 2648 1582 quippe
2679 1510 2892 1566 similis
2941 1514 3150 1565 statua:
3195 1508 3524 1580 compactili
3556 1524 3624 1564 ex
3658 1507 3856 1562 multis
3897 1507 4076 1577 parti-

2431 1601 2542 1655 bus
2577 1600 2730 1655 inter
2755 1617 2882 1656 sese
2906 1599 3239 1655 commissis
3259 1615 3360 1670 per
3382 1597 3572 1653 clavos
3595 1597 3826 1665 infixos,
3860 1596 4077 1668 quibus

2433 1689 2650 1744 avulsis
2683 1689 2930 1744 solvitur
2970 1692 3198 1754 statua;
3265 1688 3345 1742 sic
3395 1703 3455 1741 se
3513 1687 3688 1741 habet
3747 1686 4075 1740 humanum

2433 1795 2645 1850 corpus
2672 1780 2949 1850 temperie
2968 1782 3441 1849 coagmentatum
3466 1777 3880 1847 quadam,quze
3903 1773 4081 1827 simul

2340 1893 2399 1958 .B
2433 1870 2690 1935 deﬂuxit,
2717 1869 2910 1940 ipsum
2945 1872 3205 1923 remanet
3236 1871 3555 1921 mortuum.
3589 1864 3715 1920 Noli
3748 1880 3938 1918 errare
3971 1878 4081 1917 nec

2431 1960 2653 2029 imponi
2708 1959 2813 2013 tibi
2869 1958 3049 2027 sinas,
3083 1973 3116 2011 ο
3148 1957 3353 2011 anima
3406 1973 3530 2010 mea
3590 1953 3759 2026 quasi
3794 1969 4078 2024 magnum

2430 2051 2557 2104 vita:
2617 2050 2860 2114 bonum,
2894 2052 2948 2102 et
2979 2064 3079 2119 pro
3111 2063 3228 2118 quo
3257 2047 3476 2100 certare
3533 2045 3601 2099 ad
3635 2048 3963 2098 extremum
3991 2042 4083 2096 di-

2432 2155 2613 2209 gnum
2646 2137 2742 2203 sit,
2779 2135 3101 2207 repositum
3133 2135 3314 2189 videri
3347 2132 3630 2188 debeatin
3651 2131 4084 2186 consuetudine

2432 2229 2735 2298 tutelaque
2778 2226 3045 2297 gravium
3107 2230 3163 2278 et
3223 2223 3552 2295 potentium
3613 2221 3974 2283 amicorum,
4021 2222 4083 2273 in

2427 2317 2690 2388 jucunde
2718 2315 3120 2382 contubernio,
3145 2318 3200 2369 et
3223 2312 3688 2368 confabulatione
3719 2309 4080 2382 elegantium

2434 2406 2904 2470 adolescentum;
2967 2420 3101 2458 nam
3164 2403 3369 2457 horum
3432 2401 3696 2454 omnium
3759 2398 4086 2467 frequentia

2435 2495 2731 2548 modicum
2767 2493 2986 2562 gaudii,
3024 2491 3277 2545 multum
3312 2489 3531 2543 doloris
3564 2492 3758 2554 creat;
3811 2488 3928 2540 imo
3962 2485 4085 2555 ple-

2435 2599 2681 2652 rumque
2713 2582 2772 2636 in
2807 2582 3005 2636 odium
3049 2587 3102 2634 et
3133 2579 3348 2634 bellum
3386 2577 3794 2642 desinit.0uod
3822 2577 3901 2630 ita
3933 2592 4087 2640 esse,

2435 2674 2531 2728 ubi
2567 2679 2620 2726 te
2653 2689 2856 2726 ansam
2910 2670 3154 2740 experiri
3208 2673 3448 2723 eventus
3494 2666 3780 2732 docuerit,
3826 2665 4087 2734 profecto

2432 2762 2546 2816 icta
2578 2762 2792 2815 damno
2827 2758 3173 2830 improsperi
3210 2774 3544 2824 successus,
3575 2754 3949 2809 succensebis
3987 2753 4087 2807 isti

2433 2850 2821 2922 experientiae;
2843 2849 3225 2917 similiterque
3248 2847 3424 2903 facies
3449 2851 3512 2901 ut
3537 2845 3634 2916 qui
3669 2845 3758 2899 usi
3792 2841 4085 2899 cochleari

2435 2941 2505 2996 ad
2541 2957 2778 3012 sapores
2810 2939 3144 3012 probandos
3167 2936 3539 3007 jusculorum
3571 2933 4085 2990 autsorbitionum

2434 3031 2786 3094 oblatarum,
2813 3029 2860 3084 si
2887 3028 3214 3099 quuspiam
3241 3043 3441 3082 eorum
3487 3022 3785 3081 amarities
3815 3022 4087 3094 linguam

2435 3120 2838 3188 momorderit,
2864 3115 3250 3173 eversabundi
3273 3120 3329 3172 et
3351 3116 3555 3171 oﬂ'ensi
3577 3123 3882 3184 corrugato
3914 3129 4092 3179 naso,

2359 3237 2401 3303 ρ
2440 3211 2612 3265 etiam
2664 3209 3127 3264 instrumentum
3156 3222 3270 3278 quo
3304 3208 3498 3278 liquor
3527 3220 3738 3260 exosus
3766 3197 3970 3258 illatus
4004 3203 4092 3256 ori

2443 3304 2549 3368 est,
2585 3299 2858 3354 iracunde
2879 3297 3243 3353 confractum
3273 3296 3330 3350 in
3362 3296 3556 3366 ignem
3606 3291 3910 3362 abjiciunt.
3947 3295 4096 3346 Cave

2434 3389 2658 3444 crucies
2692 3406 2757 3443 ac
2790 3389 3001 3460 perdas
3033 3392 3088 3441 te
3121 3387 3309 3458 ipsam
3345 3384 3597 3440 sollicita
3642 3385 3699 3438 et
3750 3380 4092 3453 periculosa

2433 3479 2765 3534 corrasione
2798 3477 3175 3548 pecuniarum
3209 3477 3265 3530 in
3299 3475 3546 3545 gratiam
3598 3477 3984 3543 cognatorum
4021 3488 4092 3526 ac

2434 3571 2675 3624 fratrum
2729 3572 2964 3623 tuorum
2999 3583 3144 3637 quos
3174 3566 3360 3620 ditare
3404 3561 3630 3618 damnis
3690 3569 3742 3616 et
3801 3563 4090 3615 aerumnis

2434 3659 2549 3713 tuis
2581 3659 2849 3725 studeas;
2873 3656 3027 3711 idem
3055 3672 3226 3725 passa
3249 3654 3403 3726 quod
3438 3653 3575 3707 thus
3598 3656 3697 3706 aut
3728 3650 4087 3720 thymiama,

2433 3765 2563 3820 quae
2594 3753 2655 3802 ut
2682 3747 2825 3801 alios
2854 3747 3028 3801 odore
3051 3746 3259 3815 juvent
3290 3744 3347 3798 in
3384 3744 3513 3814 igne
3545 3759 3671 3797 sese
3695 3745 4086 3807 consumunt,

2435 3848 2489 3901 in
2526 3848 2716 3901 fumos
2749 3844 3176 3900 evanescentia.
3203 3842 3414 3898 Anima
3446 3858 3596 3910 mea,
3639 3857 3708 3895 ne
3740 3844 3794 3893 te
3828 3839 4094 3910 decipiat

2435 3933 2618 3988 falsus
2677 3932 2953 4004 splendor
3013 3931 3350 3986 divitiarum
3429 3935 3486 3984 et
3539 3929 3734 4000 gloria
3798 3945 3810 3982 :
3871 3927 4090 3982 barum

2433 4023 2588 4078 enim
2620 4023 2940 4076 vanitatem
3002 4037 3170 4075 nemo
3222 4018 3497 4090 intelligit
3559 4017 3674 4072 nisi
3731 4032 3865 4072 eum
3910 4017 4094 4072 fuerit

2435 4115 2504 4167 ab
2539 4114 2609 4168 iis
2634 4116 2960 4183 separatus.
2994 4108 3226 4164 Similes
3254 4108 3471 4180 quippe
3525 4113 3664 4163 sunt
3695 4107 3949 4178 capillis,
3986 4108 4093 4177 qui

2435 4203 2698 4273 quandiu
2750 4201 2972 4255 haerent
3025 4199 3200 4270 capiti
3260 4215 3391 4253 cum
3451 4215 3514 4252 eo
3577 4197 3982 4262 honorantur;
4041 4197 4090 4252 si

2436 4291 2622 4346 avulsi
2658 4295 2757 4344 aut
2816 4291 3020 4345 resecti
3071 4288 3306 4354 fuerint,
3359 4292 3422 4341 ut
3470 4287 3670 4341 sordes
3719 4286 4094 4354 abjiciuntur

2438 4399 2502 4436 ac
2535 4380 2972 4436 conculcantur.
3007 4379 3255 4432 Attende
3287 4377 3486 4431 anima
3544 4393 3672 4430 mea
3729 4392 3863 4429 cum
3906 4377 4090 4430 sedu-

2440 4471 2600 4525 litate
2632 4469 2992 4523 medicandis
3026 4466 3275 4520 infirmis
3310 4481 3324 4520 :
3359 4482 3464 4520 nec
3505 4465 3682 4531 dicas,
3717 4466 4094 4519 functionem

749 4568 1218 4640 Concupiscebat
1249 4572 1445 4622 autem
1498 4569 1696 4622 anima
1741 4585 1871 4623 mea
1904 4585 1995 4623 res
2027 4569 2232 4624 labiles
2263 4588 2328 4625 ac
2359 4599 2404 4662 D
2440 4578 2562 4614 eam
2597 4576 2724 4614 €950
2770 4558 2968 4628 magni
3017 4555 3234 4611 laboris
3265 4557 3574 4626 ἓτθνίδίῖυθ
3607 4554 3921 4624 dispendii.
3961 4555 4095 4608 συί·-

676 4661 903 4724 fluxas;
939 4674 1042 4728 ego
1077 4662 1272 4711 autem
1306 4657 1367 4711 in
1417 4658 1776 4712 contrarium
1821 4659 2012 4712 nitens
2045 4660 2324 4713 admone-

674 4752 806 4803 bam
871 4747 1263 4818 ipsamzNon
1327 4746 1628 4816 intelligis,
1664 4747 1960 4816 inquiens,
2021 4765 2052 4802 o
2106 4749 2321 4815 anima,

672 4841 870 4892 futura
902 4854 968 4892 ea
1019 4853 1148 4890 esse
1194 4853 1320 4905 quae
1381 4851 1510 4890 vere
1565 4841 1833 4905 prosunt,
1881 4854 1990 4890 non
2040 4837 2147 4890 ista
2180 4855 2323 4908 prse-

677 4927 890 4981 sentia.
918 4927 1235 4994 Quousque
1268 4940 1381 4978 non
1416 4923 1570 4993 fugis
1601 4924 1857 4979 humiles
1893 4926 2066 4981 hasce
2099 4925 2326 4982 reculas

676 5032 803 5085 quae
837 5015 1121 5083 gaudium
1151 5030 1356 5068 verum
1391 5014 1513 5068 suis
1548 5014 1992 5083 possessoribus
2027 5032 2137 5069 non
2186 5017 2325 5070 affe-

677 5108 837 5169 runt,
901 5105 1001 5157 sed
1061 5103 1133 5158 iis
1196 5104 1391 5175 potine
1456 5114 1662 5173 graves
1724 5104 2017 5159 incutiunt
2076 5105 2323 5172 dolores,

680 5192 1100 5263 molestiasque
1151 5211 1216 5247 ac
1265 5193 1675 5247 tribulationes
1725 5199 1943 5256 creant,
1998 5211 2110 5248 non
2157 5196 2325 5250 evita-

678 5281 780 5336 bili
816 5283 1205 5337 subductione
1236 5283 1350 5350 sui,
1387 5283 1456 5336 ad
1489 5288 1814 5336 extremum
1861 5288 2056 5337 autem
2104 5284 2325 5355 suppli-

679 5370 785 5425 ciis
808 5387 906 5426 eos
940 5372 1261 5442 subjiciunt
1310 5370 1592 5425 aeternis?
1646 5371 1779 5438 Cur,
1841 5388 1871 5424 0
1933 5371 2128 5426 anima
2179 5390 2327 5442 mea,

682 5477 797 5514 non
823 5462 1144 5516 recordaris
1177 5460 1574 5516 aeternorum?
1605 5460 1730 5514 Non
1764 5466 1818 5513 te
1853 5462 2030 5530 pudet
2064 5478 2327 5516 commu-

684 5552 878 5605 nicare
910 5567 1042 5606 cum
1078 5550 1298 5616 stultis,
1335 5551 1394 5604 in
1429 5565 1626 5603 amore
1657 5551 1783 5603 vitae
1821 5550 1998 5620 hujus
2047 5553 2328 5623 corrupti-

683 5639 858 5694 bilis?
885 5641 1030 5696 Nam
1066 5641 1162 5712 qui
1195 5657 1263 5695 ex
1304 5639 1413 5693 hoc
1443 5656 1587 5693 vano
1621 5641 1840 5694 mundo
1883 5641 2104 5711 aliquid
2160 5641 2332 5697 habet

687 5731 840 5800 apud
893 5748 975 5801 se,
1008 5731 1372 5786 tantumdem
1429 5733 1515 5784 est
1575 5745 1638 5784 ac
1700 5730 1749 5784 si
1809 5729 2060 5786 habebat
2089 5732 2328 5789 omnino

2441 4666 2550 4721 que
2625 4665 2737 4701 non
2800 4646 3147 4716 respondeat
3203 4663 3235 4698 a
3293 4642 3647 4713 gratitudine
3718 4648 4096 4697 servatorum

2439 4756 2656 4792 merces
2719 4737 2945 4803 idonea,
2981 4752 3044 4788 eo
3079 4734 3228 4803 quod
3287 4733 3550 4804 plerique
3610 4731 3916 4786 hominum
3972 4734 4098 4786 vim

2439 4835 2501 4884 ut
2535 4844 2703 4882 usum
2765 4827 2906 4879 artis
2954 4824 3190 4879 medicas
3243 4839 3357 4877 non
3405 4821 3754 4893 intelligant,
3806 4824 4101 4892 casuique

2437 4923 2538 4973 aut
2569 4923 2790 4972 natura
2838 4915 3132 4984 imputent
3175 4913 3303 4982 ejus
3353 4911 3608 4966 effectus.
3663 4911 3747 4964 Tu
3788 4925 3924 4964 vero
3956 4910 4101 4964 imi-

2437 5015 2559 5064 tata
2617 5008 2828 5062 heroas
2889 5005 2985 5075 qui
3041 5003 3294 5075 pretium
3347 5001 3559 5057 servati
3617 5000 3875 5055 nominis
3926 5001 4099 5054 aliud

2440 5117 2552 5153 non
2587 5101 2796 5152 curant
2845 5111 3022 5164 quam
3075 5092 3320 5163 gloriam
3374 5108 3500 5162 quae
3559 5090 3655 5145 isti
3706 5090 3854 5144 facto
3909 5092 4100 5158 inest,

2441 5198 2522 5252 sic
2558 5197 2732 5250 debes
2800 5198 3077 5257 statuere,
3142 5190 3374 5245 abunde
3429 5193 3484 5243 te
3544 5192 3982 5243 remuneratam
4033 5205 4104 5243 eo

2444 5289 2568 5358 ipso
2627 5284 2781 5356 quod
2844 5281 3174 5338 calamitate
3225 5281 3470 5335 miseros
3544 5278 3844 5344 levaveris,
3930 5279 4103 5346 quod

2441 5394 2624 5446 aegros
2687 5374 2894 5430 mortis
2956 5372 3222 5427 faucibus
3282 5375 3516 5440 ereptos
3575 5367 3972 5423 incolumitati
4037 5385 4107 5422 ac

2443 5465 2702 5522 felicitati
2763 5462 3108 5518 reddideris.
3145 5461 3288 5514 Nam
3323 5460 3532 5514 horum
3584 5475 3728 5531 quos
3779 5457 3897 5510 dixi
3933 5457 4112 5511 forti-

2441 5556 2666 5610 tudinis
2699 5553 2944 5608 heroicze
2969 5551 3122 5605 fama
3149 5549 3465 5604 celebrium
3499 5548 3753 5602 virorum
3785 5562 3852 5600 ea
3893 5544 4108 5615 opinio

2442 5648 2530 5700 est
2589 5663 2600 5699 :
2658 5645 2801 5697 bene
2870 5639 3179 5713 quantavis
3255 5638 3619 5693 contentione
3679 5652 3742 5690 ac
3799 5651 4105 5699 aerumna,

2441 5752 2643 5790 cruore
2677 5733 2816 5804 quin
2852 5733 3026 5786 etiam
3060 5729 3216 5799 large
3276 5745 3377 5799 per
3416 5726 3654 5782 vulnera
3709 5723 3920 5792 effuso,
3979 5725 4104 5779 emi
