4226 6460
211 389 352 444 1237

1218 395 1574 447 ΒΡΕΟΙΜΒΝ
1616 395 2019 449 SAPIENTUE
2059 397 2391 451 INDORUM
2433 400 2592 451 VET.

3470 397 3608 451 1238

203 516 348 572 civis
369 516 456 572 vel
481 517 657 573 unius
675 517 853 574 vitam
873 519 944 574 ab
975 521 1230 574 extremo
1263 518 1603 573 discrimine
1630 519 1842 590 recepti
1877 520 1928 586 Α
1958 519 2141 583 Quam
2175 537 2439 578 exercere
2471 523 2814 595 diligentius
2846 539 3186 595 aggressum
3236 523 3605 576 conturbavit

208 605 584 677 restitutique
641 608 841 677 patriae
905 621 917 661 :

205 800 321 838 non
346 801 530 840 unum
555 790 656 840 aut
679 785 949 851 alterum,
973 787 1072 842 sed
1101 785 1556 841 innumerabiles
1578 785 1846 841 homines

201 873 378 928 exitio
410 875 809 946 grassantium
841 874 1176 930 morborum
1210 875 1554 946 quotidiano
1584 875 1845 930 ministe-

201 962 290 1017 rio
349 965 705 1029 subtractos,
756 965 889 1018 vitae
945 981 1010 1020 ac
1065 963 1418 1036 reipublicae,
1479 964 1640 1018 uxori
1698 963 1842 1019 libe-

199 1053 403 1123 risque
463 1059 845 1124 repraesentes
904 1053 1248 1110 incolumes.
1293 1053 1398 1108 Cui
1444 1053 1650 1108 merito
1711 1070 1840 1108 cum

195 1144 398 1197 deesse
449 1159 563 1197 non
614 1143 801 1213 possit
852 1146 1016 1198 fama:
1049 1160 1114 1198 ac
1146 1138 1336 1198 laudis
1366 1147 1588 1198 aeternae
1624 1133 1840 1214 praeco-

193 1231 383 1299 nium,
419 1228 670 1287 nimium
701 1250 874 1287 avara
904 1234 1008 1299 sis,
1043 1233 1090 1287 si
1146 1232 1470 1287 mercedem
1504 1233 1632 1300 ejus
1664 1231 1836 1286 aliam

189 1322 571 1390 quaerendam
649 1327 837 1393 putes.
905 1323 1115 1376 Anima
1182 1338 1330 1388 mea,
1403 1337 1474 1376 ne
1538 1321 1837 1375 adhaareas

189 1410 514 1481 fugacibus,
578 1428 647 1466 ne
707 1411 947 1466 insistas
1007 1410 1377 1478 nutantibus,
1437 1427 1505 1464 ne
1567 1412 1836 1480 praeferas

188 1515 368 1569 parva
411 1500 661 1571 magnis,
698 1517 768 1555 ne
801 1501 1029 1555 modico
1079 1500 1334 1555 aestimes
1384 1499 1832 1571 pretiosissima,

183 1588 401 1643 similis
455 1589 761 1644 mercatori
795 1589 894 1660 qui
929 1588 1163 1660 plenam
1212 1586 1436 1644 habens
1489 1588 1831 1659 apothecam

181 1678 353 1732 serici
385 1677 754 1747 Damasceni,
789 1682 1196 1750 suggerentem
1249 1677 1362 1732 sibi
1408 1677 1689 1732 desidium
1723 1695 1829 1732 au-

182 1765 327 1822 divit
361 1784 374 1823 :
412 1768 535 1822 lleu
568 1773 827 1839 quantus
857 1767 1024 1822 labor
1048 1769 1158 1823 erit
1188 1772 1410 1822 tantam
1444 1768 1617 1822 istam
1649 1768 1829 1839 panni

978 604 1196 674 quanto
1252 603 1446 677 majus
1503 607 1614 661 erit
1674 608 1852 664 decus

203 695 586 770 professionis
611 701 669 751 et
694 696 1013 751 functionis
1046 697 1224 767 hujus
1256 702 1363 751 tua:
1397 696 1698 768 proprium
1732 713 1850 767 qua

1961 625 2273 665 occurrens
2331 611 2636 681 inquisitio
2663 628 2807 666 verae
2854 612 3170 682 religionis,
3205 611 3274 664 dc
3307 627 3423 680 qua
3455 611 3599 665 nihil

1957 698 2015 753 in
2088 697 2442 754 medicorum
2496 700 2662 755 libris
2721 700 2998 772 legeram.
3059 700 3338 753 Videbam
3400 706 3596 754 autem

1956 804 2082 844 esse
2114 789 2283 843 istam
2327 806 2526 844 curam
2582 790 2808 844 cunctis
2859 791 3310 861 przevertendam
3347 805 3359 841 :
3398 789 3598 859 utique

1954 871 2086 932 cum
2134 878 2204 933 ad
2253 876 2593 933 felicitatem
2623 877 2681 932 in
2714 878 2824 933 alia
2855 880 3109 949 quadam
3159 877 3228 931 ab
3281 878 3387 932 hac
3437 878 3595 931 labili

1952 969 2380 1038 assequendam
2407 968 2547 1032 vita,
2583 969 2798 1022 frustra
2824 971 3158 1033 contendat,
3193 967 3303 1022 nisi
3338 968 3428 1021 cui
3462 984 3596 1023 vera

1951 1073 2068 1111 una
2090 1057 2291 1127 religio
2316 1055 2452 1110 talis
2476 1072 2604 1111 sese
2625 1059 2728 1110 viae
2761 1058 2966 1111 ducem
3004 1056 3332 1127 praebuerit.
3370 1057 3591 1111 lntento

1949 1163 2120 1217 porro
2155 1146 2213 1200 in
2241 1145 2390 1200 hanc
2442 1145 2849 1217 cogitationem
2898 1145 3039 1201 mihi
3086 1145 3280 1199 multae
3331 1161 3391 1199 se
3442 1147 3589 1216 obji-

1946 1236 2178 1290 ciebant
2207 1252 2332 1305 quae
2362 1233 2688 1290 humanum
2715 1251 2899 1306 genus
2931 1236 2986 1289 in
3023 1241 3216 1306 partes
3248 1235 3588 1289 innumeras

1947 1324 2280 1379 distrahunt
2314 1331 2484 1380 sectas
2513 1324 2856 1396 Opinionum
2890 1325 2958 1378 de
2985 1324 3258 1379 Numinis
3304 1324 3463 1378 cultu
3498 1325 3584 1378 di-

1943 1431 2288 1483 versarum;
2341 1430 2488 1484 quas
2538 1416 2776 1468 adortus
2818 1413 3184 1469 considerare
3218 1412 3584 1482 singillatim,

1944 1502 2027 1557 sic
2059 1503 2456 1574 reperiebam:
2482 1503 2628 1557 trahi
2655 1520 2718 1558 ac
2742 1504 2923 1558 teneri
2944 1503 3249 1574 plerosque
3281 1502 3584 1556 hominum

1941 1591 1999 1646 in
2058 1591 2335 1663 religione
2393 1609 2567 1662 quam
2629 1597 2945 1658 sectantur,
2980 1592 3190 1662 partim
3246 1593 3588 1646 auctoritate

1941 1680 2298 1736 tradentium
2376 1686 2705 1752 parentum,
2766 1687 2822 1735 et
2891 1681 3095 1736 inolita
3165 1681 3587 1736 consuetudine

1942 1771 2114 1841 longo
2145 1769 2511 1824 educationis
2545 1787 2686 1836 usu;
2725 1769 2934 1840 partim
2972 1768 3226 1822 utilitate
3247 1785 3312 1822 ac
3335 1774 3585 1839 quaestu,

182 1856 400 1912 molem
434 1856 768 1912 minutatim
804 1875 904 1929 per
931 1856 1112 1913 libras
1140 1857 1423 1928 ulnasque
1456 1856 1779 1912 distrahere
1811 1856 1825 1912 ι
1861 1877 1907 1942 Β
1939 1858 2414 1941 provenientibus
2456 1875 2522 1912 ex
2573 1858 2684 1912 ritu
2736 1857 3079 1929 praevalente
3138 1856 3363 1912 illectos
3423 1874 3584 1912 com-

179 1960 435 2017 moxque
467 1947 614 2001 citra
646 1947 872 2018 pondus
905 1963 972 2002 ac
1003 1962 1340 2001 mensuram
1373 1945 1642 2001 licitatori
1675 1962 1830 2001 mas-

178 2050 312 2089 sam
345 2039 528 2090 totam
560 2033 845 2092 vilissimo
893 2035 1117 2090 addixit
1161 2035 1380 2106 pretio;
1431 2035 1647 2090 stultus
1695 2034 1830 2092 inde

167 2123 500 2193 judicatus.
518 2124 647 2179 Haec
665 2123 1130 2180 mihidisserenti
1154 2125 1306 2196 apud
1333 2124 1588 2179 animam
1616 2140 1826 2211 meam,

174 2229 291 2268 non
328 2212 551 2268 habens
583 2213 683 2269 illa
714 2215 869 2285 quod
903 2214 1302 2269 verisimiliter
1323 2220 1663 2286 opponeret,
1698 2232 1823 2271 ces-

171 2302 250 2355 sit
277 2302 534 2371 tandem,
563 2319 959 2374 persuasaque
990 2303 1230 2358 transiit
1253 2304 1310 2357 in
1334 2305 1683 2359 sententiam
1710 2323 1828 2361 mo-

170 2391 392 2457 nentis,
425 2391 720 2447 absistens
754 2410 786 2446 a
815 2392 1238 2463 cupiditatibus
1266 2397 1322 2448 et
1354 2393 1519 2449 vanis
1555 2394 1773 2465 spebus
1809 2411 1821 2449 :

173 2480 441 2552 ccepique
471 2481 828 2552 tranquillus
859 2481 1065 2537 exinde
1096 2498 1264 2554 agere
1297 2499 1488 2538 meum
1524 2484 1820 2556 negotium

161 2570 416 2639 juvandi
448 2570 815 2643 languentes,
846 2571 970 2628 solo
1002 2573 1218 2627 intuitu
1249 2572 1443 2644 gloria
1474 2578 1721 2630 aeternae.

166 2703 302 2758 CAP.
357 2704 452 2758 Ill.
507 2735 574 2744 —
622 2707 860 2778 _£tema
919 2708 1186 2776 querenti
1251 2707 1420 2762 etiam
1483 2711 1821 2778 temporaria

238 2781 551 2830 occurrunt.
613 2776 835 2834 Medicae
879 2781 1022 2832 artis
1071 2779 1309 2846 defectus
1382 2776 1746 2849 deprehensus
1787 2799 1821 2835 α

237 2853 468 2914 Persae,
502 2849 744 2916 eiusdem
772 2854 935 2904 cestus
967 2852 1025 2904 in
1056 2850 1265 2906 delectu
1295 2852 1604 2920 religionis.

243 2962 532 3018 Caeterum
593 2965 678 3020 sic
738 2982 937 3037 agens,
969 2972 1025 3021 et.
1072 2971 1290 3022 aeterna
1349 2985 1613 3040 quaerens
1671 2969 1816 3038 sola,

171 3069 288 3106 non
322 3056 519 3108 tamen
553 3055 924 3126 temporariis
955 3055 1152 3125 carui;
1185 3057 1324 3127 quin
1355 3056 1562 3111 horum
1587 3074 1818 3129 quoque

170 3141 430 3212 benigna
474 3143 618 3197 mihi
665 3160 793 3200 sese
841 3151 1048 3216 sponte
1096 3147 1265 3217 copia
1306 3146 1570 3216 ingessit.
1604 3148 1816 3219 Opum,

167 3230 436 3301 inquam,
469 3232 943 3299 existimationis,
974 3235 1278 3306 dignitatis
1310 3252 1339 3290 e
1370 3237 1558 3306 gratia
1607 3253 1809 3308 regum
1843 3245 1886 3312 α

160 3322 395 3375 tantum
441 3327 648 3377 nactus
698 3339 854 3387 sum,
883 3327 1168 3394 quantum
1207 3342 1277 3379 ne
1317 3331 1516 3396 optare
1574 3327 1811 3397 quidem

161 3426 452 3480 unquam,
475 3410 662 3466 multo
696 3413 892 3467 minus
919 3429 1173 3483 sperare,
1194 3413 1251 3467 in
1278 3419 1529 3470 mentem
1554 3424 1810 3474 venerat:

159 3502 439 3572 ultroque
472 3502 676 3569 fateor,
710 3518 836 3572 qua:
881 3502 1009 3572 ejus
1053 3503 1283 3573 generis
1315 3504 1507 3575 ampla
1542 3506 1810 3577 magnifi-

158 3608 374 3658 caque,
405 3591 490 3645 vel
527 3595 660 3645 ante
690 3606 878 3646 meam
911 3592 970 3646 in
1005 3592 1227 3647 Indiam
1259 3595 1810 3665 peregrinationem,

153 3681 242 3736 vel
278 3689 410 3752 post
441 3680 696 3735 reditum
730 3681 867 3735 inde
900 3698 1033 3736 sum
1066 3682 1335 3754 adeptus,
1374 3700 1487 3738 non
1542 3690 1809 3740 votorum

155 3771 351 3825 solum
408 3786 697 3836 meorum,
732 3771 831 3826 sed
862 3770 1036 3826 etiam
1071 3761 1411 3828 meritorum
1444 3775 1684 3829 modum
1716 3792 1809 3830 ex-

152 3861 382 3915 cedere.
415 3859 561 3915 Cum
593 3864 786 3915 autem
819 3863 1009 3915 totum
1041 3861 1388 3931 adjecissem
1440 3864 1705 3920 animum
1739 3865 1808 3919 ad

153 3948 772 4020 comprehendendam
814 3951 1392 4022 pernoscendamque
1424 3953 1656 4022 penitus
1690 3968 1811 4008 me-

155 4040 353 4094 dicam
382 4045 594 4106 artem,
628 4038 776 4094 illud
825 4055 918 4094 me
966 4041 1024 4096 in
1069 4056 1137 4096 ea
1180 4040 1529 4110 offendebat,
1564 4044 1717 4113 quod
1749 4043 1808 4098 in

153 4129 435 4184 universa
462 4129 590 4198 ejus
622 4128 676 4182 vi
704 4127 930 4183 nullum
966 4130 1324 4200 reperiebam
1361 4133 1594 4187 modum
1629 4133 1808 4203 plenas

159 4234 228 4272 ac
281 4217 548 4289 perfectas
579 4218 854 4273 sanitatis
882 4219 1105 4273 homini
1139 4220 1480 4276 tribuendas.
1516 4221 1656 4277 Cum
1694 4227 1811 4277 tota

157 4309 288 4377 ejus
316 4309 371 4361 in
398 4323 463 4362 eo
488 4307 725 4363 demum
745 4307 991 4364 facultas
1023 4315 1416 4380 expromatur,
1443 4315 1506 4365 ut
1537 4311 1809 4382 ingruen-

154 4404 270 4451 tem
320 4396 574 4468 depellat
625 4399 942 4465 morhum;
988 4398 1247 4469 polliceri
1309 4405 1504 4456 autem
1551 4418 1616 4456 ac
1662 4420 1808 4473 prae-

157 4491 317 4541 stare
351 4503 466 4542 non
500 4491 696 4557 queat,
722 4491 786 4541 ut
807 4489 1044 4559 propria
1073 4498 1469 4562 perpetuaque
1501 4497 1701 4546 curato
1733 4493 1809 4564 sit

157 4579 393 4647 recepta
423 4575 710 4642 valetudo,
740 4593 809 4632 ne
853 4593 981 4632 eam
1036 4595 1294 4648 unquam
1350 4581 1675 4651 languoris,
1708 4587 1808 4636 aut

156 4665 462 4722 redeuntis
517 4672 831 4738 postquam
887 4668 1130 4736 abierat,
1186 4676 1287 4724 aut
1337 4671 1406 4724 de
1466 4687 1610 4726 novo
1666 4671 1804 4727 sub-

156 4755 405 4812 orientis
446 4755 718 4812 incursus
748 4756 1075 4813 labefactet.
1111 4758 1175 4813 In
1209 4776 1322 4831 quo
1353 4759 1497 4814 mihi
1529 4760 1805 4820 diffidens

155 4847 376 4900 frustra
406 4845 722 4916 exploravi,
748 4847 916 4918 ecqui
951 4847 1048 4902 alii
1083 4850 1441 4920 professores
1485 4851 1612 4920 ejus
1664 4852 1803 4908 artis

153 4951 247 4990 me
277 4935 566 4990 feliciores
598 4941 796 4992 essent
821 4954 833 4991 :
858 4938 960 4992 sed
997 4937 1292 4993 neminem
1326 4956 1577 5010 usquam
1611 4941 1804 4998 inveni

151 5026 255 5096 qui
289 5024 428 5097 plus
460 5041 637 5096 quam
666 5026 805 5094 dixi,
835 5031 1048 5098 posset.
1085 5028 1145 5082 Id
1190 5030 1368 5099 quod,
1397 5046 1468 5084 ne
1521 5031 1803 5086 dissimu-

150 5114 267 5169 lem
317 5131 522 5170 verum
582 5116 762 5170 animi
816 5133 1082 5182 sensum,
1133 5117 1386 5173 multum
1446 5120 1805 5192 refrigeravit

149 5206 462 5259 incensum
494 5221 690 5260 meum
716 5207 980 5261 studium
1015 5207 1072 5260 in
1106 5207 1282 5262 istam
1310 5207 1637 5278 scientiam,
1659 5212 1802 5267 adeo

149 5293 608 5349 insufﬁcientem
687 5295 1134 5366 deprehensam.
1213 5297 1553 5370 Intelligens
1630 5317 1800 5370 porro

151 5384 307 5452 inde,
361 5401 556 5439 veram
617 5383 875 5440 hominis
923 5384 1174 5441 salutem
1229 5403 1295 5441 ac
1348 5387 1682 5444 felicitatem
1739 5391 1798 5445 in

149 5482 502 5531 internarum
564 5475 758 5546 potius
802 5481 859 5530 et
909 5492 1142 5548 semper
1200 5480 1583 5547 manentium,
1624 5498 1798 5552 quam

148 5567 362 5621 harum
422 5566 778 5621 caducarum
838 5583 964 5637 quae
1023 5567 1191 5622 nobis
1248 5570 1398 5623 inter
1457 5587 1664 5625 manus
1715 5574 1798 5626 ef-

149 5661 366 5720 fluunt,
391 5658 701 5729 adeptione
733 5674 927 5712 rerum
961 5658 1135 5713 sitam
1169 5677 1316 5730 esse,
1353 5665 1516 5716 tanto
1568 5662 1798 5732 impen-

152 5749 276 5804 sius
304 5746 548 5802 incubui
581 5753 638 5806 in
673 5747 1093 5806 abdicationem
1131 5749 1424 5806 fluxorum
1488 5752 1795 5810 bonorum.

1937 1948 2167 2015 modis;
2221 1948 2433 2019 partim
2477 1963 2623 2002 vano
2677 1947 2986 2018 splendore
3047 1952 3286 2001 terrenae
3346 1946 3579 2000 clarita-

1933 2036 2029 2106 tis,
2089 2042 2361 2107 metuque
2419 2037 2784 2091 incurrendaa
2845 2036 3121 2104 infamiae,
3183 2035 3231 2090 si
3291 2037 3573 2106 praejudi-

1933 2131 2091 2182 catas
2138 2143 2378 2182 assensu
2411 2125 2566 2196 vulgi
2601 2126 2839 2195 rejicere
2869 2129 2971 2180 aut
3000 2125 3058 2179 in
3092 2125 3338 2179 dubium
3371 2141 3578 2180 vocare

1931 2217 2252 2270 sententias
2285 2215 2557 2270 audeant.
2589 2216 2727 2269 Inde
2759 2231 2964 2269 omnes
3014 2231 3115 2283 pro
3167 2231 3226 2268 se
3281 2231 3575 2284 quemque

1929 2305 2136 2374 obniti,
2218 2319 2691 2375 magnopereque
2774 2303 3045 2358 insistere
3123 2303 3181 2356 in
3262 2305 3581 2357 astruenda

1930 2411 2106 2467 quam
2159 2395 2285 2466 ipse
2313 2410 2509 2448 veram
2560 2393 2753 2458 habet,
2791 2393 3180 2464 improbanda
3240 2409 3416 2463 quam
3475 2393 3572 2447 alii

1927 2486 2260 2557 praeferunt,
2322 2482 2621 2553 religionis
2682 2488 2857 2549 secta,
2904 2485 2962 2537 in
3013 2499 3196 2554 eoque
3253 2483 3572 2538 certamine

1926 2575 2147 2646 passim
2210 2574 2545 2638 ardescunt,
2581 2573 2870 2628 mendacii
2911 2577 3087 2643 atque
3135 2573 3474 2643 imposturae
3513 2591 3575 2628 se

1926 2664 2172 2718 invicem
2229 2666 2593 2728 accusantes,
2638 2662 3020 2731 inﬁnitasque
3078 2662 3311 2716 acribus
3361 2663 3576 2733 jurgiis

1925 2753 2241 2808 miscentes
2302 2751 2656 2822 quaestiones
2714 2751 2785 2805 de
2835 2753 3102 2804 Creatore
3157 2767 3222 2804 ac
3281 2758 3570 2815 creatura,

1925 2843 1996 2897 de
2027 2841 2312 2912 principio
2375 2855 2568 2894 rerum
2618 2856 2681 2894 ac
2733 2841 2846 2893 fine
2897 2838 3128 2904 ultimo,
3161 2837 3570 2910 similibusque

1924 2930 2290 3001 argumentis
2344 2930 2688 3000 dogmatum
2737 2927 3235 2994 gravissimorum.
3270 2927 3400 2983 Haec
3431 2946 3567 3000 ergo

1923 3020 2126 3075 videns
2159 3019 2360 3074 studui
2397 3017 2697 3073 consulere
2730 3017 2999 3088 privatim
3035 3017 3346 3087 magistros
3378 3025 3567 3073 secta-

1923 3125 2078 3178 rum,
2109 3125 2174 3163 ac
2206 3107 2553 3179 placitorum
2601 3106 2976 3162 firmamenta
3013 3123 3383 3178 cognoscere,
3435 3125 3566 3179 pro-

1925 3199 2194 3272 ponendo
2255 3197 2397 3268 ipsis
2456 3195 2877 3265 dubitationes,
2939 3212 3005 3251 ac
3074 3213 3206 3250 cum
3268 3200 3568 3268 responsis

1924 3303 2150 3356 eorum,
2176 3285 2530 3358 przejudiciis
2562 3285 2854 3355 sepositis,
2881 3286 3273 3356 comparando
3301 3306 3313 3352 ;
3346 3302 3411 3341 eo
3446 3288 3570 3342 ani-

1925 3395 2020 3434 mo
2055 3381 2117 3432 ut
2146 3375 2484 3446 ubicunque
2511 3375 2814 3429 veritatem
2866 3374 3409 3444 deprehendissem,
3441 3393 3570 3432 eam

1923 3473 1980 3524 et
2009 3465 2386 3537 amplecterer
2443 3468 2499 3519 et
2548 3463 2775 3519 sincera
2808 3464 3213 3536 intrepidaque
3244 3467 3572 3523 constantia

1922 3563 2204 3622 tenerem,
2239 3555 2450 3624 rejects
2507 3553 2901 3625 qualicunque
2947 3554 3220 3610 falsitate.
3269 3557 3362 3611 Sic
3412 3558 3567 3612 enim

1923 3647 2068 3702 mihi
2127 3644 2457 3700 faciendum
2520 3643 2677 3711 duxi,
2740 3660 2831 3710 ne,
2894 3647 2958 3697 ut.
3010 3643 3200 3710 multi,
3270 3646 3566 3701 crederem

1923 3736 2075 3808 quod
2127 3733 2466 3807 ignorabam
2503 3751 2515 3789 :
2549 3733 2649 3788 sed
2701 3731 2895 3802 potius
2952 3731 3175 3787 lumine
3234 3734 3449 3789 notitiae
3499 3753 3562 3790 ac

1920 3825 2166 3881 rationis
2225 3826 2518 3895 praeeunte
2583 3822 2644 3877 in
2711 3821 2804 3876 via
2868 3822 3018 3877 tanti
3079 3824 3359 3879 momenti
3417 3826 3562 3882 duce

1919 3919 2133 3971 uterer.
2161 3914 2302 3968 Ecce
2334 3915 2530 3968 autem
2553 3910 2611 3966 in
2638 3915 2744 3966 hoc
2777 3910 2920 3966 mihi
2955 3929 3016 3967 se
3048 3911 3246 3968 sedulo
3280 3917 3560 3983 versanti,

1918 4002 2326 4075 interroganti,
2360 4001 2625 4072 inquam,
2659 3999 3036 4072 audientique
3079 4002 3372 4059 antistites
3401 4003 3564 4076 ipsos

1918 4112 1984 4150 ac
2041 4093 2232 4164 capita
2297 4092 2614 4147 factionum
2670 4091 2824 4146 circa
2882 4091 3079 4146 divina
3125 4093 3566 4166 dissidentium,

1918 4201 2031 4239 non
2066 4182 2221 4237 aliud
2252 4181 2601 4252 investigare
2633 4180 2847 4236 certius
2891 4180 3078 4251 licuit,
3112 4199 3289 4254 quam
3340 4185 3565 4240 inﬂexi-

1919 4274 2094 4330 bilem
2128 4271 2510 4345 pertinaciam
2539 4273 2770 4344 propria
2790 4289 3160 4344 quorumque
3190 4274 3564 4332 lauiantium

1916 4381 2048 4419 cum
2098 4364 2418 4418 alienorum
2476 4361 2902 4433 superbissimo
2952 4368 3288 4436 contemptu
3323 4370 3379 4420 et
3417 4366 3560 4422 irre-

1914 4453 2158 4510 vocabili
2219 4453 2351 4508 odio
2417 4453 2811 4521 conjunctam.
2872 4452 3126 4508 Otl'endit
3180 4470 3247 4508 ea
3297 4472 3387 4510 me
3445 4473 3558 4522 res,

1918 4559 2274 4613 causamque
2297 4542 2544 4613 prabuit
2566 4541 2867 4597 universos
2899 4559 2967 4597 ex
2999 4559 3163 4613 aequo
3189 4545 3557 4615 reprobandi.

1842 4620 1880 4681 Ῐ)
1923 4633 2144 4690 Insedit
2173 4648 2310 4703 ergo
2341 4631 2519 4686 menti
2555 4647 2715 4699 meae,
2751 4647 2955 4687 omnes
2987 4637 3271 4703 quotquot
3300 4634 3557 4690 adissem

1915 4725 2326 4791 audissemque
2401 4721 2632 4776 libidini
2704 4723 2946 4794 propriae
2997 4723 3263 4794 obsequi,
3337 4741 3368 4778 a
3426 4741 3558 4780 vero

1915 4815 2205 4878 aberrare,
2240 4827 2444 4882 sapere
2474 4814 2644 4883 prout
2676 4810 2898 4879 volunt,
2933 4827 3036 4867 nec
3069 4812 3329 4885 regulam
3393 4815 3559 4869 adhi-

1914 4905 2048 4960 bere
2081 4903 2361 4957 rationem
2414 4900 2752 4968 voluntatis,
2797 4903 2894 4956 sed
2930 4901 3292 4958 intellectum
3326 4905 3558 4959 atl‘ectui

1917 4994 2296 5065 subjungere,
2333 4991 2478 5047 falso
2506 4991 2794 5063 judicare,
2829 4993 3186 5048 mendaciter
3214 4993 3397 5065 loqui.

1913 5113 2042 5168 CAP.
2076 5113 2166 5167 IV.
2201 5143 2268 5151 -—
2313 5110 2634 5166 Periculum
2702 5115 2900 5166 temere
2960 5111 3228 5167 credendi
3286 5112 3345 5166 in
3405 5114 3564 5168 rebus

2198 5183 2487 5252 religionis
2518 5183 2786 5253 parabola
2819 5182 3194 5238 declaratum.

1984 5301 2178 5371 Itaque
2208 5299 2291 5354 sic
2323 5299 2475 5370 apud
2506 5315 2701 5353 meum
2735 5299 2998 5352 animum
3032 5299 3374 5354 firmissime
3424 5316 3560 5354 con-

1911 5391 2096 5458 stitui,
2121 5391 2465 5461 quaerendos
2498 5389 2640 5443 mihi
2675 5388 2821 5443 alios
2849 5390 3035 5459 magis
3058 5406 3251 5459 aequos
3284 5391 3558 5445 idoneos-

1912 5497 2026 5552 que
2055 5481 2397 5550 dogmatum
2431 5484 2696 5534 auctores
2727 5498 2740 5544 ;
2795 5495 2858 5532 ac
2910 5479 3096 5548 quoad
3137 5479 3278 5534 tales
3310 5481 3557 5552 reperis-

1910 5585 2056 5634 sem,
2083 5569 2229 5623 nulli
2265 5569 2472 5623 horum
2505 5585 2653 5639 quos
2695 5567 2949 5622 videram
2991 5569 3384 5639 acquiescere,
3419 5571 3549 5624 nul-

1908 5659 2029 5714 lum
2062 5659 2249 5731 sequi,
2271 5675 2340 5713 ne
2372 5658 2515 5713 mihi
2549 5659 2912 5730 contingeret
2943 5659 3095 5730 quod
3129 5660 3361 5715 cuidam
3391 5661 3554 5718 aiunt

1908 5751 2064 5822 gravi
2099 5767 2205 5805 sua
2236 5749 2492 5820 pernicie
2524 5751 2784 5820 decepto.
2819 5749 2943 5804 Non
2994 5748 3164 5820 longa
3213 5757 3303 5804 est
3351 5752 3550 5808 fabula
