4248 6442
651 385 788 439 1239

2143 389 2530 443 APPENDXX.

3923 401 4057 454 1240

650 527 829 579 quam
862 510 975 575 hic,
1011 516 1076 565 ut
1108 513 1277 584 vulgo
1331 515 1538 580 fertur,
1571 515 1770 572 recito.
1803 521 1914 570 Fur
1953 517 2128 569 noctu
2181 528 2294 565 non
2329 515 2382 579 Α
2413 513 2855 569 constitueram.
2910 515 2992 569 lbi
3050 517 3509 585 pronuntiabam
3551 521 4060 578 incantamentum

650 599 1030 655 incomitatus
1081 602 1318 673 irrepsit
1360 604 1419 658 in
1457 605 1699 659 domum
1751 605 1891 659 civis
1939 601 2222 673 opulenti.
2250 601 2304 653 ls

654 687 801 742 lecto
861 689 1219 744 decumbens
1275 691 1694 762 dormiensque
1742 697 1864 746 tum
1901 693 2067 754 forte,
2099 705 2302 759 exper-

657 780 851 828 rectus
874 775 946 828 ad
979 776 1313 846 strepitum,
1341 779 1510 832 facile
1543 778 1831 833 intellexit
1861 780 2017 832 fures
2048 778 2255 831 adesse
2289 791 2302 828 :

657 862 975 934 cubitoque
1034 881 1274 920 uxorem
1334 866 1644 936 impellens
1677 873 1733 921 et
1765 868 1954 938 ipsam
2013 865 2302 930 excitavit,

657 953 1168 1023 insusurravitque
1197 955 1455 1009 excitatae
1501 956 1560 1010 in
1612 957 1936 1010 auriculam
1967 972 1978 1008 :
2010 955 2304 1016 Quantum

655 1041 943 1111 intelligo,
977 1042 1154 1096 chara
1184 1043 1416 1111 conjux,
1450 1044 1833 1098 circumventi
1869 1043 2174 1098 latrocinio
2205 1059 2304 1095 su-

656 1146 812 1195 mus,
841 1146 947 1183 nec
979 1130 1177 1198 procul
1213 1150 1242 1184 a
1271 1131 1624 1198 calamitate,
1661 1133 1772 1187 nisi
1807 1131 2029 1186 malum
2064 1147 2305 1202 praever-

654 1221 838 1273 timus
862 1218 1098 1273 astutia.
1132 1220 1216 1274 Tu
1249 1237 1386 1275 vero
1417 1221 1503 1275 fac
1536 1223 1690 1292 quod
1716 1222 1917 1290 jubeo.
1953 1219 2210 1275 lnclama
2241 1237 2308 1274 ea

654 1309 813 1362 vocis
841 1307 1214 1363 contentione
1267 1326 1442 1378 quam
1486 1310 1736 1364 videaris
1787 1315 1991 1380 putare
2039 1324 2306 1362 necessa-

659 1398 806 1450 riam
840 1398 908 1449 ad
945 1397 1358 1452 excutiendum
1412 1399 1557 1452 mibi
1609 1415 1880 1468 soporem
1929 1397 2218 1466 altiorem,
2253 1403 2308 1450 et

660 1486 752 1539 dic
787 1491 986 1555 :Rogo
1018 1493 1097 1554 te,
1131 1487 1210 1540 mi
1243 1487 1350 1552 vir,
1386 1490 1536 1541 unde
1589 1494 1688 1542 aut
1737 1487 2030 1550 quomodo
2091 1488 2308 1557 parasti

661 1574 891 1628 divitias
922 1573 1098 1628 hasce
1143 1580 1260 1630 tam
1295 1575 1511 1628 multas
1543 1575 1760 1645 quibus
1792 1574 2260 1628 circumﬂuimus
2284 1575 2311 1627 ‘?

661 1665 739 1717 Ac
773 1661 918 1716 mihi
950 1663 1119 1731 quasi
1154 1665 1414 1718 nondum
1450 1664 2066 1733 sentienti,ingemina
2097 1665 2311 1717 iterum

665 1753 889 1818 eadem,
924 1769 990 1805 ac
1024 1753 1213 1816 tertio,
1246 1769 1382 1807 voce
1413 1769 1648 1822 semper
1677 1752 2010 1806 contentius
2058 1753 2311 1806 sublata.

2415 616 2632 667 meum,
2664 601 2722 656 in
2773 603 2964 673 ipsam
2999 604 3315 659 fenestram
3349 606 3732 664 insusurrans
3765 614 4061 682 magicum

2414 688 2523 744 hoc
2545 690 2890 745 vocabulum
2921 708 2933 744 :
2959 691 3160 759 Semel,
3184 695 3350 748 semel
3367 711 3387 754 ;
3419 698 3748 766 repetebam
3782 705 4066 770 praeterea

2414 778 2748 847 quinquies.
2784 779 2991 833 Statim
3025 797 3058 832 a
3089 780 3368 850 replicato
3416 786 3633 854 septies
3682 788 3879 855 verbo,
3916 790 4066 843 mira

2413 866 2501 919 vis
2529 866 2808 921 carminis
2835 867 2846 919 Ι
2881 869 3220 937 praebebant
3248 887 3382 925 ecce
3413 887 3540 927 sese
3572 875 3740 928 nobis
3766 876 4062 945 equitabi-

2415 954 2680 1025 leslradii
2712 971 2965 1025 superne
3026 957 3304 1026 fulgentis
3352 961 3491 1014 orbe
3540 961 3710 1031 pleno
3757 964 3936 1020 lunae.
3967 966 4069 1020 His

2417 1043 2626 1097 invecti
2695 1043 3028 1098 ferebamur
3094 1045 3249 1100 intra
3313 1047 3486 1112 mdes,
3543 1051 3761 1104 nemini
3822 1069 4068 1122 prorsus

2418 1131 2578 1186 intus
2605 1132 2947 1203 degentium
2980 1135 3283 1204 conspicui
3315 1141 3417 1190 aut
3447 1138 3842 1194 observabiles
3897 1141 4068 1211 signo

2419 1221 2859 1291 sensuveiullo.
2894 1223 3040 1277 Tum
3099 1224 3312 1276 iterum
3370 1241 3475 1296 ego
3532 1226 4067 1285 immurmurabam

2419 1326 2654 1364 carmen
2684 1326 2913 1378 meum;
2964 1328 3079 1382 quo
3129 1313 3282 1367 dicto
3331 1314 3612 1384 quidquid
3647 1318 3971 1386 pretiosum
4010 1319 4069 1373 in

2421 1397 2522 1450 illa
2553 1403 2676 1452 erat
2706 1400 2878 1454 domo
2902 1415 2931 1453 e
2963 1399 3202 1455 latebris
3235 1417 3550 1473 erumpens
3582 1405 3706 1459 suis
3736 1406 4077 1461 conﬂuebat

2420 1492 2626 1557 sponte
2653 1489 2724 1541 ad
2755 1505 2864 1542 me.
2899 1488 3200 1560 Eligebam
3236 1506 3362 1560 quae
3391 1490 3717 1562 placebant,
3751 1497 4075 1565 portanda-

2422 1592 2535 1646 que
2556 1577 2768 1631 dabam
2793 1579 2988 1633 sociis.
3005 1578 3136 1633 Mox
3157 1597 3364 1634 rursus
3397 1583 3792 1638 incantatione
3825 1586 4078 1656 repetita

2423 1665 2912 1721 inscendebamus
2946 1668 3140 1722 radios
3179 1668 3352 1736 lunae,
3383 1670 3929 1741 famulantibusque
3961 1673 4084 1728 illis

2425 1770 2526 1824 per
2555 1755 2789 1809 easdem
2825 1756 3108 1810 fenestras
3141 1757 3541 1826 evolabamus,
3563 1777 3668 1815 nos
3699 1763 4083 1833 praedamque

667 1842 822 1897 Fecit
899 1839 1187 1910 extemplo
1248 1841 1460 1896 mulier
1517 1842 1671 1911 quod
1727 1841 1819 1894 vir
1874 1841 2263 1912 imperaverat
2296 1858 2308 1895 :
2346 1862 2392 1926 Β
2423 1842 2480 1895 in
2515 1847 2706 1896 tutum
2744 1843 3108 1913 recipientes.
3144 1845 3273 1900 Haec
3319 1847 3477 1902 fures
3508 1849 3814 1904 audientes
3845 1852 3907 1904 in
3941 1852 4082 1905 sinu

664 1943 1128 2007 mussaruntque
1186 1939 1382 1991 statim
1445 1938 1623 2001 fures,
1656 1943 1712 1992 et
1762 1955 1831 1991 ne
1881 1937 2167 1993 indicium
2221 1939 2312 1992 sui

655 2030 779 2096 jam
834 2025 1218 2096 vigilantibus
1252 2027 1594 2096 praeberent,
1629 2027 1962 2081 immobiles
1998 2027 2313 2095 haeserunt,

661 2116 1001 2170 curiositate
1034 2121 1310 2185 praeterea
1342 2116 1732 2186 cognoscendi
1776 2116 1915 2187 quid
1948 2116 2038 2171 vir
2069 2133 2314 2187 respon-

661 2222 839 2259 surus
866 2213 1039 2263 esset,
1076 2206 1146 2257 ad
1203 2203 1494 2258 silendum
1555 2204 2136 2275 auscultandumque
2166 2206 2312 2258 invi-

661 2300 840 2348 tante.
868 2295 1013 2347 Tum
1065 2293 1221 2345 velut
1252 2309 1402 2364 agre
1436 2294 1671 2348 tandem
1706 2293 1937 2348 solutus
1969 2310 2178 2349 somno
2208 2295 2316 2358 vir,

665 2385 902 2437 auditus
952 2391 1041 2437 est
1089 2383 1280 2436 dicere
1317 2399 1328 2434 :
1366 2383 1531 2436 Nacti
1583 2400 1816 2452 sumus,
1848 2400 1880 2438 ο
1923 2400 2088 2448 uxor,
2121 2383 2317 2437 divino

668 2471 947 2526 beneﬁcio
980 2473 1178 2540 copias
1207 2487 1463 2540 opesque
1496 2472 1690 2525 omnis
1718 2472 1949 2541 generis
1983 2472 2267 2542 plurimas
2304 2489 2315 2524 :

669 2571 859 2622 fruere
907 2569 998 2622 his
1029 2568 1315 2623 vescendo
1361 2568 1750 2638 bibendoque,
1786 2585 1851 2621 ac
1897 2567 2088 2624 laetam
2138 2569 2318 2622 vitam

670 2659 917 2728 agendo,
951 2674 1054 2712 nec
1099 2657 1331 2711 curiose
1381 2662 1724 2727 percontare
1779 2658 1934 2712 unde
1983 2657 2098 2711 ista
2147 2673 2320 2728 para-

672 2749 779 2801 rim
809 2768 822 2814 ;
881 2748 1035 2817 quod
1069 2747 1328 2801 indicare
1361 2746 1461 2801 tibi
1498 2761 1740 2814 nequeo,
1776 2751 1932 2801 metu
1986 2761 2056 2800 ne
2108 2745 2322 2817 aliquis

670 2836 944 2891 exaudiat
1011 2837 1200 2906 (aiunt
1255 2835 1410 2889 enim
1472 2840 1526 2890 et
1581 2852 1785 2890 muros
1841 2839 2063 2889 auritos
2121 2835 2319 2902 esse):

669 2953 948 2990 arcanum
983 2940 1177 2989 autem
1213 2936 1321 2989 hoc
1352 2936 1499 2989 tanti
1535 2934 1815 2989 momenti
1857 2940 1965 3000 est,
2002 2940 2064 2988 ut
2094 2951 2162 2989 ex
2192 2935 2321 3003 ejus

668 3025 1035 3095 evulgatione
1071 3024 1272 3078 ultima
1304 3023 1480 3095 capiti
1519 3023 1885 3093 fortunisque
1921 3023 2139 3078 nostris
2193 3039 2321 3093 per-

672 3114 852 3168 nicies
891 3113 1246 3182 impendeat.
1272 3118 1491 3183 Apage,
1520 3113 1598 3166 mi
1630 3114 1720 3166 vir
1750 3112 1984 3182 (mulier
2015 3112 2320 3184 reposuit),

2421 1931 2777 2002 gaudebant,
2810 1932 3154 2004 aiebantque
3210 1936 3573 2005 gratulantes
3629 1943 3853 2007 mutuo,
3898 1940 4086 1995 Bonis

2423 2024 2628 2078 avibus
2660 2023 2775 2076 huc
2802 2024 3108 2090 venimus;
3158 2026 3337 2082 nullis
3391 2045 3650 2098 unquam
3686 2030 3920 2085 furibus
3953 2037 4081 2086 tam

2425 2113 2728 2184 propitiam
2779 2113 3035 2167 Laverna
3091 2131 3154 2168 se
3208 2117 3476 2185 praebuit.
3527 2118 3609 2172 En
3669 2121 3769 2173 ubi
3830 2121 4085 2175 minime

2424 2202 2778 2272 putabamus
2797 2206 2978 2256 artem
3004 2203 3323 2258 didicimus
3341 2211 3568 2262 montes
3588 2224 3656 2261 au
3669 2225 3796 2262 reos
3813 2211 4088 2278 parandi,

2424 2291 2736 2346 securitate
2777 2292 2850 2345 ab
2900 2291 3060 2345 omni
3113 2297 3268 2347 metu
3320 2311 3572 2350 summa.
3609 2297 3909 2367 Quinjam
3945 2299 4087 2352 hinc

2424 2381 2680 2434 indicato
2737 2379 3083 2450 compendio
3142 2382 3388 2451 utimur,
3419 2389 3474 2436 et
3505 2385 3686 2439 armis
3743 2385 3904 2441 hunc
3956 2388 4087 2442 suis

2427 2468 2682 2539 petimus
2703 2467 2729 2520 ‘2
2757 2467 2971 2522 Omnes
2999 2477 3416 2526 assenserunt:
3449 2480 3904 2545 exspectatoque
3938 2476 4085 2530 dum

2424 2558 2510 2612 vir
2543 2556 2869 2626 mulierque
2902 2557 3109 2612 iterum
3138 2558 3659 2629 obdormiscerent,
3694 2563 3793 2617 ubi
3853 2564 4086 2635 sopitos

2427 2651 2728 2717 putarunt,
2753 2661 3100 2716 progressus
3124 2647 3319 2702 furum
3352 2650 3625 2720 princeps
3656 2652 3726 2704 ad
3760 2651 4084 2708 fenestram

2428 2751 2530 2806 per
2578 2750 2753 2805 quam
2813 2734 2964 2788 luna:
3026 2736 3227 2790 radius
3277 2737 3537 2803 subibat,
3564 2740 3785 2810 septies
3843 2742 4096 2811 protulit

2427 2823 2695 2879 auditum
2729 2822 3236 2879 incantamentum
3275 2842 3287 2879 :
3323 2825 3522 2894 Semel,
3571 2830 3758 2897 semel,
3793 2834 3932 2897 etc.,
3962 2837 4092 2884 tum

2428 2913 2650 2982 impetu
2714 2910 2981 2966 insiliens
3040 2914 3209 2982 quasi
3259 2915 3331 2968 ad
3386 2915 3834 2986 inequitandum
3892 2918 4090 2972 lunari

2429 3002 2613 3069 radio,
2643 3001 2699 3054 in
2731 3005 2907 3070 caput
2937 3003 3215 3071 concidit,
3246 3005 3440 3058 sonitu
3489 3021 3735 3075 magno;
3785 3007 3855 3060 ad
3912 3024 4090 3078 quem

2428 3106 2744 3161 erumpens
2792 3091 2944 3144 fuste
2988 3097 3253 3162 correpto
3313 3094 3758 3163 paterfamilias,
3805 3096 4100 3151 afflictum

673 3178 1144 3273 intempestivam
1205 3178 1354 3257 hanc
1404 3178 1783 3256 formidinem
1822 3219 1834 3256 :
1873 3218 1984 3256 nox
2041 3178 2322 3256 concubia
2356 3219 2398 3285 ρ
2435 3179 2624 3279 valide
2657 3178 2929 3285 pﬂ“‘?‘}‘iilt'9
2963 3178 3336 3285 ingemina.“
3370 3181 3444 3285 “fl.
3474 3181 3977 3285 ίοίξυξβίηϐυιοξξ
4014 3185 4097 3285 ΤΠ

673 3298 784 3361 est,
832 3291 1031 3346 clausa
1089 3292 1320 3359 domus,
1373 3307 1480 3345 nos
1535 3290 1628 3345 bio
1687 3290 1797 3346 soli
1835 3307 1848 3346 :
1884 3307 2058 3361 quem
2119 3292 2326 3346 adesse

677 3398 851 3454 posse
871 3381 977 3434 tibi
1000 3381 1173 3451 fingis
1196 3381 1293 3451 qui
1320 3381 1470 3451 quod
1496 3379 1757 3451 loqueris
1789 3380 2036 3436 audiat?
2069 3381 2330 3451 Respon-

677 3472 878 3529 ditvir
910 3489 922 3526 :
957 3471 1443 3542 Quandoquidem
1497 3487 1591 3525 me
1651 3474 1834 3542 cogis,
1890 3471 2148 3542 aperiam
2209 3487 2330 3526 rem

681 3569 905 3628 totam;
952 3561 1051 3615 sed
1085 3560 1212 3614 vide
1247 3577 1348 3629 pro
1397 3577 1462 3614 eo
1511 3565 1797 3630 quantum
1855 3560 2019 3614 salus
2071 3559 2176 3613 tibi
2236 3563 2332 3614 tua

679 3666 923 3721 meaque
979 3649 1140 3704 cordi
1180 3653 1286 3716 est,
1318 3664 1388 3704 ne
1440 3665 1702 3719 unquam
1761 3648 2039 3719 cuiquam
2097 3648 2331 3718 prodas,

675 3758 790 3796 non
845 3739 1126 3810 cognatis,
1160 3755 1273 3793 non
1321 3738 1623 3793 fratribus.
1658 3742 1806 3792 Nam
1839 3737 1968 3792 dico
2001 3736 2109 3792 tibi
2142 3737 2332 3791 edico-

674 3846 788 3901 que
819 3830 1054 3894 iterum,
1085 3827 1133 3882 si
1168 3845 1201 3882 a
1233 3844 1532 3898 quoquam
1569 3827 1874 3895 resciatur,
1900 3842 2105 3880 omnes
2137 3825 2337 3880 omnia

675 3920 1012 3991 perdemus,
1083 3932 1375 3988 superque
1451 3916 1563 3987 ipsi
1639 3915 1917 3970 continuo
1990 3915 2332 3985 peribimus.

675 4018 807 4073 Haec
859 4016 1133 4071 videlicet
1183 4015 1432 4084 (fatebor
1462 4014 1616 4069 enim
1653 4013 1748 4068 hic
1780 4014 1911 4082 tibi)
1943 4014 2097 4067 furto
2147 4012 2335 4066 lucra-

675 4113 772 4161 tus
808 4106 1079 4160 universa
1128 4121 1287 4173 sum,
1321 4103 1466 4158 nihil
1522 4121 1636 4158 non
1691 4103 1835 4158 mihi
1897 4107 2235 4172 congestum
2270 4120 2339 4157 ex

676 4196 904 4266 rapina.
953 4193 1227 4249 Perculsa
1276 4191 1431 4247 dicto
1485 4191 1743 4246 mulier:
1779 4192 1944 4257 Mira,
1996 4192 2207 4261 inquit,
2256 4190 2338 4245 mi

677 4286 786 4348 vir,
821 4301 1026 4338 narras
1066 4308 1081 4349 ς
1133 4299 1271 4336 nam
1324 4287 1382 4335 et
1426 4286 1547 4337 tam
1608 4281 1796 4336 multa
1846 4281 1903 4335 in
1967 4281 2338 4351 possessione

679 4379 885 4429 nostra
915 4377 1075 4443 sunt,
1108 4389 1239 4442 quae
1270 4370 1688 4425 difﬁcillimum
1722 4370 1801 4425 sit
1831 4371 2058 4424 creditu
2111 4370 2337 4425 corradi

682 4466 1141 4535 congregarique
1206 4461 1456 4514 furando
1517 4461 1827 4531 potuisse;
1877 4464 1933 4514 et
1988 4465 2092 4513 tua
2150 4460 2337 4529 ipsius

681 4556 832 4608 hanc
891 4552 1226 4623 opinionem
1289 4551 1504 4604 refutat
1556 4550 1760 4605 fama:
1795 4549 1882 4602 vir
1931 4548 2086 4604 enim
2149 4549 2336 4603 bonus

678 4645 853 4715 vulgo
909 4641 1288 4696 existimaris.
1342 4639 1584 4710 Nempe,
1629 4639 1711 4693 ait
1771 4638 2045 4702 maritus,
2104 4655 2335 4692 carmen

680 4734 976 4805 magicum
1018 4730 1260 4784 adhibui
1312 4728 1584 4783 efﬁcacize
1640 4728 1923 4796 mirifice,
1959 4729 2131 4796 cujus
2164 4729 2211 4779 vi
2244 4746 2337 4780 ar-

679 4841 827 4879 cana
855 4823 935 4877 ita
967 4820 1209 4889 iuvabar
1249 4820 1307 4872 in
1359 4818 1630 4885 furando,
1661 4823 1723 4871 ut
1779 4833 2151 4888 quascunque
2209 4833 2342 4871 con-

680 4913 980 4984 cupieram
1029 4909 1341 4979 quantovis
1393 4923 1661 4971 numero,
1705 4905 2005 4977 quantivis
2056 4905 2222 4976 pretii
2277 4923 2343 4959 ac

684 5002 853 5057 molis
911 5003 1126 5065 essent,
1199 4996 1556 5051 attraherem
1617 5011 2112 5065 congereremque
2188 4995 2344 5049 unde

683 5111 750 5149 ac
783 5108 897 5162 quo
929 5089 1196 5144 volebam
1233 5103 1245 5143 :
1280 5087 1556 5155 idemque
1588 5090 1811 5151 tamen,
1848 5084 2186 5155 suspicione
2219 5100 2346 5154 pro-

685 5182 777 5238 cul
801 5180 985 5246 omni,
1010 5175 1468 5232 existimationis
1502 5175 1654 5245 apud
1679 5191 1884 5229 omnes
1910 5191 2086 5244 quam
2112 5173 2345 5244 Optima:

685 5270 1120 5343 possessionem
1146 5265 1562 5321 inconcussam
1586 5269 1800 5319 tuerer.
1824 5268 1984 5334 Papa:
2004 5261 2015 5315 l
2037 5262 2347 5332 (exclamat

683 5362 778 5417 hic
836 5358 1067 5428 mulier)
1128 5356 1421 5426 stupenda
1479 5369 1795 5420 memoras,
1831 5358 1895 5408 ut
1953 5352 2103 5407 scire
2161 5352 2347 5423 gestio

685 5469 798 5522 quo
849 5449 906 5504 id
962 5451 1154 5502 actum
1221 5445 1394 5499 modo
1426 5444 1544 5498 sit!
1579 5444 1649 5498 Et
1675 5443 1771 5498 ille
1805 5459 1818 5497 :
1856 5443 1990 5512 Pax,
2028 5441 2240 5511 inquit,
2271 5440 2348 5495 sit

686 5545 864 5599 rebus
898 5558 910 5596 :
946 5539 994 5594 si
1029 5536 1307 5609 quiescis,
1343 5540 1533 5591 totum
1595 5533 1819 5589 audies.
1877 5533 2183 5589 Prodibam
2227 5531 2347 5603 ple-

689 5634 770 5690 nil
805 5632 944 5686 unio
977 5647 1080 5701 per
1121 5632 1351 5684 noctem
1387 5645 1400 5693 ;
1455 5631 1620 5681 erant
1652 5643 1768 5680 una
1803 5641 2030 5680 mecum
2080 5625 2346 5692 comites,

688 5721 1153 5779 escendebamus
1187 5718 1247 5772 in
1282 5717 1566 5772 fenestras
1601 5715 1815 5769 mdium
1849 5732 1997 5787 quas
2026 5711 2349 5786 depraedari

2438 3269 2572 3340 quis
2602 3268 2711 3322 es?
2756 3266 2949 3322 Atille
2984 3285 2997 3323 :
3032 3270 3225 3338 Cessa,
3259 3270 3474 3340 inquit,
3509 3276 3566 3326 et
3594 3271 3786 3326 dicam
3835 3289 3849 3326 :
3908 3272 4100 3328 Stulte

2439 3357 2713 3412 credulus
2740 3356 2885 3410 mihi
2918 3373 3131 3412 nomen
3165 3361 3274 3413 est.
3310 3358 3468 3414 Idem
3496 3375 3602 3431 ego
3646 3375 3718 3414 ne
3761 3360 3910 3416 mibi
3960 3377 4098 3416 con-

2440 3447 2690 3517 tingeret
2713 3446 2970 3515 verebar,
2997 3446 3045 3500 si
3078 3447 3310 3502 somnia
3341 3448 3722 3504 narrantibus
3754 3466 3864 3504 sua
3900 3451 4100 3505 multi-

2441 3535 2717 3590 formium
2771 3534 3262 3605 superstitionum
3299 3536 3667 3607 praeconibus
3700 3537 3845 3593 citra
3878 3539 4098 3611 pignus

2439 3624 2714 3679 idoneum
2748 3624 2921 3679 fidem
2955 3624 3306 3680 addicerem.

2441 3769 2570 3822 CAP.
2603 3765 2670 3819 V.
2703 3795 2772 3805 —
2807 3766 3031 3838 Perwe:
3062 3765 3391 3836 religionem
3413 3785 3448 3822 α
3472 3769 3802 3838 parentibus
3833 3771 4102 3826 traditam

2514 3838 2786 3908 reprobat.
2820 3837 3205 3908 Beneﬁcenliaz
3252 3837 3559 3894 vacandum
3606 3841 3824 3896 ualuit.
3872 3848 4099 3897 Pertur-

2515 3910 2754 3982 bationes
2784 3909 3185 3982 vehementiam
3215 3912 3504 3981 aﬁecluum
3544 3929 3711 3982 quam
3753 3913 3873 3967 sint
3919 3918 4103 3970 uarix

2506 3981 2783 4047 parabola
2812 3981 3167 4035 demonstrat.

2518 4105 2758 4160 Interim
2792 4105 2852 4160 in
2887 4106 2992 4160 hac
3031 4123 3160 4161 mea
3182 4107 3342 4161 varia
3361 4107 4105 4178 etanxiainquisitionede

2445 4195 2646 4263 sectis,
2680 4194 2824 4248 illud
2884 4196 3178 4264 tenebam,
3241 4213 3314 4251 ne
3357 4196 3411 4250 in
3467 4197 3691 4252 scelera
3739 4198 4104 4254 incurrerem

2446 4299 2652 4354 meque
2693 4300 2904 4353 purum
2936 4285 3009 4338 ab
3041 4284 3201 4338 omni
3251 4285 3575 4341 offensione
3626 4302 3951 4354 servarem,
3986 4303 4104 4355 qua!

2447 4371 2764 4444 perniciem
2814 4378 3009 4443 posset
3041 4373 3261 4428 afferre.
3298 4373 3550 4445 Pergens
3601 4379 3802 4431 autem
3856 4377 4104 4431 interro-

2447 4477 2585 4532 gare
2638 4461 2789 4527 illos,
2822 4462 2922 4530 qui
2974 4462 3227 4516 consulti
3276 4463 3568 4534 peritique
3621 4465 3997 4534 putabantur
4040 4467 4104 4520 de

2449 4551 2822 4621 dogmatibus
2857 4567 2983 4620 qua:
3017 4567 3117 4621 pro
3148 4551 3500 4606 indubitatis
3531 4554 4100 4619 venditabant,sata-

2451 4640 2657 4710 gebam
2680 4640 3076 4709 proponendis
3090 4640 3455 4709 argumentis
3473 4641 3528 4694 in
3555 4643 3924 4697 contrarium
3944 4645 4099 4709 meis,

2453 4727 2868 4797 responsisque
2899 4727 3158 4796 ipsorum
3192 4725 3516 4794 eliciendis,
3551 4729 3897 4783 satisfacere
3917 4731 4100 4784 animo

2454 4834 2604 4884 meo,
2639 4816 3191 4885 deprehendereque
3241 4815 3289 4870 si
3336 4832 3451 4885 qua
3503 4832 3735 4885 possem
3784 4820 4102 4884 veritatem,

2454 4913 2650 4961 certus
2673 4907 2722 4959 ei
2743 4904 2919 4958 semel
2954 4905 3200 4958 inventa:
3236 4905 3533 4959 mordicus
3564 4905 3803 4960 berere.
3826 4907 3941 4962 Sed
3977 4922 4099 4962 cum

2454 5013 2522 5051 ea
2555 5012 2679 5065 quae
2710 4993 3187 5064 superciliosigilli
3222 4993 3490 5064 magistri
3527 4996 3890 5065 repunebant
3939 5012 4100 5067 argu-

2456 5083 2938 5150 mentationibus,
2999 5083 3116 5136 veri
3186 5083 3520 5136 charactem
3575 5099 3691 5138 non
3749 5087 4103 5153 preferrent,

2458 5191 2561 5229 nec
2594 5173 2833 5226 omnino
2866 5172 3192 5242 quidquam
3244 5173 3620 5227 ostenderent
3651 5174 3799 5229 satis
3831 5174 4101 5237 solidum,

2459 5268 2522 5317 ut
2553 5263 2601 5316 ei
2637 5278 2839 5316 secure
2888 5278 3120 5332 possem
3168 5260 3363 5328 inniti,
3396 5263 3719 5318 aastuabam
3759 5269 3825 5317 ut
3858 5264 4019 5335 prius
4056 5267 4106 5316 et

2458 5353 2717 5406 incertus
2764 5351 3067 5405 sententiae
3122 5350 3466 5420 pendebam.
3524 5353 3715 5416 Quare
3757 5352 3920 5407 velut
3966 5353 4104 5407 fessa

2458 5441 3001 5512 peregrinationum
3051 5439 3252 5493 anima
3285 5455 3416 5494 mea
3445 5456 3512 5494 eo
3545 5440 3897 5507 inclinabat,
3930 5446 3992 5496 ut
4019 5456 4102 5494 ac-

2460 5529 2879 5600 quiescendum
2901 5526 3011 5582 sibi
3028 5528 3430 5597 putaretdomi
3450 5544 3462 5582 :
3479 5530 3821 5585 tenendum.
3847 5530 4098 5602 inquam.

2459 5620 2515 5673 in
2553 5617 2783 5690 negotio
2817 5615 3116 5688 religionis
3149 5617 3406 5683 duceret,
3432 5618 3718 5688 quidquid
3755 5621 3991 5674 demum
4017 5634 4101 5688 pa-

2462 5715 2676 5778 rentes,
2700 5711 2756 5763 et
2785 5706 3052 5778 exemplo
3086 5706 3473 5778 praeivissent,
3506 5711 3560 5761 et
3586 5709 3763 5764 verbo
3818 5710 4094 5764 docerent.
