4248 6442
206 414 328 469 1241

1180 418 1550 489 [SPECIMEN
1587 416 1983 470 SAPIENTIE
2020 416 2353 471 INDORUM
2392 419 2551 469 VET.

3451 409 3587 464 1242

203 538 305 593 Sed
341 538 542 593 retorsi
577 554 680 610 ego
714 556 836 595 eam
876 540 946 594 ab
978 540 1088 594 isto
1140 539 1473 610 proposito;
1520 537 1837 607 monuique
1871 541 1918 603 Α
1952 542 2284 608 correptum
2319 537 2598 592 miserum
2633 535 2890 591 convicio
2921 535 3101 590 trahit
3132 534 3589 604 adjudicem,ex

206 626 369 695 longe
400 642 527 681 esse
560 627 771 682 melius
804 629 859 682 in
895 629 1075 698 priori
1103 628 1395 698 quaerendi
1420 626 1663 682 consilio
1712 643 1836 697 pcr-

203 719 369 769 stare.
407 716 703 771 quirmam
739 718 893 771 enim
945 718 1376 771 excusationem
1428 715 1643 770 erranti
1698 716 1838 781 fore,

199 803 573 858 domesticam
609 805 933 860 doctrinam
970 807 1069 860 ubi
1103 806 1248 859 forte
1282 804 1469 876 ipsius
1491 806 1729 859 ductum
1749 820 1836 858 se-

200 896 368 947 cutus
401 894 457 946 in
490 893 733 947 exitium
780 895 1083 951 corruerit.
1135 894 1275 948 Nam
1327 894 1455 962 quis
1505 897 1837 962 compertus

204 980 559 1049 magicorum
595 984 834 1047 artium,
872 983 1112 1053 impune
1137 982 1430 1051 judicium
1476 980 1659 1035 evasit
1700 980 1835 1034 alle-

198 1070 384 1141 gando
420 1070 601 1124 fuisse
635 1071 743 1125 sibi
778 1087 874 1125 eas
908 1088 940 1125 a
969 1077 1128 1141 patre
1164 1087 1333 1141 mago
1372 1070 1665 1139 traditas?
1712 1069 1833 1123 Non

199 1174 335 1212 sane
356 1157 542 1227 magis
574 1175 751 1230 quam
785 1159 1063 1215 ebrietate
1116 1176 1182 1213 ac
1213 1159 1452 1230 crapula
1494 1158 1836 1229 quotidiana

194 1255 584 1309 valetudinem
619 1272 1003 1328 corrumpens
1022 1262 1123 1311 aut
1152 1256 1375 1311 censori
1406 1255 1612 1309 vitium
1646 1256 1837 1324 objur-

197 1342 353 1414 ganti
380 1344 832 1413 satisfaciet,aut
857 1346 1159 1399 curabitur
1201 1362 1235 1401 a
1282 1345 1501 1399 morbis
1552 1344 1838 1414 intempe-

200 1430 383 1486 rantia
413 1438 751 1499 contractis,
777 1434 951 1488 simul
982 1452 1068 1497 ac,
1101 1434 1208 1488 etsi
1243 1450 1394 1502 vere,
1420 1433 1648 1497 dixerit,
1677 1448 1744 1486 ea
1775 1450 1835 1486 sc

195 1520 470 1591 diciplina
500 1524 815 1579 educatum
863 1525 918 1579 in
954 1530 1194 1595 paterna
1224 1525 1419 1590 domo,
1450 1523 1589 1578 talia
1618 1523 1833 1593 genito-

198 1628 323 1665 rum
352 1615 615 1681 exempla
647 1615 1098 1669 recordari.lstae
1131 1631 1221 1669 me
1249 1630 1433 1668 clusas
1457 1615 1838 1685 perpulerunt

195 1701 260 1755 ad
295 1702 718 1770 reprobandam
768 1708 1079 1772 parentum
1131 1719 1390 1757 meorum
1435 1703 1504 1756 de
1554 1701 1835 1772 religione

198 1790 731 1855 sententiam;unde
764 1791 899 1846 hinc
932 1794 1205 1863 repulsus
1237 1792 1401 1862 quasi
1433 1808 1579 1846 novo
1612 1791 1831 1863 princi-

196 1879 288 1948 pio
322 1877 375 1931 in
436 1895 676 1934 examen
730 1880 1304 1951 explorationemque
1342 1880 1600 1935 sedulam
1651 1886 1836 1935 secta-

196 1983 320 2021 rum
348 1966 605 2023 animum
639 1968 853 2023 admisi
890 1988 902 2026 :
938 1986 1052 2041 quo
1077 1973 1214 2024 dum
1250 1970 1345 2023 diu
1379 1985 1576 2024 versor
1628 1969 1685 2023 in
1730 1987 1829 2024 ne-

196 2056 763 2127 gotio,animadverti
810 2075 1081 2130 magnam
1120 2076 1210 2115 me
1257 2061 1375 2129 jam
1420 2060 1547 2114 vitae
1607 2065 1831 2130 partem

192 2147 689 2213 emensum,seuio
722 2152 778 2203 et
810 2149 983 2203 morti
1017 2148 1429 2220 propinquare.
1462 2148 1579 2204 Hac
1604 2150 1835 2220 pulsata

197 2234 544 2303 cogitatione
577 2253 742 2290 mens
771 2237 829 2291 in
864 2237 997 2291 finis
1028 2238 1121 2307 qui
1152 2253 1356 2292 omnes
1390 2243 1589 2292 manet
1639 2243 1695 2293 et
1726 2240 1832 2292 mi-

191 2324 474 2394 grationis
497 2341 564 2379 ex
596 2324 703 2379 hoc
737 2327 955 2381 mundo
1003 2326 1534 2381 considerationem
1567 2327 1835 2381 incubuit

194 2428 294 2482 per
322 2416 602 2467 attentam
638 2418 813 2485 atque
844 2432 1035 2469 acrem
1071 2430 1136 2469 eo
1178 2416 1383 2470 effectu
1436 2420 1499 2469 ut
1549 2415 1834 2486 quidquid

193 2506 430 2571 apparet
477 2518 657 2572 seque
707 2508 965 2559 ostentat
1018 2504 1279 2574 speciose
1330 2505 1386 2559 in
1425 2503 1531 2559 hac
1583 2507 1833 2574 quadam

198 2590 399 2643 mundi
434 2606 610 2645 scena
642 2591 789 2646 nihil
820 2594 933 2648 nisi
968 2594 1235 2648 umbram
1285 2594 1598 2649 videretur.
1646 2596 1836 2650 Statui

194 2682 390 2733 autem
426 2679 818 2735 insistendum
844 2681 989 2735 mihi
1012 2682 1409 2737 exercitationi
1442 2682 1835 2738 beneﬁcentia:

197 2783 438 2838 sperans
478 2784 547 2823 ea
592 2774 1046 2825 consecuturum
1106 2787 1219 2839 me,
1252 2774 1317 2825 ut
1363 2770 1532 2826 benis
1590 2772 1729 2826 viris
1783 2779 1840 2827 et

193 2854 467 2927 praeclara
491 2873 592 2927 per
622 2857 798 2913 vitam
834 2859 1089 2930 Operatis
1121 2876 1564 2915 annumerarer.
1604 2861 1837 2916 Decrevi

192 2943 366 2998 etiam
389 2946 814 3014 cavendum,ne
844 2948 1062 3002 nimius
1095 2948 1153 3003 in
1188 2948 1331 3003 illud
1364 2947 1557 3018 ipsum
1598 2967 1713 3021 quo
1756 2951 1834 3005 fe-

192 3031 358 3085 rebar
386 3031 706 3103 indagandi
740 3033 857 3089 veri
880 3034 1145 3090 studium
1179 3036 1718 3105 atl'ectus,avocaret
1751 3054 1840 3093 me

192 3137 225 3174 a
256 3119 554 3176 functione
584 3123 980 3179 curandorum
1011 3126 1529 3197 aegrorum;sicque
1560 3126 1716 3181 iners
1734 3144 1838 3184 ne-

1948 629 2074 697 lege
2106 627 2309 697 utique
2351 632 2642 681 acturum.
2701 627 2850 695 Ergo
2906 624 3173 696 equidem
3223 624 3282 677 in
3322 624 3586 677 animum

1945 717 2147 771 induxi
2181 732 2296 770 non
2329 717 2712 781 committere,
2758 721 2821 769 ut
2877 715 3313 787 perturbatione
3369 712 3584 767 mentis

1946 806 2179 877 ineptus
2210 805 2422 861 actioni
2447 805 2712 869 ﬁam,sed
2749 821 2949 860 sereno
2982 819 3209 874 semper
3240 800 3585 869 tranquillo-

1944 911 2059 964 que
2086 894 2195 949 sim
2229 894 2444 958 animo,
2478 893 2783 964 expeditus
2834 893 3125 946 alacritate
3186 890 3454 962 praesenti
3512 890 3581 944 ad

1945 984 2253 1037 naxandan
2276 984 2445 1053 aegris
2477 998 2735 1053 operam;
2762 981 3176 1051 juvandosque
3208 979 3444 1049 quosvis
3480 995 3586 1050 ope

1945 1072 2475 1141 quomodocumque
2507 1071 2838 1141 indigentes
2872 1085 3021 1133 mea;
3056 1085 3187 1122 nam
3215 1068 3268 1121 in
3295 1084 3585 1122 commen-

1944 1160 2139 1214 danda
2169 1158 2871 1222 beneficentia,omnes,in
2905 1156 3037 1211 aliis
3070 1156 3204 1211 licet
3231 1156 3584 1211 dissentien-

1943 1254 2052 1313 tes,
2087 1265 2322 1303 summa
2353 1247 2659 1302 concordia
2692 1252 2861 1300 sectae
2886 1246 3255 1301 conveniunt.

1943 1396 2076 1449 CAP.
2110 1391 2204 1445 VI.
2239 1421 2305 1430 —
2335 1392 2584 1455 Perzoes,
2612 1388 2876 1459 pendente
2905 1388 3085 1443 adhuc
3105 1385 3587 1459 delz'lmratz'oncdc

2014 1463 2294 1530 religione
2324 1458 2649 1515 innocentia:
2673 1476 2739 1514 ac
2770 1459 3107 1528 benignitati
3130 1458 3344 1512 studere
3399 1458 3579 1509 decer-

2014 1538 2119 1595 nit;
2153 1536 2268 1600 eius
2299 1533 2394 1603 qui
2422 1548 2573 1586 secus
2601 1531 2797 1601 fecerit
2831 1533 3072 1585 stultitia
3107 1546 3207 1599 per
3259 1530 3582 1599 portato!th

2015 1607 2332 1662 ostenditur.

2014 1730 2301 1789 Constitui
2321 1733 2592 1800 praeterea
2614 1746 2727 1783 non
2744 1728 2934 1783 solum
2952 1727 3335 1782 homicidium
3360 1740 3582 1789 cavere,

1946 1824 2045 1878 sed
2074 1839 2107 1875 a
2136 1819 2422 1892 pulsando
2456 1819 2818 1889 quodquam,
2850 1834 2916 1872 ac
2946 1817 2999 1870 vi
3047 1817 3251 1887 quavis
3280 1815 3585 1869 inferenda

1868 1895 1913 1959 Β
1947 1911 2047 1966 ulli
2082 1909 2321 1965 omnino
2354 1920 2676 1979 temperare
2704 1925 2716 1973 ;
2750 1907 2972 1961 decrevi
3018 1921 3250 1978 quoque
3292 1905 3584 1959 abstinere

1939 2000 2130 2056 verbis
2161 1998 2463 2054 maledicis
2496 2014 2560 2052 ac
2594 1997 3014 2067 turpibus,non
3046 1993 3580 2058 furari,nonirasci,

1942 2089 2088 2146 nulli
2130 2088 2391 2141 fraudem
2461 2084 2675 2139 moliri.
2747 2084 3019 2139 Abdicavi
3098 2080 3583 2137 consuetudinem

1940 2178 2253 2233 mulierum
2316 2190 2709 2244 venereasque
2767 2172 3133 2243 voluptates;
3210 2170 3475 2225 adamavi
3527 2174 3585 2223 ct

1941 2267 2093 2322 colui
2147 2264 2618 2337 temperantiam,
2675 2264 2961 2318 custodivi
3003 2262 3265 2333 linguam
3327 2276 3513 2315 meam
3549 2277 3581 2313 a

1946 2353 2347 2422 mendacio,ab
2380 2352 2537 2407 omni
2570 2352 2746 2407 verbo
2780 2352 2967 2406 otioso
2997 2356 3053 2405 et
3110 2351 3317 2415 noxio;
3380 2349 3581 2403 studui

1942 2448 2144 2501 mitem
2170 2460 2234 2497 ac
2266 2443 2590 2497 humanum
2626 2442 2875 2511 praebere
2909 2457 3000 2496 me
3032 2440 3308 2495 omnibus
3341 2440 3579 2510 ubique.

1944 2540 2129 2605 Atque
2160 2532 2279 2586 haec
2302 2532 2482 2586 statui
2514 2530 2652 2584 licet
2713 2531 2973 2584 nondum
3030 2528 3204 2601 plane
3264 2545 3580 2598 persuasus

1943 2639 2131 2679 essem
2167 2622 2237 2674 de
2282 2621 2478 2674 futura
2500 2620 2948 2683 resurrectione,
2972 2620 3159 2689 deque
3192 2618 3446 2689 prmmiis
3480 2619 3584 2673 bo-

1945 2726 2153 2767 norum
2182 2709 2485 2780 pcenisque
2524 2708 2813 2762 malorum
2861 2713 2994 2779 post
3042 2706 3202 2760 illam
3264 2723 3587 2778 repraesen-

1945 2801 2163 2856 tandis.
2206 2799 2397 2870 Longe
2429 2814 2520 2852 me
2552 2798 2789 2867 abjunxi
2823 2815 2855 2851 a
2888 2797 3157 2852 convictu
3194 2801 3251 2851 et
3284 2796 3593 2851 familiari-

1943 2891 2059 2946 late
2082 2888 2389 2944 hominum
2423 2887 2849 2959 improborum,
2915 2886 3175 2941 affectavi
3209 2885 3591 2941 consuetudi-

1948 2995 2082 3035 nem
2105 2993 2236 3033 cum
2263 2976 2527 3031 honestis
2557 2980 2614 3031 et
2637 2975 2840 3046 justis.
2901 2974 3022 3030 Prae
3080 2975 3359 3030 omnibus
3408 2973 3588 3029 fixum

1947 3068 2145 3124 animo
2166 3064 2502 3132 tenui,nihil
2518 3079 2647 3121 esse
2672 3064 3067 3136 praestantius,
3082 3064 3410 3133 honestius,
3427 3079 3588 3118 ama-

1948 3153 2128 3210 bilius
2185 3151 2606 3219 beneﬂcentia;
2653 3165 2783 3206 eam
2840 3155 2899 3205 et
2946 3149 3153 3206 amicis
3200 3151 3505 3223 potiorem,
3536 3154 3595 3205 et

190 3206 477 3313 gligfmdis
508 3211 918 3313 omni”ij
949 3213 1097 3269 bene
1129 3214 1416 3313 therefdi'
1450 3216 1831 3313 tempus?!“
1862 3236 1907 3303 C
1944 3206 2538 3313 conjuge‘chsriorem
2574 3206 2719 3295 mihi
2748 3256 2878 3295 esse
2908 3240 3151 3300 debere;
3172 3206 3324 3294 hanc
3356 3239 3468 3294 Deo
3492 3206 3595 3294 vo-

193 3302 551 3353 contererem
571 3317 584 3367 ;
605 3301 797 3371 quoad
831 3317 920 3357 me
950 3318 1230 3373 suprema
1259 3302 1385 3359 dies
1407 3309 1720 3376 occuparet
1739 3306 1835 3361 de-

196 3384 471 3441 stitutum
502 3386 899 3459 suppellectili
931 3392 1303 3459 meritorum,
1336 3408 1514 3464 quam
1547 3410 1753 3464 parare
1780 3395 1840 3449 in

195 3475 736 3547 opportunitatibus
767 3478 1196 3548 neglexissem:
1231 3498 1369 3537 nam
1428 3499 1640 3555 magna
1687 3484 1843 3539 inest

195 3564 280 3619 vis
311 3566 850 3635 perturbationibus
893 3570 1161 3625 animum
1182 3572 1539 3638 tenentibus,
1574 3573 1643 3627 ad
1676 3590 1839 3629 aver-

194 3654 429 3708 tendam
462 3656 843 3711 attentionem
875 3659 1265 3714 necessariam
1299 3661 1569 3730 gerendis
1598 3678 1666 3716 ex
1696 3679 1841 3733 prse-

195 3742 343 3798 senti
377 3744 572 3815 rebus,
606 3749 781 3816 prout
811 3746 1146 3802 declaratur
1202 3748 1359 3803 brevi
1423 3748 1613 3804 fabula
1663 3768 1838 3823 quam

193 3832 338 3886 tanti
370 3835 461 3886 est
504 3848 760 3889 narrare.
795 3833 1045 3901 Quidam
1095 3840 1464 3892 contraxerat
1517 3842 1839 3895 necessitu-

194 3921 393 3975 dinem
415 3920 605 3976 illiciti
638 3923 856 4003 amor'v
888 3941 1024 3980 eum
1060 3924 1303 3981 muliere
1334 3931 1673 3999 uupta;quaa
1710 3946 1842 3984 mce-

191 4011 301 4067 cho
332 4012 663 4083 gratificata
704 4014 996 4085 posticum
1032 4020 1336 4086 paraverat
1368 4034 1468 4087 per
1506 4019 1660 4089 quod
1695 4018 1840 4091 ipse,

191 4110 503 4181 ingruente
534 4111 731 4166 subito
759 4112 1566 4185 periculo,fugeret.0uadam
1582 4118 1674 4173 die
1705 4134 1839 4174 cum

190 4215 309 4253 una
330 4203 547 4265 essent,
582 4199 839 4270 pulsavit
860 4201 1176 4271 improviso
1197 4202 1284 4257 vir
1306 4204 1376 4258 ad
1392 4204 1665 4275 januam,
1693 4223 1803 4277 pan
1823 4239 1839 4249 -

190 4288 371 4358 dique
402 4288 553 4343 fores
584 4289 921 4360 iugressuro
954 4291 1235 4362 poscebat
1265 4293 1400 4349 sibi.
1437 4294 1695 4350 Turbata
1716 4312 1838 4351 mu-

190 4375 303 4429 lier
330 4376 500 4445 jubet
532 4377 864 4434 adulterum
898 4382 1193 4453 proripere
1217 4399 1277 4437 se
1308 4383 1377 4437 ad
1400 4384 1675 4440 ostiolum
1709 4403 1839 4456 pro-

197 4481 268 4535 pe
298 4470 560 4533 puteum,
593 4469 764 4538 cujus
796 4470 1016 4524 clavem
1049 4486 1079 4524 e
1118 4470 1308 4526 vicino
1364 4470 1524 4527 clavo
1580 4476 1839 4545 penden-

1946 3332 2099 3388 lente
2132 3329 2297 3385 facile
2324 3328 2515 3401 parari
2553 3345 2569 3395 ;
2610 3327 2749 3384 huic
2779 3345 2950 3399 porro
2981 3327 3129 3385 nihil
3176 3327 3592 3399 comparabile,

1944 3419 2080 3492 plus
2107 3417 2262 3474 enim
2296 3416 2457 3471 illam
2491 3415 2688 3488 gloria:
2721 3415 2927 3473 afferre
2966 3416 3291 3489 possidenti
3324 3431 3385 3471 se
3415 3432 3593 3488 quam

1945 3513 2253 3581 parentum
2289 3505 2615 3561 claritatem
2649 3509 2748 3560 aut
2769 3521 2910 3577 opes
2928 3504 3597 3561 amicorum.Docetha2c

1944 3598 2092 3653 bene
2126 3595 2335 3651 mereri
2374 3596 2445 3648 de
2496 3595 2798 3661 omnibus,
2833 3595 3141 3651 benefacta
3170 3594 3391 3665 ubique
3428 3610 3591 3665 spar-

1945 3703 2099 3761 gere.
2126 3686 2361 3750 Eadem,
2400 3686 2556 3755 large
2589 3685 2722 3739 licet
2763 3684 3050 3751 tribuens,
3109 3684 3420 3753 dispendia
3476 3699 3591 3738 non

1944 3775 2250 3843 sentit;sed
2283 3790 2399 3845 quo
2431 3773 2563 3847 plus
2595 3774 2794 3842 donat,
2822 3774 2956 3845 plus
2998 3773 3279 3828 abundat.
3314 3773 3436 3827 Non
3470 3788 3593 3826 cor-

1945 3865 2261 3935 rumpitur,
2293 3879 2406 3919 non
2452 3863 2781 3930 veterescit,
2814 3878 2930 3918 non
2953 3860 3411 3918 circumvenitur
3437 3877 3471 3916 a
3493 3878 3596 3933 po-

1945 3954 2154 4019 tentia,
2189 3970 2307 4009 non
2341 3952 2541 4007 horret
2593 3952 2813 4023 ignem,
2868 3967 2983 4007 non
3016 3952 3184 4006 timet
3236 3950 3417 4018 fures,
3477 3967 3595 4007 non

1945 4043 2221 4099 formidat
2247 4042 2487 4106 bestias,
2513 4057 2627 4096 non
2657 4041 2776 4095 ullo
2811 4041 2967 4096 tristi
3013 4046 3219 4096 eventu
3281 4041 3593 4095 conturba-

1944 4136 2043 4187 tur
2075 4149 2088 4186 :
2125 4134 2310 4202 magis
2336 4131 2478 4201 quin
2509 4130 2685 4186 etiam
2720 4130 2777 4185 in
2810 4129 3138 4185 calamitate
3160 4130 3330 4196 nitet,
3373 4134 3432 4183 et
3462 4129 3592 4183 ubi-

1943 4236 2058 4291 que
2090 4222 2313 4292 perstat
2358 4217 2670 4289 intrepida.
2729 4218 3109 4290 Reperiebsm
3161 4223 3379 4287 autem,
3435 4219 3589 4290 apud

1942 4324 2035 4364 me
2065 4312 2482 4380 reputans,eos
2520 4307 2618 4377 qui
2650 4314 2869 4363 sectam
2898 4308 3026 4361 vita!
3048 4306 3187 4362 huic
3236 4307 3589 4363 contrariam

1942 4398 2215 4470 amplexi,
2246 4398 2467 4452 omissa
2498 4396 2897 4452 benefaciendi
2930 4396 3062 4451 aliis
3092 4411 3255 4461 cura,
3305 4394 3417 4451 sibi
3460 4396 3594 4451 unis

1944 4486 2098 4541 οηῖηὶ
2131 4486 2432 4557 voluptate
2475 4485 2821 4557 saginandis
2879 4487 3049 4540 unice
3106 4486 3317 4539 intenti
3376 4490 3595 4549 essent,

194 4558 313 4607 tem
339 4554 449 4624 ipsi
474 4562 644 4609 antea
670 4563 1030 4613 monstrasse
1052 4576 1113 4614 se
1131 4560 1686 4633 aiebat.Curritquo
1707 4565 1841 4617 mit-
1878 4596 1919 4657 Β
1953 4576 2065 4631 sibi
2100 4554 2351 4645 pessime
2372 4554 2699 4639 consulere,
2734 4579 2788 4628 et
2819 4572 3107 4628 amat-mei
3166 4572 3595 4643 plurimumin-

192 4644 429 4698 tebatur
460 4645 593 4699 hinc
622 4653 802 4712 metu,
838 4648 998 4702 illinc
1030 4667 1228 4705 amore
1268 4668 1334 4706 ac
1379 4652 1669 4708 desiderio
1720 4661 1841 4708 tur-

190 4733 368 4787 batus
404 4733 750 4802 mmchus,et
782 4740 845 4790 ut
875 4738 1164 4809 contingit
1195 4741 1313 4793 acri
1341 4757 1480 4795 cura
1514 4743 1840 4812 suspensis,

190 4838 300 4876 nec
343 4821 559 4887 locum,
606 4841 939 4895 quanquam
975 4832 1397 4897 praeostensum
1432 4828 1843 4902 recognoscere

187 4927 257 4966 ac
294 4928 397 4966 nec
428 4911 986 4983 clavemjanuamve
1018 4916 1205 4986 ipsam
1240 4919 1493 4990 reperire
1525 4920 1722 4974 valuit.
1780 4922 1838 4977 ln

177 4999 281 5053 his
313 4998 655 5070 aliquandiu
692 5003 1114 5072 tumultuatus,
1154 5007 1301 5062 redit
1360 5009 1431 5062 ad
1490 5009 1839 5075 adulteram,

168 5097 307 5166 jam
332 5097 563 5167 magnis
589 5100 851 5169 proximo
876 5102 1249 5173 viriappulsu
1268 5104 1840 5177 sollicitam,procul-

177 5201 303 5257 que
334 5188 621 5241 acclamat
652 5188 908 5243 :OStium
942 5192 1012 5246 de
1046 5208 1161 5262 quo
1194 5193 1393 5248 dixisti
1423 5196 1691 5262 avanuit;
1719 5196 1840 5251 cla-

176 5276 271 5331 vis
307 5292 423 5330 non
457 5279 1017 5347 comparet:animus
1036 5297 1204 5337 meus
1235 5284 1387 5353 apud
1425 5287 1478 5337 te
1511 5288 1623 5352 est,
1645 5301 1842 5341 vacare

177 5363 282 5418 his
316 5365 644 5434 quaerendis
672 5367 1005 5437 n'equit.Cui
1037 5369 1284 5425 mulier:
1309 5370 1603 5441 Edugium
1638 5390 1843 5444 parare

176 5453 357 5523 potui
392 5471 509 5519 reo,
546 5461 799 5510 mentem
826 5457 963 5513 dare
985 5457 1164 5513 stulto
1190 5476 1303 5515 non
1328 5466 1659 5530 possum;tu
1685 5481 1839 5533 vero,

180 5546 255 5597 ut
291 5541 477 5608 lubet,
501 5543 762 5611 addidit;
788 5546 974 5601 aderit
1005 5547 1162 5602 brevi
1196 5548 1295 5620 qui
1344 5549 1445 5604 tibi
1479 5567 1596 5620 quo
1628 5552 1843 5623 dignus

178 5631 560 5702 es,praebeat.
599 5632 687 5687 Illi
719 5642 993 5690 aestuanti
1018 5639 1395 5709 cursantique
1413 5641 1661 5696 maritus
1676 5643 1842 5698 adul-

180 5724 333 5775 terae
365 5722 786 5793 superveniens
820 5723 1023 5795 plagas
1057 5727 1307 5798 imponit
1338 5728 1838 5788 luculentasztum

1951 4670 2039 4718 ter
2061 4665 2229 4718 luxus
2261 4680 2327 4717 ac
2361 4662 2703 4717 deliciarum
2742 4663 2919 4718 falsas
2950 4661 3291 4718 dulcedines
3324 4668 3592 4731 gustare;

1949 4751 2292 4822 similesque
2327 4751 2469 4806 istos
2500 4767 2629 4806 esse
2660 4750 2882 4805 homini
2919 4768 3121 4822 parum
3154 4768 3319 4821 sano,
3369 4751 3470 4822 qui
3513 4751 3598 4807 le—

1947 4858 2078 4895 vem
2110 4839 2351 4895 diecula:
2374 4840 2554 4895 unius
2576 4840 3012 4909 jucunditatem
3068 4857 3276 4913 magna
3333 4842 3596 4914 pecunia

1942 4932 2177 5002 jactura
2210 4931 2489 5003 gravique
2522 4947 2714 4986 rerum
2749 4947 2991 4986 suarum
3041 4932 3393 4988 detrimento
3439 4949 3595 4987 emc-

1951 5021 2047 5077 rit.
2070 5021 2200 5076 Fuit
2223 5022 2506 5076 nimirum
2529 5023 2761 5077 institor
2781 5022 3028 5093 gemmis
3062 5024 3384 5095 peregrinis
3411 5025 3593 5088 divcs,

1950 5112 2050 5183 qui
2082 5111 2367 5167 artificem
2404 5113 2724 5168 unionibus
2777 5113 3037 5168 forandis
3089 5114 3301 5170 diurna
3356 5120 3592 5170 centum

1951 5218 2329 5257 nummorum
2376 5204 2645 5257 mercede
2678 5203 2973 5257 conduxit.
3009 5207 3225 5260 Praesto
3270 5222 3338 5260 ex
3390 5206 3597 5261 condi-

1950 5296 2043 5346 cto
2071 5289 2257 5346 adfuit
2285 5291 2587 5363 operarius
2638 5292 2697 5345 in
2746 5291 2993 5347 locantis
3028 5294 3222 5360 domo,
3256 5309 3323 5349 ex
3386 5294 3601 5349 instru-

1953 5380 2165 5435 mentis
2202 5380 2347 5435 artis
2379 5379 2483 5435 Hic
2514 5381 2653 5434 dum
2689 5381 2919 5451 expedit
2942 5397 3003 5437 se
3032 5381 3214 5453 operi,
3238 5382 3395 5437 videt
3454 5384 3598 5439 forte

1952 5485 2301 5541 suspensam
2335 5486 2366 5524 e
2398 5468 2559 5524 clavo
2591 5469 2898 5525 citharam.
2934 5475 2992 5526 et
3022 5488 3148 5527 eam
3181 5471 3328 5526 scire
3360 5489 3421 5527 se
3464 5473 3591 5544 pul-

1952 5574 2080 5613 sare
2124 5557 2437 5629 significat.
2485 5562 2741 5614 Praesens
2791 5561 3241 5631 margaritarum
3297 5562 3597 5627 dominus,

1953 5663 2019 5702 eo
2043 5646 2567 5702 animadverso.Tu
2602 5648 3166 5719 vero,inquit,sume
3197 5650 3279 5706 sis
3312 5651 3597 5723 lyram,“-

1952 5736 2153 5791 benter
2177 5751 2412 5806 operam
2447 5738 2679 5791 canenti
2740 5737 2973 5794 dedero.
3023 5740 3126 5797 Ille
3172 5746 3472 5814 arreptum
3506 5760 3599 5797 or-
