4248 6442
638 381 776 436 1243

2150 378 2537 434 APPBNDIX.

3911 381 4051 435 1244

639 522 857 578 ganum
890 522 1006 560 non
1034 504 1246 559 inscite
1268 506 1504 574 tangere
1526 518 1861 574 aggressus,
1889 502 2033 558 mire
2065 501 2285 574 placuit
2313 503 2367 568 Α
2397 503 2525 559 vitis
2551 507 2904 572 ascetarum,
2937 506 3115 575 gustu
3147 501 3377 558 illectus
3407 505 3527 557 tam
3561 505 3747 558 sancti
3783 521 3849 559 ac
3882 505 4051 560 salu-

638 595 1012 666 voluptuario
1039 599 1307 665 patrono,
1342 593 1484 646 adeo
1521 597 1582 645 nt
1604 591 1654 645 is
1687 609 1792 646 sua
1824 592 1978 646 seria
2005 590 2140 645 ludo
2164 595 2295 662 post

637 684 1080 750 habens,totum
1113 682 1268 735 diem
1304 680 1603 735 inhianter
1650 680 1902 734 audierit
1959 678 2290 733 vibrantem

637 773 786 826 ﬁdes
817 772 1246 826 tenebratorem
1280 769 1684 824 unionem.Ad
1720 785 2018 839 vesperam
2053 773 2291 822 centum

645 877 922 915 nummos
956 859 1275 914 citharmdo
1309 857 1527 929 petenti
1560 864 1888 912 commotus
1920 857 2174 925 institor,
2197 861 2288 910 At-

637 949 764 1019 qui,
798 949 876 1003 mi
903 947 1313 1017 homo,inquit,
1361 963 1476 1002 non
1510 945 1713 1017 plectri
1750 945 2037 1009 movendi,
2063 946 2163 1002 sed
2208 951 2289 1000 te-

635 1037 787 1094 rebri
807 1037 1096 1092 tractandi
1122 1036 1450 1091 mercedem
1470 1034 1646 1091 istam
1669 1035 2290 1106 pronuntiaram.Sane

632 1128 714 1182 ita
740 1127 1064 1196 est,artit‘ex
1093 1125 1477 1195 ait,caaterum
1508 1124 1649 1179 mihi
1684 1128 1884 1196 parato
1917 1125 1987 1180 ad
2039 1123 2288 1180 locatam

621 1215 1020 1288 operam,quis
1039 1215 1190 1270 alius
1211 1231 1388 1286 quam
1409 1218 1471 1270 tu
1492 1214 1615 1286 ipse
1641 1230 1711 1269 ne
1736 1214 2286 1285 defungererobsti-

621 1306 736 1360 tit?
769 1303 881 1359 Mei
903 1303 1115 1373 judicii
1148 1321 1260 1358 non
1299 1307 1426 1358 erat
1465 1303 1671 1373 quanti
1727 1303 2050 1358 aestimares
2083 1320 2286 1359 avoca-

631 1398 826 1450 menta
856 1393 1138 1458 tua,mihi
1165 1393 1353 1446 fraudi
1373 1409 1502 1446 esse
1528 1409 1641 1447 non
1666 1393 1835 1446 debet
1855 1392 1962 1446 tibi
1994 1393 2289 1464 obtempe-

632 1499 827 1536 rasse:
859 1498 1039 1552 quare
1065 1497 1134 1536 ne
1166 1485 1222 1534 te
1255 1480 1639 1535 oblectaveris
1662 1481 2025 1535 mercenariii
2049 1482 2284 1549 damno,

631 1571 994 1641 promissum
1030 1571 1256 1625 diurnas
1287 1586 1472 1639 operai
1507 1569 1756 1639 pretium
1792 1569 1984 1623 redde.
2031 1570 2282 1640 Equum

627 1661 882 1728 dicebat,
915 1663 970 1713 et
1003 1658 1090 1712 vel
1121 1658 1344 1713 invitus
1377 1663 1666 1712 mercator
1717 1661 1953 1712 centum
2011 1676 2284 1714 nummos

624 1748 929 1820 persolvit,
955 1747 1335 1803 inelaboratis
1367 1747 1479 1818 ipsi
1513 1748 1890 1802 manentibus
1940 1748 2278 1803 unionibus.

2398 596 2520 650 bris
2553 595 2830 662 instituti,
2860 609 3213 664 magnopere
3247 593 3399 648 afﬁci
3436 610 3528 648 me
3572 595 3726 648 sensi
3763 595 3835 648 ad
3868 596 4049 649 istam

2397 683 2816 755 professionem
2852 683 3296 754 capessendam,
3322 699 3530 753 meque
3556 699 3690 737 curn
3719 683 3811 736 his
3835 700 4051 753 aggre-

2397 775 2676 844 gandum.
2706 771 3063 827 Retrahebar
3095 777 3286 825 autem
3347 772 3418 824 ab
3471 771 3579 826 hac
3628 772 3931 826 voluntate
3983 789 4051 827 eo

2397 866 2556 917 metu
2594 878 2663 915 ne
2696 877 2809 914 non
2844 876 2948 930 par
2977 875 3168 914 essem
3202 859 3457 914 ferendis
3507 859 3670 914 illius
3719 860 4048 931 disciplina:

2397 951 2966 1020 laboribus,propter
2997 949 3320 1003 contrarios
3364 948 3533 1015 longo
3587 966 3692 1003 usu
3746 950 4055 1005 educatio-

2394 1040 2485 1095 nis
2516 1039 2928 1093 diversissimaa
2960 1042 3291 1092 contractos
3322 1037 3582 1103 habitus,
3610 1054 3920 1110 moresque
3950 1057 4051 1094 as-

2393 1129 2706 1184 suetudine
2738 1126 2978 1182 coalitos
3009 1127 3067 1180 in
3098 1131 3371 1180 naturam
3397 1142 3410 1190 ;
3456 1127 3652 1196 itaque
3674 1127 3921 1182 verebar
3979 1145 4051 1181 ne

2392 1235 2572 1290 supra
2601 1218 2753 1272 vires
2785 1216 3086 1285 connisus,
3136 1231 3249 1268 non
3312 1215 3484 1268 modo
3539 1232 3653 1269 non
3700 1233 4054 1287 assequerer

2390 1307 2715 1379 optata,sed
2749 1313 2802 1360 et
2833 1306 3114 1360 damnum
3151 1303 3472 1374 acciperem
3503 1306 3912 1376 jacturamque
3943 1324 4050 1377 pa-

2390 1401 2544 1451 terer
2576 1397 2700 1466 jam
2752 1393 3272 1465 adeptorum.Illud
3308 1394 3482 1447 etiam
3517 1393 3658 1447 talia
3687 1395 4046 1463 cogitantem

2390 1485 2782 1540 conturbabat
2814 1500 2926 1547 me,
2963 1482 3116 1553 quod
3147 1481 3436 1546 videbam,
3470 1481 3519 1534 si
3561 1482 3782 1536 mundo
3823 1483 4048 1537 valedi-

2389 1591 2528 1630 cens
2562 1575 2874 1644 migrarem
2910 1573 2967 1625 in
2997 1570 3403 1635 solitudinem,
3439 1569 3637 1641 ibique
3667 1570 4053 1642 amplecterer

2388 1664 2728 1718 institutum
2756 1665 3113 1722 ascetarum,
3137 1659 3500 1729 eripiendam
3534 1659 3678 1713 mihi
3706 1660 4048 1716 facultatem

2385 1753 2532 1809 bene
2564 1749 2827 1806 merendi
2860 1751 2929 1804 de
2964 1747 3710 1818 hominibus,juvandique
3741 1749 4051 1804 beneﬁciis

625 1839 712 1892 Ad
749 1838 858 1893 hoc
894 1837 1225 1907 exemplum
1272 1852 1376 1905 ego
1424 1837 1644 1890 veritus
1703 1853 1774 1890 ne
1834 1835 2078 1892 ludicris
2125 1838 2278 1893 seria
2307 1854 2354 1917 Β
2385 1843 2612 1914 inopes,
2644 1841 2814 1910 cujus
2839 1844 3033 1893 tamen
3069 1837 3126 1891 in
3155 1837 3626 1891 exercitationem
3653 1838 3890 1892 virtutis
3922 1856 4051 1894 ma-

625 1929 951 2000 perderem,
986 1925 1438 1981 remissionibus
1500 1925 1671 1996 posui
1703 1925 1967 1993 modum,
1998 1931 2280 1983 attentus-

620 2033 733 2087 que
756 2017 931 2072 ofﬁcii
958 2032 1102 2086 nego
1114 2015 1191 2070 tio
1211 2029 1304 2069 me
1327 2015 1586 2085 impendi
1616 2019 1799 2069 totum
1817 2014 1992 2086 nugis
2008 2016 2273 2086 abjectis.

628 2154 762 2206 CAP:
797 2150 920 2207 VII.
957 2180 1024 2190 -—
1057 2151 1322 2205 Perwnes
1354 2147 1656 2204 meditione
1712 2163 1778 2202 ac
1821 2164 2034 2204 secessu
2073 2148 2134 2203 in
2186 2166 2276 2206 re-

699 2223 1060 2276 surrectionis
1087 2223 1340 2276 notitiam
1371 2220 1674 2290 venit.Ejus
1721 2219 1987 2275 doctrina:
2030 2222 2272 2278 utilitas.

697 2294 1038 2349 Detiberatio
1063 2295 1212 2348 circa
1240 2294 1630 2364 professionem
1660 2295 1788 2346 vitae
1819 2292 2090 2348 asceticae.

692 2415 983 2466 Pertaesus
1029 2412 1182 2465 inter
1200 2410 1320 2464 haec
1339 2409 1708 2481 voluptatnm
1723 2409 2059 2481 vitaa,quod,
2079 2409 2276 2466 harum

622 2501 1072 2557 instabilitatem
1105 2504 1161 2555 et
1193 2499 1536 2554 inanitatem
1567 2516 1794 2568 noram,
1827 2499 2030 2572 collegi
2079 2517 2173 2556 me
2214 2501 2273 2556 in

619 2588 1151 2656 considerationem
1190 2589 1742 2655 attentiorem,etut
1773 2587 1910 2643 huic
1960 2593 2159 2660 aptum
2210 2608 2272 2645 o-

619 2681 769 2736 tium
803 2679 1197 2745 nanciscerer,
1232 2679 1288 2733 in
1325 2677 1708 2734 solitudinem
1734 2694 1824 2733 me
1846 2678 2157 2735 abdidi.Ibi
2189 2680 2274 2734 al-

623 2771 744 2824 tius
777 2769 1082 2840 ingressus
1107 2768 1165 2823 in
1210 2765 1763 2839 contemplationem
1797 2785 2013 2835 rerum,
2044 2785 2273 2840 perma-

625 2874 807 2930 gnum
841 2859 966 2928 ejus
997 2874 1182 2927 Opera:
1216 2857 1470 2911 fructum
1506 2855 1967 2912 retuli.lutellexi
1994 2858 2276 2927 enim,na—

620 2957 764 3002 turaa
797 2945 1069 3000 humanae
1101 2949 1327 3000 statum
1380 2945 1732 3016 etluniversi
1785 2946 2272 3018 gubernationem

624 3052 852 3092 mecum
887 3035 1402 3108 reputans,deesse
1434 3052 1548 3090 non
1601 3051 1772 3106 posse
1832 3037 1974 3107 quin
2035 3038 2112 3093 sit
2165 3038 2271 3094 ali-

626 3125 862 3196 quando
895 3125 1088 3179 futura
1122 3129 1493 3190 mortuorum
1552 3125 1926 3194 resurrectio,
1960 3127 2031 3181 ad
2093 3145 2271 3199 quam

2384 1948 2561 2004 gnam
2588 1929 2730 1984 mihi
2756 1944 2920 2000 spem
2948 1927 3332 1982 constitutam
3357 1925 3673 1981 arbitrarer
3695 1929 4050 1998 perennium

2385 2022 2674 2077 bonorum
2709 2018 3223 2089 acquirendarum.
3259 2015 3448 2079 Quare
3486 2015 3819 2071 metuebam
3857 2034 3928 2072 ne
3963 2017 4047 2072 si-

2385 2111 2546 2166 milis
2578 2110 2772 2163 fierem
2807 2106 2970 2162 canis
3002 2105 3258 2159 frustum
3293 2104 3490 2159 carnis
3528 2119 3627 2159 ore
3649 2106 4047 2177 portanti,qui

2385 2203 2512 2272 ejus
2535 2200 2806 2253 umbram
2836 2198 2893 2250 in
2919 2195 3160 2250 ﬂumine
3217 2194 3406 2250 vicino
3465 2195 3746 2264 majorem
3807 2197 4049 2265 videns,

2385 2290 2604 2346 omisso
2638 2287 2793 2359 quod
2817 2283 3189 2353 tenet,insilit
3210 2285 3281 2339 ad
3306 2284 3660 2355 captandum
3686 2285 3839 2355 quod
3861 2303 4046 2356 appa-

2385 2385 2494 2448 ret,
2529 2396 2595 2434 ac
2627 2377 2709 2432 sic
2739 2381 3061 2446 utrumque
3091 2374 3600 2444 perdens,vacuus
3633 2375 4049 2446 impastusque

2385 2468 2699 2525 stultitiam
2735 2482 2863 2522 sero
2877 2480 3047 2520 suam
3077 2465 3342 2518 damnat.
3362 2464 3457 2518 Sic
3483 2464 3790 2519 subductis
3808 2481 4046 2520 mecum

2386 2557 2714 2614 rationibus
2747 2554 2868 2626 spei
2893 2559 3224 2623 metusque,
3259 2553 3436 2607 statui
3477 2553 3769 2608 sustinere
3820 2570 3914 2608 me
3972 2555 4046 2610 ab

2385 2649 2617 2718 incepto
2641 2662 2758 2700 non
2791 2643 2935 2699 satis
2965 2641 3273 2714 exploratae
3320 2642 3615 2710 utilitatis,
3663 2658 4044 2713 permanere-

2384 2754 2496 2809 que
2527 2733 2763 2790 interim
2789 2732 2850 2786 in
2875 2731 3079 2786 ordine
3109 2746 3175 2785 ac
3206 2733 3364 2785 statu
3381 2731 3512 2786 vitae
3542 2731 3745 2802 priori.

2384 2855 2515 2910 Car.
2549 2851 2699 2906 VIII.
2732 2879 2802 2889 —-
2830 2850 3014 2903 AEstus
3043 2847 3308 2901 Perzonis
3339 2848 3398 2903 in
3415 2847 3810 2902 deliberatione
3828 2848 3896 2902 de
3926 2849 4047 2904 vita

2475 2921 2826 2989 asceticafet
2853 2920 3165 2974 distinctior
3192 2918 3400 2974 notitia
3422 2920 3683 2974 vanitatis
3713 2919 3937 2977 mundi.

2457 3041 2520 3096 In
2567 3039 2676 3095 hoc
2704 3041 2901 3093 tamen
2935 3034 3020 3091 sic
3049 3034 3362 3090 constituto
3410 3051 3482 3091 ne
3528 3035 4041 3106 conquiescerem,

2385 3129 2712 3203 abripiebat
2743 3142 2836 3182 me
2869 3142 3054 3182 novus
3093 3132 3273 3180 aestus
3323 3129 3760 3196 comparantem
3793 3125 3950 3180 inter
3983 3143 4046 3181 se

626 3230 832 3270 omnes
865 3214 1108 3269 tendant
1139 3213 1265 3268 suis
1294 3214 1513 3285 quique
1547 3213 1677 3283 viis,
1713 3214 1977 3271 moribus
2007 3216 2275 3272 videlicet
2301 3219 2345 3287 C
2382 3222 2566 3276 vitam
2627 3235 2693 3274 ac
2742 3220 2985 3286 statum,
3063 3215 3199 3270 hinc
3258 3220 3488 3281 ascetaa,
3551 3215 3710 3270 illinc
3761 3217 4045 3270 amatoris

626 3305 913 3375 actisque,
949 3319 1162 3374 magno
1196 3302 1536 3358 discrimine
1569 3303 1679 3358 sub
1723 3303 1898 3359 ﬁnem
1951 3306 2273 3377 deprehen-

621 3394 812 3450 dendo
844 3393 1132 3449 bonorum
1170 3391 1602 3463 malorumque,
1635 3409 1791 3448 nunc
1830 3394 2160 3467 permistim
2212 3415 2274 3452 a-

617 3482 1041 3554 gentium.Hcec
1072 3483 1335 3537 asceticas
1367 3480 1698 3551 disciplinas
1730 3483 1789 3537 in
1822 3499 2059 3541 secessu
2111 3503 2271 3542 exer-

619 3574 747 3628 citas
779 3572 1046 3628 doctrina
1076 3576 1185 3642 est,
1215 3588 1393 3643 quam
1429 3570 1528 3628 illa
1561 3571 1716 3628 velut
1750 3573 1902 3629 bona
1933 3580 2122 3630 mater
2147 3577 2274 3634 suis

619 3662 967 3730 cultoribus,
995 3661 1078 3715 uti
1105 3660 1412 3733 morigeris
1435 3661 1593 3731 ﬁliis,
1621 3662 1820 3720 tradit.
1855 3665 2160 3730 Quantivis
2191 3665 2276 3722 is-

615 3753 720 3808 tud
747 3750 919 3824 pretii
952 3750 1352 3822 momentique
1383 3750 1651 3806 omnium
1678 3752 2274 3827 maximidogmaest,

621 3842 778 3897 unde
808 3841 939 3896 vitae
990 3843 1142 3894 recte
1190 3839 1512 3910 dirigenda:
1561 3857 1696 3912 spes
1746 3847 1803 3896 et
1863 3844 2010 3899 ratio
2061 3847 2276 3916 pendet

621 3932 910 3988 universa.
944 3930 1148 3986 Turris
1180 3930 1303 3986 hinc
1333 3932 1598 4001 quaedam
1645 3933 2047 3990 munitissima
2075 3941 2186 4006 est,
2213 3937 2274 3992 in

620 4038 798 4093 quam
833 4021 1010 4091 quise
1044 4019 1472 4091 receperit,non
1508 4022 1676 4077 modo
1713 4027 1877 4078 tutus
1910 4027 2277 4094 permanebit

621 4114 695 4170 ab
730 4113 969 4168 incursu
998 4111 1288 4168 malorum
1322 4114 1508 4192 omni,
1542 4115 1641 4170 sed
1674 4119 1731 4170 et
1785 4132 1886 4186 per
1925 4133 2050 4172 eam
2096 4119 2276 4190 pandi

621 4203 735 4258 sibi
769 4203 996 4258 aditum
1040 4203 1098 4256 in
1127 4201 1465 4274 paradisum
1498 4209 1730 4260 αξιοι-ηαδ
1762 4205 2100 4278 voluptatis,
2135 4225 2272 4280 quo,

626 4294 675 4349 si
699 4292 858 4358 velit,
877 4309 1121 4348 securus
1135 4297 1402 4364 penetret
1424 4294 1731 4364 gratulans
1753 4297 2276 4366 experietur.Com-

623 4385 751 4461 peri
779 4382 950 4454 plane
983 4381 1130 4436 nihil
1165 4381 1374 4437 melius
1405 4388 1630 4440 attenta
1673 4385 1786 4440 ista
1832 4387 2275 4460 tranquillaque

620 4472 1003 4526 meditatione
1036 4487 1230 4526 rerum
1265 4472 1336 4526 ad
1357 4471 1607 4528 salutem
1629 4475 1840 4529 animae
1856 4478 2272 4547 spectantium:

619 4562 878 4633 comperi
912 4565 1107 4616 autem
1141 4561 1198 4616 id
1230 4577 1343 4615 non
1370 4578 1480 4616 usu
1515 4562 1705 4618 solum
1725 4567 1983 4635 meo,sed
2001 4572 2058 4622 et
2079 4583 2273 4624 exem-

632 4652 744 4725 plis
764 4651 1241 4722 expcrientiaque
1272 4650 1525 4706 aliorum
1549 4653 1596 4707 ei
1634 4669 1695 4708 se
1742 4655 2108 4712 dedentium.
2155 4662 2274 4714 Hos

621 4743 778 4799 enim
808 4741 1221 4810 animadverti,
1253 4757 1534 4813 apparere
1561 4748 1802 4814 pacatos
1831 4750 1891 4801 et
1922 4745 2083 4803 laetos
2115 4764 2276 4803 sem-

626 4851 750 4907 per,
784 4837 986 4904 gratos
1008 4848 1143 4901 erga
1198 4847 1426 4900 omnes,
1475 4849 1582 4889 suo
1638 4838 1966 4902 contentos,
2015 4854 2276 4910 securos,

620 4923 906 4980 subnixos
920 4938 1203 4995 generoso
1226 4927 1567 4996 contemptu
1591 4929 1934 4981 cunctarum
1956 4928 2161 4983 mundi
2184 4945 2279 4984 va-

621 5016 896 5082 nitatum,
921 5028 1100 5082 supra
1120 5028 1354 5068 omnem
1387 5029 1548 5068 noxae
1567 5013 1753 5070 aleam
1779 5015 1838 5070 in
1873 5015 1992 5072 alta
2023 5018 2277 5088 quadam

619 5120 750 5158 arce
777 5103 990 5158 mentis
1039 5107 1358 5158 exstantes.
1418 5103 1638 5159 Horum
1699 5105 1880 5176 igitur
1943 5107 2276 5163 felicitatem

624 5192 956 5260 mmulatus,
982 5191 1160 5247 livore
1189 5197 1364 5263 atque
1397 5193 1718 5249 invidentia
1753 5195 2094 5266 repudiatis,
2137 5197 2278 5252 cha-

619 5283 776 5339 ritati
813 5298 902 5337 me
935 5282 1153 5349 dedidi;
1189 5282 1520 5354 spretisque
1553 5284 1725 5339 ﬂuxis
1757 5301 1823 5340 ao
1860 5287 2118 5352 caducis,
2155 5303 2279 5358 per—

624 5373 936 5429 factionem
981 5371 1241 5427 atiectavi
1275 5373 1597 5443 sapientiai,
1623 5391 1740 5446 qua
1760 5380 2127 5433 monstrante
2147 5394 2282 5449 pro-

626 5464 833 5518 videns
866 5463 1085 5532 futura,
1109 5463 1540 5534 imperterritus
1569 5464 1751 5532 ibam,
1785 5469 1978 5520 certus
2015 5465 2161 5521 nihil
2220 5485 2282 5523 se

627 5555 997 5624 objecturum
1031 5553 1186 5624 quod
1229 5553 1382 5608 viam
1437 5554 1830 5611 intercludere
1890 5557 1961 5611 ad
2013 5573 2276 5629 scopum,

626 5661 799 5715 quem
826 5645 1118 5709 intuebar,
1143 5661 1289 5700 verae
1323 5645 1733 5711 beatitudinis,
1756 5662 1965 5719 meque
1999 5654 2282 5704 averteret

627 5739 725 5789 aut
758 5734 1041 5790 turbaret.
1073 5736 1174 5791 Per
1206 5734 1363 5790 hunc
1389 5736 1631 5791 modum
1680 5738 2080 5808 experimento
2111 5743 2280 5810 capto

2383 3308 2616 3379 mundi,
2663 3311 2720 3362 et
2779 3323 2846 3362 ea
2903 3303 3211 3360 collatione
3269 3304 3675 3376 reperientem,
3726 3304 3888 3359 haud
3927 3305 4046 3360 fere

2382 3400 2517 3473 plus
2547 3395 2870 3468 voluptatis
2901 3411 2968 3449 ac
3002 3393 3312 3450 suavitatis
3343 3394 3683 3466 contingere
3721 3396 4047 3450 mundanis

2382 3504 2560 3560 quam
2593 3484 3218 3555 solitariis,utcunque
3250 3482 3311 3538 hi
3343 3483 3654 3538 videantur
3701 3484 3864 3539 omni
3915 3485 4047 3538 vita:

2384 3577 2654 3635 mortalis
2685 3576 2878 3631 fructu
2903 3573 3172 3640 destitui,
3205 3577 3412 3628 contra
3431 3572 3515 3628 illi
3566 3571 3795 3629 deliciis
3847 3573 4042 3628 abun-

2384 3670 2540 3723 dare.
2569 3667 2704 3730 Quze
2745 3664 2902 3719 enim
2961 3662 3200 3718 tandem
3248 3663 3373 3717 istae
3414 3661 3634 3717 deliciae
3682 3667 3851 3734 sunt,
3892 3679 4046 3734 quas

2385 3757 2622 3830 penitus
2664 3753 3080 3826 introspiciens
3129 3750 3492 3822 reperiebam
3537 3750 3671 3822 plus
3724 3753 3796 3806 ad
3845 3757 4048 3807 extre-

2388 3862 2553 3903 mum
2590 3842 2898 3900 conciliare
2947 3841 3147 3896 damni
3180 3839 3586 3912 maestitiaque
3642 3857 3822 3912 quam
3870 3841 4044 3897 initio

2387 3932 2698 3990 attulerint
2726 3928 3178 4002 voluptatis?Est
3204 3929 3360 3984 enim
3389 3929 3859 3988 hundusinstar
3873 3947 4046 4002 aqua

2385 4024 2576 4094 salsis,
2601 4022 2756 4078 unde
2787 4023 3008 4091 quanto
3042 4017 3173 4090 plus
3203 4018 3443 4084 biberis,
3467 4024 3630 4074 tanto
3649 4019 3784 4091 plus
3821 4020 3995 4076 sitias
4031 4038 4044 4088 ;

2384 4116 2573 4170 instar
2595 4112 2746 4168 ossis
2769 4109 2942 4175 aridi,
2973 4107 3168 4164 carnis
3199 4109 3377 4164 odore
3421 4109 3677 4178 quodam
3723 4107 4046 4164 allicientis

2385 4200 2718 4273 canem,qui
2752 4199 2932 4255 miser
2964 4215 3029 4254 eo
3063 4199 3314 4254 redendo
3347 4196 3495 4252 nihil
3549 4197 3660 4252 nisi
3712 4197 3921 4252 dentes
3953 4205 4045 4252 at-

2384 4295 2523 4351 terit
2552 4297 2610 4349 et
2641 4292 2836 4347 fauces
2868 4288 3289 4356 convulnerat;
3322 4288 3509 4343 instar
3555 4287 3796 4342 frustuli
3845 4289 4048 4343 carnis

2385 4388 2562 4456 raptae
2586 4400 2619 4438 a
2647 4379 2968 4448 vulture,in
3001 4394 3175 4450 quem
3210 4375 3587 4433 convolantes
3618 4378 3881 4446 undique
3916 4376 4046 4431 alia:

2384 4489 2623 4547 rapaces
2657 4487 2812 4540 aves,
2837 4469 3091 4540 abjicere
3125 4469 3382 4541 praedam
3424 4472 3662 4538 cogunt,
3705 4467 4046 4522 necessaria

2385 4564 2476 4622 sui
2503 4561 2706 4618 tuendi
2730 4558 3207 4631 cura,plagisque
3247 4562 3492 4613 contuso
3524 4573 3588 4612 ac
3636 4573 3838 4627 pugna
3887 4557 4044 4611 fesso

2387 4672 2500 4712 non
2520 4653 2705 4708 alium
2729 4650 2944 4722 rapinae
2969 4666 3087 4704 suae
3107 4649 3361 4702 fructum
3389 4646 3736 4717 relinquunt
3759 4661 3940 4715 quam
3956 4645 4042 4699 fa-

2387 4760 2544 4800 mem
2575 4746 2634 4797 et
2666 4744 2934 4796 mmstam
2968 4737 3306 4793 memoriam
3334 4736 3599 4791 inanium
3631 4733 4039 4799 laborum;in-

2389 4839 2513 4890 star
2542 4830 2699 4887 vasis
2733 4827 2942 4884 mellea
2972 4825 3285 4898 superﬁcie
3319 4840 3607 4880 venenum
3661 4822 4039 4894 suppositum

2387 4922 2661 4995 tegentis,
2687 4935 2754 4975 ex
2786 4935 2901 4990 quo
2934 4918 3031 4990 qui
3067 4916 3379 4971 dulcedine
3420 4913 3649 4968 illectus
3684 4912 3904 4979 mellis,
3938 4929 4043 4981 gu-

2392 5013 2651 5079 staverit,
2704 5027 2836 5066 mox
2886 5024 3021 5064 cum
3073 5007 3336 5062 cruciatu
3385 5003 3794 5070 exanimetur;
3855 5001 4046 5056 instar

2394 5105 2592 5160 laetum
2627 5099 2926 5157 somnium
2958 5096 3234 5161 videntis,
3260 5095 3530 5166 qui,mox
3561 5093 3848 5164 evigilans
3875 5093 3933 5146 in
3960 5093 4042 5145 fa-

2392 5194 2656 5250 miliares
2691 5189 2959 5245 miserias
3005 5186 3342 5252 revolvitur;
3384 5185 3570 5238 instar
3628 5181 3882 5252 fulguris
3925 5198 4046 5234 mo-

2393 5289 2592 5340 mento
2626 5277 3026 5335 illuminantis
3055 5281 3412 5331 nocturnum
3443 5273 3893 5335 viatorem,suis
3926 5276 4044 5325 sta-

2393 5374 2501 5430 tim
2533 5370 2791 5426 tenebris
2819 5367 3208 5433 reddendum;
3249 5365 3434 5418 instar
3464 5360 3790 5429 bombycis.
3811 5361 4046 5415 assidue

2393 5464 2584 5520 nendo
2617 5458 2762 5515 nihil
2794 5455 3218 5527 lucrantis,nisi
3250 5453 3505 5509 sterilem
3537 5451 4042 5507 continuationem

2394 5553 2609 5610 inﬁniti
2641 5550 2880 5606 laboris.
2917 5547 3080 5603 Talia
3129 5548 3406 5616 reputans
3451 5558 3655 5597 rursus
3700 5539 4043 5596 resorbebar

2393 5647 2451 5701 in
2485 5642 2841 5699 desiderium
2865 5640 2992 5694 vitm
3025 5635 3299 5692 solitaria:
3350 5632 3657 5697 sectandae,
3714 5644 4036 5700 rursusque

2394 5732 2819 5792 netrahebarin
2847 5729 3208 5803 propositum
3237 5742 3350 5780 non
3382 5721 3696 5778 abdicandi
3728 5720 3859 5776 vitae
3893 5735 4038 5774 com-
