4226 6460
217 391 361 446 1245

1219 399 1578 454 ΒΡΕΟῙΜΕΝ
1618 400 2016 457 SAPIENTIE
2054 407 2385 467 INDORUM
2423 416 2581 468 VET.

3474 422 3610 479 1246

215 517 557 583 moda,dum
590 534 655 573 ea
684 534 1039 591 comparans
1071 537 1205 576 cum
1238 523 1855 595 aerumnis,angustiis,
1885 525 1938 590 Α
1970 528 2149 585 renda
2179 538 2237 587 ct
2266 538 2523 593 curanda
2555 540 2823 613 conjuge,
2859 541 3059 598 liberis
3090 545 3430 613 educandis,
3471 564 3607 617 pro-

216 604 523 661 laboribus
555 607 683 661 vitae
715 606 906 678 inopis
938 609 995 663 in
1030 609 1345 665 solitudine
1378 612 1862 683 degendea,haud-

213 708 518 764 quaquam
556 694 696 748 mihi
733 694 1060 751 faciendum
1095 699 1397 768 putabam,
1432 703 1493 753 ut
1544 700 1663 754 hac
1713 700 1862 755 ultro

213 782 550 852 abjicerem,
600 799 724 854 qus;-
769 785 909 839 forte
936 787 1310 857 postmodum
1354 788 1571 869 frustra
1604 790 1861 859 require-

216 887 362 925 rem.
394 872 546 926 Inter
572 871 677 927 hos
706 874 870 943 quasi
904 874 1114 929 ﬂuctus
1146 876 1430 948 ancipites
1462 893 1744 933 sensuum
1795 895 1861 933 ac

212 965 477 1015 votorum
514 962 755 1016 alternis
790 962 1223 1033 prtevalentium
1268 966 1539 1037 ambigue
1582 968 1858 1036 jnctatus,

211 1047 429 1104 similis
479 1066 635 1105 eram
690 1051 958 1123 imperito
985 1053 1195 1122 judici,
1232 1055 1429 1109 leviter
1460 1058 1711 1111 mutanti
1743 1056 1856 1111 cal-

208 1138 395 1205 culos,
440 1144 495 1195 et
545 1142 717 1196 modo
750 1143 1051 1198 damnanti
1101 1160 1275 1215 quem
1326 1144 1673 1213 absolverat,
1726 1164 1856 1202 mox

210 1244 388 1298 quem
418 1230 797 1286 damnaverat
830 1249 1036 1286 rursus
1066 1233 1410 1289 absolventi.

208 1344 345 1399 CAP.
384 1344 482 1402 IX.
514 1352 843 1420 ——_Perz.oes
867 1357 1080 1404 aeterna
1106 1355 1347 1420 spectare
1375 1351 1657 1406 constituit
1690 1370 1701 1406 :
1727 1351 1856 1409 vitm

580 1417 847 1476 humana:
878 1417 1159 1475 miseriam
1190 1420 1465 1476 describit.

275 1531 517 1603 Aliquid
563 1539 759 1589 tamen
794 1536 935 1589 certi
984 1536 1209 1591 fructus
1258 1552 1325 1591 ex
1376 1537 1467 1592 his
1516 1538 1853 1596 altercantis

201 1636 405 1675 secum
436 1623 547 1677 mei
579 1623 759 1679 animi
792 1624 1102 1679 contrariis
1124 1626 1446 1682 assultibus
1470 1626 1849 1699 collegi.Con-

202 1709 475 1765 siderans
508 1712 664 1767 enim
696 1716 921 1769 tantam
955 1713 1113 1775 illam
1140 1716 1198 1770 in
1220 1715 1375 1771 victu
1398 1716 1678 1787 cultuque
1702 1720 1851 1774 duri-

198 1798 343 1853 tiem
375 1803 728 1871 aecetarum,
753 1800 1118 1859 tolerabilem
1146 1803 1313 1875 ipsis,
1347 1804 1467 1859 imo
1499 1822 1731 1862 suavem
1764 1807 1843 1861 vi-

1970 622 2306 689 movendis;
2343 626 2672 683 ambiendis
2705 630 3046 699 honoribus,
3081 635 3450 690 commerciis
3501 638 3606 690 mi-

1969 710 2504 777 scendis,amicitiis
2531 719 3204 790 contrahendis,invidia:
3231 724 3608 793 petitionibus

1968 797 2638 874 declinandis,periculis
2663 807 3046 878 judiciorum,
3074 812 3344 866 trandum
3375 813 3607 869 insidiis

1966 888 2136 943 anxia
2194 894 2553 960 providentia
2612 899 2901 953 cavendis.
2962 902 3222 955 Senescit
3276 902 3427 955 inter
3486 905 3605 958 hmo

1965 977 2410 1036 circumferrens
2434 983 2489 1036 in
2516 985 2637 1039 suis
2662 985 2787 1057 ipse
2809 986 3127 1043 visceribus
3151 1007 3213 1044 ac
3228 992 3388 1045 venis
3413 992 3605 1046 hostm

1964 1081 2265 1137 nunquam
2293 1072 2626 1141 quiscentes
2649 1079 3599 1151 quatuor,sanguinem,p|ilegma,

1962 1154 2233 1225 chymum
2267 1160 2556 1228 et‘bilcm;
2593 1163 2868 1221 obsessus
2899 1169 3150 1222 exterius
3184 1168 3415 1223 infestis
3447 1188 3601 1225 sem-

1961 1259 2063 1313 per
2118 1246 2393 1315 periculis
2450 1252 2794 1322 toxicorum,
2844 1256 3197 1326 viperarum,
3258 1266 3595 1330 serpentum

1960 1347 2169 1401 genere
2200 1337 2380 1407 omni,
2404 1342 2528 1393 tum
2564 1340 2797 1397 leonum
2832 1344 3201 1415 ferarumque
3236 1348 3595 1403 rabidarum.

1961 1421 2235 1479 Praetereo
2267 1442 2535 1497 vaporem
2570 1432 2805 1486 noxium
2859 1433 3001 1487 solis
3051 1436 3329 1499 ardentis,
3383 1438 3595 1507 frigora

1957 1508 2217 1567 hiemum
2251 1531 2315 1569 ac
2346 1517 2586 1587 nivium,
2621 1521 2899 1590 pestilens
2933 1524 3413 1595 ccclum,luesque
3446 1546 3597 1583 aura:

1955 1600 2140 1655 tractu
2178 1607 2351 1674 atque
2393 1605 2576 1661 halitu
2629 1609 2973 1681 vulgabiles,
3025 1614 3433 1670 inundantium
3485 1618 3594 1672 im-

1954 1686 2172 1755 brium,
2216 1691 2331 1745 tela
2379 1695 2623 1751 nubium
2675 1704 2733 1752 et
2776 1698 3089 1755 fulminum
3142 1702 3433 1759 horrores.
3486 1710 3596 1761 Per

1956 1774 2060 1831 has
2092 1778 2282 1834 minas
2322 1798 2616 1854 nusquam
2664 1803 2777 1841 non
2830 1787 3107 1856 intentas,
3157 1791 3203 1844 si
3256 1792 3388 1863 quis
3437 1796 3594 1851 varie

204 1886 575 1955 deri,idcirco
599 1864 753 1960 quod
777 1890 971 1945 brevis
991 1892 1087 1961 sit,
1118 1864 1221 1947 nec
1244 1864 1398 1947 ultra
1420 1892 1544 1948 vitea
1577 1895 1843 1953 mortalis
1874 1878 1922 1944 Β
1952 1864 2313 1961 νίίθδῖωάυθ
2361 1874 2653 1943 Ρθτίίηῖἔθδ
2701 1876 2769 1929 δά
2804 1877 3158 1950 decrepitam
3211 1887 3458 1951 aetatem:
3512 1885 3589 1939 ibi

198 1978 456 2045 spatium
492 1983 690 2045 exeat;
723 1978 985 2035 vicissim
1018 1985 1213 2036 autem
1245 1982 1568 2053 excipiatur
1610 1987 1843 2056 gaudiis

188 2065 430 2121 aeternis
484 2082 498 2121 :
550 2066 777 2123 decrevi
828 2085 932 2139 ego
964 2085 1221 2141 quoque,
1251 2071 1415 2141 parvi
1446 2072 1657 2129 ducere
1688 2077 1841 2132 bona

188 2157 527 2225 praesentia,
560 2174 663 2229 spe
694 2175 758 2213 ac
805 2161 1239 2231 comparatione
1288 2162 1640 2221 futurorum.
1692 2167 1839 2223 Hinc

184 2244 355 2313 quasi
413 2245 724 2301 consolans
774 2246 1028 2302 animam
1079 2264 1295 2316 meam,
1345 2254 1401 2304 et
1448 2252 1837 2323 comprobans

180 2334 561 2403 inexplebilis
590 2334 693 2390 illa
723 2336 1017 2393 desideria
1061 2337 1279 2408 quibus
1327 2339 1651 2398 inhiaverat
1691 2362 1832 2415 pro-

183 2425 428 2481 fessioni
474 2429 600 2481 vitae
647 2444 781 2483 cum
814 2428 1029 2484 virtute
1059 2431 1408 2501 conjunctae,
1443 2433 1706 2489 dicebam
1741 2454 1753 2490 :
1790 2437 1831 2491 Ο

184 2519 477 2584 quantum
509 2516 566 2570 in
591 2515 699 2571 hoc
744 2517 871 2571 vitae
925 2533 1135 2589 genere
1184 2536 1390 2591 aspero
1433 2522 1832 2597 destitutoque

187 2602 461 2658 laborum
527 2622 1033 2677 arumnarumque
1098 2610 1397 2666 sentiturl
1450 2613 1551 2667 sed
1623 2631 1831 2672 rursus

186 2706 371 2761 quam
404 2692 596 2748 brevis
645 2699 702 2749 et
749 2700 902 2750 ﬂuxa
950 2700 1038 2751 est
1081 2697 1347 2769 voluptas
1397 2700 1826 2772 indulgentium

187 2781 401 2851 genio!
436 2798 613 2852 quam
666 2783 838 2839 fallax
887 2787 1146 2842 suavitas
1196 2794 1608 2847 momentaneo
1649 2800 1825 2864 gustu

185 2869 576 2927 evanescens!
628 2872 767 2936 Quis
818 2890 988 2945 porro
1037 2880 1159 2931 tam
1216 2876 1371 2932 laevae
1423 2882 1657 2949 mentis,
1710 2899 1824 2940 non

182 2958 422 3014 abunde
450 2962 841 3032 compensari,
891 2980 1005 3019 non
1057 2966 1199 3021 bene
1250 2967 1471 3023 condiri
1522 2975 1687 3041 putet
1728 2989 1825 3028 ex-

182 3048 532 3118 perientiam
562 3051 792 3106 brevem
826 3069 1011 3123 parvae
1064 3056 1476 3113 amaritudinis
1522 3066 1821 3132 exspecta-

184 3135 341 3191 tione
372 3143 531 3193 certa
560 3139 887 3197 dulcedinis
918 3144 1314 3214 sempiternae?
1334 3147 1474 3212 Quis
1505 3148 1679 3206 homo
1710 3159 1819 3223 est,

177 3226 271 3279 cui
307 3226 355 3280 si
390 3227 642 3283 conditio
677 3229 898 3285 feratur
926 3231 1245 3288 subeundae
1280 3251 1381 3306 per
1426 3241 1660 3309 tempus
1702 3258 1815 3297 non
1850 3235 1894 3303 C

176 3313 422 3385 longum
456 3318 597 3372 arcti
631 3321 881 3375 carceris
912 3322 1216 3393 angustiae,
1250 3328 1313 3379 ut
1345 3341 1478 3381 mox
1508 3326 1563 3381 in
1596 3336 1822 3386 aeternas

172 3405 530 3461 amaznitatis
560 3407 730 3463 beata
753 3409 945 3479 spatia
974 3408 1324 3483 laxetur,qui
1349 3422 1579 3472 recuset
1600 3423 1701 3473 aut
1722 3421 1825 3476 du-

170 3493 320 3549 bitet
342 3494 693 3552 admittere?
718 3499 804 3552 An
838 3514 953 3553 non
985 3506 1072 3555 est
1101 3500 1221 3556 haec
1252 3503 1368 3558 vita
1397 3504 1569 3575 plena
1600 3507 1820 3565 dolori—

170 3582 305 3652 bus,
340 3584 548 3639 acerba
583 3584 872 3654 cladibus,
924 3588 1097 3643 anxia
1146 3590 1459 3662 periculis;
1508 3594 1626 3653 imo
1678 3598 1816 3669 quid

167 3672 429 3727 hominis
462 3674 520 3727 in
552 3677 705 3730 terra
734 3678 1095 3733 conversatio
1127 3678 1284 3735 aliud
1315 3687 1404 3737 est
1434 3700 1609 3754 quam
1655 3688 1816 3759 jugis

166 3761 431 3831 afflictio,
484 3768 708 3821 textum
758 3768 1098 3822 necessariae
1146 3770 1419 3843 miserisa,
1468 3775 1811 3834 continuum

165 3856 526 3907 tormentum
557 3870 672 3909 uno
705 3856 935 3911 saevitiae
959 3861 1159 3914 tenore
1181 3876 1214 3916 a
1236 3860 1524 3934 principio
1543 3867 1612 3920 ad
1635 3867 1811 3925 finem

162 3940 511 4011 pertinens?
559 3943 861 4001 Enimvero
910 3946 1039 4017 ipsa
1085 3947 1345 4007 hominis
1406 3954 1594 4023 prima
1650 3958 1811 4029 origo

160 4046 340 4101 quam
373 4030 744 4089 vilis?Mucus
776 4051 984 4105 nempe
1015 4037 1253 4108 quidam
1279 4040 1553 4111 (utaiunt
1576 4047 1811 4119 medici)

156 4119 438 4191 delapsus
472 4122 528 4176 in
572 4128 804 4178 uterum
854 4125 1137 4193 mulieris,
1187 4129 1387 4201 ibique
1433 4149 1567 4188 cum
1618 4135 1806 4206 ipsius

154 4210 447 4282 sanguine
477 4214 841 4285 commistus,
876 4216 1012 4271 inde
1043 4233 1423 4277 concrescens
1462 4223 1807 4296 dispertitur

154 4299 212 4354 in
247 4300 537 4370 membra,
569 4318 909 4374 moramque
940 4305 1105 4361 ducit
1133 4306 1369 4381 longam
1400 4310 1459 4366 in
1491 4312 1609 4369 illis
1642 4319 1803 4373 tene-

152 4387 276 4443 bris
309 4395 366 4444 et
398 4392 690 4461 angustiis
720 4392 848 4447 sine
901 4394 1029 4449 cibo
1078 4401 1135 4451 et
1183 4406 1346 4468 potu,
1396 4402 1521 4456 tum
1572 4412 1801 4463 maturo

149 4483 357 4549 partus
389 4482 672 4551 tempore,
703 4498 838 4536 cum
871 4483 1103 4540 nixibus
1135 4490 1191 4541 et
1220 4490 1470 4545 summis
1500 4491 1799 4552 doloribus

148 4566 344 4637 ejicitu
356 4568 591 4624 r.Natus
615 4586 758 4641 puer
779 4571 1091 4645 multiplici
1114 4574 1438 4634 ministerio
1460 4580 1797 4651 gerulorum

148 4663 205 4711 et
238 4657 563 4721 nutricum,
597 4675 697 4729 per
727 4660 899 4715 ﬂetus
928 4662 1043 4717 fere
1074 4666 1345 4721 assiduos
1390 4669 1460 4723 ad
1515 4672 1794 4729 creberri-

148 4762 313 4801 mum
348 4761 589 4801 sensum
622 4748 1202 4824 famiss,itis,algoris
1233 4754 1638 4829 similiumque
1670 4778 1794 4818 ma-

147 4834 366 4903 lorum,
402 4836 617 4907 quibus
650 4839 913 4908 subjacet
938 4840 1231 4899 imbecilla
1263 4845 1527 4915 infantia,
1580 4852 1795 4921 perdu-

147 4926 304 4981 citur
334 4927 404 4982 ad
442 4927 923 4985 molestissimam
970 4931 1081 5003 ipsi
1129 4934 1599 4993 ablactationem.
1655 4944 1794 4999 Inde

144 5015 446 5087 magistris
477 5017 831 5085 edocendus,
866 5019 975 5077 hoc
1005 5027 1094 5077 est
1121 5026 1567 5099 excruciandus,
1609 5032 1790 5086 tradi-

144 5115 256 5173 tur,
291 5106 777 5179 subigendusque
810 5114 1028 5166 terrore
1062 5130 1129 5167 ac
1180 5114 1369 5187 plagis
1420 5117 1488 5171 ad
1538 5118 1786 5191 litteras,

140 5206 237 5252 aut
270 5200 426 5251 artes
456 5202 841 5269 caeteramque
871 5200 1248 5273 disciplinam
1280 5204 1545 5277 improbo
1590 5208 1787 5268 labore

136 5286 526 5357 arripiendas.
558 5286 714 5341 Mitto
749 5289 937 5345 febres
986 5292 1298 5365 variosque
1348 5294 1679 5370 languores,
1729 5306 1785 5358 et

131 5378 333 5447 pejora
365 5373 535 5429 malis
586 5376 842 5432 remedia
892 5380 1402 5439 amarissimarum
1452 5387 1777 5458 potionum.

137 5464 230 5519 Sic
261 5464 324 5518 in
354 5464 749 5520 robustiorum
776 5466 983 5523 educto
1013 5474 1268 5540 aetatem,
1299 5472 1452 5529 alius
1485 5492 1599 5531 non
1643 5478 1780 5534 faci-

130 5553 346 5608 liorum
380 5553 765 5609 certaminum
798 5571 1043 5629 campus
1076 5560 1654 5631 aperitur,latissime
1678 5584 1777 5639 pa-

131 5648 261 5699 tens
296 5643 353 5696 in
388 5658 562 5697 curas
592 5647 1110 5718 contentionesque
1140 5650 1423 5708 sollicitas
1447 5653 1658 5710 diversi
1686 5674 1779 5729 ge-

128 5731 286 5788 ueris
322 5749 335 5787 ε
370 5732 428 5787 in
462 5731 682 5788 divitiis
712 5737 993 5805 parandis
1026 5740 1327 5813 partisque
1354 5744 1772 5818 tuendisque:-

1952 1956 2164 2026 reperit
2192 1962 2527 2029 curtandiu
2560 1964 2771 2020 vixisse
2820 1969 3113 2038 paeniteat.
3164 1974 3348 2041 Super
3397 1974 3593 2029 omnia

1948 2060 2106 2100 mors
2166 2045 2384 2117 ingruit
2437 2050 2657 2108 incerta
2714 2055 2805 2109 sui
2861 2061 3291 2129 exspectatione
3348 2060 3587 2131 longum

1944 2135 2181 2202 vexatis,
2218 2138 2735 2213 tristissimamque
2768 2162 2800 2200 a
2832 2148 3072 2215 mundo,
3109 2166 3141 2203 a
3173 2150 3355 2220 patria
3387 2152 3588 2210 domo-

1945 2240 2076 2295 que,
2111 2243 2140 2280 a
2175 2231 2479 2301 complexu
2512 2234 2844 2303 charorum,
2880 2255 2912 2293 a
2958 2238 3176 2309 liberis,
3233 2245 3583 2315 consangui-

1943 2314 2091 2384 neis,
2142 2317 2370 2389 amicis,
2420 2321 2714 2391 fratribus,
2746 2344 2777 2380 a
2809 2327 3025 2399 spebus
3055 2332 3183 2384 vitae
3216 2333 3443 2388 cunctis
3476 2334 3587 2388 mi-

1940 2404 2266 2473 grationem
2300 2408 2736 2468 inexorabiliter
2764 2416 2997 2471 edicens
3050 2436 3066 2481 ;
3117 2419 3299 2474 multo
3350 2421 3580 2479 interim

1942 2494 2131 2565 magis
2164 2498 2453 2567 crucians,
2489 2502 2720 2558 conscia
2752 2505 3083 2577 suspicione
3116 2525 3438 2579 poenarum,
3464 2512 3583 2564 ani-

1940 2597 2049 2637 mae
2072 2600 2205 2639 mox
2225 2602 2465 2658 corpore
2490 2590 3092 2662 soluta3,luendarum,
3114 2598 3185 2651 ob
3209 2615 3320 2653 non
3356 2602 3582 2672 expiata

1936 2670 2062 2725 vitae
2094 2674 2332 2730 scelera.
2385 2678 2582 2734 Eritne
2634 2682 2948 2753 quisquam
3001 2703 3153 2740 sanae
3203 2690 3436 2753 montis,
3489 2690 3580 2745 his

1935 2764 2260 2832 perpensis,
2291 2782 2464 2836 quem
2497 2768 2677 2839 hujus
2709 2788 3047 2829 aerumnosas
3081 2793 3145 2830 ac
3178 2778 3577 2848 corruptibilis

1932 2850 2061 2905 vitae
2095 2868 2207 2907 non
2236 2854 2484 2910 taedeat?
2510 2858 2610 2928 qui
2644 2858 2889 2916 libenter
2921 2862 3013 2918 hic
3046 2865 3141 2935 sit,
3178 2866 3277 2937 qui
3309 2868 3575 2940 volupta—

1932 2942 2058 2993 tum
2090 2945 2147 2995 et
2178 2944 2441 3013 turpium
2475 2950 2532 3001 et
2564 2947 2859 3019 fugacium
2894 2958 3067 3023 gustu
3118 2956 3420 3025 capiatur?
3471 2958 3573 3029 qui

1932 3028 2101 3084 ﬂuxis
2149 3034 2206 3086 et
2254 3034 2491 3089 caducis
2544 3036 2899 3094 inaedificare
2947 3058 3081 3112 spes
3130 3028 3575 3103 ambitiosaset

1930 3132 2132 3172 secure
2181 3118 2452 3177 insistere
2484 3139 2597 3177 non
2629 3125 2899 3183 dubitet?
2928 3129 3010 3185 Sit
3042 3130 3139 3187 ille
3170 3132 3300 3189 licet
3322 3151 3438 3204 rex,
3474 3137 3571 3207 sit,

1932 3206 2034 3262 Dei
2084 3206 2372 3280 singulari
2421 3212 2721 3282 beneﬁcio,
2773 3220 3002 3274 cunctis
3051 3226 3271 3278 natura:
3311 3206 3571 3292 dotibus,

1931 3294 2178 3353 fortuna:
2209 3298 2503 3356 favoribus
2534 3308 2814 3374 ornatus;
2847 3308 3037 3377 vigeat
3065 3311 3569 3385 valetudine,gau-

1929 3385 2062 3441 deat
2092 3388 2325 3459 opibus,
2355 3390 2559 3447 ﬂoreat
2587 3394 3017 3453 existimatione
3048 3416 3115 3454 ac
3144 3403 3331 3469 fama;
3384 3412 3572 3462 exstet

1926 3473 2042 3529 alte
2071 3478 2426 3549 conspicuus
2452 3481 2511 3535 in
2544 3499 2673 3539 arce
2695 3487 2947 3553 quadam
2973 3488 3239 3545 humans:
3274 3492 3567 3553 felicitatis

1926 3578 1958 3617 a
1998 3566 2226 3622 cunctis
2257 3567 2586 3640 vulgarium
2614 3571 3121 3633 incommodorum
3155 3586 3451 3650 protectus
3484 3586 3569 3640 in-

1925 3650 2181 3709 sultibus
2213 3670 2227 3709 :
2263 3655 2406 3711 feret
2435 3661 2634 3715 tamen
2667 3678 2866 3718 secum
2897 3681 3249 3739 quocunque
3294 3675 3567 3729 ascendet

1923 3742 2222 3798 rodentem
2258 3744 2419 3801 intus
2450 3749 2664 3805 tineam
2708 3752 2863 3809 lente
2911 3759 3230 3823 grassantis
3277 3762 3458 3827 exitii,
3510 3770 3566 3819 et

1920 3830 2331 3888 insidiantium
2364 3837 2626 3909 undique
2656 3840 3060 3900 calamitatum
3097 3864 3277 3903 unum
3319 3853 3565 3922 reperiet

1918 3921 2135 3977 exitum
2169 3924 2226 3978 in
2257 3924 2421 3981 clade
2455 3927 2679 4001 ultima,
2711 3932 2967 3990 animam
3017 3936 3129 4008 ipsi
3173 3955 3237 3994 ac
3286 3921 3560 4013 spiritum

1916 4014 2190 4069 extremis
2223 4018 2541 4088 angoribus
2572 4025 2887 4080 extortura.

1916 4128 2045 4184 CAP.
2075 4130 2147 4185 X.
2182 4162 2249 4173 —
2281 4135 2933 4221 Infelicitas_mprtalium
2991 4146 3266 4204 luculento
3315 4152 3556 4221 symbolo

2565 4209 2897 4268 declaratur.

1982 4321 2119 4375 Post
2144 4318 2264 4375 haec
2294 4320 2599 4393 ingressus
2630 4342 2735 4399 ego
2767 4346 2970 4387 rursus
3016 4332 3076 4387 in
3128 4335 3391 4393 altiorem
3416 4357 3555 4395 con-

1910 4406 2325 4465 siderationem
2387 4428 2581 4468 rerum
2638 4432 2767 4488 qua:
2826 4419 3097 4477 visuntur
3147 4424 3203 4480 in
3255 4426 3363 4483 hoc
3390 4430 3550 4499 orbe,

1908 4499 2293 4555 animadverti
2328 4508 2731 4563 creaturarum
2764 4513 3028 4569 omnium
3064 4515 3230 4571 facile
3273 4526 3550 4590 praestan-

1827 4615 1875 4680 D
1905 4588 2203 4645 tissimum
2238 4606 2366 4647 esse
2394 4592 2921 4667 hominem,verum
2954 4606 3224 4662 eumdem
3258 4588 3551 4683 negligen-

1908 4684 2025 4735 tem
2060 4680 2172 4750 sui,
2194 4698 2257 4737 ac
2285 4684 2515 4754 proprie
2541 4688 2746 4744 salutis
2777 4690 3164 4768 incuriosum,
3201 4680 3361 4756 illam
3394 4680 3548 4773 p'ost-

1906 4768 2116 4825 habere
2143 4769 2541 4844 voluptatibus
2568 4793 2872 4839 sensuum.
2909 4785 3056 4840 Tum
3110 4788 3193 4844 sic
3241 4768 3409 4862 apud
3450 4808 3542 4848 me

1904 4858 2017 4914 dixi
2054 4878 2066 4915 :
2096 4860 2319 4918 Similis
2342 4868 2431 4918 est
2453 4864 2627 4923 homo
2650 4870 2769 4926 viro
2792 4874 3049 4945 cuipiam
3073 4858 3318 4950 fugienti
3343 4900 3375 4938 a
3396 4884 3541 4941 facie

1901 4950 2006 5003 feri
2040 4952 2515 5022 monoccrotis,et
2546 4972 2795 5014 cursusu
2829 4961 2928 5018 illo
2960 4966 3151 5023 delato
3185 4970 3240 5025 in
3276 4975 3535 5045 prmcipi-

1898 5037 2045 5093 tium
2078 5038 2392 5097 imminens
2424 5043 2731 5116 lacui,'jubi
2764 5058 2993 5123 reperta
3043 5056 3259 5129 ingenti
3312 5063 3535 5131 arbore,

1900 5130 2236 5185 conscendit
2268 5132 2324 5186 in
2350 5150 2543 5191 ramos
2574 5136 2703 5207 ejus
2735 5139 3257 5220 inferiores,iisque
3289 5170 3535 5224 suspen-

1896 5234 1999 5273 sus
2030 5218 2213 5274 haesit.
2247 5221 2677 5281 Nidulabantur
2708 5230 2817 5284 sub
2849 5248 2986 5289 cavo
3016 5218 3229 5294 cortice
3258 5218 3412 5312 ejus-
3440 5262 3535 5299 ar-

1894 5306 2049 5362 boris
2098 5326 2319 5381 angues
2368 5318 2639 5383 quatuor,
2690 5321 3049 5381 tercbrantes
3098 5328 3311 5399 ipsum,
3344 5337 3400 5387 et
3431 5352 3533 5406 per

1890 5396 2196 5466 foramina,
2232 5417 2358 5471 quae
2392 5405 2643 5461 rodendo
2679 5408 2951 5482 fecerant,
2992 5418 3185 5487 capita
3232 5426 3531 5480 ostentan-

1889 5490 1995 5540 tes.
2029 5486 2370 5559 Despiciens
2399 5491 2533 5548 inde
2557 5496 2623 5549 ad
2659 5498 2884 5557 radices
2915 5486 3161 5574 arboris,
3195 5508 3340 5565 vidit
3369 5529 3533 5568 accu-

1889 5573 2120 5630 bantem
2172 5578 2483 5636 draconem
2544 5583 2885 5657 immanem,
2943 5599 3104 5649 vasto
3155 5597 3528 5658 diductaiuni

1884 5663 2144 5720 faucium
2177 5667 2433 5726 hiantem
2470 5674 2681 5745 spatio,
2710 5678 2779 5731 ad
2816 5696 2897 5749 se,
2933 5684 3029 5737 ubi
3066 5687 3398 5759 decidisset,
3425 5695 3523 5748 ub-

1883 5754 2262 5811 sorbendum.
2296 5758 2452 5814 Vidit
2495 5766 2551 5817 et
2598 5780 2795 5822 mures
2839 5769 3008 5839 duos,
3066 5774 3263 5833 album
3318 5754 3521 5852 unum,
