4248 6442
657 363 794 416 1247

2159 370 2547 422 APPENDIX.

3919 367 4052 419 1248

652 487 887 558 nigrum
923 487 1191 553 alterum,
1225 490 1424 544 rodere
1456 491 1691 546 assidue
1723 492 1852 546 illos
1884 492 2043 562 ipsos
2077 491 2293 562 quibus
2325 494 2378 559 Α
2410 491 2629 562 quibus
2661 505 2814 560 aegra
2847 489 3176 545 mortalitas
3202 488 3491 544 innititur.
3527 492 3786 554 Quatuor
3834 505 4052 561 angues

654 576 967 630 insistebat
1000 593 1212 643 ramos,
1248 579 1664 634 admordcntes
1697 597 1796 634 eos
1835 580 1961 634 sine
2006 581 2310 634 intermis-

654 665 819 719 sione
875 682 990 735 qua
1024 669 1183 735 partr-
1219 667 1737 722 committebanlur
1768 674 2012 736 trunco;
2051 669 2309 738 profece-

655 758 903 824 rantque
935 754 1234 809 arrosione
1266 757 1541 810 continua
1571 761 1823 824 tantum,
1858 763 1919 811 ut
1953 756 2084 827 plus
2118 757 2310 811 media

653 842 918 897 crassitie
950 843 1332 910 accisa,tenui
1364 850 1588 898 tantum
1624 845 1886 917 segmine
1909 862 1974 899 ac
2021 844 2179 899 velut
2210 844 2307 898 filo

653 931 1159 998 nutanti,ramalia
1182 931 1281 986 illa
1304 932 1638 1002 quaeipsum
1661 933 2306 1004 sustentabantplanta:

651 1019 840 1089 stipiti
875 1019 1180 1074 harerent.
1217 1021 1277 1073 In
1315 1021 1404 1074 his
1437 1021 1615 1075 miser
1647 1022 1962 1093 angustiis,
1998 1026 2172 1092 prout
2203 1037 2307 1091 par

651 1112 795 1174 erat,
830 1109 1114 1162 aestuabat
1143 1109 1361 1177 animo,
1395 1109 1685 1164 sollicitus
1710 1127 1961 1180 quonam
2019 1114 2185 1179 pacto
2235 1125 2301 1162 ex

651 1202 737 1251 tot
761 1197 1021 1267 undique
1045 1198 1458 1268 ingruentibus
1484 1199 1760 1268 periculis
1784 1199 1982 1254 salvus
2013 1199 2301 1253 evaderet.

651 1285 776 1340 Tali
809 1302 952 1341 cura
984 1286 1316 1357 suspiciens
1350 1287 1496 1341 forte
1526 1289 1876 1355 observavit,
1901 1305 1968 1341 ex
2000 1289 2305 1343 cacumine

653 1375 899 1436 arboris.
934 1375 1032 1428 ubi
1067 1391 1205 1445 apes
1237 1376 1393 1430 favos
1427 1377 1702 1440 fecerant,
1737 1375 1848 1430 mel
1882 1376 2147 1431 defluens
2180 1375 2304 1429 stil-

650 1463 793 1532 lare,
823 1463 999 1533 quod,
1035 1480 1178 1517 usus
1207 1464 1665 1533 opportunitate,
1692 1470 1932 1534 gustare
1965 1465 2303 1534 cmpit,tan-

650 1555 897 1620 tumque
929 1550 1029 1604 illa
1078 1551 1388 1606 dulcedine
1441 1550 1766 1606 ohlectatus
1813 1557 1921 1616 est,
1975 1559 2039 1605 ut
2087 1551 2303 1605 oblitus

651 1640 1162 1695 circumstantium
1233 1645 1656 1705 monstrorum,
1712 1640 1812 1694 feri
1886 1640 2299 1706 monocerotis,

653 1727 950 1783 horribilis
1005 1729 1298 1793 draconis,
1351 1727 1670 1798 hydrorum
1721 1733 1989 1797 quatuor,
2045 1729 2301 1782 duorum

2414 579 2546 634 sinu
2574 579 2703 650 ipso
2726 578 2910 634 clausi
2936 578 3183 645 arboris,
3217 578 3495 633 humores
3517 583 3770 649 quatuor
3788 580 4055 646 figurant,

2412 683 2660 739 quorum
2695 667 2998 737 temperie,
3032 666 3254 722 mutuis
3301 668 3551 721 invicem
3598 671 3944 722 cunctorum
3992 668 4056 722 li-

2412 756 2579 811 brata
2602 755 3044 821 certaminibus,
3077 773 3290 828 corpus
3313 756 3470 822 vivit;
3506 757 3804 826 perforant
3828 757 3864 811 ii
3895 763 4054 811 trun-

2410 861 2544 899 cum
2576 851 2869 916 caputque
2898 851 3199 911 exserunt,
3223 845 3453 915 quoties
3477 862 3633 900 unus
3655 862 3834 916 supra
3858 862 4055 900 omnes

2409 933 2751 1004 praevalens,
2783 933 3018 987 morbos
3051 939 3229 999 creat,
3279 933 3580 987 interitum
3638 933 3897 1001 minans,
3951 933 4054 987 nisi

2408 1021 2494 1076 vis
2525 1023 2652 1092 ejus
2685 1021 3176 1076 medicaminibus
3208 1030 3407 1075 retusa
3429 1022 3499 1075 ad
3533 1025 4052 1091 temperamentum

2410 1115 2881 1180 concentumque
2911 1109 3224 1180 redigatur.
3275 1110 3457 1163 Draco
3498 1109 3722 1164 inferne
3772 1111 4054 1165 accubans

2410 1200 2595 1254 Orcus
2627 1204 2862 1270 est,quo
2895 1197 3308 1252 inevitabiliter
3338 1198 3532 1252 cuncti
3568 1197 3890 1252 trudimur.
3913 1199 4058 1254 Duo-

2409 1306 2539 1342 rum
2566 1288 2822 1342 murium
2845 1287 3135 1342 candidus
3159 1287 3468 1355 diem,ater
3491 1291 3718 1341 noctem
3746 1287 4055 1357 significat:

2409 1377 2496 1432 ha:
2526 1377 2712 1432 fulcra
2755 1376 2885 1430 vitae
2936 1377 3250 1439 subruunt,
3298 1375 3656 1430 indesinenti
3708 1376 4062 1431 detractione

2409 1467 2669 1537 spatium
2702 1464 2929 1520 vivendi
2963 1464 3319 1519 minuentes.
3340 1463 3598 1518 Fallaees
3630 1465 3932 1534 noxiaeque
3961 1482 4058 1519 vo-

2409 1555 2665 1626 luptates
2698 1553 2892 1609 mellis
2922 1568 3175 1623 superne
3208 1552 3509 1607 alﬂuentis
3542 1552 3830 1607 insidiosa
3879 1552 4064 1606 stilla-

2408 1644 2565 1698 tione
2597 1641 3206 1696 adumbranturzhaac
3240 1641 3396 1695 enim
3434 1640 3762 1710 perniciose
3793 1641 4068 1697 mortales

2409 1731 2682 1800 oblectat,
2722 1747 2978 1786 avocans
3028 1734 3255 1785 mentes
3301 1744 3508 1784 eorum
3560 1746 3592 1784 a
3646 1728 3858 1784 salutis
3913 1746 4067 1799 cura,

656 1818 939 1882 murium,
975 1833 1189 1883 ramos,
1223 1816 1435 1885 quibus
1476 1819 1883 1872 sustinebatur
1913 1834 1984 1872 ne
2010 1818 2066 1870 in
2095 1817 2293 1888 gulam
2326 1841 2372 1906 Β
2410 1821 2732 1891 afﬁxosque
2781 1820 2940 1892 ipsos
2967 1819 3138 1874 ﬂuxis
3171 1818 3428 1890 gaudiis,
3461 1835 3534 1874 ne
3564 1818 3927 1890 sempiterna
3959 1818 4065 1873 sibi

652 1907 924 1962 draconis
955 1907 1206 1970 caderet,
1236 1906 1507 1977 stirpitus
1539 1906 1988 1975 succidentium,
2040 1909 2299 1963 suaviter

653 1996 1071 2066 acquiesceret,
1107 1995 1272 2048 avide
1305 2012 1370 2048 ac
1402 2011 1603 2049 secure
1634 2001 1879 2066 captans
1908 2012 2161 2067 superne
2200 1997 2303 2051 de-

652 2085 973 2141 stillantem
998 2084 1284 2154 liquorem
1312 2083 1678 2140 melleum.ld
1709 2086 1846 2139 dum
1872 2085 2011 2155 agit,
2036 2085 2306 2155 abruptis

651 2175 888 2228 tandem
925 2173 1126 2237 ramis,
1160 2173 1436 2226 decidens
1468 2173 1692 2238 infelix,
1736 2189 1870 2228 esca
1917 2174 2108 2228 factus
2161 2175 2304 2229 dra-

653 2263 815 2317 conis
846 2261 1154 2329 inhiantis,
1191 2262 1434 2316 interiit.
1472 2262 1533 2316 In
1567 2262 1676 2316 hac
1705 2261 1964 2334 imagine
1995 2263 2155 2318 ferus
2189 2262 2306 2317 rhi-

657 2368 895 2407 noceros
926 2352 1198 2421 designat
1229 2354 1474 2405 mortem
1499 2352 1968 2422 pertinacissime
1988 2351 2307 2408 instantem

657 2439 902 2506 homini,
955 2444 1011 2494 et
1058 2456 1410 2511 quocunque
1458 2456 1520 2494 se
1569 2441 1881 2495 contulerit
1919 2457 2053 2496 eum
2106 2459 2307 2512 perse-

659 2533 958 2601 quentem,
995 2527 1174 2582 nullis
1208 2545 1460 2598 usquam
1511 2528 1562 2582 ei
1611 2529 1758 2584 tutis
1807 2530 1878 2584 ab
1930 2546 1996 2584 ea
2046 2530 2308 2585 latebris.

656 2618 841 2673 Lacus
895 2622 984 2671 est
1031 2615 1152 2671 vita
1205 2617 1322 2671 haec
1356 2617 1593 2686 misera,
1628 2619 1906 2673 monstris
1937 2623 2187 2683 scatens,
2221 2618 2307 2672 in-

659 2707 806 2761 festa
837 2706 1182 2775 naufragiis,
1216 2705 1456 2760 infamis
1505 2705 1792 2775 cladibus,
1846 2708 2004 2778 regio
2053 2707 2312 2762 infausta

659 2794 1078 2865 lacrymarum.
1105 2793 1278 2850 Rami
1311 2794 1426 2848 duo
1470 2794 1757 2864 suppositi
1809 2794 2078 2865 pedibus,
2128 2795 2311 2851 arrosi

659 2901 692 2939 a
716 2882 1387 2954 muribus,temporariae
1411 2898 1547 2954 spes
1570 2888 1625 2938 et
1647 2883 1812 2937 ﬂuxae
1841 2884 2311 2955 commoditates,

2414 1910 2771 1982 provideant,
2831 1909 3121 1963 detinens.
3174 1907 3277 1962 His
3331 1923 3436 1978 ego
3488 1906 3794 1979 perpensis
3848 1910 4069 1961 attente

2417 1997 2714 2066 omnibus,
2763 1996 2991 2052 decrevi
3037 2001 3300 2067 perstare
3348 1999 3661 2050 contentus
3711 1995 4070 2066 professione

2419 2101 3060 2156 mea,magnopereque
3093 2085 3338 2140 incubui
3371 2086 3436 2139 ad
3474 2085 3972 2139 benemerendum
4005 2085 4072 2138 de

2417 2174 2838 2245 indigentibus,
2876 2178 2932 2228 et
2963 2190 3194 2244 quoquo
3229 2174 3421 2240 modo,
3466 2188 3651 2243 quave
3705 2188 3884 2244 opera
3936 2189 4073 2242 pos-

2419 2279 2566 2333 sem,
2598 2263 2800 2333 inopes
2824 2262 3154 2331 juvandos:
3192 2262 3276 2317 sic
3306 2266 3610 2332 reputans,
3644 2260 3796 2315 hanc
3827 2275 3958 2314 esse
3990 2261 4078 2313 de-

2417 2353 2575 2422 bere,
2610 2352 2658 2406 si
2693 2351 2813 2406 ulla
2843 2352 2944 2420 sit,
2979 2350 3192 2406 salutis
3224 2350 3401 2418 viam,
3437 2365 3799 2420 speransque
3828 2347 4075 2403 felicita-

2419 2448 2557 2507 tem,
2591 2442 2763 2511 cujus
2806 2440 3074 2495 innatum
3126 2440 3355 2495 homini
3404 2437 3762 2493 desiderium
3813 2443 3924 2506 est,
3976 2437 4075 2490 tali

2422 2531 2794 2604 potissimum
2828 2530 3236 2586 assectandam
3271 2533 3506 2583 conatu.
3548 2528 3630 2582 lla
3673 2527 4003 2598 composita
4051 2543 4080 2580 e

2421 2621 2587 2692 prius
2608 2620 2948 2675 memoratis
2971 2617 3459 2674 ﬂuctuationibus
3482 2620 3678 2672 mente
3701 2615 3920 2670 missus
3947 2631 4080 2670 sum

2423 2727 2455 2764 a
2485 2725 2620 2781 rege
2649 2710 2904 2765 Chosroe
2951 2708 3012 2763 in
3065 2708 3292 2762 Indiam
3347 2723 3360 2760 :
3414 2706 3666 2775 indeque
3713 2704 3771 2758 in
3823 2705 4079 2775 patriam

2422 2800 2605 2854 redux
2647 2799 2805 2854 edidi
2855 2797 3075 2853 multos
3123 2795 3325 2863 libros,
3361 2813 3391 2850 e
3422 2794 3640 2867 quibus
3671 2793 3765 2848 hic
3796 2809 3955 2848 unus
3987 2798 4081 2847 est

2423 2892 2820 2960 nuncupatus,
2854 2886 3142 2959 Specimen
3181 2883 3487 2957 Sapientiae
3514 2883 3792 2938 Indorum.

1886 3260 2849 3392 SPEGIMEN

740 3502 1868 3667 SAPIENTI/E
1983 3501 2923 3668 INDORUM
3006 3501 3976 3670 VETERUM

2207 3791 2277 3834 EX
2289 3791 2536 3835 EIDITUI

1224 3948 1998 4009 DISSERTA'I‘IONIBUS
2041 3946 2568 4006 PARABOLICIS
2612 3947 3051 4013 QUINDECIM
3097 3949 3509 4011 CUJUSDAM

1469 4052 2162 4115 GYMNOSOPHISTIE
2205 4053 2310 4112 AD
2355 4052 2936 4114 ABESSALOMUM
2981 4056 3272 4117 REGEM.

1799 4345 2319 4405 DISSERTATIO
2362 4345 2856 4406 PARABOLICA
2900 4347 2947 4406 Ι.

667 4472 1077 4552 Βρρνςτεεηεαι
1107 4473 1167 4532 in
1215 4477 1584 4550 Vestigatovre
1614 4480 1778 4531 artes
1808 4469 2164 4532 ambitionis
2196 4471 2501 4551 improbae,
2539 4472 2922 4532 conciliantis
2951 4480 3009 4531 et
3033 4472 3367 4532 dirimentis
3403 4473 3563 4531 inter
3612 4476 3772 4532 alios
3817 4472 4087 4549 gratiam

740 4553 821 4613 ad
846 4562 1141 4632 quaestum
1165 4556 1480 4633 proprium
1511 4571 1688 4631 coque
1712 4553 2076 4633 per_omm°a
2129 4556 2353 4612 scelera
2401 4554 2750 4631 gressantis.
2806 4552 3013 4612 Obiter
3057 4553 3252 4612 multa
3296 4552 3648 4612 inseruntur
3693 4554 3819 4613 alia
3872 4555 4078 4612 varias

740 4631 877 4694 vita:
905 4651 981 4694 ac
1008 4632 1260 4694 moralis
1278 4631 1576 4693 doctrinae
1600 4643 1807 4712 partes
1839 4631 2260 4710 informantia.

732 4785 1175 4854 Abessalomus,
1210 4785 1484 4841 Indorum
1519 4799 1638 4851 rex,
1673 4783 1971 4839 consuluit
2002 4785 2315 4856 quemdam
2352 4786 2392 4852 C
2433 4785 2632 4853 vitam,
2669 4785 2772 4840 hos
2805 4785 3183 4840 admonuisse
3215 4786 3409 4840 verbis
3442 4785 3786 4855 bujusmodi
3824 4803 3836 4840 :
3872 4785 3914 4840 Ο
3976 4785 4090 4839 mei

662 4891 692 4931 e
724 4875 849 4930 suis
883 4874 1277 4929 familiaribus
1308 4873 1885 4946 gymnosophistam,
1919 4873 2321 4930 dicens:Volo

668 4969 784 5019 ate
814 4963 959 5018 mihi
992 4963 1276 5018 declarari
1313 4981 1414 5034 per
1443 4962 1730 5033 exempla,
1766 4979 1880 5032 quo
1935 4963 2104 5017 modo
2161 4964 2318 5017 frau-

660 5054 941 5108 dulentus
998 5060 1053 5108 et
1108 5053 1407 5125 malignus
1458 5053 1567 5117 vir,
1621 5051 1936 5107 insinuans
1986 5069 2112 5106 sese
2163 5053 2316 5107 inter

659 5145 880 5199 amicos
915 5144 1083 5209 duos,
1118 5142 1357 5196 dirimat
1389 5145 1444 5196 et
1476 5143 1532 5195 in
1569 5142 1770 5195 odium
1806 5147 2129 5197 commutet
2179 5158 2317 5197 con-

661 5239 912 5288 tractam
947 5233 1112 5303 prius
1146 5233 1296 5287 inter
1327 5233 1488 5303 ipsos
1520 5230 1861 5286 amicitiam.

735 5323 777 5378 Ι,
815 5323 898 5377 Ad
931 5338 998 5377 ea
1039 5321 1098 5376 in
1145 5321 1304 5376 hunc
1359 5322 1599 5376 modum
1653 5321 1956 5391 respondit
2005 5336 2317 5392 gymnoso-

664 5414 862 5486 phista
896 5429 910 5466 :

737 5506 941 5556 Fertur
971 5506 1260 5557 mercator
1290 5503 1531 5572 quidam
1565 5500 1838 5572 copiosus
1872 5517 1935 5555 ac
1968 5500 2149 5566 dives,
2171 5501 2322 5556 filios

662 5592 886 5646 habens
921 5591 1118 5662 pigros
1151 5595 1208 5645 et
1258 5607 1359 5663 per
1408 5590 1695 5644 desidiam
1751 5605 1985 5644 aversos
2035 5591 2106 5644 ab
2153 5590 2320 5644 addi-

665 5681 883 5738 scenda
919 5681 1354 5753 factitandaque
1387 5685 1509 5735 arte
1543 5679 1821 5751 quapiam
1854 5695 1921 5733 ex
1956 5680 2201 5734 utilibus
2251 5681 2320 5734 ad

2432 4874 2559 4941 filii,
2612 4876 2710 4944 qui
2764 4875 2823 4929 in
2875 4875 2984 4929 hac
3033 4875 3151 4929 vita
3201 4879 3602 4941 conversatur,
3637 4875 3828 4929 tribus
3860 4874 4091 4946 indiget

2432 4964 2641 5018 rebus:
2669 4980 2846 5034 opum
2881 4964 3047 5036 copia
3074 4963 3402 5018 sufficiente
3430 4964 3500 5018 ad
3523 4963 3740 5018 victum
3766 4969 3822 5018 et
3845 4963 4092 5030 cultum,

2432 5054 2584 5107 bona
2617 5053 2770 5108 fama
2800 5057 2857 5107 et
2885 5053 3318 5108 existimatione
3373 5054 3526 5124 apud
3581 5053 3877 5121 homines,
3929 5054 4093 5107 deni-

2431 5158 2544 5212 que
2595 5141 2748 5197 felici
2797 5141 3165 5198 assecutione
3215 5142 3608 5210 repositorum
3651 5144 3708 5196 in
3745 5143 3864 5197 vita
3897 5144 4095 5196 futura

2423 5231 2604 5300 justis
2633 5232 2943 5285 bonorum.
2970 5235 3100 5285 Haec
3134 5249 3305 5301 porro
3339 5231 3450 5285 tria
3484 5249 3598 5286 non
3635 5231 3806 5286 aliter
3830 5231 3934 5285 ulli
3962 5247 4096 5285 con-

2433 5321 2672 5391 tingunt
2703 5337 2877 5390 quam
2913 5337 3015 5390 per
3046 5320 3157 5376 ista
3200 5325 3474 5391 quatuor,
3527 5337 3780 5391 quorum
3837 5322 4093 5392 primum

2432 5415 2521 5464 est
2555 5426 2568 5464 :
2605 5410 2908 5480 possidere
2939 5410 3173 5464 divitias
3196 5411 3359 5479 jusle
3393 5414 3631 5480 partas;
3669 5409 3951 5474 alterum,
4003 5425 4096 5464 eas

2433 5498 2852 5554 administrare
2885 5516 2949 5554 ac
2979 5500 3322 5571 dispensare
3365 5498 3694 5570 sapienter;
3729 5500 4000 5567 tertium,
4035 5516 4096 5552 ex

2433 5590 2503 5643 iis
2536 5604 2775 5661 erogare
2806 5588 3563 5661 indigentibus,prmsertim
3597 5588 3738 5643 dum
3766 5589 4090 5660 postulant:

2433 5678 2542 5734 hoc
2575 5680 2730 5733 enim
2760 5695 2908 5751 opus
2939 5682 2996 5735 et
3025 5679 3083 5734 in
3115 5678 3225 5734 hac
3255 5679 3373 5734 vita
3404 5678 3548 5734 utile
3577 5683 3669 5735 est
3699 5684 3758 5734 et
3781 5680 3842 5734 in
3873 5681 4088 5736 futura:
