4248 6442
659 378 790 432 1251

2172 381 2559 437 APPENDIX.

3937 383 3958 436 1
3969 383 4083 437 252

656 503 727 557 ad
761 516 994 557 omnem
1052 505 1273 555 motum
1308 500 1429 556 folii
1465 505 1760 571 paventes,
1821 501 1931 554 sibi
1969 501 2103 555 boni
2141 503 2293 571 unis,
2329 510 2383 570 Α
2413 507 2551 574 ptus
2585 522 2650 560 ac
2686 507 2887 577 sortis,
2923 507 3090 576 friget
3141 505 3296 578 apud
3328 505 3634 581 audientes
3661 509 3718 560 et
3751 506 4074 575 spernitur.

653 593 856 645 vivunt
885 589 1117 661 inglorii
1142 593 1198 644 et
1229 589 1455 644 cunctis
1489 589 1883 660 ignorabiles;
1917 588 2004 644 vel
2039 589 2086 644 si
2122 607 2305 644 anno-

655 697 785 734 rum
837 693 1148 733 numerum
1185 695 1218 732 a
1248 676 1387 731 lazva
1436 676 1832 748 promoverint
1876 679 1946 732 ad
1981 679 2301 743 dexteram,

650 768 707 822 in
741 769 1034 839 decrepito
1066 767 1202 822 licet
1231 766 1415 835 senio,
1446 766 1593 820 mori
1630 765 1857 837 pueruli
1888 766 2178 824 videntur.

717 876 783 931 V.
818 874 1083 930 Occurrit
1140 873 1232 928 his
1285 877 1486 928 contra
1542 876 1882 930 Coronatus.
1931 874 2000 929 Et
2049 875 2180 942 ista,
2208 875 2300 929 in-

646 965 876 1035 quiens,
901 981 1026 1035 qum
1060 963 1424 1029 declamasti,
1450 979 1556 1016 nos
1587 979 1841 1033 quoque,
1865 979 1897 1017 ο
1929 964 2098 1033 bone,
2133 981 2300 1020 nove-

643 1070 877 1118 ramus;
922 1058 1195 1107 creterum
1247 1051 1329 1105 sic
1380 1050 1549 1119 habe,
1585 1068 1752 1104 suam
1803 1068 1932 1106 esse
1979 1053 2296 1124 unicuique

645 1143 1026 1197 constitutam
1089 1156 1427 1194 mensuram
1480 1138 1764 1194 claritatis
1797 1145 1970 1211 atque
2005 1143 2247 1196 fortunas
2278 1159 2291 1197 :

643 1247 824 1300 quare
855 1229 953 1299 qui
986 1229 1136 1282 inter
1168 1227 1481 1282 honoratos
1515 1231 1570 1281 et
1606 1228 1731 1298 ipse
1759 1227 1977 1284 honore
2017 1229 2293 1301 dignatus

641 1320 846 1388 fulget,
874 1323 1028 1373 recte
1059 1317 1170 1372 sibi
1197 1333 1260 1371 ac
1285 1334 1402 1371 suae
1434 1317 1616 1387 quieti
1650 1317 2031 1384 consuluerit,
2067 1321 2114 1374 si
2149 1338 2290 1391 pru-

642 1409 888 1479 riginem
923 1407 1295 1461 ambitiosam
1320 1406 1664 1476 assurgendi
1685 1407 1863 1461 altius
1885 1424 2290 1479 compescens,

639 1500 698 1552 in
733 1515 838 1553 suo
871 1497 1110 1551 sedebat
1159 1496 1345 1566 gradu
1395 1494 1778 1564 tranquillus.
1811 1497 1959 1559 Quid
2001 1515 2134 1568 ergo
2183 1516 2288 1554 nos

637 1590 796 1645 aliud
822 1605 1172 1659 quaeramus,
1191 1587 1290 1657 qui
1314 1587 1485 1641 ambo
1508 1587 1750 1657 gratiosi
1772 1589 1923 1658 apud
1962 1590 2284 1662 principem

633 1679 694 1734 in
745 1678 940 1749 amplo
972 1675 1299 1731 ministerio
1330 1677 1679 1731 versamur?
1729 1676 1830 1730 Cui
1880 1678 1988 1732 hoc
2039 1697 2152 1733 non
2200 1684 2288 1735 est

633 1769 797 1834 satis,
831 1765 978 1821 nihil
1029 1765 1301 1821 sufficiet.
1332 1765 1529 1834 Atqui,
1564 1764 1644 1819 ait
1690 1765 2044 1836 Vestigator,
2079 1785 2284 1824 omnes

2411 593 2495 646 Sit
2546 595 2628 648 ita
2679 612 2839 664 sane,
2872 595 3176 666 respondit
3233 595 3580 662 Coronatus,
3613 594 3810 649 vincas
3862 611 4074 650 omnes

2411 681 2646 752 ingenio
2701 685 2841 740 dum
2883 684 3217 755 disputabis
3249 700 3444 738 coram
3479 699 3611 753 rege
3645 699 3656 738 :
3691 700 3763 737 an
3797 688 3860 738 tu
3894 688 4070 754 putas

2411 770 2597 826 solere
2648 773 2940 845 principes
2986 773 3256 844 amplecti
3289 789 3519 827 summo
3554 773 3746 827 favore
3779 779 4070 844 pra-stan—

2410 859 2711 916 tissimum
2744 879 3032 934 quemque
3061 863 3088 917 ‘?
3137 862 3312 933 Atqui
3338 862 3441 918 viti
3493 861 3578 917 illi
3629 872 3770 916 sunt
3815 861 4064 930 similes,

2409 966 2532 1019 quae
2560 951 2852 1022 pampinis
2886 953 3010 1007 suis
3043 953 3224 1023 cingit
3255 969 3320 1007 ac
3351 952 3589 1022 stringit
3637 968 3750 1006 non
3807 952 4066 1021 Optimas

2407 1041 2706 1110 arborum,
2733 1045 2832 1098 sed
2867 1043 3185 1115 proximas.
3207 1044 3450 1098 Favores
3483 1042 3636 1114 regis
3667 1042 3783 1097 illis
3817 1059 4063 1097 servan-

2409 1135 2522 1200 tur,
2557 1132 2652 1202 qui
2696 1133 2905 1187 intimo
2949 1132 3062 1203 ipsi
3111 1133 3510 1204 diuturnoque
3569 1133 3837 1186 convictu
3898 1147 4061 1186 com-

2405 1219 2684 1289 mendati,
2719 1223 3104 1292 prmferuntur
3145 1220 3394 1285 cunctis,
3431 1220 3771 1292 prazjudicio
3805 1219 4059 1288 quodam

2401 1308 2655 1380 antiqua
2689 1310 3106 1365 familiaritatis
3142 1326 3153 1364 :
3189 1327 3221 1366 a
3251 1326 3370 1380 qua
3399 1315 3460 1365 tu
3495 1326 3629 1364 cum
3663 1310 3832 1381 longe
3865 1309 4062 1380 hacte-

2401 1413 2513 1452 nus
2573 1399 2851 1469 abfueris,
2889 1417 3071 1454 novus
3098 1399 3321 1454 scilicet
3352 1398 3505 1468 istic,
3539 1400 3717 1453 etiam
3754 1415 3856 1469 pro
3887 1397 4056 1467 igno-

2399 1489 2456 1538 to
2507 1487 2892 1558 negligendus
2941 1488 3272 1559 apparebis.
3307 1489 3390 1542 Ad
3437 1503 3505 1542 ea
3549 1486 3899 1556 Vestigator.
3937 1491 4055 1542 Nec

2399 1577 2664 1630 inaudita
2722 1577 2888 1642 mihi,
2947 1594 3052 1631 nec
3109 1576 3277 1643 falsa,
3336 1577 3551 1648 inquit,
3604 1575 3884 1640 disseris;
3938 1593 4053 1630 ca:-

2400 1669 2613 1733 terum,
2645 1669 2702 1720 et
2751 1665 2897 1720 illud
2949 1666 3079 1720 novi
3129 1665 3296 1735 istos,
3331 1681 3480 1736 quos
3527 1682 3732 1720 narras
3766 1664 3885 1736 regi
3919 1681 4054 1719 esse

2399 1755 2663 1820 intimos,
2693 1756 2950 1827 primum
2986 1754 3301 1826 aliquando
3333 1755 3404 1809 ad
3438 1771 3572 1809 cum
3605 1770 3905 1808 accessum
3941 1753 4051 1808 ha-

632 1856 778 1911 aulzs
813 1872 878 1910 ac
910 1855 1094 1926 regni,
1125 1854 1372 1924 vitaeque
1419 1854 1560 1908 adeo
1613 1871 1676 1908 ac
1728 1855 1933 1909 mundi
1966 1857 2283 1928 dignitates
2315 1873 2362 1934 Β
2394 1843 2617 1934 misse?
2656 1861 2959 1934 numquam
3009 1849 3180 1898 antea
3228 1844 3407 1911 νίεοεν
3441 1850 3598 1934 εἴκει
3629 1843 3834 1934 humi”
3871 1843 3942 1934 fld
3981 1843 4056 1895 ἱλ-

629 1946 686 2000 in
713 1959 1021 2001 commune
1053 1947 1463 2015 proponuntur
1496 1943 1735 2014 praemia
1767 1945 2140 2019 merentium,
2162 1950 2283 2007 fru-

629 2040 757 2090 ctus
798 2034 1162 2089 audentium.
1199 2035 1402 2104 Itaque
1459 2036 1742 2102 tanquam
1793 2033 1862 2113 ad
1918 2035 2174 2105 palmam
2221 2040 2282 2096 in

630 2125 821 2179 medio
869 2123 1120 2195 positam
1147 2123 1248 2191 jus
1275 2121 1705 2192 arbitriumque
1752 2122 1964 2194 cuique
2008 2131 2095 2181 est
2148 2146 2282 2184 cur-

630 2215 794 2270 rendi
843 2218 899 2269 et
947 2212 1290 2285 experiundi
1350 2212 1492 2283 quid
1552 2212 1754 2282 possit.
1808 2218 1887 2269 Ex
1937 2215 2280 2276 discrimine

628 2320 797 2375 porro
828 2302 1095 2374 generosi
1135 2308 1191 2357 et
1231 2302 1422 2373 ignavi
1457 2302 1683 2372 patebit
1709 2303 1899 2359 utrius
1932 2304 2099 2361 alteri
2132 2325 2278 2379 pras-

625 2394 878 2463 Optanda
912 2393 1169 2449 conditio
1203 2391 1277 2446 sit
1310 2408 1322 2445 :
1353 2407 1672 2463 generosus
1722 2409 1952 2464 semper
1989 2399 2277 2469 ascendit,

624 2484 873 2555 ignavus
900 2483 1174 2538 continue
1206 2499 1268 2536 se
1300 2481 1600 2551 deprimit.
1636 2481 1778 2536 Cum
1829 2489 2051 2551 autem,
2077 2492 2140 2542 ut
2175 2506 2276 2560 pa-

619 2573 737 2627 lam
762 2579 871 2640 est,
896 2575 1142 2626 arduum
1174 2570 1467 2628 .laboriosu
1481 2587 1657 2641 mque
1680 2572 1757 2626 sit
1783 2572 1840 2627 in
1866 2574 2119 2630 sublime
2145 2577 2271 2644 niti,

622 2663 964 2718 facillimum
989 2677 1120 2716 vero
1143 2678 1208 2715 ac
1232 2677 1483 2732 pronum
1517 2662 1790 2716 deorsum
1826 2664 2080 2730 tendere,
2103 2684 2272 2722 nemo

620 2770 734 2806 non
768 2753 920 2806 videt
970 2751 1201 2820 quando
1251 2751 1624 2821 praestantius
1676 2750 2152 2826 laudabiliusque
2196 2756 2274 2812 sit

619 2859 917 2912 emergere
961 2841 1015 2894 in
1051 2841 1256 2909 altum,
1282 2857 1346 2894 ac
1379 2856 1619 2910 surgere
1649 2842 1873 2907 conari,
1908 2859 2082 2912 quam
2113 2845 2272 2900 desi-

617 2933 750 2986 dere
785 2931 1072 3002 patienter
1105 2930 1162 2984 in
1196 2929 1422 2984 infimo.
1460 2929 1646 3000 Igitur
1675 2931 1808 3000 quis
1840 2932 2068 2988 dubitet
2101 2936 2268 3005 sequi

616 3037 908 3092 quemque
938 3021 1150 3074 debere
1199 3019 1353 3089 quod
1406 3035 1535 3073 esse
1583 3024 1816 3074 constat
1865 3021 2264 3094 excellentius,

615 3126 840 3180 nosque
887 3109 1030 3163 adeo
1065 3108 1196 3162 vilis
1248 3107 1470 3168 inertiae
1515 3108 1902 3178 damnandos,
1935 3110 1985 3164 si
2020 3113 2267 3169 modicis

616 3199 1066 3260 indormiamus,
1091 3197 1162 3250 ad
1183 3212 1396 3266 magna
1428 3196 1680 3252 invitati.
1707 3197 1986 3267 Equidem
2010 3201 2266 3271 arripere

613 3287 1280 3342 constituioccasionem
1305 3286 1602 3341 crescendi
1636 3303 1814 3357 quam
1849 3287 2160 3359 benignam
2186 3293 2265 3345 of-

614 3379 720 3431 fert
754 3378 865 3430 ista
898 3374 1147 3430 formido
1180 3375 1404 3430 domini
1435 3375 1643 3444 leonis,
1669 3379 1725 3432 et
1747 3380 1863 3432 tam
1887 3378 2072 3448 ipsius
2090 3397 2267 3450 quam

611 3466 868 3521 cohortis
895 3483 960 3520 ac
993 3465 1306 3520 comitatus
1337 3464 1593 3520 universi
1625 3471 1804 3521 aestus
1853 3471 2028 3538 atque
2074 3469 2268 3524 incer-

610 3555 798 3609 titudo
832 3555 1083 3609 consilii.
1120 3554 1296 3608 Adire
1346 3553 1512 3608 illum
1552 3555 1723 3623 juvat
1769 3559 1826 3610 et
1870 3560 2265 3627 percontando

607 3645 815 3699 elicere
843 3645 983 3712 quid
1018 3645 1247 3709 cogitet.
1283 3643 1425 3706 Quis
1471 3645 1585 3698 scit
1634 3645 1790 3698 enim
1843 3662 1916 3700 an
1969 3663 2084 3701 non
2128 3647 2264 3704 inde

607 3733 752 3788 mihi
814 3735 974 3788 nasci
1023 3733 1436 3804 opportunitas
1486 3733 1670 3804 possit
1721 3751 1881 3789 novas
1925 3736 2260 3808 cujuspiam

604 3822 910 3892 dignitatis
945 3822 1346 3893 impetrandae.

669 3929 759 3984 Vl.
796 3929 957 3984 Unde
990 3933 1210 3997 autem,
1247 3929 1509 3999 reposuit
1567 3933 1911 3997 Coronatus,
1949 3931 2062 3998 dic,
2097 3949 2259 3988 ama-

598 4019 692 4087 bo,
719 4019 822 4072 tibi
856 4023 1108 4081 constat,
1156 4024 1424 4086 zestuare,
1463 4021 1526 4071 ut
1575 4019 1684 4081 ais,
1719 4023 1777 4072 et
1808 4019 2122 4075 formidare
2155 4039 2257 4076 no-

595 4115 783 4163 strum
818 4107 1055 4179 regem?
1082 4105 1526 4177 Nempe,inquit
1550 4107 2039 4179 Vestigator,ejus
2071 4111 2256 4165 animi

595 4215 805 4253 sensus
855 4197 1104 4252 intimus
1157 4196 1298 4249 mihi
1349 4194 1600 4265 pellucet
1643 4213 1711 4251 ex
1745 4196 1943 4252 habitu
1975 4202 2031 4253 et
2063 4200 2250 4255 vultu.

591 4288 835 4343 Solertis
889 4288 1105 4358 quippe
1155 4303 1220 4340 ac
1272 4285 1497 4340 ratione
1548 4302 1662 4341 non
1715 4286 1936 4341 frustra
1995 4290 2252 4359 praeditis

594 4377 804 4431 mentis
838 4382 926 4430 est
957 4392 1171 4429 arcana
1214 4391 1281 4428 ex
1325 4374 1746 4445 apparentibus
1775 4375 2122 4448 intelligere,
2157 4379 2250 4432 ul-

592 4473 799 4536 traque
831 4465 1203 4536 superﬁciem
1263 4465 1608 4532 conjecturas
1649 4465 1828 4519 ductu
1862 4466 1932 4520 ad
1968 4467 2245 4538 introspi-

592 4557 867 4610 ciendum
918 4555 1045 4609 niti.
1079 4555 1161 4608 Ad
1215 4571 1279 4608 ea
1331 4556 1673 4609 Coronatus.
1709 4555 1794 4609 Tu
1841 4571 1997 4619 vero,
2031 4556 2244 4627 inquit,

2392 1933 2508 1988 lam
2560 1933 2960 2004 dignationem
3007 1937 3233 1988 evectos
3268 1949 3282 1988 :
3317 1933 3524 2004 quidni
3557 1939 3610 1988 et
3636 1948 3741 2003 ego
3773 1932 4049 1986 inchoem

2392 2039 2554 2093 spem
2605 2023 2798 2090 istam,
2834 2029 2892 2078 et
2939 2041 3092 2078 unus
3139 2040 3206 2079 ex
3253 2023 3327 2077 iis
3377 2023 3619 2078 evadere
3669 2023 4048 2089 contendam,

2389 2111 2488 2182 qui
2505 2113 2779 2184 deinceps
2795 2111 3190 2168 familiaritate
3213 2113 3496 2183 principis
3518 2111 4005 2166 honorandisunt
4022 2109 4049 2162 Ἰ

2388 2199 2527 2255 Novi
2577 2206 2772 2256 autem
2817 2209 2871 2256 et
2919 2217 3024 2273 ego
3074 2202 3418 2256 methodum
3479 2201 3716 2272 regibus
3770 2198 4044 2269 placendi

2388 2291 2694 2363 praeceptis
2744 2290 2905 2346 hisce
2935 2292 3108 2362 vulgo
3153 2290 3485 2346 celebribus
3513 2294 3844 2345 contentam
3882 2306 3899 2342 :
3932 2289 4044 2343 Fa-

2386 2384 2540 2435 stum
2599 2380 2808 2451 abjice,
2853 2381 2999 2436 iram
3055 2381 3250 2447 doma,
3301 2378 3721 2436 contumeliam
3785 2378 4042 2445 sustine,

2384 2469 2612 2525 cunctis
2638 2470 2796 2530 cede.
2829 2470 2958 2528 Haec
2989 2471 3307 2526 observans
3354 2469 3670 2526 insinuabo
3707 2485 3797 2524 me
3830 2469 3944 2522 cito
3975 2469 4039 2521 in

2383 2559 2633 2629 gratiam
2693 2559 2995 2630 principis.
3027 2564 3145 2630 Age
3198 2575 3361 2626 sane,
3397 2562 3720 2614 Coronatus
3781 2558 4038 2628 reponit,

2385 2648 2537 2718 finge
2559 2665 2714 2703 nunc
2738 2648 2989 2719 primum
3013 2654 3068 2703 te
3086 2649 3318 2704 admitti
3353 2649 3424 2703 ad
3457 2664 3838 2719 congressum
3890 2664 4040 2718 quo-

2381 2737 2672 2792 tidianum
2707 2737 2931 2792 domini
2963 2736 3172 2805 leonis,
3206 2738 3499 2810 quomodo
3523 2742 3578 2793 te
3609 2753 3776 2808 geres
3810 2741 3875 2791 ut
3903 2737 4043 2805 ejus

2381 2825 2486 2882 tibi
2519 2827 2792 2882 concilies
2824 2843 3081 2882 amorem
3107 2826 3134 2880 7
3173 2827 3392 2892 Dicam,
3427 2826 3620 2897 inquit
3650 2825 3990 2895 Vestigator
4024 2840 4038 2880 :

2381 2915 2665 2987 principio
2697 2932 3039 2987 pernoscam
3072 2915 3327 2972 indolem
3352 2918 3479 2987 ejus
3503 2931 3568 2970 ac
3592 2919 3888 2982 naturam,
3915 2931 4039 2984 quo

2377 3003 2640 3075 inclinet,
2666 3006 2820 3060 unde
2851 3005 3193 3073 abhorreat;
3228 3010 3355 3060 tum
3388 3005 3860 3060 animadvertens
3896 3020 4038 3074 pro-

2375 3093 2629 3163 pendere
2659 3094 2856 3165 ipsum
2881 3096 2951 3149 ad
2976 3095 3439 3166 aggrediendum
3473 3094 3691 3163 aliquid
3727 3092 3890 3157 utile,
3924 3093 4036 3147 ad-

2373 3183 2507 3238 dam
2540 3182 2814 3239 stimulos
2865 3184 3143 3252 currenti,
3181 3198 3530 3254 magnOpere
3560 3186 3764 3246 auctor
3795 3182 3937 3235 {iam
3976 3182 4034 3234 id

2297 3255 2338 3320 C
2378 3271 2588 3344 agendi
2637 3273 2792 3344 quod
2823 3271 2968 3340 vult,
3002 3289 3357 3350 enumerans
3408 3272 3487 3327 rei
3536 3271 3869 3340 commoda,
3903 3287 4036 3340 qua:

2379 3361 2478 3416 ubi
2519 3362 2639 3417 voti
2683 3378 2920 3432 compos
2963 3363 3308 3433 perceperit,
3338 3378 3427 3416 mc
3456 3359 3741 3427 laudabit,
3778 3360 3865 3414 uti
3903 3376 4040 3430 pro-

2377 3450 2901 3522 vidumﬁmibique
2930 3456 3230 3508 assuescet
3278 3451 3494 3518 fidere;
3545 3450 3784 3520 quando
3830 3454 4038 3505 autem

2375 3555 2697 3611 cognovero
2728 3540 2925 3612 ipsum
2958 3541 3177 3611 aliquid
3212 3541 3371 3595 exitu
3401 3540 3640 3599 noxium
3675 3543 3924 3607 tentare,
3945 3540 4040 3594 de-

2373 3627 3025 3700 hortabor,’.periculum
3085 3630 3472 3696 denuntians,
3505 3629 3604 3683 sed
3636 3628 3851 3682 blande
3885 3628 4037 3682 illud

2372 3718 2684 3788 dextreque
2738 3719 2972 3788 faciam,
3005 3723 3071 3773 ut
3119 3718 3503 3774 offensionem
3552 3716 3751 3771 vitem.
3786 3716 3882 3772 Sic
3937 3734 4035 3773 as-

2371 3811 2681 3874 secuturus
2703 3807 2918 3876 videor,
2944 3811 3113 3864 utme
3133 3806 3222 3863 leo
3246 3811 3422 3877 amet,
3451 3806 3702 3877 aliisque
3732 3806 4035 3877 praeferat.

2368 3896 2864 3961 Quemadmodum
2897 3895 3055 3952 enim
3086 3897 3310 3968 passim
3346 3895 3613 3954 homines
3646 3895 3881 3966 pictura
3930 3897 4038 3951 de-

2367 3983 2677 4052 lectantur,
2703 3989 2973 4040 naturam
3007 3990 3131 4041 arte
3155 3986 3578 4054 adumbrante,
3596 4000 3810 4056 resque
3846 3985 3933 4040 uti
3971 4001 4036 4040 se

2366 4073 2618 4129 habente
2648 4074 2960 4131 exhibente
2991 4075 3199 4142 oculis,
3233 4075 3316 4131 ita
3372 4074 3670 4146 principes
3703 4079 3846 4145 puto
3881 4090 4036 4146 gau-

2363 4163 2498 4218 dere
2546 4163 2855 4235 colloquiis
2905 4181 3130 4230 eorum,
3160 4164 3261 4235 qui
3298 4168 3599 4220 momenta
3651 4163 4034 4235 negotiorum

2361 4252 2767 4325 ancipitesque
2819 4257 3144 4325 coeptorum
3195 4253 3408 4320 exitus,
3445 4253 3591 4325 ipsis
3635 4253 3837 4324 qualia
3889 4259 4035 4309 sunt

2360 4357 2630 4396 sermone
2688 4347 3127 4414 repraesentare,
3161 4358 3228 4398 ac
3277 4342 3446 4414 quasi
3499 4343 3774 4414 ﬁgurare,
3830 4345 4031 4414 provi-

2359 4431 2550 4486 dendo
2582 4432 3117 4503 praemonendoque
3147 4435 3312 4504 grate
3339 4437 3575 4488 norunt.

2427 4557 2547 4611 VII.
2581 4558 2728 4611 Tum
2765 4557 3636 4628 Coronatus,'0uandoquidem
3687 4558 3886 4624 istius,
3923 4559 4032 4624 ait,

591 4663 707 4718 quo
741 4647 1122 4700 fundamento
1155 4660 1358 4715 speras
1381 4645 1734 4714 adepturum
1768 4649 1823 4698 te
1854 4626 2248 4717 gratiamileo-
2281 4626 2322 4690 D
2358 4645 2586 4701 consilii
2620 4651 2814 4701 certus
2837 4662 2923 4712 es,
2949 4664 3132 4701 unum
3167 4652 3223 4701 te
3252 4626 3581 4702 admdnebo
3617 4663 3629 4701 :
3667 4663 3887 4719 magna
3922 4648 4033 4702 tibi

589 4739 700 4803 nis,
732 4736 876 4791 nihil
905 4735 954 4789 ei
991 4750 1251 4806 unquam
1307 4733 1597 4803 praecipuo
1630 4733 1825 4788 studio
1857 4735 2246 4805 gratificatus,

586 4841 774 4897 neque
808 4829 989 4879 artem
1023 4824 1244 4878 callens
1278 4821 1440 4876 illam
1475 4821 1859 4894 multiplicem
1893 4840 1958 4878 ac
1989 4825 2243 4894 spissam

585 4914 904 4971 deliniendi
937 4929 1207 4968 sermone
1239 4927 1442 4982 regum
1475 4912 1728 4980 animos,
1763 4928 2141 4985 amoremque
2175 4915 2242 4968 il-

585 5009 776 5062 lorum
827 5006 881 5058 in
934 5009 990 5058 te
1030 5002 1285 5058 vertendi
1330 5019 1342 5056 :
1377 5001 1595 5072 quippe
1627 5001 1728 5073 qui
1762 5019 1866 5057 nec
1899 5002 1970 5057 iis
2003 5021 2035 5058 a
2064 5020 2241 5074 puero

584 5097 949 5153 sisimbutus
972 5092 1300 5163 disciplinis
1336 5107 1484 5161 quas
1515 5106 1651 5145 cum
1685 5091 1983 5164 principes
2016 5092 2242 5148 liberali

583 5184 932 5238 educatione
990 5181 1380 5254 perceperint,
1447 5181 1506 5234 in
1565 5180 1638 5234 iis
1698 5180 1874 5236 etiam
1935 5183 2243 5251 requirunt

582 5289 833 5344 quorum
857 5271 1132 5327 familiari
1157 5269 1584 5326 consuetudine
1607 5287 1668 5325 se
1690 5271 1896 5325 ambiri
1917 5272 2237 5341 patiantur,

580 5364 742 5420 Mitte
775 5365 888 5419 ista
921 5379 1198 5432 quaerere.
1234 5361 1566 5432 Vestigator
1605 5361 1709 5429 ait,
1742 5361 1929 5416 dextri
1977 5362 2133 5417 enim
2182 5366 2240 5418 et

582 5453 886 5525 praesentis
945 5451 1162 5524 ingenii
1207 5452 1294 5505 vir
1343 5450 1510 5506 facile
1557 5450 1615 5503 in
1667 5449 1888 5505 talibus
1943 5451 2236 5506 defectum

580 5544 945 5598 educationis
976 5542 1228 5614 supplet,
1256 5541 1439 5612 perite
1471 5539 1814 5595 disserendo
1847 5539 2101 5595 naturali
2137 5540 2236 5610 ju-

580 5634 814 5689 diciodn
851 5634 936 5686 lli:
974 5651 1100 5704 qua:
1137 5649 1247 5685 non
1283 5632 1338 5684 di
1363 5631 1482 5683 ticit
1520 5631 1573 5682 in
1610 5629 1866 5684 scholis:
1903 5630 2000 5702 qui
2038 5634 2231 5684 autem

579 5725 716 5783 talis
749 5741 862 5781 non
897 5735 1004 5792 est,
1052 5724 1101 5779 is
1133 5723 1308 5779 etiam
1345 5725 1690 5794 argumenta
1720 5725 1978 5779 tractans
2011 5722 2102 5779 sui
2135 5739 2232 5778 ca-

2360 4751 2509 4806 opus
2540 4734 2736 4806 vigilia
2764 4735 3076 4800 cautionis,
3109 4736 3314 4806 utique
3359 4735 3658 4791 inchoanti
3711 4738 4027 4807 negotium

2357 4825 2707 4895 ambiguum
2768 4823 3086 4895 multaeque
3147 4825 3460 4880 obnoxium
3507 4825 3760 4880 invidiae.
3807 4827 4030 4880 Audivi

2357 4913 2646 4984 scriptum
2678 4929 2806 4967 esse
2831 4914 2889 4968 in
2929 4913 3096 4968 libris
3133 4915 3470 4985 sapientum
3506 4915 3681 4969 effata
3715 4915 4028 4969 referenti-

2356 5003 2488 5070 bus,
2511 5001 2622 5056 tria
2651 5002 2920 5072 quzedam
2955 5017 3084 5057 esse
3115 5019 3238 5073 quas
3273 5019 3446 5058 nemo
3475 5004 3740 5073 prudens
3767 5001 4031 5059 libenter

2356 5092 2753 5164 aggrediatur,
2781 5107 2952 5146 nemo
2984 5108 3302 5163 aggressus
3330 5093 3570 5148 innoxie
3596 5093 3817 5148 obierit
3853 5110 3866 5146 :
3905 5099 4028 5148 tra-

2354 5188 2513 5238 ctare
2563 5182 2771 5236 intime
2821 5198 2956 5236 cum
3017 5183 3303 5254 principe,
3338 5183 3540 5238 bibere
3569 5199 3892 5253 venenum,
3931 5202 4026 5238 ar-

2352 5288 2564 5326 canum
2596 5271 2832 5326 credere
2865 5269 3120 5326 mulieri.
3149 5271 3373 5328 Similis
3405 5272 3562 5325 enim
3597 5272 3880 5343 princeps
3935 5279 4024 5326 est

2348 5360 2549 5416 vertici
2583 5375 2810 5414 ammno
2843 5359 2928 5414 illi
2961 5360 3199 5430 quidem
3250 5359 3532 5431 uberique
3583 5361 3808 5416 montis
3865 5379 4021 5432 prs:-

2349 5451 2507 5522 rupti
2571 5449 2933 5520 protectique
2987 5449 3251 5520 undique
3307 5449 3485 5504 inviis
3533 5450 3806 5521 rupibus,
3841 5452 4021 5522 cujus

2347 5557 2494 5612 apex
2517 5537 3023 5610 supremuslaatus
3047 5539 3764 5609 graminibus,abundans
3794 5541 4016 5612 pomis,

2348 5631 2445 5685 sed
2480 5636 2537 5685 et
2569 5628 2704 5683 feris
2736 5628 2930 5682 omnis
2962 5628 3194 5700 generis
3254 5628 3443 5684 lustra
3475 5628 3595 5684 illic
3626 5629 4016 5696 habentibus,

2350 5719 2824 5792 infestus,aditus
2848 5717 3026 5776 habet
3047 5735 3150 5791 per
3170 5718 3493 5791 praecipitia
3523 5720 3818 5792 difﬁciles,
3853 5737 4012 5778 com-
