4248 6442
216 431 237 479 1
249 427 355 481 253

1220 438 1578 490 ΒΡΕΟΙΜΒΝ
1616 439 2015 494 SAPIENTIB
2053 442 2384 496 INDORUM
2426 443 2585 496 VET.

3481 443 3620 496 1254

213 552 595 606 morationem
663 555 1229 622 periculosissitnmn.
1303 557 1443 611 Vera
1512 576 1735 623 mones,
1782 561 1945 627 aitA
1978 578 2137 618 error
2188 564 2602 635 imperantium
2655 564 2884 633 publice
2954 565 3337 634 perniciesus,
3386 566 3627 637 dispen-

213 641 553 707 Vesligator,
597 643 696 697 sed
746 644 847 713 qui
896 660 1009 699 non
1060 644 1415 715 periclitatur
1462 654 1631 718 atque
1662 649 1854 715 audet,

214 733 479 783 votorum
512 745 745 799 compos
778 746 1077 804 nunquam
1112 732 1193 789 ﬁt.
1230 734 1736 803 Magnanimorum
1770 741 1858 791 est

214 816 533 873 discrimen
586 835 685 888 pro
734 836 832 890 spe
880 821 1127 889 pacisci;
1167 822 1713 894 circumspectantes
1753 844 1856 881 au-

214 910 334 960 tem
387 907 603 971 omnia,
658 923 764 963 nec
813 910 1154 968 certaminis
1215 911 1390 967 ullius
1430 914 1623 984 jacere
1672 916 1855 969 aleam

213 995 514 1064 audentes,
567 1006 720 1051 certa
764 1001 957 1053 manet
1005 1003 1231 1054 aeternae
1262 1000 1506 1056 miseria:
1547 1005 1856 1072 possessio.

215 1082 281 1138 Et
319 1085 423 1139 hoc
455 1086 608 1139 enim
643 1102 747 1158 ego
780 1104 808 1141 e
857 1088 1088 1143 dictatis
1133 1091 1456 1159 sapientum
1499 1093 1713 1162 audivi,
1748 1094 1861 1147 tria

212 1188 334 1226 esse
368 1189 497 1244 quae
547 1190 714 1229 nemo
762 1176 1151 1247 pusillanimis
1198 1180 1569 1250 aggreditur:
1622 1198 1859 1237 conver-

208 1262 321 1315 sari
357 1278 487 1318 cum
520 1264 901 1335 principibus,
938 1283 1077 1321 nave
1109 1270 1285 1323 maria
1331 1272 1617 1339 trajicere,
1671 1290 1862 1342 pugna

215 1352 481 1406 cominus
510 1351 797 1408 lacessere
826 1365 1113 1411 armatum
1145 1357 1474 1413 inimicum.
1510 1360 1666 1415 Duas
1698 1361 1861 1416 video

214 1441 497 1494 stationes
528 1441 647 1495 viro
666 1443 1039 1513 magnanimo
1063 1446 1407 1515 propositas,
1433 1449 1597 1503 aulas
1620 1465 1861 1516 regnan-

212 1528 386 1593 tium,
436 1534 537 1583 aut
580 1529 925 1586 solitudines
975 1539 1334 1589 ascetarum:
1387 1538 1537 1591 sicut
1586 1538 1862 1607 elephan-

218 1624 301 1671 tes
358 1618 567 1686 partim
621 1619 675 1672 in
729 1619 887 1674 silvis
958 1621 1194 1690 degunt,
1267 1626 1471 1693 partim
1530 1627 1583 1680 in
1637 1626 1864 1697 palatiis

213 1704 476 1761 aluntur.
524 1711 676 1774 Haec,
725 1723 851 1778 quae
900 1709 1087 1765 multa
1134 1728 1571 1781 commemoras,
1612 1716 1692 1770 ait
1740 1734 1863 1772 ser-

212 1810 449 1850 monem
482 1795 834 1867 abrumpens
865 1797 1207 1865 Coronatus,
1237 1818 1327 1856 me
1368 1803 1599 1872 quidem
1631 1806 1699 1859 de
1730 1823 1864 1861 sen-

210 1884 390 1937 tentia
424 1900 539 1939 non
580 1885 899 1953 dimovent;
946 1891 1007 1942 tu
1058 1889 1170 1957 abi,
1215 1894 1269 1945 et
1308 1892 1397 1947 fac
1428 1897 1492 1947 ut
1520 1895 1605 1950 vis
1636 1899 1734 1951 tuo
1763 1913 1864 1968 pe-

218 1971 422 2028 riculo.

284 2097 433 2153 VIII.
503 2098 810 2169 Digressus
876 2100 985 2155 sub
1048 2101 1170 2157 haec
1244 2103 1582 2176 Vestigator,
1647 2109 1870 2167 leonem

214 2186 443 2253 adiens,
478 2188 937 2256 profundissime
985 2189 1239 2259 primum
1290 2194 1569 2252 adoravit.
1605 2199 1703 2253 Cui
1740 2200 1865 2256 leo:

222 2275 380 2329 Heus
432 2281 516 2343 tu,
568 2276 779 2347 inquit,
836 2278 932 2332 ubi
978 2279 1200 2336 latuisti
1251 2285 1506 2339 tandiu?
1554 2287 1871 2359 Respondit

222 2366 578 2435 Vestigator‘:
630 2369 873 2424 Assidue
919 2370 1111 2424 adstiti
1162 2372 1231 2427 ad
1284 2376 1467 2444 regias
1518 2382 1651 2434 tuas
1701 2382 1868 2450 fores,

221 2453 488 2509 intentus
519 2456 579 2511 in
602 2459 965 2513 occasionem
998 2462 1272 2516 navandae
1301 2479 1485 2534 operae
1509 2466 1566 2521 in
1592 2471 1869 2541 quapiam

220 2544 502 2614 obsequio
556 2546 874 2614 maiestatis
930 2552 1060 2602 tuae.
1109 2550 1234 2605 Scio
1284 2554 1441 2609 enim
1489 2572 1586 2611 vos
1634 2575 1870 2627 magnos

222 2649 387 2701 reges
438 2635 732 2689 interdum
785 2636 1130 2705 quibusdam
1190 2656 1359 2711 egere
1404 2646 1745 2704 ministeriis
1784 2652 1871 2705 vi-

218 2721 365 2776 lium
409 2739 813 2793 personarum,
848 2742 951 2780 nec
984 2744 1114 2781 raro
1146 2732 1426 2798 quosdam
1458 2751 1487 2788 e
1537 2736 1671 2792 faece
1716 2741 1871 2810 vulgi

217 2810 535 2865 utilissime
561 2814 857 2883 cooperari
894 2817 1141 2887 negotiis
1188 2822 1458 2877 maximis
1493 2844 1505 2891 ;
1541 2841 1725 2898 eoque
1754 2846 1870 2886 non

214 2902 514 2971 aspernari
547 2917 807 2958 summos
856 2903 1232 2975 imperatores
1281 2909 1594 2969 humilium
1642 2934 1871 2988 quoque

215 2990 629 3045 clientulorum
664 2998 931 3063 prompta
961 2994 1020 3049 in
1055 2998 1352 3055 servitium
1386 3002 1639 3071 ipsorum
1675 3010 1873 3065 studia

217 3080 372 3134 sicut
402 3079 494 3133 cui
543 3081 731 3151 prurit
780 3082 1063 3148 auricula,
1114 3087 1390 3157 stipulam
1442 3108 1869 3167 nonnunquam

221 3171 402 3223 humo
433 3169 665 3236 tollens,
729 3187 796 3225 ea
828 3172 911 3226 uti
936 3190 1048 3228 non
1082 3176 1435 3248 dedignatur
1464 3184 1523 3237 in
1549 3200 1687 3241 aure
1718 3189 1869 3243 scal-

218 3262 411 3361 penda
444 3262 883 3361 purgandaque.
916 3262 1117 3334 Papa!
1151 3267 1437 3361 exclamat
1469 3272 1591 3329 haec
1622 3278 1866 3336 audiens
1900 3286 1946 3361 α

1968 652 2139 705 sandi
2191 659 2538 724 praepostere
2602 654 2863 724 praemia,
2910 654 3213 725 ol'ticiaqne
3284 656 3621 722 mandandi,

1968 743 2336 812 perversione
2385 741 2565 797 multo
2596 741 2839 796 ridicula
2889 742 3072 811 magis
3125 760 3189 797 ac
3244 744 3413 797 noxia
3446 761 3623 814 quam

1968 831 2017 885 si
2094 831 2274 886 tiaras
2350 831 2613 901 pedibus,
2690 831 2914 886 calceos
2989 831 3277 901 capitibus
3336 836 3620 903 aptarent.

1969 918 2151 973 Probe
2181 918 2337 973 enim
2382 929 2677 992 perspecto
2726 921 3014 991 cujusque
3053 924 3218 990 captu
3254 920 3419 976 facile
3452 923 3625 977 tuerit

1968 1014 2314 1063 ornamenta
2337 1009 2567 1063 dotibus
2602 1024 2733 1064 cum
2760 1008 3131 1081 proportione
3163 1011 3624 1080 accommodare,

1970 1097 2149 1151 vitata
2186 1096 2429 1152 stultitia
2460 1098 2829 1153 inscitissimi
2878 1098 3205 1169 getnmarii,
3240 1114 3409 1168 quem
3435 1099 3625 1154 ferunt

1971 1186 2349 1256 hyacinthum
2385 1186 2553 1257 longe
2587 1187 3086 1256 Speciusissimum
3112 1192 3167 1241 et
3190 1187 3356 1258 pretii
3384 1188 3624 1243 maximi

1972 1275 2109 1344 pals:
2156 1275 2359 1330 annuli
2414 1275 2673 1346 plumbei
2723 1276 3021 1331 vilissima:
3072 1276 3379 1344 indidisse,
3444 1294 3627 1348 coque

1973 1364 2124 1420 facto
2174 1366 2528 1420 contumelia
2587 1366 2825 1437 quidam
2895 1365 3309 1436 indignissima
3376 1366 3623 1422 violasse

1975 1454 2409 1510 nobilissimam
2444 1472 2756 1526 gemmam,
2802 1455 3138 1526 plustamen
3170 1455 3284 1527 ipsi
3318 1457 3431 1512 sibi
3455 1458 3623 1511 dede-

1974 1544 2126 1598 coris
2157 1544 2528 1599 conscivisse.
2569 1544 2741 1599 Tanti
2774 1548 2945 1599 refert
2978 1549 3145 1601 notos
3201 1546 3432 1615 penitus
3467 1548 3624 1616 prin-

1975 1634 2088 1703 cipi
2132 1633 2411 1703 subditos,
2493 1634 2827 1704 imperatori
2898 1633 3113 1689 milites
3183 1651 3343 1691 esse:
3409 1636 3624 1707 quippe

1977 1738 2283 1776 successus
2319 1722 2685 1793 negotiorum
2718 1728 2773 1776 et
2804 1721 3091 1777 bellorum
3127 1724 3466 1794 plerumque
3489 1740 3626 1794 pen-

1978 1811 2118 1865 dent
2146 1826 2176 1864 e
2205 1816 2361 1865 certe
2388 1818 2443 1865 et
2489 1811 2761 1882 prudenti
2808 1810 3035 1866 delectu
3068 1812 3409 1868 idoneorum
3462 1812 3633 1867 adhi-

1900 1919 1948 1986 B
1980 1898 2234 1955 bitorum
2262 1903 2334 1955 ad
2372 1915 2472 1955 eas
2508 1916 2598 1955 res
2632 1900 2939 1971 gerendas,
2987 1917 3113 1971 quae
3163 1902 3211 1957 si
3266 1901 3447 1956 cuivis
3489 1903 3635 1957 forte

1977 1988 2306 2045 occurreuti
2336 1993 2394 2044 et
2424 1990 2623 2060 ignoto
2672 1994 2890 2044 temere
2941 1991 3448 2058 commendentur,
3502 2007 3634 2046 cor-

1980 2078 2176 2149 rumpi
2209 2078 2477 2148 fcedoque
2508 2078 2665 2133 exitu
2698 2078 2963 2135 damnari
2997 2095 3233 2135 necesse
3266 2080 3362 2136 sit.
3390 2079 3631 2135 Univer-

1978 2167 2090 2223 sim
2159 2176 2348 2223 autem
2415 2168 2748 2238 promiscua
2798 2172 2853 2223 et
2906 2168 3265 2240 inexplorata
3317 2169 3631 2225 multitudo

1978 2257 2271 2327 praeclaris
2302 2258 2495 2329 inepta
2536 2258 2891 2313 facinoribus
2936 2264 3044 2313 est.
3107 2258 3316 2313 Palma:
3369 2259 3627 2315 illustres

1979 2364 2336 2419 operumque
2369 2347 2788 2404 immortalium
2820 2365 3098 2404 mansura
3128 2348 3187 2403 in
3209 2366 3389 2403 aevum
3424 2350 3634 2404 decora

1981 2453 2303 2507 paucorum
2336 2437 2454 2492 fere
2503 2455 2568 2492 ac
2612 2438 2820 2507 praevia
2872 2438 3085 2494 notisia
3136 2438 3188 2491 in
3239 2439 3635 2509 experimenta

1979 2528 2393 2597 productorutn
2452 2528 2648 2581 virtuti
2716 2532 2889 2598 atque
2966 2527 3265 2583 industriae
3327 2528 3631 2583 debentur.

1978 2616 2069 2669 Sic
2120 2632 2363 2686 gemmae
2418 2616 2667 2686 parvula:
2714 2622 2907 2672 vastas
2952 2634 3226 2672 saxorum
3279 2621 3376 2671 aut
3425 2616 3635 2671 similis

1980 2705 2241 2773 cujusvis
2275 2706 2529 2760 materiae
2579 2706 2763 2760 moles
2812 2724 2918 2760 usu
2972 2723 3037 2760 ac
3083 2707 3264 2775 pretio
3309 2706 3481 2777 longe
3531 2724 3631 2760 su-

1980 2800 2205 2864 perant.
2240 2797 2375 2860 Qua:
2409 2799 2778 2866 reputantem
2813 2795 2975 2849 decet
3030 2795 3373 2866 principem,
3411 2795 3633 2851 nullius

1978 2883 2090 2937 sibi
2111 2883 2506 2954 subjectorum
2527 2884 2901 2955 quantamvis
2924 2884 3317 2940 humilitatem
3341 2884 3632 2955 sortisque

1979 2972 2322 3028 tenuitatem
2355 2974 2434 3029 ita
2466 2974 2786 3045 despicere,
2836 2978 2901 3028 ut
2949 2989 3298 3045 cognoscere
3351 2974 3492 3046 quid
3545 2974 3633 3029 in-

1979 3064 2075 3117 tus
2106 3062 2318 3119 habeat
2347 3079 2462 3119 non
2495 3071 2677 3119 curet.
2716 3063 2896 3119 Parvr
2925 3062 3082 3119 enim
3123 3078 3256 3119 cum
3296 3064 3368 3119 ad
3422 3079 3636 3136 magna

1979 3152 2304 3223 conferunt,
2340 3169 2537 3225 parva,
2570 3158 2637 3208 ut
2664 3152 2836 3224 vulgo
2868 3151 3102 3220 dicitur,
3137 3167 3264 3209 esse
3314 3153 3626 3208 desinunt:

1982 3241 2138 3296 unde
2165 3259 2267 3313 par
2282 3247 2373 3298 est
2393 3241 2757 3315 recipublicze
2782 3241 3160 3314 praepositum
3178 3258 3292 3298 non
3316 3258 3415 3298 eos
3440 3242 3629 3298 solum

217 3330 291 3404 ad
344 3330 661 3404 ramniaies
718 3330 827 3418 reb.
880 3330 1056 3422 quain
1109 3356 1357 3424 probum
1408 3330 1946 3440 praesagia“
1980 3330 3631 3440 ῗῗῗξξίὲίέίῗτὶίέξθ,ῗίξίὲῗτῖκἓῗέμίέῗηῗῗῗέῗὲεἶρεί¹³ἓ¹ῗ

215 3439 409 3492 virum
425 3438 709 3492 hactenus
730 3438 1131 3509 ignoravimus
1151 3444 1164 3499 Ι
1182 3443 1364 3502 Credo
1388 3450 1683 3521 equidem,
1703 3438 1871 3514 multi

216 3526 365 3581 tales
383 3527 437 3580 in
453 3526 678 3581 occulto
697 3534 957 3583 marcent
973 3530 1071 3601 qui
1099 3532 1320 3603 optimo
1337 3537 1566 3606 publico
1580 3541 1637 3596 in
1654 3544 1869 3602 famam

214 3616 637 3671 extrahantur:
691 3617 997 3687 nimirum,
1052 3624 1115 3675 ut
1148 3625 1354 3692 prunis
1399 3627 1592 3686 cinere
1641 3633 1869 3693 obrutis

214 3715 443 3775 ventus,
478 3712 579 3761 aut
608 3724 781 3762 casus
814 3709 1030 3781 aliquis
1072 3728 1219 3783 opus
1252 3720 1359 3776 est.
1395 3734 1497 3788 per
1526 3738 1717 3793 quem,
1754 3728 1869 3781 dif.

214 3795 354 3851 flata
394 3799 504 3851 sub
558 3813 672 3867 qua
722 3798 1001 3867 jacebant
1062 3802 1275 3870 favilla,
1330 3805 1518 3864 lucem
1576 3814 1873 3887 explicent

214 3902 407 3953 suam,
460 3901 707 3957 aereque
758 3889 1093 3958 potiantur:
1131 3892 1213 3947 ita
1259 3896 1414 3952 hunc
1462 3904 1723 3971 quaedam
1770 3908 1870 3963 de-

215 3992 380 4029 mum
408 3974 640 4030 fortuna
672 3992 1024 4045 congressus
1065 3983 1247 4035 nostri
1281 3982 1339 4039 in
1374 3990 1642 4047 notitiam
1678 4000 1871 4065 protu-

215 4066 301 4129 lit,
333 4064 641 4135 indignum
675 4065 929 4136 profecto
976 4070 1074 4137 qui
1103 4071 1326 4127 lateret.
1364 4080 1436 4130 Ex
1470 4078 1561 4134 his
1593 4090 1656 4137 ut
1682 4064 1870 4143 sensit

211 4154 540 4225 Vestigator
572 4155 723 4209 haud
776 4172 837 4210 se
888 4157 1196 4228 displicere
1244 4164 1519 4238 principi,
1572 4175 1731 4229 tanto
1763 4192 1866 4231 au-

210 4244 448 4299 dentius
509 4243 869 4299 subintulit:
950 4247 1163 4303 Vellem
1241 4255 1531 4326 equidem,
1609 4263 1865 4331 domine,

211 4334 369 4403 quod
405 4348 433 4387 e
458 4350 516 4388 re
548 4338 647 4388 tua
676 4338 733 4387 et
764 4334 995 4403 publica
1044 4338 1308 4395 futurum
1342 4345 1612 4417 arbitror,
1647 4352 1867 4409 aulicos

207 4428 344 4477 tuos
394 4438 598 4477 omnes
632 4423 888 4493 proferre
918 4427 1071 4495 apud
1106 4431 1160 4480 te
1191 4432 1438 4489 candide
1472 4453 1680 4495 sensus
1726 4442 1868 4498 inti-

209 4527 340 4566 mos
371 4527 613 4566 suorum
636 4512 989 4580 animorum,
1022 4520 1080 4569 et
1100 4522 1417 4586 praesertim
1452 4524 1510 4579 in
1546 4532 1866 4589 occasioni-

206 4602 319 4655 bus
351 4616 543 4655 rerum
596 4603 997 4672 gerendarum,
1046 4608 1186 4675 quid
1236 4615 1561 4683 convenire,
1596 4621 1729 4689 quid
1762 4640 1864 4677 ex-

207 4691 411 4762 pedire
459 4691 726 4761 judicent
773 4692 978 4747 edere:
1051 4712 1184 4750 nam
1243 4698 1372 4755 hinc
1424 4705 1519 4760 fiet
1572 4714 1635 4763 ut
1686 4717 1741 4765 et
1788 4714 1860 4768 ab

206 4785 407 4836 exacta
450 4780 655 4851 judicii
713 4780 795 4834 tui
866 4798 1108 4838 censura
1170 4802 1529 4864 unaquaeque
1568 4803 1860 4859 sententia

206 4877 407 4926 notam
460 4886 563 4924 suo
613 4871 821 4925 merito
872 4880 1291 4943 congruentem
1370 4883 1638 4955 accipiat,
1690 4899 1745 4946 et
1791 4894 1860 4949 de

205 4960 500 5032 personis,
535 4959 699 5029 ipsis,
735 4960 875 5030 quid
898 4960 1121 5018 valeant
1152 4982 1219 5019 ex
1254 4967 1409 5026 hisce
1440 4977 1861 5043 speciminihus

206 5049 455 5105 solertiae
487 5065 554 5105 ac
576 5048 867 5120 sapientiae
891 5052 1197 5124 cujusque,
1230 5060 1431 5116 notitia
1455 5079 1585 5121 cum
1612 5069 1860 5144 principi

204 5147 333 5193 tum
359 5138 588 5193 senatui
640 5143 895 5209 paretur,
950 5142 1211 5215 utrisque
1268 5149 1427 5205 utilis
1475 5156 1546 5209 ad
1590 5138 1858 5227 plurima.

204 5229 515 5283 Enimvero
546 5229 735 5298 quoad
769 5230 999 5285 semina
1042 5232 1201 5289 varia
1234 5244 1397 5295 terrae
1426 5249 1743 5305 commissa
1801 5252 1862 5308 in

202 5319 335 5373 sinu
369 5316 488 5372 arvi
538 5317 907 5389 delitescunt,
956 5320 1115 5377 nullo
1165 5326 1357 5385 adhuc
1400 5336 1661 5403 germine
1707 5341 1862 5397 foras

202 5408 407 5474 misso,
443 5422 547 5462 nec
575 5408 648 5461 de
680 5407 955 5477 qualitate
986 5411 1248 5481 ipsorum
1282 5436 1385 5475 nec
1419 5426 1488 5480 de
1540 5427 1647 5482 soli
1692 5430 1863 5486 uber-

202 5502 324 5551 tate
367 5497 661 5591 judicium
717 5497 852 5552 ferri
898 5504 1117 5557 certum
1186 5514 1419 5578 potest:
1488 5516 1639 5571 idem
1692 5521 1863 5591 plane

199 5604 312 5641 usu
339 5586 571 5640 venitin
604 5587 877 5657 ingeniis,
899 5604 1025 5658 quae
1066 5595 1263 5663 qualia
1301 5586 1745 5675 sintignoretur
1768 5628 1864 5667 ne-

198 5693 365 5733 cesse
414 5682 522 5743 est,
579 5679 761 5733 donec
811 5695 1057 5737 arconos
1109 5688 1525 5759 cogitationum
1576 5699 1747 5757 foetus
1802 5702 1861 5758 in

195 5768 393 5823 lucem
446 5768 807 5823 enuntiando
885 5771 1283 5841 produxerim.
1360 5785 1508 5842 Hinc
1582 5788 1863 5847 vitabitur

1894 4649 1941 4713 D

1979 3420 2348 3493 praefulgent,
2380 3421 2479 3476 sed
2528 3425 2584 3476 et
2630 3436 2729 3476 eos
2773 3420 3085 3475 admittere
3129 3435 3277 3491 quos
3327 3419 3507 3475 animi
3560 3437 3625 3476 ac

1979 3514 2199 3566 natura:
2232 3511 2396 3566 dotes
2427 3512 2818 3566 instrumenta
2862 3508 3232 3580 publicorum
3278 3510 3623 3566 commodo-

1976 3617 2107 3655 rum
2160 3606 2298 3673 apta
2344 3600 2646 3666 efficiunt;
2696 3615 2761 3655 ac
2811 3614 3001 3670 neque
3057 3599 3357 3655 attendere
3405 3600 3475 3654 ad
3527 3616 3625 3656 eos

1973 3694 2201 3745 tantum
2234 3706 2380 3761 quos
2411 3689 2565 3745 circa
2594 3705 2656 3745 se
2676 3688 2870 3755 habet,
2895 3705 3095 3744 verum
3127 3687 3423 3761 explorare
3453 3688 3627 3761 longe

1975 3782 2262 3851 notosque
2306 3796 2371 3835 ac
2434 3783 2771 3835 numeratos
2830 3777 3045 3834 habere
3093 3776 3334 3834 solertes
3384 3795 3627 3850 gnavos,

1974 3870 2313 3942 ubicunque
2345 3869 2583 3928 demum
2617 3870 2839 3934 vivant,
2877 3868 3234 3939 eosdemque
3277 3868 3336 3924 in
3368 3871 3629 3940 tempore

1974 3973 2290 4016 accersere.
2336 3958 2501 4015 Sicut
2548 3957 2730 4027 enim,
2780 3957 2915 4015 licet
2958 3956 3130 4015 nobis
3179 3956 3419 4030 propius
3480 3956 3628 4014 nihil

1975 4049 2293 4119 intimeque
2311 4049 2381 4104 ad
2394 4048 2608 4105 motius
2626 4064 2804 4119 quam
2828 4064 3044 4120 corpus
3066 4051 3123 4103 et
3144 4046 3409 4102 membra
3426 4051 3628 4102 nostra

1975 4138 2070 4207 sit,
2106 4146 2300 4193 tamen
2332 4155 2465 4193 cum
2499 4138 2620 4192 hac
2653 4137 2874 4193 turbari
2909 4138 3109 4193 morbo
3143 4134 3475 4208 contigerit,
3512 4152 3624 4191 me-

1974 4227 2304 4283 dicamenta
2332 4243 2362 4282 e
2395 4227 2718 4299 longinquo
2752 4226 3133 4299 requirimus.
3166 4240 3269 4298 per
3289 4241 3414 4294 qua:
3446 4240 3621 4281 suum

1974 4316 2047 4371 iis
2090 4322 2617 4389 temperamentum
2649 4323 2705 4372 et
2754 4316 2912 4389 prior
2940 4314 3223 4372 habitudo
3272 4318 3625 4387 reponatur:

1974 4403 2060 4460 sic
2083 4406 2278 4478 pigere
2291 4407 2700 4462 dominantem
2732 4422 2847 4463 non
2864 4405 3058 4474 debet,
3084 4402 3628 4478 peregreinterdum

1974 4510 2234 4565 quaerere
2265 4495 2366 4566 qui
2398 4495 2733 4568 reipublicae
2779 4494 3091 4551 consulant
3140 4492 3295 4566 quod
3339 4508 3492 4565 saepe
3524 4492 3629 4548 do-

1975 4584 2198 4640 mestici
2233 4586 2428 4641 minus
2462 4592 2731 4657 possunt.
2767 4590 2961 4641 Mures
3006 4583 3065 4638 in
3117 4581 3354 4656 palatiis
3393 4590 3447 4638 et
3496 4599 3627 4638 nas-

1974 4678 2188 4729 cuntur
2237 4680 2295 4729 et
2341 4674 2542 4730 vivunt
2603 4676 2861 4746 adeoque
2909 4691 2977 4730 ex
3030 4673 3232 4729 eadem
3287 4670 3631 4744 plerumque

1973 4779 2127 4833 penu
2176 4780 2311 4819 cum
2376 4764 2744 4837 principibus
2806 4770 3160 4821 vescuntur:
3195 4762 3491 4817 nemiuem
3543 4766 3629 4816 ta-

1972 4870 2108 4910 men
2131 4853 2599 4926 vidiprincipum
2626 4853 2728 4926 qui
2751 4851 3201 4909 contubernales
3217 4853 3437 4907 sorices
3450 4866 3627 4921 quam

1976 4943 2180 5013 procul
2214 4945 2274 4999 in
2307 4943 2473 5000 silvis
2506 4960 2572 5000 ac
2604 4944 2906 5000 montibus
2954 4948 3009 4999 et
3039 4947 3197 4999 ortos
3247 4944 3304 4997 et
3350 4940 3630 4995 educatos

1974 5034 2279 5104 accipitres
2338 5033 2492 5105 pluri
2538 5035 2805 5090 aestimet.
2858 5032 2981 5089 Imo
3037 5031 3181 5100 istae,
3230 5028 3364 5087 licet
3413 5030 3472 5084 in
3532 5045 3631 5101 pe-

1974 5125 2301 5181 netralibus
2332 5127 2543 5197 genitae
2578 5125 2853 5197 altaeque,
2889 5122 3136 5181 sordida:
3168 5138 3231 5177 ac
3273 5121 3498 5177 furaces
3529 5120 3631 5175 be-

1974 5215 2157 5271 stiolae
2187 5220 2592 5287 spernuntur;
2628 5215 2968 5288 peregrinus
3002 5213 3099 5269 ille
3127 5229 3195 5268 ex
3225 5210 3346 5269 suis
3379 5208 3535 5283 agris
3568 5226 3634 5265 ac

1974 5304 2277 5361 montibus
2313 5313 2546 5377 propter
2580 5304 2891 5361 utilitatem
2943 5302 3090 5358 falco
3144 5302 3470 5374 expetitur;
3504 5316 3633 5372 per-

1976 5395 2087 5449 dus
2160 5395 2313 5464 regie
2382 5394 2663 5467 pascitur,
2748 5393 3152 5467 principisque
3219 5407 3372 5464 sepe
3445 5389 3633 5462 ipsius

1974 5484 2214 5541 brachio
2242 5489 2525 5555 gestetur.

2049 5611 2143 5665 IX.
2184 5611 2309 5665 Haic
2342 5608 2539 5666 locuto
2594 5610 2979 5683 Vestigatore,
3024 5608 3399 5665 vehementer
3446 5604 3633 5661 admi-

1976 5717 2111 5755 rans
2142 5700 2251 5768 leo,
2286 5716 2602 5757 conversus
2635 5701 2702 5755 ad
2730 5698 3046 5757 familiares
3078 5698 3263 5754 dixit:
3312 5696 3487 5753 Plane
3507 5696 3633 5767 jam

1974 5806 2294 5862 persuasus
2317 5808 2474 5863 sum,
2508 5790 2723 5849 debere
2750 5789 3075 5864 principem
3102 5804 3217 5845 non
3262 5790 3637 5844 contemnere
