4226 6460
635 375 772 428 1255

2135 373 2517 425 APPENDIX.

3894 378 4044 433 1256

629 502 784 556 viros
835 500 1153 556 industrios
1208 503 1264 553 et
1317 498 1553 553 dotibus
1621 497 1893 568 prisditos
1958 496 2652 568 praeclaris,Abecillem
2699 499 3151 570 instabilemque
3214 501 3470 556 turbavit
3537 503 3822 558 animum.
3883 506 4038 568 Quid

627 591 803 644 etiam
835 590 883 644 si
915 589 1121 642 infima
1150 597 1300 642 sorle
1332 603 1398 641 ac
1430 587 1564 641 faece
1608 585 1768 656 vulgi
1824 586 1978 652 sint;
2034 586 2135 639 sed
2185 589 2271 638 ta-

629 678 715 733 les
737 683 793 732 et
814 676 1062 748 negotiis
1083 675 1360 730 adhibere
1381 679 1440 729 et
1462 675 1785 729 honoribus
1817 674 2065 738 afﬁcere,
2101 678 2275 743 prout

627 768 788 838 digni
816 771 977 835 sunt,
1007 775 1300 835 utcunque
1331 765 1520 820 caeteri
1554 780 1759 819 omnes
1809 764 1862 818 id
1917 762 2154 818 moleste
2186 762 2271 816 fe-

623 861 772 911 rant.
807 857 885 910 Ea
915 857 1088 910 verba
1120 871 1334 910 novum
1387 853 1739 925 Vestigatori
1771 861 1825 908 et
1858 852 2060 907 fortius
2094 867 2270 922 quam

621 944 812 1014 priora
842 950 1255 1013 argumentum
1292 942 1524 996 fuerunt
1554 943 1616 994 ad
1643 939 2094 1010 intelligendum
2121 938 2270 992 bene

622 1033 894 1086 allectum
926 1047 1062 1101 erga
1093 1047 1222 1085 sese
1252 1031 1474 1084 leonem
1499 1045 1646 1096 esse,
1672 1046 1735 1083 ac
1760 1045 1872 1083 non
1905 1043 2112 1098 parum
2138 1043 2270 1098 pro-

622 1136 871 1192 pensum
897 1121 967 1174 ad
1002 1119 1311 1175 favendum
1347 1118 1497 1189 ipsi;
1533 1121 1962 1187 quaretempus
1986 1115 2041 1167 id
2067 1118 2269 1185 aptum

622 1213 787 1264 ratus
819 1226 950 1263 cum
982 1209 1079 1264 illo
1117 1209 1295 1263 libere
1327 1208 1558 1277 agendi,
1591 1223 1851 1261 seorsum
1886 1223 1949 1260 ac
2002 1207 2130 1260 sine
2180 1221 2269 1259 ar-

622 1297 791 1353 bitris
822 1303 1172 1352 conventum
1206 1297 1297 1351 his
1330 1296 1521 1350 verbis
1567 1295 1923 1366 alloquitur:
1961 1295 2110 1359 Quid
2159 1299 2266 1361 est,

624 1403 655 1440 ο
689 1387 944 1453 domine,
979 1386 1135 1458 quod
1161 1385 1337 1456 longo
1368 1385 1489 1453 jam
1522 1390 1781 1454 tempore
1821 1384 2104 1438 immotus
2148 1399 2266 1436 ma-

623 1491 749 1542 nes,
783 1491 886 1530 nec
916 1491 986 1528 ex
1015 1473 1140 1528 loco
1171 1474 1280 1528 isto
1309 1473 1368 1526 in
1401 1473 1654 1526 alterum
1692 1473 1905 1527 transis
1927 1471 1953 1524 ?
1983 1478 2265 1526 Decreve-

623 1569 711 1618 rat
757 1563 876 1618 hazc
925 1563 1169 1617 audiens
1217 1561 1305 1616 leo
1374 1560 1769 1627 dissimulare,
1841 1560 2266 1630 respondendo,

620 1651 990 1707 formidinem
1025 1667 1191 1706 suam
1218 1668 1228 1704 :
1266 1651 1366 1705 sed
1393 1665 1523 1705 cum
1547 1651 1690 1704 forte
1717 1650 2025 1704 accidisset
2047 1666 2113 1704 eo
2142 1651 2267 1718 ipso

621 1744 920 1796 momento
955 1739 1303 1811 ingeminari
1340 1740 1601 1810 mugitus
1624 1739 1795 1806 tauri,
1829 1743 2026 1809 tegere
2050 1741 2266 1792 metum

624 1847 738 1884 non
772 1829 979 1900 potuit,
1024 1844 1141 1898 quo
1188 1831 1276 1882 est
1321 1827 1524 1881 intime
1574 1843 1896 1882 concussus
1954 1843 2140 1895 usque
2193 1826 2265 1880 ad

621 1917 900 1989 pallorem
933 1921 1366 1986 tremoremque
1389 1915 1789 1969 manifestum.
1819 1916 2025 1982 Quare,
2046 1914 2263 1969 omisso

617 2012 922 2077 tamquam
952 2004 1144 2059 inutili
1174 2009 1382 2060 conatu
1415 2003 1642 2059 celandi
1689 2005 1743 2058 id
1776 2005 1931 2074 quod
1964 2009 2172 2073 sponte
2203 2020 2262 2058 se

610 2095 914 2165 prodebat,
951 2094 1155 2148 Vereor
1185 2093 1485 2158 nimirum,
1520 2093 1623 2157 ait,
1682 2107 1752 2145 ne
1801 2108 2015 2161 corpus
2060 2091 2261 2146 bestiae

612 2185 785 2253 cujus
811 2182 1181 2252 islimugitus
1199 2187 1358 2248 sunt,
1383 2181 1771 2252 magnitudini
1797 2180 2059 2235 terrilicae
2084 2179 2262 2249 hujus

613 2272 768 2326 vocis
785 2271 1156 2342 proportione
1181 2271 1529 2341 respondeat
1556 2289 1571 2333 ;
1596 2270 1860 2339 adeoque
1886 2273 2004 2322 tam
2025 2274 2258 2323 vastum

613 2364 670 2415 et
698 2360 954 2415 validum
985 2360 1080 2429 sit,
1115 2365 1178 2413 ut
1210 2359 1378 2414 nobis
1412 2359 1740 2429 imparibus
1775 2359 1846 2413 ad
1879 2357 2067 2412 ferum
2101 2357 2258 2412 istud

611 2448 829 2504 animal
865 2447 1302 2513 debellandum,
1337 2449 1658 2502 necessitas
1692 2447 1991 2502 incumbat
2035 2463 2102 2500 ex
2153 2447 2259 2500 hoc

610 2537 736 2593 loco
775 2538 1056 2608 fugiendi.
1090 2537 1351 2607 Subjecit
1398 2538 1761 2608 Vestigator:
1797 2537 1877 2591 Ne
1926 2540 2259 2590 consternet

606 2633 684 2693 te,
720 2627 976 2692 domine,
1013 2627 1120 2681 hoc
1161 2627 1402 2691 tonitru,
1457 2626 1656 2681 inania
1704 2625 1859 2680 enim
1911 2624 2258 2695 plerumque

604 2715 882 2771 terricula
913 2716 1204 2786 ejusmodi
1255 2716 1777 2786 deprehenduntur
1815 2714 2257 2786 explorantibus

607 2806 676 2859 ad
710 2805 1022 2875 liquidum.
1054 2806 1238 2869 Quam
1275 2805 1330 2858 in
1368 2821 1488 2859 rem
1523 2804 1719 2875 accipe
1749 2803 1890 2874 quid
1923 2803 2082 2874 vulpi
2115 2820 2254 2856 con-

606 2895 803 2964 tigerit
833 2911 844 2948 :
882 2898 1008 2948 Haec
1042 2893 1312 2948 famelica
1345 2894 1599 2964 praedam
1625 2908 1914 2962 quaerens,
1942 2892 2162 2962 largam
2188 2909 2256 2945 ex

603 2989 734 3037 voto
769 2983 984 3054 reperit
1014 2983 1070 3036 in
1096 2983 1351 3052 quadam
1386 2982 1564 3048 silva;
1600 2982 1700 3036 sed
1735 2997 1805 3035 ne
1827 2997 2028 3036 secure
2060 2996 2252 3035 vesce-

605 3076 768 3125 retur
799 3072 1068 3126 obstabat
1102 3069 1381 3124 terribilis
1412 3071 1696 3142 strepitus
1713 3086 1779 3124 ex
1802 3069 1916 3125 alto
1937 3069 2249 3139 ingruens;

605 3176 816 3230 nempe
845 3164 1191 3230 tympanum
1227 3150 1521 3229 quispiam
1555 3159 1626 3214 de
1657 3175 1818 3212 ramo
1848 3158 2051 3212 vicinae
2084 3158 2251 3212 arbo-

604 3249 685 3303 ris
716 3220 1139 3318 suspenderat;
1175 3220 1431 3303 et.mota3
1464 3264 1607 3303 aura
1639 3248 1872 3303 frondes
1903 3247 1973 3302 ad
2008 3245 2150 3302 illud
2175 3245 2254 3302 al-
2283 3220 2328 3288 (ἶ

604 3337 723 3392 lisze
761 3338 1049 3407 fragorem
1081 3337 1333 3392 edebant
1363 3336 1477 3391 alte
1499 3341 1870 3392 resonantem
1894 3341 1949 3392 et
1972 3336 2252 3392 formido-

608 3425 729 3480 lose
761 3426 1070 3482 minacem.
1106 3426 1183 3481 Eo
1217 3427 1452 3480 turbata
1484 3426 1700 3482 misera
1728 3425 1933 3497 vulpes
1984 3426 2248 3490 saginam

603 3521 737 3569 ante
788 3514 987 3570 oculos
1038 3519 1301 3586 paratam
1353 3514 1589 3587 pinguis
1634 3519 1690 3570 et
1736 3515 1981 3584 copiosae
2029 3515 2246 3584 ferinae,

603 3619 807 3674 pressa
837 3603 970 3658 licet
1002 3603 1118 3657 acri
1173 3603 1462 3658 desiderio
1511 3602 1744 3668 edendi,
1795 3602 2079 3674 attingere
2133 3621 2245 3658 non

601 3693 875 3760 audebat,
909 3692 1108 3746 timide
1142 3691 1645 3763 circumspiciens,
1691 3707 1818 3746 sese
1869 3692 2242 3761 contrahens,

595 3785 652 3835 et
682 3781 752 3835 ad
787 3798 989 3836 omnes
1021 3780 1310 3852 impulsus
1351 3781 1611 3853 tympani
1673 3780 1882 3851 (crebri
1937 3790 2132 3835 autem
2183 3781 2241 3835 hi

595 3875 762 3925 erant
792 3870 1089 3942 aspirante
1120 3872 1310 3940 vento)
1334 3871 1469 3925 totis
1494 3871 1741 3925 artubus
1764 3870 2238 3926 contremiscens.

595 3959 852 4014 Durante
881 3958 1111 4031 longius
1152 3977 1218 4014 ea
1271 3960 1527 4025 miseria,
1583 3959 1825 4014 consilio
1884 3977 1912 4014 e
1962 3977 2021 4014 re
2069 3967 2238 4031 capto

589 4048 901 4119 vulpecula
932 4066 1063 4103 cum
1089 4050 1455 4104 observasset
1486 4065 1790 4118 erumpere
1818 4066 2026 4103 sonum
2059 4050 2236 4104 istum

589 4136 928 4192 horrificum
964 4153 1031 4192 ex
1063 4154 1196 4191 arca
1228 4139 1482 4208 quadam
1516 4137 1862 4192 orbicularis
1895 4140 2089 4191 formae
2124 4138 2237 4193 alte

588 4243 898 4297 suspensa,
933 4226 1092 4280 dedit
1125 4243 1382 4297 operam,
1418 4244 1675 4294 omnem,
1720 4227 1874 4296 quod
1909 4227 2090 4293 aiunt,
2144 4229 2233 4281 l'u-

587 4330 720 4369 nem
752 4331 992 4370 movens
1026 4321 1087 4370 ut
1118 4331 1245 4370 eam
1280 4316 1413 4370 inde
1457 4316 1770 4383 dejiceret:
1827 4334 1939 4371 non
1993 4319 2231 4380 lrustra,

585 4402 837 4457 concidit
869 4404 1023 4458 enim
1059 4406 1291 4458 tandem
1329 4410 1672 4474 tympanum
1714 4409 1770 4459 et
1800 4405 1968 4476 lapsu
2003 4406 2226 4460 confra-

583 4496 742 4547 ctum
776 4498 882 4547 est.
917 4493 1267 4560 Coutingcrc
1301 4494 1352 4546 id
1391 4499 1515 4547 tum
1553 4493 1751 4565 vulpes
1784 4512 1928 4548 ausa
1962 4495 2224 4565 propius-

2382 586 2492 656 egi,
2526 587 2717 641 aiebat
2756 604 2953 642 secum
3003 590 3216 644 tacitus
3262 589 3372 656 leo,
3424 593 3578 660 quod
3638 597 3875 647 versuto
3930 594 4032 647 isti

2380 691 2535 728 nunc
2568 675 2824 746 primum
2851 682 2987 732 noto
3013 693 3105 732 me
3134 683 3321 733 totum
3346 679 3522 733 effudi
3551 682 3572 733 Ρ
3598 681 3772 750 Atqui
3808 683 4030 736 artium

2381 762 2709 835 imperandi
2744 782 2859 820 una
2897 782 3001 820 nec
3053 771 3349 836 postrema
3397 773 3509 836 est,
3561 784 3674 822 non
3728 770 3902 824 fidere
3955 771 4031 825 iis

2380 867 2527 921 quos
2573 853 2673 908 diu
2720 855 2970 925 superbe
3036 856 3486 926 contempseris,
3533 873 3646 911 non
3695 858 4035 914 ambitiosis

2380 959 2493 996 non
2526 943 2778 1013 cupidis,
2817 961 2928 1000 non
2963 945 3250 1000 fraudatis
3286 949 3548 1001 mercede
3590 947 3877 1014 laborum,
3913 966 4033 1004 non

2377 1030 2589 1100 opibus
2619 1037 2721 1086 aut
2750 1031 3038 1103 dignitate
3069 1033 3356 1104 spoliatis.
3395 1034 3494 1088 Hic
3528 1035 3875 1106 Vestigator,
3926 1039 4022 1091 in-

2377 1119 2552 1189 genii,
2587 1125 2651 1174 ut
2681 1127 2942 1191 apparet,
2963 1121 3339 1190 astutissimi,
3374 1121 3703 1178 diutissime
3725 1125 4027 1195 neglectus

2379 1232 2408 1266 a
2437 1233 2526 1270 me
2557 1217 2629 1271 ad
2664 1234 2823 1272 meas
2859 1219 3007 1272 fores
3038 1218 3324 1290 inglorius
3347 1221 3574 1288 jacuit;
3610 1227 3666 1275 et
3694 1238 3796 1292 ego
3823 1221 3923 1276 tali
3947 1223 4030 1277 ir-

2379 1305 2614 1359 ritatum
2649 1306 3004 1361 contumelia
3037 1308 3223 1378 primo
3277 1314 3512 1378 repente
3561 1325 3877 1380 congressu
3932 1328 4034 1364 ar-

2377 1410 2656 1448 canorum
2707 1394 3052 1466 imprudens
3101 1411 3365 1450 meorum
3428 1397 3695 1451 omnium
3756 1399 4031 1454 festinavi

2376 1483 2675 1537 conscium
2729 1485 2934 1538 facere.
2982 1484 3129 1546 Quid
3180 1491 3376 1538 autem
3444 1486 3686 1540 attinuit
3749 1494 4034 1557 praaterea

2377 1573 2647 1626 eumdem
2681 1573 2751 1624 ad
2786 1577 3020 1626 taurum
3055 1571 3370 1627 videndum
3399 1575 3652 1642 mittere,
3676 1591 3806 1629 cum
3835 1577 4034 1630 mani-

2375 1659 2521 1713 festo
2553 1659 2830 1729 periculo,
2863 1677 2934 1715 ne
2979 1660 3027 1714 is
3069 1660 3168 1714 ubi
3215 1677 3407 1716 meum
3460 1663 3857 1718 adversarium
3897 1682 4029 1718 ma—

2366 1747 2558 1816 jorem
2627 1765 2691 1802 ac
2752 1747 3134 1804 valentiorem
3197 1750 3614 1816 observaverit,
3690 1759 4033 1809 contemnat

2295 1859 2342 1924 Β
2375 1835 2646 1908 deinceps
2679 1854 2792 1908 me,
2831 1853 3003 1907 quem
3048 1842 3290 1893 eatenus
3338 1845 3565 1894 tantum
3613 1840 4027 1908 honoraverat,

2375 1932 2668 1996 quatenus
2710 1927 2969 1981 nondum
3026 1934 3460 1998 comparaverat
3504 1946 3636 1984 eum
3689 1932 4030 2000 potentiori.

2375 2015 2504 2069 Haec
2533 2016 2686 2086 apud
2721 2033 2782 2071 se
2812 2017 3102 2087 reputanti
3136 2018 3305 2072 anxie
3334 2017 3485 2072 leoni
3527 2021 3864 2090 supervenit
3917 2021 4026 2076 Ve-

2374 2104 2620 2174 stigator
2650 2122 2683 2159 a
2713 2109 2878 2160 tauro
2911 2111 3192 2160 convento
3221 2108 3426 2172 redux,
3457 2124 3630 2177 quem
3685 2107 3770 2162 leo
3822 2110 4022 2164 solum

2372 2193 2761 2265 conspicatut,
2805 2199 3039 2265 sumpto
3066 2195 3264 2249 animo
3312 2195 3808 2265 dissimulataque
3841 2199 4025 2252 tristi-

2372 2283 2474 2346 tia,
2508 2282 2875 2354 compellavit
2908 2283 2965 2336 in
2999 2283 3154 2338 hunc
3188 2286 3427 2339 modum
3456 2302 3467 2338 :
3502 2290 3883 2358 Exspectatus
3918 2289 4029 2340 ari-

2371 2371 2569 2438 venis;
2606 2388 2730 2442 age,
2764 2372 2912 2426 refer
2942 2373 3081 2442 quid
3115 2374 3283 2444 egisti
3313 2374 3340 2426 ?
3371 2373 3521 2443 Vidi,
3556 2376 3635 2429 ait
3668 2377 4023 2447 Vestigator,

2371 2460 2713 2530 utjussisti,
2744 2461 3186 2517 vocalissimum
3224 2463 3369 2517 illud
3396 2465 3632 2520 animal.
3665 2466 3896 2520 Taurus
3924 2468 4023 2523 hic

2369 2557 2475 2606 est.
2505 2551 2727 2606 Accessi
2762 2553 2831 2605 ad
2871 2568 3002 2606 eum
3052 2553 3342 2622 cominus,
3399 2553 3809 2626 allocutusque
3861 2574 4022 2622 sum,

2369 2656 2473 2695 nec
2505 2640 2827 2711 quidquam
2859 2657 2926 2694 ex
2957 2658 3021 2696 eo
3068 2641 3268 2696 damni
3318 2647 3419 2697 aut
3469 2644 3748 2698 molestiae
3795 2647 4027 2716 accepi.

2367 2739 2513 2801 Quid
2547 2743 2671 2792 tum
2709 2738 2956 2808 postea?
2986 2738 3074 2793 leo
3118 2739 3573 2809 inquit;indene
3593 2741 4026 2813 colligisimbe-

2366 2827 2564 2881 cillum
2599 2827 2669 2881 ad
2703 2829 3033 2882 nocendum
3067 2833 3302 2882 taurum
3334 2829 3510 2884 esse?
3549 2833 3635 2884 An
3669 2831 3857 2885 nescis
3891 2833 4017 2884 vio-

2365 2915 2725 2970 lentissimos
2753 2915 3017 2970 turbines
3050 2932 3283 2986 parcere
3335 2918 3627 2971 interdum
3684 2918 4018 2972 humilibus

2365 3003 2644 3070 arbustis,
2672 3004 3028 3074 eosdemque
3077 3004 3522 3074 procerissimae
3571 3023 3822 3076 quercus
3873 3007 4017 3061 imis

2362 3092 2714 3163 exstirpatas
2736 3092 3036 3147 radicibus
3057 3092 3322 3163 frangere
3343 3093 3369 3147 ?
3391 3094 3475 3147 Ad
3511 3110 3578 3149 ea
3599 3093 3927 3164 Vestigator
3953 3097 4019 3148 fi-

2368 3182 2572 3236 denter
2602 3180 2886 3247 arridens,
2920 3184 3064 3236 Cave
3093 3181 3323 3246 credas,
3354 3181 3567 3252 inquit,
3600 3183 3857 3250 domine,
3903 3183 4022 3239 hu-

2361 3268 2627 3338 jusmodi
2693 3267 2908 3322 animal
2965 3268 3451 3324 robustissimum
3502 3287 3668 3326 esse:
3740 3271 3906 3342 quin,
3965 3273 4020 3326 si

2363 3357 2528 3426 velis,
2563 3357 2766 3411 sistam
2800 3356 2912 3411 huc
2946 3355 3091 3411 illud
3124 3357 3252 3422 tibi,
3295 3357 3729 3430 obnoxiumque
3781 3377 3848 3414 ac
3904 3362 4020 3416 sub

2362 3463 2541 3500 manu
2573 3451 2674 3500 tua
2706 3450 2980 3500 statuam.
3018 3445 3344 3502 Delectatus
3389 3448 3679 3517 promisso
3729 3447 3840 3513 leo,
3893 3455 4021 3520 Age

2361 3559 2502 3597 sane
2533 3544 2687 3614 quod
2723 3542 3036 3614 polliceris,
3072 3543 3173 3607 ait,
3211 3545 3356 3598 nihil
3391 3545 3534 3598 mihi
3564 3545 3756 3616 possis
3785 3548 4021 3616 gratius

2361 3633 2564 3686 facere.
2597 3632 3001 3701 Continuoque
3035 3633 3370 3704 Vestigator
3419 3650 3720 3704 regressus
3772 3635 3840 3687 ad
3879 3641 4013 3689 tau-

2359 3738 2510 3790 rum,
2547 3721 2687 3775 dicit
2732 3720 2816 3774 illi
2873 3722 3276 3791 praefidentem
3315 3724 3465 3777 lleus
3515 3728 3599 3788 tu,
3661 3724 3754 3776 hic
3794 3726 4010 3779 adsum

2357 3811 2427 3864 ad
2472 3816 2525 3864 te
2558 3810 2777 3863 missus
2809 3825 2842 3863 a
2889 3809 3074 3875 leone,
3109 3810 3208 3879 qui
3257 3827 3608 3881 magnopere
3657 3813 3897 3865 mandat
3947 3820 4013 3867 ut

2356 3898 2630 3953 continuo
2663 3897 2859 3952 venias
2891 3899 2960 3951 ad
2998 3915 3078 3966 se,
3115 3899 3497 3964 denuntians,
3533 3899 3579 3954 si
3632 3901 4010 3970 obtempera-

2352 3988 2527 4051 veris,
2563 3987 2813 4059 gratiam
2847 3986 2947 4041 tibi
2979 4003 3040 4041 se
3076 3987 3364 4041 facturum
3419 3989 3662 4060 neglecti
3715 3989 4008 4043 hactenus

2353 4079 2551 4147 officii,
2589 4095 2693 4132 nec
2742 4094 2942 4148 poenas
3003 4079 3385 4148 repetiturum
3441 4095 3505 4132 eo
3559 4080 3797 4133 meritas
3848 4081 4008 4148 quod

2350 4168 2553 4221 tandiu
2586 4166 2642 4219 in
2677 4173 2840 4219 tanta
2871 4165 3084 4219 vicinia
3115 4165 3385 4220 omiseris
3418 4165 3673 4219 debitam
3711 4167 4006 4234 majestati

2347 4257 2476 4326 ejus
2515 4255 2944 4308 venerationem
2979 4254 3237 4307 reddere.
3273 4255 3374 4308 Ais
3409 4271 3478 4306 an
3545 4271 3719 4321 negas
3742 4255 3768 4308 ?
3798 4256 4008 4324 expedi

2347 4359 2734 4414 responsum;
2773 4359 2905 4395 nam
2939 4341 2986 4395 si
3015 4343 3268 4406 dubitas,
3293 4345 3475 4396 refero
3499 4343 3696 4396 statim
3718 4345 3784 4396 ad
3808 4346 4002 4413 ipsum

2347 4433 2636 4504 quidquid
2670 4432 2739 4485 de
2771 4437 2827 4485 te
2859 4430 3112 4500 comperi
3147 4447 3159 4485 :
3195 4448 3386 4486 moras
3418 4431 3573 4485 enim
3609 4432 3833 4486 trahere
3885 4449 4005 4485 non

2347 4528 2530 4578 vacat.
2567 4521 2775 4591 Ecquis
2818 4527 3036 4584 autem,
3071 4521 3374 4590 respondit
3406 4526 3634 4588 taurus,
3668 4520 3755 4574 leo
3789 4521 3880 4574 hic
3913 4527 4005 4574 est

582 4597 696 4652 que
728 4581 1388 4680 intueri,.deprehcndit
1418 4584 1845 4680 cavum-inane
1878 4583 2022 4654 pelle
2072 4583 2232 4638 tenui
2267 4584 2311 4646 D
2345 4613 2580 4677 horum,
2613 4581 2818 4665 aliam.
2849 4581 3281 4680 mandaueram,
3315 4614 3372 4663 et
3423 4581 3663 4663 ubinar'n
3710 4609 3943 4662 habitat
3970 4609 3997 4662 .2

581 4675 939 4739 contectum,
973 4671 1380 4741 irridensque:
1419 4672 1605 4743 Papae,
1640 4671 1851 4742 inquit,
1875 4690 2050 4743 quam
2076 4690 2232 4728 men-

577 4761 686 4813 dax
731 4761 957 4830 species
994 4759 1324 4829 falsumque.
1377 4761 1657 4816 indicium
1690 4762 1939 4816 tumoris
1989 4762 2118 4817 est!
2170 4767 2234 4818 ut

577 4848 814 4919 turgida
847 4849 966 4902 hrec
1000 4849 1490 4921 vocalissimaque
1523 4868 1766 4921 corpora
1812 4851 2023 4905 inaniis
2069 4853 2230 4908 intus

575 4937 861 4992 exhausta
892 4938 1247 5004 vanissimis,
1295 4939 1538 4994 ridicule
1581 4941 1882 4994 minantur
1929 4946 1984 4994 et
2044 4943 2228 4996 risum

575 5026 790 5082 debent
824 5027 834 5081 !
872 5026 1072 5081 Simile
1107 5045 1211 5082 nos
1244 5028 1572 5098 quidpiam,
1627 5029 1882 5091 domine.
1918 5029 2090 5084 hodie
2128 5048 2227 5101 pa-

571 5115 776 5184 timur,
811 5116 1043 5170 fremitu
1076 5133 1251 5186 quam
1283 5117 1519 5186 minaci,
1568 5123 1684 5172 tam
1737 5118 1900 5173 irrito
1953 5119 2226 5174 animalis

569 5203 748 5273 hujus
780 5206 987 5260 territi.
1026 5207 1173 5273 Quin
1208 5206 1256 5261 si
1282 5206 1458 5277 jubes
1500 5208 1572 5262 ad
1625 5208 1770 5262 illud
1827 5211 2121 5278 accedam,
2170 5214 2226 5264 et

569 5293 867 5365 explorato
896 5295 1036 5366 quid
1082 5297 1317 5351 demum
1351 5297 1448 5363 sit,
1503 5297 1572 5351 ad
1624 5303 1678 5352 te
1735 5297 2024 5354 curriculo
2075 5299 2222 5354 refe-

572 5400 719 5439 ram.

633 5600 696 5655 X.
732 5602 954 5656 Annuit
989 5602 1095 5667 leo,
1127 5602 1408 5674 misitque
1441 5604 1656 5675 ipsum.
1690 5609 1976 5660 Caeterum
2019 5605 2218 5661 statim

560 5704 626 5746 eo
658 5690 915 5762 profecto
955 5691 1336 5748 mcestissima
1365 5693 1495 5765 ejus
1531 5695 1665 5749 facti
1712 5695 2058 5766 pauitantia
2107 5698 2219 5755 im-

2344 4703 2428 4756 Ad
2461 4717 2529 4756 ea
2561 4699 2902 4768 Vestigator,
2943 4698 3060 4752 Rex
3091 4703 3201 4765 est,
3237 4698 3445 4768 inquit,
3484 4715 3733 4769 magnus
3771 4699 3994 4752 bestia-

2343 4807 2497 4857 rum,
2529 4795 2584 4843 et
2617 4788 2709 4842 hic
2744 4788 2798 4840 in
2849 4787 3178 4858 propinquo
3221 4793 3412 4842 castra
3439 4793 3694 4841 metatus
3727 4804 3833 4842 sua
3884 4795 3997 4854 est,

2342 4889 2442 4944 ubi
2477 4885 2680 4942 statin
2712 4885 3030 4953 augustali,
3066 4899 3376 4938 numeroso
3399 4884 3820 4938 circumstante
3845 4884 3996 4938 fera-

2341 4995 2467 5034 rum
2501 4975 2778 5039 exercitu,
2813 4974 3030 5044 quibus
3064 4973 3329 5043 imperat.
3375 4973 3633 5028 Territus
3665 4972 3756 5027 his
3790 4978 3999 5028 taurus

2339 5070 2597 5130 secutus,
2632 5063 2924 5116 dicentem
2959 5061 3357 5132 est,leonique
3389 5060 3797 5131 aVestigatore
3830 5061 4000 5117 obla-

2336 5162 2455 5224 tus,
2487 5153 2538 5208 ei
2568 5167 2630 5206 se
2663 5149 2996 5205 humillime
3029 5150 3299 5220 subjecit.
3335 5154 3498 5204 Hune
3528 5149 3870 5204 humaniter
3903 5150 3996 5205 leo

2335 5243 2631 5314 excipiens
2662 5240 2840 5294 etiam
2875 5244 3249 5310 percontatus
3276 5239 3524 5306 benigne
3574 5247 3661 5293 est
3684 5239 3756 5292 de
3803 5238 3987 5292 fortu-

2336 5353 2422 5390 nae
2455 5351 2519 5388 ac
2552 5346 2746 5386 rerum
2780 5345 3024 5383 suarum
3057 5333 3234 5384 statu.
3274 5327 3493 5382 Retulit
3544 5345 3612 5382 ex
3641 5327 3754 5383 ﬁde
3780 5333 3993 5383 taurus

2335 5427 2564 5488 cuncta,
2609 5419 2924 5491 gratiaeque
2975 5434 3089 5472 non
3139 5417 3396 5488 vulgaris
3440 5418 3592 5489 apud
3646 5417 3872 5472 leonem
3908 5419 3993 5473 lo-

2333 5531 2467 5571 cum
2501 5509 2744 5577 invenit,
2768 5509 2913 5563 adeo
2947 5513 3012 5564 ut
3043 5508 3138 5562 hic
3169 5507 3220 5562 ei
3267 5507 3414 5562 bona
3445 5508 3642 5562 omnia
3685 5509 3989 5579 promitte-

2332 5610 2446 5674 ret,
2471 5602 2798 5669 eodemque
2833 5597 2958 5667 jam
2993 5614 3150 5652 nunc
3184 5597 3459 5652 ministro
3493 5613 3864 5652 summarum
3899 5615 3988 5652 re-

2331 5715 2463 5756 rum
2497 5698 2712 5750 utetur.
2759 5689 2831 5742 Ac
2882 5686 3041 5744 brevi
3090 5693 3298 5744 taurus
3348 5703 3413 5743 eo
3458 5687 3741 5758 pervenit,
3795 5693 3860 5742 ut
3890 5705 3992 5744 au-
