4226 6460
235 397 371 451 1257

1254 393 1609 446 SPECIMEN
1646 394 2044 449 SAPIENTUE
2082 394 2412 450 INDORUM
2451 398 2613 449 VET.

3495 394 3625 445 12.38

232 519 501 574 ctoritate
526 535 591 572 ac
621 516 882 589 potentia
910 515 1081 585 longe
1111 514 1387 570 omnibus
1415 513 1563 568 leoni
1595 515 1876 584 subjectis
1909 533 1957 597 Α
1991 518 2370 583 praeberembi
2405 518 2913 573 mansuetudinem
2948 522 3005 572 et
3034 515 3283 587 speciem
3310 516 3630 571 clementim

237 608 632 663 antecelleret.

306 824 398 877 XL
431 823 558 876 Haec
590 837 833 876 cernens
866 820 1197 891 Vestigator
1245 818 1362 874 acri
1404 818 1579 873 livore
1614 819 1882 889 ringeba-

238 914 438 967 tur.Ac
470 928 603 965 eum
636 910 734 964 diu
789 926 990 963 secum
1051 913 1328 980 reputans
1389 908 1707 962 volutasset
1764 907 1885 979 plu-

244 1002 684 1065 rima,veterem
718 999 952 1053 tandem
989 997 1249 1053 sodalem
1274 998 1624 1052 Coronatum
1659 996 1885 1063 adiens,

240 1089 431 1159 erupit
468 1090 522 1141 in
570 1088 702 1141 sinu
764 1087 931 1140 amici
986 1086 1382 1153 stomachum,
1424 1091 1480 1139 et
1534 1087 1688 1155 apud
1743 1085 1890 1138 fidas

239 1197 413 1233 aures
446 1176 852 1247 regritudinem
888 1176 1068 1229 animi
1093 1190 1420 1242 arcanaque
1453 1172 1697 1228 consilia
1724 1173 1887 1227 fateri

239 1284 442 1329 ausus,
495 1266 555 1318 Et
600 1265 853 1326 miraris,
914 1268 969 1317 et
1002 1264 1300 1316 miseraris
1336 1264 1613 1331 profecto,
1676 1261 1888 1330 inquit,

242 1354 466 1424 me,qrei
506 1360 620 1406 tam
650 1351 955 1406 infeliciter
979 1368 1213 1422 operam
1240 1351 1421 1405 locavi
1443 1351 1499 1404 in
1527 1350 1892 1403 conciliando

255 1444 406 1499 leoni
440 1450 627 1507 tauro,
656 1441 845 1510 utipsi
881 1440 1059 1494 miser
1091 1440 1229 1493 mihi
1267 1439 1509 1494 exitium
1542 1439 1889 1493 confecerim

254 1531 676 1602 ingratissimis
727 1530 1114 1583 benetaciens.
1165 1529 1291 1583 Scis
1343 1546 1517 1583 unam
1580 1530 1774 1583 dexlre
1831 1542 1894 1581 ac

242 1622 427 1691 perite
462 1620 718 1673 discussi
753 1618 1281 1688 suspiciones,quas
1316 1624 1548 1671 taurum
1580 1626 1637 1671 st
1671 1617 1895 1671 leonem

244 1710 491 1763 invicem
529 1709 932 1761 commissura:
968 1707 1338 1765 videbantur.
1384 1708 1542 1775 gravi
1591 1708 1897 1775 utriusque

245 1798 523 1866 periculo.
572 1798 707 1851 Inde
740 1803 933 1850 autem
967 1795 1105 1867 quid
1155 1796 1338 1848 evenit
1366 1798 1391 1849 ?
1424 1797 1637 1867 Nempe
1695 1802 1758 1848 ut
1817 1794 1899 1846 illi

1990 608 2244 661 all'ectari
2295 625 2385 663 res
2437 608 2749 678 poscebat;
2802 607 3063 671 tertium,
3108 622 3223 659 non
3276 606 3413 659 dare
3476 607 3635 674 ipsos

1989 702 2319 765 Operam,ut
2348 695 3449 765 eruditorum,prudentorum,tidorum
3484 710 3639 747 sem-

1992 801 2092 854 per
2123 785 2275 854 apud
2300 802 2359 839 se
2379 784 2847 839 consiliariorum
2884 784 3109 853 c0piam
3148 783 3439 848 habeant;
3473 799 3641 853 quar-

1992 874 2483 943 tum,permittere
2516 874 2823 945 digladiari
2860 874 3009 927 inter
3056 888 3117 925 se
3161 874 3428 925 subditos
3474 888 3538 925 ac
3582 872 3637 923 in

1996 962 2273 1016 factiones
2298 964 2524 1026 scindi;
2578 962 2874 1032 quintum,
2929 979 3039 1015 non
3095 962 3376 1015 moderari
3422 960 3639 1014 allecti-

1998 1051 2236 1112 lius,sed
2271 1050 2883 1119 cupiditate,libidine
2929 1067 2992 1105 ac
3050 1050 3366 1121 praesertim
3422 1050 3507 1102 ira
3556 1052 3638 1101 et"

2001 1140 2127 1190 ferri
2166 1158 2224 1194 se
2259 1141 2486 1196 sinere:
2520 1144 2748 1194 sextum
2785 1140 3057 1209 denique,
3085 1157 3196 1192 non
3235 1138 3644 1204 invigilwcju-

1997 1229 2432 1298 git-irintentos
2477 1246 2574 1283 eos
2630 1229 2685 1281 in
2750 1230 3085 1297 contingere
3150 1230 3495 1298 plerumque
3556 1245 3643 1279 τυ-

2002 1317 2132 1369 litas
2188 1319 2540 1371 mutationes
2599 1324 2956 1387 temporum,
3007 1329 3057 1367 et
3116 1319 3423 1369 adversum
3478 1334 3650 1369 Casus

2001 1414 2519 1476 omnes,quotquot
2552 1407 2830 1459 exsistere
2865 1407 3069 1475 qtluVlS
3112 1407 3488 1459 conversione
3524 1422 3651 1472 pm-

2002 1494 2136 1555 sint,
2193 1512 2302 1548 non
2357 1512 2423 1548 ex
2488 1494 2657 1565 longo
2711 1495 3035 1565 providisse
3090 1495 3295 1548 idonea
3360 1493 3652 1563 praesidia,

2006 1590 2328 1654 parataque
2361 1584 2430 1637 ad
2467 1600 2704 1637 uanum
2742 1591 2955 1637 tenere.

2080 1801 2512 1861 Xll.Quomodo
2546 1816 2679 1852 vero
2733 1799 2969 1866 puteris,
3007 1799 3084 1851 ait
3133 1799 3479 1852 (ἶίιιϋιειιιις,
3540 1806 3659 1844 Inn-

248 1905 350 1957 per
386 1904 474 1939 me
507 1886 798 1939 conciliati
856 1886 1049 1937 ti-lices
1090 1890 1395 1954 imperent,
1436 1902 1766 1953 rerumque.
1809 1902 1897 1936 ine
1934 1910 1976 1973 Β
2013 1908 2138 1943 rum
2174 1890 2593 1943 circumvenire
2644 1893 2825 1941 multo
2873 1891 3250 1953 pnieiiiiorem
3305 1898 3377 1943 te,
3441 1905 3654 1938 .im-ro-

243 1976 822 2045 excluso,potiantur
856 1991 867 2026 :
907 1974 1175 2043 rege.cui
1230 1990 1431 2027 curam
1488 1977 1670 2027 exemi
1728 1972 1898 2026 mole-

248 2066 599 2128 stissimam,
638 2070 757 2117 tam
795 2064 909 2117 sibi
939 2063 1100 2116 utilis
1130 2064 1241 2116 mei
1277 2063 1587 2117 ministerii
1622 2062 1825 2125 oblito.
1850 2068 1906 2115 et

246 2156 445 2227 ipsum
480 2153 645 2206 illum
680 2152 845 2223 prius
879 2152 1259 2206 formidatum
1296 2151 1714 2215 adversarium,
1750 2156 1901 2221 post-

248 2260 424 2312 quam
451 2259 579 2295 mea
610 2239 900 2294 industria
933 2240 1042 2294 sibi
1077 2241 1409 2309 subjectum
1445 2240 1671 2305 habuit,
1698 2240 1755 2293 in
1790 2243 1903 2296 mei

252 2334 424 2397 longe
466 2330 722 2384 sulimoti
782 2329 974 2383 locum
1018 2331 1086 2383 ad
1123 2330 1472 2399 dignitatem
1508 2336 1901 2399 promovente.

257 2422 458 2485 Video,
512 2421 702 2488 inquit
749 2420 1097 2485 Coronatus,
1143 2425 1199 2472 et
1251 2421 1465 2473 sentire
1509 2421 1633 2486 jam
1693 2419 1905 2489 incipio

256 2527 373 2563 non
402 2525 641 2579 prorsus
666 2524 817 2561 vana
851 2508 1152 2561 monuisse
1192 2524 1300 2571 me,
1345 2524 1475 2561 cum
1508 2507 1609 2561 illa
1640 2526 1765 2577 quae
1798 2509 1902 2560 du-

252 2599 393 2652 dum
428 2598 670 2659 audisti,
696 2597 933 2666 aggredi
958 2597 1027 2650 ad
1064 2595 1171 2650 hoc
1206 2597 1502 2667 negotium
1530 2597 1632 2650 tibi
1659 2596 1907 2667 paranti,

258 2688 677 2741 disserueram.
711 2686 858 2749 Quid
894 2690 1089 2739 autem
1132 2684 1284 2739 circa
1327 2703 1395 2741 ea
1433 2703 1559 2756 quas
1623 2703 1777 2739 nunc
1824 2687 1908 2738 in-

257 2782 418 2830 stant
452 2776 680 2830 consilii
727 2775 908 2846 capis,
967 2774 1179 2845 quidve
1241 2792 1411 2846 paras
1470 2775 1685 2848 agere?
1740 2775 1907 2842 Volo,

255 2867 456 2937 inquit
484 2864 910 2936 Vestigator,in
939 2864 1246 2934 pristinam
1282 2865 1479 2937 reponi
1515 2866 1785 2936 gratiam,
1824 2882 1907 2919 re-

252 2970 653 3026 cuperareque
676 2954 1022 3025 dignitatem
1055 2955 1460 3021 interversam;
1487 2960 1545 3009 et
1567 2971 1735 3026 spero
1757 2955 1910 3008 viam

255 3045 328 3098 ad
362 3045 418 3097 id
454 3042 713 3114 aliquam
750 3044 1128 3097 inventurum
1162 3058 1276 3108 me,
1304 3044 1416 3097 tria
1465 3044 1726 3098 faciendo
1784 3060 1910 3114 quae

252 3133 446 3186 virum
482 3132 825 3202 prudentem
861 3146 1032 3202 agere
1064 3131 1352 3187 convenit.
1389 3132 1578 3202 Hujus
1608 3132 1764 3187 enim
1784 3132 1910 3187 offi-

259 3221 417 3275 cium
443 3226 554 3289 est,
586 3219 845 3289 primum
876 3219 1245 3274 considerare
1291 3236 1418 3290 quze
1451 3220 1564 3291 ipsi
1594 3225 1911 3276 evenerunt

2015 1998 2261 2050 rumque
2329 1998 2393 2034 ac
2437 1982 2715 2035 clientum
2781 1981 2988 2033 validis
3035 1981 3245 2047 opibus
3296 1976 3661 2030 subnixum?

2017 2070 2338 2140 Respondit
2401 2070 2770 2140 Vestigator:
2816 2068 2895 2122 Ne
2945 2074 3306 2130 contemnas,
3372 2065 3516 2119 heus
3575 2070 3660 2129 tu,

2017 2158 2263 2213 nimium
2299 2159 2642 2213 tenuitatem
2678 2163 2733 2211 et
2782 2156 3238 2211 imbecillitatem
3295 2171 3502 2209 meum.
3564 2152 3661 2205 Vi-

2015 2248 2219 2309 ctoria,
2255 2247 2302 2301 si
2337 2249 2672 2312 nescis,non
2706 2251 2793 2300 est
2822 2245 3057 2315 alligata
3092 2244 3321 2297 lacertis
3347 2260 3409 2296 ac
3445 2243 3659 2305 robori,

2016 2353 2281 2405 saepeque
2312 2336 2566 2390 vidimus
2602 2335 2949 2388 valentiores
2981 2335 3050 2387 ab
3085 2333 3506 2387 infirmioribus
3533 2349 3664 2399 prn-

2017 2432 2251 2479 stratos.
2286 2427 2365 2479 Ad
2417 2442 2482 2479 ea
2530 2428 2871 2488 Coronatus,
2924 2423 3071 2475 Vera
3121 2423 3393 2489 loqueris,
3431 2425 3530 2479 ait,
3567 2422 3663 2471 sed

2018 2516 2165 2575 vide.
2202 2532 2271 2568 ne
2305 2516 2400 2568 ubi
2439 2513 2855 2584 perpetraveris
2904 2515 3053 2581 ψιοί
3114 2530 3304 2581 paras,
3368 2514 3420 2563 in
3484 2511 3665 2577 ιη’·ιτιιία

2018 2604 2163 2658 ciem
2202 2606 2494 2658 laborasse
2528 2609 2582 2656 te
2617 2603 2911 2672 propriam
2948 2618 3076 2654 sero
3112 2600 3437 2667 intelligas;
3469 2600 3670 2651 multis

2018 2694 2172 2747 enim
2200 2693 2360 2763 parin
2396 2691 2746 2746 machinatis
2778 2692 2834 2744 id
2862 2690 3128 2761 contigit,
3161 2696 3219 2742 et
3241 2690 3387 2742 tanti
3412 2695 3497 2743 est
3522 2706 3669 2756 ιιυίεε

2018 2783 2153 2837 darn
2195 2782 2288 2836 hic
2310 2784 2437 2851 ejus
2470 2781 2700 2850 generis
2728 2780 2995 2850 exempla
3041 2795 3417 2833 memorasse.
3456 2784 3669 2830 Ascota}

2018 2871 2252 2925 cuidam
2286 2870 2626 2926 solitudinis
2659 2887 2775 2924 sure
2812 2875 3052 2939 pertazso
3085 2869 3359 2922 accedere
3392 2868 3564 2920 libuit
3597 2866 3667 2919 ad

2021 2960 2263 3031 regiam,
2297 2965 2446 3025 et,ut
2477 2959 2556 3013 ibi
2601 2965 2689 3014 est
2745 2957 3011 3020 solitum,
3071 2974 3211 3028 Opes
3271 2958 3668 3011 assentatione

2020 3048 2493 3103 nundinari.Nec
2524 3053 2653 3102 voto
2680 3047 2896 3102 excidit
2944 3064 2956 3100 ε
3012 3045 3291 3100 delinitus
3340 3044 3495 3100 enim
3543 3047 3670 3115 ejus

2021 3137 2320 3208 obsequiis
2354 3153 2452 3192 rex
2485 3153 2696 3208 magno
2728 3152 2865 3190 eum
2888 3152 3133 3191 numero
3160 3135 3398 3189 donavit
3428 3134 3676 3206 conchy-

2021 3226 2299 3281 liatorum
2332 3230 2682 3281 stromatum
2716 3230 2773 3280 et
2804 3224 2980 3279 vestis
3013 3223 3260 3279 attalicaa
3296 3224 3516 3278 summi
3547 3240 3673 3294 pre-

270 3274 279 3275 κ
410 3274 415 3275 κ
538 3274 553 3289 ι
586 3274 605 3289 ι
1309 3274 1325 3290 .
1475 3274 1533 3291 ικ
1604 3274 1617 3276 γ
1674 3274 1821 3275 κ
1868 3274 1871 3275 ν
2023 3274 2299 3281 -.ν-η---
2332 3274 2682 3281 _------_-__-
2720 3274 2772 3280 --
2815 3274 2978 3279 .-_---
3016 3274 3256 3279 μην---
3297 3274 3516 3278 _____-__-
3547 3274 3563 3294 ι
3590 3274 3641 3277 __

263 3311 420 3364 bona
450 3308 743 3379 malaque,
768 3324 835 3363 ac
864 3309 1062 3363 causis
1094 3313 1473 3380 utrorumque
1502 3309 1909 3381 deprehensis,
1940 3274 1984 3340 ϐ
2025 3316 2315 3371 tii.Rediit
2345 3320 2595 3371 onustus
2636 3314 2835 3386 opima
2862 3314 3056 3385 praeda
3103 3312 3403 3368 solitarius
3462 3330 3678 3367 avarus

265 3398 370 3453 illa
402 3398 638 3468 quidem
673 3398 870 3467 fugere
903 3398 1057 3451 unde
1079 3401 1207 3452 crta
1226 3397 1337 3453 sibi
1366 3398 1521 3453 mala
1544 3400 1917 3470 compererit,

262 3505 333 3542 ea
363 3491 570 3541 contra
601 3487 768 3557 sequi
792 3502 857 3539 ac
889 3501 1202 3556 procurare
1234 3501 1469 3543 summo
1490 3488 1687 3544 studio
1706 3488 1919 3557 quibus

266 3594 330 3631 se
362 3573 610 3630 senserit
656 3575 949 3643 adjutum.
982 3574 1276 3645 Inspicere
1318 3576 1529 3632 deinde
1551 3576 1703 3632 idem
1725 3582 1921 3632 atten-

262 3671 438 3736 teque
471 3665 641 3719 debet
671 3664 1030 3735 perpendere
1079 3682 1204 3735 qua:
1238 3666 1435 3737 ipsum
1470 3667 1775 3738 praesentia
1805 3668 1916 3721 cir-

266 3759 571 3810 cumstant
601 3756 907 3809 commoda
942 3756 1451 3828 incommodaque,
1506 3763 1743 3830 totoque
1785 3758 1917 3811 nisu

264 3846 466 3899 conari
512 3844 612 3898 illa
657 3845 894 3915 quidem
943 3850 1138 3899 tenere
1185 3845 1415 3917 sibique
1466 3862 1747 3913 asserere,
1801 3846 1922 3901 haec

264 3939 463 3990 autem
507 3950 684 4004 quam
742 3933 1087 4003 longissime
1137 3941 1389 3991 avertere
1431 3952 1496 3990 ac
1555 3936 1918 4007 propulsare.

270 4024 572 4078 Postremo
604 4023 665 4077 in
695 4024 958 4077 futurum
984 4024 1095 4093 ipsi
1130 4024 1557 4080 consulendum
1591 4031 1700 4081 est.
1732 4024 1794 4080 In
1830 4025 1922 4080 his

267 4130 376 4183 ego
410 4114 551 4167 dum
584 4113 847 4167 animum
884 4130 1047 4168 verso
1073 4130 1184 4168 non
1219 4114 1496 4186 segniter,
1548 4116 1633 4170 sic
1697 4114 1921 4185 reperio

268 4203 531 4266 tandem,
565 4203 859 4256 subducta
895 4202 1273 4257 consiliorum
1309 4204 1744 4275 summa,plane
1778 4202 1921 4256 mihi

268 4292 655 4347 occidendum
693 4292 825 4345 dolo
857 4292 1111 4360 quodam
1166 4297 1397 4347 taurum
1431 4308 1559 4349 esse
1593 4310 1606 4347 :
1643 4294 1725 4348 sic
1764 4292 1919 4348 enim

266 4386 331 4435 et
364 4381 475 4435 iter
506 4380 773 4449 aperiens
804 4381 871 4435 ad
908 4383 1407 4451 recuperationem
1457 4385 1727 4452 potentiae
1769 4382 1921 4454 prio-

267 4471 349 4526 ris
382 4471 602 4541 Optime
639 4470 785 4525 mihi
835 4472 1162 4538 consulam,
1198 4477 1254 4525 et
1285 4470 1512 4527 leonem
1548 4474 1739 4542 ipsum
1778 4488 1923 4526 novo

268 4560 552 4615 beneficio
586 4560 936 4614 devinciam.
966 4560 1082 4615 Hoc
1106 4566 1470 4631 postremum
1498 4562 1653 4633 quod
1688 4561 1773 4615 ais
1808 4579 1921 4616 non

2027 3407 2087 3461 in
2121 3422 2297 3461 suum
2331 3404 2659 3471 rusculum,
2692 3408 2748 3459 et
2782 3420 2992 3473 magno
3045 3404 3239 3456 fructu
3303 3418 3365 3456 se
3407 3418 3682 3472 peccasse

2027 3500 2228 3551 contra
2262 3494 2686 3565 professionem
2739 3510 2908 3548 suam
2963 3492 3020 3546 in
3062 3491 3195 3546 sinu
3245 3490 3677 3563 gratulabatur.

2030 3586 2206 3639 Breve
2237 3582 2517 3655 gaudium
2552 3582 2609 3636 id
2662 3581 2791 3637 fuit.
2856 3579 3265 3649 Latrunculus,
3318 3597 3376 3635 re
3425 3580 3677 3650 cognita,

2029 3688 2227 3728 senem
2263 3672 2614 3727 aditznarrat
2646 3671 2864 3726 fessum
2917 3687 2979 3725 se
3034 3670 3239 3727 mundi
3291 3669 3677 3735 tumultuum,

2030 3762 2329 3833 appulisse
2362 3761 2626 3815 animum
2664 3760 2732 3814 ad
2770 3759 3126 3815 desiderium
3161 3759 3288 3812 vita:
3322 3758 3673 3827 tranquilla-‘3;

2028 3857 2204 3921 atque
2238 3850 2380 3904 adeo
2412 3848 2562 3921 ipso,
2600 3849 2646 3903 si
2704 3848 3067 3913 dignaretur,
3127 3846 3405 3917 magistro
3464 3864 3676 3918 cupere

2029 3956 2242 4012 ponere
2272 3939 2608 3993 tirocinium
2644 3937 2956 3992 sanctioris
2979 3934 3303 4005 disciplinae
3337 3952 3350 3990 :
3377 3936 3459 3991 sic
3492 3936 3668 4002 enim,

2028 4030 2412 4085 consideratis
2444 4028 2918 4098 comparatisque
2952 4024 3175 4091 multis,
3210 4026 3671 4093 statuisse,haud

2029 4136 2091 4173 se
2115 4134 2284 4188 posse
2317 4117 2454 4171 alibi
2496 4116 2749 4187 reperire
2784 4115 3097 4187 perfectius
3155 4113 3454 4185 exemplar
3497 4115 3672 4167 virtu-

2028 4212 2149 4262 tum
2174 4206 2567 4277 egregiarum,
2603 4205 2816 4277 cuique
2846 4204 3127 4259 intuendo
3177 4204 3673 4274 exprimendoque

2030 4296 2359 4350 imitatione
2392 4294 2599 4349 utilius
2632 4295 2981 4348 attenderet.
3005 4292 3151 4357 Quid
3188 4290 3374 4345 multa
3403 4292 3428 4345 ?
3460 4293 3671 4346 admit-

2031 4386 2213 4451 titur;
2245 4384 2487 4439 simulat
2520 4384 2807 4447 studium,
2842 4382 3019 4435 ﬁdem
3054 4380 3446 4435 t'acitsincerze
3479 4380 3678 4434 volun-

2029 4476 2191 4539 tatis,
2226 4490 2291 4527 ac
2311 4471 2513 4543 paucis
2545 4471 2758 4526 diebus
2791 4470 3129 4525 facultatem
3163 4475 3370 4525 nactus
3388 4486 3563 4539 quam
3585 4487 3681 4524 vo-

2028 4563 2533 4630 lebat,convasata
2562 4561 2722 4615 senis
2756 4558 3118 4629 supellectile
3160 4562 3400 4613 strenue
3432 4559 3680 4627 aufugit.

267 4648 558 4720 intelligo,
593 4650 787 4719 inquit
836 4649 1197 4715 Coronatus;
1260 4668 1395 4704 nam
1448 4656 1513 4704 ut
1573 4650 1919 4705 beneﬁcium
1955 4636 1999 4698 Ι)
2034 4652 2189 4705 lctus
2212 4652 2428 4705 damno
2463 4649 2783 4705 solitiarius
2815 4648 2914 4701 dat
2943 4664 3004 4703 se
3063 4648 3118 4701 in
3170 4647 3323 4701 viam
3384 4653 3446 4701 ut
3495 4649 3680 4702 furem

266 4740 427 4795 leoni
456 4743 614 4794 esset
642 4740 827 4793 cedes
859 4740 1036 4807 tauri,
1080 4744 1372 4809 oporteret
1411 4740 1567 4794 hunc
1599 4739 1927 4795 incommo-

266 4829 409 4884 dare
456 4827 564 4895 illi,
599 4828 752 4898 quod
813 4833 1021 4883 contra
1068 4833 1190 4895 est;
1244 4846 1380 4883 nam
1439 4846 1509 4883 ex
1568 4845 1682 4899 quo
1723 4834 1930 4884 taurus

270 4918 429 4973 leoni
462 4916 661 4981 servit,
691 4918 835 4972 satis
869 4917 1041 4983 bono,
1079 4922 1143 4971 ut
1173 4918 1425 4985 videtur,
1457 4917 1581 4973 loco
1624 4936 1717 4973 res
1748 4918 1929 4989 hujus

270 5010 433 5062 sunt.
471 5005 736 5071 Falleris,
760 5007 1065 5078 respondit
1116 5006 1468 5079 Vestig‘ator,
1512 5009 1927 5079 contemptibi-

268 5097 385 5152 lem
421 5096 641 5167 quippe
672 5112 734 5151 se
766 5095 938 5165 leo,et
968 5114 1068 5167 per
1101 5096 1207 5152 hoc
1256 5097 1486 5152 insidiis
1531 5103 1927 5167 opportunum

272 5187 433 5256 apud
466 5203 607 5241 suos
638 5203 839 5241 omnes
873 5186 1143 5253 reddidit,
1188 5187 1301 5241 isto
1348 5187 1529 5241 nimio
1583 5187 1641 5241 in
1692 5192 1926 5242 taurum

274 5276 498 5340 studio,
532 5293 707 5347 quem
730 5275 1071 5341 inconsulte
1104 5276 1334 5330 cunctis
1387 5276 1659 5347 praztulit.
1693 5282 1800 5331 Sex
1832 5295 1929 5333 au-

271 5371 394 5421 tem
424 5371 617 5420 errata
650 5382 851 5435 regum
885 5370 1044 5431 sunt,
1086 5365 1303 5436 quibus
1363 5366 1767 5421 auctoritatem
1804 5384 1932 5437 per-

272 5456 428 5511 dunt
458 5460 513 5509 et
545 5454 772 5525 gladios
804 5454 1108 5509 rebellium
1142 5455 1199 5509 in
1252 5472 1313 5509 se
1368 5460 1605 5510 acuunt.
1667 5457 1929 5511 Primum

272 5550 365 5599 est
396 5544 477 5598 ibi
511 5543 720 5598 resolvi
774 5544 833 5597 in
868 5543 1166 5598 lenitatem
1202 5543 1527 5609 flaccidam,
1565 5544 1661 5598 ubi
1698 5549 1935 5600 austera

274 5635 585 5689 severitate
616 5651 765 5705 opus
799 5636 1026 5700 fuerat;
1079 5636 1431 5699 secundum,
1479 5634 1536 5687 in
1573 5636 1933 5689 contrarium

272 5726 606 5777 extremum
642 5738 913 5792 peccans,
948 5723 1025 5776 ibi
1060 5739 1121 5777 se
1154 5724 1402 5777 ferocem
1447 5726 1503 5776 et
1549 5722 1931 5793 implacidum

562 5841 822 5902 PATROL.
872 5839 985 5901 GR.
1032 5840 1290 5901 CXLIII.

2038 4745 2343 4813 quareret.
2368 4742 2622 4811 Apparet
2647 4739 2810 4794 eunti
2844 4738 3099 4809 primum
3152 4754 3342 4807 omen,
3368 4744 3686 4794 commissa

2038 4831 2094 4885 in
2130 4846 2267 4901 agro
2301 4847 2499 4902 pugna
2526 4830 2772 4885 arietum
2808 4829 3081 4893 duorum,
3105 4827 3688 4900 magnaira,lateque

2039 4924 2350 4974 resonante
2382 4918 2732 4973 collinarum
2788 4917 2981 4973 sonitu
3046 4915 3325 4970 frontium
3377 4916 3688 4972 incursan-

2038 5010 2185 5062 tium
2220 5008 2492 5063 invicem.
2517 5004 2858 5078 Tulpecula,
2919 5022 3062 5059 sono
3089 5004 3298 5070 excita,
3333 5004 3567 5077 utrique
3598 5006 3681 5060 in-

2042 5097 2267 5152 sidians
2300 5099 2575 5163 accurrit,
2608 5101 2665 5150 et
2722 5097 2861 5149 dum
2896 5098 3170 5149 eventum
3205 5099 3520 5165 exspectat,
3555 5095 3693 5161 sibi,

2042 5191 2105 5241 ut
2132 5186 2406 5257 sperabat
2437 5186 2700 5240 futurum
2737 5184 2967 5248 utilem,
2996 5182 3140 5237 tanti
3184 5183 3549 5250 certaminis,
3601 5184 3693 5238 in-

2043 5276 2213 5330 terim
2248 5274 2493 5346 sanguis
2529 5273 2689 5345 large
2732 5274 2922 5327 ﬂuens
2975 5289 3005 5327 e
3050 5271 3390 5327 vulneribus
3436 5289 3697 5343 pugnan-

2046 5365 2189 5419 tium
2235 5364 2319 5417 illi
2372 5364 2615 5419 salivam
2679 5364 2897 5429 movit;
2956 5378 3137 5433 quare
3195 5362 3479 5417 accedens
3524 5363 3699 5434 coepit

2046 5456 2287 5527 lingere,
2321 5455 2734 5527 auspicarique
2759 5454 2927 5525 quasi
2958 5452 3382 5524 promulsidem
3408 5454 3698 5509 uberioris

2048 5562 2177 5599 mox
2232 5542 2531 5599 afﬂuxuraz
2584 5560 2784 5600 omnes.
2847 5544 3061 5598 Verum
3124 5543 3204 5596 illi
3267 5560 3399 5598 caro
3439 5545 3702 5599 constitit

2048 5652 2156 5689 sua
2187 5633 2479 5704 cupiditas
2512 5650 2525 5687 :
2562 5651 2698 5688 nam
2733 5633 2844 5688 acti
2888 5632 3058 5686 furiis
3096 5632 3193 5685 iraa
3236 5634 3699 5688 recrudescentis

2046 5725 2219 5779 ambo
2250 5724 2470 5789 remuli,
2498 5724 2640 5778 dum
2676 5723 2873 5779 infesti
2906 5739 2966 5778 se
3002 5728 3206 5778 mutuo
3232 5724 3544 5794 impetunt,
3577 5724 3702 5776 vul-

3351 5844 3428 5901 40
