4248 6442
618 391 756 445 1259

2146 392 2530 445 ΑΡΡΕΝΒΙΧ.

3892 398 4028 450 1260

614 534 744 588 pem
799 517 946 572 forte
995 516 1387 571 incurrentem
1451 513 1702 568 mediam
1740 513 2256 569 vehementissimo
2287 521 2341 585 Α
2376 515 2487 571 vita
2522 517 2831 589 indignum
2865 521 3168 591 proﬁtetur
3194 523 3461 578 obnoxie.
3506 524 3721 578 Tundit
3770 525 3840 578 ad
3903 524 4024 580 haec

614 607 873 677 capitum
908 604 1081 659 allisu
1115 603 1532 658 oontriverunl.

686 732 831 787 XIII.
905 731 1157 803 Pergens
1217 734 1410 785 asceta
1484 734 1671 799 ccepto
1740 729 1966 799 itinere,
2027 747 2264 802 vespere

617 822 823 877 incidit
876 820 932 880 in
986 819 1298 874 coriarium
1334 818 1479 873 satis
1513 818 1860 887 humanum,
1894 820 1996 890 qui
2046 820 2261 874 reveri-

615 917 710 966 tus
766 910 1078 982 hospitem.
1137 908 1378 963 deduxit
1452 908 1692 965 domum
1768 908 2052 979 uxorique
2100 926 2261 965 com-

618 1001 936 1063 mendavit,
971 1015 1251 1053 excusans
1276 1014 1336 1051 se
1380 998 1712 1054 condixissc
1770 997 1956 1053 amico
2016 999 2085 1052 ad
2147 1016 2262 1052 cm-

617 1089 1047 1144 nam.Habebat
1078 1093 1399 1141 amatorem
1433 1087 1645 1155 conqu
1679 1086 1929 1153 corinrii,
1961 1092 2015 1141 et
2049 1103 2263 1159 seque-

613 1184 735 1233 stra
758 1176 1029 1248 ﬂagitiosi
1064 1175 1394 1235 commercii
1416 1176 1604 1230 vicina
1631 1177 2153 1243 utebantur,uxore
2170 1194 2259 1230 ar-

613 1267 788 1322 titicis
822 1265 1210 1320 umbellarum
1240 1283 1252 1329 ;
1287 1266 1379 1325 cui
1414 1270 1551 1319 tunc
1585 1265 1637 1318 in
1682 1282 1898 1339 aurem,
1934 1282 2139 1320 secura
2159 1266 2260 1322 ho-

612 1358 804 1429 spitis.
828 1356 1142 1423 Curre,ait,
1176 1354 1362 1409 amico
1396 1353 1847 1424 nuntiatempus
1871 1370 1999 1410 esse
2030 1355 2261 1409 venien-

612 1448 668 1500 di
696 1462 830 1500 cum
864 1444 951 1498 vir
983 1444 1166 1498 abest.
1205 1442 1397 1497 Fluxit
1429 1442 1563 1503 inde
1619 1448 1705 1497 sat
1754 1443 2005 1503 multum
2066 1443 2259 1514 spatii,

613 1533 1103 1599 morante,nescio
1136 1548 1313 1602 quam
1377 1533 1449 1585 ob
1495 1548 1760 1596 causam.
1813 1531 2076 1593 adultero
2110 1549 2122 1586 :
2160 1532 2259 1598 qui

613 1624 710 1679 ubi
746 1624 985 1678 tandem
1020 1622 1089 1675 ad
1126 1622 1278 1677 fores
1302 1620 1508 1689 astitit,
1542 1623 1814 1690 eccejam
1851 1621 2029 1675 redux
2072 1623 2258 1675 coria-

612 1716 734 1769 rius
765 1714 1007 1767 domum
1042 1711 1315 1765 intrabat.
1342 1710 1585 1764 Multum
1618 1710 1669 1765 is
1696 1709 1810 1764 vini
1844 1726 2006 1766 caena
2040 1710 2140 1765 illa
2171 1728 2260 1765 ex-

610 1802 909 1868 hauserat,
947 1815 1049 1853 nec
1095 1797 1402 1853 constabat
1463 1798 1632 1868 plane
1691 1799 2004 1867 sensibus;
2065 1804 2256 1854 tamen

2369 608 2660 675 pectus,in
2688 625 2881 679 genua
2912 611 3182 681 procidit,
3238 612 3464 666 veniam
3510 617 3695 681 rogat,
3736 618 4020 667 aeternum

2369 710 2627 749 amorem
2663 698 3215 770 venerationemque
3241 699 3566 771 pollicetur.

2442 820 2589 875 XIV.
2645 822 2794 877 Lena
2844 823 3073 878 interim
3145 824 3360 879 misera
3408 825 3822 890 dormientem,
3858 830 4025 881 nocte

2370 910 2573 979 utique
2608 912 2915 978 concubia,
2951 914 3109 967 domi
3143 914 3331 968 virum
3367 920 3559 982 nacta,
3594 916 3897 970 assidebat
3928 932 4023 985 ge-

2371 1015 2534 1053 mens
2564 1000 2811 1068 jacentis
2847 1002 3013 1063 lecto,
3049 1002 3295 1057 sollicita
3325 1020 3497 1074 quam
3534 1020 3773 1059 causam
3809 1004 4023 1073 allega-

2370 1092 2457 1141 ret
2486 1088 2961 1153 deprehendendi
2997 1107 3129 1145 mox
3162 1092 3446 1147 vulneris.
3486 1094 3629 1147 Dum
3668 1092 3855 1147 multa
3886 1093 4025 1145 deli-

2372 1178 2552 1241 berat,
2586 1183 2643 1231 et
2674 1177 2819 1231 nihil
2850 1181 3102 1251 expedit,
3136 1181 3304 1249 signo
3349 1181 3692 1236 admonitus
3748 1181 4023 1235 familiari

2369 1267 2611 1319 secundi
2647 1266 2927 1335 gallicinii
2965 1268 3372 1339 umbellarius,
3407 1274 3588 1325 strato
3637 1287 3694 1324 se
3753 1271 4021 1342 proripit,

2370 1371 2435 1408 ac
2470 1354 2619 1408 Inter
2636 1357 2957 1411 sumendas
2979 1362 3172 1413 vestes
3196 1358 3268 1412 de
3292 1375 3452 1413 more
3477 1376 3713 1413 uxorem
3738 1360 4021 1423 excitans,

2368 1444 2538 1503 Cedo.
2562 1444 2772 1514 inquit,
2806 1446 2881 1498 da
2928 1446 2985 1499 in
3028 1463 3233 1509 manus
3265 1449 3708 1526 quamprimum
3743 1448 3800 1501 in
3834 1447 4023 1501 ol‘tici-

2369 1548 2503 1586 nam
2538 1534 2605 1587 ad
2641 1551 2786 1604 opus
2830 1536 3159 1612 profecturo
3210 1536 3608 1591 instrumenta
3658 1537 3879 1592 laboris
3931 1553 4029 1591 no-

2368 1622 2762 1677 stri.Utuntur
2821 1625 3298 1681 umbraculorum
3362 1644 3391 1680 e
3452 1625 3706 1698 pellibus
3764 1631 4020 1691 sutores,

2365 1716 2575 1779 praeter
2606 1710 2745 1766 acus
2775 1717 2832 1767 et
2863 1714 3091 1773 forﬁces
3123 1713 3660 1784 similiaque,brevi
3696 1715 4023 1785 praesertim

2365 1801 2465 1854 sed
2502 1800 2617 1855 lato
2650 1801 3246 1871 cultro,semilunaris
3282 1803 3501 1867 formae,
3542 1819 3676 1857 cum
3712 1802 4027 1857 manubrio

611 1890 717 1945 tali
751 1890 874 1943 loco
907 1894 963 1943 et
987 1894 1241 1958 tempore
1273 1889 1487 1957 compti
1514 1887 1753 1957 juvenis
1786 1904 2068 1943 occursus
2102 1889 2257 1944 haud
2293 1884 2337 1947 Β
2370 1906 2401 1942 a
2430 1894 2613 1959 tergo,
2649 1892 2897 1946 rotundo
2932 1909 3034 1946 nec
3066 1892 3261 1964 longo,
3296 1909 3412 1963 quo
3449 1898 3684 1964 arrepto
3719 1892 3903 1965 pelles
3938 1909 4035 1946 su-

611 1985 831 2033 temere
865 1977 1263 2048 suspicionem
1300 1977 1498 2031 movit.
1549 1976 1917 2047 Temperavit
1959 1977 2255 2033 nihilomi-

612 2086 723 2124 nus
757 2069 906 2123 facto
940 2068 1166 2121 dictove
1215 2066 1489 2136 graviori,
1532 2071 1588 2120 et
1647 2065 1811 2120 illum
1873 2068 2042 2122 modo
2102 2073 2259 2123 torve

611 2157 885 2222 intuitus,
921 2156 1069 2211 edes
1100 2156 1276 2222 subit,
1317 2160 1557 2226 portans
1605 2156 1765 2210 intus
1815 2172 1943 2211 acre
1994 2157 2258 2228 jurgium

608 2249 677 2302 ad
712 2263 950 2301 uxorem
973 2251 1270 2317 ;quam,ut
1302 2245 1552 2316 primum
1588 2246 1877 2316 apparuit,
1914 2245 2101 2317 plagis
2132 2264 2261 2301 con-

611 2343 808 2391 tusam
834 2336 905 2390 ad
930 2334 1061 2388 lecti
1097 2334 1349 2388 Iulcrum
1384 2333 1677 2401 alligat;ac
1712 2336 2127 2406 repentc,quod
2155 2337 2261 2391 du-

613 2430 753 2482 dum
790 2427 1069 2499 poscchat
1098 2430 1403 2495 gravatum
1457 2442 1615 2479 mero
1667 2432 1863 2496 caput,
1916 2444 2143 2481 sommo
2202 2444 2264 2482 se

614 2516 816 2572 tradit.
848 2520 1137 2570 Stertente
1173 2516 1297 2585 jam
1350 2515 1493 2579 viro,
1544 2521 1708 2569 vocat
1754 2533 1994 2571 susurro
2056 2516 2266 2571 mulier

615 2624 795 2678 prope
825 2607 1103 2661 latentem
1129 2604 1320 2659 lenam
1342 2605 1694 2673 ,et,Amabo,
1722 2605 1936 2677 inquit,
1957 2606 2113 2661 solve
2142 2612 2265 2661 tan-

615 2698 800 2767 tisper
826 2712 939 2759 me,
970 2699 1144 2764 teque
1178 2693 1449 2748 vicariam
1511 2694 1578 2747 ad
1640 2694 1808 2748 breve
1867 2695 2122 2766 spatium
2175 2697 2268 2751 his

618 2786 927 2842 commoda
975 2783 1246 2837 vinculis.
1294 2782 1632 2837 Admonebo
1682 2800 1712 2838 e
1766 2783 2021 2839 fenestra
2066 2785 2267 2855 paucis

618 2876 810 2930 verbis
842 2874 1155 2938 amasium,
1189 2877 1350 2927 extra
1401 2877 1462 2926 ut
1512 2876 1634 2927 tute
1694 2872 1966 2928 indicasti
2028 2881 2265 2945 praesto-

617 2966 857 3032 lantem,
891 2980 997 3017 nos
1039 2961 1132 3016 hic
1171 2962 1299 3032 ejus
1349 2977 1525 3015 causa
1564 2962 1781 3029 vexari,
1823 2963 2266 3033 quamprimum

620 3056 790 3110 abeat
809 3059 867 3108 et
896 3051 1260 3123 suspiciones
1290 3050 1450 3117 vitet,
1487 3067 1732 3121 moxque
1764 3050 1877 3105 huc
1929 3068 2022 3106 me
2079 3051 2269 3123 ligan-

620 3147 753 3199 dam
792 3144 999 3197 iterum
1038 3140 1300 3194 reddam.
1336 3140 1584 3195 Necesse
1636 3144 1827 3195 autem
1872 3146 1961 3196 est
2020 3141 2115 3197 hic
2157 3140 2267 3195 mei

2370 1997 2472 2050 per
2506 1980 2765 2035 tabulam
2799 1986 3068 2038 extensas
3099 1981 3511 2045 ineumbendo,
3543 1986 3597 2035 ct
3640 1981 4030 2035 semiorbicu—

2368 2066 2551 2121 larem
2585 2069 2753 2122 cultri
2789 2069 3077 2123 ambitum
3101 2070 3380 2140 gyrando,
3416 2073 3643 2135 secant;
3682 2070 4028 2123 novaculam

2370 2159 2675 2213 eoriariam
2710 2158 2949 2214 dixeris.
2973 2160 3133 2214 Hanc
3160 2177 3337 2215 unam
3367 2176 3434 2214 ex
3456 2161 3756 2222 omnibus,
3783 2175 4027 2229 poscen-

2369 2247 2410 2301 ti
2439 2248 2581 2301 artis
2613 2265 2829 2315 organa
2870 2249 3100 2315 marito,
3161 2250 3412 2320 perrexit
3460 2249 3519 2303 in
3571 2249 3831 2304 tenebris
3887 2265 4031 2302 uxor

2370 2338 3036 2409 obtrmlere,excipiente
3067 2344 3271 2393 contra
3301 2338 3423 2407 illo,
3456 2344 3541 2394 Da
3571 2344 3785 2393 cuncta
3848 2335 4031 2390 simul

2371 2426 2428 2479 in
2463 2444 2638 2481 unam
2675 2427 2913 2481 collecta
2945 2429 3178 2492 cistam,
3218 2446 3329 2483 non
3394 2430 3499 2482 hoc
3556 2429 4027 2481 instrumentum

2372 2516 2562 2570 solum
2596 2521 2747 2587 poto.
2790 2524 2929 2570 (tu..i
2981 2523 3175 2572 autem
3212 2517 3312 2572 illa
3359 2517 3543 2572 nihilo
3605 2517 3798 2571 secius
3861 2517 4033 2569 tertio

2373 2612 2706 2677 quartoquc
2747 2607 3000 2661 cultrum
3062 2607 3533 2665 semirotundum
3563 2612 3891 2677 oggereret,
3929 2605 4030 2658 ille

2373 2696 2594 2766 impetu
2631 2713 2887 2767 prmcops
2919 2695 3014 2749 ira:
3050 2696 3298 2750 furentis
3334 2714 3345 2750 :
3380 2696 3471 2749 Dii
3506 2700 3559 2749 te
3609 2695 3859 2765 perdant
3910 2710 4038 2764 per-

2374 2785 2662 2838 ducantve
2696 2785 2753 2839 in
2795 2772 3005 2840 malam
3037 2800 3159 2839 rem
3193 2801 3323 2838 cum
3361 2789 3463 2838 tua
3494 2784 3682 2838 istbac
3716 2782 4038 2847 novacula,

2376 2890 2552 2944 quam
2592 2872 2647 2926 in
2681 2878 2855 2945 caput
2887 2873 3010 2941 tibi,
3054 2878 3118 2927 ut
3148 2872 3327 2947 digna
3356 2890 3439 2939 es,
3476 2873 3728 2937 remitto,
3792 2872 4031 2942 quando

2374 2962 2552 3016 istum
2591 2964 2779 3035 placet
2807 2963 3245 3033 ejus,tanquam
3280 2960 3506 3033 pilas,ad
3534 2978 3625 3014 me
3659 2976 3848 3034 usque
3880 2960 4033 3013 mis-

2377 3053 2643 3116 sitandm,
2694 3053 2895 3107 ludum
2950 3051 3265 3107 ridiculum
3298 3051 3520 3106 ludere.
3556 3050 3659 3105 Hic
3692 3054 3925 3121 arrepto
3961 3050 4033 3103 ad

2376 3147 2572 3195 votum
2630 3148 2892 3215 tempore
2944 3142 3158 3196 mulier
3214 3141 3556 3203 acutissime
3614 3140 3969 3194 vociferatur
4018 3154 4033 3193 :

620 3234 744 3288 loco
789 3235 1048 3303 perstare
1108 3235 1183 3295 te,
1221 3246 1290 3283 ne
1342 3228 1456 3297 ille,
1513 3230 1658 3283 forte
1715 3229 2021 3301 evigilans,
2073 3234 2130 3285 et
2186 3231 2269 3284 fu-
2301 3244 2343 3313 ς
2382 3231 2501 3285 Ileu
2530 3232 2743 3285 nasus!
2773 3231 2884 3285 heu
2913 3234 3131 3287 nasus!
3160 3231 3360 3286 Excita
3393 3230 3585 3285 sonitu
3610 3228 3866 3283 accurrit
3887 3228 4036 3281 vici-

622 3323 777 3393 gisse
810 3338 901 3375 me
932 3320 1215 3388 sentiens,
1251 3324 1521 3390 erumpat
1546 3318 1601 3373 in
1637 3319 1834 3375 furias.
1890 3319 2142 3387 Dictum,
2177 3319 2265 3374 fa-

622 3410 883 3464 ctum.At
912 3424 1043 3462 ecce
1080 3408 1221 3461 dum
1258 3410 1522 3460 moratur
1552 3406 1840 3475 adultera,
1857 3408 2142 3462 coriarius
2171 3424 2272 3462 ex-

627 3498 1001 3572 pergiscitur,
1076 3513 1313 3551 uxorem
1391 3502 1579 3551 vocat.
1651 3496 1805 3551 Lena
1854 3513 1923 3551 ne
1979 3514 2114 3550 voce
2173 3498 2273 3551 de-

627 3585 1225 3660 prehendatur,silct;
1260 3586 1708 3652 iterum,tertio,
1738 3586 2085 3641 contentiori
2119 3602 2272 3640 sem-

628 3694 729 3749 per
758 3694 902 3732 sono
935 3692 1145 3730 nomen
1182 3674 1479 3729 inclamat.
1528 3676 1713 3729 Surdo
1751 3676 2001 3729 canitur.
2058 3676 2141 3729 Ad
2175 3692 2271 3729 ex-

624 3774 878 3822 tremum
910 3765 1261 3821 vociferatur
1290 3764 1722 3820 excandescens
1756 3781 1768 3819 :
1802 3768 1938 3831 Quae
1971 3764 2115 3834 haec,
2153 3780 2273 3819 ma-

628 3857 770 3912 tum!
808 3854 1220 3912 contumacia?
1250 3852 1543 3925 simulque
1576 3858 1804 3925 arrepto
1849 3870 1952 3924 per
2002 3854 2273 3909 tenebras

624 3945 1253 4016 cultello,negantis,ut
1283 3943 1548 4015 putabat,
1572 3942 1998 3998 contumeliose
2032 3959 2272 4014 respon-

618 4054 750 4091 sum
785 4035 984 4091 uxoris
1018 4050 1223 4089 nasum
1260 4033 1589 4100 abscindit;
1642 4049 1968 4104 rursusque
2024 4049 2274 4105 praegra-

616 4132 785 4181 vante
815 4124 1057 4196 crapula
1089 4138 1357 4195 soporem
1396 4122 1623 4194 repetit.
1669 4123 1839 4177 Redit
1896 4140 2058 4190 uxor,
2109 4122 2272 4177 adul-

614 4221 737 4271 tero
770 4216 1038 4280 dimisso,
1073 4213 1479 4285 ejulatumque
1505 4228 1719 4283 magno
1749 4217 1963 4267 conatu
1999 4228 2267 4283 premen-

616 4307 694 4362 tis
727 4304 1083 4361 lcnazlocum
1117 4310 1176 4359 et
1230 4303 1459 4357 vincula
1513 4302 1782 4370 resumit,
1838 4302 1967 4373 ipsa
2025 4303 2267 4357 domum

614 4413 752 4449 cum
782 4412 926 4450 naso
960 4396 1018 4448 in
1057 4411 1233 4448 manu
1270 4392 1625 4448 romissa.Ea
1656 4392 1921 4463 digressa
1954 4391 2158 4463 incipit
2178 4409 2270 4446 vas

614 4488 701 4541 t'ra
732 4485 945 4540 mulier
972 4484 1132 4541 clara
1152 4500 1292 4538 voce
1325 4483 1594 4537 invocare
1641 4483 1781 4536 deos
1830 4498 2055 4548 omnes,
2089 4486 2268 4536 testes

2384 3320 2482 3374 nia
2514 3336 2643 3373 cum
2681 3320 2929 3387 facibus,
2962 3322 3163 3377 vident
3197 3337 3404 3375 nasum
3430 3319 3692 3374 mulieris
3719 3336 3752 3372 a
3777 3316 3922 3372 facie
3948 3334 4040 3371 re-

2380 3409 2567 3464 cisum
2597 3408 2845 3464 :tollunt
2873 3412 3157 3480 iacentem
3191 3410 3447 3463 cultrum
3482 3413 3805 3475 auctorem,
3833 3413 3898 3461 ut
3928 3424 4038 3477 pu-

2381 3498 3240 3563 tabant,vulncris.Accersitus
3264 3497 3449 3552 aedilis
3472 3514 3606 3551 cum
3625 3496 4035 3563 lictoribus,vi-

2384 3604 2511 3645 rum
2529 3590 2746 3641 frustra
2764 3593 3101 3642 causantem
3120 3587 3391 3661 tenebras
3409 3590 4041 3656 eterrorem,tanquam

2382 3675 3027 3731 immaniscarnificinaz
3046 3681 3409 3748 compertum
3436 3675 3669 3746 abripit,
3687 3674 3811 3745 lege
3834 3675 4035 3745 utique

2383 3765 2777 3836 plectendum.
2813 3766 3109 3823 Crebescit
3140 3765 3433 3820 tumultus
3454 3768 3574 3819 toto
3596 3764 3760 3831 vico;
3802 3763 4036 3835 inquie-

2379 3858 2541 3909 tatur
2572 3854 2657 3909 vel
2684 3855 2935 3910 maxime
2957 3855 3189 3910 coriarii
3219 3855 3461 3921 domus;
3497 3853 3676 3923 hujus
3708 3868 3890 3907 uxore
3921 3869 4037 3924 quo

2381 3962 2552 4000 suum
2587 3945 2776 4017 magis
2806 3946 3063 4000 dedecus
3097 3949 3334 4017 tegeret,
3376 3943 3655 3999 admirari
3687 3959 3751 3998 se
3784 3943 4038 3999 maxime

2378 4034 2796 4108 indignarique
2828 4033 3246 4090 simulante.At
3272 4050 3469 4088 secum
3493 4032 3825 4088 solitarius:
3856 4033 4037 4097 Itane,

2380 4124 2596 4195 inquit,
2623 4124 2683 4178 in
2716 4124 2969 4196 singulis
3019 4123 3292 4195 hospitiis
3341 4123 3659 4193 tragmdias
3700 4122 4035 4177 inveniam!

2380 4214 2625 4269 Praestat
2656 4214 2899 4268 domum
2924 4214 3157 4282 reverti,
3179 4214 3610 4285 desperareque
3642 4212 4037 4283 recuperatio-

2382 4319 2514 4358 nem
2545 4302 2875 4358 ablatarum
2904 4304 3057 4358 furto
3079 4303 3355 4359 vestium.
3383 4303 3488 4357 Sed
3510 4302 3675 4373 prius
3699 4302 4041 4364 obitercon-

2377 4395 2574 4447 venire
2603 4408 2799 4464 regem
2820 4392 3247 4465 placet,uteum
3276 4408 3418 4446 mea:
3439 4392 3793 4464 paenitentia:
3825 4397 4035 4446 testem

2379 4484 2717 4540 adhibeam.
2746 4484 2823 4537 Ad
2859 4482 3054 4538 aulam
3086 4483 3374 4556 pervenit,
3427 4482 3786 4547 admittitur,
3822 4482 4040 4535 affatur

611 4575 961 4631 innocentiae
993 4573 1216 4629 scilicet
1248 4590 1388 4637 suae,
1418 4589 1482 4626 ac
1514 4573 1584 4626 de
1618 4571 1911 4626 industria
1943 4588 2086 4626 sono
2136 4576 2264 4625 tan-
2308 4608 2350 4671 Β
2382 4572 2707 4645 principem
2751 4571 2843 4626 his
2871 4572 3065 4626 verbis
3098 4589 3111 4626 :
3146 4570 3407 4638 Peccavi,
3454 4570 3716 4639 domine,
3747 4585 3881 4623 eum
3916 4585 4039 4624 ere-

607 4671 666 4721 to
694 4666 793 4737 qui
829 4670 1026 4737 posset
1058 4663 1315 4735 scpitum
1359 4662 1630 4725 excitare,
1684 4660 2009 4716 vetularum
2066 4677 2271 4731 super-

606 4755 952 4811 stitionibus
985 4755 1184 4809 tristas
1206 4751 1489 4807 formulas
1514 4751 1640 4806 sine
1656 4752 1769 4805 line
1784 4750 2270 4823 replicat.Excns—

607 4864 671 4902 so
705 4846 866 4901 hisce
899 4844 1263 4899 clamoribus
1287 4858 1495 4897 somno
1518 4841 1864 4913 indignatus
1888 4839 2126 4895 vieron
2151 4856 2272 4895 ces-

605 4936 788 5003 sabis,
827 4935 1037 5005 inquit,
1084 4934 1422 5003 obstrepere
1454 4930 1539 4986 vel
1573 4930 1725 4985 malo
1757 4931 1981 4986 domita
2014 4930 2266 4984 trivene-

606 5026 807 5081 Iica?Si
828 5024 1046 5098 pergis,
1081 5028 1213 5095 post
1239 5038 1451 5077 nasum
1489 5020 1751 5093 linguam
1775 5020 2267 5076 exscindam.Non

605 5116 771 5188 prius
805 5111 1268 5186 quidem,inquit
1288 5110 1410 5180 illa,
1429 5127 1609 5181 quam
1625 5126 1693 5165 ex
1708 5110 1817 5165 hac
1836 5110 2119 5177 audieris,
2152 5109 2267 5164 vir-

604 5212 791 5261 tutem
826 5221 1014 5261 meam
1034 5200 1254 5257 caelesti
1279 5217 1408 5257 esse
1430 5200 1768 5255 testimonio
1793 5200 2269 5271 probatam;nam

602 5294 822 5352 exorati
840 5294 1023 5365 justis
1048 5292 1195 5347 meis
1219 5291 1491 5363 precibus
1516 5289 1845 5358 dei,nasum
1864 5289 2007 5344 mihi
2033 5294 2141 5346 ate
2166 5291 2273 5344 im-

605 5387 695 5457 pie
736 5389 1083 5440 truncatum
1137 5380 1543 5435 reddiderunt.
1604 5379 1917 5435 Perculsus
1968 5379 2123 5433 dicto
2184 5380 2272 5432 vir

603 5477 813 5547 raptim
848 5488 1171 5544 exsurgens
1206 5470 1487 5542 lychnum
1517 5469 1870 5537 accendit,et
1895 5485 2107 5523 nasum
2132 5484 2270 5522 uxo-

602 5566 882 5635 ris,cnjus
916 5561 1133 5619 exsecti
1166 5576 1373 5616 cruore
1408 5576 1618 5614 manus
1652 5558 1845 5613 adhuc
1895 5557 2144 5611 habebat
2176 5574 2231 5610 1n
2253 5586 2266 5598 -

601 5655 939 5723 fectas,sine
972 5650 1267 5709 cicatricis
1299 5649 1549 5720 vestigio
1580 5663 1791 5703 sanum
1853 5647 2082 5713 videns,
2139 5664 2269 5702 san-

604 5751 754 5802 rtam
789 5747 977 5817 ipsam
1012 5747 1067 5798 ct
1100 5740 1211 5796 diis
1246 5757 1353 5795 suo
1390 5739 1598 5793 merito
1630 5737 1969 5807 charam,se
2002 5753 2165 5792 reum
2213 5740 2271 5793 et

2390 4679 2549 4717 mum
2585 4662 2727 4716 urbe
2760 4661 2918 4734 regia
2950 4661 3203 4727 mutavi;
3243 4676 3376 4714 cum
3410 4657 3753 4713 eblanditus
3784 4662 3897 4713 ate
3920 4674 4043 4712 mu-

2384 4768 2545 4819 nera,
2578 4749 2768 4805 libens
2791 4750 3208 4820 gratulansque
3239 4750 3479 4804 domum
3512 4748 3710 4815 retuli,
3745 4764 3861 4802 non
3897 4746 4042 4802 talia

2383 4840 2702 4913 pollicitus,
2755 4842 2992 4916 quando
3025 4840 3081 4895 in
3120 4841 3265 4894 hanc
3300 4843 3519 4897 sectam
3554 4854 3769 4893 nomen
3801 4838 4039 4892 dabam.

2382 4931 2490 4986 Sed
2526 4933 2829 5001 peccatum
2856 4927 2940 4983 lui
2973 4928 3406 4984 circumventus
3430 4927 3581 4981 furto
3608 4926 3935 4981 domestico
3970 4927 4041 4982 ab

2380 5018 2733 5075 ementiente
2763 5017 3035 5082 ascesim,
3070 5018 3222 5073 sicut
3252 5033 3357 5088 ego
3392 5018 3577 5071 vitam
3607 5016 3861 5071 aulicam
3898 5033 4043 5072 con-

2381 5113 2470 5161 tra
2502 5106 2844 5162 institutum
2886 5106 3315 5161 ati'ectaveram.
3353 5103 3611 5176 Spoliato
3636 5108 3693 5159 et
3723 5105 4042 5176 requirenti

2380 5196 2757 5268 rapta,biduo
2789 5194 3045 5266 plurima
3065 5195 3440 5267 contigerunt
3463 5211 3591 5266 quae
3624 5210 3716 5249 me
3741 5196 4043 5259 docerent,

2378 5284 2683 5357 invigilare
2718 5284 2938 5339 mundo
2972 5284 3484 5355 providentiam,id
3510 5284 3713 5339 sedulo
3748 5288 4042 5353 agentem,

2386 5381 2450 5431 ut
2482 5374 2540 5429 in
2571 5375 2890 5447 perniciem
2925 5380 3233 5429 auctorum
3260 5390 3432 5445 prave
3460 5378 3587 5429 acta
3616 5374 3902 5429 recidant.
3935 5374 4042 5429 Hic

2383 5465 2503 5535 regi
2530 5465 2783 5520 narravit
2814 5481 2943 5538 qua:
2975 5463 3262 5519 hactenus
3284 5462 3442 5518 dicta
3472 5469 3635 5531 sunt,
3668 5464 3875 5539 sicque
3901 5480 4042 5519 con-

2384 5556 2548 5609 tinuo
2580 5553 2865 5623 colligens
2897 5552 3099 5608 intulit
3134 5571 3146 5608 :
3180 5552 3362 5607 Avida
3388 5552 3594 5630 vulpes
3646 5552 3906 5624 ingluvie
3935 5570 4046 5608 sua

2383 5642 2981 5717 periit;temulentum
2999 5642 3153 5699 etira
3168 5642 3521 5715 praecipitem
3547 5643 3867 5698 coriarium
3904 5660 4047 5699 suus

2381 5751 2542 5790 error
2561 5734 2719 5788 ultus
2737 5731 2985 5799 est;lena
3006 5731 3222 5802 proprii
3247 5732 3683 5803 nasijacturam
3711 5733 4047 5787 nundinan-
