  <div class='ocr_page' id='page_1' title='image "/cluster/home/n/w/nwhite01/storage/ocr_20150623/143/nnc1.0046980733/638.png"; bbox 0 0 4226 6460; ppageno 0'>
   <div class='ocr_carea' id='block_1_1' title="bbox 244 399 377 454">
    <p class='ocr_par' dir='ltr' id='par_1_1' title="bbox 244 399 377 454">
     <span class='ocr_line' id='line_1_1' title="bbox 244 399 377 454; baseline 0.015 -2"><span class='ocrx_word' id='word_1_1' title='bbox 244 399 377 454; x_wconf 71' lang='grc'><strong>1261</strong></span> 
     </span>
    </p>
   </div>
   <div class='ocr_carea' id='block_1_2' title="bbox 1261 419 2622 486">
    <p class='ocr_par' dir='ltr' id='par_1_2' title="bbox 1261 419 2622 486">
     <span class='ocr_line' id='line_1_2' title="bbox 1261 419 2622 486; baseline 0.013 -18"><span class='ocrx_word' id='word_1_2' title='bbox 1261 419 1618 474; x_wconf 68' lang='grc' dir='ltr'><strong>ΒΡΕΟΙΜΕΝ</strong></span> <span class='ocrx_word' id='word_1_3' title='bbox 1657 425 2057 478; x_wconf 66' lang='lat' dir='ltr'><strong>SAPIENTIE</strong></span> <span class='ocrx_word' id='word_1_4' title='bbox 2098 429 2419 485; x_wconf 78' lang='lat' dir='ltr'><strong>INDORUM</strong></span> <span class='ocrx_word' id='word_1_5' title='bbox 2462 435 2622 486; x_wconf 82' lang='lat' dir='ltr'><strong>VET.</strong></span> 
     </span>
    </p>
   </div>
   <div class='ocr_carea' id='block_1_3' title="bbox 3508 444 3641 498">
    <p class='ocr_par' dir='ltr' id='par_1_3' title="bbox 3508 444 3641 498">
     <span class='ocr_line' id='line_1_3' title="bbox 3508 444 3641 498; baseline 0.015 -2"><span class='ocrx_word' id='word_1_6' title='bbox 3508 444 3641 498; x_wconf 67' lang='grc' dir='ltr'><strong>12έὶ2</strong></span> 
     </span>
    </p>
   </div>
   <div class='ocr_carea' id='block_1_4' title="bbox 242 523 3641 636">
    <p class='ocr_par' dir='ltr' id='par_1_4' title="bbox 242 523 3641 636">
     <span class='ocr_line' id='line_1_4' title="bbox 242 523 3641 636; baseline 0.013 -59"><span class='ocrx_word' id='word_1_7' title='bbox 242 524 330 577; x_wconf 71' lang='lat' dir='ltr'><strong>da)</strong></span> <span class='ocrx_word' id='word_1_8' title='bbox 363 523 563 579; x_wconf 78' lang='lat' dir='ltr'><strong>alienze</strong></span> <span class='ocrx_word' id='word_1_9' title='bbox 597 528 887 597; x_wconf 69' lang='lat' dir='ltr'><strong>pudicitia:</strong></span> <span class='ocrx_word' id='word_1_10' title='bbox 909 533 1158 602; x_wconf 83' lang='lat' dir='ltr'><strong>pretium</strong></span> <span class='ocrx_word' id='word_1_11' title='bbox 1187 537 1337 605; x_wconf 91' lang='lat' dir='ltr'><strong>tulit;</strong></span> <span class='ocrx_word' id='word_1_12' title='bbox 1373 541 1625 613; x_wconf 80' lang='lat' dir='ltr'><strong>denique</strong></span> <span class='ocrx_word' id='word_1_13' title='bbox 1656 546 1882 599; x_wconf 88' lang='lat' dir='ltr'><strong>umbcl-</strong></span> <span class='ocrx_word' id='word_1_14' title='bbox 1916 555 1966 619; x_wconf 73' lang='grc' dir='ltr'><strong>Α</strong></span> <span class='ocrx_word' id='word_1_15' title='bbox 2003 548 2119 602; x_wconf 73' lang='lat' dir='ltr'><strong>Etsi</strong></span> <span class='ocrx_word' id='word_1_16' title='bbox 2153 555 2208 605; x_wconf 89' lang='lat' dir='ltr'><strong>te</strong></span> <span class='ocrx_word' id='word_1_17' title='bbox 2241 553 2409 607; x_wconf 83' lang='lat' dir='ltr'><strong>nobis</strong></span> <span class='ocrx_word' id='word_1_18' title='bbox 2441 555 2835 611; x_wconf 84' lang='lat' dir='ltr'><strong>adversarium</strong></span> <span class='ocrx_word' id='word_1_19' title='bbox 2868 559 3110 625; x_wconf 85' lang='lat' dir='ltr'><strong>scimus,</strong></span> <span class='ocrx_word' id='word_1_20' title='bbox 3146 566 3337 617; x_wconf 86' lang='lat' dir='ltr'><strong>tamen</strong></span> <span class='ocrx_word' id='word_1_21' title='bbox 3355 565 3641 636; x_wconf 85' lang='lat' dir='ltr'><strong>quinpru-</strong></span> 
     </span>
     <span class='ocr_line' id='line_1_5' title="bbox 242 612 1692 636; baseline 0 0"><span class='ocrx_word' id='word_1_22' title='bbox 242 612 425 636; x_wconf 65' lang='lat' dir='ltr'><strong>I.._.-__.</strong></span> <span class='ocrx_word' id='word_1_23' title='bbox 469 617 667 636; x_wconf 27' lang='lat' dir='ltr'><strong>_~n!1-_,o</strong></span> <span class='ocrx_word' id='word_1_24' title='bbox 706 619 716 636; x_wconf 66' lang='grc' dir='ltr'><strong>ε</strong></span> <span class='ocrx_word' id='word_1_25' title='bbox 805 625 814 636; x_wconf 76' lang='grc' dir='ltr'>ι</span> <span class='ocrx_word' id='word_1_26' title='bbox 1033 625 1041 636; x_wconf 90' lang='grc'><strong>1</strong></span> <span class='ocrx_word' id='word_1_27' title='bbox 1101 625 1120 636; x_wconf 70' lang='grc' dir='ltr'>η</span> <span class='ocrx_word' id='word_1_28' title='bbox 1158 625 1168 636; x_wconf 85' lang='grc' dir='ltr'>ι</span> <span class='ocrx_word' id='word_1_29' title='bbox 1329 630 1336 636; x_wconf 92' lang='grc'>.</span> <span class='ocrx_word' id='word_1_30' title='bbox 1414 630 1423 636; x_wconf 93' lang='grc'>.</span> <span class='ocrx_word' id='word_1_31' title='bbox 1682 633 1692 636; x_wconf 78' lang='lat'><em>_</em></span> 
     </span>
    </p>
   </div>
   <div class='ocr_carea' id='block_1_5' title="bbox 236 602 1881 704">
    <p class='ocr_par' dir='ltr' id='par_1_5' title="bbox 236 602 1881 704">
     <span class='ocr_line' id='line_1_6' title="bbox 236 602 1881 704; baseline 0.015 -39"><span class='ocrx_word' id='word_1_32' title='bbox 236 602 429 668; x_wconf 87' lang='lat' dir='ltr'><strong>larum</strong></span> <span class='ocrx_word' id='word_1_33' title='bbox 464 617 670 671; x_wconf 78' lang='lat' dir='ltr'><strong>artifex</strong></span> <span class='ocrx_word' id='word_1_34' title='bbox 695 619 926 687; x_wconf 75' lang='lat' dir='ltr'><strong>justum</strong></span> <span class='ocrx_word' id='word_1_35' title='bbox 954 625 1063 676; x_wconf 87' lang='lat' dir='ltr'><strong>sub</strong></span> <span class='ocrx_word' id='word_1_36' title='bbox 1099 625 1240 681; x_wconf 85' lang='lat' dir='ltr'><strong>falso</strong></span> <span class='ocrx_word' id='word_1_37' title='bbox 1259 630 1502 683; x_wconf 88' lang='lat' dir='ltr'><strong>crimine</strong></span> <span class='ocrx_word' id='word_1_38' title='bbox 1526 633 1881 704; x_wconf 84' lang='lat' dir='ltr'><strong>supplicium</strong></span> 
     </span>
    </p>
   </div>
   <div class='ocr_carea' id='block_1_6' title="bbox 237 708 1881 780">
    <p class='ocr_par' dir='ltr' id='par_1_6' title="bbox 237 708 1881 780">
     <span class='ocr_line' id='line_1_7' title="bbox 237 708 1881 780; baseline 0.015 -25"><span class='ocrx_word' id='word_1_39' title='bbox 237 718 455 772; x_wconf 86' lang='lat' dir='ltr'><strong>passus</strong></span> <span class='ocrx_word' id='word_1_40' title='bbox 480 711 567 759; x_wconf 89' lang='lat' dir='ltr'><strong>est</strong></span> <span class='ocrx_word' id='word_1_41' title='bbox 598 708 669 761; x_wconf 81' lang='lat' dir='ltr'><strong>ob</strong></span> <span class='ocrx_word' id='word_1_42' title='bbox 704 725 814 762; x_wconf 93' lang='lat' dir='ltr'><strong>non</strong></span> <span class='ocrx_word' id='word_1_43' title='bbox 869 711 1218 779; x_wconf 85' lang='lat' dir='ltr'><strong>prohibitam</strong></span> <span class='ocrx_word' id='word_1_44' title='bbox 1276 716 1563 775; x_wconf 85' lang='lat' dir='ltr'><strong>lenocinio</strong></span> <span class='ocrx_word' id='word_1_45' title='bbox 1626 740 1881 780; x_wconf 72' lang='lat' dir='ltr'><strong>uxorem.</strong></span> 
     </span>
    </p>
   </div>
   <div class='ocr_carea' id='block_1_7' title="bbox 240 790 1885 877">
    <p class='ocr_par' dir='ltr' id='par_1_7' title="bbox 240 790 1885 877">
     <span class='ocr_line' id='line_1_8' title="bbox 240 790 1885 877; baseline 0.015 -34"><span class='ocrx_word' id='word_1_46' title='bbox 240 790 381 847; x_wconf 83' lang='lat' dir='ltr'><strong>Vere</strong></span> <span class='ocrx_word' id='word_1_47' title='bbox 411 792 492 847; x_wconf 88' lang='lat' dir='ltr'><strong>ita</strong></span> <span class='ocrx_word' id='word_1_48' title='bbox 522 801 645 848; x_wconf 86' lang='lat' dir='ltr'><strong>est:</strong></span> <span class='ocrx_word' id='word_1_49' title='bbox 683 797 832 851; x_wconf 86' lang='lat' dir='ltr'><strong>male</strong></span> <span class='ocrx_word' id='word_1_50' title='bbox 863 800 1129 856; x_wconf 88' lang='lat' dir='ltr'><strong>consulta</strong></span> <span class='ocrx_word' id='word_1_51' title='bbox 1162 803 1217 858; x_wconf 92' lang='lat' dir='ltr'><strong>in</strong></span> <span class='ocrx_word' id='word_1_52' title='bbox 1252 812 1426 877; x_wconf 86' lang='lat' dir='ltr'><strong>caput</strong></span> <span class='ocrx_word' id='word_1_53' title='bbox 1469 810 1619 863; x_wconf 89' lang='lat' dir='ltr'><strong>male</strong></span> <span class='ocrx_word' id='word_1_54' title='bbox 1669 829 1885 866; x_wconf 80' lang='lat' dir='ltr'><strong>consu—</strong></span> 
     </span>
    </p>
   </div>
   <div class='ocr_carea' id='block_1_8' title="bbox 232 878 1883 971">
    <p class='ocr_par' dir='ltr' id='par_1_8' title="bbox 232 878 1883 971">
     <span class='ocr_line' id='line_1_9' title="bbox 232 878 1883 971; baseline 0.013 -39"><span class='ocrx_word' id='word_1_55' title='bbox 232 878 482 936; x_wconf 87' lang='lat' dir='ltr'><strong>lentium</strong></span> <span class='ocrx_word' id='word_1_56' title='bbox 515 883 800 949; x_wconf 79' lang='lat' dir='ltr'><strong>recidunt;</strong></span> <span class='ocrx_word' id='word_1_57' title='bbox 835 888 1086 958; x_wconf 86' lang='lat' dir='ltr'><strong>quisque</strong></span> <span class='ocrx_word' id='word_1_58' title='bbox 1116 892 1333 947; x_wconf 89' lang='lat' dir='ltr'><strong>damno</strong></span> <span class='ocrx_word' id='word_1_59' title='bbox 1356 913 1461 950; x_wconf 89' lang='lat' dir='ltr'><strong>suo</strong></span> <span class='ocrx_word' id='word_1_60' title='bbox 1497 906 1694 968; x_wconf 88' lang='lat' dir='ltr'><strong>peccat</strong></span> <span class='ocrx_word' id='word_1_61' title='bbox 1719 920 1731 961; x_wconf 75' lang='grc' dir='ltr'>ς</span> <span class='ocrx_word' id='word_1_62' title='bbox 1759 918 1883 971; x_wconf 77' lang='lat' dir='ltr'><strong>qua:</strong></span> 
     </span>
    </p>
   </div>
   <div class='ocr_carea' id='block_1_9' title="bbox 244 968 1881 1055">
    <p class='ocr_par' dir='ltr' id='par_1_9' title="bbox 244 968 1881 1055">
     <span class='ocr_line' id='line_1_10' title="bbox 244 968 1881 1055; baseline 0.013 -35"><span class='ocrx_word' id='word_1_63' title='bbox 244 968 514 1033; x_wconf 73' lang='lat' dir='ltr'><strong>facimus,</strong></span> <span class='ocrx_word' id='word_1_64' title='bbox 551 971 827 1042; x_wconf 77' lang='lat' dir='ltr'><strong>patimur.</strong></span> <span class='ocrx_word' id='word_1_65' title='bbox 866 976 1066 1032; x_wconf 74' lang='lat' dir='ltr'><strong>ltet&#39;ero</strong></span> <span class='ocrx_word' id='word_1_66' title='bbox 1118 997 1208 1034; x_wconf 90' lang='lat' dir='ltr'><strong>me</strong></span> <span class='ocrx_word' id='word_1_67' title='bbox 1241 982 1293 1035; x_wconf 93' lang='lat' dir='ltr'><strong>in</strong></span> <span class='ocrx_word' id='word_1_68' title='bbox 1330 1000 1524 1039; x_wconf 90' lang='lat' dir='ltr'><strong>meum</strong></span> <span class='ocrx_word' id='word_1_69' title='bbox 1577 990 1881 1055; x_wconf 62' lang='lat' dir='ltr'><strong>anguium,</strong></span> 
     </span>
    </p>
   </div>
   <div class='ocr_carea' id='block_1_10' title="bbox 233 1057 1885 1145">
    <p class='ocr_par' dir='ltr' id='par_1_10' title="bbox 233 1057 1885 1145">
     <span class='ocr_line' id='line_1_11' title="bbox 233 1057 1885 1145; baseline 0.013 -36"><span class='ocrx_word' id='word_1_70' title='bbox 233 1057 382 1111; x_wconf 86' lang='lat' dir='ltr'><strong>satis</strong></span> <span class='ocrx_word' id='word_1_71' title='bbox 413 1061 654 1114; x_wconf 82' lang='lat' dir='ltr'><strong>edoctus</strong></span> <span class='ocrx_word' id='word_1_72' title='bbox 687 1062 777 1115; x_wconf 88' lang='lat' dir='ltr'><strong>his</strong></span> <span class='ocrx_word' id='word_1_73' title='bbox 805 1068 1198 1124; x_wconf 71' lang='lat' dir='ltr'><strong>successibus:</strong></span> <span class='ocrx_word' id='word_1_74' title='bbox 1234 1072 1329 1141; x_wconf 89' lang='lat' dir='ltr'><strong>qui</strong></span> <span class='ocrx_word' id='word_1_75' title='bbox 1355 1075 1551 1145; x_wconf 85' lang='lat' dir='ltr'><strong>cupiat</strong></span> <span class='ocrx_word' id='word_1_76' title='bbox 1601 1078 1787 1130; x_wconf 41' lang='lat' dir='ltr'><strong>vivi-rc</strong></span> <span class='ocrx_word' id='word_1_77' title='bbox 1822 1083 1885 1132; x_wconf 82' lang='lat' dir='ltr'><strong>ut</strong></span> 
     </span>
    </p>
   </div>
   <div class='ocr_carea' id='block_1_11' title="bbox 234 1146 1881 1233">
    <p class='ocr_par' dir='ltr' id='par_1_11' title="bbox 234 1146 1881 1233">
     <span class='ocr_line' id='line_1_12' title="bbox 234 1146 1881 1233; baseline 0.014 -36"><span class='ocrx_word' id='word_1_78' title='bbox 234 1146 437 1209; x_wconf 84' lang='lat' dir='ltr'><strong>vult,ei</strong></span> <span class='ocrx_word' id='word_1_79' title='bbox 463 1151 779 1204; x_wconf 63' lang='lat' dir='ltr'><strong>cavendum</strong></span> <span class='ocrx_word' id='word_1_80' title='bbox 808 1154 958 1207; x_wconf 84' lang='lat' dir='ltr'><strong>serio</strong></span> <span class='ocrx_word' id='word_1_81' title='bbox 988 1172 1115 1209; x_wconf 85' lang='lat' dir='ltr'><strong>esse</strong></span> <span class='ocrx_word' id='word_1_82' title='bbox 1140 1175 1208 1212; x_wconf 89' lang='lat' dir='ltr'><strong>ne</strong></span> <span class='ocrx_word' id='word_1_83' title='bbox 1232 1167 1359 1227; x_wconf 69' lang='lat' dir='ltr'><strong>agat</strong></span> <span class='ocrx_word' id='word_1_84' title='bbox 1382 1165 1534 1233; x_wconf 88' lang='lat' dir='ltr'><strong>quod</strong></span> <span class='ocrx_word' id='word_1_85' title='bbox 1563 1183 1672 1219; x_wconf 89' lang='lat' dir='ltr'><strong>non</strong></span> <span class='ocrx_word' id='word_1_86' title='bbox 1700 1167 1881 1220; x_wconf 65' lang='lat' dir='ltr'><strong>ducet.</strong></span> 
     </span>
    </p>
   </div>
   <div class='ocr_carea' id='block_1_12' title="bbox 304 1271 1884 1347">
    <p class='ocr_par' dir='ltr' id='par_1_12' title="bbox 304 1271 1884 1347">
     <span class='ocr_line' id='line_1_13' title="bbox 304 1271 1884 1347; baseline 0.014 -22"><span class='ocrx_word' id='word_1_87' title='bbox 304 1271 426 1327; x_wconf 68' lang='lat' dir='ltr'><strong>XV.</strong></span> <span class='ocrx_word' id='word_1_88' title='bbox 464 1274 561 1327; x_wconf 91' lang='lat' dir='ltr'><strong>llis</strong></span> <span class='ocrx_word' id='word_1_89' title='bbox 593 1277 893 1347; x_wconf 82' lang='lat' dir='ltr'><strong>expositis,</strong></span> <span class='ocrx_word' id='word_1_90' title='bbox 938 1282 1296 1339; x_wconf 80' lang='lat' dir='ltr'><strong>concludens</strong></span> <span class='ocrx_word' id='word_1_91' title='bbox 1338 1304 1664 1345; x_wconf 78' lang='lat' dir='ltr'><strong>sermonem</strong></span> <span class='ocrx_word' id='word_1_92' title='bbox 1716 1294 1884 1346; x_wconf 60' lang='lat' dir='ltr'><strong>ituro-</strong></span> 
     </span>
    </p>
   </div>
   <div class='ocr_carea' id='block_1_13' title="bbox 228 1363 1878 1448">
    <p class='ocr_par' dir='ltr' id='par_1_13' title="bbox 228 1363 1878 1448">
     <span class='ocr_line' id='line_1_14' title="bbox 228 1363 1878 1448; baseline 0.016 -37"><span class='ocrx_word' id='word_1_93' title='bbox 228 1367 428 1427; x_wconf 86' lang='lat' dir='ltr'><strong>natus,</strong></span> <span class='ocrx_word' id='word_1_94' title='bbox 464 1363 830 1420; x_wconf 86' lang='lat' dir='ltr'><strong>tamiliariter</strong></span> <span class='ocrx_word' id='word_1_95' title='bbox 860 1385 1176 1426; x_wconf 70' lang='lat' dir='ltr'><strong>conversus</strong></span> <span class='ocrx_word' id='word_1_96' title='bbox 1207 1375 1277 1427; x_wconf 90' lang='lat' dir='ltr'><strong>ad</strong></span> <span class='ocrx_word' id='word_1_97' title='bbox 1307 1374 1751 1448; x_wconf 74' lang='lat' dir='ltr'><strong>Vestigatoreui,</strong></span> <span class='ocrx_word' id='word_1_98' title='bbox 1778 1384 1878 1437; x_wconf 89' lang='lat' dir='ltr'><strong>ait:</strong></span> 
     </span>
    </p>
   </div>
   <div class='ocr_carea' id='block_1_14' title="bbox 223 1448 1878 1542">
    <p class='ocr_par' dir='ltr' id='par_1_14' title="bbox 223 1448 1878 1542">
     <span class='ocr_line' id='line_1_15' title="bbox 223 1448 1878 1542; baseline 0.016 -41"><span class='ocrx_word' id='word_1_99' title='bbox 223 1448 370 1506; x_wconf 83' lang='lat' dir='ltr'><strong>Vide</strong></span> <span class='ocrx_word' id='word_1_100' title='bbox 403 1459 536 1522; x_wconf 90' lang='lat' dir='ltr'><strong>post</strong></span> <span class='ocrx_word' id='word_1_101' title='bbox 566 1454 686 1508; x_wconf 69' lang='lat' dir='ltr'><strong>hzcc</strong></span> <span class='ocrx_word' id='word_1_102' title='bbox 718 1460 982 1529; x_wconf 73' lang='lat' dir='ltr'><strong>exempla</strong></span> <span class='ocrx_word' id='word_1_103' title='bbox 1004 1463 1142 1532; x_wconf 88' lang='lat' dir='ltr'><strong>quid</strong></span> <span class='ocrx_word' id='word_1_104' title='bbox 1163 1465 1231 1517; x_wconf 91' lang='lat' dir='ltr'><strong>de</strong></span> <span class='ocrx_word' id='word_1_105' title='bbox 1256 1470 1309 1521; x_wconf 87' lang='lat' dir='ltr'><strong>te</strong></span> <span class='ocrx_word' id='word_1_106' title='bbox 1338 1473 1584 1523; x_wconf 83' lang='lat' dir='ltr'><strong>statuas.</strong></span> <span class='ocrx_word' id='word_1_107' title='bbox 1611 1472 1721 1539; x_wconf 74' lang='lat' dir='ltr'><strong>Ego</strong></span> <span class='ocrx_word' id='word_1_108' title='bbox 1745 1476 1878 1542; x_wconf 89' lang='lat' dir='ltr'><strong>qui-</strong></span> 
     </span>
    </p>
   </div>
   <div class='ocr_carea' id='block_1_15' title="bbox 223 1540 1878 1619">
    <p class='ocr_par' dir='ltr' id='par_1_15' title="bbox 223 1540 1878 1619">
     <span class='ocr_line' id='line_1_16' title="bbox 223 1540 1878 1619; baseline 0.015 -26"><span class='ocrx_word' id='word_1_109' title='bbox 223 1540 358 1594; x_wconf 84' lang='lat' dir='ltr'><strong>dem</strong></span> <span class='ocrx_word' id='word_1_110' title='bbox 403 1541 550 1597; x_wconf 90' lang='lat' dir='ltr'><strong>male</strong></span> <span class='ocrx_word' id='word_1_111' title='bbox 585 1549 801 1614; x_wconf 93' lang='lat' dir='ltr'><strong>metuo,</strong></span> <span class='ocrx_word' id='word_1_112' title='bbox 829 1565 897 1602; x_wconf 88' lang='lat' dir='ltr'><strong>ne</strong></span> <span class='ocrx_word' id='word_1_113' title='bbox 930 1568 1055 1619; x_wconf 75' lang='lat' dir='ltr'><strong>qua:</strong></span> <span class='ocrx_word' id='word_1_114' title='bbox 1092 1552 1148 1605; x_wconf 90' lang='lat' dir='ltr'><strong>in</strong></span> <span class='ocrx_word' id='word_1_115' title='bbox 1185 1559 1417 1611; x_wconf 81' lang='lat' dir='ltr'><strong>taurum</strong></span> <span class='ocrx_word' id='word_1_116' title='bbox 1447 1562 1497 1613; x_wconf 91' lang='lat' dir='ltr'><strong>tc</strong></span> <span class='ocrx_word' id='word_1_117' title='bbox 1552 1563 1878 1617; x_wconf 80' lang='lat' dir='ltr'><strong>machinari</strong></span> 
     </span>
    </p>
   </div>
   <div class='ocr_carea' id='block_1_16' title="bbox 222 1629 1875 1712">
    <p class='ocr_par' dir='ltr' id='par_1_16' title="bbox 222 1629 1875 1712">
     <span class='ocr_line' id='line_1_17' title="bbox 222 1629 1875 1712; baseline 0.016 -31"><span class='ocrx_word' id='word_1_118' title='bbox 222 1629 547 1699; x_wconf 65' lang='lat' dir='ltr'><strong>significas,</strong></span> <span class='ocrx_word' id='word_1_119' title='bbox 584 1633 687 1687; x_wconf 82' lang='lat' dir='ltr'><strong>tibi</strong></span> <span class='ocrx_word' id='word_1_120' title='bbox 722 1639 1096 1705; x_wconf 88' lang='lat' dir='ltr'><strong>potissimum</strong></span> <span class='ocrx_word' id='word_1_121' title='bbox 1131 1642 1241 1712; x_wconf 82' lang='lat' dir='ltr'><strong>ipsi</strong></span> <span class='ocrx_word' id='word_1_122' title='bbox 1266 1653 1529 1702; x_wconf 89' lang='lat' dir='ltr'><strong>noceant.</strong></span> <span class='ocrx_word' id='word_1_123' title='bbox 1570 1651 1651 1704; x_wconf 89' lang='lat' dir='ltr'><strong>llli</strong></span> <span class='ocrx_word' id='word_1_124' title='bbox 1680 1654 1875 1707; x_wconf 68' lang='lat' dir='ltr'><strong>statim</strong></span> 
     </span>
    </p>
   </div>
   <div class='ocr_carea' id='block_1_17' title="bbox 220 1717 1877 1800">
    <p class='ocr_par' dir='ltr' id='par_1_17' title="bbox 220 1717 1877 1800">
     <span class='ocr_line' id='line_1_18' title="bbox 220 1717 1877 1800; baseline 0.015 -30"><span class='ocrx_word' id='word_1_125' title='bbox 220 1717 556 1788; x_wconf 75' lang='lat' dir='ltr'><strong>Vestigator</strong></span> <span class='ocrx_word' id='word_1_126' title='bbox 587 1726 880 1794; x_wconf 91' lang='lat' dir='ltr'><strong>reposuit:</strong></span> <span class='ocrx_word' id='word_1_127' title='bbox 907 1726 1028 1781; x_wconf 79' lang='lat' dir='ltr'><strong>Non</strong></span> <span class='ocrx_word' id='word_1_128' title='bbox 1066 1732 1262 1785; x_wconf 80' lang='lat' dir='ltr'><strong>iverim</strong></span> <span class='ocrx_word' id='word_1_129' title='bbox 1290 1735 1535 1800; x_wconf 80' lang='lat' dir='ltr'><strong>inficias,</strong></span> <span class='ocrx_word' id='word_1_130' title='bbox 1578 1756 1708 1794; x_wconf 80' lang='lat' dir='ltr'><strong>vera</strong></span> <span class='ocrx_word' id='word_1_131' title='bbox 1751 1758 1877 1794; x_wconf 64' lang='lat' dir='ltr'><strong>csso</strong></span> 
     </span>
    </p>
   </div>
   <div class='ocr_carea' id='block_1_18' title="bbox 219 1809 1873 1888">
    <p class='ocr_par' dir='ltr' id='par_1_18' title="bbox 219 1809 1873 1888">
     <span class='ocr_line' id='line_1_19' title="bbox 219 1809 1873 1888; baseline 0.014 -28"><span class='ocrx_word' id='word_1_132' title='bbox 219 1823 350 1876; x_wconf 64' lang='lat' dir='ltr'><strong>quae</strong></span> <span class='ocrx_word' id='word_1_133' title='bbox 385 1809 604 1877; x_wconf 78' lang='lat' dir='ltr'><strong>dixisti;</strong></span> <span class='ocrx_word' id='word_1_134' title='bbox 634 1818 828 1869; x_wconf 88' lang='lat' dir='ltr'><strong>tamen</strong></span> <span class='ocrx_word' id='word_1_135' title='bbox 863 1821 1042 1888; x_wconf 82' lang='lat' dir='ltr'><strong>etcgo</strong></span> <span class='ocrx_word' id='word_1_136' title='bbox 1094 1836 1292 1876; x_wconf 88' lang='lat' dir='ltr'><strong>verum</strong></span> <span class='ocrx_word' id='word_1_137' title='bbox 1338 1824 1479 1878; x_wconf 90' lang='lat' dir='ltr'><strong>illud</strong></span> <span class='ocrx_word' id='word_1_138' title='bbox 1516 1844 1873 1882; x_wconf 72' lang='lat' dir='ltr'><strong>commemo-</strong></span> 
     </span>
    </p>
   </div>
   <div class='ocr_carea' id='block_1_19' title="bbox 1993 638 3639 717">
    <p class='ocr_par' dir='ltr' id='par_1_19' title="bbox 1993 638 3639 717">
     <span class='ocr_line' id='line_1_20' title="bbox 1993 638 3639 717; baseline 0.014 -29"><span class='ocrx_word' id='word_1_139' title='bbox 1993 638 2184 691; x_wconf 78' lang='lat' dir='ltr'><strong>dentia</strong></span> <span class='ocrx_word' id='word_1_140' title='bbox 2221 647 2588 711; x_wconf 66' lang='lat' dir='ltr'><strong>praestantem</strong></span> <span class='ocrx_word' id='word_1_141' title='bbox 2624 648 2889 701; x_wconf 81' lang='lat' dir='ltr'><strong>eumdem</strong></span> <span class='ocrx_word' id='word_1_142' title='bbox 2930 655 2981 702; x_wconf 87' lang='lat' dir='ltr'><strong>te</strong></span> <span class='ocrx_word' id='word_1_143' title='bbox 3010 651 3299 717; x_wconf 77' lang='lat' dir='ltr'><strong>novimus,</strong></span> <span class='ocrx_word' id='word_1_144' title='bbox 3331 670 3438 706; x_wconf 79' lang='lat' dir='ltr'><strong>non</strong></span> <span class='ocrx_word' id='word_1_145' title='bbox 3475 656 3639 710; x_wconf 86' lang='lat' dir='ltr'><strong>dubi-</strong></span> 
     </span>
    </p>
   </div>
   <div class='ocr_carea' id='block_1_20' title="bbox 1992 730 3633 810">
    <p class='ocr_par' dir='ltr' id='par_1_20' title="bbox 1992 730 3633 810">
     <span class='ocr_line' id='line_1_21' title="bbox 1992 730 3633 810; baseline 0.013 -31"><span class='ocrx_word' id='word_1_146' title='bbox 1992 730 2184 781; x_wconf 77' lang='lat' dir='ltr'><strong>tamus</strong></span> <span class='ocrx_word' id='word_1_147' title='bbox 2215 745 2279 784; x_wconf 79' lang='lat' dir='ltr'><strong>ex</strong></span> <span class='ocrx_word' id='word_1_148' title='bbox 2316 736 2366 784; x_wconf 82' lang='lat' dir='ltr'><strong>te</strong></span> <span class='ocrx_word' id='word_1_149' title='bbox 2396 750 2650 801; x_wconf 64' lang='lat' dir='ltr'><strong>quaerere</strong></span> <span class='ocrx_word' id='word_1_150' title='bbox 2680 737 3011 802; x_wconf 90' lang='lat' dir='ltr'><strong>consilium,</strong></span> <span class='ocrx_word' id='word_1_151' title='bbox 3063 742 3215 810; x_wconf 89' lang='lat' dir='ltr'><strong>quod</strong></span> <span class='ocrx_word' id='word_1_152' title='bbox 3277 747 3409 796; x_wconf 87' lang='lat' dir='ltr'><strong>tunc</strong></span> <span class='ocrx_word' id='word_1_153' title='bbox 3460 746 3633 800; x_wconf 87' lang='lat' dir='ltr'><strong>etiam</strong></span> 
     </span>
    </p>
   </div>
   <div class='ocr_carea' id='block_1_21' title="bbox 1994 816 3634 896">
    <p class='ocr_par' dir='ltr' id='par_1_21' title="bbox 1994 816 3634 896">
     <span class='ocr_line' id='line_1_22' title="bbox 1994 816 3634 896; baseline 0.012 -28"><span class='ocrx_word' id='word_1_154' title='bbox 1994 816 2065 868; x_wconf 84' lang='lat' dir='ltr'><strong>ab</strong></span> <span class='ocrx_word' id='word_1_155' title='bbox 2090 816 2253 872; x_wconf 88' lang='lat' dir='ltr'><strong>hoste</strong></span> <span class='ocrx_word' id='word_1_156' title='bbox 2286 836 2397 874; x_wconf 90' lang='lat' dir='ltr'><strong>non</strong></span> <span class='ocrx_word' id='word_1_157' title='bbox 2432 822 2609 877; x_wconf 88' lang='lat' dir='ltr'><strong>stulte</strong></span> <span class='ocrx_word' id='word_1_158' title='bbox 2642 825 2877 894; x_wconf 82' lang='lat' dir='ltr'><strong>petitur,</strong></span> <span class='ocrx_word' id='word_1_159' title='bbox 2908 829 3142 896; x_wconf 82' lang='lat' dir='ltr'><strong>quando</strong></span> <span class='ocrx_word' id='word_1_160' title='bbox 3168 830 3221 882; x_wconf 91' lang='lat' dir='ltr'><strong>in</strong></span> <span class='ocrx_word' id='word_1_161' title='bbox 3260 847 3316 885; x_wconf 90' lang='lat' dir='ltr'><strong>rc</strong></span> <span class='ocrx_word' id='word_1_162' title='bbox 3355 831 3634 887; x_wconf 88' lang='lat' dir='ltr'><strong>utilitate-</strong></span> 
     </span>
    </p>
   </div>
   <div class='ocr_carea' id='block_1_22' title="bbox 1994 910 3633 985">
    <p class='ocr_par' dir='ltr' id='par_1_22' title="bbox 1994 910 3633 985">
     <span class='ocr_line' id='line_1_23' title="bbox 1994 910 3633 985; baseline 0.013 -28"><span class='ocrx_word' id='word_1_163' title='bbox 1994 922 2104 974; x_wconf 88' lang='lat' dir='ltr'><strong>que</strong></span> <span class='ocrx_word' id='word_1_164' title='bbox 2135 910 2430 963; x_wconf 90' lang='lat' dir='ltr'><strong>communi</strong></span> <span class='ocrx_word' id='word_1_165' title='bbox 2465 912 2894 968; x_wconf 81' lang='lat' dir='ltr'><strong>consulentium</strong></span> <span class='ocrx_word' id='word_1_166' title='bbox 2932 916 3144 985; x_wconf 78' lang='lat' dir='ltr'><strong>pariter</strong></span> <span class='ocrx_word' id='word_1_167' title='bbox 3174 924 3227 971; x_wconf 85' lang='lat' dir='ltr'><strong>et</strong></span> <span class='ocrx_word' id='word_1_168' title='bbox 3259 921 3511 975; x_wconf 77' lang='lat' dir='ltr'><strong>consulti</strong></span> <span class='ocrx_word' id='word_1_169' title='bbox 3536 926 3633 978; x_wconf 87' lang='lat' dir='ltr'><strong>de-</strong></span> 
     </span>
    </p>
   </div>
   <div class='ocr_carea' id='block_1_23' title="bbox 1994 994 3630 1077">
    <p class='ocr_par' dir='ltr' id='par_1_23' title="bbox 1994 994 3630 1077">
     <span class='ocr_line' id='line_1_24' title="bbox 1994 994 3630 1077; baseline 0.011 -30"><span class='ocrx_word' id='word_1_170' title='bbox 1994 994 2261 1050; x_wconf 71' lang='lat' dir='ltr'><strong>liberatio</strong></span> <span class='ocrx_word' id='word_1_171' title='bbox 2292 1007 2571 1055; x_wconf 77' lang='lat' dir='ltr'><strong>Versatur.</strong></span> <span class='ocrx_word' id='word_1_172' title='bbox 2618 1006 2742 1069; x_wconf 48' lang='grc' dir='ltr'><strong>ηερ,</strong></span> <span class='ocrx_word' id='word_1_173' title='bbox 2772 1004 2906 1073; x_wconf 89' lang='lat' dir='ltr'><strong>quid</strong></span> <span class='ocrx_word' id='word_1_174' title='bbox 2943 1021 3142 1059; x_wconf 85' lang='lat' dir='ltr'><strong>censes</strong></span> <span class='ocrx_word' id='word_1_175' title='bbox 3166 1009 3447 1077; x_wconf 87' lang='lat' dir='ltr'><strong>optimum</strong></span> <span class='ocrx_word' id='word_1_176' title='bbox 3480 1011 3630 1065; x_wconf 80' lang='lat' dir='ltr'><strong>factu</strong></span> 
     </span>
    </p>
   </div>
   <div class='ocr_carea' id='block_1_24' title="bbox 1992 1085 3633 1153">
    <p class='ocr_par' dir='ltr' id='par_1_24' title="bbox 1992 1085 3633 1153">
     <span class='ocr_line' id='line_1_25' title="bbox 1992 1085 3633 1153; baseline 0.01 -18"><span class='ocrx_word' id='word_1_177' title='bbox 1992 1100 2104 1153; x_wconf 89' lang='lat' dir='ltr'><strong>quo</strong></span> <span class='ocrx_word' id='word_1_178' title='bbox 2140 1085 2307 1140; x_wconf 82' lang='lat' dir='ltr'><strong>istam</strong></span> <span class='ocrx_word' id='word_1_179' title='bbox 2346 1089 2511 1143; x_wconf 89' lang='lat' dir='ltr'><strong>nobis</strong></span> <span class='ocrx_word' id='word_1_180' title='bbox 2562 1093 2953 1147; x_wconf 79' lang='lat' dir='ltr'><strong>communiter</strong></span> <span class='ocrx_word' id='word_1_181' title='bbox 2999 1095 3297 1150; x_wconf 68' lang='lat' dir='ltr'><strong>exitiosam</strong></span> <span class='ocrx_word' id='word_1_182' title='bbox 3360 1101 3633 1153; x_wconf 83' lang='lat' dir='ltr'><strong>omnibus</strong></span> 
     </span>
    </p>
   </div>
   <div class='ocr_carea' id='block_1_25' title="bbox 1992 1172 3630 1257">
    <p class='ocr_par' dir='ltr' id='par_1_25' title="bbox 1992 1172 3630 1257">
     <span class='ocr_line' id='line_1_26' title="bbox 1992 1172 3630 1257; baseline 0.012 -35"><span class='ocrx_word' id='word_1_183' title='bbox 1992 1172 2343 1241; x_wconf 72' lang='lat' dir='ltr'><strong>piscatorum</strong></span> <span class='ocrx_word' id='word_1_184' title='bbox 2379 1180 2867 1248; x_wconf 77' lang='lat' dir='ltr'><strong>conspirationem</strong></span> <span class='ocrx_word' id='word_1_185' title='bbox 2906 1180 3215 1237; x_wconf 78' lang='lat' dir='ltr'><strong>cludamus</strong></span> <span class='ocrx_word' id='word_1_186' title='bbox 3245 1186 3273 1238; x_wconf 71' lang='grc' dir='ltr'><em>Ἰ</em></span> <span class='ocrx_word' id='word_1_187' title='bbox 3329 1187 3630 1257; x_wconf 60' lang='lat' dir='ltr'><strong>liquidam,</strong></span> 
     </span>
    </p>
   </div>
   <div class='ocr_carea' id='block_1_26' title="bbox 1990 1263 3630 1338">
    <p class='ocr_par' dir='ltr' id='par_1_26' title="bbox 1990 1263 3630 1338">
     <span class='ocr_line' id='line_1_27' title="bbox 1990 1263 3630 1338; baseline 0.011 -26"><span class='ocrx_word' id='word_1_188' title='bbox 1990 1276 2204 1328; x_wconf 64' lang='lat' dir='ltr'><strong>cycnus</strong></span> <span class='ocrx_word' id='word_1_189' title='bbox 2240 1263 2429 1333; x_wconf 86' lang='lat' dir='ltr'><strong>inquit</strong></span> <span class='ocrx_word' id='word_1_190' title='bbox 2458 1273 2762 1338; x_wconf 74' lang='lat' dir='ltr'><strong>postquam</strong></span> <span class='ocrx_word' id='word_1_191' title='bbox 2816 1272 2883 1323; x_wconf 89' lang='lat' dir='ltr'><strong>ad</strong></span> <span class='ocrx_word' id='word_1_192' title='bbox 2920 1272 3113 1325; x_wconf 83' lang='lat' dir='ltr'><strong>omnia</strong></span> <span class='ocrx_word' id='word_1_193' title='bbox 3145 1290 3235 1326; x_wconf 88' lang='lat' dir='ltr'><strong>me</strong></span> <span class='ocrx_word' id='word_1_194' title='bbox 3288 1276 3424 1327; x_wconf 82' lang='lat' dir='ltr'><strong>verti</strong></span> <span class='ocrx_word' id='word_1_195' title='bbox 3486 1277 3630 1330; x_wconf 88' lang='lat' dir='ltr'><strong>nihil</strong></span> 
     </span>
    </p>
   </div>
   <div class='ocr_carea' id='block_1_27' title="bbox 1989 1352 3630 1429">
    <p class='ocr_par' dir='ltr' id='par_1_27' title="bbox 1989 1352 3630 1429">
     <span class='ocr_line' id='line_1_28' title="bbox 1989 1352 3630 1429; baseline 0.012 -29"><span class='ocrx_word' id='word_1_196' title='bbox 1989 1352 2377 1419; x_wconf 81' lang='lat' dir='ltr'><strong>opportunius</strong></span> <span class='ocrx_word' id='word_1_197' title='bbox 2412 1358 2634 1426; x_wconf 87' lang='lat' dir='ltr'><strong>reperio</strong></span> <span class='ocrx_word' id='word_1_198' title='bbox 2665 1373 2841 1427; x_wconf 84' lang='lat' dir='ltr'><strong>quam</strong></span> <span class='ocrx_word' id='word_1_199' title='bbox 2878 1360 3076 1427; x_wconf 75' lang='lat' dir='ltr'><strong>fugere</strong></span> <span class='ocrx_word' id='word_1_200' title='bbox 3109 1362 3381 1417; x_wconf 81' lang='lat' dir='ltr'><strong>infestum</strong></span> <span class='ocrx_word' id='word_1_201' title='bbox 3418 1366 3630 1429; x_wconf 90' lang='lat' dir='ltr'><strong>locum,</strong></span> 
     </span>
    </p>
   </div>
   <div class='ocr_carea' id='block_1_28' title="bbox 1987 1439 3631 1521">
    <p class='ocr_par' dir='ltr' id='par_1_28' title="bbox 1987 1439 3631 1521">
     <span class='ocr_line' id='line_1_29' title="bbox 1987 1439 3631 1521; baseline 0.011 -32"><span class='ocrx_word' id='word_1_202' title='bbox 1987 1442 2043 1489; x_wconf 83' lang='lat' dir='ltr'><strong>et.</strong></span> <span class='ocrx_word' id='word_1_203' title='bbox 2078 1439 2322 1495; x_wconf 57' lang='lat' dir='ltr'><strong>migrare</strong></span> <span class='ocrx_word' id='word_1_204' title='bbox 2353 1460 2451 1495; x_wconf 84' lang='lat' dir='ltr'><strong>vos</strong></span> <span class='ocrx_word' id='word_1_205' title='bbox 2482 1460 2686 1498; x_wconf 86' lang='lat' dir='ltr'><strong>omnes</strong></span> <span class='ocrx_word' id='word_1_206' title='bbox 2717 1463 2781 1501; x_wconf 85' lang='lat' dir='ltr'><strong>ex</strong></span> <span class='ocrx_word' id='word_1_207' title='bbox 2810 1448 2917 1502; x_wconf 89' lang='lat' dir='ltr'><strong>hoc</strong></span> <span class='ocrx_word' id='word_1_208' title='bbox 2963 1449 3086 1503; x_wconf 90' lang='lat' dir='ltr'><strong>lacu</strong></span> <span class='ocrx_word' id='word_1_209' title='bbox 3131 1451 3185 1504; x_wconf 91' lang='lat' dir='ltr'><strong>in</strong></span> <span class='ocrx_word' id='word_1_210' title='bbox 3239 1453 3409 1506; x_wconf 86' lang='lat' dir='ltr'><strong>aliam</strong></span> <span class='ocrx_word' id='word_1_211' title='bbox 3472 1454 3631 1521; x_wconf 72' lang='lat' dir='ltr'><strong>igno-</strong></span> 
     </span>
    </p>
   </div>
   <div class='ocr_carea' id='block_1_29' title="bbox 1987 1528 3628 1610">
    <p class='ocr_par' dir='ltr' id='par_1_29' title="bbox 1987 1528 3628 1610">
     <span class='ocr_line' id='line_1_30' title="bbox 1987 1528 3628 1610; baseline 0.011 -32"><span class='ocrx_word' id='word_1_212' title='bbox 1987 1530 2105 1581; x_wconf 85' lang='lat' dir='ltr'><strong>tam</strong></span> <span class='ocrx_word' id='word_1_213' title='bbox 2168 1528 2497 1602; x_wconf 88' lang='lat' dir='ltr'><strong>inviamque</strong></span> <span class='ocrx_word' id='word_1_214' title='bbox 2554 1535 2711 1588; x_wconf 77' lang='lat' dir='ltr'><strong>hisce</strong></span> <span class='ocrx_word' id='word_1_215' title='bbox 2773 1538 3144 1607; x_wconf 66' lang='lat' dir='ltr'><strong>praedonibus</strong></span> <span class='ocrx_word' id='word_1_216' title='bbox 3198 1540 3485 1610; x_wconf 81' lang='lat' dir='ltr'><strong>paludem,</strong></span> <span class='ocrx_word' id='word_1_217' title='bbox 3532 1545 3628 1596; x_wconf 86' lang='lat' dir='ltr'><strong>ubi</strong></span> 
     </span>
    </p>
   </div>
   <div class='ocr_carea' id='block_1_30' title="bbox 1987 1618 3631 1701">
    <p class='ocr_par' dir='ltr' id='par_1_30' title="bbox 1987 1618 3631 1701">
     <span class='ocr_line' id='line_1_31' title="bbox 1987 1618 3631 1701; baseline 0.01 -32"><span class='ocrx_word' id='word_1_218' title='bbox 1987 1631 2119 1670; x_wconf 90' lang='lat' dir='ltr'><strong>cum</strong></span> <span class='ocrx_word' id='word_1_219' title='bbox 2153 1618 2289 1672; x_wconf 66' lang='lat' dir='ltr'><strong>satis</strong></span> <span class='ocrx_word' id='word_1_220' title='bbox 2323 1636 2485 1691; x_wconf 77' lang='lat' dir='ltr'><strong>aqum</strong></span> <span class='ocrx_word' id='word_1_221' title='bbox 2516 1623 2729 1685; x_wconf 85' lang='lat' dir='ltr'><strong>subsit,</strong></span> <span class='ocrx_word' id='word_1_222' title='bbox 2763 1640 2833 1678; x_wconf 87' lang='lat' dir='ltr'><strong>ne</strong></span> <span class='ocrx_word' id='word_1_223' title='bbox 2863 1625 2943 1679; x_wconf 90' lang='lat' dir='ltr'><strong>illi</strong></span> <span class='ocrx_word' id='word_1_224' title='bbox 2970 1635 3349 1697; x_wconf 79' lang='lat' dir='ltr'><strong>supernatcnt</strong></span> <span class='ocrx_word' id='word_1_225' title='bbox 3385 1632 3631 1701; x_wconf 63' lang='lat' dir='ltr'><strong>piscato-</strong></span> 
     </span>
    </p>
   </div>
   <div class='ocr_carea' id='block_1_31' title="bbox 1986 1703 3628 1781">
    <p class='ocr_par' dir='ltr' id='par_1_31' title="bbox 1986 1703 3628 1781">
     <span class='ocr_line' id='line_1_32' title="bbox 1986 1703 3628 1781; baseline 0.012 -26"><span class='ocrx_word' id='word_1_226' title='bbox 1986 1703 2081 1757; x_wconf 66' lang='lat' dir='ltr'><strong>riae</strong></span> <span class='ocrx_word' id='word_1_227' title='bbox 2113 1708 2353 1777; x_wconf 62' lang='lat' dir='ltr'><strong>cymbia,</strong></span> <span class='ocrx_word' id='word_1_228' title='bbox 2389 1716 2682 1765; x_wconf 79' lang='lat' dir='ltr'><strong>exstantes</strong></span> <span class='ocrx_word' id='word_1_229' title='bbox 2747 1714 3056 1781; x_wconf 71' lang='lat' dir='ltr'><strong>prohibent</strong></span> <span class='ocrx_word' id='word_1_230' title='bbox 3116 1719 3453 1774; x_wconf 70' lang='lat' dir='ltr'><strong>arundinis.</strong></span> <span class='ocrx_word' id='word_1_231' title='bbox 3491 1721 3628 1780; x_wconf 78' lang='lat' dir='ltr'><strong>Novi</strong></span> 
     </span>
    </p>
   </div>
   <div class='ocr_carea' id='block_1_32' title="bbox 1985 1792 3628 1877">
    <p class='ocr_par' dir='ltr' id='par_1_32' title="bbox 1985 1792 3628 1877">
     <span class='ocr_line' id='line_1_33' title="bbox 1985 1792 3628 1877; baseline 0.015 -33"><span class='ocrx_word' id='word_1_232' title='bbox 1985 1792 2198 1859; x_wconf 87' lang='lat' dir='ltr'><strong>locum,</strong></span> <span class='ocrx_word' id='word_1_233' title='bbox 2223 1803 2277 1850; x_wconf 92' lang='lat' dir='ltr'><strong>et</strong></span> <span class='ocrx_word' id='word_1_234' title='bbox 2308 1814 2373 1852; x_wconf 91' lang='lat' dir='ltr'><strong>eo</strong></span> <span class='ocrx_word' id='word_1_235' title='bbox 2395 1800 2487 1867; x_wconf 91' lang='lat' dir='ltr'><strong>qui</strong></span> <span class='ocrx_word' id='word_1_236' title='bbox 2524 1800 2713 1855; x_wconf 90' lang='lat' dir='ltr'><strong>volent</strong></span> <span class='ocrx_word' id='word_1_237' title='bbox 2736 1810 3014 1871; x_wconf 84' lang='lat' dir='ltr'><strong>vestrum,</strong></span> <span class='ocrx_word' id='word_1_238' title='bbox 3044 1823 3152 1860; x_wconf 92' lang='lat' dir='ltr'><strong>non</strong></span> <span class='ocrx_word' id='word_1_239' title='bbox 3179 1817 3410 1877; x_wconf 77' lang='lat' dir='ltr'><strong>gravate</strong></span> <span class='ocrx_word' id='word_1_240' title='bbox 3440 1816 3628 1867; x_wconf 83' lang='lat' dir='ltr'><strong>trans-</strong></span> 
     </span>
    </p>
   </div>
   <div class='ocr_carea' id='block_1_33' title="bbox 216 1884 3626 1989">
    <p class='ocr_par' dir='ltr' id='par_1_33' title="bbox 216 1884 3626 1989">
     <span class='ocr_line' id='line_1_34' title="bbox 216 1884 3626 1989; baseline 0.013 -39"><span class='ocrx_word' id='word_1_241' title='bbox 216 1913 382 1951; x_wconf 85' lang='lat' dir='ltr'><strong>rasse</strong></span> <span class='ocrx_word' id='word_1_242' title='bbox 427 1915 517 1953; x_wconf 90' lang='lat' dir='ltr'><strong>me</strong></span> <span class='ocrx_word' id='word_1_243' title='bbox 550 1908 814 1968; x_wconf 88' lang='lat' dir='ltr'><strong>autumo,</strong></span> <span class='ocrx_word' id='word_1_244' title='bbox 848 1884 1001 1976; x_wconf 76' lang='lat' dir='ltr'><strong>quod</strong></span> <span class='ocrx_word' id='word_1_245' title='bbox 1036 1907 1246 1964; x_wconf 89' lang='lat' dir='ltr'><strong>iterum</strong></span> <span class='ocrx_word' id='word_1_246' title='bbox 1282 1914 1534 1979; x_wconf 79' lang='lat' dir='ltr'><strong>affirmo,</strong></span> <span class='ocrx_word' id='word_1_247' title='bbox 1586 1934 1735 1988; x_wconf 59' lang='lat' dir='ltr'><strong>sarpc</strong></span> <span class='ocrx_word' id='word_1_248' title='bbox 1773 1937 1869 1989; x_wconf 87' lang='lat' dir='ltr'><strong>po-</strong></span> <span class='ocrx_word' id='word_1_249' title='bbox 1903 1924 1948 1987; x_wconf 81' lang='grc' dir='ltr'><strong>Β</strong></span> <span class='ocrx_word' id='word_1_250' title='bbox 1983 1884 2182 1939; x_wconf 60' lang='lat' dir='ltr'><strong>femm°</strong></span> <span class='ocrx_word' id='word_1_251' title='bbox 2215 1887 2461 1989; x_wconf 60' lang='grc' dir='ltr'><strong>9¹ζ⁸¹¹¹¹²⁸</strong></span> <span class='ocrx_word' id='word_1_252' title='bbox 2488 1899 2560 1989; x_wconf 53' lang='grc' dir='ltr'>ίῖλ</span> <span class='ocrx_word' id='word_1_253' title='bbox 2596 1891 2921 1989; x_wconf 49' lang='lat' dir='ltr'><strong>“fama”</strong></span> <span class='ocrx_word' id='word_1_254' title='bbox 2959 1911 3106 1989; x_wconf 61' lang='lat' dir='ltr'><strong>voce.</strong></span> <span class='ocrx_word' id='word_1_255' title='bbox 3134 1914 3247 1989; x_wconf 47' lang='lat' dir='ltr'><strong>ima</strong></span> <span class='ocrx_word' id='word_1_256' title='bbox 3290 1901 3475 1968; x_wconf 39' lang='lat' dir='ltr'><strong>pisces</strong></span> <span class='ocrx_word' id='word_1_257' title='bbox 3498 1917 3626 1956; x_wconf 55' lang='lat' dir='ltr'><strong>nm-</strong></span> 
     </span>
    </p>
   </div>
   <div class='ocr_carea' id='block_1_34' title="bbox 218 1987 1871 2073">
    <p class='ocr_par' dir='ltr' id='par_1_34' title="bbox 218 1987 1871 2073">
     <span class='ocr_line' id='line_1_35' title="bbox 218 1987 1871 2073; baseline 0.014 -34"><span class='ocrx_word' id='word_1_258' title='bbox 218 1987 503 2043; x_wconf 90' lang='lat' dir='ltr'><strong>tentiores</strong></span> <span class='ocrx_word' id='word_1_259' title='bbox 535 1990 605 2043; x_wconf 87' lang='lat' dir='ltr'><strong>ab</strong></span> <span class='ocrx_word' id='word_1_260' title='bbox 636 1990 1060 2050; x_wconf 82' lang='lat' dir='ltr'><strong>infirmioribus</strong></span> <span class='ocrx_word' id='word_1_261' title='bbox 1099 1997 1271 2054; x_wconf 89' lang='lat' dir='ltr'><strong>vinci.</strong></span> <span class='ocrx_word' id='word_1_262' title='bbox 1331 1987 1690 2073; x_wconf 64' lang='lat' dir='ltr'><strong>Argumenta</strong></span> <span class='ocrx_word' id='word_1_263' title='bbox 1748 1987 1871 2063; x_wconf 66' lang='lat' dir='ltr'><strong>scr-</strong></span> 
     </span>
    </p>
   </div>
   <div class='ocr_carea' id='block_1_35' title="bbox 215 2081 1869 2157">
    <p class='ocr_par' dir='ltr' id='par_1_35' title="bbox 215 2081 1869 2157">
     <span class='ocr_line' id='line_1_36' title="bbox 215 2081 1869 2157; baseline 0.015 -30"><span class='ocrx_word' id='word_1_264' title='bbox 215 2091 364 2145; x_wconf 89' lang='lat' dir='ltr'><strong>pens</strong></span> <span class='ocrx_word' id='word_1_265' title='bbox 391 2083 447 2130; x_wconf 91' lang='lat' dir='ltr'><strong>et</strong></span> <span class='ocrx_word' id='word_1_266' title='bbox 479 2094 694 2149; x_wconf 81' lang='lat' dir='ltr'><strong>cycnus</strong></span> <span class='ocrx_word' id='word_1_267' title='bbox 727 2081 864 2151; x_wconf 87' lang='lat' dir='ltr'><strong>sint;</strong></span> <span class='ocrx_word' id='word_1_268' title='bbox 891 2100 1002 2138; x_wconf 90' lang='lat' dir='ltr'><strong>non</strong></span> <span class='ocrx_word' id='word_1_269' title='bbox 1026 2084 1198 2157; x_wconf 80' lang='lat' dir='ltr'><strong>longa</strong></span> <span class='ocrx_word' id='word_1_270' title='bbox 1219 2095 1307 2143; x_wconf 87' lang='lat' dir='ltr'><strong>est</strong></span> <span class='ocrx_word' id='word_1_271' title='bbox 1330 2108 1433 2145; x_wconf 89' lang='lat' dir='ltr'><strong>nec</strong></span> <span class='ocrx_word' id='word_1_272' title='bbox 1454 2095 1759 2150; x_wconf 69' lang='lat' dir='ltr'><strong>incelebris</strong></span> <span class='ocrx_word' id='word_1_273' title='bbox 1786 2099 1869 2151; x_wconf 84' lang='lat' dir='ltr'><strong>ta-</strong></span> 
     </span>
    </p>
   </div>
   <div class='ocr_carea' id='block_1_36' title="bbox 218 2164 1867 2255">
    <p class='ocr_par' dir='ltr' id='par_1_36' title="bbox 218 2164 1867 2255">
     <span class='ocr_line' id='line_1_37' title="bbox 218 2164 1867 2255; baseline 0.015 -40"><span class='ocrx_word' id='word_1_274' title='bbox 218 2164 379 2218; x_wconf 89' lang='lat' dir='ltr'><strong>bula.</strong></span> <span class='ocrx_word' id='word_1_275' title='bbox 414 2165 656 2234; x_wconf 84' lang='lat' dir='ltr'><strong>Corvus,</strong></span> <span class='ocrx_word' id='word_1_276' title='bbox 687 2168 1015 2242; x_wconf 87' lang='lat' dir='ltr'><strong>inquilinus</strong></span> <span class='ocrx_word' id='word_1_277' title='bbox 1047 2182 1285 2232; x_wconf 76' lang='lat' dir='ltr'><strong>vetusta:</strong></span> <span class='ocrx_word' id='word_1_278' title='bbox 1314 2180 1538 2235; x_wconf 88' lang='lat' dir='ltr'><strong>arboris</strong></span> <span class='ocrx_word' id='word_1_279' title='bbox 1573 2183 1626 2237; x_wconf 91' lang='lat' dir='ltr'><strong>in</strong></span> <span class='ocrx_word' id='word_1_280' title='bbox 1653 2190 1867 2255; x_wconf 85' lang='lat' dir='ltr'><strong>monte,</strong></span> 
     </span>
    </p>
   </div>
   <div class='ocr_carea' id='block_1_37' title="bbox 209 2250 1866 2337">
    <p class='ocr_par' dir='ltr' id='par_1_37' title="bbox 209 2250 1866 2337">
     <span class='ocr_line' id='line_1_38' title="bbox 209 2250 1866 2337; baseline 0.014 -32"><span class='ocrx_word' id='word_1_281' title='bbox 209 2250 578 2310; x_wconf 82' lang='lat' dir='ltr'><strong>luculentam</strong></span> <span class='ocrx_word' id='word_1_282' title='bbox 630 2262 948 2328; x_wconf 86' lang='lat' dir='ltr'><strong>quotannis</strong></span> <span class='ocrx_word' id='word_1_283' title='bbox 983 2263 1256 2332; x_wconf 74' lang='lat' dir='ltr'><strong>iniuriam</strong></span> <span class='ocrx_word' id='word_1_284' title='bbox 1295 2268 1623 2337; x_wconf 87' lang='lat' dir='ltr'><strong>patiebatur</strong></span> <span class='ocrx_word' id='word_1_285' title='bbox 1666 2292 1698 2327; x_wconf 86' lang='lat' dir='ltr'><strong>a</strong></span> <span class='ocrx_word' id='word_1_286' title='bbox 1747 2292 1866 2328; x_wconf 74' lang='lat' dir='ltr'><strong>ser-</strong></span> 
     </span>
    </p>
   </div>
   <div class='ocr_carea' id='block_1_38' title="bbox 212 2346 1866 2422">
    <p class='ocr_par' dir='ltr' id='par_1_38' title="bbox 212 2346 1866 2422">
     <span class='ocr_line' id='line_1_39' title="bbox 212 2346 1866 2422; baseline 0.016 -26"><span class='ocrx_word' id='word_1_287' title='bbox 212 2351 389 2412; x_wconf 81' lang='lat' dir='ltr'><strong>pente</strong></span> <span class='ocrx_word' id='word_1_288' title='bbox 422 2346 475 2399; x_wconf 92' lang='lat' dir='ltr'><strong>in</strong></span> <span class='ocrx_word' id='word_1_289' title='bbox 512 2366 649 2402; x_wconf 83' lang='lat' dir='ltr'><strong>cavo</strong></span> <span class='ocrx_word' id='word_1_290' title='bbox 693 2352 957 2417; x_wconf 73' lang='lat' dir='ltr'><strong>ejusdem</strong></span> <span class='ocrx_word' id='word_1_291' title='bbox 1004 2355 1231 2409; x_wconf 83' lang='lat' dir='ltr'><strong>arboris</strong></span> <span class='ocrx_word' id='word_1_292' title='bbox 1284 2364 1486 2415; x_wconf 90' lang='lat' dir='ltr'><strong>trunco</strong></span> <span class='ocrx_word' id='word_1_293' title='bbox 1542 2363 1866 2422; x_wconf 84' lang='lat' dir='ltr'><strong>nidulantc.</strong></span> 
     </span>
    </p>
   </div>
   <div class='ocr_carea' id='block_1_39' title="bbox 208 2434 1868 2525">
    <p class='ocr_par' dir='ltr' id='par_1_39' title="bbox 208 2434 1868 2525">
     <span class='ocr_line' id='line_1_40' title="bbox 208 2434 1868 2525; baseline 0.014 -40"><span class='ocrx_word' id='word_1_294' title='bbox 208 2434 353 2487; x_wconf 82' lang='lat' dir='ltr'><strong>Cum</strong></span> <span class='ocrx_word' id='word_1_295' title='bbox 390 2437 540 2490; x_wconf 85' lang='lat' dir='ltr'><strong>cnim</strong></span> <span class='ocrx_word' id='word_1_296' title='bbox 599 2456 754 2493; x_wconf 85' lang='lat' dir='ltr'><strong>more</strong></span> <span class='ocrx_word' id='word_1_297' title='bbox 796 2442 988 2496; x_wconf 87' lang='lat' dir='ltr'><strong>avium</strong></span> <span class='ocrx_word' id='word_1_298' title='bbox 1023 2461 1227 2499; x_wconf 81' lang='lat' dir='ltr'><strong>corvus</strong></span> <span class='ocrx_word' id='word_1_299' title='bbox 1257 2464 1395 2503; x_wconf 74' lang='lat' dir='ltr'><strong>sons</strong></span> <span class='ocrx_word' id='word_1_300' title='bbox 1436 2467 1610 2506; x_wconf 84' lang='lat' dir='ltr'><strong>verna</strong></span> <span class='ocrx_word' id='word_1_301' title='bbox 1643 2459 1868 2525; x_wconf 65' lang='lat' dir='ltr'><strong>trrnpc-</strong></span> 
     </span>
    </p>
   </div>
   <div class='ocr_carea' id='block_1_40' title="bbox 206 2526 1868 2609">
    <p class='ocr_par' dir='ltr' id='par_1_40' title="bbox 206 2526 1868 2609">
     <span class='ocr_line' id='line_1_41' title="bbox 206 2526 1868 2609; baseline 0.013 -34"><span class='ocrx_word' id='word_1_302' title='bbox 206 2528 362 2579; x_wconf 80' lang='lat' dir='ltr'><strong>state</strong></span> <span class='ocrx_word' id='word_1_303' title='bbox 384 2526 573 2594; x_wconf 82' lang='lat' dir='ltr'><strong>pullos</strong></span> <span class='ocrx_word' id='word_1_304' title='bbox 591 2528 1050 2597; x_wconf 68' lang='lat' dir='ltr'><strong>excluserat,eus</strong></span> <span class='ocrx_word' id='word_1_305' title='bbox 1080 2535 1227 2588; x_wconf 79' lang='lat' dir='ltr'><strong>clam</strong></span> <span class='ocrx_word' id='word_1_306' title='bbox 1258 2539 1543 2609; x_wconf 77' lang='lat' dir='ltr'><strong>adrcpcns</strong></span> <span class='ocrx_word' id='word_1_307' title='bbox 1576 2543 1748 2596; x_wconf 78' lang='lat' dir='ltr'><strong>draco</strong></span> <span class='ocrx_word' id='word_1_308' title='bbox 1776 2547 1868 2597; x_wconf 83' lang='lat' dir='ltr'><strong>dc-</strong></span> 
     </span>
    </p>
   </div>
   <div class='ocr_carea' id='block_1_41' title="bbox 205 2614 1866 2697">
    <p class='ocr_par' dir='ltr' id='par_1_41' title="bbox 205 2614 1866 2697">
     <span class='ocr_line' id='line_1_42' title="bbox 205 2614 1866 2697; baseline 0.014 -32"><span class='ocrx_word' id='word_1_309' title='bbox 205 2614 475 2681; x_wconf 86' lang='lat' dir='ltr'><strong>vorabat,</strong></span> <span class='ocrx_word' id='word_1_310' title='bbox 509 2621 740 2688; x_wconf 88' lang='lat' dir='ltr'><strong>captato</strong></span> <span class='ocrx_word' id='word_1_311' title='bbox 798 2625 988 2675; x_wconf 83' lang='lat' dir='ltr'><strong>astute</strong></span> <span class='ocrx_word' id='word_1_312' title='bbox 1045 2626 1328 2695; x_wconf 63' lang='lat' dir='ltr'><strong>tempore,</strong></span> <span class='ocrx_word' id='word_1_313' title='bbox 1371 2644 1485 2697; x_wconf 83' lang='lat' dir='ltr'><strong>quo</strong></span> <span class='ocrx_word' id='word_1_314' title='bbox 1520 2635 1866 2688; x_wconf 65' lang='lat' dir='ltr'><strong>neressai&#39;iis</strong></span> 
     </span>
    </p>
   </div>
   <div class='ocr_carea' id='block_1_42' title="bbox 209 2698 1865 2776">
    <p class='ocr_par' dir='ltr' id='par_1_42' title="bbox 209 2698 1865 2776">
     <span class='ocr_line' id='line_1_43' title="bbox 209 2698 1865 2776; baseline 0.014 -24"><span class='ocrx_word' id='word_1_315' title='bbox 209 2698 326 2753; x_wconf 87' lang='lat' dir='ltr'><strong>alio</strong></span> <span class='ocrx_word' id='word_1_316' title='bbox 352 2702 658 2771; x_wconf 77' lang='lat' dir='ltr'><strong>digressus</strong></span> <span class='ocrx_word' id='word_1_317' title='bbox 681 2708 895 2770; x_wconf 82' lang='lat' dir='ltr'><strong>causis,</strong></span> <span class='ocrx_word' id='word_1_318' title='bbox 923 2727 955 2762; x_wconf 90' lang='lat' dir='ltr'><strong>a</strong></span> <span class='ocrx_word' id='word_1_319' title='bbox 980 2711 1341 2769; x_wconf 69' lang='lat' dir='ltr'><strong>nido,«-oi°vus</strong></span> <span class='ocrx_word' id='word_1_320' title='bbox 1366 2718 1587 2773; x_wconf 79' lang='lat' dir='ltr'><strong>aberat.</strong></span> <span class='ocrx_word' id='word_1_321' title='bbox 1621 2724 1737 2776; x_wconf 84' lang='lat' dir='ltr'><strong>lloc</strong></span> <span class='ocrx_word' id='word_1_322' title='bbox 1765 2724 1865 2775; x_wconf 75' lang='lat' dir='ltr'><strong>itc-</strong></span> 
     </span>
    </p>
   </div>
   <div class='ocr_carea' id='block_1_43' title="bbox 210 2795 1864 2882">
    <p class='ocr_par' dir='ltr' id='par_1_43' title="bbox 210 2795 1864 2882">
     <span class='ocr_line' id='line_1_44' title="bbox 210 2795 1864 2882; baseline 0.014 -40"><span class='ocrx_word' id='word_1_323' title='bbox 210 2806 345 2844; x_wconf 88' lang='lat' dir='ltr'><strong>rum</strong></span> <span class='ocrx_word' id='word_1_324' title='bbox 382 2796 439 2845; x_wconf 90' lang='lat' dir='ltr'><strong>et</strong></span> <span class='ocrx_word' id='word_1_325' title='bbox 469 2795 642 2847; x_wconf 86' lang='lat' dir='ltr'><strong>tertio</strong></span> <span class='ocrx_word' id='word_1_326' title='bbox 660 2797 992 2868; x_wconf 68' lang='lat' dir='ltr'><strong>saepiusque</strong></span> <span class='ocrx_word' id='word_1_327' title='bbox 1016 2802 1229 2856; x_wconf 81' lang='lat' dir='ltr'><strong>factum</strong></span> <span class='ocrx_word' id='word_1_328' title='bbox 1254 2821 1479 2871; x_wconf 85' lang='lat' dir='ltr'><strong>corvus,</strong></span> <span class='ocrx_word' id='word_1_329' title='bbox 1506 2815 1569 2862; x_wconf 87' lang='lat' dir='ltr'><strong>ut</strong></span> <span class='ocrx_word' id='word_1_330' title='bbox 1594 2828 1696 2878; x_wconf 86' lang='lat' dir='ltr'><strong>par</strong></span> <span class='ocrx_word' id='word_1_331' title='bbox 1718 2818 1864 2882; x_wconf 87' lang='lat' dir='ltr'><strong>erat,</strong></span> 
     </span>
    </p>
   </div>
   <div class='ocr_carea' id='block_1_44' title="bbox 208 2881 1862 2967">
    <p class='ocr_par' dir='ltr' id='par_1_44' title="bbox 208 2881 1862 2967">
     <span class='ocr_line' id='line_1_45' title="bbox 208 2881 1862 2967; baseline 0.016 -38"><span class='ocrx_word' id='word_1_332' title='bbox 208 2881 518 2949; x_wconf 62' lang='lat' dir='ltr'><strong>aegerrime</strong></span> <span class='ocrx_word' id='word_1_333' title='bbox 560 2883 770 2951; x_wconf 83' lang='lat' dir='ltr'><strong>ferens,</strong></span> <span class='ocrx_word' id='word_1_334' title='bbox 805 2887 1032 2941; x_wconf 82' lang='lat' dir='ltr'><strong>consilii</strong></span> <span class='ocrx_word' id='word_1_335' title='bbox 1067 2907 1245 2945; x_wconf 87' lang='lat' dir='ltr'><strong>causa</strong></span> <span class='ocrx_word' id='word_1_336' title='bbox 1296 2893 1488 2950; x_wconf 73' lang='lat' dir='ltr'><strong>thoem</strong></span> <span class='ocrx_word' id='word_1_337' title='bbox 1553 2906 1862 2967; x_wconf 72' lang='lat' dir='ltr'><strong>quemdam</strong></span> 
     </span>
    </p>
   </div>
   <div class='ocr_carea' id='block_1_45' title="bbox 207 2971 1862 3054">
    <p class='ocr_par' dir='ltr' id='par_1_45' title="bbox 207 2971 1862 3054">
     <span class='ocr_line' id='line_1_46' title="bbox 207 2971 1862 3054; baseline 0.015 -34"><span class='ocrx_word' id='word_1_338' title='bbox 207 2984 435 3033; x_wconf 88' lang='lat' dir='ltr'><strong>senem,</strong></span> <span class='ocrx_word' id='word_1_339' title='bbox 471 2971 666 3026; x_wconf 68' lang='lat' dir='ltr'><strong>multae</strong></span> <span class='ocrx_word' id='word_1_340' title='bbox 700 2977 1021 3045; x_wconf 70' lang='lat' dir='ltr'><strong>prudentia)</strong></span> <span class='ocrx_word' id='word_1_341' title='bbox 1070 2980 1223 3033; x_wconf 79' lang='lat' dir='ltr'><strong>fama</strong></span> <span class='ocrx_word' id='word_1_342' title='bbox 1274 2982 1575 3054; x_wconf 58' lang='lat' dir='ltr'><strong>inclytum,</strong></span> <span class='ocrx_word' id='word_1_343' title='bbox 1610 2990 1771 3043; x_wconf 85' lang='lat' dir='ltr'><strong>adiit.</strong></span> <span class='ocrx_word' id='word_1_344' title='bbox 1809 2992 1862 3045; x_wconf 72' lang='lat' dir='ltr'><strong>Ei</strong></span> 
     </span>
    </p>
   </div>
   <div class='ocr_carea' id='block_1_46' title="bbox 206 3062 1865 3151">
    <p class='ocr_par' dir='ltr' id='par_1_46' title="bbox 206 3062 1865 3151">
     <span class='ocr_line' id='line_1_47' title="bbox 206 3062 1865 3151; baseline 0.013 -39"><span class='ocrx_word' id='word_1_345' title='bbox 206 3075 341 3112; x_wconf 88' lang='lat' dir='ltr'><strong>cum</strong></span> <span class='ocrx_word' id='word_1_346' title='bbox 378 3062 749 3131; x_wconf 79' lang='lat' dir='ltr'><strong>exposuisset</strong></span> <span class='ocrx_word' id='word_1_347' title='bbox 780 3081 907 3134; x_wconf 73' lang='lat' dir='ltr'><strong>qua:</strong></span> <span class='ocrx_word' id='word_1_348' title='bbox 944 3084 1153 3135; x_wconf 82' lang='lat' dir='ltr'><strong>passus</strong></span> <span class='ocrx_word' id='word_1_349' title='bbox 1175 3077 1318 3135; x_wconf 86' lang='lat' dir='ltr'><strong>crat,</strong></span> <span class='ocrx_word' id='word_1_350' title='bbox 1349 3078 1705 3145; x_wconf 77' lang='lat' dir='ltr'><strong>proponebat</strong></span> <span class='ocrx_word' id='word_1_351' title='bbox 1736 3098 1865 3151; x_wconf 64' lang='lat' dir='ltr'><strong>quae</strong></span> 
     </span>
    </p>
   </div>
   <div class='ocr_carea' id='block_1_47' title="bbox 205 3149 1866 3225">
    <p class='ocr_par' dir='ltr' id='par_1_47' title="bbox 205 3149 1866 3225">
     <span class='ocr_line' id='line_1_48' title="bbox 205 3149 1866 3225; baseline 0.014 -24"><span class='ocrx_word' id='word_1_352' title='bbox 205 3149 1113 3225; x_wconf 69' lang='lat' dir='ltr'><strong>cogitarat:Ego,inquiens,quo</strong></span> <span class='ocrx_word' id='word_1_353' title='bbox 1144 3160 1318 3214; x_wconf 88' lang='lat' dir='ltr'><strong>simul</strong></span> <span class='ocrx_word' id='word_1_354' title='bbox 1353 3164 1568 3219; x_wconf 67' lang='lat' dir='ltr'><strong>damna</strong></span> <span class='ocrx_word' id='word_1_355' title='bbox 1618 3168 1866 3224; x_wconf 72' lang='lat' dir='ltr'><strong>ulciscar</strong></span> 
     </span>
    </p>
   </div>
   <div class='ocr_carea' id='block_1_48' title="bbox 207 3239 1861 3319">
    <p class='ocr_par' dir='ltr' id='par_1_48' title="bbox 207 3239 1861 3319">
     <span class='ocr_line' id='line_1_49' title="bbox 207 3239 1861 3319; baseline 0.011 -30"><span class='ocrx_word' id='word_1_356' title='bbox 207 3239 527 3307; x_wconf 74' lang='lat' dir='ltr'><strong>praeterita,</strong></span> <span class='ocrx_word' id='word_1_357' title='bbox 562 3246 614 3293; x_wconf 91' lang='lat' dir='ltr'><strong>et</strong></span> <span class='ocrx_word' id='word_1_358' title='bbox 650 3242 849 3296; x_wconf 86' lang='lat' dir='ltr'><strong>futura</strong></span> <span class='ocrx_word' id='word_1_359' title='bbox 874 3254 1233 3313; x_wconf 61' lang='lat' dir='ltr'><strong>praevertam,</strong></span> <span class='ocrx_word' id='word_1_360' title='bbox 1268 3250 1511 3319; x_wconf 83' lang='lat' dir='ltr'><strong>decrevi,</strong></span> <span class='ocrx_word' id='word_1_361' title='bbox 1536 3256 1643 3309; x_wconf 83' lang='lat' dir='ltr'><strong>nisi</strong></span> <span class='ocrx_word' id='word_1_362' title='bbox 1680 3261 1737 3310; x_wconf 79' lang='lat' dir='ltr'><strong>tu</strong></span> <span class='ocrx_word' id='word_1_363' title='bbox 1774 3276 1861 3311; x_wconf 77' lang='lat' dir='ltr'><strong>se-</strong></span> 
     </span>
    </p>
   </div>
   <div class='ocr_carea' id='block_1_49' title="bbox 208 3326 1861 3403">
    <p class='ocr_par' dir='ltr' id='par_1_49' title="bbox 208 3326 1861 3403">
     <span class='ocr_line' id='line_1_50' title="bbox 208 3326 1861 3403; baseline 0.011 -22"><span class='ocrx_word' id='word_1_364' title='bbox 208 3342 320 3381; x_wconf 88' lang='lat' dir='ltr'><strong>cus</strong></span> <span class='ocrx_word' id='word_1_365' title='bbox 353 3326 559 3393; x_wconf 89' lang='lat' dir='ltr'><strong>sentis,</strong></span> <span class='ocrx_word' id='word_1_366' title='bbox 592 3329 902 3385; x_wconf 80' lang='lat' dir='ltr'><strong>observare</strong></span> <span class='ocrx_word' id='word_1_367' title='bbox 943 3337 1178 3403; x_wconf 84' lang='lat' dir='ltr'><strong>quando</strong></span> <span class='ocrx_word' id='word_1_368' title='bbox 1213 3337 1485 3395; x_wconf 87' lang='lat' dir='ltr'><strong>inimicus</strong></span> <span class='ocrx_word' id='word_1_369' title='bbox 1517 3344 1691 3398; x_wconf 87' lang='lat' dir='ltr'><strong>draco</strong></span> <span class='ocrx_word' id='word_1_370' title='bbox 1725 3350 1861 3399; x_wconf 85' lang='lat' dir='ltr'><strong>dor-</strong></span> 
     </span>
    </p>
   </div>
   <div class='ocr_carea' id='block_1_50' title="bbox 206 3416 1859 3495">
    <p class='ocr_par' dir='ltr' id='par_1_50' title="bbox 206 3416 1859 3495">
     <span class='ocr_line' id='line_1_51' title="bbox 206 3416 1859 3495; baseline 0.015 -27"><span class='ocrx_word' id='word_1_371' title='bbox 206 3416 374 3481; x_wconf 85' lang='lat' dir='ltr'><strong>miat,</strong></span> <span class='ocrx_word' id='word_1_372' title='bbox 410 3421 669 3488; x_wconf 88' lang='lat' dir='ltr'><strong>tuncque</strong></span> <span class='ocrx_word' id='word_1_373' title='bbox 703 3421 828 3474; x_wconf 90' lang='lat' dir='ltr'><strong>sine</strong></span> <span class='ocrx_word' id='word_1_374' title='bbox 869 3425 1114 3493; x_wconf 88' lang='lat' dir='ltr'><strong>strepitu</strong></span> <span class='ocrx_word' id='word_1_375' title='bbox 1168 3428 1467 3495; x_wconf 74' lang='lat' dir='ltr'><strong>accedens,</strong></span> <span class='ocrx_word' id='word_1_376' title='bbox 1527 3436 1726 3489; x_wconf 89' lang='lat' dir='ltr'><strong>oculos</strong></span> <span class='ocrx_word' id='word_1_377' title='bbox 1782 3441 1859 3492; x_wconf 84' lang='lat' dir='ltr'><strong>illi</strong></span> 
     </span>
    </p>
   </div>
   <div class='ocr_carea' id='block_1_51' title="bbox 203 3506 1859 3582">
    <p class='ocr_par' dir='ltr' id='par_1_51' title="bbox 203 3506 1859 3582">
     <span class='ocr_line' id='line_1_52' title="bbox 203 3506 1859 3582; baseline 0.014 -24"><span class='ocrx_word' id='word_1_378' title='bbox 203 3509 399 3559; x_wconf 85' lang='lat' dir='ltr'><strong>rostro</strong></span> <span class='ocrx_word' id='word_1_379' title='bbox 431 3506 702 3562; x_wconf 73' lang='lat' dir='ltr'><strong>effodere.</strong></span> <span class='ocrx_word' id='word_1_380' title='bbox 737 3510 819 3563; x_wconf 88' lang='lat' dir='ltr'><strong>Ad</strong></span> <span class='ocrx_word' id='word_1_381' title='bbox 842 3526 910 3563; x_wconf 90' lang='lat' dir='ltr'><strong>ea</strong></span> <span class='ocrx_word' id='word_1_382' title='bbox 944 3512 1075 3565; x_wconf 88' lang='lat' dir='ltr'><strong>thes</strong></span> <span class='ocrx_word' id='word_1_383' title='bbox 1105 3516 1351 3571; x_wconf 70' lang='lat' dir='ltr'><strong>vetulus:</strong></span> <span class='ocrx_word' id='word_1_384' title='bbox 1380 3519 1499 3574; x_wconf 86' lang='lat' dir='ltr'><strong>Non</strong></span> <span class='ocrx_word' id='word_1_385' title='bbox 1537 3521 1644 3577; x_wconf 87' lang='lat' dir='ltr'><strong>hoc</strong></span> <span class='ocrx_word' id='word_1_386' title='bbox 1676 3530 1859 3582; x_wconf 82' lang='lat' dir='ltr'><strong>tenta-</strong></span> 
     </span>
    </p>
   </div>
   <div class='ocr_carea' id='block_1_52' title="bbox 201 3594 1860 3673">
    <p class='ocr_par' dir='ltr' id='par_1_52' title="bbox 201 3594 1860 3673">
     <span class='ocr_line' id='line_1_53' title="bbox 201 3594 1860 3673; baseline 0.016 -26"><span class='ocrx_word' id='word_1_387' title='bbox 201 3594 557 3665; x_wconf 86' lang='lat' dir='ltr'><strong>bis,inquit,</strong></span> <span class='ocrx_word' id='word_1_388' title='bbox 583 3596 629 3650; x_wconf 88' lang='lat' dir='ltr'><strong>si</strong></span> <span class='ocrx_word' id='word_1_389' title='bbox 665 3613 757 3651; x_wconf 92' lang='lat' dir='ltr'><strong>me</strong></span> <span class='ocrx_word' id='word_1_390' title='bbox 790 3600 1013 3663; x_wconf 85' lang='lat' dir='ltr'><strong>audies;</strong></span> <span class='ocrx_word' id='word_1_391' title='bbox 1038 3618 1243 3657; x_wconf 56' lang='lat' dir='ltr'><strong>magno</strong></span> <span class='ocrx_word' id='word_1_392' title='bbox 1275 3606 1430 3661; x_wconf 92' lang='lat' dir='ltr'><strong>enim</strong></span> <span class='ocrx_word' id='word_1_393' title='bbox 1455 3611 1722 3669; x_wconf 89' lang='lat' dir='ltr'><strong>malotuo</strong></span> <span class='ocrx_word' id='word_1_394' title='bbox 1746 3622 1860 3673; x_wconf 84' lang='lat' dir='ltr'><strong>tcn-</strong></span> 
     </span>
    </p>
   </div>
   <div class='ocr_carea' id='block_1_53' title="bbox 204 3682 1862 3773">
    <p class='ocr_par' dir='ltr' id='par_1_53' title="bbox 204 3682 1862 3773">
     <span class='ocr_line' id='line_1_54' title="bbox 204 3682 1862 3773; baseline 0.017 -40"><span class='ocrx_word' id='word_1_395' title='bbox 204 3686 388 3736; x_wconf 88' lang='lat' dir='ltr'><strong>tares.</strong></span> <span class='ocrx_word' id='word_1_396' title='bbox 422 3682 492 3735; x_wconf 83' lang='lat' dir='ltr'><strong>Et;</strong></span> <span class='ocrx_word' id='word_1_397' title='bbox 529 3683 1041 3754; x_wconf 85' lang='lat' dir='ltr'><strong>vigilantissimus,</strong></span> <span class='ocrx_word' id='word_1_398' title='bbox 1093 3696 1146 3744; x_wconf 91' lang='lat' dir='ltr'><strong>et</strong></span> <span class='ocrx_word' id='word_1_399' title='bbox 1205 3694 1499 3763; x_wconf 75' lang='lat' dir='ltr'><strong>facillime,</strong></span> <span class='ocrx_word' id='word_1_400' title='bbox 1533 3701 1581 3755; x_wconf 89' lang='lat' dir='ltr'><strong>si</strong></span> <span class='ocrx_word' id='word_1_401' title='bbox 1627 3708 1862 3773; x_wconf 82' lang='lat' dir='ltr'><strong>quando</strong></span> 
     </span>
    </p>
   </div>
   <div class='ocr_carea' id='block_1_54' title="bbox 202 3771 1864 3865">
    <p class='ocr_par' dir='ltr' id='par_1_54' title="bbox 202 3771 1864 3865">
     <span class='ocr_line' id='line_1_55' title="bbox 202 3771 1864 3865; baseline 0.016 -42"><span class='ocrx_word' id='word_1_402' title='bbox 202 3771 534 3836; x_wconf 80' lang='lat' dir='ltr'><strong>conniveat,</strong></span> <span class='ocrx_word' id='word_1_403' title='bbox 572 3775 895 3831; x_wconf 86' lang='lat' dir='ltr'><strong>excitabilis</strong></span> <span class='ocrx_word' id='word_1_404' title='bbox 927 3779 1102 3833; x_wconf 89' lang='lat' dir='ltr'><strong>draco</strong></span> <span class='ocrx_word' id='word_1_405' title='bbox 1154 3786 1261 3849; x_wconf 83' lang='lat' dir='ltr'><strong>est,</strong></span> <span class='ocrx_word' id='word_1_406' title='bbox 1318 3784 1600 3858; x_wconf 86' lang='lat' dir='ltr'><strong>habetque</strong></span> <span class='ocrx_word' id='word_1_407' title='bbox 1633 3771 1864 3865; x_wconf 83' lang='lat' dir='ltr'><strong>semper</strong></span> 
     </span>
    </p>
   </div>
   <div class='ocr_carea' id='block_1_55' title="bbox 203 3860 1863 3940">
    <p class='ocr_par' dir='ltr' id='par_1_55' title="bbox 203 3860 1863 3940">
     <span class='ocr_line' id='line_1_56' title="bbox 203 3860 1863 3940; baseline 0.017 -28"><span class='ocrx_word' id='word_1_408' title='bbox 203 3860 267 3913; x_wconf 89' lang='lat' dir='ltr'><strong>in</strong></span> <span class='ocrx_word' id='word_1_409' title='bbox 297 3865 574 3931; x_wconf 89' lang='lat' dir='ltr'><strong>promptu</strong></span> <span class='ocrx_word' id='word_1_410' title='bbox 611 3879 774 3917; x_wconf 88' lang='lat' dir='ltr'><strong>arma</strong></span> <span class='ocrx_word' id='word_1_411' title='bbox 809 3866 986 3921; x_wconf 90' lang='lat' dir='ltr'><strong>nimis</strong></span> <span class='ocrx_word' id='word_1_412' title='bbox 1012 3870 1284 3939; x_wconf 87' lang='lat' dir='ltr'><strong>expedita</strong></span> <span class='ocrx_word' id='word_1_413' title='bbox 1316 3873 1370 3927; x_wconf 90' lang='lat' dir='ltr'><strong>in</strong></span> <span class='ocrx_word' id='word_1_414' title='bbox 1406 3880 1674 3936; x_wconf 89' lang='lat' dir='ltr'><strong>cominus</strong></span> <span class='ocrx_word' id='word_1_415' title='bbox 1708 3860 1863 3940; x_wconf 75' lang='lat' dir='ltr'><strong>acce-</strong></span> 
     </span>
    </p>
   </div>
   <div class='ocr_carea' id='block_1_56' title="bbox 194 3948 1859 4038">
    <p class='ocr_par' dir='ltr' id='par_1_56' title="bbox 194 3948 1859 4038">
     <span class='ocr_line' id='line_1_57' title="bbox 194 3948 1859 4038; baseline 0.015 -36"><span class='ocrx_word' id='word_1_416' title='bbox 194 3948 336 4003; x_wconf 88' lang='lat' dir='ltr'><strong>dere</strong></span> <span class='ocrx_word' id='word_1_417' title='bbox 355 3965 556 4014; x_wconf 84' lang='lat' dir='ltr'><strong>ausos,</strong></span> <span class='ocrx_word' id='word_1_418' title='bbox 591 3951 797 4007; x_wconf 87' lang='lat' dir='ltr'><strong>dentes</strong></span> <span class='ocrx_word' id='word_1_419' title='bbox 820 3959 877 4007; x_wconf 88' lang='lat' dir='ltr'><strong>et</strong></span> <span class='ocrx_word' id='word_1_420' title='bbox 906 3971 1216 4012; x_wconf 88' lang='lat' dir='ltr'><strong>venenum.</strong></span> <span class='ocrx_word' id='word_1_421' title='bbox 1248 3964 1587 4021; x_wconf 87' lang='lat' dir='ltr'><strong>Cumulares</strong></span> <span class='ocrx_word' id='word_1_422' title='bbox 1610 3986 1678 4038; x_wconf 79' lang='lat' dir='ltr'><strong>gr</strong></span> <span class='ocrx_word' id='word_1_423' title='bbox 1697 3972 1859 4028; x_wconf 65' lang='lat' dir='ltr'><strong>tviori</strong></span> 
     </span>
    </p>
   </div>
   <div class='ocr_carea' id='block_1_57' title="bbox 200 4037 1858 4129">
    <p class='ocr_par' dir='ltr' id='par_1_57' title="bbox 200 4037 1858 4129">
     <span class='ocr_line' id='line_1_58' title="bbox 200 4037 1858 4129; baseline 0.016 -39"><span class='ocrx_word' id='word_1_424' title='bbox 200 4043 308 4091; x_wconf 84' lang='lat' dir='ltr'><strong>tua</strong></span> <span class='ocrx_word' id='word_1_425' title='bbox 338 4037 504 4093; x_wconf 85' lang='lat' dir='ltr'><strong>clade</strong></span> <span class='ocrx_word' id='word_1_426' title='bbox 526 4040 793 4109; x_wconf 82' lang='lat' dir='ltr'><strong>jacturas</strong></span> <span class='ocrx_word' id='word_1_427' title='bbox 826 4044 1123 4112; x_wconf 77' lang='lat' dir='ltr'><strong>prioressi</strong></span> <span class='ocrx_word' id='word_1_428' title='bbox 1158 4054 1559 4119; x_wconf 69' lang='lat' dir='ltr'><strong>aggredereris</strong></span> <span class='ocrx_word' id='word_1_429' title='bbox 1586 4063 1737 4129; x_wconf 76' lang='lat' dir='ltr'><strong>qucd</strong></span> <span class='ocrx_word' id='word_1_430' title='bbox 1769 4065 1858 4117; x_wconf 86' lang='lat' dir='ltr'><strong>-li-</strong></span> 
     </span>
    </p>
   </div>
   <div class='ocr_carea' id='block_1_58' title="bbox 192 4128 1860 4221">
    <p class='ocr_par' dir='ltr' id='par_1_58' title="bbox 192 4128 1860 4221">
     <span class='ocr_line' id='line_1_59' title="bbox 192 4128 1860 4221; baseline 0.015 -40"><span class='ocrx_word' id='word_1_431' title='bbox 192 4128 306 4182; x_wconf 88' lang='lat' dir='ltr'><strong>cis.</strong></span> <span class='ocrx_word' id='word_1_432' title='bbox 344 4130 536 4193; x_wconf 83' lang='lat' dir='ltr'><strong>Quare</strong></span> <span class='ocrx_word' id='word_1_433' title='bbox 564 4132 744 4184; x_wconf 85' lang='lat' dir='ltr'><strong>aliam</strong></span> <span class='ocrx_word' id='word_1_434' title='bbox 779 4149 989 4189; x_wconf 79' lang='lat' dir='ltr'><strong>censeo</strong></span> <span class='ocrx_word' id='word_1_435' title='bbox 1017 4137 1299 4194; x_wconf 80' lang='lat' dir='ltr'><strong>adhibeas</strong></span> <span class='ocrx_word' id='word_1_436' title='bbox 1356 4128 1709 4204; x_wconf 81' lang='lat' dir='ltr'><strong>machinam.</strong></span> <span class='ocrx_word' id='word_1_437' title='bbox 1744 4168 1860 4221; x_wconf 88' lang='lat' dir='ltr'><strong>qua</strong></span> 
     </span>
    </p>
   </div>
   <div class='ocr_carea' id='block_1_59' title="bbox 192 4216 1856 4311">
    <p class='ocr_par' dir='ltr' id='par_1_59' title="bbox 192 4216 1856 4311">
     <span class='ocr_line' id='line_1_60' title="bbox 192 4216 1856 4311; baseline 0.014 -40"><span class='ocrx_word' id='word_1_438' title='bbox 192 4216 427 4272; x_wconf 86' lang='lat' dir='ltr'><strong>hostem</strong></span> <span class='ocrx_word' id='word_1_439' title='bbox 467 4235 669 4288; x_wconf 84' lang='lat' dir='ltr'><strong>queas,</strong></span> <span class='ocrx_word' id='word_1_440' title='bbox 721 4222 866 4275; x_wconf 86' lang='lat' dir='ltr'><strong>citra</strong></span> <span class='ocrx_word' id='word_1_441' title='bbox 913 4227 1070 4280; x_wconf 85' lang='lat' dir='ltr'><strong>tuam</strong></span> <span class='ocrx_word' id='word_1_442' title='bbox 1118 4228 1305 4299; x_wconf 89' lang='lat' dir='ltr'><strong>ipsius</strong></span> <span class='ocrx_word' id='word_1_443' title='bbox 1354 4235 1692 4303; x_wconf 78' lang='lat' dir='ltr'><strong>perniciem,</strong></span> <span class='ocrx_word' id='word_1_444' title='bbox 1730 4258 1856 4311; x_wconf 85' lang='lat' dir='ltr'><strong>pcr-</strong></span> 
     </span>
    </p>
   </div>
   <div class='ocr_carea' id='block_1_60' title="bbox 193 4307 1854 4385">
    <p class='ocr_par' dir='ltr' id='par_1_60' title="bbox 193 4307 1854 4385">
     <span class='ocr_line' id='line_1_61' title="bbox 193 4307 1854 4385; baseline 0.015 -25"><span class='ocrx_word' id='word_1_445' title='bbox 193 4307 357 4373; x_wconf 88' lang='lat' dir='ltr'><strong>dere,</strong></span> <span class='ocrx_word' id='word_1_446' title='bbox 395 4322 463 4361; x_wconf 88' lang='lat' dir='ltr'><strong>ne</strong></span> <span class='ocrx_word' id='word_1_447' title='bbox 496 4308 736 4379; x_wconf 87' lang='lat' dir='ltr'><strong>patiaris</strong></span> <span class='ocrx_word' id='word_1_448' title='bbox 770 4313 925 4380; x_wconf 86' lang='lat' dir='ltr'><strong>quod</strong></span> <span class='ocrx_word' id='word_1_449' title='bbox 961 4330 1139 4385; x_wconf 78' lang='lat' dir='ltr'><strong>cycno</strong></span> <span class='ocrx_word' id='word_1_450' title='bbox 1164 4320 1426 4383; x_wconf 67' lang='lat' dir='ltr'><strong>contigit.</strong></span> <span class='ocrx_word' id='word_1_451' title='bbox 1458 4324 1670 4381; x_wconf 77' lang='lat' dir='ltr'><strong>Ferunt</strong></span> <span class='ocrx_word' id='word_1_452' title='bbox 1701 4307 1854 4385; x_wconf 67' lang='lat' dir='ltr'><strong>enim</strong></span> 
     </span>
    </p>
   </div>
   <div class='ocr_carea' id='block_1_61' title="bbox 194 4401 1853 4484">
    <p class='ocr_par' dir='ltr' id='par_1_61' title="bbox 194 4401 1853 4484">
     <span class='ocr_line' id='line_1_62' title="bbox 194 4401 1853 4484; baseline 0.014 -36"><span class='ocrx_word' id='word_1_453' title='bbox 194 4412 449 4466; x_wconf 79' lang='lat' dir='ltr'><strong>cycnum</strong></span> <span class='ocrx_word' id='word_1_454' title='bbox 486 4401 806 4468; x_wconf 86' lang='lat' dir='ltr'><strong>quemdam</strong></span> <span class='ocrx_word' id='word_1_455' title='bbox 834 4402 1145 4459; x_wconf 87' lang='lat' dir='ltr'><strong>stationem</strong></span> <span class='ocrx_word' id='word_1_456' title='bbox 1181 4406 1459 4465; x_wconf 86' lang='lat' dir='ltr'><strong>habuisse</strong></span> <span class='ocrx_word' id='word_1_457' title='bbox 1492 4430 1853 4484; x_wconf 87' lang='lat' dir='ltr'><strong>percommo-</strong></span> 
     </span>
    </p>
   </div>
   <div class='ocr_carea' id='block_1_62' title="bbox 193 4485 1858 4577">
    <p class='ocr_par' dir='ltr' id='par_1_62' title="bbox 193 4485 1858 4577">
     <span class='ocr_line' id='line_1_63' title="bbox 193 4485 1858 4577; baseline 0.015 -39"><span class='ocrx_word' id='word_1_458' title='bbox 193 4485 333 4539; x_wconf 88' lang='lat' dir='ltr'><strong>dam</strong></span> <span class='ocrx_word' id='word_1_459' title='bbox 362 4502 540 4556; x_wconf 88' lang='lat' dir='ltr'><strong>prope</strong></span> <span class='ocrx_word' id='word_1_460' title='bbox 559 4492 831 4550; x_wconf 58' lang='lat' dir='ltr'><strong>stagnum</strong></span> <span class='ocrx_word' id='word_1_461' title='bbox 855 4490 1086 4560; x_wconf 88' lang='lat' dir='ltr'><strong>plenum</strong></span> <span class='ocrx_word' id='word_1_462' title='bbox 1112 4495 1647 4571; x_wconf 80' lang='lat' dir='ltr'><strong>piscibus,quorum</strong></span> <span class='ocrx_word' id='word_1_463' title='bbox 1669 4511 1858 4577; x_wconf 75' lang='lat' dir='ltr'><strong>prmda</strong></span> 
     </span>
    </p>
   </div>
   <div class='ocr_carea' id='block_1_63' title="bbox 193 4574 1852 4658">
    <p class='ocr_par' dir='ltr' id='par_1_63' title="bbox 193 4574 1852 4658">
     <span class='ocr_line' id='line_1_64' title="bbox 193 4574 1852 4658; baseline 0.015 -31"><span class='ocrx_word' id='word_1_464' title='bbox 193 4574 546 4644; x_wconf 85' lang='lat' dir='ltr'><strong>quotidiana</strong></span> <span class='ocrx_word' id='word_1_465' title='bbox 576 4576 715 4631; x_wconf 84' lang='lat' dir='ltr'><strong>vixit</strong></span> <span class='ocrx_word' id='word_1_466' title='bbox 746 4580 815 4632; x_wconf 90' lang='lat' dir='ltr'><strong>ad</strong></span> <span class='ocrx_word' id='word_1_467' title='bbox 850 4587 1213 4639; x_wconf 86' lang='lat' dir='ltr'><strong>senectutem</strong></span> <span class='ocrx_word' id='word_1_468' title='bbox 1248 4603 1433 4658; x_wconf 86' lang='lat' dir='ltr'><strong>usque</strong></span> <span class='ocrx_word' id='word_1_469' title='bbox 1485 4574 1852 4658; x_wconf 68' lang='lat' dir='ltr'><strong>lautissima;</strong></span> 
     </span>
    </p>
   </div>
   <div class='ocr_carea' id='block_1_64' title="bbox 1983 1978 3628 2053">
    <p class='ocr_par' dir='ltr' id='par_1_64' title="bbox 1983 1978 3628 2053">
     <span class='ocr_line' id='line_1_65' title="bbox 1983 1978 3628 2053; baseline 0.012 -27"><span class='ocrx_word' id='word_1_470' title='bbox 1983 1992 2102 2042; x_wconf 75' lang='lat' dir='ltr'><strong>nos,</strong></span> <span class='ocrx_word' id='word_1_471' title='bbox 2142 1978 2346 2032; x_wconf 78' lang='lat' dir='ltr'><strong>exhibe</strong></span> <span class='ocrx_word' id='word_1_472' title='bbox 2380 1980 2529 2048; x_wconf 87' lang='lat' dir='ltr'><strong>quod</strong></span> <span class='ocrx_word' id='word_1_473' title='bbox 2565 1980 2759 2045; x_wconf 72' lang='lat' dir='ltr'><strong>offers,</strong></span> <span class='ocrx_word' id='word_1_474' title='bbox 2821 2001 3041 2053; x_wconf 88' lang='lat' dir='ltr'><strong>nosque</strong></span> <span class='ocrx_word' id='word_1_475' title='bbox 3095 1986 3228 2040; x_wconf 87' lang='lat' dir='ltr'><strong>hinc</strong></span> <span class='ocrx_word' id='word_1_476' title='bbox 3289 2005 3508 2043; x_wconf 81' lang='lat' dir='ltr'><strong>amove.</strong></span> <span class='ocrx_word' id='word_1_477' title='bbox 3566 1993 3628 2046; x_wconf 81' lang='lat' dir='ltr'><strong>Et</strong></span> 
     </span>
    </p>
   </div>
   <div class='ocr_carea' id='block_1_65' title="bbox 1979 2064 3627 2143">
    <p class='ocr_par' dir='ltr' id='par_1_65' title="bbox 1979 2064 3627 2143">
     <span class='ocr_line' id='line_1_66' title="bbox 1979 2064 3627 2143; baseline 0.01 -26"><span class='ocrx_word' id='word_1_478' title='bbox 1979 2064 2093 2119; x_wconf 86' lang='lat' dir='ltr'><strong>illc:</strong></span> <span class='ocrx_word' id='word_1_479' title='bbox 2123 2066 2333 2120; x_wconf 60' lang='grc' dir='ltr'><strong>νει-(σοι-</strong></span> <span class='ocrx_word' id='word_1_480' title='bbox 2363 2070 2598 2138; x_wconf 89' lang='lat' dir='ltr'><strong>quidem</strong></span> <span class='ocrx_word' id='word_1_481' title='bbox 2637 2077 2701 2124; x_wconf 87' lang='lat' dir='ltr'><strong>ut</strong></span> <span class='ocrx_word' id='word_1_482' title='bbox 2732 2089 2845 2126; x_wconf 92' lang='lat' dir='ltr'><strong>non</strong></span> <span class='ocrx_word' id='word_1_483' title='bbox 2880 2090 3076 2128; x_wconf 85' lang='lat' dir='ltr'><strong>serum</strong></span> <span class='ocrx_word' id='word_1_484' title='bbox 3111 2076 3389 2131; x_wconf 79' lang='lat' dir='ltr'><strong>auxilium</strong></span> <span class='ocrx_word' id='word_1_485' title='bbox 3417 2079 3513 2143; x_wconf 74' lang='lat' dir='ltr'><strong>sit,</strong></span> <span class='ocrx_word' id='word_1_486' title='bbox 3546 2079 3627 2135; x_wconf 88' lang='lat' dir='ltr'><strong>ita</strong></span> 
     </span>
    </p>
   </div>
   <div class='ocr_carea' id='block_1_66' title="bbox 1980 2154 3626 2234">
    <p class='ocr_par' dir='ltr' id='par_1_66' title="bbox 1980 2154 3626 2234">
     <span class='ocr_line' id='line_1_67' title="bbox 1980 2154 3626 2234; baseline 0.01 -27"><span class='ocrx_word' id='word_1_487' title='bbox 1980 2154 2255 2212; x_wconf 73' lang='lat' dir='ltr'><strong>festinare</strong></span> <span class='ocrx_word' id='word_1_488' title='bbox 2292 2159 2606 2229; x_wconf 81' lang='lat' dir='ltr'><strong>piscatores</strong></span> <span class='ocrx_word' id='word_1_489' title='bbox 2638 2162 2824 2217; x_wconf 88' lang='lat' dir='ltr'><strong>video:</strong></span> <span class='ocrx_word' id='word_1_490' title='bbox 2859 2168 3053 2219; x_wconf 86' lang='lat' dir='ltr'><strong>tamen</strong></span> <span class='ocrx_word' id='word_1_491' title='bbox 3086 2183 3185 2234; x_wconf 84' lang='lat' dir='ltr'><strong>pro</strong></span> <span class='ocrx_word' id='word_1_492' title='bbox 3212 2168 3358 2221; x_wconf 86' lang='lat' dir='ltr'><strong>virili</strong></span> <span class='ocrx_word' id='word_1_493' title='bbox 3394 2175 3626 2225; x_wconf 84' lang='lat' dir='ltr'><strong>conten-</strong></span> 
     </span>
    </p>
   </div>
   <div class='ocr_carea' id='block_1_67' title="bbox 1977 2245 3621 2325">
    <p class='ocr_par' dir='ltr' id='par_1_67' title="bbox 1977 2245 3621 2325">
     <span class='ocr_line' id='line_1_68' title="bbox 1977 2245 3621 2325; baseline 0.009 -27"><span class='ocrx_word' id='word_1_494' title='bbox 1977 2245 2132 2299; x_wconf 91' lang='lat' dir='ltr'><strong>dam.</strong></span> <span class='ocrx_word' id='word_1_495' title='bbox 2169 2248 2266 2301; x_wconf 88' lang='lat' dir='ltr'><strong>llis</strong></span> <span class='ocrx_word' id='word_1_496' title='bbox 2290 2249 2461 2303; x_wconf 84' lang='lat' dir='ltr'><strong>dictis</strong></span> <span class='ocrx_word' id='word_1_497' title='bbox 2496 2250 2741 2321; x_wconf 88' lang='lat' dir='ltr'><strong>piscium</strong></span> <span class='ocrx_word' id='word_1_498' title='bbox 2776 2253 3004 2323; x_wconf 81' lang='lat' dir='ltr'><strong>aliquos</strong></span> <span class='ocrx_word' id='word_1_499' title='bbox 3036 2256 3321 2325; x_wconf 81' lang='lat' dir='ltr'><strong>majorum</strong></span> <span class='ocrx_word' id='word_1_500' title='bbox 3359 2260 3621 2313; x_wconf 83' lang='lat' dir='ltr'><strong>certatim</strong></span> 
     </span>
    </p>
   </div>
   <div class='ocr_carea' id='block_1_68' title="bbox 1977 2339 3619 2415">
    <p class='ocr_par' dir='ltr' id='par_1_68' title="bbox 1977 2339 3619 2415">
     <span class='ocr_line' id='line_1_69' title="bbox 1977 2339 3619 2415; baseline 0.008 -26"><span class='ocrx_word' id='word_1_501' title='bbox 1977 2352 2039 2389; x_wconf 87' lang='lat' dir='ltr'><strong>se</strong></span> <span class='ocrx_word' id='word_1_502' title='bbox 2079 2339 2398 2405; x_wconf 61' lang='lat' dir='ltr'><strong>prementes</strong></span> <span class='ocrx_word' id='word_1_503' title='bbox 2444 2339 2712 2410; x_wconf 83' lang='lat' dir='ltr'><strong>arripuit,</strong></span> <span class='ocrx_word' id='word_1_504' title='bbox 2777 2346 3055 2413; x_wconf 82' lang='lat' dir='ltr'><strong>tanquam</strong></span> <span class='ocrx_word' id='word_1_505' title='bbox 3120 2346 3531 2415; x_wconf 62' lang='lat' dir='ltr'><strong>deportaturus</strong></span> <span class='ocrx_word' id='word_1_506' title='bbox 3562 2348 3619 2402; x_wconf 90' lang='lat' dir='ltr'><strong>in</strong></span> 
     </span>
    </p>
   </div>
   <div class='ocr_carea' id='block_1_69' title="bbox 1977 2427 3622 2504">
    <p class='ocr_par' dir='ltr' id='par_1_69' title="bbox 1977 2427 3622 2504">
     <span class='ocr_line' id='line_1_70' title="bbox 1977 2427 3622 2504; baseline 0.009 -27"><span class='ocrx_word' id='word_1_507' title='bbox 1977 2427 2329 2495; x_wconf 84' lang='lat' dir='ltr'><strong>promissum</strong></span> <span class='ocrx_word' id='word_1_508' title='bbox 2356 2433 2654 2495; x_wconf 68' lang='lat' dir='ltr'><strong>stagnum;</strong></span> <span class='ocrx_word' id='word_1_509' title='bbox 2676 2447 2771 2483; x_wconf 78' lang='lat' dir='ltr'><strong>cos</strong></span> <span class='ocrx_word' id='word_1_510' title='bbox 2805 2437 3021 2498; x_wconf 82' lang='lat' dir='ltr'><strong>autem,</strong></span> <span class='ocrx_word' id='word_1_511' title='bbox 3049 2433 3219 2486; x_wconf 86' lang='lat' dir='ltr'><strong>simul</strong></span> <span class='ocrx_word' id='word_1_512' title='bbox 3247 2454 3277 2488; x_wconf 88' lang='lat' dir='ltr'><strong>a</strong></span> <span class='ocrx_word' id='word_1_513' title='bbox 3309 2442 3622 2504; x_wconf 77' lang='lat' dir='ltr'><strong>conspectu</strong></span> 
     </span>
    </p>
   </div>
   <div class='ocr_carea' id='block_1_70' title="bbox 1975 2516 3624 2594">
    <p class='ocr_par' dir='ltr' id='par_1_70' title="bbox 1975 2516 3624 2594">
     <span class='ocr_line' id='line_1_71' title="bbox 1975 2516 3624 2594; baseline 0.01 -31"><span class='ocrx_word' id='word_1_514' title='bbox 1975 2516 2275 2579; x_wconf 54' lang='lat' dir='ltr'><strong>abscessit,</strong></span> <span class='ocrx_word' id='word_1_515' title='bbox 2301 2516 2355 2569; x_wconf 83' lang='lat' dir='ltr'><strong>in</strong></span> <span class='ocrx_word' id='word_1_516' title='bbox 2389 2516 2509 2571; x_wconf 73' lang='lat' dir='ltr'><strong>loco</strong></span> <span class='ocrx_word' id='word_1_517' title='bbox 2537 2522 2775 2572; x_wconf 79' lang='lat' dir='ltr'><strong>seducto</strong></span> <span class='ocrx_word' id='word_1_518' title='bbox 2798 2520 3110 2575; x_wconf 79' lang='lat' dir='ltr'><strong>devoravit.</strong></span> <span class='ocrx_word' id='word_1_519' title='bbox 3147 2524 3293 2577; x_wconf 85' lang='lat' dir='ltr'><strong>&#39;l‘oiu</strong></span> <span class='ocrx_word' id='word_1_520' title='bbox 3331 2527 3495 2594; x_wconf 79' lang='lat' dir='ltr'><strong>quasi</strong></span> <span class='ocrx_word' id='word_1_521' title='bbox 3523 2544 3624 2589; x_wconf 65' lang='lat' dir='ltr'><strong>ge-</strong></span> 
     </span>
    </p>
   </div>
   <div class='ocr_carea' id='block_1_71' title="bbox 1976 2605 3623 2684">
    <p class='ocr_par' dir='ltr' id='par_1_71' title="bbox 1976 2605 3623 2684">
     <span class='ocr_line' id='line_1_72' title="bbox 1976 2605 3623 2684; baseline 0.011 -33"><span class='ocrx_word' id='word_1_522' title='bbox 1976 2605 2224 2659; x_wconf 75' lang='lat' dir='ltr'><strong>statione</strong></span> <span class='ocrx_word' id='word_1_523' title='bbox 2247 2607 2584 2675; x_wconf 73' lang='lat' dir='ltr'><strong>pcrfunctns</strong></span> <span class='ocrx_word' id='word_1_524' title='bbox 2609 2607 2755 2662; x_wconf 87' lang='lat' dir='ltr'><strong>alios</strong></span> <span class='ocrx_word' id='word_1_525' title='bbox 2771 2608 3623 2684; x_wconf 74' lang='lat' dir='ltr'><strong>aliosquesiniilitcrsuu-cbat,</strong></span> 
     </span>
    </p>
   </div>
   <div class='ocr_carea' id='block_1_72' title="bbox 1975 2693 3623 2773">
    <p class='ocr_par' dir='ltr' id='par_1_72' title="bbox 1975 2693 3623 2773">
     <span class='ocr_line' id='line_1_73' title="bbox 1975 2693 3623 2773; baseline 0.007 -28"><span class='ocrx_word' id='word_1_526' title='bbox 1975 2693 2246 2747; x_wconf 75' lang='lat' dir='ltr'><strong>similiter</strong></span> <span class='ocrx_word' id='word_1_527' title='bbox 2276 2696 2642 2761; x_wconf 75' lang='lat' dir='ltr'><strong>absumebat,</strong></span> <span class='ocrx_word' id='word_1_528' title='bbox 2669 2699 2913 2751; x_wconf 71' lang='lat' dir='ltr'><strong>subinde</strong></span> <span class='ocrx_word' id='word_1_529' title='bbox 2939 2700 3191 2754; x_wconf 80' lang='lat' dir='ltr'><strong>rediens.</strong></span> <span class='ocrx_word' id='word_1_530' title='bbox 3212 2702 3371 2755; x_wconf 84' lang='lat' dir='ltr'><strong>&#39;l‘unc</strong></span> <span class='ocrx_word' id='word_1_531' title='bbox 3396 2721 3623 2773; x_wconf 80' lang='lat' dir='ltr'><strong>cancer,</strong></span> 
     </span>
    </p>
   </div>
   <div class='ocr_carea' id='block_1_73' title="bbox 1976 2782 3624 2863">
    <p class='ocr_par' dir='ltr' id='par_1_73' title="bbox 1976 2782 3624 2863">
     <span class='ocr_line' id='line_1_74' title="bbox 1976 2782 3624 2863; baseline 0.004 -28"><span class='ocrx_word' id='word_1_532' title='bbox 1976 2782 2332 2851; x_wconf 65' lang='lat' dir='ltr'><strong>multisjam,</strong></span> <span class='ocrx_word' id='word_1_533' title='bbox 2362 2789 2423 2837; x_wconf 86' lang='lat' dir='ltr'><strong>ut</strong></span> <span class='ocrx_word' id='word_1_534' title='bbox 2448 2788 2712 2854; x_wconf 76' lang='lat' dir='ltr'><strong>putabat,</strong></span> <span class='ocrx_word' id='word_1_535' title='bbox 2734 2786 2790 2839; x_wconf 89' lang='lat' dir='ltr'><strong>in</strong></span> <span class='ocrx_word' id='word_1_536' title='bbox 2817 2792 3007 2841; x_wconf 90' lang='lat' dir='ltr'><strong>tutum</strong></span> <span class='ocrx_word' id='word_1_537' title='bbox 3031 2790 3452 2854; x_wconf 82' lang='lat' dir='ltr'><strong>subdurtis,soi</strong></span> <span class='ocrx_word' id='word_1_538' title='bbox 3478 2809 3624 2863; x_wconf 84' lang='lat' dir='ltr'><strong>quo-</strong></span> 
     </span>
    </p>
   </div>
   <div class='ocr_carea' id='block_1_74' title="bbox 1975 2872 3623 2940">
    <p class='ocr_par' dir='ltr' id='par_1_74' title="bbox 1975 2872 3623 2940">
     <span class='ocr_line' id='line_1_75' title="bbox 1975 2872 3623 2940; baseline 0.008 -18"><span class='ocrx_word' id='word_1_539' title='bbox 1975 2887 2105 2940; x_wconf 67' lang='lat' dir='ltr'><strong>que,</strong></span> <span class='ocrx_word' id='word_1_540' title='bbox 2140 2872 2235 2940; x_wconf 89' lang='lat' dir='ltr'><strong>qui</strong></span> <span class='ocrx_word' id='word_1_541' title='bbox 2268 2889 2444 2925; x_wconf 60' lang='lat' dir='ltr'><strong>caus:</strong></span> <span class='ocrx_word' id='word_1_542' title='bbox 2468 2874 2690 2926; x_wconf 69' lang='lat' dir='ltr'><strong>czetcris</strong></span> <span class='ocrx_word' id='word_1_543' title='bbox 2721 2874 2984 2930; x_wconf 74' lang='lat' dir='ltr'><strong>beneficii</strong></span> <span class='ocrx_word' id='word_1_544' title='bbox 3048 2879 3272 2932; x_wconf 72' lang='lat' dir='ltr'><strong>fuisset.</strong></span> <span class='ocrx_word' id='word_1_545' title='bbox 3339 2880 3623 2935; x_wconf 72' lang='lat' dir='ltr'><strong>rationem</strong></span> 
     </span>
    </p>
   </div>
   <div class='ocr_carea' id='block_1_75' title="bbox 1975 2960 3620 3037">
    <p class='ocr_par' dir='ltr' id='par_1_75' title="bbox 1975 2960 3620 3037">
     <span class='ocr_line' id='line_1_76' title="bbox 1975 2960 3620 3037; baseline 0.007 -24"><span class='ocrx_word' id='word_1_546' title='bbox 1975 2960 2474 3032; x_wconf 61' lang='lat' dir='ltr'><strong>haberi,cyenum</strong></span> <span class='ocrx_word' id='word_1_547' title='bbox 2512 2980 2743 3029; x_wconf 68' lang='lat' dir='ltr'><strong>rogans,</strong></span> <span class='ocrx_word' id='word_1_548' title='bbox 2799 2966 2987 3036; x_wconf 83' lang='lat' dir='ltr'><strong>petiit.</strong></span> <span class='ocrx_word' id='word_1_549' title='bbox 3052 2967 3163 3021; x_wconf 83' lang='lat' dir='ltr'><strong>Nec</strong></span> <span class='ocrx_word' id='word_1_550' title='bbox 3226 2968 3318 3022; x_wconf 82' lang='lat' dir='ltr'><strong>ille</strong></span> <span class='ocrx_word' id='word_1_551' title='bbox 3379 2970 3620 3037; x_wconf 82' lang='lat' dir='ltr'><strong>abnuit;</strong></span> 
     </span>
    </p>
   </div>
   <div class='ocr_carea' id='block_1_76' title="bbox 1973 3051 3621 3122">
    <p class='ocr_par' dir='ltr' id='par_1_76' title="bbox 1973 3051 3621 3122">
     <span class='ocr_line' id='line_1_77' title="bbox 1973 3051 3621 3122; baseline 0.008 -24"><span class='ocrx_word' id='word_1_552' title='bbox 1973 3051 2297 3121; x_wconf 81' lang='lat' dir='ltr'><strong>deportavit</strong></span> <span class='ocrx_word' id='word_1_553' title='bbox 2328 3058 2524 3105; x_wconf 82' lang='lat' dir='ltr'><strong>autem</strong></span> <span class='ocrx_word' id='word_1_554' title='bbox 2559 3058 2615 3107; x_wconf 82' lang='lat' dir='ltr'><strong>et</strong></span> <span class='ocrx_word' id='word_1_555' title='bbox 2650 3053 2810 3107; x_wconf 87' lang='lat' dir='ltr'><strong>illum</strong></span> <span class='ocrx_word' id='word_1_556' title='bbox 2856 3054 2911 3107; x_wconf 89' lang='lat' dir='ltr'><strong>in</strong></span> <span class='ocrx_word' id='word_1_557' title='bbox 2949 3056 3253 3111; x_wconf 87' lang='lat' dir='ltr'><strong>macellum</strong></span> <span class='ocrx_word' id='word_1_558' title='bbox 3293 3076 3490 3122; x_wconf 73' lang='lat' dir='ltr'><strong>suum,</strong></span> <span class='ocrx_word' id='word_1_559' title='bbox 3526 3060 3621 3113; x_wconf 90' lang='lat' dir='ltr'><strong>ubi</strong></span> 
     </span>
    </p>
   </div>
   <div class='ocr_carea' id='block_1_77' title="bbox 1975 3139 3622 3219">
    <p class='ocr_par' dir='ltr' id='par_1_77' title="bbox 1975 3139 3622 3219">
     <span class='ocr_line' id='line_1_78' title="bbox 1975 3139 3622 3219; baseline 0.007 -27"><span class='ocrx_word' id='word_1_560' title='bbox 1975 3139 2220 3209; x_wconf 53' lang='lat' dir='ltr'><strong>piscium</strong></span> <span class='ocrx_word' id='word_1_561' title='bbox 2260 3142 2473 3211; x_wconf 85' lang='lat' dir='ltr'><strong>pcrtide</strong></span> <span class='ocrx_word' id='word_1_562' title='bbox 2505 3143 2577 3194; x_wconf 88' lang='lat' dir='ltr'><strong>ab</strong></span> <span class='ocrx_word' id='word_1_563' title='bbox 2604 3142 2699 3195; x_wconf 82' lang='lat' dir='ltr'><strong>illo</strong></span> <span class='ocrx_word' id='word_1_564' title='bbox 2724 3150 3114 3200; x_wconf 83' lang='lat' dir='ltr'><strong>comestorum</strong></span> <span class='ocrx_word' id='word_1_565' title='bbox 3143 3151 3337 3201; x_wconf 66' lang='lat' dir='ltr'><strong>tristes</strong></span> <span class='ocrx_word' id='word_1_566' title='bbox 3364 3148 3622 3219; x_wconf 66' lang='lat' dir='ltr'><strong>reliquiae</strong></span> 
     </span>
    </p>
   </div>
   <div class='ocr_carea' id='block_1_78' title="bbox 1966 3230 3625 3307">
    <p class='ocr_par' dir='ltr' id='par_1_78' title="bbox 1966 3230 3625 3307">
     <span class='ocr_line' id='line_1_79' title="bbox 1966 3230 3625 3307; baseline 0.006 -25"><span class='ocrx_word' id='word_1_567' title='bbox 1966 3230 2260 3299; x_wconf 81' lang='lat' dir='ltr'><strong>jacebant,</strong></span> <span class='ocrx_word' id='word_1_568' title='bbox 2279 3248 2343 3284; x_wconf 84' lang='lat' dir='ltr'><strong>ac</strong></span> <span class='ocrx_word' id='word_1_569' title='bbox 2367 3231 2832 3285; x_wconf 76' lang='lat' dir='ltr'><strong>dissimulatione</strong></span> <span class='ocrx_word' id='word_1_570' title='bbox 2854 3233 3119 3300; x_wconf 71' lang='lat' dir='ltr'><strong>dimissa,</strong></span> <span class='ocrx_word' id='word_1_571' title='bbox 3145 3253 3205 3289; x_wconf 84' lang='lat' dir='ltr'><strong>se</strong></span> <span class='ocrx_word' id='word_1_572' title='bbox 3229 3240 3292 3288; x_wconf 81' lang='lat' dir='ltr'><strong>ad</strong></span> <span class='ocrx_word' id='word_1_573' title='bbox 3318 3253 3449 3291; x_wconf 83' lang='lat' dir='ltr'><strong>cum</strong></span> <span class='ocrx_word' id='word_1_574' title='bbox 3477 3254 3625 3307; x_wconf 79' lang='lat' dir='ltr'><strong>quo-</strong></span> 
     </span>
    </p>
   </div>
   <div class='ocr_carea' id='block_1_79' title="bbox 1895 3294 3618 3394">
    <p class='ocr_par' dir='ltr' id='par_1_79' title="bbox 1895 3294 3618 3394">
     <span class='ocr_line' id='line_1_80' title="bbox 1895 3294 3618 3394; baseline 0.006 -24"><span class='ocrx_word' id='word_1_575' title='bbox 1895 3294 1935 3358; x_wconf 73' lang='lat' dir='ltr'>C</span> <span class='ocrx_word' id='word_1_576' title='bbox 1974 3336 2086 3389; x_wconf 88' lang='lat' dir='ltr'><strong>quc</strong></span> <span class='ocrx_word' id='word_1_577' title='bbox 2119 3320 2442 3372; x_wconf 88' lang='lat' dir='ltr'><strong>vorandum</strong></span> <span class='ocrx_word' id='word_1_578' title='bbox 2476 3320 2747 3375; x_wconf 80' lang='lat' dir='ltr'><strong>accinxit.</strong></span> <span class='ocrx_word' id='word_1_579' title='bbox 2780 3322 3038 3376; x_wconf 80' lang='lat' dir='ltr'><strong>Territus</strong></span> <span class='ocrx_word' id='word_1_580' title='bbox 3071 3340 3278 3378; x_wconf 81' lang='lat' dir='ltr'><strong>cancer</strong></span> <span class='ocrx_word' id='word_1_581' title='bbox 3308 3330 3365 3379; x_wconf 88' lang='lat' dir='ltr'><strong>et</strong></span> <span class='ocrx_word' id='word_1_582' title='bbox 3396 3333 3618 3394; x_wconf 86' lang='lat' dir='ltr'><strong>specta-</strong></span> 
     </span>
    </p>
   </div>
   <div class='ocr_carea' id='block_1_80' title="bbox 1972 3407 3622 3479">
    <p class='ocr_par' dir='ltr' id='par_1_80' title="bbox 1972 3407 3622 3479">
     <span class='ocr_line' id='line_1_81' title="bbox 1972 3407 3622 3479; baseline 0.005 -20"><span class='ocrx_word' id='word_1_583' title='bbox 1972 3410 2100 3461; x_wconf 87' lang='lat' dir='ltr'><strong>culo</strong></span> <span class='ocrx_word' id='word_1_584' title='bbox 2132 3414 2188 3461; x_wconf 83' lang='lat' dir='ltr'><strong>ct</strong></span> <span class='ocrx_word' id='word_1_585' title='bbox 2235 3407 2489 3479; x_wconf 82' lang='lat' dir='ltr'><strong>periculo</strong></span> <span class='ocrx_word' id='word_1_586' title='bbox 2543 3408 3052 3479; x_wconf 77' lang='lat' dir='ltr'><strong>inopinatissimis,</strong></span> <span class='ocrx_word' id='word_1_587' title='bbox 3088 3418 3280 3467; x_wconf 87' lang='lat' dir='ltr'><strong>tamen</strong></span> <span class='ocrx_word' id='word_1_588' title='bbox 3317 3416 3622 3468; x_wconf 80' lang='lat' dir='ltr'><strong>Constituit</strong></span> 
     </span>
    </p>
   </div>
   <div class='ocr_carea' id='block_1_81' title="bbox 1973 3497 3623 3561">
    <p class='ocr_par' dir='ltr' id='par_1_81' title="bbox 1973 3497 3623 3561">
     <span class='ocr_line' id='line_1_82' title="bbox 1973 3497 3623 3561; baseline 0.004 -11"><span class='ocrx_word' id='word_1_589' title='bbox 1973 3514 2086 3551; x_wconf 88' lang='lat' dir='ltr'><strong>non</strong></span> <span class='ocrx_word' id='word_1_590' title='bbox 2122 3498 2324 3551; x_wconf 83' lang='lat' dir='ltr'><strong>deesse</strong></span> <span class='ocrx_word' id='word_1_591' title='bbox 2356 3497 2491 3561; x_wconf 74' lang='lat' dir='ltr'><strong>Sibi,</strong></span> <span class='ocrx_word' id='word_1_592' title='bbox 2524 3515 2625 3551; x_wconf 86' lang='lat' dir='ltr'><strong>nec</strong></span> <span class='ocrx_word' id='word_1_593' title='bbox 2657 3498 2713 3552; x_wconf 91' lang='lat' dir='ltr'><strong>in</strong></span> <span class='ocrx_word' id='word_1_594' title='bbox 2750 3499 3233 3556; x_wconf 85' lang='lat' dir='ltr'><strong>miserriuialicet</strong></span> <span class='ocrx_word' id='word_1_595' title='bbox 3255 3504 3623 3558; x_wconf 87' lang='lat' dir='ltr'><strong>circumven-</strong></span> 
     </span>
    </p>
   </div>
   <div class='ocr_carea' id='block_1_82' title="bbox 1975 3587 3623 3662">
    <p class='ocr_par' dir='ltr' id='par_1_82' title="bbox 1975 3587 3623 3662">
     <span class='ocr_line' id='line_1_83' title="bbox 1975 3587 3623 3662; baseline 0.006 -24"><span class='ocrx_word' id='word_1_596' title='bbox 1975 3587 2125 3640; x_wconf 84' lang='lat' dir='ltr'><strong>tione</strong></span> <span class='ocrx_word' id='word_1_597' title='bbox 2160 3587 2409 3640; x_wconf 90' lang='lat' dir='ltr'><strong>inultum</strong></span> <span class='ocrx_word' id='word_1_598' title='bbox 2443 3605 2505 3642; x_wconf 86' lang='lat' dir='ltr'><strong>se</strong></span> <span class='ocrx_word' id='word_1_599' title='bbox 2535 3588 2782 3659; x_wconf 86' lang='lat' dir='ltr'><strong>opprimi</strong></span> <span class='ocrx_word' id='word_1_600' title='bbox 2818 3590 3027 3644; x_wconf 85' lang='lat' dir='ltr'><strong>sinere.</strong></span> <span class='ocrx_word' id='word_1_601' title='bbox 3061 3591 3337 3662; x_wconf 88' lang='lat' dir='ltr'><strong>Juvitque</strong></span> <span class='ocrx_word' id='word_1_602' title='bbox 3369 3610 3496 3648; x_wconf 76' lang='lat' dir='ltr'><strong>sors</strong></span> <span class='ocrx_word' id='word_1_603' title='bbox 3525 3612 3623 3648; x_wconf 84' lang='lat' dir='ltr'><strong>au-</strong></span> 
     </span>
    </p>
   </div>
   <div class='ocr_carea' id='block_1_83' title="bbox 1972 3676 3619 3751">
    <p class='ocr_par' dir='ltr' id='par_1_83' title="bbox 1972 3676 3619 3751">
     <span class='ocr_line' id='line_1_84' title="bbox 1972 3676 3619 3751; baseline 0.005 -23"><span class='ocrx_word' id='word_1_604' title='bbox 1972 3677 2245 3740; x_wconf 83' lang='lat' dir='ltr'><strong>dentem;</strong></span> <span class='ocrx_word' id='word_1_605' title='bbox 2282 3676 2546 3745; x_wconf 87' lang='lat' dir='ltr'><strong>uihilque</strong></span> <span class='ocrx_word' id='word_1_606' title='bbox 2577 3677 2732 3732; x_wconf 90' lang='lat' dir='ltr'><strong>aliud</strong></span> <span class='ocrx_word' id='word_1_607' title='bbox 2754 3677 3132 3735; x_wconf 88' lang='lat' dir='ltr'><strong>nisimortem</strong></span> <span class='ocrx_word' id='word_1_608' title='bbox 3161 3699 3271 3736; x_wconf 89' lang='lat' dir='ltr'><strong>non</strong></span> <span class='ocrx_word' id='word_1_609' title='bbox 3308 3682 3619 3751; x_wconf 74' lang='lat' dir='ltr'><strong>ingloriam</strong></span> 
     </span>
    </p>
   </div>
   <div class='ocr_carea' id='block_1_84' title="bbox 1971 3765 3621 3839">
    <p class='ocr_par' dir='ltr' id='par_1_84' title="bbox 1971 3765 3621 3839">
     <span class='ocr_line' id='line_1_85' title="bbox 1971 3765 3621 3839; baseline 0.001 -19"><span class='ocrx_word' id='word_1_610' title='bbox 1971 3766 2083 3820; x_wconf 89' lang='lat' dir='ltr'><strong>isto</strong></span> <span class='ocrx_word' id='word_1_611' title='bbox 2112 3765 2473 3837; x_wconf 67' lang='lat' dir='ltr'><strong>repugnandi</strong></span> <span class='ocrx_word' id='word_1_612' title='bbox 2509 3772 2717 3820; x_wconf 89' lang='lat' dir='ltr'><strong>conatu</strong></span> <span class='ocrx_word' id='word_1_613' title='bbox 2770 3768 3048 3839; x_wconf 87' lang='lat' dir='ltr'><strong>captanti,</strong></span> <span class='ocrx_word' id='word_1_614' title='bbox 3082 3772 3265 3824; x_wconf 87' lang='lat' dir='ltr'><strong>vitam</strong></span> <span class='ocrx_word' id='word_1_615' title='bbox 3323 3774 3497 3825; x_wconf 86' lang='lat' dir='ltr'><strong>etiam</strong></span> <span class='ocrx_word' id='word_1_616' title='bbox 3532 3773 3621 3823; x_wconf 85' lang='lat' dir='ltr'><strong>vi-</strong></span> 
     </span>
    </p>
   </div>
   <div class='ocr_carea' id='block_1_85' title="bbox 1969 3853 3621 3928">
    <p class='ocr_par' dir='ltr' id='par_1_85' title="bbox 1969 3853 3621 3928">
     <span class='ocr_line' id='line_1_86' title="bbox 1969 3853 3621 3928; baseline 0.004 -18"><span class='ocrx_word' id='word_1_617' title='bbox 1969 3853 2153 3910; x_wconf 86' lang='lat' dir='ltr'><strong>ctoria</strong></span> <span class='ocrx_word' id='word_1_618' title='bbox 2184 3855 2459 3927; x_wconf 73' lang='lat' dir='ltr'><strong>inclytam</strong></span> <span class='ocrx_word' id='word_1_619' title='bbox 2495 3857 2818 3911; x_wconf 74' lang='lat' dir='ltr'><strong>concessit:</strong></span> <span class='ocrx_word' id='word_1_620' title='bbox 2853 3857 3138 3928; x_wconf 84' lang='lat' dir='ltr'><strong>siquidem</strong></span> <span class='ocrx_word' id='word_1_621' title='bbox 3191 3876 3399 3915; x_wconf 89' lang='lat' dir='ltr'><strong>cancer</strong></span> <span class='ocrx_word' id='word_1_622' title='bbox 3436 3860 3621 3916; x_wconf 88' lang='lat' dir='ltr'><strong>cbelis</strong></span> 
     </span>
    </p>
   </div>
   <div class='ocr_carea' id='block_1_86' title="bbox 1969 3943 3617 4021">
    <p class='ocr_par' dir='ltr' id='par_1_86' title="bbox 1969 3943 3617 4021">
     <span class='ocr_line' id='line_1_87' title="bbox 1969 3943 3617 4021; baseline 0.004 -25"><span class='ocrx_word' id='word_1_623' title='bbox 1969 3944 2093 3998; x_wconf 85' lang='lat' dir='ltr'><strong>suis</strong></span> <span class='ocrx_word' id='word_1_624' title='bbox 2127 3943 2640 4015; x_wconf 82' lang='lat' dir='ltr'><strong>arctecomplexus</strong></span> <span class='ocrx_word' id='word_1_625' title='bbox 2670 3948 3021 4016; x_wconf 82' lang='lat' dir='ltr'><strong>robusteque</strong></span> <span class='ocrx_word' id='word_1_626' title='bbox 3044 3949 3617 4021; x_wconf 84' lang='lat' dir='ltr'><strong>comprimenscyeni</strong></span> 
     </span>
    </p>
   </div>
   <div class='ocr_carea' id='block_1_87' title="bbox 1968 4032 3611 4109">
    <p class='ocr_par' dir='ltr' id='par_1_87' title="bbox 1968 4032 3611 4109">
     <span class='ocr_line' id='line_1_88' title="bbox 1968 4032 3611 4109; baseline 0.003 -21"><span class='ocrx_word' id='word_1_627' title='bbox 1968 4032 2206 4101; x_wconf 87' lang='lat' dir='ltr'><strong>collum,</strong></span> <span class='ocrx_word' id='word_1_628' title='bbox 2241 4032 2436 4104; x_wconf 89' lang='lat' dir='ltr'><strong>ipsum</strong></span> <span class='ocrx_word' id='word_1_629' title='bbox 2490 4034 2710 4090; x_wconf 80' lang='lat' dir='ltr'><strong>frustra</strong></span> <span class='ocrx_word' id='word_1_630' title='bbox 2769 4034 3146 4092; x_wconf 81' lang='lat' dir='ltr'><strong>reluctantem</strong></span> <span class='ocrx_word' id='word_1_631' title='bbox 3201 4039 3611 4109; x_wconf 75' lang='lat' dir='ltr'><strong>strangulavit.</strong></span> 
     </span>
    </p>
   </div>
   <div class='ocr_carea' id='block_1_88' title="bbox 1968 4124 3615 4196">
    <p class='ocr_par' dir='ltr' id='par_1_88' title="bbox 1968 4124 3615 4196">
     <span class='ocr_line' id='line_1_89' title="bbox 1968 4124 3615 4196; baseline 0.003 -19"><span class='ocrx_word' id='word_1_632' title='bbox 1968 4124 2096 4177; x_wconf 75' lang='lat' dir='ltr'><strong>ilrec</strong></span> <span class='ocrx_word' id='word_1_633' title='bbox 2128 4140 2193 4178; x_wconf 87' lang='lat' dir='ltr'><strong>eo</strong></span> <span class='ocrx_word' id='word_1_634' title='bbox 2226 4124 2522 4195; x_wconf 87' lang='lat' dir='ltr'><strong>pertinent</strong></span> <span class='ocrx_word' id='word_1_635' title='bbox 2565 4130 2626 4179; x_wconf 88' lang='lat' dir='ltr'><strong>ut</strong></span> <span class='ocrx_word' id='word_1_636' title='bbox 2672 4125 2992 4196; x_wconf 78' lang='lat' dir='ltr'><strong>intelligas,</strong></span> <span class='ocrx_word' id='word_1_637' title='bbox 3046 4144 3234 4194; x_wconf 77' lang='lat' dir='ltr'><strong>corvo,</strong></span> <span class='ocrx_word' id='word_1_638' title='bbox 3284 4129 3415 4183; x_wconf 84' lang='lat' dir='ltr'><strong>aliis</strong></span> <span class='ocrx_word' id='word_1_639' title='bbox 3471 4129 3615 4182; x_wconf 84' lang='lat' dir='ltr'><strong>insi-</strong></span> 
     </span>
    </p>
   </div>
   <div class='ocr_carea' id='block_1_89' title="bbox 1968 4214 3616 4288">
    <p class='ocr_par' dir='ltr' id='par_1_89' title="bbox 1968 4214 3616 4288">
     <span class='ocr_line' id='line_1_90' title="bbox 1968 4214 3616 4288; baseline 0.003 -22"><span class='ocrx_word' id='word_1_640' title='bbox 1968 4214 2227 4267; x_wconf 88' lang='lat' dir='ltr'><strong>diantem</strong></span> <span class='ocrx_word' id='word_1_641' title='bbox 2261 4229 2371 4267; x_wconf 90' lang='lat' dir='ltr'><strong>non</strong></span> <span class='ocrx_word' id='word_1_642' title='bbox 2408 4231 2539 4268; x_wconf 85' lang='lat' dir='ltr'><strong>raro</strong></span> <span class='ocrx_word' id='word_1_643' title='bbox 2571 4214 2826 4269; x_wconf 84' lang='lat' dir='ltr'><strong>incidere</strong></span> <span class='ocrx_word' id='word_1_644' title='bbox 2859 4217 3050 4285; x_wconf 87' lang='lat' dir='ltr'><strong>ipsum</strong></span> <span class='ocrx_word' id='word_1_645' title='bbox 3096 4217 3149 4269; x_wconf 92' lang='lat' dir='ltr'><strong>in</strong></span> <span class='ocrx_word' id='word_1_646' title='bbox 3186 4218 3405 4271; x_wconf 86' lang='lat' dir='ltr'><strong>foveam</strong></span> <span class='ocrx_word' id='word_1_647' title='bbox 3440 4234 3616 4288; x_wconf 85' lang='lat' dir='ltr'><strong>quam</strong></span> 
     </span>
    </p>
   </div>
   <div class='ocr_carea' id='block_1_90' title="bbox 1969 4302 3620 4376">
    <p class='ocr_par' dir='ltr' id='par_1_90' title="bbox 1969 4302 3620 4376">
     <span class='ocr_line' id='line_1_91' title="bbox 1969 4302 3620 4376; baseline 0.004 -21"><span class='ocrx_word' id='word_1_648' title='bbox 1969 4302 2123 4357; x_wconf 81' lang='lat' dir='ltr'><strong>facit.</strong></span> <span class='ocrx_word' id='word_1_649' title='bbox 2158 4302 2440 4366; x_wconf 82' lang='lat' dir='ltr'><strong>Quocirca</strong></span> <span class='ocrx_word' id='word_1_650' title='bbox 2475 4319 2827 4373; x_wconf 76' lang='lat' dir='ltr'><strong>magnopere</strong></span> <span class='ocrx_word' id='word_1_651' title='bbox 2857 4308 3064 4359; x_wconf 85' lang='lat' dir='ltr'><strong>auctor</strong></span> <span class='ocrx_word' id='word_1_652' title='bbox 3091 4305 3192 4358; x_wconf 89' lang='lat' dir='ltr'><strong>tibi</strong></span> <span class='ocrx_word' id='word_1_653' title='bbox 3221 4322 3353 4359; x_wconf 89' lang='lat' dir='ltr'><strong>sum</strong></span> <span class='ocrx_word' id='word_1_654' title='bbox 3382 4323 3451 4359; x_wconf 78' lang='lat' dir='ltr'><strong>ne</strong></span> <span class='ocrx_word' id='word_1_655' title='bbox 3487 4324 3620 4376; x_wconf 83' lang='lat' dir='ltr'><strong>pro-</strong></span> 
     </span>
    </p>
   </div>
   <div class='ocr_carea' id='block_1_91' title="bbox 1967 4390 3620 4462">
    <p class='ocr_par' dir='ltr' id='par_1_91' title="bbox 1967 4390 3620 4462">
     <span class='ocr_line' id='line_1_92' title="bbox 1967 4390 3620 4462; baseline 0.005 -20"><span class='ocrx_word' id='word_1_656' title='bbox 1967 4390 2101 4462; x_wconf 87' lang='lat' dir='ltr'><strong>pius</strong></span> <span class='ocrx_word' id='word_1_657' title='bbox 2125 4395 2178 4443; x_wconf 89' lang='lat' dir='ltr'><strong>te</strong></span> <span class='ocrx_word' id='word_1_658' title='bbox 2210 4392 2523 4445; x_wconf 76' lang='lat' dir='ltr'><strong>admoveas</strong></span> <span class='ocrx_word' id='word_1_659' title='bbox 2553 4392 2935 4446; x_wconf 67' lang='lat' dir='ltr'><strong>astotissimm</strong></span> <span class='ocrx_word' id='word_1_660' title='bbox 2969 4409 3033 4448; x_wconf 87' lang='lat' dir='ltr'><strong>ac</strong></span> <span class='ocrx_word' id='word_1_661' title='bbox 3067 4394 3499 4449; x_wconf 63' lang='lat' dir='ltr'><strong>nocentissima:-</strong></span> <span class='ocrx_word' id='word_1_662' title='bbox 3524 4396 3620 4451; x_wconf 90' lang='lat' dir='ltr'><strong>be-</strong></span> 
     </span>
    </p>
   </div>
   <div class='ocr_carea' id='block_1_92' title="bbox 1968 4480 3624 4551">
    <p class='ocr_par' dir='ltr' id='par_1_92' title="bbox 1968 4480 3624 4551">
     <span class='ocr_line' id='line_1_93' title="bbox 1968 4480 3624 4551; baseline 0.004 -18"><span class='ocrx_word' id='word_1_663' title='bbox 1968 4481 2112 4543; x_wconf 61' lang='lat' dir='ltr'><strong>stiae;</strong></span> <span class='ocrx_word' id='word_1_664' title='bbox 2147 4480 2362 4534; x_wconf 85' lang='lat' dir='ltr'><strong>docebo</strong></span> <span class='ocrx_word' id='word_1_665' title='bbox 2397 4487 2449 4533; x_wconf 82' lang='lat' dir='ltr'><strong>te</strong></span> <span class='ocrx_word' id='word_1_666' title='bbox 2481 4487 2673 4534; x_wconf 83' lang='lat' dir='ltr'><strong>autem</strong></span> <span class='ocrx_word' id='word_1_667' title='bbox 2710 4481 2992 4536; x_wconf 88' lang='lat' dir='ltr'><strong>rationem</strong></span> <span class='ocrx_word' id='word_1_668' title='bbox 3010 4482 3059 4536; x_wconf 89' lang='lat' dir='ltr'><strong>ei</strong></span> <span class='ocrx_word' id='word_1_669' title='bbox 3087 4487 3262 4545; x_wconf 84' lang='lat' dir='ltr'><strong>certe,</strong></span> <span class='ocrx_word' id='word_1_670' title='bbox 3288 4489 3345 4536; x_wconf 84' lang='lat' dir='ltr'><strong>ct</strong></span> <span class='ocrx_word' id='word_1_671' title='bbox 3373 4484 3624 4551; x_wconf 71' lang='lat' dir='ltr'><strong>graviter</strong></span> 
     </span>
    </p>
   </div>
   <div class='ocr_carea' id='block_1_93' title="bbox 1967 4567 3620 4643">
    <p class='ocr_par' dir='ltr' id='par_1_93' title="bbox 1967 4567 3620 4643">
     <span class='ocr_line' id='line_1_94' title="bbox 1967 4567 3620 4643; baseline 0.004 -22"><span class='ocrx_word' id='word_1_672' title='bbox 1967 4573 2023 4621; x_wconf 85' lang='lat' dir='ltr'><strong>et</strong></span> <span class='ocrx_word' id='word_1_673' title='bbox 2045 4567 2171 4621; x_wconf 80' lang='lat' dir='ltr'><strong>sine</strong></span> <span class='ocrx_word' id='word_1_674' title='bbox 2203 4572 2301 4621; x_wconf 89' lang='lat' dir='ltr'><strong>tuo</strong></span> <span class='ocrx_word' id='word_1_675' title='bbox 2338 4567 2595 4635; x_wconf 84' lang='lat' dir='ltr'><strong>periculo</strong></span> <span class='ocrx_word' id='word_1_676' title='bbox 2629 4569 2904 4624; x_wconf 86' lang='lat' dir='ltr'><strong>nocendi.</strong></span> <span class='ocrx_word' id='word_1_677' title='bbox 2944 4573 3096 4641; x_wconf 81' lang='lat' dir='ltr'><strong>Rape</strong></span> <span class='ocrx_word' id='word_1_678' title='bbox 3127 4586 3245 4641; x_wconf 86' lang='lat' dir='ltr'><strong>qua</strong></span> <span class='ocrx_word' id='word_1_679' title='bbox 3274 4570 3428 4625; x_wconf 76' lang='lat' dir='ltr'><strong>vales</strong></span> <span class='ocrx_word' id='word_1_680' title='bbox 3478 4578 3620 4643; x_wconf 89' lang='lat' dir='ltr'><strong>arte,</strong></span> 
     </span>
    </p>
   </div>
   <div class='ocr_carea' id='block_1_94' title="bbox 189 4656 3619 4758">
    <p class='ocr_par' dir='ltr' id='par_1_94' title="bbox 189 4656 3619 4758">
     <span class='ocr_line' id='line_1_95' title="bbox 189 4656 3619 4758; baseline 0.013 -41"><span class='ocrx_word' id='word_1_681' title='bbox 189 4664 296 4717; x_wconf 87' lang='lat' dir='ltr'><strong>sed</strong></span> <span class='ocrx_word' id='word_1_682' title='bbox 334 4668 474 4718; x_wconf 88' lang='lat' dir='ltr'><strong>tunc</strong></span> <span class='ocrx_word' id='word_1_683' title='bbox 503 4664 803 4721; x_wconf 86' lang='lat' dir='ltr'><strong>debilitate</strong></span> <span class='ocrx_word' id='word_1_684' title='bbox 835 4670 1028 4739; x_wconf 82' lang='lat' dir='ltr'><strong>gravis</strong></span> <span class='ocrx_word' id='word_1_685' title='bbox 1060 4676 1265 4739; x_wconf 63' lang='lat' dir='ltr'><strong>(etatis,</strong></span> <span class='ocrx_word' id='word_1_686' title='bbox 1297 4656 1411 4734; x_wconf 80' lang='lat' dir='ltr'><strong>non</strong></span> <span class='ocrx_word' id='word_1_687' title='bbox 1458 4684 1712 4753; x_wconf 87' lang='lat' dir='ltr'><strong>amplius</strong></span> <span class='ocrx_word' id='word_1_688' title='bbox 1756 4656 1851 4758; x_wconf 32' lang='lat' dir='ltr'><strong>pi-l</strong></span> <span class='ocrx_word' id='word_1_689' title='bbox 1881 4674 1921 4733; x_wconf 71' lang='grc' dir='ltr'><strong>Γ)</strong></span> <span class='ocrx_word' id='word_1_690' title='bbox 1953 4657 2275 4758; x_wconf 46' lang='lat' dir='ltr'><strong>“domi?”</strong></span> <span class='ocrx_word' id='word_1_691' title='bbox 2308 4674 2373 4712; x_wconf 68' lang='lat' dir='ltr'><strong>ac</strong></span> <span class='ocrx_word' id='word_1_692' title='bbox 2407 4659 2637 4758; x_wconf 56' lang='lat' dir='ltr'><strong>SFri&#39;T‘iS</strong></span> <span class='ocrx_word' id='word_1_693' title='bbox 2663 4659 2975 4758; x_wconf 62' lang='lat' dir='ltr'><strong>homin_mn.</strong></span> <span class='ocrx_word' id='word_1_694' title='bbox 3000 4660 3619 4758; x_wconf 24' lang='lat' dir='ltr'><strong>Eiliqui(l.ip8istinguo.</strong></span> 
     </span>
    </p>
   </div>
   <div class='ocr_carea' id='block_1_95' title="bbox 191 4751 1856 4830">
    <p class='ocr_par' dir='ltr' id='par_1_95' title="bbox 191 4751 1856 4830">
     <span class='ocr_line' id='line_1_96' title="bbox 191 4751 1856 4830; baseline 0.016 -25"><span class='ocrx_word' id='word_1_695' title='bbox 191 4751 673 4809; x_wconf 85' lang='lat' dir='ltr'><strong>scationislabori</strong></span> <span class='ocrx_word' id='word_1_696' title='bbox 697 4751 1604 4828; x_wconf 80' lang='lat' dir='ltr'><strong>sufﬁciens,asccnditfamelicus</strong></span> <span class='ocrx_word' id='word_1_697' title='bbox 1623 4774 1675 4827; x_wconf 75' lang='lat' dir='ltr'><strong>in</strong></span> <span class='ocrx_word' id='word_1_698' title='bbox 1696 4751 1856 4830; x_wconf 73' lang='lat' dir='ltr'><strong>mon-</strong></span> 
     </span>
    </p>
   </div>
   <div class='ocr_carea' id='block_1_96' title="bbox 190 4841 1857 4935">
    <p class='ocr_par' dir='ltr' id='par_1_96' title="bbox 190 4841 1857 4935">
     <span class='ocr_line' id='line_1_97' title="bbox 190 4841 1857 4935; baseline 0.016 -41"><span class='ocrx_word' id='word_1_699' title='bbox 190 4845 338 4908; x_wconf 88' lang='lat' dir='ltr'><strong>tem,</strong></span> <span class='ocrx_word' id='word_1_700' title='bbox 369 4841 472 4895; x_wconf 90' lang='lat' dir='ltr'><strong>ubi</strong></span> <span class='ocrx_word' id='word_1_701' title='bbox 505 4844 653 4897; x_wconf 83' lang='lat' dir='ltr'><strong>forte</strong></span> <span class='ocrx_word' id='word_1_702' title='bbox 684 4845 891 4901; x_wconf 89' lang='lat' dir='ltr'><strong>obvius</strong></span> <span class='ocrx_word' id='word_1_703' title='bbox 915 4863 1146 4907; x_wconf 86' lang='lat' dir='ltr'><strong>cancer:</strong></span> <span class='ocrx_word' id='word_1_704' title='bbox 1170 4852 1286 4906; x_wconf 89' lang='lat' dir='ltr'><strong>Cur</strong></span> <span class='ocrx_word' id='word_1_705' title='bbox 1308 4860 1383 4923; x_wconf 90' lang='lat' dir='ltr'><strong>te,</strong></span> <span class='ocrx_word' id='word_1_706' title='bbox 1416 4856 1629 4930; x_wconf 90' lang='lat' dir='ltr'><strong>inquit,</strong></span> <span class='ocrx_word' id='word_1_707' title='bbox 1659 4880 1857 4935; x_wconf 62' lang='lat' dir='ltr'><strong>cycne,</strong></span> 
     </span>
    </p>
   </div>
   <div class='ocr_carea' id='block_1_97' title="bbox 194 4928 1861 5015">
    <p class='ocr_par' dir='ltr' id='par_1_97' title="bbox 194 4928 1861 5015">
     <span class='ocr_line' id='line_1_98' title="bbox 194 4928 1861 5015; baseline 0.016 -30"><span class='ocrx_word' id='word_1_708' title='bbox 194 4928 520 4985; x_wconf 84' lang='lat' dir='ltr'><strong>sollicitum</strong></span> <span class='ocrx_word' id='word_1_709' title='bbox 548 4942 753 5002; x_wconf 66' lang='lat' dir='ltr'><strong>praeter</strong></span> <span class='ocrx_word' id='word_1_710' title='bbox 772 4951 991 4991; x_wconf 90' lang='lat' dir='ltr'><strong>morem</strong></span> <span class='ocrx_word' id='word_1_711' title='bbox 1020 4948 1344 5015; x_wconf 61' lang='lat' dir='ltr'><strong>moestoque</strong></span> <span class='ocrx_word' id='word_1_712' title='bbox 1375 4928 1627 5005; x_wconf 82' lang='lat' dir='ltr'><strong>similem</strong></span> <span class='ocrx_word' id='word_1_713' title='bbox 1662 4928 1861 5011; x_wconf 81' lang='lat' dir='ltr'><strong>video?</strong></span> 
     </span>
    </p>
   </div>
   <div class='ocr_carea' id='block_1_98' title="bbox 195 5018 1856 5112">
    <p class='ocr_par' dir='ltr' id='par_1_98' title="bbox 195 5018 1856 5112">
     <span class='ocr_line' id='line_1_99' title="bbox 195 5018 1856 5112; baseline 0.017 -41"><span class='ocrx_word' id='word_1_714' title='bbox 195 5018 438 5083; x_wconf 86' lang='lat' dir='ltr'><strong>Quidni,</strong></span> <span class='ocrx_word' id='word_1_715' title='bbox 473 5020 553 5074; x_wconf 89' lang='lat' dir='ltr'><strong>ait</strong></span> <span class='ocrx_word' id='word_1_716' title='bbox 582 5021 698 5089; x_wconf 89' lang='lat' dir='ltr'><strong>ille,</strong></span> <span class='ocrx_word' id='word_1_717' title='bbox 734 5023 1023 5080; x_wconf 89' lang='lat' dir='ltr'><strong>sollicitus</strong></span> <span class='ocrx_word' id='word_1_718' title='bbox 1055 5029 1166 5084; x_wconf 87' lang='lat' dir='ltr'><strong>sim</strong></span> <span class='ocrx_word' id='word_1_719' title='bbox 1201 5037 1257 5086; x_wconf 84' lang='lat' dir='ltr'><strong>et</strong></span> <span class='ocrx_word' id='word_1_720' title='bbox 1288 5034 1556 5103; x_wconf 57' lang='lat' dir='ltr'><strong>moistus,</strong></span> <span class='ocrx_word' id='word_1_721' title='bbox 1590 5042 1688 5112; x_wconf 92' lang='lat' dir='ltr'><strong>qui</strong></span> <span class='ocrx_word' id='word_1_722' title='bbox 1723 5060 1856 5100; x_wconf 89' lang='lat' dir='ltr'><strong>cum</strong></span> 
     </span>
    </p>
   </div>
   <div class='ocr_carea' id='block_1_99' title="bbox 197 5110 1857 5199">
    <p class='ocr_par' dir='ltr' id='par_1_99' title="bbox 197 5110 1857 5199">
     <span class='ocr_line' id='line_1_100' title="bbox 197 5110 1857 5199; baseline 0.017 -38"><span class='ocrx_word' id='word_1_723' title='bbox 197 5110 488 5164; x_wconf 87' lang='lat' dir='ltr'><strong>hactenus</strong></span> <span class='ocrx_word' id='word_1_724' title='bbox 509 5111 733 5166; x_wconf 87' lang='lat' dir='ltr'><strong>fruerer</strong></span> <span class='ocrx_word' id='word_1_725' title='bbox 762 5114 973 5185; x_wconf 86' lang='lat' dir='ltr'><strong>opibus</strong></span> <span class='ocrx_word' id='word_1_726' title='bbox 1008 5117 1244 5187; x_wconf 88' lang='lat' dir='ltr'><strong>piscosi,</strong></span> <span class='ocrx_word' id='word_1_727' title='bbox 1269 5125 1359 5178; x_wconf 92' lang='lat' dir='ltr'><strong>cui</strong></span> <span class='ocrx_word' id='word_1_728' title='bbox 1390 5110 1746 5199; x_wconf 76' lang='lat' dir='ltr'><strong>assidebam,</strong></span> <span class='ocrx_word' id='word_1_729' title='bbox 1770 5136 1857 5189; x_wconf 87' lang='lat' dir='ltr'><strong>la-</strong></span> 
     </span>
    </p>
   </div>
   <div class='ocr_carea' id='block_1_100' title="bbox 195 5200 1856 5282">
    <p class='ocr_par' dir='ltr' id='par_1_100' title="bbox 195 5200 1856 5282">
     <span class='ocr_line' id='line_1_101' title="bbox 195 5200 1856 5282; baseline 0.017 -30"><span class='ocrx_word' id='word_1_730' title='bbox 195 5216 305 5254; x_wconf 91' lang='lat' dir='ltr'><strong>cus</strong></span> <span class='ocrx_word' id='word_1_731' title='bbox 325 5200 544 5256; x_wconf 90' lang='lat' dir='ltr'><strong>victum</strong></span> <span class='ocrx_word' id='word_1_732' title='bbox 579 5205 948 5273; x_wconf 76' lang='lat' dir='ltr'><strong>suggerentis</strong></span> <span class='ocrx_word' id='word_1_733' title='bbox 983 5208 1479 5282; x_wconf 87' lang='lat' dir='ltr'><strong>cepiosissimum,</strong></span> <span class='ocrx_word' id='word_1_734' title='bbox 1512 5222 1702 5276; x_wconf 88' lang='lat' dir='ltr'><strong>audivi</strong></span> <span class='ocrx_word' id='word_1_735' title='bbox 1755 5225 1856 5280; x_wconf 90' lang='lat' dir='ltr'><strong>ho-</strong></span> 
     </span>
    </p>
   </div>
   <div class='ocr_carea' id='block_1_101' title="bbox 196 5289 1862 5383">
    <p class='ocr_par' dir='ltr' id='par_1_101' title="bbox 196 5289 1862 5383">
     <span class='ocr_line' id='line_1_102' title="bbox 196 5289 1862 5383; baseline 0.016 -39"><span class='ocrx_word' id='word_1_736' title='bbox 196 5289 293 5345; x_wconf 88' lang='lat' dir='ltr'><strong>die</strong></span> <span class='ocrx_word' id='word_1_737' title='bbox 325 5290 648 5361; x_wconf 85' lang='lat' dir='ltr'><strong>piscatores</strong></span> <span class='ocrx_word' id='word_1_738' title='bbox 671 5295 1044 5353; x_wconf 87' lang='lat' dir='ltr'><strong>consulentes</strong></span> <span class='ocrx_word' id='word_1_739' title='bbox 1069 5299 1217 5356; x_wconf 89' lang='lat' dir='ltr'><strong>intcr</strong></span> <span class='ocrx_word' id='word_1_740' title='bbox 1239 5321 1298 5359; x_wconf 89' lang='lat' dir='ltr'><strong>se</strong></span> <span class='ocrx_word' id='word_1_741' title='bbox 1327 5308 1678 5383; x_wconf 78' lang='lat' dir='ltr'><strong>saginasque</strong></span> <span class='ocrx_word' id='word_1_742' title='bbox 1710 5331 1862 5371; x_wconf 89' lang='lat' dir='ltr'><strong>com-</strong></span> 
     </span>
    </p>
   </div>
   <div class='ocr_carea' id='block_1_102' title="bbox 199 5382 1861 5471">
    <p class='ocr_par' dir='ltr' id='par_1_102' title="bbox 199 5382 1861 5471">
     <span class='ocr_line' id='line_1_103' title="bbox 199 5382 1861 5471; baseline 0.017 -39"><span class='ocrx_word' id='word_1_743' title='bbox 199 5384 505 5450; x_wconf 88' lang='lat' dir='ltr'><strong>parantes,</strong></span> <span class='ocrx_word' id='word_1_744' title='bbox 539 5382 754 5452; x_wconf 88' lang='lat' dir='ltr'><strong>quibus</strong></span> <span class='ocrx_word' id='word_1_745' title='bbox 786 5389 970 5441; x_wconf 88' lang='lat' dir='ltr'><strong>totum</strong></span> <span class='ocrx_word' id='word_1_746' title='bbox 1005 5390 1324 5450; x_wconf 80' lang='lat' dir='ltr'><strong>everriculo</strong></span> <span class='ocrx_word' id='word_1_747' title='bbox 1354 5382 1626 5471; x_wconf 79' lang='lat' dir='ltr'><strong>stagnum</strong></span> <span class='ocrx_word' id='word_1_748' title='bbox 1651 5405 1861 5460; x_wconf 81' lang='lat' dir='ltr'><strong>exhau-</strong></span> 
     </span>
    </p>
   </div>
   <div class='ocr_carea' id='block_1_103' title="bbox 202 5468 1859 5556">
    <p class='ocr_par' dir='ltr' id='par_1_103' title="bbox 202 5468 1859 5556">
     <span class='ocr_line' id='line_1_104' title="bbox 202 5468 1859 5556; baseline 0.019 -35"><span class='ocrx_word' id='word_1_749' title='bbox 202 5468 382 5535; x_wconf 88' lang='lat' dir='ltr'><strong>riant,</strong></span> <span class='ocrx_word' id='word_1_750' title='bbox 408 5469 637 5525; x_wconf 90' lang='lat' dir='ltr'><strong>nullum</strong></span> <span class='ocrx_word' id='word_1_751' title='bbox 668 5489 739 5527; x_wconf 89' lang='lat' dir='ltr'><strong>ne</strong></span> <span class='ocrx_word' id='word_1_752' title='bbox 772 5473 839 5527; x_wconf 90' lang='lat' dir='ltr'><strong>ad</strong></span> <span class='ocrx_word' id='word_1_753' title='bbox 858 5476 1117 5533; x_wconf 84' lang='lat' dir='ltr'><strong>sobolem</strong></span> <span class='ocrx_word' id='word_1_754' title='bbox 1139 5482 1368 5550; x_wconf 89' lang='lat' dir='ltr'><strong>quidem</strong></span> <span class='ocrx_word' id='word_1_755' title='bbox 1397 5468 1743 5556; x_wconf 78' lang='lat' dir='ltr'><strong>pisciculum</strong></span> <span class='ocrx_word' id='word_1_756' title='bbox 1771 5512 1859 5551; x_wconf 89' lang='lat' dir='ltr'><strong>re-</strong></span> 
     </span>
    </p>
   </div>
   <div class='ocr_carea' id='block_1_104' title="bbox 202 5558 1860 5651">
    <p class='ocr_par' dir='ltr' id='par_1_104' title="bbox 202 5558 1860 5651">
     <span class='ocr_line' id='line_1_105' title="bbox 202 5558 1860 5651; baseline 0.017 -40"><span class='ocrx_word' id='word_1_757' title='bbox 202 5558 437 5629; x_wconf 89' lang='lat' dir='ltr'><strong>liquum</strong></span> <span class='ocrx_word' id='word_1_758' title='bbox 469 5560 706 5616; x_wconf 86' lang='lat' dir='ltr'><strong>facturi.</strong></span> <span class='ocrx_word' id='word_1_759' title='bbox 743 5562 870 5617; x_wconf 78' lang='lat' dir='ltr'><strong>Haec</strong></span> <span class='ocrx_word' id='word_1_760' title='bbox 902 5580 1113 5622; x_wconf 86' lang='lat' dir='ltr'><strong>cancer</strong></span> <span class='ocrx_word' id='word_1_761' title='bbox 1138 5571 1336 5651; x_wconf 81' lang='lat' dir='ltr'><strong>audita</strong></span> <span class='ocrx_word' id='word_1_762' title='bbox 1357 5576 1615 5646; x_wconf 85' lang='lat' dir='ltr'><strong>piscibus</strong></span> <span class='ocrx_word' id='word_1_763' title='bbox 1640 5584 1860 5651; x_wconf 88' lang='lat' dir='ltr'><strong>retulit,</strong></span> 
     </span>
    </p>
   </div>
   <div class='ocr_carea' id='block_1_105' title="bbox 203 5647 1863 5729">
    <p class='ocr_par' dir='ltr' id='par_1_105' title="bbox 203 5647 1863 5729">
     <span class='ocr_line' id='line_1_106' title="bbox 203 5647 1863 5729; baseline 0.018 -29"><span class='ocrx_word' id='word_1_764' title='bbox 203 5647 481 5702; x_wconf 87' lang='lat' dir='ltr'><strong>indicans</strong></span> <span class='ocrx_word' id='word_1_765' title='bbox 512 5665 615 5719; x_wconf 87' lang='lat' dir='ltr'><strong>pro</strong></span> <span class='ocrx_word' id='word_1_766' title='bbox 644 5652 909 5707; x_wconf 85' lang='lat' dir='ltr'><strong>amicitia</strong></span> <span class='ocrx_word' id='word_1_767' title='bbox 968 5648 1313 5726; x_wconf 81' lang='lat' dir='ltr'><strong>perieiilum.</strong></span> <span class='ocrx_word' id='word_1_768' title='bbox 1352 5664 1437 5720; x_wconf 87' lang='lat' dir='ltr'><strong>llli</strong></span> <span class='ocrx_word' id='word_1_769' title='bbox 1472 5685 1610 5725; x_wconf 88' lang='lat' dir='ltr'><strong>sane</strong></span> <span class='ocrx_word' id='word_1_770' title='bbox 1631 5678 1863 5729; x_wconf 88' lang='lat' dir='ltr'><strong>contur-</strong></span> 
     </span>
    </p>
   </div>
   <div class='ocr_carea' id='block_1_106' title="bbox 202 5737 1860 5819">
    <p class='ocr_par' dir='ltr' id='par_1_106' title="bbox 202 5737 1860 5819">
     <span class='ocr_line' id='line_1_107' title="bbox 202 5737 1860 5819; baseline 0.019 -30"><span class='ocrx_word' id='word_1_771' title='bbox 202 5737 323 5791; x_wconf 89' lang='lat' dir='ltr'><strong>bati</strong></span> <span class='ocrx_word' id='word_1_772' title='bbox 356 5752 608 5806; x_wconf 70' lang='lat' dir='ltr'><strong>cycnum</strong></span> <span class='ocrx_word' id='word_1_773' title='bbox 645 5739 927 5796; x_wconf 75' lang='lat' dir='ltr'><strong>adeuntes</strong></span> <span class='ocrx_word' id='word_1_774' title='bbox 961 5745 1115 5799; x_wconf 82' lang='lat' dir='ltr'><strong>atl‘ati</strong></span> <span class='ocrx_word' id='word_1_775' title='bbox 1151 5755 1289 5806; x_wconf 87' lang='lat' dir='ltr'><strong>sunt</strong></span> <span class='ocrx_word' id='word_1_776' title='bbox 1322 5752 1376 5807; x_wconf 92' lang='lat' dir='ltr'><strong>in</strong></span> <span class='ocrx_word' id='word_1_777' title='bbox 1412 5753 1565 5813; x_wconf 90' lang='lat' dir='ltr'><strong>hunc</strong></span> <span class='ocrx_word' id='word_1_778' title='bbox 1599 5762 1860 5819; x_wconf 90' lang='lat' dir='ltr'><strong>modum:</strong></span> 
     </span>
    </p>
   </div>
   <div class='ocr_carea' id='block_1_107' title="bbox 1974 4745 3626 4820">
    <p class='ocr_par' dir='ltr' id='par_1_107' title="bbox 1974 4745 3626 4820">
     <span class='ocr_line' id='line_1_108' title="bbox 1974 4745 3626 4820; baseline 0.005 -22"><span class='ocrx_word' id='word_1_779' title='bbox 1974 4745 2513 4818; x_wconf 81' lang='lat' dir='ltr'><strong>sum,illudqucita</strong></span> <span class='ocrx_word' id='word_1_780' title='bbox 2545 4749 2601 4801; x_wconf 88' lang='lat' dir='ltr'><strong>in</strong></span> <span class='ocrx_word' id='word_1_781' title='bbox 2637 4765 2842 4803; x_wconf 86' lang='lat' dir='ltr'><strong>cavum</strong></span> <span class='ocrx_word' id='word_1_782' title='bbox 2865 4749 3030 4803; x_wconf 84' lang='lat' dir='ltr'><strong>invisi</strong></span> <span class='ocrx_word' id='word_1_783' title='bbox 3057 4750 3269 4818; x_wconf 75' lang='lat' dir='ltr'><strong>anguis</strong></span> <span class='ocrx_word' id='word_1_784' title='bbox 3301 4752 3626 4820; x_wconf 71' lang='lat' dir='ltr'><strong>conjiceut</strong></span> 
     </span>
    </p>
   </div>
   <div class='ocr_carea' id='block_1_108' title="bbox 1976 4836 3628 4910">
    <p class='ocr_par' dir='ltr' id='par_1_108' title="bbox 1976 4836 3628 4910">
     <span class='ocr_line' id='line_1_109' title="bbox 1976 4836 3628 4910; baseline 0.004 -22"><span class='ocrx_word' id='word_1_785' title='bbox 1976 4836 2194 4889; x_wconf 70' lang='lat' dir='ltr'><strong>laciniae</strong></span> <span class='ocrx_word' id='word_1_786' title='bbox 2238 4837 2527 4892; x_wconf 51' lang='lat' dir='ltr'><strong>similiave</strong></span> <span class='ocrx_word' id='word_1_787' title='bbox 2578 4839 2794 4894; x_wconf 83' lang='lat' dir='ltr'><strong>indicia</strong></span> <span class='ocrx_word' id='word_1_788' title='bbox 2840 4838 3092 4894; x_wconf 85' lang='lat' dir='ltr'><strong>exterius</strong></span> <span class='ocrx_word' id='word_1_789' title='bbox 3151 4841 3449 4910; x_wconf 85' lang='lat' dir='ltr'><strong>prodeant.</strong></span> <span class='ocrx_word' id='word_1_790' title='bbox 3506 4840 3628 4896; x_wconf 75' lang='lat' dir='ltr'><strong>Flet</strong></span> 
     </span>
    </p>
   </div>
   <div class='ocr_carea' id='block_1_109' title="bbox 1975 4924 3621 4999">
    <p class='ocr_par' dir='ltr' id='par_1_109' title="bbox 1975 4924 3621 4999">
     <span class='ocr_line' id='line_1_110' title="bbox 1975 4924 3621 4999; baseline 0.005 -23"><span class='ocrx_word' id='word_1_791' title='bbox 1975 4924 2129 4988; x_wconf 89' lang='lat' dir='ltr'><strong>inde,</strong></span> <span class='ocrx_word' id='word_1_792' title='bbox 2153 4929 2214 4977; x_wconf 92' lang='lat' dir='ltr'><strong>ut</strong></span> <span class='ocrx_word' id='word_1_793' title='bbox 2242 4926 2320 4979; x_wconf 88' lang='lat' dir='ltr'><strong>rei</strong></span> <span class='ocrx_word' id='word_1_794' title='bbox 2354 4927 2586 4980; x_wconf 70' lang='lat' dir='ltr'><strong>amissa:</strong></span> <span class='ocrx_word' id='word_1_795' title='bbox 2622 4928 2868 4989; x_wconf 89' lang='lat' dir='ltr'><strong>domini,</strong></span> <span class='ocrx_word' id='word_1_796' title='bbox 2903 4928 3091 4999; x_wconf 82' lang='lat' dir='ltr'><strong>signis</strong></span> <span class='ocrx_word' id='word_1_797' title='bbox 3123 4928 3285 4983; x_wconf 84' lang='lat' dir='ltr'><strong>hisce</strong></span> <span class='ocrx_word' id='word_1_798' title='bbox 3316 4930 3621 4986; x_wconf 90' lang='lat' dir='ltr'><strong>admoniti.</strong></span> 
     </span>
    </p>
   </div>
   <div class='ocr_carea' id='block_1_110' title="bbox 1973 5014 3625 5088">
    <p class='ocr_par' dir='ltr' id='par_1_110' title="bbox 1973 5014 3625 5088">
     <span class='ocr_line' id='line_1_111' title="bbox 1973 5014 3625 5088; baseline 0.002 -20"><span class='ocrx_word' id='word_1_799' title='bbox 1973 5014 2113 5068; x_wconf 89' lang='lat' dir='ltr'><strong>dum</strong></span> <span class='ocrx_word' id='word_1_800' title='bbox 2146 5021 2412 5080; x_wconf 74' lang='lat' dir='ltr'><strong>quzcrunt</strong></span> <span class='ocrx_word' id='word_1_801' title='bbox 2443 5017 2627 5082; x_wconf 81' lang='lat' dir='ltr'><strong>anxie,</strong></span> <span class='ocrx_word' id='word_1_802' title='bbox 2674 5017 2982 5071; x_wconf 84' lang='lat' dir='ltr'><strong>latibulum</strong></span> <span class='ocrx_word' id='word_1_803' title='bbox 3009 5018 3064 5071; x_wconf 93' lang='lat' dir='ltr'><strong>id</strong></span> <span class='ocrx_word' id='word_1_804' title='bbox 3082 5019 3419 5088; x_wconf 76' lang='lat' dir='ltr'><strong>pervadunt,</strong></span> <span class='ocrx_word' id='word_1_805' title='bbox 3442 5020 3625 5073; x_wconf 84' lang='lat' dir='ltr'><strong>malc-</strong></span> 
     </span>
    </p>
   </div>
   <div class='ocr_carea' id='block_1_111' title="bbox 1973 5102 3624 5176">
    <p class='ocr_par' dir='ltr' id='par_1_111' title="bbox 1973 5102 3624 5176">
     <span class='ocr_line' id='line_1_112' title="bbox 1973 5102 3624 5176; baseline 0.004 -19"><span class='ocrx_word' id='word_1_806' title='bbox 1973 5119 2087 5173; x_wconf 86' lang='lat' dir='ltr'><strong>que</strong></span> <span class='ocrx_word' id='word_1_807' title='bbox 2115 5102 2366 5158; x_wconf 84' lang='lat' dir='ltr'><strong>multent</strong></span> <span class='ocrx_word' id='word_1_808' title='bbox 2395 5105 2818 5176; x_wconf 88' lang='lat' dir='ltr'><strong>deprehensum</strong></span> <span class='ocrx_word' id='word_1_809' title='bbox 2838 5108 2977 5162; x_wconf 74' lang='lat' dir='ltr'><strong>ineo</strong></span> <span class='ocrx_word' id='word_1_810' title='bbox 3005 5109 3407 5163; x_wconf 84' lang='lat' dir='ltr'><strong>subsessorem</strong></span> <span class='ocrx_word' id='word_1_811' title='bbox 3434 5114 3624 5164; x_wconf 90' lang='lat' dir='ltr'><strong>tuum.</strong></span> 
     </span>
    </p>
   </div>
   <div class='ocr_carea' id='block_1_112' title="bbox 1979 5192 3626 5271">
    <p class='ocr_par' dir='ltr' id='par_1_112' title="bbox 1979 5192 3626 5271">
     <span class='ocr_line' id='line_1_113' title="bbox 1979 5192 3626 5271; baseline 0.001 -25"><span class='ocrx_word' id='word_1_812' title='bbox 1979 5192 2125 5248; x_wconf 82' lang='lat' dir='ltr'><strong>Fecit</strong></span> <span class='ocrx_word' id='word_1_813' title='bbox 2185 5210 2390 5249; x_wconf 89' lang='lat' dir='ltr'><strong>corvus</strong></span> <span class='ocrx_word' id='word_1_814' title='bbox 2450 5196 2603 5266; x_wconf 85' lang='lat' dir='ltr'><strong>quod</strong></span> <span class='ocrx_word' id='word_1_815' title='bbox 2684 5197 3046 5251; x_wconf 86' lang='lat' dir='ltr'><strong>suadebatur</strong></span> <span class='ocrx_word' id='word_1_816' title='bbox 3100 5214 3312 5266; x_wconf 71' lang='lat' dir='ltr'><strong>magno</strong></span> <span class='ocrx_word' id='word_1_817' title='bbox 3372 5214 3479 5252; x_wconf 89' lang='lat' dir='ltr'><strong>suo</strong></span> <span class='ocrx_word' id='word_1_818' title='bbox 3539 5196 3626 5271; x_wconf 74' lang='lat' dir='ltr'><strong>lq-</strong></span> 
     </span>
    </p>
   </div>
   <div class='ocr_carea' id='block_1_113' title="bbox 1974 5282 3628 5347">
    <p class='ocr_par' dir='ltr' id='par_1_113' title="bbox 1974 5282 3628 5347">
     <span class='ocr_line' id='line_1_114' title="bbox 1974 5282 3628 5347; baseline 0.004 -12"><span class='ocrx_word' id='word_1_819' title='bbox 1974 5297 2092 5347; x_wconf 85' lang='lat' dir='ltr'><strong>cro;</strong></span> <span class='ocrx_word' id='word_1_820' title='bbox 2129 5297 2263 5335; x_wconf 85' lang='lat' dir='ltr'><strong>nam</strong></span> <span class='ocrx_word' id='word_1_821' title='bbox 2300 5282 2383 5337; x_wconf 88' lang='lat' dir='ltr'><strong>sic</strong></span> <span class='ocrx_word' id='word_1_822' title='bbox 2409 5283 2598 5338; x_wconf 83' lang='lat' dir='ltr'><strong>occiso</strong></span> <span class='ocrx_word' id='word_1_823' title='bbox 2633 5301 2808 5339; x_wconf 89' lang='lat' dir='ltr'><strong>manu</strong></span> <span class='ocrx_word' id='word_1_824' title='bbox 2843 5289 2899 5338; x_wconf 89' lang='lat' dir='ltr'><strong>et</strong></span> <span class='ocrx_word' id='word_1_825' title='bbox 2931 5285 3113 5339; x_wconf 85' lang='lat' dir='ltr'><strong>armis</strong></span> <span class='ocrx_word' id='word_1_826' title='bbox 3148 5285 3451 5339; x_wconf 86' lang='lat' dir='ltr'><strong>hominum</strong></span> <span class='ocrx_word' id='word_1_827' title='bbox 3496 5286 3628 5341; x_wconf 82' lang='lat' dir='ltr'><strong>dra-</strong></span> 
     </span>
    </p>
   </div>
   <div class='ocr_carea' id='block_1_114' title="bbox 1976 5369 3629 5445">
    <p class='ocr_par' dir='ltr' id='par_1_114' title="bbox 1976 5369 3629 5445">
     <span class='ocr_line' id='line_1_115' title="bbox 1976 5369 3629 5445; baseline 0.004 -22"><span class='ocrx_word' id='word_1_828' title='bbox 1976 5385 2137 5439; x_wconf 89' lang='lat' dir='ltr'><strong>cone,</strong></span> <span class='ocrx_word' id='word_1_829' title='bbox 2163 5369 2486 5441; x_wconf 85' lang='lat' dir='ltr'><strong>hospitium</strong></span> <span class='ocrx_word' id='word_1_830' title='bbox 2520 5374 2795 5445; x_wconf 86' lang='lat' dir='ltr'><strong>deinceps</strong></span> <span class='ocrx_word' id='word_1_831' title='bbox 2818 5390 2991 5428; x_wconf 88' lang='lat' dir='ltr'><strong>suum</strong></span> <span class='ocrx_word' id='word_1_832' title='bbox 3018 5373 3198 5428; x_wconf 87' lang='lat' dir='ltr'><strong>nullis</strong></span> <span class='ocrx_word' id='word_1_833' title='bbox 3228 5375 3507 5430; x_wconf 80' lang='lat' dir='ltr'><strong>infestum</strong></span> <span class='ocrx_word' id='word_1_834' title='bbox 3542 5374 3629 5429; x_wconf 92' lang='lat' dir='ltr'><strong>in-</strong></span> 
     </span>
    </p>
   </div>
   <div class='ocr_carea' id='block_1_115' title="bbox 1968 5459 2728 5528">
    <p class='ocr_par' dir='ltr' id='par_1_115' title="bbox 1968 5459 2728 5528">
     <span class='ocr_line' id='line_1_116' title="bbox 1968 5459 2728 5528; baseline 0.004 -15"><span class='ocrx_word' id='word_1_835' title='bbox 1968 5459 2147 5528; x_wconf 86' lang='lat' dir='ltr'><strong>juriis</strong></span> <span class='ocrx_word' id='word_1_836' title='bbox 2171 5459 2471 5515; x_wconf 88' lang='lat' dir='ltr'><strong>insidiisve</strong></span> <span class='ocrx_word' id='word_1_837' title='bbox 2502 5462 2728 5516; x_wconf 85' lang='lat' dir='ltr'><strong>habuit.</strong></span> 
     </span>
    </p>
   </div>
   <div class='ocr_carea' id='block_1_116' title="bbox 2046 5587 3632 5664">
    <p class='ocr_par' dir='ltr' id='par_1_116' title="bbox 2046 5587 3632 5664">
     <span class='ocr_line' id='line_1_117' title="bbox 2046 5587 3632 5664; baseline 0.004 -22"><span class='ocrx_word' id='word_1_838' title='bbox 2046 5587 2190 5643; x_wconf 78' lang='lat' dir='ltr'><strong>XVI.</strong></span> <span class='ocrx_word' id='word_1_839' title='bbox 2228 5589 2354 5644; x_wconf 66' lang='lat' dir='ltr'><strong>llasc</strong></span> <span class='ocrx_word' id='word_1_840' title='bbox 2391 5590 2579 5646; x_wconf 86' lang='lat' dir='ltr'><strong>fusius</strong></span> <span class='ocrx_word' id='word_1_841' title='bbox 2629 5592 2783 5663; x_wconf 86' lang='lat' dir='ltr'><strong>apud</strong></span> <span class='ocrx_word' id='word_1_842' title='bbox 2838 5598 2913 5649; x_wconf 88' lang='lat' dir='ltr'><strong>te.</strong></span> <span class='ocrx_word' id='word_1_843' title='bbox 2976 5593 3285 5663; x_wconf 71' lang='lat' dir='ltr'><strong>subiungit</strong></span> <span class='ocrx_word' id='word_1_844' title='bbox 3348 5610 3632 5664; x_wconf 79' lang='lat' dir='ltr'><strong>peroraris</strong></span> 
     </span>
    </p>
   </div>
   <div class='ocr_carea' id='block_1_117' title="bbox 1978 5673 3631 5749">
    <p class='ocr_par' dir='ltr' id='par_1_117' title="bbox 1978 5673 3631 5749">
     <span class='ocr_line' id='line_1_118' title="bbox 1978 5673 3631 5749; baseline 0.004 -19"><span class='ocrx_word' id='word_1_845' title='bbox 1978 5678 2262 5732; x_wconf 87' lang='lat' dir='ltr'><strong>Coronato</strong></span> <span class='ocrx_word' id='word_1_846' title='bbox 2290 5673 2634 5749; x_wconf 83' lang='lat' dir='ltr'><strong>Vestigator,</strong></span> <span class='ocrx_word' id='word_1_847' title='bbox 2651 5682 2857 5749; x_wconf 89' lang='lat' dir='ltr'><strong>amice,</strong></span> <span class='ocrx_word' id='word_1_848' title='bbox 2883 5680 3155 5746; x_wconf 86' lang='lat' dir='ltr'><strong>disserui,</strong></span> <span class='ocrx_word' id='word_1_849' title='bbox 3185 5686 3247 5735; x_wconf 90' lang='lat' dir='ltr'><strong>ut</strong></span> <span class='ocrx_word' id='word_1_850' title='bbox 3266 5682 3631 5736; x_wconf 84' lang='lat' dir='ltr'><strong>ostenderem</strong></span> 
     </span>
    </p>
   </div>
   <div class='ocr_carea' id='block_1_118' title="bbox 1980 5765 3631 5842">
    <p class='ocr_par' dir='ltr' id='par_1_118' title="bbox 1980 5765 3631 5842">
     <span class='ocr_line' id='line_1_119' title="bbox 1980 5765 3631 5842; baseline 0.004 -23"><span class='ocrx_word' id='word_1_851' title='bbox 1980 5765 2166 5837; x_wconf 90' lang='lat' dir='ltr'><strong>pluris</strong></span> <span class='ocrx_word' id='word_1_852' title='bbox 2196 5783 2324 5823; x_wconf 87' lang='lat' dir='ltr'><strong>esse</strong></span> <span class='ocrx_word' id='word_1_853' title='bbox 2350 5770 2724 5838; x_wconf 82' lang='lat' dir='ltr'><strong>prudentiam</strong></span> <span class='ocrx_word' id='word_1_854' title='bbox 2744 5786 2919 5842; x_wconf 87' lang='lat' dir='ltr'><strong>quam</strong></span> <span class='ocrx_word' id='word_1_855' title='bbox 2953 5770 3149 5826; x_wconf 91' lang='lat' dir='ltr'><strong>robur.</strong></span> <span class='ocrx_word' id='word_1_856' title='bbox 3189 5776 3259 5825; x_wconf 85' lang='lat' dir='ltr'><strong>At</strong></span> <span class='ocrx_word' id='word_1_857' title='bbox 3306 5774 3631 5826; x_wconf 72' lang='lat' dir='ltr'><strong>tioronatus</strong></span> 
     </span>
    </p>
   </div>
  </div>
