4248 6442
612 366 749 421 1263

2111 362 2503 417 APPENDIX.

3883 359 4024 413 1264

609 494 783 545 Recte
805 489 1168 561 ista,inquit,
1201 490 1447 556 diceres,
1481 491 1529 546 si
1564 492 1742 546 robur
1780 496 1982 545 taurus
2025 485 2261 542 solertia
2290 484 2339 549 Α
2376 484 2572 555 ipsum
2605 502 2808 542 ausus.
2840 486 2986 542 Fuhi
3019 502 3148 558 ego;
3184 487 3324 557 quid
3347 484 3503 542 enim
3533 490 3795 557 poteram
3829 483 4025 538 aliud?

611 577 960 631 destitutum
992 577 1319 638 obtineret;
1356 577 1519 647 atqui
1579 578 1731 633 idem
1788 582 2066 648 praeterea
2117 590 2257 645 pru-

609 665 990 720 dentissimus
1038 670 1145 720 est.
1197 665 1362 732 Vere,
1416 666 1499 720 ait
1539 666 1889 737 Vestigator,
1937 670 1993 719 et
2022 665 2131 719 hoc
2172 664 2258 719 lo-

609 754 829 824 queris.
872 755 1157 809 Caeterum
1206 759 1263 807 et
1312 770 1417 809 nos
1462 754 1685 824 aliquid
1731 754 1993 809 valemus
2036 755 2090 808 in
2150 752 2260 807 hac

610 848 775 913 parte
824 859 937 912 quo
1001 860 1115 896 non
1178 842 1471 897 immerito
1524 860 1829 913 speremus
1890 842 2262 913 praevalitura

609 931 987 1001 quantwlibet
1018 931 1321 1001 sagacitati
1352 933 1480 1002 ejus
1504 933 1752 987 artificia
1785 939 2002 996 nostra,
2050 949 2257 1002 passu.

606 1034 856 1087 rumque
890 1017 1055 1071 illum
1092 1024 1203 1072 tale
1228 1018 1527 1089 quidpiam
1555 1037 1585 1072 a
1618 1020 1785 1074 nobis
1810 1019 1979 1089 quale
2009 1020 2145 1072 oliui
2173 1018 2259 1071 leo

604 1106 846 1177 quidam
877 1124 910 1160 a
932 1106 1148 1176 lepore,
1181 1108 1446 1176 dejectus
1473 1109 1543 1162 ab
1566 1125 1631 1163 eo
1666 1114 1825 1163 tanto
1859 1108 2175 1162 infirm'ore
2195 1125 2259 1161 ac

606 1194 939 1264 perculsus,
973 1198 1037 1247 ut
1072 1211 1201 1247 mox
1234 1195 1456 1249 audies.
1488 1196 1807 1250 lncubabat
1841 1196 2060 1265 regioni
2119 1196 2259 1248 laetae

608 1284 867 1354 pascuis,
886 1289 940 1337 et
958 1301 1055 1353 per
1069 1284 1175 1338 hoc
1196 1287 1352 1338 omni
1371 1286 1762 1340 animantium
1781 1303 1989 1356 genere
2015 1287 2257 1350 refertae,

603 1374 762 1427 ferus
811 1373 1048 1443 quidam
1116 1374 1225 1437 leo,
1280 1376 1644 1445 quotidianis
1704 1375 2024 1430 latrociniis
2081 1392 2261 1445 agens

612 1462 920 1533 ferensque
955 1462 1199 1518 miseras
1220 1463 1459 1532 bestias,
1485 1465 1629 1518 adeo
1648 1468 1713 1518 ut
1737 1464 1905 1518 anxio
1933 1463 2260 1518 constrictae

606 1554 790 1614 metu,
855 1550 968 1603 frui
1030 1551 1198 1621 copia
1260 1553 1571 1622 nequirent
1624 1570 1799 1623 quam
1856 1553 1963 1607 soli
2025 1552 2262 1606 ubertas

603 1639 982 1709 suggerebat.
1017 1641 1167 1711 Ergo
1200 1640 1334 1711 illae,
1358 1642 1603 1696 consilio
1631 1642 1855 1709 habito,
1911 1642 2259 1713 legationem

601 1727 670 1780 ad
736 1744 869 1781 eum
921 1728 1244 1783 decernunt
1310 1730 1489 1801 hujus
1540 1731 1875 1785 sententia}:
1935 1734 2152 1785 Omnes
2207 1735 2263 1783 te

2367 581 2422 628 et
2455 592 2666 646 magno
2698 577 2968 643 circuitu,
2994 577 3419 648 laboriosisque
3446 577 3706 643 latebris,
3732 576 3847 629 huc
3890 580 4020 629 tan-

2366 664 2495 716 dem
2558 681 2627 717 nc
2689 666 3046 735 promissum
3112 666 3216 720 tibi
3283 667 3631 721 demensum
3696 664 3782 719 vel
3839 663 4021 718 semel

2366 752 2605 818 deferet,
2639 771 2817 823 quam
2852 755 3107 825 primum
3130 754 3297 808 licuit
3326 754 3572 809 accurri.
3606 754 3902 807 Turbatus
3938 753 4025 806 ira

2367 840 2421 891 in
2482 840 2752 895 tumulum
2814 843 3330 897 vehementissima
3390 842 3855 913 superbissimus
3912 841 4023 907 leo,

2367 928 2552 991 Potes,
2581 929 2788 998 inquit,
2825 947 2911 985 me
2943 932 3012 985 ad
3050 931 3227 986 istum
3264 931 3548 985 latronem
3597 931 3853 984 dueere?
3887 934 4023 982 Pos-

2366 1034 2521 1082 sum,
2579 1018 2769 1087 inquit
2826 1020 3015 1090 lepus,
3075 1038 3179 1074 nec
3242 1021 3409 1090 longe
3459 1020 3641 1073 abest.
3706 1018 4026 1083 Statimque

2367 1106 2607 1176 pruriens
2642 1108 2795 1161 sistit
2824 1109 3047 1162 lennem
3073 1110 3140 1160 ad
3195 1128 3258 1162 os
3295 1110 3469 1178 putei,
3518 1126 3687 1177 quem
3728 1108 3780 1159 in
3834 1108 4024 1157 vicim-

2366 1196 2541 1247 situm
2610 1198 3050 1261 observaverat;
3110 1215 3569 1267 eonvei-susquir,
3638 1197 3737 1257 lbi,
3809 1197 4023 1264 inquit,

2365 1283 2611 1349 habitat,
2673 1285 2807 1339 inde
2866 1288 2933 1340 ad
2974 1304 3077 1339 nos
3118 1287 3346 1356 erupit;
3393 1288 3613 1357 inspice
3665 1288 3769 1349 sis,
3820 1285 4020 1338 statim

2363 1373 2607 1436 videbis,
2636 1373 2983 1442 Despectant
3016 1376 3188 1429 ambo
3229 1374 3426 1435 simul,
3448 1380 3503 1428 et
3528 1391 3687 1444 aqum
3713 1376 4027 1443 superficie

2365 1459 2681 1530 imaginem
2718 1462 2965 1516 intuenti
3012 1464 3164 1517 lenni
3219 1458 3513 1533 propriam
3553 1464 3853 1523 reddente,
3899 1463 4024 1515 Non

2364 1548 3109 1622 vides,inquit0pportune
3156 1552 3345 1622 lepus,
3397 1558 3801 1606 contumacem
3853 1556 3909 1605 et
3943 1554 4027 1603 fe-

2363 1638 2524 1691 rum?
2555 1638 2605 1692 is
2638 1639 2761 1709 ipse
2794 1646 2881 1694 est
2913 1645 3281 1711 contemptor
3324 1641 3429 1706 tui,
3483 1640 3781 1710 vectigalis
3842 1641 4026 1692 inter-

2364 1744 2581 1793 versor,
2616 1729 2925 1784 devorator
2959 1729 3209 1783 ministri
3247 1730 3487 1801 publici.
3524 1734 3642 1783 Non
3677 1730 3867 1783 tenuit
3911 1730 4023 1781 im-

603 1816 1329 1889 dominumagnoscimus,
1352 1824 1409 1873 et
1433 1819 2260 1882 uttalistudentes,rationem
2295 1835 2340 1898 Β
2372 1822 2571 1887 petum
2606 1817 2925 1872 iracundiae
2957 1818 3185 1872 ultricis
3240 1835 3306 1872 ea
3355 1835 3601 1872 cernens
3660 1818 4029 1886 audiensque

608 1905 1034 1976 exquisivimus
1060 1924 1177 1978 qua
1206 1913 1263 1962 et
1296 1913 1357 1963 tu
1393 1909 1652 1964 laborem
1709 1909 2039 1963 venationis
2090 1907 2268 1964 lucri-

609 1994 851 2061 faceres,
878 2000 935 2049 et
958 2013 1085 2065 nos,
1121 1998 1274 2067 quod
1310 2002 1412 2053 tua
1441 1997 1616 2053 etiam
1652 1998 1917 2065 interest,
1946 1997 2103 2069 pasci
2127 1996 2272 2051 citra

616 2085 1174 2153 consternationem,
1207 2090 1380 2158 atque
1412 2087 1495 2142 ita
1525 2088 1908 2159 pinguescere
1930 2102 2268 2158 possemus:

616 2198 731 2236 non
766 2197 1106 2237 recusamus
1133 2183 1313 2252 enim,
1365 2185 1601 2253 quando
1656 2184 1776 2238 haec
1833 2188 1935 2238 tua
1984 2188 2041 2237 et
2072 2189 2272 2238 nostra

613 2271 849 2325 fortuna
881 2278 993 2337 est,
1027 2273 1171 2343 quin
1204 2273 1504 2343 carnibus,
1539 2278 1602 2328 ut
1652 2274 1826 2340 soles,
1863 2274 2080 2328 nostris
2123 2291 2269 2345 epu-

610 2359 769 2415 leris.
796 2360 1201 2417 Conditionem
1223 2379 1354 2418 ecce
1380 2363 1562 2435 igitur
1582 2363 1688 2417 tibi
1721 2364 1963 2418 ferimus
1995 2363 2269 2433 utrinque

612 2450 1025 2505 commodam:
1068 2459 1130 2506 ut
1188 2451 1294 2507 tibi
1356 2469 1539 2507 unum
1590 2468 1619 2506 e
1670 2452 1885 2507 nostris
1944 2469 2157 2523 corpus
2208 2453 2266 2506 in

612 2537 809 2593 cibum
846 2539 1146 2609 mittatur,
1176 2546 1239 2595 tu
1298 2546 1493 2595 autem
1549 2556 1616 2595 eo
1676 2540 1886 2595 diurno
1934 2546 2267 2611 contentus,

613 2626 859 2697 fatigare
889 2632 943 2682 te
976 2645 1042 2683 ac
1066 2633 1280 2684 terrere
1310 2647 1414 2686 nos
1466 2629 1721 2685 desinas.
1777 2630 2000 2685 Placuit
2058 2647 2266 2701 propo-

612 2708 918 2771 sitio'leoni
944 2733 957 2771 :
979 2717 1373 2790 deincepsque
1403 2719 1748 2790 quotidiana
1786 2718 2088 2774 sortitione
2114 2719 2267 2775 desi-

612 2810 859 2876 gnatum
920 2804 1135 2862 animal
1188 2823 1390 2875 unum,
1449 2825 1483 2862 a
1535 2808 1757 2863 delecto
1805 2808 1877 2863 ad
1926 2808 1983 2862 id
2035 2808 2267 2879 publice

614 2894 884 2949 ministro
914 2895 1316 2951 deducebatur
1347 2898 1417 2951 ad
1450 2896 1699 2952 leonem.
1723 2897 1862 2952 Post
1894 2898 2110 2953 multos
2141 2897 2267 2953 dies

614 2987 769 3038 sorte
802 2985 1116 3040 damnatus
1138 2985 1306 3058 lepus
1338 2986 1422 3041 sic
1454 2986 1511 3040 in
1546 2986 1791 3042 concilio
1824 2986 2142 3041 bestiarum
2177 2990 2269 3041 est

613 3075 878 3131 locutus:
905 3077 962 3131 Si
1001 3093 1092 3132 me
1124 3095 1239 3133 non
1266 3076 1702 3145 fallit_animus,
1744 3086 1798 3133 et
1829 3078 1982 3133 Deus
2014 3079 2268 3150 cogitata

613 3165 889 3235 fortunat,
924 3165 1185 3222 liberabo
1216 3184 1318 3222 vos
1348 3167 1511 3239 gravi
1533 3183 1706 3223 onere
1736 3168 2022 3239 tyrannici
2059 3167 2263 3222 tributi

612 3255 784 3309 modo
815 3256 970 3326 quod
1004 3260 1157 3326 peto,
1193 3255 1535 3311 facillimum
1576 3272 1880 3324 concessu,
1933 3256 2262 3328 impetrem.

606 3351 922 3407 Jusserunt
961 3369 1165 3409 omnes
1204 3354 1395 3408 dicere
1447 3370 1571 3423 qua:
1606 3352 1799 3408 vellet.
1850 3354 1918 3408 Et
1959 3353 2093 3421 ille;
2155 3354 2263 3409 Po-

608 3440 786 3509 stulo,
821 3441 1034 3511 inquit,
1069 3443 1185 3497 duo
1217 3443 1289 3496 ab
1320 3460 1386 3498 eo
1409 3442 1507 3513 qui
1544 3459 1635 3497 me
1665 3444 1736 3498 de
1768 3460 1927 3497 more
1975 3442 2265 3499 ducturus

607 3531 676 3585 ad
722 3529 946 3585 leonem
983 3536 1093 3586 est:
1122 3532 1379 3603 primum
1412 3547 1484 3586 ne
1518 3548 1609 3587 me
1652 3537 1855 3602 urgeat
1881 3532 1940 3586 in
2000 3532 2110 3599 via,
2158 3533 2259 3587 sed

609 3635 700 3673 me
724 3618 977 3673 arbitatu
1005 3636 1134 3675 meo
1154 3620 1443 3675 moderari
1495 3636 1765 3690 gressum
1799 3621 1974 3675 sinat:
2010 3620 2260 3676 alterum

607 3712 673 3761 ut
705 3724 837 3762 cum
872 3725 1053 3780 prope
1082 3710 1506 3765 accesserimus
1525 3710 1598 3763 ad
1621 3710 1808 3765 leonis
1830 3726 2095 3781 specum,
2120 3709 2263 3764 deli-

605 3801 793 3852 tescat
824 3798 972 3870 ipse;
1009 3815 1144 3853 nam
1178 3815 1271 3854 me
1288 3815 1564 3869 apparere
1588 3803 1816 3869 oportet
1833 3799 2025 3853 solum
2054 3803 2262 3869 utquae

608 3886 895 3941 destinavi
955 3903 1296 3943 successum
1360 3888 1647 3943 habeant.
1709 3887 2036 3958 Utrumque
2102 3888 2259 3943 haud

605 3982 841 4047 gravate
871 3976 1103 4044 datum,
1135 3983 1193 4032 et
1222 3978 1376 4049 quod
1408 3978 1556 4032 bene
1602 3982 1849 4032 verteret
1904 3977 2259 4048 imperatum

605 4066 878 4122 ministro
936 4068 1173 4138 publico
1242 4066 1708 4139 repraesentatori
1761 4067 1968 4121 tributi
2027 4073 2145 4134 est,
2197 4072 2262 4124 ut

602 4155 783 4227 lepori
823 4174 949 4228 quae
1015 4156 1187 4213 vellet
1237 4158 1676 4227 obsequeretur.
1737 4156 2023 4212 Postridie
2085 4157 2258 4226 proﬁ-

599 4246 925 4311 ciscuntur,
959 4263 1154 4301 moras
1181 4247 1251 4301 de
1281 4246 1575 4302 industria
1608 4250 1877 4301 nectente
1918 4245 2111 4315 lepore
2145 4263 2258 4317 quo

598 4352 776 4412 quam
802 4335 1144 4391 tardissime
1194 4353 1256 4391 se
1316 4336 1569 4391 sisteret.
1628 4335 1738 4389 Leo
1797 4335 2054 4402 interim,
2115 4334 2261 4390 hora

596 4425 823 4479 dudum
884 4424 1179 4496 prieterita
1236 4425 1499 4480 consueti
1551 4429 1779 4495 pastus,
1840 4425 1989 4478 fame
2055 4424 2257 4494 iraque

594 4513 1573 4585 stimulantibusimpatientissime
1604 4513 1857 4576 furebat,
1899 4529 2031 4567 cum
2086 4513 2255 4567 offert

590 4616 721 4656 ecce
771 4602 852 4657 illi
906 4620 968 4658 se
1014 4604 1125 4659 sub
1184 4619 1489 4674 vesperam
1552 4602 1715 4657 solus
1770 4606 1981 4673 praeter
2029 4618 2250 4657 morem

590 4689 783 4762 lepus,
816 4692 920 4748 Cui
950 4692 1068 4758 ille,
1093 4694 1228 4757 Quae
1280 4692 1477 4746 isthazc
1539 4691 1757 4747 malum
1808 4691 2054 4762 perfidia
2111 4690 2247 4746 est?

586 4791 799 4861 inquit:
836 4793 1054 4847 docebo
1086 4808 1192 4863 ego
1214 4809 1313 4847 vos
1338 4792 1522 4863 pactis
1545 4798 1719 4847 stare.
1747 4789 1924 4845 Plura
1945 4790 2243 4845 dicturum

584 4885 641 4935 et
707 4880 1050 4946 irruentem,
1118 4880 1453 4952 interpellat
1510 4879 1940 4935 demississime
1994 4880 2244 4951 supplex

581 4968 772 5041 lepus.
818 4971 877 5026 Si
903 4988 995 5025 me
1026 4970 1222 5038 audis,
1243 4970 1501 5041 domine,
1525 4971 1679 5041 quod
1702 4974 1805 5025 tua
1826 4969 1975 5024 scire
1998 4985 2237 5039 magno-

578 5074 715 5128 pere
748 5060 1011 5128 interest,
1046 5058 1367 5127 dicturum,
1393 5077 1507 5114 non
1532 5060 1727 5114 solum
1752 5059 2023 5130 ignosces
2046 5058 2238 5127 nobis,

574 5158 678 5212 sed
710 5162 766 5213 et
797 5157 1069 5213 laudabis
1101 5158 1276 5213 fidem
1316 5162 1592 5214 nostram.
1625 5158 1865 5212 Obvium
1903 5173 1967 5212 se
1997 5156 2235 5211 venien-

566 5246 727 5303 tibus
760 5247 877 5303 huc
910 5248 1083 5304 nobis
1111 5246 1358 5303 tulitleo
1383 5247 1555 5314 alius,
1581 5247 1679 5318 qui
1703 5248 2008 5302 ductorem
2032 5261 2231 5301 meum

566 5353 659 5391 me
718 5338 1004 5409 majorem
1063 5338 1360 5408 arripuit;
1421 5354 1487 5393 ac
1518 5336 1994 5393 contestantibus
2064 5336 2231 5391 enixe

561 5428 754 5494 nobis,
792 5434 1125 5483 commeatu
1164 5445 1267 5482 nos
1301 5433 1436 5483 tuos
1468 5443 1535 5483 ac
1560 5428 1736 5497 jussu
1797 5426 2059 5481 debitum
2120 5425 2229 5480 tibi

562 5519 800 5588 vectigal
884 5535 1172 5591 pensuros
1251 5518 1567 5589 proﬁcisci,
1641 5516 1827 5571 nihilo
1884 5515 1981 5570 ille
2034 5516 2228 5571 secius

560 5610 786 5678 peregit
820 5610 971 5679 quod
1007 5616 1259 5681 cceperat
1294 5607 1673 5663 contumeliis
1704 5606 1879 5661 etiam
1917 5622 1983 5661 ac
2044 5604 2223 5660 male-

558 5698 748 5765 dictis,
786 5717 911 5769 qua:
956 5701 1011 5753 in
1046 5703 1222 5769 caput
1252 5699 1381 5767 ejus
1431 5702 1681 5762 vertant,
1743 5695 2109 5751 incomitiare
2168 5702 2223 5750 te

2377 1903 2487 1970 leo,
2512 1907 2611 1959 sed
2661 1907 2893 1960 fremitu
2955 1906 3154 1960 statim
3214 1907 3454 1960 immani
3490 1907 3731 1960 velutin
3795 1906 4029 1960 hostem

2378 1992 2629 2063 irruens,
2663 1995 2832 2065 aquis
2856 1996 3013 2067 putei
3038 1995 3287 2050 haustus
3320 2005 3368 2049 et
3402 1996 3721 2050 suffocatus
3764 1994 4033 2063 interiit;

2380 2083 2572 2152 lepore
2595 2101 2726 2138 cum
2762 2083 2943 2138 accito
2965 2100 2994 2138 e
3018 2083 3257 2139 latebris
3289 2084 3547 2148 ductore,
3575 2083 3749 2137 salvis
3784 2084 3855 2137 ad
3892 2100 4033 2137 suos

2378 2173 2782 2239 redeuntibus,
2818 2190 2883 2227 ac
2943 2173 3171 2244 magnis
3221 2175 3481 2244 ipsorum
3529 2173 4031 2243 gratulationibus

2374 2262 2651 2331 exceptis.
2686 2263 2771 2316 Ad
2805 2261 2913 2317 hoc
2963 2262 3293 2333 exemplum
3355 2263 3582 2317 confido
3641 2279 3732 2316 me
3792 2278 4031 2332 quoque

2377 2367 2799 2421 persuasurum
2832 2357 3022 2418 tauro,
3060 2368 3184 2422 quae
3218 2351 3383 2405 illum
3419 2351 3599 2406 stulte
3625 2351 3930 2405 credulum
3970 2351 4028 2404 in

2374 2440 2613 2496 exitium
2649 2440 3033 2512 praecipitent.

2444 2566 2606 2621 XVII.
2642 2566 2727 2620 Tu
2793 2582 2945 2635 vero,
2990 2566 3072 2621 ait
3121 2565 3464 2631 Coronatus,
3515 2563 3809 2636 siquidem
3871 2567 4036 2635 quod

2374 2657 2521 2712 dicis
2547 2662 2729 2728 potes,
2758 2657 3059 2727 providere
3086 2661 3304 2725 tamen,
3333 2657 3677 2728 priusquam
3715 2656 3771 2709 id
3796 2694 3799 2695 ν
3821 2673 4039 2727 aggre-

2374 2746 2576 2811 diaris,
2616 2746 2793 2801 debes
2827 2762 2899 2801 ne
2932 2762 3107 2817 quam
3152 2745 3512 2801 machinaris
3568 2750 3737 2800 tauro
3782 2751 4038 2817 pestem,

2374 2852 2443 2891 ea
2472 2852 2607 2890 cum
2634 2835 2820 2891 leonis
2846 2836 2999 2907 regis
3032 2835 3214 2890 nostri
3248 2834 3503 2906 pernicie
3533 2839 3635 2891 aut
3656 2836 4040 2890 incommodo

2375 2925 2693 2994 conjuncta
2722 2924 2800 2979 sit
2824 2942 2837 2992 ;
2861 2924 3147 2979 denuntio
3169 2925 3327 2979 enim
3360 2924 3467 2979 tibi
3528 2940 3621 2979 me
3673 2928 4039 2995 caeterasque

2375 3014 2707 3069 animantes
2758 3031 2885 3085 quae
2926 3018 3295 3069 sacramento
3370 3014 3517 3069 leoni
3578 3014 3858 3083 diximus,
3912 3031 4038 3068 non

2374 3103 2769 3173 permissuros
2788 3104 2915 3174 (nec
2931 3103 3087 3158 enim
3108 3103 3270 3158 salva
3288 3103 3400 3158 fide
3425 3106 3765 3175 possumus)
3790 3103 4040 3158 domino

2297 3202 2340 3267 α
2383 3197 2579 3247 nostro
2612 3209 2962 3264 quocunque
2995 3198 3273 3263 praetextu
3304 3197 3359 3246 te
3393 3208 3615 3247 nocere.
3654 3194 3842 3256 Quare
3873 3208 4038 3259 cum,

2374 3296 2489 3351 quo
2534 3280 2659 3336 loco
2718 3298 2809 3336 res
2860 3282 3031 3335 modo
3090 3286 3252 3346 sunt,
3311 3285 3430 3335 tam
3482 3280 3851 3335 necessarius
3876 3280 4039 3334 leoni

2374 3370 2639 3440 regnanti
2659 3370 3006 3425 administer
3024 3368 3244 3441 publici
3268 3370 3572 3441 regiminis
3595 3369 3720 3425 tolli
3742 3370 3813 3424 de
3838 3370 4041 3423 medio

2372 3474 2486 3512 non
2521 3458 2707 3529 possit
2742 3459 2870 3513 sine
2900 3458 3063 3531 gravi
3114 3459 3459 3529 imperantis
3519 3460 3758 3518 damno.
3821 3475 4040 3513 revoca

2369 3548 2509 3601 dum
2544 3546 2679 3602 licet
2701 3548 2914 3604 rebelle
2938 3550 3328 3621 propositum,
3355 3554 3527 3620 teque
3550 3547 3609 3602 in
3642 3548 4042 3617 subjectionis

2368 3636 2559 3689 oftieio
2618 3637 2873 3692 contine.
2934 3637 3036 3692 His
3094 3636 3428 3708 Vestigator
3487 3638 3748 3702 auditis,
3810 3637 4045 3707 quievit

2369 3724 2559 3779 adhuc
2593 3724 2716 3780 dies
2744 3723 2988 3795 aliquot.
3016 3725 3151 3780 Post
3193 3742 3341 3796 quos
3368 3725 3595 3780 leonem
3629 3726 3834 3779 adiens
3888 3726 4041 3781 affe-

2369 3818 2524 3867 ctata
2547 3814 2826 3869 mmstitia
2856 3814 3313 3886 cogitabundus,
3347 3815 3418 3869 ab
3468 3832 3533 3870 eo
3592 3832 3714 3869 rem
3778 3815 4041 3870 mirante

2368 3903 2627 3957 audivit:
2663 3905 2797 3968 Quae
2828 3909 2882 3958 te
2915 3920 3125 3959 causa:
3164 3903 3390 3959 tristem
3414 3903 3591 3958 facit?
3620 3906 3707 3958 An
3730 3904 3836 3959 tibi
3872 3907 4036 3975 quod

2369 3992 2553 4047 nolles
2612 3992 2833 4063 aliquid
2893 3994 3149 4048 accidit?
3196 3997 3264 4048 Et
3308 3993 3445 4048 ille:
3506 3993 3733 4048 Accidit
3785 3995 4038 4050 omnino

2366 4081 2671 4136 infandum
2708 4088 2764 4136 et
2783 4083 3082 4138 funestum
3103 4082 3207 4137 tibi
3226 4082 3395 4152 juxta
3414 4082 3679 4153 mihique
3700 4084 4040 4154 quidpiam,

2367 4176 2542 4241 atque
2574 4170 2717 4225 illud
2744 4171 3037 4241 ejusmodi
3097 4172 3253 4243 quod
3313 4172 3453 4243 quia
3504 4170 3609 4225 tibi
3648 4173 3767 4227 fore
3826 4174 4040 4229 auditu

2369 4258 2678 4315 molestum
2700 4260 2841 4329 scio,
2858 4261 2929 4315 ab
2945 4278 3010 4316 eo
3030 4261 3344 4316 indicando
3369 4261 3706 4316 deterrebar
3727 4263 4009 4331 equidem
4024 4306 4040 4331 ,

2368 4356 2527 4404 metu
2551 4349 2880 4406 offendendi
2916 4367 3086 4406 aures
3118 4355 3251 4407 tuas
3282 4350 3497 4406 indicio
3529 4351 3756 4422 ingrato
3787 4369 3797 4406 :
3832 4356 4036 4407 tamen

2368 4439 2464 4493 ubi
2500 4454 2695 4494 meum
2729 4440 3258 4510 flagrantissimum
3288 4439 3497 4494 salutis
3518 4456 3582 4494 ac
3611 4442 4035 4511 prosperitatis

2285 4565 2329 4628 Ι)
2365 4532 2476 4582 tuas
2522 4528 2785 4583 studium
2837 4530 3104 4600 consulo,
3170 4530 3368 4601 potius
3419 4528 3750 4583 habendam
3812 4531 4035 4601 capitis

2363 4634 2541 4687 quam
2573 4618 2805 4672 aurium
2842 4619 3120 4673 rationem
3162 4619 3403 4689 judico;
3464 4634 3569 4673 nec
3620 4617 4033 4674 dubitandum

2360 4712 2474 4761 tute
2505 4706 2824 4762 imminens
2852 4708 2980 4762 vita:
3013 4707 3339 4778 periculum
3376 4721 3656 4772 avertere,
3690 4706 3776 4761 vel
3821 4708 4033 4763 obtru-

2358 4797 2571 4865 dendo,
2600 4813 2734 4851 cum
2768 4796 2847 4852 ita
2877 4815 3025 4869 opus
3050 4798 3149 4866 sit,
3178 4797 3411 4852 fastidio
3435 4796 3821 4868 inauspicata:
3856 4815 4033 4853 men-

2357 4886 2554 4941 tionis.
2590 4889 2777 4952 Quare
2810 4891 2929 4953 tua,
2964 4886 3223 4951 domine,
3266 4885 3561 4957 sapientia
3602 4902 3721 4940 rem
3776 4885 4028 4957 dignam

2354 4974 2579 5040 feceris,
2615 4974 2663 5028 si
2698 4991 2787 5028 me
2819 4974 3109 5045 patienter
3138 4973 3343 5029 audies
3374 4990 3442 5029 ea
3483 4976 3829 5028 referentem
3884 4976 4019 5045 qui-

2352 5064 2463 5118 bus
2495 5061 2822 5118 clarissime
2855 5063 3168 5135 perpicias,
3202 5068 3258 5117 et
3318 5080 3505 5117 meam
3541 5064 3598 5117 in
3632 5068 3687 5117 te
3720 5064 4022 5119 sinceram

2351 5153 2547 5220 fidem,
2580 5157 2638 5206 et
2667 5168 2869 5207 eorum
2887 5151 3724 5223 perfidiosasinolitiones,qui
3757 5154 4026 5209 summis

2346 5243 2466 5296 tuis
2484 5241 2779 5296 beneficiis
2801 5243 3114 5297 malefacta
3137 5243 3456 5313 rependere
3481 5242 3698 5296 nefaria
3728 5242 4022 5311 cogitant.

2347 5337 2534 5403 Atque
2566 5347 2672 5402 ego
2706 5330 2763 5384 in
2798 5330 3102 5402 procinctu
3139 5330 3453 5385 delationis
3490 5331 3860 5395 necessaria},
3899 5349 4021 5387 non

2344 5423 2587 5493 ignarus
2618 5419 2999 5474 artificiorum
3032 5419 3449 5486 simulationis,
3506 5419 3675 5473 facile
3732 5420 3905 5473 video
3958 5421 4015 5473 in

2340 5516 2629 5583 quantum
2664 5525 2757 5564 me
2775 5509 3179 5565 discriminein
3208 5510 3537 5581 projiciam,
3564 5507 3868 5579 periturus
3898 5510 4019 5564 nisi

2340 5615 2689 5673 persuasero
2721 5600 2875 5669 quod
2930 5599 3148 5654 dicam.
3210 5598 3481 5670 Erumpit
3540 5605 3740 5653 tamen
3793 5599 4017 5668 juratce

2337 5692 2441 5746 tibi
2478 5687 2782 5743 ﬁdelitatis
2814 5687 3074 5743 ofﬁcium
3110 5694 3275 5743 trans
3308 5688 3504 5743 minas
3538 5686 4020 5759 formidinesque
