4248 6442
199 392 343 447 1265

1217 390 1577 444 SPECIMEN
1615 392 2015 446 SAPIENTLE
2055 395 2393 451 lNDORUM
2432 401 2593 452 VET.

3483 397 3619 451 1266

191 516 768 589 omnes,subigitque
791 514 1497 584 aleamjacereinfortunii
1528 515 1846 584 quantivis,
1880 519 1929 582 Α
1964 534 2091 572 rum
2129 526 2365 589 putans,
2404 540 2579 577 manu
2615 523 2969 592 prehensum
2993 523 3316 594 projecitin
3344 523 3609 589 ﬂuvium,

190 610 333 662 dum
369 606 500 671 tibi,
527 606 765 660 domine
796 605 969 674 cujus
1004 619 1101 658 ore
1132 602 1446 658 venerabili
1483 602 1726 673 spiritus
1759 604 1853 658 hic

190 711 360 750 meus
394 694 669 760 trahitur,
702 693 790 749 vel
825 709 955 747 meo
987 692 1159 747 exitio
1208 691 1537 756 consulam,
1593 708 1658 745 ac
1713 705 1852 763 quo‘

189 801 427 857 cunque
459 799 738 838 successu
772 782 995 853 aperire
1020 782 1293 847 audeam,
1315 797 1442 851 qua:
1479 780 1590 835 nisi
1626 798 1852 851 praeno-

185 874 364 941 veris,
385 871 656 928 ultimam
680 876 790 926 ate
821 871 1046 925 cladem
1083 870 1187 939 (dii
1220 886 1389 923 omen
1409 872 1849 940 averruncent!)

186 966 413 1017 frustra
444 962 750 1017 conaberis
773 958 1079 1030 depellere.
1101 959 1224 1012 Erit
1256 958 1464 1012 solatio
1492 958 1852 1013 conscientia

190 1053 291 1104 tati
327 1067 505 1106 causa
534 1050 797 1120 pereunti
830 1066 843 1105 :
893 1064 997 1102 nec
1027 1047 1388 1119 generositas
1436 1046 1848 1117 imprudentia:

186 1139 543 1210 culpabitur,
576 1139 778 1209 utique
811 1138 1219 1191 auctoritatem
1255 1138 1454 1191 secuta
1485 1136 1847 1205 sapientum,

184 1255 439 1310 quorum
500 1236 675 1305 vulgo
733 1235 957 1290 celebre
1020 1234 1298 1304 probatur
1350 1234 1572 1287 dictum
1611 1251 1622 1287 :
1656 1234 1770 1289 Nec
1815 1251 1848 1289 a

182 1327 421 1381 subdito
456 1320 919 1380 benevolentiam
955 1322 1228 1393 principi,
1264 1338 1367 1377 nec
1401 1323 1473 1376 ab
1505 1338 1659 1392 :egro
1694 1340 1846 1378 mor-

183 1419 327 1471 bum
361 1416 609 1478 medico,
642 1431 748 1469 nec
783 1432 811 1468 τι
844 1428 1098 1484 paupere
1130 1413 1388 1483 inopiam
1442 1413 1604 1466 diviti
1652 1431 1685 1466 a
1757 1414 1842 1469 ico

186 1505 472 1560 abscondi
510 1520 766 1574 unquam
800 1508 1086 1573 oportere.
1141 1502 1340 1572 Accepi
1393 1518 1497 1571 ego
1520 1519 1552 1554 a
1584 1503 1838 1571 quodam

182 1594 298 1648 fide
354 1593 554 1663 digno,
604 1597 839 1646 taurum
877 1590 1211 1659 proceribus
1245 1590 1355 1643 sibi
1389 1590 1655 1644 obnoxiis
1689 1590 1839 1645 clam

182 1681 522 1738 convocatis
555 1680 774 1735 dixisse
811 1697 822 1732 :
857 1679 1333 1749 Experimentum
1368 1679 1514 1748 εωρὶ
1542 1682 1633 1731 sat
1669 1679 1836 1747 longo

182 1774 302 1841 jam
330 1788 441 1825 usu
477 1769 837 1825 fortitudinis
870 1771 925 1821 et
958 1768 1280 1836 prudentiae
1311 1766 1518 1829 leonis,
1551 1768 1839 1839 comperi-

1970 607 2066 659 ubi
2098 610 2409 664 confestim
2444 610 2540 665 ille
2573 612 2748 666 sociis
2779 611 3086 681 gratulans
3122 612 3377 665 narravit
3404 612 3609 666 mortis

1964 711 2025 748 se
2056 695 2430 753 simulatione
2463 700 2634 755 vitam
2668 701 3003 756 redemisse.
3037 700 3609 770 Tertiusimplicitus

1964 785 2072 838 reti
2125 790 2342 842 temere
2373 789 2689 860 cespitaus,
2750 806 2813 843 ac
2859 806 3095 843 sursum
3131 789 3405 843 deorsum
3440 789 3607 845 caecis

1963 875 2217 928 motibus
2252 876 2603 947 impingens,
2634 877 2900 931 stultitiae
2926 894 3124 948 pmnas
3146 894 3263 931 sua:
3282 880 3487 947 captus
3509 876 3606 930 de-

1963 962 2305 1017 dit.Similia
2330 966 2584 1034 patietur
2601 966 3227 1037 quisquisdenuntiato
3241 965 3607 1020 indormiens

1962 1051 2240 1121 periculo,
2268 1053 2588 1123 neglexerit
2617 1054 2704 1109 vel
2736 1056 3084 1126 tempestive
3119 1058 3478 1126 prmvertere,
3516 1052 3604 1107 vel
3665 1079 3677 1089 -

1960 1138 2205 1194 solerter
2225 1141 2460 1197 eludere
2494 1142 2741 1197 insidias
2770 1144 2884 1198 ﬁdo
2935 1144 3150 1198 indicio
3196 1143 3604 1214 prazcognitas.

2029 1244 2222 1300 XVIII.
2249 1247 2510 1318 Percipio
2532 1249 2688 1319 quod
2711 1248 2882 1315 dicis,
2906 1248 2994 1304 leo
3048 1250 3154 1315 ait;
3193 1249 3293 1303 sed
3318 1264 3431 1303 non
3465 1252 3605 1319 puto

1957 1338 2189 1388 taurum
2225 1335 2366 1389 nihil
2410 1353 2441 1390 a
2476 1352 2566 1390 me
2599 1353 2838 1407 passum
2876 1338 3034 1406 mali,
3084 1336 3248 1391 dolos
3280 1343 3482 1391 contra
3513 1353 3605 1391 me

1956 1414 2177 1477 moliri.
2204 1424 2419 1478 Contra
2458 1424 2789 1494 Vestigator
2816 1443 2829 1480 :
2858 1426 2973 1481 Hoc
2997 1425 3600 1496 ipsum,inquit,nihil

1955 1528 1986 1563 a
2019 1516 2073 1565 te
2099 1512 2235 1565 mali
2272 1529 2513 1582 passum
2546 1530 2675 1568 esse
2707 1519 2962 1581 taurum,
2996 1515 3189 1585 ipsum
3242 1512 3480 1584 impulit
3528 1515 3599 1567 ad

1953 1600 2356 1655 insidiandum
2397 1602 2501 1656 tibi
2539 1620 2551 1656 :
2587 1620 2719 1657 nam
2771 1603 2936 1658 illum
2997 1620 3177 1673 supra
3225 1619 3430 1657 omnes
3460 1603 3596 1656 etle-

1953 1707 2108 1757 reus,
2142 1691 2196 1744 id
2221 1692 2412 1762 egisti,
2438 1698 2500 1745 ut
2524 1696 2579 1747 te
2600 1693 2790 1747 solum
2824 1693 3393 1765 intueretur,quippe
3419 1707 3595 1763 quem

1950 1795 2133 1833 unum
2167 1779 2407 1834 haberet
2436 1798 2614 1851 supra
2644 1798 2726 1851 se,
2755 1782 3038 1852 depositis
3079 1782 3231 1836 infra
3257 1783 3484 1836 cunctis
3508 1796 3597 1835 re-

183 1877 301 1931 que
334 1865 645 1929 utramque
681 1858 1059 1924 mediocrem,
1094 1872 1165 1909 ne
1194 1856 1481 1909 medieam
1515 1872 1577 1909 ac
1610 1857 1833 1911 nullam

1949 1868 2145 1938 liquis.
2200 1868 2298 1922 Est
2343 1873 2537 1923 autem
2594 1875 2805 1925 natura
2836 1871 3238 1940 improbarum
3282 1871 3596 1937 mentium,

178 1950 380 2005 verius
408 1949 618 2002 dicam.
658 1948 733 2001 Ex
765 1947 872 2001 hoc
904 1946 1034 2016 ejus
1065 1946 1296 1999 exordio
1331 1944 1581 1998 divinavi
1636 1947 1833 2001 statim

180 2039 321 2108 quid
358 2037 595 2092 sceleris
627 2052 691 2090 ac
727 2034 974 2089 monstri
1009 2033 1230 2101 reliqua
1276 2035 1593 2103 parturiret
1626 2036 1833 2089 oratio.

183 2127 422 2182 Minime
482 2125 752 2179 videlicet
809 2125 1125 2177 obscurum
1166 2126 1254 2177 est
1299 2122 1449 2177 hanc
1480 2123 1609 2192 ejus
1642 2123 1835 2195 impu-

180 2217 442 2271 dentiam
477 2232 540 2269 eo
575 2229 974 2285 prorumpere,
1011 2216 1074 2265 ut
1098 2216 1172 2279 te,
1206 2212 1306 2282 qui
1336 2228 1467 2266 eum
1493 2214 1751 2268 extulisti
1778 2214 1833 2267 in

181 2306 363 2360 ferme
394 2321 594 2375 parem
639 2303 745 2357 tibi
793 2302 1099 2368 honorem,
1135 2300 1350 2355 nefarie
1401 2302 1713 2355 deturbare
1766 2304 1834 2357 de

180 2394 330 2449 solio
373 2394 711 2460 contendat,
758 2391 982 2461 tibique
1013 2394 1307 2445 extortum
1343 2390 1654 2461 imperium
1690 2392 1835 2446 arri-

183 2497 338 2553 pere.
383 2482 622 2551 Oportet
676 2484 870 2534 autem
938 2494 1101 2549 reges
1162 2479 1357 2532 subito
1417 2495 1482 2532 ac
1543 2479 1837 2534 senserint

186 2570 504 2625 machinari
564 2569 793 2639 aliquos
884 2584 1129 2639 regnum
1202 2567 1464 2637 ipsorum
1524 2568 1832 2637 invadere,

189 2684 597 2741 praeoccupare
632 2673 867 2721 strenue
900 2666 1119 2719 nefaria
1152 2665 1416 2729 consilia,
1465 2666 1835 2739 dejicereque

185 2766 413 2812 mature
444 2757 716 2827 perfidos,
743 2772 847 2809 nec
870 2755 1231 2809 committere
1260 2756 1668 2825 intempestiva
1692 2756 1834 2810 leni-

189 2852 304 2902 tate
356 2852 419 2900 ut
468 2846 899 2900 seelestissimm
927 2843 1257 2897 molitiones
1292 2844 1495 2914 ignava
1529 2845 1833 2900 nutricata:

186 2932 478 3005 patientia
509 2931 827 2986 valentium
868 2930 1175 3001 principiis
1208 2931 1461 2994 obstare,
1495 2931 1833 2987 adolescant

184 3024 241 3077 in
268 3022 383 3075 vim
417 3021 627 3075 deinde
662 3022 963 3090 majorem,
1016 3035 1194 3089 quam
1249 3024 1310 3072 ut
1369 3020 1419 3073 ei
1475 3024 1740 3090 apertum
1776 3022 1831 3076 in

180 3120 456 3167 conatum
490 3110 819 3180 erumpenti
853 3114 1028 3179 queat
1087 3108 1318 3162 obsisti.
1366 3108 1548 3178 Cujus
1598 3109 1834 3166 laudate

1944 1956 2259 2025 praesertim
2291 1957 2612 2013 ambitione
2634 1964 3068 2029 corruptarum,
3095 1959 3385 2031 quidquid
3410 1958 3599 2013 oculis

1941 2045 2217 2113 objicitur
2251 2045 2626 2116 splendidum
2661 2048 2820 2101 omni
2853 2049 2907 2101 vi
2944 2065 3241 2119 prensare,
3267 2065 3332 2102 ac
3365 2053 3484 2102 toto
3508 2063 3597 2102 eo-

1942 2139 2081 2189 natu
2116 2134 2346 2204 insequi
2380 2140 2443 2189 ut
2474 2137 2778 2207 arripiant.
2816 2138 2894 2191 Ex
2927 2138 3032 2192 hoc
3082 2154 3297 2209 genere
3344 2142 3594 2205 taurus;

1941 2223 2046 2277 etsi
2092 2239 2192 2294 per
2220 2227 2379 2277 tuam
2430 2240 2724 2280 summam
2759 2226 3184 2296 indulgentiam
3218 2226 3431 2281 solium
3457 2227 3583 2295 jam

1941 2313 2122 2366 ferme
2145 2316 2311 2366 tuum
2338 2313 2845 2386 attigit,suprema3
2870 2321 2981 2369 tuae
3004 2315 3371 2371 auctoritatis
3409 2319 3592 2389 parti-

1941 2417 2078 2472 ceps
2110 2400 2167 2454 in
2200 2400 2381 2455 libera
2439 2419 2629 2457 rerum
2688 2403 3193 2460 administratione
3226 2406 3438 2473 factus,
3477 2426 3592 2466 non

1941 2495 2136 2545 tamen
2160 2490 2213 2544 id
2248 2490 2332 2544 illi
2366 2490 2607 2556 sufficit,
2634 2493 2734 2546 sed
2757 2497 2812 2546 et
2832 2498 2887 2547 te
2904 2492 3186 2564 collegam
3210 2492 3577 2567 indignatur,

1940 2578 2219 2650 solusque
2242 2580 2486 2652 imperio
2512 2581 2683 2652 potiri
2716 2582 3098 2637 studensvias
3131 2583 3276 2637 adid
3318 2585 3587 2657 obliquas

1941 2674 2125 2740 parat,
2150 2669 2299 2723 male
2322 2669 2429 2723 sibi
2460 2670 2828 2725 consciorum
2874 2688 3032 2726 more
3079 2689 3383 2744 nunquam
3432 2682 3592 2734 recta

1939 2757 2333 2827 tendentium,
2395 2775 2497 2829 per
2554 2761 2857 2814 anfractus
2915 2776 3147 2830 semper
3186 2778 3251 2816 ac
3299 2764 3589 2823 circuitus

1940 2846 2358 2918 grassantium.
2418 2848 2496 2901 Eo
2558 2848 2809 2902 tendunt
2840 2850 3303 2906 assentationum
3350 2858 3503 2909 artes
3534 2863 3589 2910 et

1940 2934 2209 2989 affectata
2240 2934 2540 2991 simulatio
2567 2936 2853 3007 obsequii,
2890 2953 2992 2992 nec
3025 2954 3226 3008 speres
3255 2939 3579 3012 inexplebi-

1940 3022 2019 3078 lia
2051 3023 2342 3079 desideria
2373 3024 2577 3079 talium
2613 3025 2804 3081 dando
2827 3026 3208 3098 satiarezquo
3251 3028 3419 3098 plura
3450 3048 3592 3087 con-

1939 3113 2187 3180 gesseris
2222 3112 2356 3183 plus
2399 3119 2706 3185 appetunt.
2735 3114 2806 3169 Ut
2836 3115 2990 3185 ignis
3022 3116 3086 3169 fit
3118 3117 3373 3172 voratior
3404 3136 3586 3174 aecu-

184 3207 367 3272 atque
400 3201 470 3255 ad
504 3200 781 3270 probrum
813 3198 869 3251 in
903 3198 1223 3252 infortunio
1257 3198 1554 3252 vitandum
1592 3216 1831 3270 prorsus
1862 3229 1903 3293 C
1944 3201 2262 3257 mulatione
2293 3202 2547 3257 materias
2583 3221 2594 3269 ;
2630 3220 2733 3258 nec
2767 3210 2925 3259 recta
2950 3204 3127 3274 hujus
3190 3205 3440 3262 flammae
3497 3211 3589 3264 via

179 3292 523 3349 necessariae
557 3289 849 3344 cautionis
880 3289 1027 3343 duos
1074 3288 1365 3358 quosdam
1400 3289 1616 3357 gradus
1640 3289 1828 3356 video,

181 3380 537 3455 provisionis
567 3378 859 3433 celeritate
890 3378 1244 3431 differentes.
1283 3376 1445 3431 Prior
1478 3379 1661 3432 multo
1698 3384 1832 3433 ante

181 3474 425 3527 odorata
458 3466 803 3538 periculum,
839 3466 976 3520 huic
1009 3465 1201 3520 adhuc
1232 3465 1402 3537 longe
1438 3467 1626 3537 posito
1660 3484 1828 3522 secu-

184 3578 312 3615 rum
346 3557 622 3627 effugium
659 3555 975 3627 praevertit;
1008 3554 1192 3609 altera
1213 3556 1426 3621 cautio,
1451 3557 1689 3624 segnius
1714 3563 1830 3611 sat-

178 3667 360 3722 agens
394 3649 464 3703 ad
504 3647 791 3701 indicium
826 3644 1174 3699 insidiarum
1209 3646 1487 3715 primum.
1534 3648 1828 3703 admoveri

176 3757 236 3795 se
276 3738 421 3793 sinit
478 3735 835 3802 discrimini;
898 3740 1171 3789 caeterum
1231 3735 1288 3787 in
1349 3740 1573 3789 arctam
1633 3744 1829 3794 coacta

177 3845 412 3884 summo
446 3826 679 3880 tandem
714 3829 923 3878 conatu
988 3823 1237 3877 salutem
1289 3825 1537 3895 expedit.
1592 3828 1675 3880 Ab
1736 3829 1829 3883 his

175 3918 350 3973 tertia
379 3921 471 3971 est
500 3913 753 3984 ingloria
785 3911 991 3967 ClﬂSriS
1029 3912 1250 3967 inertiae
1285 3915 1827 3986 contemptissimm,

172 4014 426 4086 opprimi
462 4030 524 4067 se
556 4028 657 4083 per
683 4009 1135 4066 somnolentiam
1166 4011 1538 4081 patientium,
1568 4013 1824 4069 immise-

175 4105 343 4159 rubili
378 4104 531 4174 apud
566 4118 769 4156 omnes
800 4099 1156 4166 conditione,
1182 4102 1399 4171 quippe
1428 4120 1677 4172 quorum
1708 4106 1825 4158 exi-

174 4196 346 4259 tium,
382 4195 661 4248 dedecore
684 4190 962 4245 socordiae
991 4190 1382 4258 cumulatum,
1410 4208 1576 4246 nemo
1601 4198 1687 4247 est
1727 4196 1825 4265 qui

177 4300 290 4338 non
325 4282 473 4354 ipsis
509 4280 717 4335 merito
774 4279 1036 4333 evenisse
1096 4280 1362 4334 fateitur.
1414 4281 1732 4351 Imaginem
1769 4283 1823 4335 in

174 4373 444 4442 exemplo
475 4386 793 4441 proponam
828 4368 1078 4439 triplicis
1112 4368 1282 4422 istius
1315 4370 1557 4423 ordinis.
1601 4371 1827 4426 Lacuna

176 4466 299 4515 erat
331 4460 541 4522 brevis,
569 4458 723 4511 amni
748 4456 934 4511 vicino
960 4458 1299 4522 commissa,
1326 4458 1381 4510 in
1418 4475 1530 4528 qua
1566 4464 1680 4515 tres
1714 4462 1826 4515 ha—

173 4549 446 4605 bitabant
477 4546 787 4600 dissimilis
834 4547 981 4599 inter
1015 4562 1075 4599 se
1119 4546 1422 4616 qualitatis
1456 4546 1665 4617 pisces.
1701 4550 1821 4603 Pri-

171 4656 303 4693 mus
337 4642 466 4691 erat
498 4635 1012 4708 prudentissimus,
1042 4635 1187 4688 alter
1224 4654 1331 4689 non
1356 4654 1596 4707 prorsus
1624 4638 1820 4703 hebes,

168 4730 376 4783 tertius
411 4726 808 4780 stolidissime:
843 4730 1180 4795 compertus
1204 4724 1473 4780 inscitia}.
1502 4726 1822 4783 Piscatores

166 4820 233 4871 ad
274 4819 497 4871 lacuna:
524 4831 681 4869 oram
709 4815 892 4868 auditi
919 4816 988 4867 ab
1012 4815 1288 4868 omnibus
1310 4821 1610 4870 suntcum
1636 4818 1822 4888 palam

171 4908 551 4961 eondirerent
574 4905 771 4959 horam
806 4909 1024 4957 certam
1046 4922 1159 4971 qua
1181 4905 1500 4959 everriculo
1540 4907 1821 4975 piscinam

173 5003 353 5052 totam
415 4999 840 5049 scrutarentur.
904 4993 1253 5047 Admonitus
1288 4993 1386 5047 illa
1415 5011 1549 5048 voce
1602 4997 1824 5065 primus

173 5097 375 5168 piscis,
415 5096 743 5166 periculosa
778 5096 971 5148 subito
1006 5095 1289 5148 excedens
1323 5098 1593 5163 statione,
1625 5096 1681 5149 in
1721 5098 1824 5151 flu-

176 5191 333 5242 vium
369 5204 431 5243 se
466 5185 793 5240 transtulit.
828 5186 1135 5238 Secundus
1170 5201 1363 5238 moras
1391 5184 1584 5240 adhuc
1618 5185 1673 5239 iu
1703 5187 1827 5241 loco

177 5277 374 5342 traxit,
411 5276 725 5346 quamdam
761 5274 1117 5344 voluptatem
1172 5290 1444 5343 sequens,
1479 5276 1668 5344 quoad
1700 5278 1823 5344 jam

169 5366 464 5437 expeditis
496 5365 721 5418 retibus
753 5363 939 5417 adorti
977 5364 1275 5428 negotium
1310 5363 1629 5431 piscatores
1662 5381 1829 5435 agere

171 5458 446 5527 ferreque
481 5456 753 5509 lacunam
782 5458 1093 5523 ceperant.
1129 5455 1291 5507 Tunc
1320 5454 1435 5521 ille,
1470 5454 1552 5508 vel
1583 5472 1710 5508 sero
1742 5473 1830 5509 sa-

173 5547 369 5617 piens,
430 5545 748 5599 interclusn
797 5545 920 5613 jam
970 5544 1124 5597 exitu
1165 5544 1217 5596 in
1256 5544 1495 5606 flumen,
1535 5550 1829 5598 mortuum

172 5636 489 5707 simulans,
520 5638 835 5707 resupinus
860 5634 1125 5702 ﬂuitavit,
1148 5651 1421 5688 successu
1445 5640 1833 5706 strategema.

163 5731 257 5785 tis
279 5744 391 5782 non
426 5727 709 5793 infausto;
730 5742 861 5779 nam
886 5725 1236 5780 exstinctum
1254 5742 1383 5779 eum
1410 5742 1561 5779 unus
1584 5727 1835 5795 piscato-

1943 3296 2050 3356 est,
2084 3290 2141 3345 in
2175 3306 2409 3345 omnem
2444 3295 2668 3362 partem
2698 3291 2928 3347 fumosa
2948 3308 3077 3348 sese
3108 3294 3299 3348 vibrat
3324 3312 3389 3350 ac
3413 3298 3591 3368 repli-

1942 3384 2035 3434 cat
2068 3396 2082 3433 :
2118 3379 2200 3434 sic
2248 3378 2392 3434 istos
2442 3396 2650 3450 pravos
2680 3385 3028 3451 astutosque
3060 3382 3297 3439 assidue
3330 3384 3586 3440 circum-

1942 3472 2124 3539 agunt
2148 3468 2479 3539 caliginosaa
2502 3468 2780 3540 ambages
2801 3469 3034 3525 malitiaa
3058 3478 3301 3527 versuta:
3323 3490 3336 3528 :
3364 3480 3427 3529 ut
3448 3491 3585 3530 cau-

1941 3558 2073 3611 dam
2107 3557 2269 3611 canis
2303 3562 2510 3612 natura
2542 3557 2836 3625 inflexam,
2863 3560 2909 3613 si
2935 3559 3070 3629 quis
3120 3560 3213 3615 filo
3253 3562 3489 3632 ligatam
3524 3566 3582 3619 in

1940 3646 2226 3701 directum
2258 3648 2599 3717 extenderit,
2630 3649 2782 3703 haud
2809 3649 3155 3704 duraturam
3191 3652 3241 3704 ei
3276 3652 3580 3707 rectitudi-

1940 3752 2070 3790 nem
2114 3735 2379 3790 tribuerit
2408 3755 2422 3801 ;
2484 3734 2583 3791 illa
2632 3738 2788 3791 enim
2822 3738 3019 3791 statim
3052 3754 3118 3792 ac
3151 3756 3211 3793 se
3246 3739 3585 3796 relaxaverit

1937 3827 2228 3880 contentio
2260 3825 2567 3894 trahentis,
2601 3825 2935 3897 obliquitati
2983 3842 3045 3881 se
3097 3829 3300 3882 reddet
3344 3830 3582 3887 innatae.

1938 3914 2138 3969 Sentio
2184 3914 2334 3984 quod
2375 3914 2544 3969 initio
2579 3916 2981 3985 prmvideram,
3017 3915 3171 3970 haud
3208 3918 3313 3972 tibi
3363 3919 3585 3989 placere

1937 4020 2066 4075 quae
2089 4020 2367 4058 memoro.
2400 4008 2687 4059 Caeterum
2725 4021 2827 4060 nec
2860 4006 3168 4075 pharmace
3202 4014 3418 4077 aegroto
3463 4010 3586 4079 pla—

1937 4100 2103 4149 cent:
2130 4100 2325 4149 tamen
2353 4095 2462 4149 nisi
2488 4112 2555 4149 ea
2578 4096 2932 4166 deglutierit,
2966 4097 3082 4150 vita
3107 4098 3371 4165 excidet;
3425 4107 3585 4154 eatu-

1939 4200 2167 4253 nusque
2200 4183 2283 4237 illi
2343 4184 2660 4238 benevolus
2714 4190 2800 4239 est
2845 4184 3129 4253 medicus,
3165 4192 3456 4257 quatenus
3492 4189 3583 4241 in-

1936 4277 2103 4343 grata
2132 4272 2416 4343 praecipit,
2443 4275 2639 4342 qualia
2672 4274 2967 4345 languenti
2992 4274 3251 4330 salubria
3270 4277 3394 4332 sola
3420 4285 3581 4332 sunt.

1940 4370 2014 4416 Ac
2048 4363 2129 4417 sic
2162 4362 2310 4416 habe
2360 4363 2647 4432 optimum
2681 4379 2809 4417 esse
2842 4363 3161 4429 subditum,
3195 4366 3295 4435 qui
3361 4384 3470 4420 non
3507 4368 3577 4421 ad

1939 4454 2189 4523 gratiam
2249 4452 2466 4519 servit;
2528 4454 2779 4506 amicum
2841 4452 2936 4519 qui
2990 4452 3178 4517 utilia,
3216 4472 3328 4509 non
3368 4455 3585 4511 blanda

1936 4541 2549 4609 consultt;negotium
2612 4541 2765 4610 quod
2828 4540 2977 4594 felici
3037 4540 3192 4595 exitu
3252 4542 3580 4612 clauditur;

1938 4630 2324 4699 laudemTquae
2358 4646 2390 4681 a
2422 4628 2590 4683 bonis
2621 4630 2829 4695 datur;
2862 4630 3183 4700 principem
3213 4633 3586 4700 prresidentia

1936 4736 2049 4772 non
2083 4718 2420 4788 turgidum;
2473 4717 2712 4772 divitem
2762 4734 2875 4772 non
2910 4719 3086 4772 nimis
3119 4724 3410 4774 attentum
3463 4722 3582 4787 rei;

1934 4808 2191 4863 sodalem
2220 4825 2332 4862 non
2376 4808 2831 4863 contentiosum.
2868 4808 3090 4863 Dicitur
3109 4815 3165 4865 et
3184 4809 3290 4864 hoc
3319 4812 3487 4879 vulgo
3520 4828 3586 4865 ac

1933 4914 2087 4964 vere,
2120 4895 2436 4967 Optabilius
2469 4913 2597 4951 esse
2628 4912 2809 4967 supra
2840 4914 3061 4968 prunas
3101 4899 3299 4954 cinera
3327 4906 3585 4971 opertas,

1935 4993 2036 5040 aut
2066 5003 2241 5055 super
2271 4986 2496 5057 viperas
2528 4986 2818 5051 incedere,
2846 5003 3024 5058 quam
3058 4988 3270 5043 habere
3298 4989 3355 5042 in
3378 4997 3584 5044 contu-

1937 5077 2139 5130 bernio
2172 5075 2551 5129 insidiantem
2585 5076 2715 5130 vitae
2747 5093 2886 5130 suae.

2009 5182 2145 5237 ΧΙΧ.
2184 5184 2311 5235 Haec
2339 5198 2552 5251 magno
2579 5183 2785 5236 ardore
2830 5182 3216 5238 disserentem
3250 5185 3583 5256 Vestigato-

1940 5290 2059 5327 rem
2097 5274 2333 5326 intuens
2364 5271 2586 5342 placide
2615 5271 2700 5325 leo
2736 5271 3292 5328 Benevolentissime
3345 5283 3402 5327 tu
3455 5277 3585 5346 qui-

1941 5363 2094 5427 dem,
2130 5362 2232 5427 ait,
2256 5377 2454 5415 verum
2480 5362 2661 5415 cruda
2687 5362 2953 5431 quaedam
2972 5366 3026 5416 et
3054 5363 3259 5416 auditu
3294 5364 3442 5418 dura
3474 5365 3587 5421 ista

1941 5468 2254 5506 memoras.
2290 5452 2397 5505 Sed
2444 5451 2652 5505 demus
2680 5451 2761 5504 ita
2786 5467 2914 5506 esse
2946 5452 3016 5504 de
3047 5456 3237 5518 tauro,
3283 5458 3347 5507 ut
3405 5455 3585 5508 refers

1942 5550 2135 5595 tamen
2182 5541 2487 5594 herbivora
2510 5540 2691 5594 bestia
2713 5540 2848 5608 quid
2880 5556 3086 5594 nocere
3113 5541 3257 5595 mihi
3282 5544 3584 5597 carnivoru

1945 5630 2193 5703 poterit?
2220 5630 2439 5683 Natura
2470 5629 2632 5683 illum
2662 5646 2805 5685 meae
2839 5630 2985 5699 gulae
3027 5630 3367 5700 vectigalem
3404 5633 3533 5687 fecit
3570 5653 3581 5689 :

1946 5739 2071 5794 ego,
2106 5721 2220 5775 nisi
2252 5720 2477 5775 lactura
2536 5722 2667 5773 ﬁam
2704 5725 2804 5774 aut
2839 5720 3045 5788 malva,
3081 5722 3281 5776 dentes
3314 5721 3473 5776 illius
3506 5725 3583 5777 ti--
