4248 6442
662 394 798 447 1267

2181 391 2563 444 APPENDIX.

3942 394 4081 448 1268

661 532 819 571 mere
854 533 965 572 non
1000 517 1197 571 debeo.
1234 517 1337 571 Hic
1370 518 1705 587 Vestigator
1730 532 1742 569 :
1770 516 1849 570 Ne
1889 531 2066 579 erres,
2101 513 2315 583 inquit,
2350 517 2401 579 Α
2439 513 2748 581 praeferens
2783 512 3236 567 moestitudinem
3270 513 3466 568 vultus
3497 518 3551 569 et
3582 514 3799 570 indicia
3841 518 4084 587 aegritu-

659 606 920 671 domine,
957 605 1109 659 haud
1162 604 1412 659 solidam
1473 606 1649 659 habet
1709 605 1895 659 basim
1927 604 2041 657 ista
2074 603 2317 656 ﬁducia.

662 695 826 749 Ultro
859 695 1043 749 fateor
1074 699 1307 747 taurum
1361 708 1465 764 per
1512 709 1573 747 se
1629 693 1781 747 haud
1836 693 2109 747 idoneum
2158 691 2227 744 ad
2266 696 2318 744 te

661 784 1098 839 deturbandum
1145 798 1273 837 esse
1325 797 1524 837 verum
1553 783 1707 853 quod
1737 797 1839 852 per
1864 798 1925 835 se
1958 797 2071 835 non
2107 784 2317 850 potest,

660 890 765 943 per
794 871 939 926 alios
974 872 1175 937 faciet;
1211 876 1311 925 aut
1342 872 1411 925 de
1458 872 1744 925 industria
1802 870 2102 925 concitans
2156 870 2211 922 in
2267 874 2320 923 te

664 960 972 1032 populum,
995 960 1481 1015 autoccasionem
1514 959 1816 1014 rebellioni
1844 959 2130 1029 praebens,
2158 959 2318 1011 odio-

583 1071 601 1081 -
667 1066 801 1104 sum
866 1054 920 1102 te
981 1050 1298 1103 reddendo.
1350 1048 1513 1102 Sicut
1546 1048 1866 1117 aliquando
1902 1046 2074 1117 pulex
2128 1047 2321 1101 acrius

667 1152 939 1207 pungens
970 1136 1227 1206 sopitum
1262 1136 1561 1191 hominem
1596 1153 1774 1190 causa
1827 1136 2105 1206 pereundi
2159 1136 2322 1205 pedi-

671 1227 801 1280 culo
836 1226 1127 1294 fuitjuxta
1162 1226 1356 1295 ipsum
1410 1226 1735 1280 modestius
1785 1243 1851 1279 ex
1900 1226 2102 1279 eodem
2147 1226 2323 1279 ubere

674 1314 930 1385 sugenti.
972 1315 1307 1384 Experrecti
1339 1315 1495 1368 cnim
1533 1331 1742 1369 manus
1776 1333 1840 1369 eo
1863 1331 2171 1370 accurrens
2208 1329 2323 1383 quo

672 1420 881 1458 sensus
904 1403 1122 1458 doloris
1146 1404 1341 1469 traxit,
1367 1405 1617 1474 pulicem
1671 1405 1909 1474 quidem
1963 1403 2133 1457 celeri
2168 1404 2320 1457 saltu

673 1492 1001 1547 evolantem
1036 1493 1326 1564 corripere
1380 1510 1496 1547 non
1530 1493 1738 1564 potuit,
1791 1492 1970 1546 alium
2006 1491 2169 1545 illum
2206 1496 2324 1545 tar-

674 1584 919 1648 diorem,
948 1599 1053 1637 nec
1087 1600 1321 1637 morsus
1345 1599 1615 1637 somnum
1642 1583 2323 1647 excutientisauctorem,

675 1671 842 1726 alinaa
874 1671 1101 1742 injuria;
1136 1672 1365 1743 piaculo
1401 1673 1697 1726 mactavit.
1740 1674 1801 1725 ln
1834 1688 2063 1726 summa
2096 1672 2180 1725 sic
2211 1670 2325 1724 col-

679 1760 832 1832 ligo:
861 1761 1251 1831 peregrinanti
1287 1778 1387 1831 per
1433 1760 1697 1831 ignotam
1730 1762 2025 1831 regionem
2069 1759 2328 1814 certissi—

684 1850 797 1903 mis
830 1849 1179 1921 pignoribus
1220 1850 1429 1904 debere
1461 1855 1725 1904 constare
1756 1850 1827 1903 de
1863 1850 1973 1903 ﬁde
2004 1865 2070 1903 ac
2101 1849 2328 1902 sincera

683 1937 1087 1993 benevolentia
1116 1939 1243 2009 ejus
1266 1939 1358 1993 cui
1383 1956 1445 1994 se
1467 1938 1830 1993 ductandum
1855 1938 2050 1992 tradit.
2082 1941 2327 1992 Persua-

684 2026 787 2083 sus
814 2027 901 2082 his
938 2029 1315 2083 sermonibus
1357 2028 1441 2082 leo
1468 2044 1481 2082 :
1508 2027 1655 2093 Quid
1681 2027 1881 2098 igitur,
1917 2026 2127 2097 inquit,
2154 2042 2329 2096 agen-

682 2122 820 2170 rium
869 2119 998 2171 est?
1039 2116 1143 2173 Cui
1194 2117 1529 2188 Vestigator
1561 2134 1574 2171 :
1610 2117 1762 2171 Dens
1814 2118 2182 2188 putrefactus
2216 2132 2326 2170 non

679 2209 845 2262 aliter
881 2206 1072 2261 curari
1120 2223 1297 2277 quam
1330 2206 1629 2262 evulsione
1678 2211 1884 2276 potest,
1919 2211 1974 2259 et
2003 2206 2173 2260 cibus
2202 2222 2327 2260 cor-

676 2302 884 2366 ruptus
915 2310 1164 2367 gravans
1198 2295 1591 2363 stomachum,
1636 2296 1744 2350 nisi
1800 2294 2016 2348 vomitu
2069 2295 2325 2365 ejicitur,

671 2385 901 2440 occidit.
937 2384 1138 2438 Dicam
1172 2384 1350 2455 igitur
1397 2391 1586 2449 tauro,
1622 2385 1712 2437 leo
1751 2384 1965 2454 inquit,
2003 2388 2065 2437 ut
2096 2385 2329 2438 recedat

669 2491 786 2545 quo
817 2472 1051 2527 libitum
1085 2473 1277 2527 fuerit.
1303 2476 1518 2544 Apage,
1546 2472 1625 2527 ait
1656 2472 1990 2543 Vestigator
2029 2474 2325 2544 (metuens

674 2580 744 2618 ne
777 2577 1096 2633 congressu
1130 2562 1281 2615 tauri
1306 2578 1438 2616 cum
1460 2562 1625 2616 leone
1649 2579 1757 2615 sua
1784 2561 2009 2616 malitia
2028 2562 2322 2632 detegere—

674 2653 817 2721 tur),
838 2668 973 2706 cave
990 2651 1217 2706 feceris.
1244 2651 1345 2705 llle
1372 2651 1592 2722 quippe
1614 2651 1717 2706 tali
1751 2656 1852 2705 tuo
1878 2667 2148 2706 sermone
2189 2669 2323 2706 sen-

672 2744 821 2797 tiens
869 2740 1204 2796 suboluisse
1252 2741 1359 2794 tibi
1412 2741 1711 2811 quidpiam
1737 2742 1807 2794 de
1828 2742 2059 2796 arcanis
2090 2743 2218 2812 ejus
2266 2742 2323 2795 in

676 2839 735 2888 te
766 2831 1194 2897 molitionibus,
1231 2832 1566 2902 properabit
1622 2832 1859 2902 exsequi
1893 2833 2047 2902 quod
2105 2832 2321 2886 sensim

674 2921 1313 2991 machinabaturzquaa
1347 2937 1526 2976 causa
1574 2920 2067 2992 prudentissimis
2120 2938 2323 2993 regum

672 3016 786 3079 est,
821 3009 1049 3082 publice
1074 3010 1311 3080 quidem
1337 3010 1618 3081 puniendi
1650 3010 1841 3081 palam
1874 3010 2166 3065 convictos
2199 3026 2325 3065 sce-

670 3100 885 3163 lerum,
935 3102 1267 3168 compertos
1328 3102 1523 3153 autem
1588 3098 1906 3153 coitionum
1963 3098 2322 3153 occultarum

670 3193 821 3243 ctam
850 3191 919 3242 de
954 3187 1146 3242 medio
1182 3187 1443 3243 tollendi.-
1473 3189 1673 3258 Atqui,
1709 3187 2141 3258 responditleo,
2167 3188 2319 3259 prin-

667 3295 805 3349 ceps
826 3279 920 3347 qui
954 3294 1019 3331 ex
1053 3277 1390 3347 suspicione
1426 3277 1787 3348 supplicium
1820 3283 2217 3347 repraesentat,
2268 3279 2316 3332 si
2351 3252 2391 3316 Ο

672 3372 875 3436 postea
897 3367 1193 3421 enotuerit
1220 3365 1345 3420 sine
1366 3382 1543 3421 causa
1576 3372 1917 3437 suspectum
1945 3366 2126 3421 tuisse
2156 3383 2326 3437 quem

673 3455 824 3509 male
859 3454 1192 3521 mutaverit,
1225 3471 1500 3523 magnam
1551 3455 1855 3525 injuscitiaa
1904 3456 2128 3510 subibit
2183 3456 2325 3509 invi-

668 3545 847 3597 diam.
883 3544 962 3597 Ne
996 3544 1265 3597 timueris
1310 3544 1419 3598 hoc
1486 3546 1749 3615 quidem,
1801 3546 2029 3615 reponit
2063 3546 2325 3616 Vestiga-

669 3639 787 3700 tor;
820 3638 939 3687 tam
969 3632 1144 3688 certis
1176 3632 1332 3687 enim
1364 3634 1576 3689 indicis
1599 3635 1751 3688 tauri
1782 3634 2068 3689 malitiam
2098 3634 2324 3705 perspi-

670 3723 810 3790 cies,
846 3727 910 3776 ut
942 3723 1269 3792 periculum
1322 3723 1551 3777 nullum
1586 3725 1664 3778 sit
1695 3741 1765 3778 ne
1797 3724 1845 3778 is
1889 3725 2325 3779 circumventus

673 3829 774 3882 per
804 3810 1166 3866 calumniam
1201 3812 1380 3866 videri
1424 3814 1701 3883 cuiquam
1737 3814 1939 3883 possit.
1978 3814 2123 3868 Voca
2155 3816 2324 3869 modo

674 3901 843 3955 illum
875 3906 931 3955 et
978 3902 1225 3955 observa
1275 3908 1457 3957 nutus
1500 3905 1630 3972 ejus
1681 3904 2037 3973 obtutusque
2073 3920 2083 3955 :
2118 3905 2321 3974 depre-

670 3991 893 4046 hendes
926 3990 1085 4044 vultu
1122 3991 1429 4062 pallidum,
1472 3998 1815 4047 trementem
1866 3994 2006 4048 totis
2057 3994 2322 4061 artubus,

668 4080 891 4134 iuret-to
929 4080 1065 4134 laeva
1098 4081 1419 4150 dextraque
1445 4081 1899 4151 circumspectu,
1935 4088 2093 4135 motu
2131 4083 2322 4136 inten-

671 4176 851 4239 tuque
882 4185 1168 4223 cornuum
1204 4174 1433 4223 tantum
1470 4188 1584 4224 non
1626 4171 1779 4224 clare
1811 4172 2145 4239 prodentem
2182 4170 2321 4241 quid

667 4258 908 4313 sceleris
931 4259 1129 4313 animo
1157 4259 1465 4330 parturiat.
1499 4259 1552 4312 Si
1590 4258 1711 4313 haec
1744 4277 1869 4330 quae
1904 4260 2073 4321 dicis,
2106 4261 2187 4314 ait
2210 4260 2321 4329 leo,

667 4350 835 4416 signa
880 4349 1132 4412 videam,
1185 4347 1415 4418 plenam
1453 4349 1625 4402 fidem
1660 4350 1918 4404 tribuam
1962 4351 2150 4404 verbis
2182 4353 2321 4404 tuis.

670 4438 911 4492 Volebat
932 4438 1023 4492 his
1050 4437 1267 4491 auditis
1290 4437 1619 4508 Vestigator
1643 4440 1804 4492 adire
1830 4446 2062 4493 taurum
2097 4441 2165 4493 ad
2203 4440 2321 4493 dis-

674 4528 1008 4598 ponendum
1042 4544 1175 4581 eum
1213 4532 1387 4597 prout
1418 4544 1564 4595 opus
1597 4534 1740 4594 erat,
1776 4528 2008 4597 injectis
2034 4528 2321 4599 suspicio-

2429 601 2585 653 dinis
2621 600 2894 668 ingentis.
2939 601 3201 671 Exceptit
3236 601 3402 655 illum
3441 620 3541 673 pro
3577 607 3746 657 veteri
3798 606 4080 673 amicitia,

2429 706 2568 743 sane
2604 689 2993 758 familiariter,
3028 689 3175 743 nihil
3231 690 3455 745 sinistri
3491 693 3801 763 suspicans
3836 703 4079 751 taurus:

2428 786 2607 840 lteusl
2638 792 2721 849 tu,
2744 787 3086 857 inquiens,o
3112 787 3391 853 bone,ubi
3416 794 3647 844 tantum
3672 796 3761 845 est
3787 792 4084 847 moratus?

2429 876 2704 929 sarculum
2735 879 2824 929 est
2856 892 2923 930 ex
2955 892 3071 946 quo
3116 876 3361 931 invicem
3399 895 3512 932 non
3547 879 3839 945 vidimus;
3878 882 3982 935 sed
4014 898 4077 935 eo

2431 982 2520 1018 me
2552 964 2825 1018 consolor
2864 966 3019 1035 quod
3072 971 3467 1035 queestuosam
3526 968 3629 1021 tibi
3676 969 3855 1023 fuisse
3908 988 4080 1024 morae

2430 1071 2667 1107 causam
2694 1071 2880 1124 spero.
2909 1054 3009 1107 Dic
3033 1056 3245 1125 agesis,
3270 1057 3403 1124 quid
3431 1058 3503 1110 ab
3528 1056 3737 1113 ultimo
3763 1075 4080 1131 congressu

2433 1148 2631 1197 nostro
2666 1144 2927 1197 lucratus
2958 1144 3093 1197 boni
3128 1145 3229 1198 es?
3281 1147 3365 1199 Ad
3417 1163 3483 1199 ea
3533 1145 3884 1216 Vestigator,
3922 1148 4080 1203 nullo

2432 1233 2620 1286 arrisu
2652 1231 2953 1286 tristitiam
3006 1237 3336 1303 temperans
3364 1251 3375 1286 :
3400 1234 3545 1288 Nam
3566 1236 3731 1305 quid,
3757 1237 3855 1301 ait,
3894 1245 4084 1307 potest

2433 1322 2923 1392 bonicontingere
2956 1322 3263 1376 arbitrium
3308 1323 3397 1377 sui
3434 1340 3547 1377 non
3583 1324 3840 1389 habenti,
3883 1328 3983 1380 sed
4018 1342 4083 1381 ex

2434 1410 2653 1464 domini
2685 1413 3014 1481 arrogantis
3031 1418 3087 1465 et
3116 1412 3275 1466 inﬁdi
3305 1416 3445 1466 nutu
3474 1414 3735 1468 instabili
3760 1432 4083 1486 suspensas

2431 1501 2560 1553 vita:
2584 1517 2648 1554 ac
2670 1506 2859 1555 status
2878 1501 3090 1555 misere
3109 1502 3360 1555 trahenti
3385 1502 3681 1557 rationes?
3708 1504 3866 1558 Bona
3890 1506 4085 1569 verba,

2431 1596 2639 1643 taurus
2690 1590 2909 1659 inquit;
2940 1606 3008 1643 an
3046 1607 3256 1660 passus
3288 1608 3349 1645 es
3398 1591 3619 1662 aliquid
3656 1594 3809 1663 quod
3846 1594 4085 1648 nolles?

2434 1687 2539 1740 ede
2570 1686 2705 1753 quid
2730 1702 2889 1739 novm
2914 1687 2992 1740 rei
3038 1690 3147 1740 est.
3184 1686 3285 1740 Hic
3328 1685 3698 1758 Vestigator:
3729 1689 3870 1751 Quis
3904 1691 4087 1744 vitare

2435 1780 2610 1845 queat
2642 1774 2801 1828 fatali
2836 1774 3181 1829 necessitate
3243 1776 3523 1846 ingruens
3584 1777 3825 1846 malum,
3861 1786 3963 1832 aut
3995 1762 4087 1833 cui

2436 1863 2639 1917 aulicaa
2672 1864 2970 1918 servitutis
3029 1864 3085 1917 in
3148 1865 3390 1935 obsequi
3451 1867 3781 1937 principum
3830 1868 4089 1922 trahenti

2431 1954 2669 2023 jugum,
2698 1969 2811 2006 non
2847 1953 3038 2007 evenit
3083 1953 3354 2023 denique,
3390 1954 3512 2008 vice
3546 1957 3765 2026 praemii
3794 1956 4090 2022 laborum,

2439 2042 2644 2112 ingens
2674 2040 3021 2096 calamitas?
3050 2041 3193 2096 Nam
3248 2042 3343 2097 isti
3407 2044 3644 2113 superbi
3677 2046 3925 2113 domini,
3961 2048 4090 2102 suis

2438 2134 2604 2185 unice
2636 2130 2843 2185 intenti
2876 2133 3225 2197 commodis,
3248 2131 3395 2186 alios
3427 2132 3689 2203 aliosque
3714 2135 4086 2190 subditorum

2435 2220 2857 2290 experiuntur;
2904 2236 3116 2291 eosque
3149 2221 3247 2275 ubi
3306 2237 3372 2275 ex
3405 2221 3488 2276 eis
3523 2224 3887 2293 perceperint
3928 2225 4084 2294 quod

2427 2310 2617 2379 juvat,
2643 2309 2891 2364 miseros
2923 2309 3348 2363 obliviscuntur
3381 2311 3755 2381 abjectosque
3777 2319 4094 2384 spernunt,

2437 2398 2581 2452 nihil
2617 2398 2780 2469 pensi
2807 2398 3112 2465 habentes,
3140 2399 3288 2452 male
3310 2416 3383 2453 an
3409 2401 3555 2455 bene
3578 2405 3790 2470 agatur
3823 2418 3950 2455 cum
3986 2403 4093 2455 mi-

2436 2487 2637 2541 nistris
2670 2487 2986 2553 veteribus,
3021 2488 3162 2542 dum
3198 2488 3661 2559 uovisuppetant
3694 2490 3788 2559 qui
3814 2508 3957 2545 suas
3982 2490 4098 2545 illis

2434 2577 2748 2631 conﬁciant
2804 2577 3170 2647 voluptates;
3230 2577 3458 2632 similes
3504 2580 3880 2633 meretricum
3927 2581 4096 2635 inex-

2435 2666 2601 2737 pletae
2623 2666 2907 2735 libidinis,
2948 2683 3075 2737 quae
3094 2666 3240 2721 alios
3268 2670 3443 2737 atque
3462 2666 3629 2734 alios,
3658 2668 3899 2722 fatiditis
3928 2685 4092 2723 sem-

2436 2772 2535 2826 per
2568 2756 2882 2825 prioribus,
2916 2762 3209 2810 amatores
3263 2761 3585 2827 appetunt;
3644 2762 3744 2811 aut
3777 2759 4094 2829 magistro-

2433 2862 2564 2900 rum
2588 2862 2821 2915 operam
2853 2845 3383 2900 docendimercede
3401 2847 3799 2912 vendentium,
3826 2865 4089 2919 quorum

2435 2951 2617 2989 unum
2639 2940 2833 2990 votum
2859 2941 2948 2989 est
2970 2935 3209 3006 plenum
3236 2935 3425 2989 videre
3458 2934 3555 2989 lud
3574 2952 3668 2990 um
3696 2936 3913 2990 afﬂuxu
3943 2954 4093 3008 pra:-

2431 3029 2783 3079 textatorum
2824 3023 3101 3079 minerval
3140 3024 3472 3092 ferentium,
3499 3025 3895 3081 securissimis
3921 3028 4095 3098 ipsis,

2431 3116 2740 3187 proficiant
2797 3132 2976 3170 necne
3035 3115 3219 3187 pueri,
3262 3120 3364 3170 aut
3395 3117 3634 3170 omnino
3683 3116 3821 3185 quid
3856 3116 3931 3172 iis
3970 3120 4094 3185 ﬁat,

2433 3214 2533 3267 ubi
2569 3213 2911 3269 recesserint
2962 3212 3297 3268 mercedula
3338 3214 3811 3268 numeratri.Haac
3836 3214 3917 3269 ita
3952 3232 4090 3270 con—

2432 3303 2678 3357 ﬁdenter
2700 3310 2891 3357 tecum
2929 3302 3157 3357 fabulor
3189 3303 3371 3357 fretus
3402 3303 3574 3356 veteri
3601 3303 3884 3371 amicitia,
3936 3309 3995 3359 et
4048 3305 4095 3358 si

2433 3393 2623 3446 dicere
2657 3409 2749 3446 me
2781 3392 2947 3459 sinis,
2974 3392 3310 3447 conscentia
3336 3392 3598 3446 benevoli
3625 3393 3827 3458 ofﬁcii,
3887 3411 4008 3463 quo
4043 3400 4095 3448 te

2434 3485 2491 3538 in
2525 3482 2710 3536 leonis
2734 3472 2979 3551 gratiam
3006 3481 3319 3548 insinuavi,
3344 3498 3643 3552 causaque
3667 3482 3771 3535 tibi
3800 3482 3885 3536 fui
3912 3483 4094 3553 hujus

2433 3590 2549 3643 qua
2604 3573 2826 3625 emines
2883 3570 3173 3641 potentiae,
3209 3587 3388 3641 quam
3449 3570 3669 3625 utinam
3708 3572 3814 3625 tibi
3865 3578 4094 3627 certam

2434 3661 2848 3732 propriamque
2875 3661 2957 3714 dii
2989 3664 3255 3727 servent;
3322 3660 3510 3715 nescis
3564 3661 3719 3714 enim
3755 3668 3986 3732 quanto
4039 3664 4093 3717 in

2435 3750 2692 3821 periculo
2714 3750 2987 3815 verseris,
3012 3752 3181 3820 cujus
3216 3766 3321 3821 ego
3357 3751 3631 3805 conscius
3662 3750 3853 3805 celare
3888 3758 3946 3805 te
3981 3769 4094 3806 non

2437 3856 2676 3911 possum
2709 3840 2869 3894 salva
2900 3839 3360 3895 necessitudinis
3392 3840 3528 3893 ﬁde.
3562 3840 3655 3894 Sic
3690 3841 3875 3911 igitur
3923 3841 4096 3903 habe,

2434 3935 2797 3999 compertum
2834 3928 2976 3982 mihi
3026 3945 3094 3983 ex
3152 3932 3298 3983 teste
3350 3929 3563 3991 aurito,
3613 3928 3906 3983 excidisse
3942 3930 4094 3984 leoni

2434 4020 2587 4088 apud
2622 4017 2942 4073 familiares
2976 4018 3121 4072 hanc
3152 4034 3349 4073 vocem
3385 4036 3397 4073 :
3431 4018 3615 4072 Cerno
3640 4018 3795 4072 hunc
3814 4025 4093 4073 nostrum

2436 4113 2665 4162 taurum
2705 4107 3099 4179 praepinguem
3121 4108 3245 4177 jam
3273 4123 3422 4174 esse,
3451 4124 3757 4178 nunquam
3781 4110 4094 4179 tempesti-

2433 4199 2557 4251 vior
2577 4198 2645 4251 ad
2681 4197 2887 4267 epulas
2921 4198 3138 4251 fuerit:
3171 4196 3297 4251 volo
3330 4212 3463 4251 eum
3499 4198 3954 4267 quamprimum
3995 4200 4087 4251 de-

2432 4303 2653 4340 vorare.
2681 4286 2888 4340 Horrui
2922 4288 3150 4353 auditu,
3186 4287 3476 4341 miserans
3504 4286 3678 4341 amici
3716 4292 3941 4341 sortem
4002 4304 4093 4342 ac-

2433 4376 2708 4445 currique
2741 4376 2811 4430 ad
2846 4381 2919 4442 te,
2956 4380 3019 4429 ut
3052 4377 3449 4430 communiter
3506 4376 3817 4431 videamus
3879 4377 4096 4447 ecquid

2432 4465 2689 4535 expediri
2722 4464 2949 4520 consilii
2986 4465 3171 4535 possit
3199 4465 3362 4520 utilis
3390 4467 3460 4519 ad
3489 4464 3713 4520 cladem
3742 4474 4096 4536 praaverten-

2432 4557 2590 4609 dam.
2625 4555 3044 4620 Conturbatus,
3100 4561 3160 4607 ut
3210 4571 3312 4624 par
3338 4562 3480 4620 erat,
3516 4554 3615 4607 tali
3652 4571 3929 4609 sermone
3968 4562 4093 4610 tau-

666 4618 839 4671 nibus
866 4622 922 4671 et
952 4617 1069 4670 odii
1102 4616 1431 4671 seminibus
1463 4615 1520 4670 in
1555 4616 1821 4685 leonem;
1857 4619 1955 4671 sed
1991 4618 2099 4672 hoc
2137 4622 2322 4673 facere
2356 4631 2399 4695 D
2438 4662 2533 4697 ms
2568 4661 2579 4697 ε
2614 4644 2761 4706 Quid
2796 4642 2897 4698 feci
2932 4615 3040 4698 aut;
3094 4615 3234 4714 quia
3269 4643 3386 4697 dixi
3440 4615 3635 4709 miser,
3673 4642 3890 4713 inquit,
3931 4645 4089 4715 quod

664 4709 790 4762 sine
820 4706 1178 4761 conscientia
1222 4722 1635 4778 consensuque
1681 4708 1862 4762 leonis
1895 4725 2006 4761 non
2042 4708 2313 4773 audebat,

663 4813 735 4851 ne
769 4798 915 4851 forte
946 4795 1181 4850 aliunde
1213 4796 1587 4852 innotescens
1630 4796 1713 4851 illi
1746 4797 2177 4854 clandestinum
2212 4798 2314 4851 de-

660 4886 861 4942 latoris
881 4902 1013 4941 cum
1040 4885 1235 4941 delato
1264 4885 1647 4956 colloquium,
1682 4887 1910 4941 fraudis
1939 4903 2005 4941 ac
2036 4886 2311 4941 collusio-

662 4978 753 5031 nis
786 4979 938 5030 inter
983 4977 1143 5046 ipsos
1186 4975 1585 5046 suspicionem
1641 4982 1917 5044 moveret,
1978 4981 2079 5031 aut
2133 4977 2309 5031 aliam

659 5064 915 5135 aliquam
976 5065 1130 5117 viam
1195 5064 1479 5133 panderet
1540 5064 1767 5118 technis
1800 5065 2032 5118 artiﬁcii
2069 5064 2309 5135 maligni

652 5153 1016 5222 detegendis.
1052 5152 1139 5205 Ait
1179 5152 1366 5223 igitur
1419 5152 1595 5207 nimis
1630 5153 1867 5207 credulo
1902 5153 2099 5209 leoni:
2134 5155 2305 5221 Quin,

648 5242 908 5311 domine,
942 5244 987 5297 si
1018 5243 1217 5312 jubes,
1253 5243 1599 5296 conveniam
1642 5260 1748 5313 ego
1784 5244 1908 5312 ipse
1945 5244 2307 5297 machinato-

650 5349 768 5385 rem
810 5332 1107 5397 fraudum,
1144 5330 1604 5401 observaboque,
1651 5338 1705 5385 et
1755 5331 1983 5384 eliciam
2019 5332 2163 5385 forte
2198 5331 2307 5385 ali-

653 5422 807 5493 quod
872 5421 1159 5475 indicium
1219 5421 1626 5475 abstrusorum
1679 5422 1806 5491 ejus
1848 5438 2156 5477 sensuum.
2187 5425 2307 5493 Age

661 5510 1026 5580 sano,inquit
1057 5509 1168 5574 leo,
1194 5510 1612 5581 explorataque
1638 5512 1707 5565 ad
1746 5527 1849 5565 nos
1885 5511 2034 5565 refer
2056 5528 2183 5582 quae
2206 5512 2306 5566 de-

650 5599 1056 5671 prohendcris.

722 5729 851 5782 XX.
879 5727 1000 5782 Sub
1022 5726 1143 5781 hac
1163 5724 1304 5780 adiit
1325 5726 1661 5797 Vcstigator
1687 5730 1782 5781 tau
1796 5742 1947 5794 rum,
1969 5726 2300 5784 affectatam

2429 4734 2567 4788 talia
2600 4735 2671 4788 de
2700 4751 2790 4788 me
2823 4734 3117 4804 cogitandi
3153 4750 3360 4788 ausam
3397 4739 3496 4788 aut
3529 4739 3875 4803 praetextum
3935 4735 4089 4789 leoni

2426 4823 2775 4893 praebuerit?
2810 4840 3021 4893 nempe
3051 4824 3137 4877 hae
3170 4828 3307 4877 sunt
3339 4828 3491 4878 artes
3524 4823 3939 4893 improborum
3992 4825 4090 4895 qui

2426 4940 2516 4976 me
2547 4922 2709 4976 falsis
2730 4923 2880 4991 apud
2908 4939 3039 4976 eum
3062 4922 3411 4976 criminibus
3434 4921 4086 4993 infamaverint.Suspi~

2422 5011 2598 5065 cabar
2618 5010 2975 5079 jamdudum
3008 5011 3287 5065 invidiam
3340 5009 3732 5082 malignorum
3770 5026 3925 5079 quos
3963 5029 4089 5065 mea

2425 5101 2674 5154 felicitas
2704 5101 2929 5165 urebat,
2966 5116 3070 5153 nec
3103 5101 3350 5154 obscura
3384 5100 3585 5154 horum
3621 5100 3820 5156 livoris
3853 5102 4080 5157 indicia

2426 5192 2641 5244 notavi.
2677 5189 3070 5259 Nunquamne
3104 5189 3174 5244 ab
3212 5190 3441 5245 insidiis
3488 5190 3917 5245 sceleratorum
3956 5200 4082 5247 tuta

2420 5281 2529 5333 crit
2585 5278 2963 5333 innocentia?
3012 5280 3162 5333 Tum
3213 5278 3585 5351 Vestigator:
3623 5281 3817 5345 Erras,
3855 5282 4076 5354 inquit,

2420 5370 2557 5424 dum
2594 5368 2737 5423 alios
2760 5386 3021 5423 accusas.
3058 5369 3201 5423 Tota
3237 5371 3290 5423 in
3324 5368 3489 5423 leone
3520 5369 3691 5438 culpa
3722 5376 3831 5423 est.
3858 5371 4076 5434 Scires.

2419 5458 2465 5514 si
2502 5476 2635 5514 eum
2672 5476 2897 5527 nosses,
2936 5462 2997 5512 ut
3020 5475 3125 5513 nos
3159 5458 3252 5528 qui
3288 5459 3513 5513 diutius
3555 5459 3707 5529 apud
3763 5459 3927 5516 hunc
3970 5463 4075 5515 fui-

2420 5565 2570 5603 mus.
2605 5548 2785 5604 Crede
2837 5548 2970 5601 ﬁdis
3003 5552 3058 5602 et
3089 5548 3363 5619 expertis,
3399 5548 3544 5603 nihil
3580 5547 3676 5603 illo
3707 5549 4076 5609 instabilius.

2418 5637 3118 5711 perﬁdiosius,crudelius
3150 5644 3257 5693 est.
3312 5638 3479 5693 Initio
3514 5638 3608 5692 ille
3652 5640 3898 5709 quidem
3959 5642 4075 5713 pla-

2417 5729 2652 5785 ciditate
2707 5729 2958 5798 quadam
3016 5726 3218 5798 allicit,
3252 5727 3655 5783 accedentium
3714 5732 4072 5802 sanguinem
