4248 6442
206 396 346 448 1269

1225 409 1585 464 SPECIMEN
1625 415 2025 470 SAPIENTIB
2067 419 2398 472 INUORUM
2440 421 2600 470 VET.

3486 427 3622 478 1:70

201 521 402 614 statim
435 522 560 578 sitit
586 539 904 597 paremque
928 529 1194 599 rependit
1221 530 1514 586 dulcedini
1540 535 1853 589 admissio-
1891 554 1936 607 Α
1973 540 2040 594 ad
2075 540 2185 609 ipsi
2217 541 2475 595 officiose
2508 548 2856 612 apparentes
2889 561 3036 614 quos
3068 545 3184 598 dixi
3212 546 3437 601 aulicos
3466 566 3476 602 :
3515 567 3616 604 vos

210 610 302 664 nis
334 612 533 680 primae
553 614 770 668 ultimae
786 619 1192 688 catastrophes
1211 621 1544 676 amaritiem
1562 626 1863 680 acerbissi-

210 715 389 753 mam.
427 702 795 773 Vera,inquit
826 709 1048 771 taurus,
1077 724 1406 778 memoras;
1435 718 1492 764 et
1523 728 1628 782 ego
1661 713 1862 770 infelix

205 788 519 856 degustata
550 790 652 844 illa
687 792 862 862 priori
895 794 1204 865 suavitate,
1261 813 1415 851 nunc
1463 815 1529 854 eo
1563 802 1762 856 deveni
1798 811 1862 858 ut

208 878 571 932 amarissimi
594 880 752 933 exitii
781 881 932 937 feces
956 882 1191 960 haurire
1223 888 1393 941 modo
1424 889 1744 945 debeam.0
1769 908 1860 946 mc

204 964 641 1037 imprudentem
665 970 768 1040 qui
797 976 916 1026 tam
949 972 1049 1027 diu
1084 973 1178 1028 hic
1213 975 1478 1031 haeserim
1507 977 1518 1032 l
1557 995 1660 1034 nec
1690 997 1860 1051 repu-

204 1055 404 1124 tariin,
439 1060 591 1128 quod
627 1060 775 1115 ratio
808 1063 1101 1128 monebat,
1137 1064 1290 1119 haud
1317 1072 1501 1122 tutam
1538 1086 1666 1124 esse
1697 1088 1854 1126 com-

205 1145 595 1201 morationem
621 1149 854 1218 longam
880 1150 1194 1206 herbivoraz
1215 1156 1535 1212 animantis
1563 1163 1712 1229 apud
1739 1177 1854 1214 ear-

202 1233 728 1290 nivoram.Moduui
747 1240 1049 1308 oportebat
1066 1258 1154 1296 me
1171 1247 1427 1298 statuere
1442 1249 1853 1304 consuetudini

200 1333 508 1392 suspectae,
553 1332 896 1397 matureque
943 1347 974 1382 a
1027 1331 1268 1384 macello
1316 1336 1604 1389 recedere.
1642 1337 1849 1392 Fraudi

199 1417 289 1465 est
322 1412 576 1468 incautis
606 1415 856 1470 aviditas
889 1435 1018 1483 sua,
1054 1419 1191 1473 dum
1242 1438 1390 1492 mgre
1436 1423 1772 1481 evelluntur
1819 1448 1851 1482 a

201 1501 595 1570 placentibus,
633 1505 788 1574 passi
821 1507 972 1575 quod
997 1508 1256 1577 apiculas
1292 1512 1692 1581 imprudentes
1721 1534 1848 1585 per-

199 1588 307 1654 dit,
341 1608 466 1660 quae
499 1592 639 1646 dum
679 1595 975 1650 mordicus
1007 1596 1293 1653 inheerent
1325 1601 1590 1657 dulcibus
1637 1605 1847 1659 floscu-

199 1677 607 1746 lis,volucrum
642 1683 938 1754 rapacium
975 1688 1168 1756 praeda
1201 1689 1474 1754 fiunt,aut
1505 1693 1847 1766 superlapso

198 1769 349 1822 forte
400 1771 670 1840 pondere,
724 1770 782 1825 in
833 1774 1139 1845 complexu
1197 1777 1587 1850 intemperant
1645 1791 1845 1839 amata:

197 1857 519 1929 voluptatis
549 1859 985 1930 Opprimuntur.
1043 1864 1324 1921 Decuerat
1375 1871 1576 1940 paucis
1607 1879 1841 1928 conten-

193 1951 348 2010 tum,
383 1963 509 2018 quae
541 1948 731 2018 prima
761 1951 988 2007 modica
1017 1956 1170 2009 bona
1220 1973 1586 2027 perceperam
1637 1966 1836 2030 procul

192 2041 322 2091 tuto
370 2038 618 2093 fruenda
667 2040 994 2110 deportare,
1047 2061 1152 2099 nec
1206 2047 1517 2117 periclitari
1563 2067 1630 2106 ex
1679 2053 1832 2108 inex~

191 2125 352 2196 pleta
381 2126 719 2197 gulositate,
754 2146 1090 2187 muscarum
1125 2134 1402 2207 similem,
1428 2139 1644 2210 quibus
1667 2144 1836 2213 quasi

190 2231 308 2268 non
342 2215 598 2270 sufficiat
631 2219 913 2288 pabulum
950 2225 1104 2283 quod
1141 2225 1362 2281 affatim
1416 2227 1474 2282 in
1509 2231 1835 2298 frondibus,

186 2303 247 2357 in
281 2303 593 2372 fructibus,
627 2306 686 2361 in
722 2310 880 2364 omni
916 2328 1108 2368 rerum
1143 2317 1451 2386 superficie
1484 2320 1642 2388 jacet
1689 2323 1836 2392 ipsis

189 2395 546 2464 expositum,
579 2397 755 2451 etiam
789 2401 994 2456 sordes
1046 2402 1416 2462 leoninarum
1471 2410 1703 2465 aurium
1736 2429 1836 2466 ea—

189 2487 381 2552 ptant,
411 2500 627 2556 easque
647 2485 979 2558 scalpentcs
1006 2491 1362 2563 importune,
1393 2495 1697 2555 irritabilis
1723 2501 1837 2555 bel-

187 2570 300 2625 luze
334 2574 630 2640 unguibus
663 2583 926 2646 pereunt.

260 2787 417 2878 XXI.
453 2790 613 2845 Mitte
644 2789 755 2846 ista
790 2807 904 2847 non
942 2795 1119 2865 hujus
1171 2801 1472 2870 temporis,
1506 2805 1837 2878 interpellat

183 2875 554 2947 Vestigator;
589 2897 746 2936 nunc
777 2883 934 2938 enim
967 2889 1348 2955 qumrendum
1385 2893 1579 2962 potius
1611 2875 1834 2967 estqua

183 2965 410 3020 ratione
445 2973 692 3023 mortem
724 2971 990 3043 effugias.
1023 2977 1220 3046 Atqui,
1256 2979 1337 3032 ait
1357 2965 1832 3049 taurus,evellrre

180 3054 324 3109 illud
363 3057 527 3126 mihi,
557 3059 697 3113 dum
720 3076 852 3130 quae
881 3061 994 3116 vidi
1029 3071 1238 3122 cuncta
1270 3073 1705 3140 reputo,animo
1731 3092 1829 3129 ne-

183 3160 358 3214 queo,
393 3146 698 3203 innoxium
749 3150 984 3221 propria
1028 3153 1222 3210 indole
1269 3155 1494 3213 leonem
1539 3177 1689 3229 esse,
1743 3170 1827 3218 to--

179 3237 423 3343 tamque
452 3234 641 3343 lalbem
674 3255 704 3292 e
730 3240 924 3338 pravis
973 3243 1102 3312 ejus
1153 3245 1540 3304 familiaribus
1587 3252 1828 3308 descen-
1864 3277 1906 3343 ρ

181 3323 339 3388 dere,
373 3323 472 3394 qui
507 3322 727 3381 bonum
763 3327 958 3399 ipsum
992 3347 1122 3387 esse
1149 3351 1263 3390 non
1297 3335 1831 3410 sinant,proritent-

183 3427 297 3480 que
316 3413 692 3469 voracitatem
718 3414 863 3473 nihil
881 3436 980 3489 per
1002 3438 1063 3477 se
1091 3421 1200 3478 tale
1215 3425 1524 3496 cogitaturi
1549 3430 1609 3484 in
1633 3448 1832 3487 excar-

184 3501 588 3557 niﬁcationem
623 3504 972 3575 insontium,
1001 3513 1172 3580 quale
1206 3530 1437 3583 passam
1469 3517 1617 3574 alias
1649 3538 1833 3577 came-

181 3590 307 3644 lum
336 3591 573 3645 memini
600 3593 801 3650 fraude
816 3598 1220 3669 conspirantiu
1234 3620 1286 3657 m
1311 3601 1630 3663 bestiarum
1653 3615 1829 3667 trium

183 3677 332 3749 lupi,
365 3680 520 3734 corvi
552 3685 609 3736 et
639 3681 815 3739 thois.
852 3685 1155 3758 Regnabat
1188 3689 1276 3747 leo
1321 3691 1561 3764 quidam
1598 3699 1653 3753 in
1687 3699 1835 3756 silva

185 3768 284 3822 via:
317 3769 564 3839 publicae
601 3770 873 3841 linitima,
926 3777 1242 3836 familiares
1291 3781 1514 3840 habens
1563 3789 1833 3845 subditos

179 3862 300 3912 tres
331 3874 480 3929 quos
517 3865 855 3932 memoravi,
886 3864 1112 3936 lupum,
1148 3886 1384 3927 corvum
1417 3880 1474 3929 et
1505 3875 1830 3950 thoem,ap-

180 3947 370 4016 prime
394 3949 548 4003 inter
569 3966 631 4004 se
663 3954 1001 4012 concordes.
1052 3960 1387 4016 Pertransiit
1445 3981 1561 4035 qua
1591 3967 1705 4022 dixi
1741 3947 1833 4024 via

177 4037 499 4093 comitatus
535 4049 1266 4111 mercatorum,mandram
1300 4070 1477 4123 agens
1510 4056 1825 4127 ingentem,

176 4142 246 4180 ex
279 4143 396 4197 qua
445 4129 704 4184 camelus
757 4150 875 4188 una
921 4134 1291 4195 inobservata
1349 4160 1410 4197 se
1451 4147 1828 4214 subtrahens,

177 4215 234 4269 in
271 4233 480 4272 nemus
513 4235 574 4273 se
605 4221 870 4292 abdidit;
904 4229 962 4279 et
985 4226 1107 4296 jam
1127 4229 1196 4283 ab
1223 4230 1460 4288 homine
1484 4236 1721 4293 domino
1745 4221 1833 4294 se-l

175 4311 700 4380 cura,praeoptavit
728 4312 1045 4386 imperium
1077 4324 1424 4392 congeneris
1457 4326 1566 4381 sibi
1602 4329 1826 4391 bellum,

174 4396 527 4468 leonemque
560 4399 640 4454 ibi
681 4403 1084 4462 dominantem
1132 4414 1506 4478 conveniens,
1562 4418 1642 4471 illi
1696 4437 1826 4490 per-

171 4485 427 4578 libenter
459 4488 789 4545 admittenti
809 4504 1179 4554 sacramento
1209 4502 1433 4558 addixit
1454 4485 1824 4578 obsequi—um.

171 4575 320 4639 Quid
353 4577 614 4670 quaeris?
643 4580 966 4639 Videbatur
987 4587 1099 4642 sibi
1133 4591 1301 4646 beata
1336 4611 1348 4647 ε
1385 4611 1555 4651 nemo
1588 4575 1823 4670 eratqui

168 4682 320 4720 onus
353 4666 700 4740 imponeret,
735 4671 887 4729 viam
921 4676 1270 4750 injungeret,
1306 4683 1508 4755 plagas
1528 4687 1692 4742 fessae
1715 4666 1822 4743 a—d-

169 4755 355 4823 deret,
405 4765 458 4811 et
508 4757 597 4813 leo
641 4762 872 4832 quoties
943 4776 1279 4826 occurrerat
1330 4775 1618 4842 arridens,
1669 4780 1821 4833 bono

167 4860 301 4940 esse
329 4845 526 4940 animo
570 4848 841 4940 jubebat,
894 4854 1035 4910 nihil
1087 4858 1244 4915 aliud
1301 4872 1605 4922 curantem
1641 4885 1816 4940 quam

157 4934 430 5024 jucunde
461 4939 642 5008 pasci.
677 4939 895 4998 Verum
931 4945 1023 5002 die
1055 4950 1307 5018 quadam
1350 4970 1622 5024 egressus
1655 4934 1821 5014 vena-

166 5029 297 5117 tum
330 5023 418 5080 leo
452 5026 622 5083 malls
652 5031 1137 5102 avibus,incurrit
1159 5039 1217 5094 in
1249 5041 1816 5117 elephantem,quem

167 5112 458 5169 lacessere
490 5133 694 5188 ausus,
729 5120 878 5178 male
910 5141 942 5180 a
973 5125 1196 5182 fortiori
1239 5112 1580 5204 mulctatus,
1615 5112 1816 5194 vulne—

165 5203 334 5292 ribus
382 5204 594 5262 debilis
642 5227 791 5281 a’gre
837 5228 899 5267 se
955 5218 1172 5289 recepit
1222 5219 1277 5274 in
1332 5203 1572 5292 specum
1625 5246 1813 5284 suam.

167 5291 254 5346 Ibi
291 5291 450 5348 lenta
471 5299 529 5349 et
561 5315 764 5366 parum
782 5304 1116 5372 proliciente
1145 5291 1445 5366 curatione
1467 5314 1818 5374 decumbere

160 5388 424 5478 coactus,
463 5386 612 5441 fame
643 5390 816 5461 ccepit
850 5393 1193 5464 conflictari,
1222 5417 1323 5454 nec
1348 5403 1817 5478 viribus,quippe

167 5472 416 5528 defectis
449 5491 657 5546 magna
677 5481 845 5550 copia
877 5486 1186 5556 sanguinis
1219 5492 1570 5561 amissa,nec
1594 5472 1813 5566 prae-da-

161 5579 293 5616 rum
328 5563 741 5623 instrumentis
772 5573 1040 5644 artubus,
1077 5576 1212 5633 hinc
1245 5579 1480 5649 luxatis,
1515 5563 1648 5642 inde
1679 5606 1812 5642 con-

160 5651 386 5721 fractis,
423 5656 679 5723 amplius
703 5660 827 5729 jam
862 5661 1062 5721 valens
1094 5670 1521 5743 quotidianam,
1558 5681 1621 5730 ut
1646 5684 1814 5734 antea

159 5747 287 5798 erat
317 5743 552 5817 solitus,
585 5749 852 5821 saginam
885 5755 997 5809 sibi
1032 5774 1255 5827 parare.
1310 5762 1454 5832 Ergo
1500 5783 1812 5825 conversus

1970 629 2452 699 quidcm,inquit,
2478 647 2570 684 me
2602 631 2999 695 houoratis,at
3029 652 3134 703 ego
3168 638 3400 689 tabesco
3437 640 3608 704 fame,

1970 719 2091 781 Quo
2127 720 2235 772 ista
2261 718 2402 772 mihi
2428 718 2650 774 sterilia
2672 722 2952 791 obsequia
2976 722 3003 775 ‘1
3025 722 3100 776 ite
3125 725 3318 792 potius
3341 731 3397 780 ct
3415 728 3612 781 alTerte

1969 809 2123 861 unde
2156 809 2462 862 vescar.Ad
2499 825 2564 863 ca
2600 808 2679 863 illi
2717 827 2729 863 :
2768 810 2994 864 Dudum
3031 813 3376 868 fecissemus
3405 826 3610 885 sponte

1967 897 2120 960 quod
2169 897 2364 964 jubes,
2424 905 2481 951 et
2530 905 2728 952 noster
2760 900 2816 953 in
2852 906 2906 954 te
2955 918 3119 954 amor
3151 903 3604 959 admonitionem

1967 986 2359 1056 praevertisset
2391 989 2695 1050 tuam,nisi
2728 989 2880 1043 virrs
2913 991 3227 1044 deficerent
3257 992 3324 1044 ad
3346 997 3613 1048 conanda

1964 1093 2090 1147 quze
2139 1077 2442 1144 vellemus,
2494 1079 2824 1148 quibusque
2878 1096 3032 1134 nunc
3079 1081 3328 1149 indiges.
3382 1083 3608 1137 Tenues

1965 1183 2069 1221 nos
2104 1183 2332 1231 sumus,
2368 1173 2422 1220 et
2467 1184 2670 1238 pugna:
2732 1169 2986 1239 impares
3039 1173 3409 1224 conserendae
3470 1189 3602 1226 eum

1962 1256 2286 1326 pinguibus
2318 1262 2374 1310 et
2405 1258 2616 1310 torosis
2666 1258 2822 1323 leris,
2877 1259 3082 1328 quales
3133 1258 3327 1328 palato
3381 1266 3477 1314 tuo
3511 1280 3600 1314 sa-

1960 1346 2166 1415 piuiit:
2201 1347 2340 1415 quin
2377 1346 2544 1399 nobis
2579 1347 2722 1416 ipsis
2756 1350 2844 1400 vix
2878 1349 3208 1402 sutticimus
3249 1349 3475 1403 exiliter
3508 1368 3602 1421 pa-

1957 1434 2188 1488 scendis
2222 1435 2487 1505 hancque
2522 1435 2706 1505 ipsam
2743 1453 2939 1490 suram
2994 1437 3188 1490 studio
3238 1437 3601 1508 inquit-imus

1955 1525 2038 1576 tui
2075 1540 2187 1576 non
2243 1523 2358 1578 alia
2406 1526 2476 1577 de
2526 1541 2703 1579 causa
2751 1526 3050 1594 cupientes
3101 1525 3310 1588 vivere,
3366 1529 3477 1582 nisi
3531 1545 3598 1580 ne

1954 1612 2148 1667 desint
2179 1613 2276 1682 qui
2313 1618 2422 1667 tuae
2458 1614 2747 1682 majestati
2784 1613 3160 1668 famulentur.
3188 1615 3267 1669 En
3296 1633 3398 1669 nos
3432 1634 3597 1685 para-

1953 1708 2044 1757 tos
2075 1702 2255 1757 habes
2288 1704 2357 1756 ad
2394 1705 2628 1774 quidvis
2660 1709 2760 1757 tua
2792 1721 2969 1758 causa
3002 1703 3242 1774 periculi
3275 1706 3596 1776 damnique

1952 1789 2369 1857 subeundum;
2405 1807 2603 1844 verum
2649 1792 2900 1861 optimae,
2947 1798 3011 1844 ut
3058 1791 3334 1856 diximus,
3382 1791 3590 1847 volun.

1951 1879 2054 1934 tati
2089 1878 2333 1934 facultas
2365 1880 2518 1934 haud
2558 1897 2660 1951 par
2693 1880 3023 1950 respondet.
3077 1881 3156 1935 De
3204 1885 3396 1936 vestra
3424 1882 3591 1952 equi-

1950 1969 2105 2034 dem,
2139 1970 2367 2039 reponit
2396 1969 2504 2037 leo,
2538 1969 2940 2025 benevolentia
2980 1986 3096 2025 non
3129 1971 3358 2038 dubito,
3407 1987 3591 2042 eoque

1944 2074 2047 2113 vos
2078 2074 2178 2112 oro
2209 2059 2615 2125 confidentius,
2643 2065 2707 2113 ut
2732 2064 2939 2115 euntes
2964 2060 3023 2114 in
3047 2061 3590 2130 consilium,exqui-

1947 2147 2088 2202 ratis
2115 2148 2264 2203 viam
2288 2147 2542 2219 aliquam
2567 2149 2946 2204 succurrendi
2968 2149 3152 2219 lapsis
3175 2152 3542 2221 rebus.Agite
3570 2169 3581 2204 :

1947 2264 2062 2300 non
2097 2247 2279 2301 deerit
2300 2249 2534 2301 fortuna
2557 2266 2571 2313 ;
2597 2248 2796 2302 afferte
2819 2247 3087 2302 alicunde
3110 2249 3221 2302 cibi
3249 2249 3583 2320 quidpiam:

1948 2335 2135 2391 brevis
2163 2341 2252 2390 est
2282 2337 2510 2391 occasio
2539 2338 2727 2391 charm
2779 2338 2945 2392 vobis
2997 2339 3205 2391 animm
3237 2341 3534 2392 servanda:
3570 2356 3582 2393 :

1945 2427 1991 2481 si
2027 2427 2359 2492 moramini,
2395 2426 2630 2481 morior.
2678 2428 2797 2480 Sub
2831 2426 2950 2480 hazc
3002 2427 3083 2480 illi
3118 2444 3230 2480 non
3269 2429 3464 2496 procul
3503 2446 3587 2483 re-

1944 2517 2238 2586 cedentes,
2270 2518 2458 2587 captta
2490 2519 2815 2571 conferunt.
2859 2519 3062 2571 Cuncti
3090 2519 3211 2585 jam
3263 2524 3430 2572 antea
3466 2535 3586 2572 ma-

1945 2605 2122 2677 lignis
2171 2605 2356 2660 oculis
2405 2605 2693 2660 camelum
2761 2606 3161 2660 intuebantur.
3229 2607 3379 2660 Tum
3432 2624 3589 2671 vero,

1944 2700 2178 2766 tempus
2228 2695 2406 2760 nacti,
2456 2695 2604 2758 Quid
2657 2695 2846 2756 nobis,
2906 2695 3204 2765 inquiunt,
3257 2702 3313 2750 et
3366 2697 3584 2767 ignava:

1944 2783 2079 2839 huic
2114 2783 2358 2838 bestiae?
2389 2800 2697 2854 quousque
2727 2785 2970 2838 ferimus
3005 2786 3186 2851 victu,
3221 2785 3436 2848 indole,
3471 2803 3587 2838 nio-

1942 2874 2104 2928 ribns
2137 2873 2483 2928 dissimilem
2517 2874 2893 2940 animantem,
2930 2873 3082 2927 civili
3119 2874 3285 2929 nobis
3317 2874 3588 2929 societate

1943 2963 2190 3017 misceri.
2228 2968 2301 3017 Eo
2333 2979 2470 3032 ergo
2493 2963 2912 3033 eonSpirabant
2941 2964 3242 3018 sententiae
3277 2969 3340 3016 ut
3387 2965 3584 3018 decer-

1941 3058 2196 3119 neretur,
2229 3054 2590 3107 suadendam
2614 3051 2762 3106 leoni
2794 3051 3000 3106 cameli
3032 3069 3254 3119 necem,
3289 3055 3458 3122 cujus
3485 3071 3584 3106 va-

1938 3149 2094 3197 stum
2131 3159 2344 3212 corpus
2377 3159 2490 3196 non
2529 3159 2675 3196 unas
2731 3143 2787 3195 in
2831 3141 3035 3212 epulas
3080 3139 3466 3197 suffecturum
3500 3145 3584 3196 vi-

1939 3233 2194 3286 deretur.
2228 3231 2382 3285 'l‘hos
2441 3235 2636 3285 tamen
2688 3246 2754 3285 ea
2807 3232 3163 3286 disserentes
3212 3233 3582 3300 admonebat,

1945 3321 2098 3376 haud
2133 3339 2194 3375 se
2233 3337 2466 3391 sperare
2515 3336 2898 3376 assensurum
2943 3321 2991 3375 ei
3045 3320 3287 3374 consilio
3333 3321 3584 3391 leonem,

1941 3421 2144 3490 utique
2209 3435 2526 3474 memorem
2570 3420 2701 3474 ﬁdei
2758 3421 2926 3486 datze,
2973 3435 3079 3474 nec
3132 3425 3297 3474 antea
3345 3420 3585 3475 solitum

1941 3509 2234 3580 supplices
2269 3510 2327 3564 in
2362 3509 2695 3565 clientelam
2738 3511 3026 3565 admissos
3079 3511 3341 3578 prodere.
3399 3511 3584 3581 Nego-

1942 3602 2085 3653 tium
2122 3599 2232 3652 sibi
2268 3606 2460 3654 tamen
2493 3617 2696 3654 corvus
2721 3599 2978 3669 sumpsit
3009 3598 3088 3653 rei
3112 3602 3585 3665 tentandm,con-

1938 3689 2224 3759 tinuoque
2260 3689 2487 3744 leonem
2539 3689 2768 3754 adiens,
2803 3689 3203 3760 interrogatus
3253 3689 3325 3743 ab
3374 3707 3438 3744 eo
3472 3697 3582 3759 est,

1937 3777 2140 3848 ecquid
2175 3778 2371 3832 auxilii
2406 3779 2860 3850 expedivissent,
2883 3784 2940 3833 et
2972 3796 3042 3832 an
3100 3780 3307 3833 saltem
3342 3779 3463 3848 spei
3495 3797 3580 3834 ra-

1937 3867 2073 3921 dius
2103 3867 2722 3937 effulgeretalicunde.
2755 3868 2858 3923 Cui
2892 3886 3100 3924 corvus
3134 3885 3147 3922 :
3181 3868 3312 3938 Spei
3347 3869 3578 3924 radium

1938 3974 2244 4027 memoras,
2278 3958 2533 4026 domine,
2584 3960 2774 4030 qualis
2815 3961 2898 4015 vel
2933 3961 2980 4014 si
3040 3960 3322 4032 benignos
3370 3960 3581 4014 alluce-

1938 4051 2042 4114 ret,
2075 4048 2267 4103 videre
2303 4051 2496 4103 tamen
2525 4049 2902 4120 nequiremus
2936 4067 3040 4104 nos
3073 4050 3334 4121 quidem,
3362 4050 3580 4120 quibus

1936 4136 2108 4209 longa
2143 4137 2335 4192 inedia
2367 4156 2648 4194 sensuum
2701 4138 2894 4194 at’tieia
2945 4138 3217 4194 turbavit.
3272 4156 3338 4193 ac
3387 4139 3577 4193 visum

1937 4228 2259 4298 praesertim
2279 4229 2494 4300 eripuit
2519 4246 2530 4284 :
2558 4231 2820 4300 suppetit
2843 4234 3036 4284 tamen
3061 4229 3131 4282 ad
3159 4245 3396 4283 manum
3425 4229 3579 4282 unde

1934 4317 2178 4388 spiritus
2212 4319 2804 4390 recipere,aciemque
2823 4318 3064 4374 defectis
3088 4320 3212 4389 jam
3248 4319 3426 4372 ferme
3449 4335 3583 4372 ocn-

1932 4406 2007 4462 lis
2042 4408 2349 4462 restituere
2383 4406 2690 4478 pristinam
2738 4408 3052 4480 possimus.
3109 4408 3381 4462 Versatur
3429 4407 3580 4462 inter

1933 4513 2040 4552 nos
2093 4497 2329 4568 pinguis
2378 4504 2433 4552 et
2484 4498 2639 4552 iners
2685 4515 2800 4552 non
2847 4500 3030 4552 nostri
3085 4497 3316 4567 generis
3367 4498 3576 4561 bestia,

1935 4602 2173 4668 paratus
2209 4596 2293 4651 vel
2325 4597 2384 4651 in
2422 4597 2686 4652 triduum
2747 4597 2933 4666 cibus,
2982 4597 3027 4651 si
3076 4595 3339 4667 jugulari
3377 4595 3574 4665 jubes.

1935 4687 2362 4741 Exhorrescens
2389 4687 2459 4740 ad
2496 4687 2850 4742 mentionem
2895 4686 3130 4741 sceleris
3184 4685 3294 4752 leo,
3355 4695 3576 4755 Apage,

1931 4775 2144 4847 inquit,
2181 4777 2501 4831 remedium
2538 4777 2689 4832 malo
2734 4777 2923 4848 pejus.
2984 4777 3178 4846 Egone
3213 4778 3308 4845 ius
3334 4774 3574 4845 hospitii

1931 4865 2194 4935 etjurati
2248 4866 2481 4921 fmderis
2528 4866 2866 4938 religionem
2921 4865 3202 4938 polluam,
3255 4882 3321 4919 eo
3355 4865 3575 4919 interli-

1931 4955 2138 5010 ciendo
2171 4957 2270 5025 qui
2300 4956 2410 5011 sub
2438 4956 2550 5011 mei
2594 4957 2902 5027 patrocinii
2935 4956 3177 5011 tutelam
3237 4955 3389 5009 ultro
3445 4971 3578 5008 con-

1932 5045 2094 5111 fugit,
2132 5046 2242 5100 fide
2267 5045 2598 5102 securitatis
2651 5047 2936 5117 accepta?
2985 5047 3065 5099 Ad
3119 5045 3238 5100 haec
3288 5045 3577 5099 malitiose

1930 5151 2139 5189 corvus
2175 5151 2188 5190 :
2224 5135 2514 5190 Generose
2542 5146 2714 5207 atque
2737 5141 2794 5191 ut
2823 5142 2876 5191 te
2896 5136 3139 5206 dignum
3157 5140 3248 5189 est
3280 5134 3574 5204 loqueris;

1929 5233 2605 5303 tamen,domine,etiam
2632 5236 2783 5289 inter
2811 5234 3286 5306 religiosissimos
3311 5250 3580 5304 quosque

1930 5322 1985 5375 in
2021 5325 2288 5379 confesso
2321 5341 2449 5379 esse
2497 5327 2670 5380 audio
2721 5326 2807 5379 fas
2857 5341 2982 5380 esse
3029 5324 3199 5378 unius
3247 5323 3456 5394 capitis
3481 5323 3578 5391 ja-

1928 5417 2096 5467 ctura
2127 5413 2333 5467 redimi
2365 5415 2615 5470 salutem
2649 5416 2860 5469 domus
2888 5414 3152 5484 integrae,
3186 5431 3391 5467 rursus
3425 5417 3578 5466 recte

1928 5502 2166 5556 domum
2205 5520 2380 5557 unam
2428 5521 2530 5576 pro
2575 5505 2981 5559 incolumitate
3041 5504 3203 5558 urbis
3262 5503 3442 5557 totius
3476 5503 3575 5556 «lc-

1927 5591 2096 5658 strui,
2123 5592 2414 5649 civitatem
2451 5612 2683 5666 quoque
2716 5612 2890 5649 unam
2934 5595 3230 5649 servandis
3267 5592 3573 5663 provincirc

1918 5684 2080 5751 juste
2113 5682 2411 5754 impendi;
2448 5685 2700 5757 denique
2752 5686 2847 5740 ubi
2885 5685 3042 5749 regni
3095 5684 3397 5754 imperiive
3441 5682 3571 5735 uni-

1925 5771 2073 5827 versi
2125 5772 2207 5826 sic
2259 5775 2512 5830 rationes
2567 5781 2835 5847 poscunt,
2884 5776 3008 5830 sine
3060 5773 3304 5828 crimine
3338 5774 3568 5843 provin-
