4248 6442
662 405 794 458 1271

2173 411 2408 464 APPEN
2421 408 2565 461 DIX.

3937 410 4065 462 1272

660 534 812 588 ciam
847 532 1106 602 aliquam
1142 534 1352 604 praedis
1387 533 1700 589 hostilibus
1733 535 1960 606 expcni.
1997 535 2083 588 Ita
2103 549 2312 604 nempe
2343 541 2395 604 Α
2498 534 2686 587 ΧΧΗ.
2720 535 2802 587 Ad
2838 550 2904 588 ea
2935 534 3020 588 sic
3052 538 3259 589 contra
3290 533 3594 604 ingressus
3626 534 3934 589 vaferrime
3963 534 4062 588 Ve-

663 629 753 677 est
782 639 794 677 :
828 621 886 676 in
921 637 1282 676 summorum
1331 622 1744 678 discriminum
1791 622 2060 677 articulis
2110 623 2313 677 conni-

666 715 802 765 vent
831 711 1129 765 interdum
1162 710 1318 782 leges
1347 731 1360 778 ;
1397 716 1499 765 aut
1532 712 1744 781 potius,
1799 711 2110 766 silentibus
2144 716 2312 765 caete-

673 800 774 867 ris,
804 816 912 853 una
960 799 1188 853 cunctis
1245 799 1563 870 praevalens
1620 800 1870 871 imperat
1921 817 2192 870 suprema
2226 799 2316 854 lex

673 888 898 942 invictas
932 887 1342 955 necessitatis;
1379 887 1564 958 qualis
1617 888 1736 943 hac
1768 893 1857 944 est
1886 905 2012 959 quae
2060 906 2166 943 nos
2213 890 2312 942 ho-

671 977 764 1031 die
797 976 1065 1030 faucibus
1097 980 1252 1030 arcte
1283 977 1615 1032 constrictis
1666 977 1866 1046 trahit,
1902 978 2106 1048 utique
2141 980 2314 1031 mori-

671 1071 857 1133 turos,
887 1066 992 1119 sia
1025 1071 1224 1135 parato
1267 1066 1434 1120 famis
1466 1070 1748 1120 extremae.
1784 1064 1993 1120 solatio
2027 1066 2319 1136 supersti-

669 1153 838 1208 tiosis
880 1153 1237 1224 respectibus
1271 1170 1559 1208 arcemur.
1594 1154 1698 1208 His
1729 1154 1901 1208 dictis
1935 1156 2214 1209 revolavit
2244 1156 2316 1208 ad

671 1243 862 1297 socios
905 1258 1136 1309 corvus,
1198 1247 1254 1296 et
1304 1241 1442 1312 quid
1501 1243 1903 1314 respondisset
1952 1243 2039 1297 leo
2098 1243 2316 1298 retulit.

670 1332 834 1385 Tunc
868 1330 927 1384 bi
963 1336 1081 1385 tres
1114 1331 1264 1385 hanc
1319 1332 1706 1386 communiter
1758 1333 2022 1387 fraudem
2077 1333 2320 1387 adorna-

673 1427 832 1484 runt,
866 1436 982 1491 qua
1013 1420 1299 1474 camelum
1336 1420 1582 1475 nimium
1620 1421 1953 1492 simplicem
1988 1423 2316 1492 perderent.

673 1509 1071 1562 Decreverunt
1125 1509 1286 1562 adire
1317 1508 1495 1563 simul
1529 1525 1662 1563 cum
1697 1526 1762 1564 ea
1794 1510 2041 1578 leonem,
2074 1511 2318 1565 offerre-

673 1613 787 1668 que
819 1613 880 1651 se
910 1596 992 1649 illi
1027 1595 1370 1668 singillatim
1418 1599 1476 1651 in
1525 1598 1742 1653 cibum.
1797 1603 2008 1652 Verum
2059 1599 2141 1653 ita
2172 1600 2321 1653 inter

674 1703 773 1740 eos
803 1693 1173 1750 convenerat,
1227 1692 1290 1740 ut
1333 1686 1508 1740 talem
1545 1687 2000 1758 propositionem
2039 1688 2327 1743 uniuscu-

665 1777 886 1846 jusque
935 1775 1138 1840 trium,
1194 1792 1308 1829 una
1352 1792 1558 1830 omnes
1629 1777 1895 1847 quaasitis
1948 1779 2322 1849 praetextibus

2422 623 2668 691 stigator
2699 627 2806 688 est,
2839 621 3146 694 implicare
3188 622 3473 678 miserum
3505 628 3744 677 taurum
3778 623 3903 678 suis
3936 623 4064 676 arti-

2425 711 2574 765 ficiis
2609 727 2880 781 pergens,
2915 716 2972 764 et
3002 711 3083 766 sic
3114 726 3245 765 eum
3281 711 3337 764 in
3371 710 3612 765 exitium
3661 711 3896 765 trudere
3934 727 3945 763 :
3979 716 4065 763 (Ja-

2423 799 2675 853 vendum
2737 800 3009 870 equidem
3061 799 3392 854 censuerim
3458 799 3581 853 viro
3651 799 3949 870 prudenti,
4004 814 4061 852 ne

2423 893 2642 942 temere
2675 903 2738 941 se
2770 888 3041 959 projiciat
3085 888 3144 942 in
3178 887 3364 943 aleam
3397 889 3674 958 ancipitis
3705 893 3761 942 et
3790 888 3944 942 exitu
3974 905 4062 958 pe-

2426 977 2663 1032 riculosi
2684 979 2897 1049 negotii
2925 979 3217 1049 ;adeoque
3244 979 3669 1050 sapientissimi
3697 980 4065 1033 consentiunt

2423 1067 2737 1121 tentandae
2771 1083 2975 1121 omnes
3007 1068 3450 1135 compositionis
3483 1068 3980 1138 vias,priusquam
4006 1070 4066 1122 ad

2425 1156 2539 1209 vim
2595 1155 2934 1224 bellumque
2991 1157 3282 1224 veniatur,
3335 1157 3509 1210 etiam
3561 1174 3694 1211 cum
3746 1157 4066 1211 adversario

2427 1244 2663 1298 infirmo
2696 1245 2854 1315 (nam
2878 1246 3076 1298 varius
3109 1245 3262 1300 Mars
3300 1245 3682 1316 ambiguique
3727 1250 4067 1312 successus),

2426 1339 2646 1403 quanto
2681 1333 2862 1403 magis
2883 1333 2929 1388 si
2965 1334 3317 1405 praevalidus
3350 1335 3398 1388 is
3447 1335 3645 1399 fuerit,
3689 1339 3746 1388 et
3777 1351 3912 1389 cum
3955 1335 4068 1405 opi-

2429 1423 2538 1475 bus
2579 1420 2830 1475 vallatus
2882 1421 3326 1492 praepotentium
3384 1422 3731 1488 multorum,
3781 1429 3906 1476 tum
3959 1423 4069 1492 ipse

2429 1526 2528 1578 per
2558 1527 2687 1564 sese
2719 1527 2850 1564 acer
2880 1527 2945 1564 ac
2978 1511 3186 1567 solers.
3220 1513 3410 1574 Quare
3467 1511 3512 1566 si
3550 1527 3640 1566 me
3692 1511 3939 1584 dignum
3973 1512 4071 1565 du-

2427 1600 2512 1653 cis
2544 1600 2715 1669 cujus
2743 1599 3004 1654 consiliis
3038 1600 3265 1654 deferas
3297 1600 3623 1671 quidpiam,
3669 1605 3908 1671 pr0pter
3939 1600 4072 1654 satis

2429 1695 2752 1760 spectatam
2790 1689 2963 1743 fidem
2998 1689 3056 1742 in
3089 1694 3144 1743 te
3179 1706 3396 1752 meam,
3456 1690 3865 1760 sinceramque
3897 1689 4075 1743 chari-

2426 1783 2630 1845 tatem,
2663 1779 2822 1842 audi,
2857 1778 3118 1843 obsecro,
3165 1793 3277 1847 me,
3331 1795 3400 1832 ne
3432 1778 3479 1832 si
3531 1777 3702 1832 amici
3757 1778 4074 1848 suggestio-

671 1866 1016 1929 refutarent,
1043 1864 1098 1918 in
1148 1863 1324 1919 unius
1357 1866 1562 1919 cameli
1607 1865 1960 1920 oblationem
1996 1867 2121 1922 sine
2153 1885 2318 1923 exce-
2355 1901 2398 1963 Β
2433 1882 2535 1920 nes
2567 1865 2741 1920 utiles
2775 1866 3069 1935 rejeceris,
3104 1867 3257 1920 idem
3291 1866 3607 1937 experieris
3663 1867 3816 1936 quod
3851 1865 4072 1937 alcyon,

671 1954 869 2025 ptione
900 1953 1266 2008 consensuri.
1299 1953 1531 2008 Sistuut
1561 1970 1693 2009 ecce
1724 1953 1905 2026 igitur
1956 1971 2083 2011 sese
2117 1973 2320 2012 omnes

668 2059 820 2113 aegro
853 2047 909 2097 et
957 2042 1280 2097 tabescenti
1336 2043 1488 2096 fame
1537 2043 1711 2097 leoni.
1763 2049 1840 2098 Ac
1888 2061 2094 2099 corvus
2139 2046 2318 2115 prior.

667 2133 815 2186 Dum
849 2133 1108 2197 domine,
1141 2135 1197 2185 et
1231 2148 1345 2202 quo
1394 2131 1516 2186 loco
1549 2132 1631 2186 sis
1681 2133 1872 2198 video,
1925 2139 1982 2188 et
2029 2140 2316 2203 quantum

666 2221 772 2275 tibi
806 2222 1049 2276 debeam
1107 2227 1339 2292 reputo,
1373 2221 1452 2275 sic
1500 2228 1719 2290 statuo,
1770 2223 1911 2277 nihil
1947 2226 2320 2294 esscjustius

667 2327 843 2381 quam
880 2317 942 2365 ut
972 2316 1176 2381 sponte
1202 2317 1387 2365 morte
1403 2328 1530 2366 mea
1558 2313 1737 2366 vitam
1772 2318 2096 2368 sustentem
2123 2320 2317 2370 tuam:

668 2418 738 2454 en
772 2399 970 2470 igitur,
1007 2407 1197 2454 macta
1231 2416 1321 2453 me
1355 2401 1437 2454 sis
1482 2405 1536 2454 et
1569 2402 1827 2455 comede.
1883 2401 1983 2456 Hic
2017 2419 2222 2458 omnes
2254 2422 2322 2458 ex

670 2490 997 2558 composito
1033 2488 1372 2556 reclamant,
1407 2489 1569 2544 Mitte
1619 2490 1762 2544 istas
1796 2507 2005 2562 nugas,
2037 2497 2098 2545 tu
2133 2493 2322 2548 minu-

670 2584 796 2632 tum
827 2595 886 2631 es
921 2578 1260 2642 animal,vix
1284 2579 1338 2632 in
1379 2578 1698 2632 buccellam
1725 2597 1901 2634 unam
1936 2581 2320 2637 suffecturum

675 2669 812 2722 Inde
845 2668 977 2722 thos
1011 2662 1329 2737 assurgens
1360 2684 1372 2721 :
1409 2671 1492 2721 Me
1517 2669 1734 2737 potius,
1786 2671 2047 2735 domine,
2080 2671 2322 2726 devores

669 2773 916 2822 censeo;
955 2773 1084 2809 nam
1119 2756 1178 2810 in
1231 2758 1406 2810 unius
1458 2757 1666 2812 saltem
1721 2758 1836 2812 diei
1894 2765 2123 2828 pastum
2176 2761 2320 2815 satis

673 2847 813 2899 mihi
853 2846 1065 2899 habere
1097 2846 1363 2899 carnium
1401 2848 1709 2901 videor.Ibi
1742 2864 1948 2902 corvus
1980 2849 2160 2902 vicem
2189 2851 2321 2903 red-

673 2937 842 3002 dens,
876 2936 1280 2989 conclamaute
1314 2937 1464 2989 idem
1514 2938 1654 3007 lupo
1688 2952 1700 2989 :
1737 2937 1968 2999 Desine,
2023 2939 2319 3009 inquiunt,

671 3034 718 3074 ιιι
758 3032 815 3076 tu
870 3024 1153 3086 delirare;
1210 3041 1416 3078 carnes
1469 3027 1649 3080 habes
1702 3028 1966 3092 i'etentes,
2004 3044 2106 3080 nec
2152 3036 2319 3098 aptas

673 3116 740 3163 ml
774 3115 964 3164 t'lilu'll
1024 3119 1110 3167 Μμ
1156 3117 1370 3183 potius.
1416 3114 1495 3166 ait
1529 3116 1700 3180 lupus
1753 3132 2066 3170 conversus
2098 3119 2166 3171 ad
2203 3117 2318 3170 leo-

675 3223 828 3263 num,
867 3205 1120 3261 rlunnne,
1154 3210 1394 3257 comede
1478 3204 1626 3256 haud
1668 3210 1839 3275 paulo
1886 3206 2016 3274 plus
2052 3223 2222 3269 quam
2260 3206 2316 3259 lli

667 3292 914 3344 idoneas
948 3293 1014 3343 ad
1051 3293 1100 3343 Id
1151 3309 1305 3354 sum,
1359 3309 1462 3345 nec
1517 3296 1713 3345 minus
1762 3310 1939 3362 quam
1995 3297 2310 3364 quisquam
2348 3271 2389 3336 Ε

699 3392 912 3431 .ii-atus
993 3399 1068 3444 μιΙ
1134 3394 1290 3433 luam
1347 3399 1578 3451 semper
1615 3382 2073 3436 Incolumitatem
2132 3391 2187 3436 et
2235 3385 2323 3436 di-

679 3482 891 3525 ..nmatr
926 3495 933 3518 ν
991 3485 1123 3522 ante
1155 3473 1353 3523 Omnia
1389 3471 1704 3540 posuerim.
1753 3471 1850 3524 Hic
1885 3473 2213 3526 coorientes
2247 3474 2321 3526 Si-

680 3561 796 3611 mul
834 3561 964 3611 thas
995 3566 1051 3612 et
1082 3575 1313 3626 corvus,
1348 3559 1476 3625 Qui,
1531 3559 1715 3625 aiunt,
1751 3561 2105 3630 strangulari
2135 3577 2325 3615 come-

675 3649 866 3701 dendo
901 3648 1041 3712 vult,
1077 3649 1280 3717 lupum
1319 3649 1630 3702 manducet
1665 3667 1679 3715 ;
1735 3665 1914 3719 rapax
1966 3656 2054 3703 est
2107 3650 2323 3719 bellua,

678 3740 849 3803 cujus
879 3737 1048 3790 etiam
1084 3745 1253 3790 sectae
1289 3739 1342 3789 in
1379 3736 1598 3790 frustra
1627 3753 1834 3792 carnes
1867 3744 1924 3790 et
1964 3743 2169 3809 guttur
2198 3740 2325 3808 glu-

677 3826 876 3880 tientis
906 3835 960 3880 et
993 3827 1214 3881 viscera
1245 3827 1664 3896 discerperent.
1690 3827 1859 3880 Absit
1892 3830 1997 3882 hoc
2031 3845 2060 3880 a
2093 3829 2326 3884 domins

679 3916 839 3969 lenne.
880 3918 1025 3968 lnun
1069 3920 1324 3985 patimur
1365 3917 1475 3985 ipsi
1530 3918 1742 3987 apponi
1795 3934 2014 3971 veneno
2073 3920 2322 3988 pejorem

674 4024 886 4059 esi-am.
925 4005 1200 4058 Omnium
1239 4012 1375 4058 tunc
1408 4005 1558 4059 oculi
1603 4005 1986 4059 convolarunt
2038 4008 2092 4060 in
2141 4025 2328 4062 came-

678 4096 819 4154 lum,
856 4110 982 4163 qua:
1019 4097 1230 4147 misera
1266 4111 1336 4148 ne
1368 4095 1559 4148 oi'ticio
1594 4112 1709 4148 una
1758 4096 1960 4150 deesse
2012 4101 2326 4168 videretur,

672 4184 976 4238 euntideus
1008 4190 1202 4236 tamen
1239 4189 1290 4236 et
1325 4183 1453 4254 ipsa
1485 4191 1911 4254 repugnaturos
1945 4185 2326 4256 propositioni

676 4278 940 4333 caeteros,
978 4274 1052 4326 En
1091 4288 1205 4334 me,
1252 4272 1460 4342 inquit,
1514 4273 1749 4327 domine
1801 4272 1910 4339 leo,
1957 4278 2192 4329 comede
2224 4278 2327 4343 sis,

676 4379 811 4415 nam
846 4362 1146 4422 carnibus,
1197 4368 1252 4414 et
1301 4361 1372 4415 iis
1424 4361 1478 4414 ni
1532 4361 1699 4416 fellor
1739 4364 2039 4431 suavnbus,
2074 4366 2326 4420 abundo.

673 4451 1134 4506 Cc'nclamarunt
1170 4451 1364 4504 statim
1405 4467 1610 4505 omnes
1666 4469 1678 4505 :
1727 4452 1958 4522 Optime
2018 4453 2184 4518 dicis,
2233 4472 2326 4508 ca-

678 4541 846 4601 mele,
898 4557 961 4593 ac
1030 4541 1122 4593 vix
1163 4545 1495 4610 exspectato
1549 4541 1731 4597 leonis
1781 4548 1954 4604 nutu,
1989 4543 2325 4611 jugulatam

2430 1955 2519 2009 cui
2558 1970 2670 2008 non
2705 1954 3131 2025 obtemperanti
3166 1955 3324 2008 sanis
3369 1953 3629 2018 monitis,
3662 1954 3861 2009 Nereis
3897 1954 4077 2009 furata

2431 2042 2623 2115 pullos
2651 2047 2760 2109 est,
2794 2043 2900 2097 etsi
2935 2060 3033 2097 eos
3075 2045 3280 2097 eadem
3337 2048 3562 2114 postea,
3608 2042 3960 2097 intentatam
4013 2045 4076 2097 ab

2427 2149 2492 2186 eo
2521 2133 2632 2185 vim
2687 2133 2888 2197 verita,
2942 2132 3286 2186 restituerit.
3339 2132 3652 2186 Habitabat
3705 2132 3764 2185 in
3817 2133 4068 2202 quodam

2429 2221 2622 2275 littore
2655 2221 2776 2274 avis
2811 2221 3044 2275 nomine
3077 2220 3301 2291 alcyon,
3334 2237 3468 2276 cum
3502 2221 3771 2292 conjuge,
3808 2222 4074 2291 quzejam

2430 2310 2620 2379 partui
2653 2309 2862 2373 vicina,
2899 2308 3018 2362 viro
3051 2309 3195 2363 dixit
3231 2327 3242 2363 :
3278 2309 3478 2372 Quaere
3528 2311 3610 2364 sis
3658 2309 3852 2364 locum
3911 2311 4077 2364 sedu-

2428 2406 2586 2452 ctum
2618 2416 2683 2452 ac
2716 2399 3006 2452 munitum
3044 2398 3142 2452 ubi
3186 2398 3377 2470 pullos
3427 2397 3848 2464 excludamus;
3890 2405 4078 2454 metuo

2428 2491 2580 2544 enim
2619 2506 2710 2554 ne,
2747 2490 3172 2544 intumescente
3207 2490 3374 2544 statis
3405 2491 3648 2545 aestibus
3683 2490 3852 2558 mari,
3889 2491 4079 2544 veniat

2430 2581 2543 2634 huc
2575 2581 2775 2634 Nereis
2827 2586 2882 2633 et
2913 2579 3104 2650 pullos
3155 2586 3384 2635 nostros
3428 2580 3702 2650 abripiat.
3759 2580 4080 2651 Respondit

2427 2671 2478 2724 ei
2514 2671 2598 2723 vir
2632 2687 2644 2722 :
2683 2671 2806 2734 Abi,
2841 2669 3239 2734 formidolosa,
3275 2671 3548 2724 umbram
3597 2671 3802 2736 times;
3835 2670 4075 2740 periculi

2429 2759 2520 2812 hic
2555 2759 2790 2829 quidem
2828 2758 2973 2812 nihil
2999 2765 3108 2828 est,
3163 2759 3406 2813 exclude
3451 2758 3638 2830 pullos
3673 2775 3903 2813 secura.
3942 2760 4078 2814 Her-

2430 2851 2628 2902 bosam
2655 2856 2708 2902 et
2742 2848 3022 2919 irriguam
3056 2848 3343 2902 habemus
3388 2848 3697 2903 stationem
3735 2867 3747 2902 :
3791 2849 3888 2902 ubi
3924 2866 4082 2904 com-

2430 2939 2684 3003 modius,
2720 2938 2814 2991 ubi
2843 2938 3169 3007 jucundius
3199 2938 3679 2992 diversabimus‘.’
3729 2938 3832 2992 Cui
3890 2955 4034 2992 uxor
4066 2956 4077 2991 :

2429 3028 2720 3081 Denuutio
2752 3027 2962 3081 iterum
2997 3027 3127 3093 tibi,
3163 3027 3453 3082 obnoxius
3487 3027 3750 3081 Nereidis
3783 3028 3966 3080 furtis
3992 3026 4082 3080 hic

2425 3115 2590 3169 locus
2623 3122 2750 3176 est;
2787 3117 3080 3180 fugiamus
3118 3123 3251 3169 ante
3305 3117 3591 3169 damnum
3627 3133 3638 3169 :
3675 3133 3803 3169 sero
3857 3115 3956 3168 icti
3994 3133 4086 3169 sa-

2433 3204 2682 3273 piemus.
2714 3205 2992 3268 Reposuit
3015 3206 3216 3275 alcyon
3255 3222 3267 3257 :
3301 3206 3473 3272 Tace,
3526 3205 3794 3274 inquam,
3828 3221 3948 3257 non
3986 3221 4084 3257 au-

2429 3291 2590 3344 debit
2633 3296 2833 3344 Nereis
2879 3292 3111 3346 irritare
3163 3309 3274 3361 me,
3315 3293 3468 3347 vires
3520 3309 3680 3347 meas
3735 3295 3922 3360 novit,
3977 3291 4081 3345 sibi

2432 3386 2668 3432 metuet.
2706 3379 2748 3434 Ο
2782 3388 2858 3442 te,
2893 3381 3083 3451 inquit
3117 3398 3278 3450 uxor,
3313 3381 3830 3451 temerariumqui
3868 3381 4083 3434 minari

2431 3470 2547 3521 deae
2599 3470 2837 3522 audeas.
2882 3470 3084 3523 Metire
3133 3476 3187 3524 te
3234 3475 3334 3522 tuo
3388 3471 3642 3532 modulo,
3687 3476 3742 3523 et
3802 3487 4079 3540 agnosce,

2433 3558 2698 3612 mortalis
2741 3574 2873 3612 cum
2926 3559 3244 3612 immortali
3289 3560 3440 3612 male
3497 3566 3902 3630 comparatum
3960 3575 4085 3612 esse

2430 3653 2745 3701 certamen.
2781 3648 2889 3702 Fac
2923 3649 3103 3717 igitur
3141 3649 3295 3718 quod
3343 3649 3527 3714 suasi,
3570 3648 3942 3703 domicilium
3979 3648 4086 3702 alio

2430 3740 2682 3790 transter
2717 3754 2728 3790 :
2766 3753 2898 3790 nam
2935 3739 2982 3790 si
3015 3736 3294 3791 obﬁrmas
3328 3737 3707 3807 pertinaciam
3738 3738 3795 3791 in
3832 3755 3953 3792 non
3990 3738 4086 3791 ob-

2432 3825 2730 3895 sequendo
2767 3826 3046 3879 momenti
3079 3831 3252 3892 recta,
3299 3828 3525 3880 eveniet
3555 3827 3707 3880 idem
3763 3827 3871 3879 tibi
3930 3826 4083 3896 quod

2435 3914 2734 3966 testudini.
2775 3914 2987 3968 Ferunt
3019 3915 3235 3986 quippe
3284 3915 3342 3968 in
3402 3917 3655 3985 quodam
3713 3919 3871 3970 fonte
3929 3915 4090 3969 habi-

2435 4009 2589 4056 tasse
2639 4007 2786 4056 duos
2836 4011 3036 4057 anates
3085 4021 3214 4058 eum
3282 4021 3400 4058 una
3452 4005 3815 4058 testitudine.
3875 4007 4088 4060 Exars-

2433 4098 2631 4146 scentc
2663 4098 2856 4146 autem
2895 4110 2994 4162 per
3025 4100 3282 4148 testatem
3321 4095 3498 4159 fonte,
3531 4095 3847 4148 consilium
3886 4103 4091 4149 anates

2433 4189 2712 4251 ceperunt
2744 4182 2880 4237 alibi
2915 4183 3301 4237 diversorium
3338 4185 3658 4254 quaerendi.
3705 4184 3768 4238 Ut
3803 4187 4088 4255 ergojnm

2434 4270 2707 4325 collectas
2737 4271 2940 4324 etferre
2981 4272 3243 4325 sarcinas
3273 4279 3590 4342 caeperant,
3635 4276 4001 4344 stabantque
4036 4276 4088 4326 in

2435 4361 2805 4432 migrationis
2851 4361 3175 4430 procinctu,
3225 4362 3374 4415 dixit
3417 4362 3534 4415 illis
3588 4363 3822 4416 testudo
3861 4381 3874 4416 :
3913 4362 4093 4418 Vobis

2405 4451 2670 4521 quidem
2706 4453 2893 4504 vivere
2925 4450 3050 4504 sine
3093 4466 3243 4519 aqua
3283 4450 3640 4517 valentibus,
3694 4452 3808 4506 isto
3861 4453 4090 4507 alarum

2437 4541 2680 4610 remigio
2716 4542 2897 4606 fretis,
2943 4557 3150 4608 parum
3211 4540 3377 4594 ail‘ert
3435 4541 3853 4596 sollicitudinis
3923 4541 4097 4597 fontis

673 4631 1082 4684 deartuarunt.
1119 4633 1335 4683 Vereor
1365 4637 1420 4684 et
1444 4646 1548 4700 ego
1585 4649 1654 4684 ne
1674 4634 1719 4684 si
1755 4648 1925 4700 agam
1962 4632 2320 4696 molliter,si-
2359 4641 2399 4702 υ
2432 4629 2741 4684 exsiccatio
2773 4645 2792 4688 ,°
2825 4628 2968 4682 mihi
3005 4629 3233 4684 miserae
3267 4646 3379 4684 non
3416 4629 3843 4696 consulitis,cui
3878 4637 3940 4685 et
3974 4633 4095 4683 vitm

679 4719 839 4773 milia
872 4719 1080 4788 patiar.
1115 4719 1236 4772 Non
1271 4736 1407 4787 ergo
1440 4736 1531 4773 me
1557 4720 1920 4774 committam
1949 4721 2326 4776 insidiisisto-

679 4826 826 4873 rum,
880 4816 981 4862 aut
1027 4809 1295 4862 subdolis
1351 4810 1798 4877 parasitantium
1857 4809 2008 4864 leoni
2061 4812 2326 4866 artiﬁciis

677 4899 869 4952 locum
947 4897 1219 4962 tribuam,
1289 4899 1495 4967 ignava
1571 4899 1941 4970 obnoxiaque
2011 4902 2318 4965 patientia.

683 4988 870 5042 Lenta:
905 4987 1141 5041 fraudes
1175 4987 1494 5057 aliquando
1538 4989 1716 5042 robur
1765 5005 2046 5059 magnum
2080 4989 2326 5057 elidunt,

681 5084 853 5147 prout
883 5077 1067 5143 aiunt,
1105 5079 1222 5147 pati
1259 5083 1479 5147 petram
1531 5094 1562 5130 a
1611 5076 1786 5131 stillis
1830 5079 2053 5148 jugiter
2084 5077 2328 5133 illaben-

680 5168 858 5221 tibus.
895 5167 1211 5238 Expediam
1246 5184 1495 5238 quarum
1521 5165 1665 5221 mlhi
1690 5183 1820 5222 sum
1856 5169 2330 5238 conscius,vires,

677 5262 734 5310 et
781 5273 873 5311 me
924 5259 992 5310 ad
1045 5257 1237 5328 palam
1295 5257 1704 5311 reluctandum
1775 5257 2036 5312 armabo.
2090 5258 2330 5313 Nullum

675 5345 1039 5400 laudabilius
1067 5362 1216 5416 opus
1261 5351 1350 5400 est
1395 5363 1572 5417 quam
1621 5363 1850 5401 servare
1900 5348 2330 5418 semetipsum;

679 5435 932 5507 plusque
960 5436 1246 5490 mercedis
1269 5436 1348 5489 dii
1379 5441 1814 5506 proposuerunt
1835 5438 2331 5508 caputproprium

681 5528 754 5579 ab
786 5530 1046 5579 extremo
1079 5523 1420 5580 discrimine
1454 5525 1662 5593 tuenti,
1713 5541 1885 5596 quam
1939 5531 2039 5580 aut
2069 5525 2194 5582 dies
2229 5545 2332 5582 no-

682 5623 922 5684 ctesque
951 5615 1319 5669 orationibus
1350 5614 1604 5679 vacanti,
1641 5619 1744 5667 aut
1775 5615 2140 5668 misericordi
2175 5615 2337 5687 large

687 5705 1068 5774 hilariterque
1112 5706 1380 5766 donanti,
1437 5709 1537 5758 aut
1587 5707 1896 5758 asceticam
1950 5704 2102 5759 ultro
2157 5708 2335 5760 susci-

686 5796 865 5866 pienti
898 5800 1354 5866 constanterque
1389 5793 1659 5850 toleranti
1692 5793 2093 5865 disciplinam.

2439 4719 2586 4772 ratio
2621 4735 2685 4770 ac
2719 4735 2852 4788 spes
2883 4718 3078 4771 omnis
3112 4718 3164 4771 in
3202 4735 3355 4788 aqua
3398 4726 3506 4782 cst,
3541 4724 3597 4772 et
3647 4721 3810 4772 tarde
3859 4719 4097 4774 mobilis

2439 4814 2676 4863 onerata
2712 4808 2863 4862 mole
2891 4824 3046 4872 sum,
3084 4824 3154 4861 ne.
3187 4808 3301 4860 alio
3351 4824 3466 4878 quo
3517 4826 3606 4862 res
3663 4811 3852 4879 poscit
3885 4826 4096 4880 queam

2443 4914 2530 4952 me.
2565 4897 2902 4953 transferre.
2936 4899 3162 4962 Quaeso,
3207 4896 3394 4952 tollite
3447 4915 3535 4953 me
3565 4898 3904 4964 vobiscum,
3936 4907 3994 4953 et
4026 4897 4095 4951 il—

2444 4989 2536 5042 luc
2567 4986 2741 5041 simul
2775 4987 3071 5058 deportale
3103 5004 3218 5057 quo
3251 4987 3540 5058 migretis.
3593 4989 3696 5043 Cui
3731 4988 4097 5044 anates.Nisi

2434 5078 2627 5147 juras,
2658 5076 3221 5146 inquiunt,nobis,te
3238 5076 3384 5130 nihil
3416 5093 3517 5148 per
3550 5076 3698 5131 viam
3734 5079 4098 5141 locuturam,

2444 5183 2558 5220 non
2594 5175 2642 5219 te
2673 5163 2961 5219 tollimus.
3009 5163 3254 5218 Admisit
3301 5164 3698 5220 conditionem
3749 5172 3805 5220 et
3849 5167 4098 5238 juravit.

2444 5271 2694 5325 moxque
2723 5259 2945 5320 anates,
2975 5254 3228 5324 oblongo
3259 5254 3449 5326 tigillo
3489 5271 3765 5326 congruae
3820 5256 4100 5310 latitudi-

2445 5344 2536 5400 nis
2571 5349 2794 5415 parato,
2829 5342 3169 5414 impositam
3201 5344 3251 5397 ei
3287 5343 3479 5398 medio
3503 5345 3897 5412 testudinem,
3933 5351 4100 5400 dorso

2446 5437 2620 5491 ambo
2654 5434 2932 5504 utrinque
2961 5432 3216 5488 sublatis
3247 5433 3392 5504 tigni
3427 5434 3726 5506 capitibus
3758 5439 4101 5492 extulerunt

2446 5525 2765 5580 avolantes.
2798 5522 3090 5587 Viatores,
3123 5522 3291 5577 elatis
3322 5523 3467 5577 forte
3497 5523 3706 5590 oculis,
3742 5527 3843 5580 ubi
3884 5530 4098 5581 mirum

2448 5615 2503 5668 id
2539 5613 2936 5685 spectaculum
2974 5613 3264 5679 viderunt,
3308 5613 3688 5684 Prodigium!
3745 5616 4102 5680 exclamant,

2446 5705 2640 5758 videte
2685 5703 3042 5757 testudinem
3099 5702 3252 5756 inter
3317 5703 3464 5758 duos
3528 5709 3734 5758 anates
3784 5706 4101 5762 volantem.

2447 5794 2699 5850 Collecta
2719 5793 2893 5848 turba
2924 5791 3293 5850 curiosorum
3327 5796 3418 5849 est
3455 5793 3785 5864 auditaeque
3817 5811 3952 5851 rem
3986 5812 4104 5852 am-
