4226 6460
206 418 226 471 1
242 421 348 474 273

1223 415 1582 473 SPECIMEN
1617 417 2014 471 SAPIENTUE
2055 417 2380 472 lNDORUM
2418 418 2579 471 VET.

3459 407 3593 464 1274

209 545 415 598 bitiose
443 543 860 598 celebrantium
899 557 1102 607 voces;
1164 543 1379 612 quibus
1438 539 1717 594 delectata
1760 539 1845 592 in-
1877 544 1923 608 Α
1963 558 2074 595 non
2097 542 2311 610 ignavas
2329 541 2737 614 aleamjacere.
2762 539 3094 615 Ilocipsum
3119 539 3463 596 vaferrimus
3486 542 3594 595 V'e-

207 635 466 704 ﬂetaque
515 633 768 697 testudo,
814 632 985 685 etiam
1041 635 1299 684 vectores
1361 628 1659 697 despicere
1712 644 1846 681 suos

201 727 424 797 carpit;
450 741 512 778 ac
551 724 824 778 titiliante
865 721 1108 794 gloriola
1165 739 1280 776 non
1305 727 1511 775 tenens
1547 720 1844 789 linguam:

202 814 310 882 En,
347 815 556 887 inquit,
591 815 765 868 etiam
791 830 914 879 vos,
951 829 982 866 0
1013 818 1236 880 anates,
1273 809 1596 882 supervolo.
1623 809 1706 864 llli
1742 809 1848 863 hoc

207 906 414 959 audito
457 905 812 958 excutienth
873 903 1123 974 pondus,
1186 902 1480 972 pcrjuram
1524 897 1848 970 praecipita-

208 1001 370 1062 runt,
404 1010 529 1065 quae
546 992 798 1047 contrita
818 991 984 1062 lapsu
1012 990 1248 1045 interiit.
1278 989 1438 1044 Talis
1461 989 1630 1042 ruina
1654 991 1850 1040 manet

211 1103 329 1138 non
366 1083 723 1155 morigerum
758 1087 914 1136 recta
948 1080 1342 1135 monentibus.

293 1209 495 1264 XXIII.
533 1206 855 1278 Respondit
881 1205 1084 1276 alcyon
1123 1219 1135 1259 :
1169 1204 1397 1259 Auditis
1453 1220 1578 1274 quae
1628 1204 1850 1269 dixisti,

216 1305 413 1370 persto
446 1303 640 1351 tamen
671 1297 727 1349 in
762 1295 1070 1349 sententia.
1107 1293 1216 1346 Fac
1249 1296 1400 1362 quod
1429 1293 1607 1360 jubeo
1642 1309 1653 1346 :
1704 1310 1852 1364 pone

215 1405 343 1451 ova,
373 1385 611 1441 exclude
647 1383 857 1455 pullos,
893 1399 995 1436 nec
1027 1383 1235 1436 timeas
1289 1380 1614 1436 Nereideni.
1675 1382 1851 1436 Natos

213 1492 390 1546 porro
413 1473 624 1545 pullos,
648 1472 962 1527 adveniens
981 1471 1180 1526 Nereis
1199 1487 1332 1526 cum
1349 1470 1475 1541 ipso
1498 1470 1630 1524 nido
1655 1487 1852 1525 secum

211 1563 497 1629 abstulit;
532 1579 646 1633 quo
666 1562 812 1616 facto
831 1577 971 1614 uxor
984 1559 1240 1631 alcyonis
1257 1560 1324 1614 ad
1340 1559 1462 1612 viru
1477 1576 1527 1612 m
1554 1577 1656 1613 cou
1671 1576 1850 1614 versa:

211 1652 332 1722 Ego
366 1652 626 1722 quidem,
650 1649 749 1717 ait,
782 1649 891 1703 hoc
919 1649 1000 1703 ita
1034 1655 1095 1702 ut
1125 1647 1315 1702 evenit
1347 1647 1607 1701 luturum
1633 1653 1687 1702 et
1710 1664 1854 1718 prte-

213 1741 471 1794 videram
505 1745 562 1794 et
595 1739 992 1809 praedixeram.
1025 1737 1134 1791 Sed
1153 1737 1328 1791 surdo
1348 1736 1621 1800 cecini,te
1644 1737 1713 1791 ad
1743 1753 1854 1791 non

217 1830 576 1885 credendum
602 1827 945 1890 obfirmato;
972 1843 1094 1894 quae
1129 1842 1304 1879 causa
1324 1825 1490 1878 nobis
1515 1827 1655 1879 tanti
1683 1825 1856 1893 huius

214 1919 417 1971 damni
454 1915 578 1970 luit.
612 1916 715 1969 Cui
749 1914 946 1984 alcyon
985 1933 996 1967 :
1032 1914 1096 1968 Et
1131 1914 1478 1985 priedixeras
1521 1917 1576 1968 et
1620 1914 1857 1967 audive-

213 2024 380 2071 ram;
416 2006 516 2060 sed
549 2004 758 2058 videris
793 2003 968 2058 oblita
1025 2003 1160 2073 quid
1229 2007 1350 2056 tum
1411 2004 1809 2070 responderim
1844 2021 1857 2058 :

215 2112 409 2149 nonne
434 2094 546 2148 dixi
573 2094 701 2162 tibi,
738 2093 785 2146 si
816 2093 953 2162 quid
987 2093 1212 2161 injuria:
1252 2091 1416 2145 nobis
1450 2092 1648 2146 Nereis
1709 2093 1858 2146 facc-

212 2190 320 2249 ret,
352 2186 632 2237 daturum
670 2200 758 2237 me
790 2198 1027 2252 operam
1063 2187 1124 2235 ut
1163 2198 1275 2235 non
1333 2181 1505 2235 lerret
1565 2180 1805 2252 impune
1836 2183 1862 2235 ’ἶ

214 2271 334 2328 Hoc
367 2273 520 2344 quod
556 2279 693 2325 tunc
711 2270 1237 2342 promisiell'ectum
1256 2270 1434 2335 dabo;
1458 2287 1586 2324 mox
1617 2270 1858 2324 videbis.

214 2364 296 2416 Ea
329 2362 560 2415 locutus
591 2365 864 2429 cognatos
898 2361 1235 2430 amicosque
1264 2377 1402 2414 suos
1433 2360 1634 2414 adiens
1666 2359 1862 2429 singil-

217 2452 408 2514 latim,
444 2467 568 2520 qua:
596 2467 804 2519 passus
835 2455 988 2503 esset
1030 2465 1062 2502 a
1120 2448 1360 2501 Nereide
1421 2448 1705 2514 narravit;
1744 2455 1861 2502 tum

216 2543 302 2595 ait
339 2557 350 2594 :
387 2540 638 2592 Obsecro
673 2539 1047 2608 obtestorque
1078 2555 1179 2590 vos
1215 2555 1283 2591 ne
1318 2554 1404 2591 ine
1437 2538 1862 2604 deseratis,sed

220 2632 562 2698 frequentes
587 2626 948 2680 auxiliamini
986 2632 1315 2696 pugnaturo
1349 2637 1551 2680 contra
1585 2627 1863 2696 injustam

219 2717 643 2789 praedatricem,
680 2721 1018 2786 reputantes
1049 2721 1241 2769 vestra
1294 2716 1574 2770 interesse
1621 2722 1680 2770 ut
1739 2719 1867 2783 ejus

218 2807 454 2876 generis
488 2805 646 2859 ausis
678 2806 791 2858 cita
824 2803 966 2857 ultio
1001 2821 1113 2858 non
1148 2804 1330 2869 desit;
1367 2821 1496 2857 nam
1542 2805 1609 2857 ad
1649 2821 1866 2858 unum-

230 2912 528 2968 quemque
561 2900 815 2948 vestrum
852 2893 1018 2947 facile
1076 2893 1369 2964 perveniet
1426 2894 1754 2957 calamitas,
1819 2895 1864 2948 si

224 2988 346 3039 hmo
381 2982 643 3054 exempla
691 2983 973 3036 invitante
1029 2981 1356 3052 inpunitate
1409 2985 1867 3053 frequentcntur.

226 3073 683 3144 Responderunt
713 3087 965 3125 omnes:
1012 3074 1222 3124 Praesto
1282 3088 1510 3135 sumus,
1572 3089 1638 3125 cn
1690 3073 1865 3139 imus,

222 3164 337 3216 duc
374 3147 492 3229 quo
515 3162 618 3214 vis.
644 3161 752 3215 Sed
776 3177 978 3229 parum
1003 3177 1320 3230 possumus
1344 3166 1543 3214 contra
1566 3161 1866 3215 Nereidcm

223 3269 334 3305 suo
370 3250 516 3304 mari
551 3256 734 3304 tutam
766 3267 777 3302 :
805 3265 906 3302 nec
941 3266 1045 3303 nos
1079 3248 1346 3317 alcyones
1381 3255 1606 3303 tantum
1642 3249 1750 3315 ala,
1778 3268 1868 3306 ro-

222 3349 347 3395 stro
382 3347 483 3394 aut
514 3341 806 3408 unguibus
836 3339 1118 3399 valemus,
1175 3346 1236 3392 ut
1296 3340 1562 3410 persequi
1625 3357 1750 3393 eam
1813 3341 1868 3394 in

226 3449 408 3483 suum
473 3430 704 3499 penitus
759 3445 1001 3498 regnum
1063 3427 1260 3498 ibique
1304 3428 1502 3482 ulcisci
1555 3429 1871 3498 possimus.

225 3521 461 3588 Μαι-θὶς,
500 3519 717 3588 cycnis,
752 3518 1059 3571 autetiam
1095 3517 1415 3581 vulturum,
1451 3518 1782 3587 aquilarum
1819 3525 1876 3573 et

229 3607 545 3661 milvorum
588 3611 1048 3675 ca-terarumque
1107 3603 1405 3658 volucrum
1469 3604 1870 3673 auxiliaribus,

231 3698 563 3766 iisdemque
599 3695 949 3762 numerosis,
984 3712 1130 3766 opus
1164 3695 1231 3749 ad
1295 3696 1400 3749 hoc
1459 3701 1614 3749 esset
1669 3697 1870 3766 copiis.

228 3787 402 3857 Ergo,
429 3786 618 3856 inquit
651 3784 875 3856 alcyon,
901 3785 1086 3838 venite
1115 3801 1339 3837 mecum
1366 3801 1591 3848 omnes,
1616 3791 1671 3838 et
1692 3786 1871 3839 simul

226 3894 361 3930 aves
400 3891 671 3944 rogemus
708 3893 777 3927 ne
808 3881 1123 3945 graventur
1146 3876 1345 3927 adesse
1363 3874 1549 3934 nobis,
1585 3874 1758 3928 chara
1785 3876 1870 3946 pi-

227 3983 417 4036 gnora
451 3963 648 4034 inique
683 3968 849 4032 rapta
884 3963 1300 4032 repetentibus.
1356 3962 1480 4018 Una
1517 3966 1621 4017 fuit
1673 3966 1866 4019 avium

222 4056 492 4108 omnium
522 4053 821 4123 responsio
850 4053 1180 4107 :Facicmus
1208 4053 1357 4122 quod
1388 4052 1580 4122 petitis
1602 4051 1868 4119 libentur,

225 4145 401 4198 modo
437 4143 491 4195 in
527 4143 580 4196 id
616 4160 712 4195 rex
745 4148 940 4197 noster
971 4147 1232 4208 annuat;
1268 4158 1402 4195 nam
1439 4143 1659 4212 absque
1692 4144 1866 4212 hujus

228 4243 373 4287 nutu
406 4232 546 4285 nihil
585 4232 694 4285 tale
730 4231 896 4285 nobis
931 4231 1060 4284 licet
1091 4229 1408 4301 suscipere.
1448 4231 1592 4294 Quid
1626 4231 1811 4286 multa
1842 4233 1869 4286 ?

224 4325 488 4376 dcl’ertur
521 4338 609 4374 res
643 4322 712 4374 ad
757 4337 944 4390 regem
978 4321 1301 4373 volucrum.
1337 4320 1390 4373 Is
1417 4320 1707 4388 negotium
1735 4340 1863 4388 pro-

225 4414 344 4474 bat,
382 4410 599 4464 bellum
633 4417 751 4464 toto
775 4411 918 4464 ccelo
951 4410 1005 4462 in
1037 4409 1342 4464 Nereidum
1377 4409 1577 4463 indicit
1612 4427 1674 4464 ac
1699 4427 1863 4480 expe-

222 4501 506 4555 ditionem
544 4505 726 4570 parat.
763 4500 1017 4554 Audiens
1051 4501 1163 4552 ista
1195 4499 1414 4562 Nereis,
1449 4498 1632 4553 etlate
1652 4500 1866 4552 fervere

223 4596 576 4662 apparatum
613 4589 821 4642 ruituri
850 4605 981 4642 mox
1016 4588 1070 4640 in
1099 4587 1285 4658 ipsam
1322 4589 1606 4640 exercitus
1640 4589 1860 4653 videns,

1953 631 2200 698 etigator
2229 632 2458 702 agebat,
2490 633 2758 702 quamvis
2789 633 3148 686 contrarium
3174 629 3478 697 simulans,
3531 633 3592 682 ut

1956 724 2188 772 taurum
2207 719 2677 776 insidiosissimis
2692 721 3059 774 sermonibus
3079 719 3135 773 in
3160 717 3592 773 l'erociaisthtec

1955 823 2098 860 ausa
2133 807 2494 878 propelleret.
2530 809 2677 879 Ergo
2709 815 2961 880 carptum
2995 824 3062 862 ex
3091 815 3218 862 voto
3252 807 3361 860 sibi
3395 807 3595 860 videns

1957 897 2289 959 succedere,
2324 901 2387 950 ut
2411 897 2692 952 scelerato
2726 897 3191 952 machinamento
3223 895 3589 950 committen-

1957 985 2164 1039 dorum
2199 986 2541 1041 aemulorum
2571 1005 2810 1042 manum
2845 988 3109 1042 ultimam
3146 988 3463 1056 inponeret,
3498 986 3592 1037 de-

1956 1073 2232 1129 claranda
2266 1076 2493 1146 putavit
2524 1081 2692 1132 tauro
2721 1078 2891 1147 signa
2923 1093 3045 1147 qua:
3069 1078 3122 1130 in
3145 1075 3328 1141 leone,
3352 1075 3492 1128 dum
3519 1075 3588 1125 ad

1961 1163 2312 1218 saeviendum
2330 1181 2390 1220 se
2405 1165 2870 1236 acciugit,notari
2890 1168 3331 1229 consueverunt,
3354 1162 3595 1218 sicutvi-

1962 1251 2160 1307 cissim
2188 1254 2524 1308 antealeoni
2549 1261 2895 1326 exposuerat
2917 1255 3130 1308 indicia
3158 1253 3376 1308 ferocire
3401 1252 3457 1306 in
3483 1251 3597 1305 vim

1961 1346 2198 1395 exsertm
2225 1342 2374 1396 tauri
2400 1347 2516 1398 toto
2541 1361 2670 1398 mox
2693 1350 2900 1398 conatu
2928 1343 3238 1415 pugnaturi
3263 1360 3275 1406 ς
3303 1347 3364 1395 ut
3385 1357 3516 1396 cum
3540 1339 3594 1393 in

1965 1436 2235 1485 mutuum
2253 1449 2383 1486 mox
2397 1439 2770 1503 conspectum
2788 1435 2959 1487 ambo
2974 1431 3284 1488 adversarii
3305 1431 3602 1485 venissent

1963 1537 2031 1574 ex
2063 1526 2270 1575 mutua
2294 1522 2404 1576 ista
2427 1523 2826 1577 observatione
2845 1523 3147 1594 signorum
3171 1521 3600 1592 praedictorum,

1965 1610 2033 1663 ad
2067 1610 2329 1680 praelium
2369 1628 2431 1664 ac
2463 1611 2679 1666 caedem
2712 1611 3103 1666 irritarentur.
3135 1610 3373 1665 lntuéns
3424 1609 3604 1679 igitur

1965 1703 2198 1752 taurum
2218 1699 2346 1753 ficta
2376 1700 2787 1754 benevolentiae
2810 1701 3018 1771 specie.
3049 1699 3290 1766 Quando
3309 1699 3520 1769 inquit,
3543 1697 3600 1750 in

1968 1788 2017 1841 vi
2051 1789 2442 1843 dissuadenda
2478 1789 2664 1844 frusta
2692 1807 2843 1856 sum,
2879 1789 3195 1860 etexpcriri
3221 1789 3371 1842 vires
3397 1786 3602 1842 tuasin

1970 1876 2192 1932 leonem
2230 1879 2685 1933 irrevocabilitcr
2706 1886 2896 1933 certus
2921 1879 3170 1950 es,quod
3201 1877 3470 1931 ultimum
3502 1877 3601 1931 tali

1890 1931 1934 1994 B
1967 1971 2224 2036 tempore
2245 1967 2428 2022 ﬁdelis
2453 1969 2722 2022 amicitim
2748 1931 3001 2023 ofﬁcium
3025 1931 3092 2021 ex
3115 1984 3204 2022 me
3236 1967 3336 2020 tibi
3359 1982 3482 2021 esse
3512 1983 3606 2038 po-

1963 2060 2097 2121 test,
2141 2058 2424 2111 admoneo
2447 2062 2518 2122 te,
2545 2057 2844 2128 quibusex
2870 2058 3055 2127 signis
3079 2061 3232 2111 certo
3257 2072 3439 2126 queas
3464 2072 3610 2127 prm—

1968 2162 2203 2200 noscerc
2223 2148 2586 2210 ignoscmites
2608 2148 2662 2201 in
2683 2153 2733 2202 te
2759 2148 2940 2202 leonis
2964 2146 3165 2211 furias,
3185 2145 3383 2200 moxin
3401 2146 3610 2199 imma-

1968 2235 2239 2289 nissimos
2268 2234 2522 2290 insultus
2546 2243 2877 2307 erupturas.
2909 2235 3007 2290 Ubi
3033 2251 3168 2305 ergo
3190 2234 3377 2289 leonis
3399 2234 3598 2288 elfera-

1968 2327 2057 2377 tos
2090 2329 2144 2377 et
2173 2325 2457 2393 sanguine
2491 2326 2746 2379 sull'usos
2770 2325 2968 2380 oculos
3001 2324 3233 2388 videris,
3267 2323 3363 2376 ubi
3395 2323 3594 2377 eodem

1967 2417 2227 2484 tempore
2261 2415 2553 2467 notaveris
2587 2415 2982 2485 impatientem
3019 2420 3327 2476 tremorem
3361 2429 3508 2482 aegre
3542 2429 3602 2466 se

1971 2503 2394 2556 continentium
2419 2521 2449 2556 τι
2473 2504 2693 2557 ruendo
2709 2510 2966 2572 artuum,
2986 2503 3161 2556 simul
3178 2519 3308 2556 cum
3326 2503 3526 2555 crebro
3545 2507 3601 2555 et

1967 2592 2290 2645 vehementi
2323 2593 2519 2645 caudae
2545 2599 2702 2663 terga
2735 2593 3080 2662 ﬂagellantis
3112 2598 3292 2654 motu,
3319 2609 3452 2646 eave
3479 2598 3602 2646 tum

1971 2679 2095 2745 tibi,
2129 2685 2185 2734 et
2216 2686 2419 2734 contra
2449 2682 2651 2752 expedi
2686 2687 2971 2752 quantum
3008 2681 3186 2735 habes
3230 2681 3340 2734 vim
3379 2696 3391 2733 :
3451 2687 3604 2735 certo

1971 2770 2126 2822 enim
2165 2771 2377 2822 certius
2410 2771 2602 2823 statim
2638 2770 2951 2840 experieris
3011 2770 3362 2823 saevissimos
3423 2769 3606 2841 impe—

1975 2863 2070 2911 tus
2105 2858 2290 2912 hostis
2326 2859 2768 2928 immanissimi,
2798 2861 2934 2914 totis
2970 2859 3024 2912 in
3057 2865 3110 2914 te
3141 2859 3362 2913 viribus
3415 2859 3600 2913 usuri.

2047 2983 2250 3037 XXIV.
2293 2984 2353 3037 In
2390 2983 2544 3038 hunc
2579 2984 2814 3038 modum
2849 2983 3140 3055 instigatis
3175 2983 3231 3038 in
3266 2999 3325 3038 se
3359 2981 3605 3037 invicem

1975 3071 2256 3126 scelerato
2290 3072 2670 3143 Vestigatoris
2700 3072 2944 3127 artilicio
2977 3072 3139 3127 leone
3189 3077 3365 3142 atque
3423 3076 3611 3138 tauro,

1977 3161 2066 3215 hic
2099 3161 2168 3215 ad
2208 3161 2370 3216 illum
2407 3162 2750 3232 ingreditur.
2773 3163 3071 3217 Ambobus
3095 3169 3289 3218 autem
3323 3177 3384 3217 se
3410 3167 3613 3216 mutuo

1984 3252 2370 3318 intuentibus,
2407 3270 2470 3307 ac
2497 3252 2661 3307 leone
2693 3253 2928 3324 quidem
2963 3257 3195 3307 notante
3224 3251 3282 3306 in
3319 3257 3486 3307 tauro
3535 3253 3618 3306 si-

1987 3358 2101 3410 gna
2132 3341 2560 3396 effervescentis
2593 3342 2648 3396 in
2675 3341 2788 3396 vim
2837 3341 2932 3396 irae
2965 3359 3091 3412 quae
3116 3341 3450 3414 Vestigutor
3472 3359 3615 3412 prae-

1988 3436 2293 3484 monuerat
2326 3447 2344 3484 :
2378 3435 2543 3484 tauro
2577 3429 2833 3484 vicissim
2871 3431 3029 3500 paria
3057 3429 3272 3484 indicia
3307 3428 3620 3501 prurientis

1984 3522 2039 3573 in
2077 3535 2333 3590 pugnam
2370 3518 2612 3584 ferociae,
2645 3535 2772 3590 qua:
2807 3519 2956 3572 idem
2978 3518 3340 3589 praedixerat,
3375 3519 3431 3574 in
3457 3517 3623 3575 leone

1983 3614 2276 3674 cernente,
2311 3609 2469 3677 prior
2498 3612 2702 3661 taurus
2723 3607 2803 3662 sic
2839 3607 2994 3679 loqui
3023 3625 3193 3662 orsus
3219 3615 3309 3663 est
3342 3624 3354 3663 :
3381 3612 3624 3664 Praestat

1982 3697 2238 3750 assidere
2259 3695 2546 3767 spelunca:
2571 3698 2953 3768 quantumvis
2983 3697 3091 3751 diri
3119 3698 3413 3759 draconis,
3439 3714 3616 3769 quam

1981 3787 2124 3841 aula:
2159 3787 2309 3853 regis
2340 3787 2420 3840 tui
2461 3787 2696 3852 similis,
2732 3803 2763 3841 o
2795 3787 2902 3852 lea,
2939 3787 3150 3843 hocest
3175 3787 3378 3857 injusti
3402 3804 3618 3842 acsan-

1981 3877 2228 3944 guinarii
2263 3895 2276 3944 ;
2310 3883 2363 3929 et
2397 3881 2523 3946 post
2556 3875 2703 3931 hanc
2735 3877 2900 3948 quasi
2936 3875 3401 3948 clarigationem,
3435 3878 3618 3948 impe-

1983 3971 2103 4017 tum
2139 3965 2207 4019 ad
2242 3965 2358 4018 vim
2392 3964 2639 4035 expedit.
2672 3967 2780 4018 Sed
2815 3974 3056 4036 occupat
3095 3965 3203 4034 leo,
3230 3983 3296 4022 ac
3320 3966 3618 4022 violentis-

1978 4054 2409 4109 simeinsiliuns
2469 4055 2748 4109 miserum
2800 4057 3080 4127 ἀνερεῖ-μη
3138 4061 3194 4110 et
3224 4057 3616 4111 excarniﬁcat.

1976 4144 2067 4198 Sic
2099 4145 2370 4198 occubuit
2402 4151 2601 4198 taurus
2636 4144 2690 4197 in
2715 4145 2900 4198 oculis
2925 4144 3303 4216 Vestigatoris
3335 4150 3392 4199 et
3447 4149 3617 4199 Coro-

1976 4233 2093 4286 nati
2127 4235 2282 4303 (nam
2319 4238 2372 4286 et
2404 4233 2496 4286 hic
2533 4239 2671 4286 torti:
2704 4251 2954 4298 praesens
2989 4235 3222 4303 adluit),
3266 4233 3362 4304 qui
3425 4233 3620 4288 sciens

1975 4322 2106 4392 quis
2138 4323 2492 4393 compositor
2523 4321 2702 4390 hujus
2734 4323 3030 4392 tragmdiae
3053 4323 3212 4376 fuiss;
3237 4331 3278 4384 t,
3304 4339 3619 4377 conversus

1975 4412 2042 4462 ad
2080 4412 2356 4464 artilir‘em
2393 4410 2626 4464 Sceleris
2667 4415 3102 4479 \‘estigatorem,
3141 4412 3206 4465 iis
3244 4411 3402 4464 illum
3441 4411 3621 4464 intui-

1975 4503 2064 4553 tus
2096 4507 2179 4552 est
2203 4501 2387 4553 oculis
2421 4501 2517 4571 qui
2554 4504 2695 4553 satis
2728 4502 3100 4554 ostenderent
3135 4507 3188 4552 et
3251 4519 3423 4570 eia-:1!”
3484 4517 3614 4570 gra-

1976 4588 2487 4659 viterimprobaret
2513 4596 2750 4653 tactum,
2781 4589 3290 4659 etquantnminde
3325 4589 3613 4643 malorum

221 4681 492 4734 dil‘lidere
523 4677 832 4750 cmpitsuis
858 4677 1104 4742 viribus,
1146 4677 1505 4746 consilioque
1539 4694 1734 4731 secum
1768 4679 1866 4730 ha-
1904 4665 1947 4724 Ι)
1984 4678 2034 4729 in
2072 4679 2327 4732 auctoris
2359 4685 2532 4750 caput
2575 4679 3036 4732 redundaturum
3097 4686 3252 4734 esset
3310 4679 3620 4749 praedicere

224 4772 369 4832 bito,
431 4769 682 4823 decrevit
736 4767 1053 4836 periculum
1111 4767 1451 4837 pmnitentia
1507 4772 1861 4836 prmvertere.

225 4859 422 4914 Rediit
452 4874 588 4926 ergo
622 4858 689 4910 ad
717 4857 1038 4926 alcyonem,
1072 4861 1126 4908 et
1159 4872 1297 4909 suos
1319 4855 1398 4908 illi
1426 4855 1616 4924 pullos
1649 4855 1865 4909 insolu-

225 4964 351 5003 mes
384 4945 656 5001 reddidit.
693 4949 822 4998 Haec
853 4944 969 4998 dixi
1003 4949 1067 4997 ut
1101 4943 1412 5014 intelligas,
1438 4949 1626 5009 taure,
1647 4944 1785 5014 quid
1811 4949 1866 5000 te

221 5044 482 5094 statuere
507 5035 811 5090 conveniat
841 5035 898 5088 in
931 5034 1040 5089 hoc
1063 5034 1370 5088 temerario
1406 5035 1702 5106 procinctu
1729 5033 1865 5089 belli

223 5125 576 5198 capessendi
600 5125 878 5180 adversus
910 5123 1160 5189 leonem,
1193 5123 1284 5178 cui
1319 5123 1458 5178 totis
1480 5123 1603 5178 suis
1627 5129 1683 5178 et
1704 5123 1865 5195 regni

221 5217 439 5289 opibus
472 5212 714 5268 bellanti
746 5212 903 5268 haud
951 5213 1139 5284 magis
1187 5217 1243 5266 te
1290 5213 1612 5267 resistendo
1664 5229 1864 5283 parem

223 5322 404 5378 quam
442 5303 746 5370 Nereidem
782 5302 901 5371 regi
944 5302 1313 5368 avium,tute,
1342 5307 1403 5355 ut
1445 5302 1695 5355 arbitror
1725 5303 1863 5356 l‘ate-

221 5395 401 5451 beris.
436 5393 617 5447 Cedes
648 5407 806 5462 ergo,
843 5391 890 5445 si
936 5407 1027 5445 me
1081 5391 1308 5456 audias,
1369 5396 1424 5445 et
1471 5391 1866 5462 pacatioribus

219 5484 494 5540 intendes
528 5482 792 5535 animum
827 5479 1105 5535 consiliis.
1141 5480 1263 5534 Non
1298 5481 1626 5552 acquiesco,
1672 5481 1864 5551 inquit

217 5574 491 5630 ferociter
511 5576 717 5626 taurus
747 5588 759 5625 :
781 5574 987 5641 pacata
1013 5570 1126 5625 ista
1153 5569 1265 5624 ista
1287 5569 1531 5624 consilia
1555 5570 1777 5623 lentum
1801 5570 1859 5624 in

216 5664 469 5720 exitium
504 5676 596 5715 me
632 5659 1055 5729 pertraherent.
1092 5660 1350 5725 Przestat,
1379 5666 1437 5714 et
1468 5666 1690 5713 certum
1749 5667 1860 5726 est,

233 5753 418 5810 semel
451 5750 792 5823 periclitari,
826 5754 880 5803 et
911 5749 994 5804 vel
1033 5750 1246 5806 nobilis
1274 5750 1853 5821 victorizegelmortis

1979 4770 2132 4823 taciti
2170 4770 2677 4824 viderentur.Tum
2712 4784 2842 4824 eum
2881 4770 3616 4840 privatim,quampriinum

1976 4859 2162 4924 licuit,
2197 4876 2263 4912 ac
2298 4863 2420 4912 sine
2446 4859 2686 4914 arbttris
2720 4861 3096 4924 conveniens,
3130 4859 3224 4914 his
3262 4865 3351 4914 est
3408 4858 3619 4914 allatus

1976 4949 2177 5004 verbis
2211 4966 2222 5003 :
2257 4949 2383 5003 Scis
2413 4949 2550 5020 quid
2588 4949 2814 5019 egeris;
2867 4957 2922 5002 et
2972 4948 3024 5001 in
3087 4948 3219 5003 sinu
3281 4946 3618 5020 gratularis,

1979 5042 2174 5092 nactas
2205 5053 2332 5092 esse
2361 5055 2529 5105 quem
2555 5043 2788 5108 optaras
2811 5053 3146 5091 successum
3171 5042 3302 5091 tuas
3325 5035 3617 5092 scelestis-

1978 5125 2459 5184 simas‘insidias.
2493 5127 2665 5197 Atqui
2701 5131 2754 5181 te
2786 5127 3084 5198 providere
3117 5143 3182 5180 ac
3243 5130 3622 5197 prmmetuern

1985 5216 2457 5272 funcstissimum
2492 5216 2600 5286 ipsi
2638 5215 2734 5269 libi
2771 5215 2851 5269 tui
2888 5215 3156 5270 sereleris
3200 5216 3416 5269 exitum
3452 5231 3621 5286 opor-

1983 5310 2188 5360 tuerat.
2211 5303 2513 5358 Maculasti
2536 5303 2719 5357 leonis
2743 5304 2977 5369 famam,
3003 5304 3461 5360 invidiosissimo
3486 5320 3620 5359 sna-

1980 5396 2172 5450 dendo
2227 5394 2516 5460 facinore;
2571 5399 2807 5449 taurum
2867 5394 3238 5450 innocentem
3295 5394 3619 5466 perdidisti,

1983 5483 2328 5541 commisisti
2363 5482 2527 5555 prius
2550 5483 2868 5538 concordes
2904 5482 3061 5553 regni
3095 5500 3361 5554 proceres
3395 5485 3450 5538 in
3487 5500 3620 5555 pcr-

1982 5574 2434 5628 nicinsissimam
2499 5571 2849 5626 discordiam
2884 5577 2940 5626 et
2970 5572 3401 5627 commilitones
3443 5574 3500 5626 in
3559 5588 3620 5625 se.

1976 5665 2245 5728 invicem,
2289 5663 2464 5729 jactis
2526 5662 2880 5716 seditionum
2944 5661 3292 5722 seminibus,
3355 5661 3617 5716 armasti.

1979 5759 2058 5808 .-\n
2092 5756 2330 5824 impune
2353 5757 2407 5807 et
2439 5752 2692 5806 laturum
2727 5769 2928 5823 speras
2950 5751 3195 5806 erimina
3218 5757 3334 5806 tam
3363 5751 3623 5808 atrocia?
