4226 6460
670 352 808 414 1275

2172 368 2559 431 ΔΡΡΒΝΟΙΧ.

3937 390 4075 443 1276

660 484 902 582 Fat-leris
934 504 1062 582 mea
1095 492 1383 548 sententia
1413 492 1757 565 plurimum,
1791 497 1837 551 si
1863 495 1917 551 id
1940 497 2150 554 credis.
2181 500 2284 557 La-
2317 504 2371 573 Α
2402 504 2657 576 adeoque
2680 506 2865 564 facere
2912 526 3002 565 me
3060 510 3116 566 in
3177 509 3309 577 hoc,
3372 526 3501 567 meo
3556 513 3795 582 damno,
3855 520 4063 569 contra

656 579 774 629 teat
808 576 952 632 forte
986 579 1117 634 licet
1156 597 1349 652 regem
1386 583 1609 638 malitia
1638 588 1758 651 tua,
1793 592 1851 640 at
1880 602 2009 641 eam
2058 589 2297 658 penitus

661 665 962 734 pervident
978 668 1269 739 sapientes
1288 687 1467 743 supra
1485 672 1781 744 vulgarem
1810 681 2044 747 captum
2072 680 2299 735 consilii

661 753 801 821 regii
838 755 1132 825 prasides,
1167 757 1265 827 qui
1289 760 1595 817 conﬂatam
1623 764 1737 817 ate
1770 765 2077 821 factionem
2130 766 2297 823 intel-

658 838 924 911 ligentes,
958 843 1184 899 dabunt
1214 852 1515 905 strenuam
1549 855 1604 905 et
1633 852 1926 909 efﬁcacem
1961 872 2197 926 operam
2224 860 2296 913 ad

654 935 1078 1001 przevertendos
1111 944 1356 993 conatus
1389 940 1600 1011 impios
1622 947 1679 997 et
1710 944 1951 1000 infestas
1976 946 2155 1017 quieti
2186 962 2295 1018 pu-

649 1021 809 1077 blicae
846 1026 1177 1082 molitiones
1201 1029 1259 1081 in
1283 1029 1405 1099 ipsa
1431 1032 1659 1086 nefariae
1691 1036 2063 1091 conscientizn
2096 1037 2293 1093 adhuc

650 1115 885 1170 innoxia
917 1117 1054 1171 desi'
1088 1119 1321 1175 natione
1362 1123 1816 1193 opprimendas:
1882 1144 1985 1182 nec
2043 1129 2291 1184 dubium

650 1203 790 1274 quin
834 1207 1135 1276 perﬁciant
1166 1212 1319 1280 quod
1352 1211 1576 1268 volunt.
1614 1215 1730 1269 Etsi
1754 1217 1907 1271 enim
1968 1219 2286 1274 multornm

647 1294 749 1347 tibi
777 1296 973 1349 studia
1005 1304 1058 1351 et
1086 1299 1301 1354 auxilia
1326 1304 1563 1372 parasti,
1589 1305 1899 1373 praevalere
1923 1310 2113 1361 tamen
2140 1307 2288 1362 solet

646 1383 963 1453 tranquilla
996 1402 1313 1457 paucorum
1339 1393 1593 1462 capitum
1621 1395 1929 1463 prudentia
1961 1397 2287 1465 quamlibet

646 1471 965 1527 multarum
987 1474 1359 1532 tumultuosa:
1384 1479 1669 1536 violentize
1693 1499 1997 1539 manuum.
2025 1489 2154 1540 Haec
2178 1502 2282 1555 ego

640 1561 950 1628 providens
987 1568 1144 1620 tuam
1181 1574 1618 1641 prorumpentis
1653 1573 1705 1625 in
1729 1573 1874 1628 tales
1898 1591 2077 1629 ausus
2104 1577 2284 1645 repri-

641 1664 796 1704 mere
826 1652 1239 1711 canfidentiam
1274 1661 1545 1727 conabar,
1610 1669 1818 1733 praeter
1870 1668 2029 1719 tuam
2092 1664 2279 1736 ipsius

636 1736 908 1811 salutem,
943 1742 1115 1798 etiam
1150 1748 1304 1817 regis
1334 1764 1399 1802 ac
1418 1751 1578 1820 regni
1604 1751 2068 1808 incolumitatem
2090 1754 2147 1807 in
2173 1753 2280 1807 hoc

2408 594 2814 665 praescriptum
2844 597 3151 667 cujusdam
3184 600 3490 669 sapientis,
3523 601 3623 671 qui
3658 608 3812 656 recte
3844 605 4054 672 praeci-

2409 681 2493 751 pit
2525 698 2537 735 :
2574 682 2701 737 Noli
2735 700 2978 756 arguere
2999 686 3269 754 stultum,
3305 703 3375 741 ne
3407 696 3463 742 te
3513 688 3644 742 odio
3703 688 3939 752 habeat,
3997 697 4063 745 et

2408 770 2455 824 si
2489 776 2700 841 potest,
2735 774 2986 844 perdat;
3038 776 3539 845 quemadmodum
3597 777 3753 831 simii
3813 795 4059 833 corvum

2408 861 2786 930 perdiderunt
2834 863 3352 934 reprehendentem
3416 866 3598 937 ipsos.
3659 867 3837 921 Aiunt
3894 870 4057 923 enim

2405 950 2611 1005 nimios
2635 951 2691 1005 in
2725 953 2979 1022 quadam
3003 953 3148 1008 silva
3166 960 3448 1009 montana
3480 972 3580 1026 per
3612 956 3864 1011 hiemem
3892 957 4062 1028 frigi-

2403 1038 2707 1094 dissimam
2741 1042 3031 1107 degentes,
3056 1047 3373 1096 trementes
3427 1043 3485 1098 in
3544 1059 3777 1098 summo
3830 1044 4059 1112 algore,

2401 1128 2617 1183 vidisse
2653 1130 2795 1183 forte
2827 1130 3078 1200 lapidem
3132 1132 3487 1187 carbunculo
3542 1133 3817 1198 similem,
3876 1138 4053 1204 cujus

2399 1217 2619 1288 fulgore
2654 1236 2976 1289 prunarum
3010 1223 3263 1291 speciem
3299 1223 3569 1288 habente,
3601 1223 3656 1275 in
3703 1222 3914 1277 falsam
3940 1224 4048 1278 in-

2397 1308 2553 1361 du‘cti
2589 1306 2943 1377 opinionem,
2962 1311 3122 1364 arida
3149 1312 3300 1365 circa
3320 1310 3485 1365 illum
3509 1318 3850 1381 aggerentes
3880 1313 4051 1375 folia.

2394 1395 2659 1449 certatim
2694 1397 3027 1468 congregati
3062 1398 3279 1452 circum
3306 1415 3533 1463 omnes,
3557 1399 3612 1451 in
3637 1398 3891 1469 lapidem
3919 1401 4047 1453 suf-

2394 1484 2633 1552 ﬂabant,
2682 1483 3004 1550 ﬂammam,
3048 1491 3112 1540 ut
3168 1487 3474 1557 putabant,
3530 1487 3801 1541 elicituri.
3871 1488 4045 1543 Hunc

2392 1574 2641 1629 stultum
2667 1591 2868 1629 eorum
2901 1574 3157 1629 laborem
3192 1577 3537 1647 despectans
3568 1593 3635 1629 ex
3666 1576 3780 1630 alto
3804 1594 4048 1646 corvus,

2390 1662 2492 1731 Ne,
2526 1663 2737 1733 inquit,
2765 1664 2989 1728 erretis,
3025 1680 3056 1717 ο
3102 1663 3257 1732 boni,
3294 1670 3454 1734 petra
3514 1663 3633 1718 haec
3675 1665 3867 1735 gelida
3925 1673 4044 1731 est,

2390 1752 2537 1807 nihil
2579 1754 2952 1824 ignihabens
2979 1760 3186 1825 praeter
3241 1754 3516 1810 colorem.
3573 1755 3701 1809 Hmc
3759 1771 3891 1809 cum
3956 1755 4043 1809 illi

640 1836 937 1943 spectans.
980 1835 1133 1890 Nihil
1166 1839 1320 1943 enim
1349 1838 1651 1943 exitiosius
1710 1842 2005 1943 principes
2064 1845 2276 1914 princi-
2314 1880 2360 1943 Β
2393 1842 2679 1897 dicentem
2715 1844 3056 1915 irridebant,
3090 1847 3485 1902 intentissima
3538 1846 3606 1899 de
3640 1850 3844 1899 caetero
3878 1848 4042 1915 quod

639 1928 930 1997 patusque
963 1929 1255 1996 pervertit,
1279 1946 1454 2000 quam
1479 1930 1700 1987 auditio
1723 1931 2123 2004 admissioque
2145 1952 2281 2007 sug-

635 2015 967 2083 gcstionum
1001 2016 1230 2085 talium,
1266 2019 1471 2090 quales
1506 2027 1565 2075 tu
1600 2022 1804 2092 tuique
1830 2023 2052 2079 similes
2085 2024 2285 2080 soletis

635 2105 927 2161 inculcare
962 2106 1215 2164 incautis
1248 2111 1621 2182 regnantium
1655 2114 1918 2169 auribus.
1957 2114 2096 2168 Mihi
2121 2131 2281 2170 sem-

634 2213 735 2266 per
764 2196 841 2251 ita
873 2197 1062 2253 visum
1098 2204 1223 2255 est:
1260 2201 1423 2256 dotes
1455 2202 1844 2274 virtutesque,
1880 2205 2096 2275 quibus
2154 2204 2278 2258 vitae

629 2284 877 2341 felicitas
906 2288 1245 2355 absolvitur,
1283 2289 1390 2345 has
1421 2308 1549 2349 esse
1581 2313 1593 2349 :
1622 2293 1974 2360 doctrinam,
2001 2292 2277 2365 eloquen-

622 2381 798 2452 tiam,
839 2384 1160 2456 justitiam,
1193 2382 1602 2440 liberalitatem
1663 2384 1934 2449 hilarem,
2012 2383 2281 2455 legitime

626 2476 825 2542 partas
846 2490 1006 2545 opes,
1044 2475 1501 2531 misericsrdiam
1534 2474 1854 2529 beneﬁcam
1917 2472 1974 2526 in
2037 2488 2276 2543 egenos,

624 2559 1422 2632 longaavitatem,sanitatem,
1467 2564 1822 2620 comitatem.
1872 2562 1972 2617 His
2006 2563 2105 2633 qui
2149 2563 2277 2617 niti~

629 2654 740 2717 tur,
774 2658 830 2706 et
858 2648 1251 2723 profecturum
1283 2671 1484 2709 eorum
1517 2668 1645 2724 ope,
1687 2659 1743 2706 et
1800 2668 1913 2722 quo
1973 2656 2277 2722 promotus

624 2740 831 2797 merito
864 2743 1057 2812 fuerit,
1093 2743 1170 2798 ibi
1228 2744 1514 2799 stabiliter
1576 2757 2029 2814 permausurum
2085 2745 2273 2812 puto;

623 2835 857 2890 fraudes
888 2840 940 2889 et
974 2834 1103 2907 doli
1125 2834 1260 2889 mali
1294 2835 1515 2889 caduca
1548 2833 1930 2886 fundamenta
1962 2836 2102 2886 sunt
2137 2832 2273 2886 bea—

614 2925 889 2979 titudinis
922 2925 1280 2979 mortalium.
1320 2929 1395 2977 Ex
1429 2923 1518 2977 his
1552 2922 1791 2977 dotibus
1838 2920 2070 2991 aliquas
2108 2922 2163 2975 in
2218 2925 2274 2975 te

616 3032 893 3086 agnosco,
925 3014 1220 3071 solertiam
1247 3020 1304 3068 et
1340 3013 1669 3079 scientiam,
1694 3012 1793 3065 sed
1818 3028 1918 3065 eas
1941 3011 2274 3081 corrumpis

617 3123 790 3177 pravo
825 3122 957 3160 usu.
995 3104 1240 3159 Fructus
1262 3110 1455 3157 autem
1484 3119 1596 3156 non
1625 3105 1913 3171 corrupta;
1942 3101 2266 3171 sapientiae,

624 3195 944 3251 moderatio
976 3199 1083 3260 est,
1117 3198 1173 3248 et
1203 3184 1469 3263 quaedam
1513 3190 1799 3245 sobrietas
1833 3189 2061 3259 agendi,
2086 3205 2262 3260 quam
2298 3230 2342 3297 Ο

620 3285 721 3356 qui
754 3301 868 3339 non
904 3288 1126 3350 tenent,
1158 3299 1267 3337 sua
1299 3282 1424 3351 ipsa
1455 3279 1700 3335 scientia
1730 3278 1871 3333 ebrii
1909 3294 2024 3332 non
2068 3277 2266 3332 vident

618 3391 746 3447 quas
780 3378 918 3428 sunt
948 3376 1080 3426 ante
1111 3369 1335 3436 oculos,
1364 3373 1422 3424 et
1450 3369 1671 3423 invidia
1712 3373 2057 3422 noctuarum
2122 3366 2265 3436 ipsis

620 3469 891 3518 naturam
925 3461 1226 3525 induente,
1261 3457 1518 3529 caligant
1549 3457 1619 3512 ad
1641 3455 2125 3521 multamlucem,
2148 3456 2263 3510 vir-

620 3558 812 3607 tutum
845 3550 1173 3605 alienarum
1205 3547 1576 3619 splendorem
1611 3563 1725 3602 non
1760 3549 2029 3600 ferentes.
2065 3543 2266 3609 Qualis

615 3642 848 3713 generis
871 3639 1112 3696 asseclis
1139 3638 1240 3709 qui
1275 3637 1682 3692 cirdumdatus
1717 3653 1813 3690 rex
1842 3641 1950 3701 est,
2010 3634 2264 3690 similem

617 3749 752 3787 cum
785 3731 1029 3786 dixerim
1056 3727 1252 3795 ﬂuvio,
1284 3726 1531 3796 limpido
1564 3724 1647 3779 illi
1690 3726 1929 3796 quidem
1989 3729 2047 3779 et
2100 3722 2265 3779 uberi

619 3821 1035 3895 prespicuitate
1067 3820 1340 3877 invitanti
1372 3820 1622 3874 viatores
1649 3820 1965 3871 aestuantes
1993 3815 2065 3869 ad
2091 3831 2264 3868 usum

620 3913 734 3981 sui,
767 3913 866 3969 sed
900 3913 1088 3967 eidem
1123 3914 1333 3967 referto
1377 3906 1709 3973 crocodilis,
1770 3921 2022 3978 quorum
2084 3916 2267 3958 terror

617 4003 789 4073 longe
821 4008 977 4057 arcet
1003 4003 1075 4057 ab
1108 4017 1347 4057 accessu
1379 3997 1633 4055 crudelis
1691 3996 1827 4068 ripae
1888 3994 2265 4066 praemonitos

616 4091 857 4165 periculi
892 4091 1174 4164 hospites,
1209 4089 1379 4162 longe
1409 4088 1597 4145 satius
1622 4088 1904 4141 ducentes
1944 4090 2262 4156 quantum-

612 4183 756 4238 libet
780 4187 1042 4237 urentem
1073 4181 1231 4235 sitim
1266 4181 1379 4251 pati
1413 4194 1589 4249 quam
1615 4192 1677 4232 se
1703 4175 1990 4231 vorandos
2008 4173 2264 4244 praebere

608 4270 1065 4327 immanissimis
1097 4268 1333 4326 belluis.
1367 4269 1453 4323 Tu
1486 4283 1615 4322 vero
1664 4266 1959 4321 neminem
2019 4261 2258 4320 voluisti

610 4367 819 4432 praeter
840 4366 895 4416 te
924 4359 1203 4431 peculiari
1236 4358 1421 4414 leonis
1453 4357 1607 4428 regis
1638 4353 1829 4428 gratia
1887 4354 2091 4409 ﬂorere
2124 4368 2137 4419 ;
2201 4353 2256 4406 in

612 4447 737 4522 quo'
764 4450 1019 4522 pessime
1050 4450 1121 4503 de
1152 4449 1280 4519 ipso
1312 4446 1604 4503 meruisti.
1667 4444 1832 4501 Sicut
1887 4443 2253 4511 majestatem

611 4541 792 4596 maris
817 4555 1052 4595 omnem
1077 4556 1143 4594 ac
1165 4537 1423 4610 speciem
1448 4536 1697 4600 tolleret,
1724 4535 1907 4607 quiad
1941 4533 2179 4588 unicum
2197 4531 2251 4584 id

605 4631 854 4686 fluctum
885 4630 1058 4685 vellet
1085 4629 1368 4699 redigere,
1402 4643 1535 4682 cum
1569 4643 1639 4681 ex
1668 4622 2051 4680 multitudine
2082 4621 2254 4676 innu-

603 4718 864 4776 merabili
901 4719 1263 4775 trudentium
1300 4718 1419 4773 illic
1448 4733 1574 4773 sese
1606 4733 1673 4771 ac
1732 4714 2081 4787 stipantium
2141 4714 2249 4766 ilu-

604 4820 805 4866 ctuum
837 4814 1009 4879 atque
1041 4810 1355 4875 undarum,
1388 4807 1569 4861 maris
1601 4806 1906 4877 dignatus,
1939 4808 1997 4858 et
2029 4819 2155 4874 quas
2187 4817 2256 4857 ex

600 4901 711 4956 hac
742 4899 947 4965 oritur,
983 4898 1386 4970 navigantium
1409 4896 1679 4968 quaedam
1710 4892 2026 4959 veneratio,
2049 4907 2255 4946 nasca-

603 4997 719 5044 tur.
755 4994 1037 5044 lnsanum
1070 5004 1204 5043 vero
1238 5003 1479 5059 prorsus
1509 4990 1599 5041 est
1630 4984 1905 5040 amicitia)
1933 4982 2073 5037 foris
2114 4995 2255 5052 prze‘

604 5082 754 5135 ferre
786 5077 1195 5145 simulacrum,
1232 5078 1521 5133 foventem
1556 5075 1717 5130 intus
1750 5074 1899 5129 nihil
1936 5071 2095 5127 aliud
2143 5068 2258 5124 nisi

601 5177 971 5244 quaestuosae
1002 5169 1377 5240 cupiditates,
1411 5168 1654 5239 privatis
1707 5166 1876 5221 unice
1933 5164 2257 5220 rationibus

598 5264 882 5328 intentas,
934 5259 1173 5315 sordido
1234 5257 1577 5314 avidissime
1607 5255 2014 5311 inhiabundas
2071 5255 2258 5321 lucro,

600 5351 866 5423 nihilque
900 5350 1065 5420 pensi
1100 5349 1409 5410 habentes,
1448 5348 1742 5419 propriam
1777 5346 1889 5401 sibi
1941 5346 2261 5416 quomodo-

596 5458 827 5512 cunque
856 5440 982 5495 utili
1020 5443 1195 5494 tatem
1230 5440 1536 5504 coniicere,
1571 5436 1657 5491 vel
1686 5435 1993 5507 dispendio
2052 5435 2261 5489 exitio-

600 5547 714 5602 que
744 5529 1093 5602 quorumvis
1127 5526 1458 5600 quamlibet
1491 5524 1839 5581 insontium.

668 5655 841 5713 XXV.
883 5656 1011 5711 Haec
1042 5671 1148 5726 ego
1176 5656 1321 5709 satis
1356 5651 1642 5724 intelligo,
1685 5649 1911 5724 pridem
1948 5655 2263 5734 expertus,

600 5753 655 5805 et
685 5748 864 5805 surdo
898 5762 988 5801 me
1018 5744 1303 5801 cecinisse
1337 5744 1641 5811 hactenus,
1669 5747 1727 5797 et
1785 5758 1957 5813 porro
2024 5756 2257 5806 canere,

2393 1938 2685 2001 coeperant
2715 1938 2971 2003 agentes.
3027 1936 3356 1989 Arbitratus
3406 1950 3612 1988 corvus
3661 1950 3773 1987 non
3831 1950 4044 2003 perve-

2392 2019 2548 2074 nisse
2580 2022 2649 2075 ad
2682 2021 2841 2092 ipsos
2868 2038 3085 2089 vocem,
3122 2021 3424 2076 descendit
3449 2020 3507 2075 in
3534 2021 3865 2075 viciniorem
3892 2020 4047 2089 ipsis

2390 2126 2643 2173 ramum,
2663 2117 2719 2165 et
2740 2111 2939 2165 eadem
2970 2111 3299 2179 admonuit,
3325 2113 3447 2181 pari
3472 2127 3771 2176 successu;
3792 2109 4043 2180 quando

2387 2216 2517 2253 eum
2554 2201 2890 2271 praeteriens
2917 2202 3156 2271 quidam
3183 2200 3367 2255 viator
3387 2206 3444 2255 ct
3483 2202 3699 2253 frustra
3758 2208 4034 2269 satagen-

2387 2294 2501 2343 tem
2538 2289 2843 2344 miserans.
2878 2289 3110 2357 Desine,
3145 2306 3333 2354 corve,
3368 2288 3583 2359 inquit,
3630 2288 3793 2359 paria
3852 2293 3909 2341 et
3968 2300 4036 2341 tu

2385 2395 2515 2432 cum
2564 2376 2637 2433 iis
2670 2380 2970 2449 quosjure
2992 2378 3289 2450 vituperas
3323 2394 3582 2450 peccare,
3618 2378 3801 2432 nihilo
3846 2394 4031 2447 quam

2382 2468 2421 2522 ii
2442 2469 2638 2523 minus
2656 2468 2947 2524 inutiliter
2971 2469 3417 2524 laborans.Tam
3441 2469 3594 2521 enim
3618 2468 4029 2538 nequidquam

2380 2559 2577 2626 sudat,
2612 2560 2711 2630 qui
2748 2558 3090 2613 naturaliter
3122 2558 3319 2613 bardis
3346 2564 3404 2612 et
3424 2563 3615 2611 mente
3632 2556 4034 2626 cassisinspi-

2381 2663 2509 2702 rare
2530 2648 2857 2719 sapientem
2892 2650 3111 2713 studet,
3145 2665 3209 2702 ac
3228 2648 3326 2719 qui
3347 2664 3466 2703 rem
3488 2652 3696 2701 natura
3722 2645 4027 2716 obliquam

2380 2736 2627 2808 dirigere
2660 2738 2716 2791 in
2749 2737 2964 2791 lineam
2998 2737 3332 2802 contendit;
3366 2737 3507 2807 quin
3540 2735 3863 2806 periculum
3915 2741 4031 2797 est,

2378 2827 2424 2880 si
2450 2827 2664 2897 pergis,
2690 2843 2760 2881 ne
2778 2832 3168 2897 praeterquam
3194 2827 3341 2897 quod
3372 2825 3518 2879 nihil
3540 2825 3828 2895 proficies,
3849 2823 4031 2877 etiam

2377 2916 2659 2969 damnum
2695 2915 2799 2969 tibi
2827 2915 3294 2985 accersas,quale
3326 2914 3782 2984 illicontigitqui
3811 2914 4034 2967 acutis-

2376 3004 2595 3058 simum
2628 3004 2824 3058 eximii
2857 3003 3306 3075 temperamenti
3337 3020 3536 3057 ensem
3562 3004 3619 3056 in
3644 3008 3770 3057 cote
3794 3019 4038 3073 aggres-

2374 3111 2477 3149 sus
2510 3094 2832 3149 duriesima
2864 3096 3134 3164 probare,
3166 3093 3328 3147 illum
3364 3094 3554 3163 primo
3587 3092 3729 3159 ictu,
3783 3108 3885 3145 ceu
3947 3092 4031 3144 vi-

2380 3188 2535 3237 trum
2568 3184 2751 3249 futile,
2769 3183 3044 3252 ditfregit.
3064 3182 3185 3236 Non
3210 3183 3466 3252 pervasit
3484 3182 3769 3235 monitum
3792 3180 4037 3251 sapiens

2383 3272 2441 3325 in
2469 3271 2733 3326 animum
2768 3269 2947 3326 stulte
2980 3270 3165 3325 seduli
3200 3270 3374 3337 corvi,
3410 3272 3509 3340 qni
3545 3268 3846 3340 prurigine
3877 3286 4037 3338 qua-

2375 3360 2508 3414 dam
2542 3360 2903 3415 ostentanda:
2964 3358 3281 3429 sapientiae,
3337 3358 3508 3429 quasi
3566 3374 3635 3411 ex
3692 3357 4031 3427 propinquo

2372 3468 2788 3522 persuasurus,
2822 3452 2977 3521 quod
3011 3450 3243 3504 distans
3279 3449 3678 3519 nequidquam
3714 3448 4029 3516 suadebat,

2374 3542 2444 3597 ad
2478 3540 2684 3596 simios
2715 3541 3099 3606 descendens,
3132 3538 3397 3609 ipsisque
3430 3537 3794 3593 familiariter
3825 3537 4027 3590 immi-

2374 3637 2505 3686 stus
2532 3648 2546 3685 :
2578 3632 2793 3701 Apage,
2825 3629 3136 3695 clamabat,
3172 3629 3443 3683 absistite
3478 3626 3726 3681 ridiculo
3758 3632 3970 3680 conatu
4012 3645 4027 3690 ;

2372 3738 2445 3775 an
2479 3722 2726 3790 speratis
2757 3719 2968 3790 spiritu
3004 3736 3033 3773 e
3068 3724 3231 3788 petra
3284 3718 3584 3772 ﬂammam
3642 3717 3965 3771 extundere
3998 3718 4027 3769 ἰ)

2371 3810 2533 3866 Talia
2564 3809 2732 3864 illum
2768 3810 3217 3863 concionautem
3250 3807 3574 3862 coorientes
3609 3805 3879 3861 concordi
3926 3823 4024 3859 ra-

2372 3901 2464 3955 bie
2497 3900 2552 3954 in
2590 3900 2936 3954 monitorem
2972 3896 3450 3969 intempestivum
3504 3896 3659 3951 simii
3693 3896 4025 3965 discerpse—

2372 3995 2530 4046 runt.
2566 3990 2674 4044 Par
2704 3989 2893 4044 exitus
2925 4004 2994 4043 ne
3019 4004 3112 4042 me
3146 3991 3403 4054 maneat,
3463 3986 3736 4057 equidem
3796 4001 4024 4041 vereor.

2370 4080 2493 4135 Non
2519 4079 2759 4135 cessabo
2784 4084 2977 4133 tamen
3013 4077 3224 4145 adhuc,
3253 4076 3539 4130 charitate
3559 4080 3865 4145 provectus
3888 4091 4029 4129 vera

2369 4170 2475 4238 tui,
2510 4174 2567 4223 et
2589 4169 2696 4223 hoc
2727 4168 3093 4234 denuntiare,
3129 4167 3178 4221 si
3210 4168 3355 4221 forte
3386 4166 3616 4220 tandem
3652 4164 3737 4219 vel
3771 4163 3880 4218 hoc
3918 4181 4022 4234 po-

2366 4264 2588 4314 stremo
2619 4274 2688 4313 ex
2721 4274 2813 4312 me
2839 4256 3130 4312 audiendo
3162 4254 3427 4326 exemplo
3459 4255 3674 4309 moveri
3736 4254 3806 4307 ad
3861 4253 4025 4308 salu-

2366 4349 2529 4403 brem
2563 4346 3025 4419 resipiscentiam
3060 4345 3273 4417 possis.

2435 4475 2636 4531 XXVI.
2669 4474 2796 4542 Aio,
2832 4478 2909 4541 te,
2962 4474 3005 4527 si
3039 4472 3305 4527 consiliis
3333 4470 3745 4526 benevolorum
3778 4470 4024 4540 spretis,

2286 4594 2334 4657 Β
2369 4565 2587 4621 astutia
2619 4570 2676 4619 et
2704 4580 2852 4619 caeco
2892 4563 2975 4617 tui
3031 4578 3225 4617 amore
3284 4577 3451 4617 ruere
3512 4576 3740 4631 perges,
3798 4558 4025 4613 similia

2368 4672 2682 4727 passurum
2711 4657 2949 4708 versuto
2983 4650 3258 4706 nebuloni
3294 4652 3418 4705 suis
3445 4649 3634 4720 ipsius
3693 4648 3763 4703 ad
3826 4654 4018 4702 extre-

2366 4763 2526 4801 mum
2564 4745 2960 4799 circumvento
2994 4740 3240 4796 technis.
3290 4740 3689 4795 Scholasticus
3750 4739 4020 4809 quidam,

2365 4836 2453 4891 vir
2483 4834 2732 4905 simplex
2763 4838 2821 4888 et
2853 4832 2969 4887 fuci
3002 4848 3229 4902 expers,
3253 4830 3355 4885 via;
3388 4829 3708 4900 aliquando
3772 4828 4021 4883 societa-

2365 4932 2484 4983 tem
2517 4926 2691 4981 inivit
2714 4941 2847 4980 cum
2883 4921 3181 4978 ardalione
3212 4920 3619 4977 callidissimo.
3666 4920 3842 4975 Bonis
3895 4921 4023 4974 avi-

2367 5019 2480 5073 bus
2558 5018 2667 5071 iter
2723 5013 2993 5086 ingressi,
3058 5028 3296 5083 peregre
3354 5013 3412 5067 in
3469 5011 3811 5065 thesaurum
3873 5010 4026 5065 inci-

2368 5109 2519 5163 dunt
2541 5105 2884 5171 maximum,
2920 5102 3081 5158 mille
3102 5102 3231 5158 auri
3265 5100 3645 5157 talentorum.
3709 5103 3842 5155 Post
3893 5115 4025 5166 gra-

2367 5198 2712 5253 tulationem
2745 5200 2864 5250 tam
2926 5192 3103 5248 fausti
3164 5209 3359 5254 casus,
3414 5189 3823 5257 scholasticus,
3881 5206 4026 5244 con-

2371 5304 2573 5343 versus
2630 5285 2701 5340 ad
2764 5284 3014 5346 socium,
3079 5280 3225 5337 Mihi
3280 5281 3531 5350 videtur,
3591 5280 3807 5349 inquit,
3861 5280 4021 5333 factu

2372 5377 2661 5449 optimum
2690 5374 2893 5447 partiri
2926 5390 2995 5428 ex
3024 5389 3188 5443 siquo
3221 5371 3375 5426 inter
3435 5386 3539 5426 nos
3600 5370 3708 5424 hoc
3772 5369 4024 5424 fortuna:

2373 5470 2617 5536 donum,
2646 5467 2860 5522 etdare
2899 5463 3175 5535 deinceps
3208 5479 3503 5534 quemque
3560 5466 3831 5516 nostrum
3882 5476 4023 5531 Ope-

2373 5576 2498 5614 ram
2533 5556 2955 5628 comportando
2988 5555 3044 5608 in
3078 5558 3271 5609 tutum
3305 5552 3499 5607 locum
3541 5551 3696 5622 quod
3728 5550 3844 5620 ipsi
3878 5548 4026 5603 obti-

2376 5648 2572 5721 gerit:
2607 5647 2717 5702 nisi
2743 5646 2791 5703 si
2823 5646 2961 5717 quid
2997 5648 3056 5699 tu
3094 5660 3266 5699 secus
3296 5642 3503 5698 sentis.
3546 5640 3689 5695 Huic
3721 5639 4031 5710 improbus

2377 5738 2597 5808 socius,
2634 5738 2731 5809 qui
2792 5740 2951 5807 parte
3010 5734 3213 5807 praedas
3270 5732 3480 5804 opimae
3530 5747 3643 5786 non
3689 5734 4031 5797 contentus,
