4226 6460
185 377 326 433 1277

1197 371 1558 427 SPECIMEN
1600 360 2000 423 ΒΑΡῘΕΝΤΙΕ
2038 365 2367 420 INDORUM
2405 364 2564 416 VET.

3443 344 3581 402 1278

185 513 367 561 totam
411 517 582 557 avara
612 497 932 570 cupiditate
972 495 1391 550 devoraverat:
1429 489 1826 546 Periculosum
1859 492 1911 556 Α
2017 487 2242 542 XXVII.
2293 485 2601 554 Digressus
2645 480 2941 536 fraudator
2995 475 3274 541 nefarius,
3328 475 3574 570 patrem,

185 590 721 664 inquit,consilium
757 585 1061 656 suggeris;
1099 601 1230 637 nam
1255 584 1395 636 dum
1426 595 1827 644 numeramus,

185 687 332 738 dem
365 681 662 736 efferimus
693 693 929 740 aurum,
969 672 1355 728 intervenient
1387 668 1617 725 molesti
1647 676 1702 722 et
1739 685 1834 723 ra-

187 787 365 844 paces
396 768 620 823 arbitri.
655 772 773 835 Age
799 765 992 835 potius
1024 761 1374 816 infodiamus
1400 758 1834 830 quamprimum

189 863 300 915 sub
335 859 436 912 illa
485 873 695 927 quercu
748 854 902 924 quod
956 851 1302 922 reperimus,
1353 848 1487 902 inde
1539 845 1838 917 sumpturi

189 949 441 1005 subinde
471 947 626 1018 quod
661 961 804 998 usus
840 947 1077 1014 poscet;
1123 940 1206 994 sic
1238 939 1392 992 enim
1446 942 1836 1007 praeterquam

189 1040 346 1110 quod
380 1037 568 1092 securi
598 1035 817 1089 erimus
849 1029 1210 1086 acalumniis
1245 1028 1512 1091 litium,a
1546 1026 1834 1080 fiscalium

190 1125 702 1189 concussionibus,
735 1122 806 1176 ab
842 1120 1074 1176 insidiis
1102 1119 1318 1180 furum,
1353 1118 1525 1171 etiam
1554 1115 1659 1168 hoc
1695 1130 1838 1168 novo

193 1215 460 1270 indivisae
494 1209 882 1284 possessionis
941 1209 1172 1262 vinculo
1203 1208 1600 1274 astringemus
1633 1203 1838 1258 fortius

194 1307 406 1359 initum
433 1303 583 1356 inter
604 1317 710 1355 nos
750 1298 1025 1353 amicitia:
1056 1297 1414 1356 societatem,
1451 1294 1618 1360 cujus
1651 1292 1838 1358 initia,

196 1395 296 1464 qui
332 1391 478 1446 tanti
533 1405 844 1444 successus
899 1385 1147 1455 augurio
1193 1385 1568 1438 fortunarunt
1620 1381 1836 1451 superi,

188 1482 490 1536 declarare
542 1479 814 1532 videntur
866 1475 1119 1530 voluisse
1179 1472 1323 1527 nihil
1382 1488 1493 1526 non
1550 1470 1840 1524 felicitatis

188 1588 258 1626 ex
295 1573 425 1639 ejus
469 1585 573 1622 nos
625 1582 860 1637 sperare
910 1563 1346 1634 perseverantia
1402 1562 1628 1614 debere.
1692 1560 1836 1626 Quid

188 1655 751 1714 multa?Persuasit
790 1654 938 1708 latro
987 1653 1244 1722 perfidus
1305 1650 1507 1720 ignaro
1568 1651 1838 1702 fraudum

188 1748 344 1818 quod
379 1745 653 1802 volebat:
693 1744 978 1812 amboque
1009 1740 1308 1795 communi
1351 1755 1550 1810 opera,
1583 1739 1693 1792 sub
1725 1754 1842 1807 qua

1944 594 2112 649 quem
2163 575 2316 630 domi
2377 573 2627 627 habebat
2671 569 2958 630 vetulum,
2991 565 3277 620 convenit.
3315 566 3389 622 et,
3416 559 3574 625 Quod

1943 667 2191 722 docuisti
2244 680 2333 718 me
2377 678 2628 733 semper,
2682 659 2896 728 inquit,
2927 656 3086 710 omni
3120 659 3238 706 arte
3273 668 3336 705 ac
3368 653 3580 703 conatu

1943 773 2063 811 rem
2109 770 2331 826 parare,
2367 753 2420 805 in
2457 769 2521 805 eo
2555 749 2830 804 navandae
2865 762 3046 815 Opera:
3083 741 3334 809 benigna
3384 755 3445 792 se
3479 754 3579 790 no-

1946 848 2036 903 bis
2070 848 2280 918 prmbet
2311 843 2558 908 occasio,
2593 841 2690 895 sed
2727 856 2852 908 qure
2902 843 3066 890 tuum
3118 833 3375 901 θχμοεςίι
3419 827 3579 883 auxi-

1945 939 2086 993 lium
2138 937 2194 990 in
2249 951 2305 989 re
2367 950 2478 987 non
2537 930 2712 1000 gravi.
2775 928 2901 982 Scis
2951 929 3094 996 quot
3151 923 3274 976 auri
3340 919 3576 986 talenta,

1949 1030 2204 1084 Laverna
2234 1029 2478 1091 favente,
2511 1024 2750 1075 domum
2798 1034 2980 1087 nuper
3014 1012 3305 1068 intulerim
3337 1027 3348 1063 :
3385 1026 3450 1062 ca
3481 1025 3579 1062 cu-

1947 1118 2171 1174 mulare
2227 1115 2550 1169 addicendo
2611 1111 2776 1166 nobis
2839 1105 3192 1179 patrimonio
3250 1098 3584 1156 scholastici

1949 1209 2118 1263 istius
2150 1202 2574 1276 simplicissimi
2631 1197 2908 1264 hominis,
2942 1201 2997 1250 et
3047 1194 3280 1248 animus
3336 1193 3392 1244 et
3451 1205 3585 1258 spes

1947 1305 2054 1363 est,
2093 1296 2262 1351 modo
2289 1311 2400 1349 non
2435 1292 2694 1362 graveris
2742 1286 3031 1357 cooperari
3070 1300 3169 1353 pro
3227 1280 3374 1334 virili
3407 1282 3590 1347 empto

1950 1394 2155 1440 nostra;
2191 1382 2426 1438 familia:
2462 1377 2982 1452 questuosissimo.
3010 1372 3252 1442 Eriponit
3284 1369 3415 1422 inde
3447 1367 3588 1436 quid

1941 1475 2125 1546 judici
2162 1472 2515 1545 promiserit,
2545 1469 2683 1540 quid
2716 1467 2768 1521 is
2817 1460 3206 1521 constutuerit
3261 1459 3316 1512 in
3377 1455 3586 1511 crasti-

1951 1581 2112 1620 num.
2146 1564 2295 1618 Tum
2346 1561 2522 1615 infert
2559 1576 2571 1612 :
2609 1555 2907 1626 Exploravi
2953 1552 3265 1620 diligenter
3307 1561 3587 1618 quercum

1948 1655 2135 1723 illam,
2170 1669 2347 1724 quam
2383 1647 2662 1704 affirmavi
2696 1643 3094 1701 testimonium
3122 1656 3222 1708 pro
3275 1654 3364 1691 me
3399 1637 3589 1689 dictu-

1950 1758 2352 1810 ram;cavum
2388 1743 2546 1795 intus
2606 1744 2876 1793 truncum
2937 1733 3134 1797 habet,
3191 1733 3246 1783 et
3298 1727 3352 1780 in
3416 1726 3588 1779 istam

187 1840 415 1894 dictum
447 1842 537 1892 est
561 1851 782 1890 annosa
812 1849 1053 1904 quercu,
1091 1832 1148 1885 in
1203 1832 1326 1885 loco
1358 1829 1483 1883 avio
1544 1829 1678 1894 sita,
1711 1828 1836 1882 the-
1871 1847 1919 1911 Β
1947 1850 2187 1906 specum
2220 1848 2470 1902 superne
2503 1834 2661 1902 patet
2691 1829 2888 1885 aditus
2923 1825 3105 1882 facilis
3165 1841 3267 1880 nec
3319 1821 3590 1878 observa-

187 1943 432 1983 saurum
467 1926 765 1980 inventum
817 1921 1224 1987 condiderunt,
1285 1918 1480 1973 ablata
1532 1918 1590 1971 in
1660 1933 1831 1972 usum

189 2020 537 2086 praesentem
617 2014 845 2067 modica
906 2016 1105 2082 parte;
1192 2009 1394 2078 sicque
1471 2011 1836 2061 recesserunt

189 2107 434 2160 domum
465 2103 718 2173 quisque
747 2116 938 2164 suam,
968 2097 1185 2154 omisso
1215 2095 1456 2151 consilio
1492 2096 1826 2166 peregrina.

188 2193 391 2258 tionis,
427 2192 598 2262 cujus
631 2189 913 2244 institutas
939 2187 1085 2242 lucri
1127 2184 1352 2240 honesti
1401 2185 1618 2248 studio,
1680 2189 1836 2239 certa

179 2284 306 2352 jam
371 2286 547 2335 tantae
609 2279 867 2349 pecunim
927 2276 1164 2346 adeprio
1215 2291 1430 2329 causus
1489 2274 1832 2328 abstulerat.

188 2377 415 2427 Paucos
451 2376 579 2440 post
619 2368 743 2422 dies
798 2365 1170 2436 consumptis
1228 2362 1636 2426 scholasticus,
1689 2380 1837 2433 quos

185 2478 255 2516 ex
288 2461 566 2514 thesauro
593 2457 971 2520 ilelibaverat,
1025 2454 1305 2516 nummis,
1357 2454 1581 2506 socium
1633 2469 1838 2506 convr-

185 2553 295 2616 nit,
329 2554 406 2614 et,
443 2549 503 2604 Si
538 2548 640 2601 tibi
692 2546 938 2609 videtur,
975 2545 1188 2614 inquit,
1233 2559 1436 2597 eamus
1484 2542 1554 2596 ad
1600 2543 1836 2596 thesau-

184 2657 362 2705 rum;
424 2637 670 2707 expendi
723 2638 881 2690 enim
931 2635 1086 2705 quod
1139 2633 1479 2687 extuleram.
1535 2633 1706 2695 Sane,
1758 2631 1840 2686 ait

185 2731 305 2794 ille,
342 2730 452 2784 hoc
490 2730 684 2799 ipsum
721 2727 1054 2796 cupiebam,
1104 2723 1407 2777 val’errime
1455 2723 1838 2776 dissimulans

185 2824 365 2874 noctu
402 2835 463 2872 se
498 2819 818 2887 profectum
846 2815 915 2869 ad
934 2830 1214 2885 quercum
1242 2828 1374 2866 eum
1401 2812 1561 2866 cistis
1595 2817 1649 2864 cf.
1670 2811 1839 2880 baju-

186 2909 284 2976 lis,
309 2913 516 2963 cuncta
549 2912 865 2961 convasata
896 2904 1288 2974 praeripuisse.
1325 2902 1478 2956 Eunt
1512 2901 1835 2968 ,effodiunt,

189 2997 340 3053 nihil
376 2997 700 3051 inveniunt.
743 2995 939 3050 Mirari
991 2991 1410 3055 scholasticus;
1444 2996 1501 3044 at
1535 2992 1625 3044 fur
1655 2990 1837 3045 scele-

190 3088 494 3142 stissimus
556 3083 822 3140 bacchari
883 3081 1122 3152 tragicis
1155 3080 1545 3151 intemperiis,
1595 3078 1838 3150 capillos

190 3176 304 3230 sibi
375 3175 603 3239 vellere,
658 3181 833 3243 caput
898 3171 1170 3237 tundere,
1250 3170 1453 3223 insane
1512 3168 1836 3236 vociferari,

190 3267 368 3319 deum
404 3265 825 3331 hominumque
857 3261 1133 3316 obtestari
1165 3259 1833 3326 fidern,eircumventum

191 3371 323 3407 sese
355 3370 390 3408 ει
430 3350 777 3407 scholastice
827 3350 1109 3418 dejerare.
1161 3349 1269 3413 Tu,
1305 3347 1515 3414 aiebat,
1553 3345 1666 3401 ista
1697 3345 1842 3400 falsa

191 3441 504 3510 probitatis
555 3439 745 3511 specie
796 3443 1015 3492 tantam
1049 3435 1351 3506 perﬁdiam
1403 3435 1656 3506 legebas.
1709 3434 1838 3488 Tibi

188 3530 297 3584 soli
333 3535 503 3584 notus
543 3531 701 3583 locus
734 3534 876 3593 erat;
916 3533 973 3581 tu
1021 3543 1110 3579 me
1159 3523 1694 3594 circumscripsisti,
1750 3541 1837 3577 ra-

189 3619 533 3690 pacissimis
565 3618 692 3672 istis
727 3616 1022 3681 manibus,
1061 3619 1253 3683 noctu,
1299 3631 1522 3668 mecum
1559 3614 1837 3667 tibicom-

188 3726 456 3774 munem,
482 3709 786 3780 pecuniam
823 3723 974 3760 unus
1005 3708 1295 3759 auferens.
1324 3705 1424 3757 Hic
1459 3704 1636 3758 miser
1667 3703 1833 3757 scho-

187 3799 456 3868 lasticus,
493 3799 588 3852 ubi
627 3815 724 3868 per
755 3813 956 3851 omnes
1005 3798 1240 3865 juratus
1289 3796 1429 3848 deos
1486 3810 1600 3847 sua:
1660 3794 1832 3847 fidem

189 3889 540 3944 innocentia:
577 3905 685 3941 non
723 3887 875 3949 fecit,
927 3885 1279 3954 adjudiccm
1317 3902 1348 3937 a
1381 3882 1563 3937 sodali
1602 3883 1836 3952 nequis-

184 3979 340 4033 simo
402 3983 626 4032 tractus
685 3982 790 4030 est.
854 3975 1088 4038 Prmtor,
1153 3991 1262 4027 non
1346 3975 1585 4042 ignarus
1635 3973 1834 4040 officii,

181 4083 457 4121 severum
521 4065 764 4120 delatori
823 4063 1050 4118 vultum
1127 4064 1494 4117 obvertens:
1558 4068 1834 4125 Accusas,

180 4157 401 4227 inquit,
429 4159 763 4226 negantem,
800 4152 987 4207 neutri
1017 4156 1273 4206 vestrum
1309 4151 1629 4206 credimus.
1665 4154 1837 4205 (laete-

180 4263 314 4300 rum
350 4243 455 4298 tibi
494 4245 675 4298 actori
708 4260 860 4297 onus
891 4241 1181 4295 incumbit
1238 4239 1619 4294 convincendi
1662 4241 1836 4294 certis

177 4334 418 4388 indiciis
452 4333 676 4398 rei.Age
713 4332 912 4403 igitur,
970 4348 1082 4399 quo
1121 4335 1268 4384 teste
1318 4330 1529 4400 probas
1579 4332 1834 4383 furatum

187 4426 342 4478 hunc
376 4423 685 4494 pecuniam
724 4421 832 4476 sub
879 4436 1094 4491 quercu
1141 4419 1432 4473 defossam
1459 4418 1486 4471 ?
1517 4420 1637 4483 Quo
1671 4424 1835 4487 teste,

174 4513 396 4582 inquit,
431 4511 689 4583 quieris?
731 4511 896 4581 quasi
929 4510 1178 4564 arbitros
1210 4508 1325 4562 illic
1356 4509 1686 4562 adhibuerit
1715 4525 1835 4562 ma-

173 4602 366 4656 leficio
404 4606 730 4666 nocturno;
773 4605 967 4654 tamen
1025 4603 1088 4651 ut
1118 4597 1225 4651 diit
1258 4601 1474 4651 scelera
1505 4596 1684 4650 latere
1719 4614 1831 4650 non

173 4691 409 4757 sinunt,
472 4695 678 4744 testem
739 4687 890 4742 dabo
952 4687 1140 4758 ipsam
1220 4686 1486 4740 arborem
1536 4687 1830 4740 consciam

181 4779 345 4834 furti.
380 4781 519 4834 Cras
553 4794 622 4832 ne
672 4777 930 4849 graveris
989 4793 1054 4831 eo
1115 4775 1420 4829 nobiscum
1484 4781 1609 4839 (nec
1660 4774 1832 4844 longa

170 4866 262 4921 via
293 4868 401 4933 est)
449 4865 724 4932 tendere;
777 4863 980 4918 audies
1031 4878 1145 4916 rem
1204 4861 1437 4925 miram,
1496 4861 1826 4932 loquentem

181 4957 454 5010 arborem
476 4954 768 5009 etfacinus
798 4951 1307 5022 improbissimum
1333 4953 1827 5022 prodentem.Jam

171 5045 399 5098 dudum
438 5043 748 5098 subolebat
809 5042 1082 5112 prudenti
1136 5041 1326 5111 judici
1387 5058 1454 5096 ex
1514 5041 1641 5111 ipsa
1700 5043 1828 5110 ejus

161 5133 606 5205 inquietissima
635 5132 983 5202 jactatione,
1003 5136 1059 5185 et
1089 5131 1427 5185 scholastici
1454 5130 1827 5201 simplicitate

158 5225 459 5279 eminente
505 5240 570 5277 ex
616 5239 714 5277 ore
769 5227 943 5293 atque
1002 5221 1210 5288 oculis,
1274 5221 1582 5276 nebulonis
1632 5223 1822 5289 fraus;

156 5331 294 5380 ergo
357 5313 908 5385 suspicans,.quod
975 5328 1066 5365 res
1125 5317 1268 5378 erat,
1331 5311 1529 5365 dolum
1607 5311 1679 5364 ab
1759 5329 1822 5366 eo

155 5403 482 5474 quemdam
525 5403 897 5466 adornatum;
942 5401 1041 5455 sed
1080 5401 1396 5471 prudenter
1423 5401 1818 5472 suspicionem

156 5492 576 5561 dissimulans,
611 5489 1007 5546 conditionem
1053 5490 1339 5558 admisit;
1401 5491 1707 5562 edictoque
1759 5496 1822 5545 ut

147 5585 443 5655 postridie
484 5584 630 5639 hora
681 5583 851 5637 tertia
910 5585 1024 5635 tam
1081 5584 1385 5635 accusator
1443 5597 1622 5651 quam
1686 5598 1818 5635 reus

146 5674 220 5728 ad
256 5690 543 5742 quercum
579 5674 873 5738 adessent,
908 5671 1107 5727 eodem
1171 5670 1296 5740 ipse
1341 5669 1647 5724 lictoribus
1702 5688 1810 5725 ea).

141 5769 412 5835 terisque
445 5762 665 5819 forensi
700 5762 928 5818 familiae
963 5759 1240 5815 condixit.

1946 1925 2083 1980 bilis
2115 1923 2484 1978 intuentibus
2519 1938 2586 1976 ex
2620 1921 2814 1991 plano.
2847 1924 2988 1988 Age,
3023 1921 3154 1971 ante
3198 1915 3385 1969 lucem
3421 1928 3594 1967 occu-

1945 2031 2150 2085 pemus
2181 2029 2246 2068 co
2299 2013 2472 2067 ambo
2532 2027 2636 2065 nos
2695 2009 2977 2064 conferre.
3025 2007 3210 2060 Scalis
3269 2005 3336 2057 ad
3402 2018 3593 2057 ramos

1947 2111 2212 2160 evectum
2247 2109 2301 2158 te
2330 2119 2436 2173 ego
2496 2100 2904 2173 percommode
2959 2100 3260 2152 demittam
3315 2096 3371 2148 in
3423 2110 3594 2164 pene-

1943 2194 2116 2250 tralia
2141 2211 2288 2250 cavae
2321 2194 2546 2248 arboris
2573 2210 2584 2257 ;
2611 2192 2688 2246 ibi
2723 2196 2848 2245 tuto
2882 2185 3354 2254 delitescens,ubi
3376 2189 3594 2240 statuta

1944 2287 2106 2354 hora,
2144 2290 2425 2356 prasente
2451 2284 2575 2353 jam
2613 2287 2874 2353 praetore,
2912 2279 3366 2345 interrogabitur
3423 2292 3593 2346 quer-

1943 2392 2047 2431 cus
2078 2374 2209 2444 quis
2235 2374 2575 2428 thesaurum
2610 2369 2938 2434 abstulerit,
2994 2372 3290 2421 memento
3346 2383 3413 2421 ex
3472 2367 3589 2418 imo

1944 2465 2318 2536 respondere,
2352 2463 2770 2517 srholasticum
2828 2452 3217 2530 praeripuisse.
3272 2458 3592 2526 ltcspoudit

1945 2555 2014 2607 ad
2050 2571 2116 2608 ea
2147 2570 2322 2607 senex
2354 2569 2366 2605 :
2396 2551 2623 2607 Faciam
2657 2550 2948 2620 equidem,
3000 2548 3101 2614 fili,
3153 2549 3303 2618 quod
3339 2547 3458 2614 vis;
3487 2549 3585 2601 sed

1945 2649 2001 2698 te
2032 2643 2204 2698 etiam
2238 2649 2414 2712 atque
2462 2642 2636 2696 etiam
2671 2640 3040 2694 considerare
3088 2645 3297 2692 cuncta
3330 2638 3490 2708 prius
3523 2655 3588 2691 ac

1946 2748 2267 2803 praecavere
2299 2748 2595 2802 cuperem,
2629 2746 2698 2782 ne
2734 2731 2876 2782 forte
2920 2728 3034 2782 tuis
3092 2727 3214 2797 ipse
3258 2725 3586 2796 implicitus

1949 2822 2196 2890 lapirls,
2236 2819 2472 2890 patiaris
2531 2819 2682 2888 quod
2717 2835 2894 2888 cycno
2926 2816 3193 2885 contigit,
3249 2815 3476 2868 insidiis
3522 2816 3590 2868 ad

1947 2919 2268 2963 extremum
2301 2925 2601 2979 Oppresso,
2636 2924 2783 2977 quas
2818 2905 2911 2960 ille
2952 2903 3190 2960 inimico
3223 2921 3593 2974 comparave-

1946 2999 2206 3052 rat.Audi
2243 2998 2525 3063 fabulam,
2560 3013 2674 3050 non
2711 2995 2883 3064 longa
2915 2999 3150 3049 narratu
3215 2999 3324 3049 est.
3379 2995 3598 3048 Ferunt

1947 3087 2245 3141 niililicare
2263 3088 2501 3140 solitum
2522 3103 2767 3157 cycnum
2788 3101 2900 3138 non
2929 3085 3097 3153 longe
3115 3100 3298 3136 acavo
3325 3083 3596 3137 familiari

1954 3176 2083 3227 fera!
2107 3175 2561 3244 serpentis.quae
2597 3173 2858 3226 malefico
2890 3171 3205 3240 indulgens
3237 3170 3430 3240 genio,
3466 3169 3592 3240 pul-

1952 3262 2037 3316 los
2069 3262 2230 3334 cycni
2262 3262 2438 3316 simul
2490 3261 2706 3315 exclusi
2747 3262 2992 3325 fuerant,
3017 3261 3138 3329 jam
3176 3260 3390 3330 saepius
3421 3261 3594 3312 devo-

1951 3357 2193 3407 raverat.
2235 3352 2496 3406 lrritatns
2556 3351 2772 3417 injuria
2837 3357 2955 3404 tam
2998 3350 3321 3404 vehementi
3355 3367 3594 3420 cycnus,

1951 3442 2192 3496 consilia
2217 3449 2411 3496 tamen
2448 3438 3263 3511 neglexitamicorum,locum
3289 3439 3596 3502 infestum,

1951 3538 2248 3600 utcunque
2285 3529 2364 3583 illi
2398 3531 2466 3583 ad
2501 3539 2706 3583 caetera
2763 3529 3160 3596 commodum,
3222 3527 3334 3581 alio
3395 3527 3595 3580 tutiori

1948 3625 2306 3674 commutare
2337 3619 2731 3673 suadentium.
2767 3619 2876 3673 Sed
2939 3624 3094 3672 totus
3127 3618 3388 3671 intentus
3420 3617 3476 3670 in
3513 3616 3598 3670 ul-

1947 3711 2162 3764 tionem
2200 3709 2400 3778 injusti
2435 3708 2805 3778 grassatoris,
2839 3708 3180 3777 exquirebat
3222 3723 3421 3760 secum
3469 3724 3593 3760 mo-

1945 3801 2050 3853 (los
2095 3797 2409 3869 reponendi.
2470 3798 2518 3852 ei
2554 3798 2775 3852 damni.
2812 3796 2976 3851 Talia
3009 3797 3388 3850 meditantem
3417 3797 3596 3850 adivit

1944 3906 2171 3957 cancer,
2206 3893 2282 3954 et,
2317 3889 2451 3957 Cur,
2487 3889 2588 3955 ait,
2624 3905 2820 3960 cycno,
2854 3887 3286 3957 cagitabuudus
3318 3891 3372 3940 et
3407 3886 3594 3940 tristis

1945 3995 2005 4031 es
2029 3980 2055 4030 ‘3
2085 3979 2257 4032 Justa
2288 3977 2455 4043 mihi,
2493 3994 2709 4044 cycnus
2737 3976 2950 4047 inquit,
2981 3981 3036 4030 et
3068 3975 3487 4030 sollicitudinis
3538 3983 3594 4028 et

1947 4067 2210 4121 mceroris
2260 4083 2437 4122 causa
2485 4071 2574 4120 est
2615 4065 2825 4119 vicinia
2855 4065 3243 4118 voracissimae
3274 4066 3593 4136 serpentis,

1947 4174 2087 4210 mea:
2149 4155 2368 4210 sobolis
2418 4172 2618 4209 cruore
2663 4155 2916 4223 saginari
2953 4154 3156 4209 solita}.
3213 4155 3311 4208 llic
3361 4171 3594 4216 cancer,

1949 4244 2475 4316 Viiles,inquit,hoc
2504 4244 2739 4298 cavum?
2771 4244 3140 4314 (ostendebat
3198 4261 3261 4298 os
3322 4243 3588 4314 patulum

1946 4334 2298 4388 rarvcrnulaa
2327 4333 2662 4403 oppositum
2698 4349 2727 4385 e
2751 4333 2984 4402 regione
3009 4331 3258 4402 hUSpitio
3277 4333 3590 4402 serpentis)

1947 4425 2021 4478 ibi
2061 4426 2279 4480 habitat
2320 4423 2788 4495 nymphe,nostri
2820 4440 3164 4478 cancrorum
3200 4425 3430 4495 generis
3463 4426 3588 4478 ani-

1949 4514 2063 4568 mal
2097 4531 2271 4567 vorax
2295 4520 2352 4567 et
2383 4513 2569 4567 valide
2601 4518 2914 4571 armatum.
2979 4513 3048 4566 ad
3098 4514 3215 4566 haec
3253 4513 3592 4568 inimicissi-

1946 4621 2106 4657 mum
2143 4603 2697 4674 serpentibus.AfI‘er
2727 4617 2754 4654 e
2790 4602 3043 4672 piscibus
3075 4602 3292 4672 quibus
3317 4605 3593 4670 vescaris,

1943 4697 1999 4746 et
2033 4710 2132 4764 per
2165 4691 2540 4746 intervallum
2575 4691 2930 4745 foraminum
2962 4692 3213 4746 duorum
3247 4710 3478 4764 sparge,
3514 4693 3590 4747 ita

1944 4787 2009 4836 ut
2041 4786 2232 4852 partes
2263 4781 2941 4835 ultimusostiocavernze
2965 4780 3253 4851 serpentis
3277 4783 3588 4838 admoveas

1943 4873 2223 4943 proxime.
2261 4872 2530 4942 Egressa,
2565 4879 2623 4924 ut
2679 4871 2849 4936 solet,
2911 4871 3164 4941 nymphe
3223 4873 3292 4925 ad
3355 4872 3591 4926 odorem

1941 4959 2272 5031 prmdze,ubi
2310 4959 2575 5030 saginam
2610 4975 2887 5030 sequens,
2921 4960 2990 5013 ad
3029 4977 3266 5030 specum
3303 4963 3592 5032 serpentis

1941 5047 2486 5119 pervenerit,isthue
2520 5065 2753 5119 quoque
2786 5054 3098 5118 penetrans
3121 5050 3307 5121 ipsam
3342 5052 3590 5106 occidet.

1938 5140 2090 5192 Fecit
2123 5139 2274 5207 quod
2313 5138 2739 5191 admonebatur
2771 5144 3082 5207 cycnus,et
3116 5143 3330 5193 factum
3358 5158 3587 5196 succes-

1938 5228 2033 5295 sit,
2071 5227 2222 5281 ultra
2249 5226 2482 5297 quidem
2521 5227 2707 5296 ipsius
2740 5233 2960 5296 votum,
2995 5227 3063 5281 ad
3101 5229 3414 5298 perniciem
3441 5234 3591 5301 ejus;

1934 5332 2070 5369 nam
2103 5315 2294 5369 occisa
2329 5322 2620 5384 serpente,
2674 5315 2947 5387 nymphe,
3011 5333 3252 5386 cycnum
3315 5326 3594 5389 prasterea

1933 5418 2110 5471 prope
2146 5401 2760 5480 dormientcm‘nacta,
2816 5403 3084 5465 confecit,
3146 5405 3323 5474 pullis
3371 5408 3588 5477 quibus

1933 5489 2242 5544 incubabat
2280 5490 2496 5560 pariter
2526 5490 2875 5560 absumptis.
2931 5491 3119 5545 Simili
3153 5496 3445 5564 exemplo,
3481 5498 3590 5565 lili,

1927 5595 2128 5634 vereor
2163 5598 2232 5634 ne
2268 5597 2374 5634 nos
2407 5598 2638 5651 quoque
2672 5581 3020 5634 insidiantes
3055 5581 3244 5646 alteri,
3290 5589 3587 5642 Confracta

1928 5669 1982 5722 in
2021 5687 2124 5723 nos
2163 5687 2338 5739 quam
2360 5670 2646 5724 struimus
2673 5671 2941 5725 machina
2967 5671 3587 5741 Opprii'naiiiui‘.l“ilius

1925 5759 2089 5813 adea
2124 5776 2136 5814 ε
2175 5759 2331 5814 lieno
2383 5760 2579 5814 animo
2634 5765 2778 5828 esto,
2816 5766 3000 5831 pater,
3051 5760 3257 5830 inquit,
3316 5773 3344 5816 Li
3375 5767 3591 5822 rricula
