4248 6442
660 381 793 439 1279

2158 397 2550 454 APPENDIX.

3920 389 3945 443 1
3955 384 4066 443 280

655 527 857 580 isthaec
889 541 1035 579 vana
1077 514 1261 589 sunt;
1312 513 1658 595 navigamus
1704 521 1759 577 in
1807 524 1998 593 portu.
2051 509 2379 587 TalentaA
2408 518 2752 590 tnigreditus
2810 520 3127 577 incolumis
3176 518 3546 591 interpellare
3604 515 4060 587 gratulationem

656 618 825 670 modo
857 621 914 670 et
946 615 1196 684 przedam
1230 613 1484 682 opimam
1506 611 1695 683 cogita
1716 611 1969 666 fructum
1996 608 2294 682 paratissi-

651 722 812 760 mum
844 721 956 758 non
992 702 1290 757 laboriosa:
1325 702 1570 755 fraudis.
1606 701 1752 765 Quid
1790 699 2295 755 multa?Persua—

650 810 753 852 sus
784 809 960 849 senex
990 802 1189 846 eavam
1225 790 1495 845 arborem
1528 789 1705 844 subit.
1739 788 1929 844 Judex
1966 789 2036 843 ad
2097 786 2297 843 condi-

650 889 808 939 ctum
844 882 1403 951 adest.lnterrogata
1436 894 1649 949 magna
1690 893 1828 933 voce
1873 893 2113 948 quercu,
2166 874 2300 946 quis

651 976 878 1028 furatus
907 971 1249 1025 thesaurum
1282 966 1483 1023 esset?
1524 967 1680 1022 senis
1728 982 2076 1037 responsum
2126 963 2296 1019 audi-

649 1068 767 1129 tur,
801 1078 834 1115 a
873 1058 1225 1115 scholastice
1264 1057 1538 1112 ell‘ossam
1590 1055 1961 1125 oblatamque
1994 1053 2299 1125 pecuniam

654 1151 975 1206 afﬁrmans.
1011 1146 1361 1204 Mirantibus
1392 1145 1646 1212 cunctis,
1678 1160 1854 1216 sagax
1889 1147 2101 1215 preter
2130 1140 2299 1195 intel-

653 1240 793 1295 lexit
822 1238 975 1309 quod
1013 1253 1105 1291 res
1138 1240 1279 1301 erat,
1317 1233 1448 1289 dolo
1479 1235 1631 1289 malo
1664 1233 1965 1289 conditum
2015 1232 2174 1286 intra
2213 1245 2303 1284 ca-

650 1346 778 1384 vam
813 1342 1086 1398 quercum
1121 1324 1421 1379 hominem
1456 1324 1667 1378 audita
1697 1322 1857 1378 vocis
1890 1325 2220 1386 auctorem;
2245 1324 2305 1373 et

657 1416 887 1475 sublato
922 1417 978 1469 in
1012 1428 1281 1469 severum
1314 1410 2176 1483 superciliozhientiris,inquit,
2210 1424 2302 1463 ar-

660 1508 765 1561 bor
793 1505 1081 1575 improba,
1109 1502 1443 1557 innocentia
1464 1500 1798 1556 scholastici
1826 1504 2129 1571 perspecta
2160 1496 2305 1552 mihi

660 1596 861 1650 esLTu
885 1610 1015 1648 vero
1036 1590 1493 1645 falsitestimonii
1511 1590 1732 1660 justam
1761 1605 1991 1660 pmnam
2009 1586 2306 1656 mejudice

663 1701 774 1739 non
809 1682 1071 1752 effugies.
1106 1686 1235 1735 Mox
1265 1680 1334 1734 ad
1378 1679 1762 1750 apparitores,
1798 1677 2032 1743 Att'erte,
2063 1677 2301 1739 clamat,

658 1772 853 1845 ignem
874 1770 1182 1837 ocius,huc
1196 1767 1476 1839 stipulam
1500 1774 1555 1821 et
1583 1765 2085 1836 faces;conflagret
2106 1764 2305 1818 statim

2405 604 2646 677 debeat;
2713 609 3138 665 obliviscamur
3196 610 3329 675 ista,
3386 614 3444 663 et
3499 606 3714 661 soteria
3752 610 3855 659 tua
3902 602 4057 657 cele-

2408 698 2651 753 bremus
2683 697 2924 765 hilares,
2973 716 3091 754 una
3121 700 3312 753 simus
3345 696 3516 752 hodie
3548 697 3619 750 ad
3652 710 3900 749 ccenam.
3934 694 4066 754 Dic,

2407 787 2599 852 sedes,
2652 787 2882 858 spernis
2931 786 3213 855 sodalem,
3246 804 3319 841 an
3350 789 3761 856 exspectamus
3801 787 3858 837 te
3882 781 3910 835 ?
3932 786 4069 835 Haec

2412 882 2697 931 mercator
2726 876 2995 945 audiens,
3031 878 3137 931 etsi
3175 876 3407 947 penitus
3441 872 3876 944 indignabatur,
3929 870 4064 923 inﬁ-

2410 964 2645 1019 ciateris
2682 966 3110 1036 impudentiam
3162 966 3486 1029 admirans,
3538 963 3686 1017 iram
3737 966 3934 1015 tamen
4010 957 4065 1011 in

2413 1058 2701 1125 potestate
2731 1054 2956 1123 habuit,
3015 1060 3072 1109 et
3128 1054 3254 1109 suis
3296 1053 3483 1107 furem
3543 1052 3771 1106 artibus
3822 1046 4069 1119 aggredi

2412 1147 2626 1208 certus,
2659 1143 3025 1198 occasionem
3068 1143 3418 1214 exsequendi
3456 1140 3761 1203 meditata,
3793 1134 3852 1190 in
3904 1152 4071 1189 cmna

2413 1231 2528 1286 ista
2560 1233 2627 1285 ad
2665 1249 2840 1302 quam
2874 1232 3255 1297 invitabatur,
3311 1230 3666 1285 offerendam
3718 1228 3831 1282 sibi
3876 1231 4070 1288 ratus,

2413 1321 2642 1375 vocanti
2676 1321 2919 1376 comiter
2950 1319 3238 1392 promisit.
3292 1320 3441 1374 'I‘um
3478 1316 3653 1389 paulo
3683 1320 3817 1370 ante
3848 1314 4074 1368 consti-

2414 1414 2606 1463 tutum
2633 1409 2969 1474 adveniens,
3002 1409 3303 1463 ludentem
3337 1407 3396 1462 in
3429 1406 3577 1461 ostio
3636 1404 3842 1475 perﬁdi
3896 1401 4071 1456 amici

2416 1497 2659 1552 ﬁliolum
2695 1503 2928 1563 nactus,
2962 1496 3333 1552 familiariter
3364 1496 3422 1549 in
3456 1494 3626 1549 ulnas
3653 1491 3953 1547 sublatum
4009 1490 4071 1543 in

2415 1602 2585 1641 suam
2617 1587 2854 1642 domum
2884 1587 3094 1655 aufert,
3126 1590 3185 1640 et
3227 1586 3353 1640 suis
3381 1584 3461 1638 ibi
3519 1582 3830 1652 diligenter
3879 1594 4074 1633 asser-

2415 1677 2671 1730 vandum
2704 1676 3085 1730 commendat
3116 1674 3334 1745 pueris.
3389 1673 3676 1726 Reversus
3717 1668 3880 1723 vultu
3918 1666 4077 1721 reni-

2418 1765 2599 1831 denti,
2627 1768 2891 1835 paratum
2927 1779 2989 1818 se
3022 1764 3094 1817 ad
3126 1760 3622 1816 discurrbendum
3654 1758 3837 1812 etl'ert.
3874 1758 3947 1811 At
3981 1772 4078 1826 pa-

655 1863 904 1919 mendax
925 1856 1772 1925 truncus,necdiutiusmundo
1789 1854 2309 1910 fallacibuseracu-
2339 1886 2389 1953 Β
2419 1859 2505 1908 ter
2533 1854 2792 1919 infantis,
2825 1854 2954 1923 ejus
3000 1852 3270 1907 absentia
3323 1849 3634 1912 sollicitus,
3684 1848 3884 1900 statim
3949 1846 4076 1898 viso

654 1954 730 2009 lis
762 1952 988 2007 illudat.
1028 1951 1264 2005 Paretur
1294 1947 1446 2003 illico
1481 1950 1646 2019 :jam
1678 1951 1873 2001 cortex
1922 1945 2129 2011 fumat,
2166 1944 2292 2014 jam

656 2045 907 2099 ﬂammas
936 2044 1020 2098 vis
1052 2043 1206 2096 intus
1233 2040 1639 2112 penetratjam
1658 2054 1835 2093 sensu
1860 2038 2147 2092 excitatus
2170 2033 2309 2088 mali

655 2138 712 2188 et
743 2133 999 2203 imagine
1030 2133 1439 2185 consternatus
1473 2127 1721 2198 periculi
1757 2123 2262 2195 senex,exclamat
2294 2138 2308 2176 :

659 2222 836 2276 Vivus
863 2220 1060 2285 ardeo,
1102 2217 1333 2273 educite
1378 2232 1490 2272 me.
1544 2216 1852 2270 Extractus
1899 2210 2309 2269 semiustulate

660 2317 870 2366 trunco
901 2315 1066 2381 pater
1095 2314 1152 2363 et
1181 2324 1352 2363 suum
1385 2315 1438 2361 et
1468 2306 1574 2359 ﬁlii
1635 2304 1830 2360 scelus
1867 2301 2309 2374 impudentissi-

661 2418 823 2457 mum
857 2400 1143 2473 prodit.ln
1177 2396 1384 2452 ambos
1412 2395 1539 2467 lege
1567 2398 1783 2449 actum:
1819 2398 1877 2449 et
1904 2393 2220 2447 thesaurus
2249 2390 2307 2445 in

660 2491 915 2548 solidum
942 2487 1317 2559 adjudioatus
1349 2484 1699 2540 scholastice
1722 2482 2153 2553 est.Ejusmodi
2185 2496 2312 2535 suc-

658 2597 859 2637 cessus
882 2577 1072 2634 solent
1095 2593 1223 2637 esse
1244 2574 1596 2630 insidiarum
1616 2571 1906 2627 malitiose
1929 2575 2312 2627 structarum.

735 2696 979 2753 XXVIII.
1038 2696 1226 2759 Quare
1299 2690 1513 2764 (pergit
1583 2690 1938 2762 Vestigateri
1992 2692 2315 2743 Cerenatus

666 2787 878 2857 dicere)
915 2786 1209 2840 infaustus
1240 2783 1370 2848 tibi,
1417 2787 1472 2836 et
1502 2782 1725 2836 utinam
1763 2781 1945 2836 falsus
1975 2784 2161 2848 vates,
2193 2781 2316 2833 exia

670 2882 817 2937 tium
843 2878 1165 2945 denuntio;
1200 2877 1402 2931 deesse
1434 2873 1726 2945 siquidem
1768 2889 1881 2927 non
1932 2874 2121 2943 potest
2171 2868 2314 2940 quin

672 2972 821 3028 male
879 2988 945 3026 ac
980 2973 1205 3025 mature
1237 2983 1439 3040 pereas
1491 2964 1708 3021 scelere
1745 2963 1969 3036 linguae
2008 2961 2181 3017 istius
2212 2960 2315 3015 ob-

669 3062 1019 3119 irectatricis
1066 3064 1123 3115 et
1170 3058 1428 3114 rixarum
1462 3056 1697 3111 satricis
1728 3058 1861 3124 tuas,
1895 3069 2070 3124 quam
2106 3054 2171 3105 ut
2195 3067 2316 3106 ser-

670 3154 971 3227 pentinam
1009 3151 1236 3219 horreo,
1262 3147 1446 3203 nihile
1479 3146 1633 3202 enim
1670 3160 1847 3215 quam
1880 3144 2002 3197 haec
2033 3141 2230 3195 minus
2262 3144 2319 3194 et

671 3247 772 3301 illa
801 3260 1091 3301 venenum
1126 3239 1369 3313 spargit.
1404 3239 1521 3294 Nec
1554 3237 1743 3309 magis
1790 3241 1847 3290 te
1902 3239 2070 3289 vetus
2119 3236 2319 3288 nostra
2351 3262 2393 3327 C

677 3337 820 3392 mihi
855 3333 1224 3391 necessitudo
1256 3329 1730 3399 conciliat,quam
1757 3342 1987 3381 morum
2019 3341 2084 3379 ac
2115 3322 2319 3379 velun-

674 3429 813 3483 tatis
871 3422 1272 3481 irrevocabilis
1330 3419 1670 3488 malignitas
1721 3433 1962 3494 exosum
2001 3415 2154 3471 facit.
2186 3412 2323 3470 Novi

675 3519 830 3573 enim
866 3521 924 3571 et
956 3514 1136 3586 prebo
1169 3510 1453 3583 sapientis
1510 3508 1772 3573 effatum,
1834 3504 2171 3569 sceleratos,
2225 3506 2323 3556 ut-

682 3622 911 3677 cunque
943 3598 1557 3670 intimi,quantumvis
1588 3594 1934 3668 cognatione
1968 3598 2070 3648 aut
2119 3591 2327 3663 quovis

681 3696 797 3752 alio
831 3694 916 3748 vel
947 3692 1275 3747 arctissime
1322 3686 1628 3743 afﬁnitatis
1676 3682 1907 3739 vinculo
1949 3681 2143 3752 juncti
2196 3697 2327 3751 pro-

680 3786 833 3841 xime
860 3784 995 3849 sint,
1027 3796 1169 3837 cane
1193 3780 1362 3851 pejus
1392 3783 1450 3832 et
1480 3791 1667 3843 angue
1698 3773 2026 3845 fugiendos.
2059 3770 2168 3825 Sed
2199 3774 2329 3825 tan-

684 3876 866 3947 tisper
888 3874 1058 3944 juvat
1091 3870 1385 3925 remittere
1421 3882 1511 3920 me
1539 3882 1608 3920 ex
1639 3863 1953 3919 acerbitate
1984 3859 2329 3926 tanta,tibi-

686 3983 800 4039 que
862 3964 1270 4018 imminentem
1334 3955 1790 4028 detegendarum
1866 3968 1997 4006 mox
2056 3950 2331 4004 fraudum

686 4053 1067 4127 ignominiam
1105 4044 1605 4116 mitioriexemple
1656 4058 1999 4115 proponere.
2051 4040 2337 4094 Mercator

687 4144 1004 4215 aliquando
1039 4155 1242 4195 navem
1278 4136 1510 4191 solvens
1541 4133 1599 4187 in
1653 4131 2069 4202 profectionem
2104 4127 2333 4198 longin-

689 4250 885 4307 quam.
912 4231 1166 4285 laminos
1194 4227 1327 4281 ferri
1354 4223 1579 4297 probati
1617 4226 1855 4277 centum
1891 4220 2043 4289 apud
2078 4218 2331 4271 amicum

689 4318 1157 4394 deposuit.Bedit
1190 4315 1384 4372 salvus
1417 4318 1548 4385 post
1582 4326 1814 4366 menses
1850 4309 2159 4378 aliquet,et
2191 4306 2333 4360 ami-

689 4430 820 4468 cum
856 4411 1138 4473 invisens,
1167 4407 1239 4460 ab
1289 4421 1376 4473 eo,
1426 4402 1474 4457 si
1526 4402 1811 4463 videatur,
1856 4396 2189 4467 depositum
2250 4413 2336 4448 re-

692 4504 855 4574 petit.
892 4499 994 4555 Ille
1046 4495 1325 4568 perfidus,
1369 4492 1468 4563 qui
1503 4493 1715 4545 lerrum
1767 4488 1990 4541 dudum
2034 4486 2335 4539 venditum

690 4573 748 4647 in
783 4608 903 4645 rem
937 4603 1105 4643 suam
1141 4587 1411 4646 verterat,
1449 4580 1711 4651 Ignosce,
1745 4578 1958 4645 inquit,
1992 4578 2047 4628 et
2096 4573 2340 4628 condole

691 4678 967 4735 humanis
995 4676 1251 4731 casibus.
1279 4671 1393 4741 Ege
1419 4675 1587 4724 tuum
1649 4667 1983 4736 depositum
2044 4663 2336 4733 apotheca

686 4769 1000 4825 ttlllSSlll‘ltB
1032 4763 1473 4825 commiseram,
1507 4762 1701 4827 portas
1735 4758 1791 4809 et
1838 4770 2001 4808 seras
2048 4751 2343 4805 validissi-

694 4878 817 4914 mas
861 4857 1160 4911 ebducens
1206 4851 1486 4905 adversus
1545 4851 1815 4900 externos
1876 4844 2052 4905 fures,
2100 4842 2344 4911 ignarus

690 4949 1002 5020 nequiores
1025 4944 1178 5015 apud
1215 4958 1301 4994 me
1322 4937 1481 4993 nasci
1508 4954 1573 4990 ac
1600 4934 1757 4988 domi
1785 4931 2098 4986 nundinari
2124 4930 2345 4984 latrun-

690 5040 855 5093 culos
888 5031 1221 5103 mures,qui
1250 5045 1423 5101 quam
1479 5029 1622 5081 bene
1668 5023 1884 5077 dentati
1948 5022 2063 5075 sint
2115 5021 2343 5073 labora-

694 5127 1059 5199 lil3,0pln01‘,
1103 5123 1160 5176 in
1197 5118 1522 5183 credendo;
1588 5131 1720 5169 nam
1782 5130 1853 5166 ne
1909 5110 2051 5165 mihi
2106 5109 2343 5180 quidem

692 5214 1032 5291 persuaderi
1066 5211 1372 5283 potuisset,
1409 5205 1520 5259 nisi
1565 5204 1868 5257 vidissem.
1930 5200 2112 5254 Narro
2144 5204 2344 5254 autem

691 5290 822 5380 qua!
854 5304 1038 5360 oculis
1074 5314 1330 5374 presens
1362 5293 1587 5365 subjeci
1643 5310 1656 5348 :
1708 5290 1956 5348 Circiter
2008 5298 2135 5360 post
2182 5304 2346 5343 men-

692 5378 816 5453 sem
853 5411 1031 5466 quam
1066 5390 1321 5445 laminas
1362 5390 1496 5440 tuas
1541 5384 1599 5437 in
1650 5385 1776 5437 tute
1835 5395 2234 5451 reposueram,
2286 5378 2345 5432 in

691 5489 967 5544 intimum
1001 5482 1150 5539 illud
1196 5482 1503 5550 ingressus
1560 5470 1879 5544 penetrale,
1935 5471 2159 5540 reperio
2192 5485 2343 5537 ecce,

695 5583 902 5637 miram
950 5575 1105 5632 rem!
1141 5570 1359 5629 cemesi
1401 5587 1432 5623 a
1473 5565 1765 5621 sericibus
1799 5562 1934 5616 ferri
1952 5561 2344 5631 exiguasdun-

694 5675 855 5726 taxat
881 5665 1179 5737 reliquias,
1224 5667 1281 5716 et
1311 5658 1447 5713 vilia
1493 5654 1635 5709 nulli
1688 5652 1770 5707 rei
1830 5650 1998 5705 utilia
2058 5657 2343 5707 ramenta.

693 5762 911 5816 Verum
947 5774 1061 5812 non
1094 5771 1163 5809 ea
1195 5750 1341 5807 tanti
1375 5754 1499 5802 tota
1538 5746 1774 5800 demum
1820 5742 2054 5815 jactura
2112 5747 2221 5811 est,
2279 5746 2343 5795 ut

2419 1948 2784 1999 mercatore:
2820 1941 3013 1997 Heus!
3062 1957 3178 2012 quo
3240 1939 3450 2007 inquit,
3495 1937 3802 2008 pusionem
3855 1936 4075 2004 deper—

2416 2032 2603 2089 tasti‘?
2658 2049 2793 2087 nam
2826 2036 2881 2086 te
2912 2029 3230 2085 abstulisse
3280 2026 3469 2098 geruli
3526 2027 3862 2080 narrarunt.
3920 2023 4077 2076 Tum

2420 2122 2856 2190 mercatorJleu
2892 2137 3094 2175 casum
3127 2117 3456 2173 infelicem!
3494 2112 3842 2169 exclamavit
3894 2128 3905 2163 :
3956 2117 4077 2164 sta-

2417 2214 2523 2267 tim
2558 2210 2818 2266 sedatius
2850 2205 3655 2279 subjungens:Referendum
3690 2201 3847 2255 enim
3881 2206 3941 2253 et
3973 2215 4081 2267 ego

2420 2302 2603 2357 habeo
2671 2298 3213 2370 inopinatissimum
3288 2300 3345 2350 et
3419 2293 3523 2348 tibi
3584 2292 3674 2345 vix
3725 2288 4072 2344 credibilem

2419 2395 2710 2446 eventum.
2745 2389 3038 2443 Tenebam
3091 2386 3358 2456 amplexu
3422 2384 3700 2438 suavians
3740 2377 4077 2449 parvulum,

2420 2497 2552 2535 cum
2586 2479 2865 2551 accipiter
2894 2474 3409 2547 impetudevolans
3460 2477 3730 2541 ereptum
3778 2486 3809 2523 e
3850 2467 4082 2537 gremio

2421 2571 2600 2628 altum
2635 2570 2849 2641 rapuit,
2911 2566 3281 2637 avolavitque
3340 2563 3537 2619 nescio
3597 2577 3732 2632 quo,
3783 2556 4088 2629 disparuit

2421 2662 2639 2732 quippe
2688 2676 2753 2713 ex
2815 2657 3000 2713 oculis
3045 2656 3353 2711 citissime.
3415 2655 3632 2724 Apage,
3681 2653 3919 2703 vocator
3979 2645 4084 2707 ait,

2422 2766 2607 2818 nugas
2641 2749 2805 2813 istas,
2837 2747 3010 2801 redde
3041 2746 3123 2801 sis
3155 2746 3438 2799 infantem
3472 2759 3484 2795 :
3519 2738 3828 2810 accipitres
3860 2751 4084 2806 pueros

2424 2836 2921 2911 rapiant,scilicet.
2949 2834 3157 2898 Quidni
3193 2831 3468 2903 rapiant?
3502 2828 3733 2900 reponit
3764 2829 4089 2888 mercator,

2424 2928 2646 2984 ironico
2678 2926 2898 2991 arrisu;
2927 2924 3199 2995 equidem
3234 2937 3301 2976 ex
3332 2937 3469 2991 quo,
3505 2924 3570 2973 ut
3602 2931 3916 2976 memoras,
3992 2929 4089 2966 ro-

2427 3020 2561 3074 dere
2611 3032 2810 3071 mures
2870 3015 3086 3068 ferrum
3147 3014 3467 3082 cmperunt,
3527 3007 3727 3061 eadem
3775 3008 4085 3058 astrorum

2428 3109 2517 3162 vis
2549 3122 2765 3161 arcana
2787 3120 2918 3176 quae
2942 3104 3148 3158 dentes
3187 3102 3447 3155 sericum
3490 3094 3903 3151 adamantinos
3958 3092 4091 3145 red-

2429 3197 2599 3259 didit,
2636 3210 2862 3265 ungues
2895 3207 3127 3263 quoque
3190 3188 3481 3243 falcenum
3544 3201 3655 3239 aere
3712 3188 3835 3237 tam
3899 3181 4094 3251 rigido

2434 3286 2706 3350 armavit,
2741 3288 2806 3339 ut
2829 3284 2951 3353 jam
3004 3280 3093 3335 vel
3139 3278 3481 3350 elephantes
3513 3276 3569 3328 in
3606 3273 3789 3329 altum
3853 3270 4092 3326 tollant.

2434 3376 2529 3432 Sic
2560 3374 2740 3446 igitur
2762 3372 2931 3438 habe,
2966 3370 3089 3441 pari
3129 3366 3418 3422 ambobus
3451 3363 3621 3418 nobis
3652 3377 3793 3415 casu
3840 3359 4095 3430 periisse

2435 3465 2579 3521 mihi
2613 3465 2852 3527 ferrum,
2905 3460 3015 3514 tibi
3048 3457 3256 3512 ﬁlium.
3304 3454 3707 3520 Deprehensus
3766 3449 3929 3503 dicte
3993 3464 4090 3501 ne-

2434 3554 2593 3617 bulo,
2657 3550 2890 3606 nonnisi
2968 3546 3239 3617 abnegati
3310 3541 3557 3615 depositi
3619 3537 3921 3611 persoluto
3987 3536 4093 3589 rite

2435 3643 2620 3716 pretio
2653 3650 2852 3696 uatum
2888 3637 3139 3706 denique
3170 3633 3408 3703 recepit.

2511 3763 2914 3822 XX]X.Talem
2949 3766 3005 3816 et
3026 3766 3081 3815 te
3101 3759 3502 3814 confusionem
3524 3756 3863 3823 exspectare
3892 3751 4099 3821 jubeo,

2440 3858 2558 3912 tuis
2593 3856 2830 3910 tandem
2868 3850 3173 3906 fraudibus
3203 3845 3644 3914 mendaciisque
3685 3839 4101 3911 deprehensis.

2438 3948 2550 4003 Sed
2585 3944 2711 4000 lavo
2743 3943 2984 3997 laterem
3028 3939 3148 3993 haec
3207 3937 3554 3997 admonens,
3585 3945 3921 4001 aquamque
3959 3927 4115 3999 pari-

2442 4041 2527 4091 ter
2558 4040 2729 4103 atque
2760 4046 2996 4103 operam
3031 4028 3086 4081 in
3120 4025 3474 4095 detergenda
3516 4018 3801 4089 Ethiopis
3836 4016 4105 4088 nigredi-

2444 4144 2536 4191 ne,
2598 4138 2727 4194 quae
2790 4119 3024 4191 penitus
3070 4120 3342 4171 concreta
3396 4111 3557 4167 nullo
3610 4107 3763 4162 nitro
3821 4105 4101 4160 delebilis

2444 4213 2700 4278 inolevit,
2738 4210 2935 4282 perdo.
2970 4207 3065 4262 Sic
3088 4206 3262 4259 homo
3296 4201 3508 4266 malus,
3546 4203 3860 4271 postquam
3899 4195 4105 4249 omnia

2444 4301 2782 4367 tentaveris,
2818 4295 2963 4352 nihil
2999 4296 3237 4349 demum
3273 4292 3428 4345 aliud
3463 4303 3640 4361 quam
3678 4288 3853 4340 homo
3912 4283 4106 4338 malus

2448 4401 2537 4449 est
2570 4411 2581 4447 :
2618 4396 2681 4445 ut
2703 4404 2940 4461 pomum
2985 4384 3283 4448 acerbum,
3333 4386 3635 4449 utcunque
3680 4376 3879 4447 ipsum
3934 4374 4105 4427 melle

2450 4483 2665 4553 saepius
2697 4479 2947 4543 eblinas,
2973 4474 3249 4530 acerbum
3278 4476 3469 4524 tamen
3513 4470 3712 4521 manet
3744 4482 3756 4519 :
3794 4481 3912 4517 non
3952 4462 4106 4517 enim

2454 4579 2684 4628 mutare
2719 4573 2985 4622 naturam
3022 4562 3298 4635 applicita
3330 4558 3583 4614 exterius
3618 4559 3805 4629 potest
3861 4552 4107 4607 unctio:

2455 4669 2556 4717 aut
2588 4660 2699 4715 mel
2727 4660 2781 4713 in
2817 4655 3125 4726 superﬁcie
3183 4651 3494 4718 all'rictum,
3520 4645 3850 4701 amaritiem
3911 4659 4111 4697 enmn-

2454 4755 2591 4805 dare
2614 4740 3452 4816 succimaligni,substantiam
3480 4732 4113 4791 intimaminlicientis.

2455 4845 2642 4909 Quare
2674 4838 2859 4893 satius
2890 4834 3311 4902 est,desperata
3342 4828 3644 4884 curatione
3676 4822 4113 4893 improborum,

2457 4932 2723 4986 recedere
2753 4928 2826 4981 ab
2856 4940 3054 4979 eorum
3085 4918 3546 4983 consuetudine;
3582 4914 3927 4982 versarique
3983 4926 4108 4963 eum

2455 5020 2627 5076 benis
2657 5024 2712 5072 et
2742 5006 3519 5070 innecentibus.Periculum
3554 5005 3709 5058 enim
3745 5008 3833 5055 est
3865 5018 3941 5054 ne
3969 5017 4112 5052 ner-

2456 5110 2563 5162 bus
2586 5103 2931 5174 contagione
2964 5102 3339 5170 propagetur,
3402 5100 3460 5149 et
3510 5093 3635 5145 sani
3674 5104 4109 5160 supervacanea

2456 5195 2644 5251 seduli
2678 5188 3044 5262 injuvandis
3095 5187 3266 5258 aegris
3312 5182 3672 5246 istiusmodi,
3725 5197 3829 5234 nec
3884 5179 4105 5249 prosint

2454 5286 2598 5352 illis,
2630 5287 2688 5336 et
2718 5281 2830 5335 sibi
2866 5282 3150 5342 noceant;
3184 5292 3250 5330 ac
3280 5275 3331 5329 si
3364 5274 3562 5327 minus
3604 5270 3928 5339 languores
3960 5269 4109 5335 ipse-

2457 5392 2582 5431 rum
2620 5370 3004 5436 contrahant;
3036 5371 3191 5421 certe
3223 5364 3400 5419 afﬂati
3438 5362 3592 5417 male
3645 5376 3713 5413 ex
3764 5357 3839 5412 iis
3870 5356 4110 5411 halante

2458 5467 2655 5529 odore,
2691 5442 2946 5525 feteant;
2981 5473 3093 5511 non
3131 5456 3286 5510 enim
3321 5455 3466 5507 bene
3516 5449 3671 5505 olere
3732 5452 3989 5515 possunt
4019 5444 4107 5514 qui

2458 5551 2690 5609 latrinis
2722 5553 2825 5603 aut
2854 5547 3070 5602 cloacis
3095 5545 3380 5607 assident,
3417 5546 3481 5595 ut
3526 5558 3557 5595 e
3610 5537 3911 5593 contrario
3976 5552 4112 5588 nun-

2458 5659 2635 5716 quam
2697 5640 2863 5694 abest
2906 5636 3046 5707 quin
3102 5634 3359 5689 suaviter
3415 5631 3641 5703 spirent
3688 5630 3786 5698 qui
3840 5625 4109 5697 seplasiis

2460 5730 2951 5791 arematariorum
3012 5726 3421 5780 immorantur.
3482 5720 3599 5777 Nec
3624 5733 3717 5772 me
3748 5716 3905 5788 fugit
3936 5730 4105 5787 quam
