4248 6442
212 402 340 455 1281

1225 405 1589 457 SPECIMEN
1630 404 2029 457 SAPIENTIB
2070 403 2401 457 lNDORUM
2440 405 2603 456 VET.

3476 407 3612 458 1253

208 526 369 581 nulla
396 543 533 597 spes
564 528 841 597 all'ulgeat
872 528 1008 582 huic
1025 544 1173 582 vano
1196 532 1251 581 et
1284 527 1428 581 mihi
1462 526 1629 581 noxio
1661 525 1843 581 labori
1876 536 1926 595 Α
1960 542 2083 591 rus,
2108 526 2321 580 nedum
2357 541 2598 596 regnare
2632 524 2765 580 felix
2788 531 3040 595 poteras.
3076 532 3263 592 Quare
3306 530 3455 581 refer
3478 530 3605 581 ani-

213 632 365 680 meo,
398 616 597 685 gratiae
631 615 840 670 saltem
875 617 1142 671 ineundae
1170 633 1202 670 a
1230 620 1305 682 te,
1327 632 1503 687 quem
1527 615 1647 670 scio
1670 614 1858 685 gravi-

213 708 298 757 ter
328 703 542 757 nlllndi
578 704 819 758 monitis
851 704 1011 758 hisce
1044 704 1203 770 meis,
1237 720 1301 757 ac
1334 720 1404 757 ne
1436 706 1584 758 terre
1624 703 1859 773 quidem

210 790 461 846 libenter
509 799 888 863 conspectum
942 810 1160 846 meum.
1204 792 1295 846 sic
1345 792 1499 845 enim
1552 807 1857 859 compara»

215 889 339 935 tum
384 885 595 934 natura
645 886 755 947 est,
792 886 854 934 ut
915 881 1125 951 ingrati
1191 887 1395 935 mutuo
1445 881 1566 935 sint
1625 885 1861 934 contra-

212 970 428 1023 rioiuni
485 987 811 1023 occursus:
877 976 931 1024 et
980 970 1149 1024 stulti
1203 971 1581 1039 sapientium,
1645 969 1857 1023 indocti

210 1060 617 1123 rruditnrum,
673 1061 826 1129 parci
883 1059 1217 1127 largorum,
1270 1058 1585 1112 irritabilcs
1637 1058 1863 1126 patien-

216 1154 360 1200 Imn.
414 1165 766 1213 «uulgi-assus
816 1154 1179 1215 aversentur,
1241 1153 1297 1201 et
1338 1146 1684 1199 exlium-eant
1732 1147 1857 1199 visu

216 1238 340 1305 ipw
402 1238 569 1304 quasi
635 1238 825 1289 avium
890 1238 1129 1289 infausti
1190 1239 1459 1304 augurii.
1521 1235 1649 1287 llmc
1703 1234 1859 1288 locu-

218 1331 314 1377 tus
374 1326 701 1378 Corunatns
761 1329 1013 1378 renesuit
1058 1328 1317 1378 domum.
1367 1324 1648 1377 Caeterum
1687 1324 1863 1376 inter-

216 1416 365 1467 l‘erlo
387 1420 572 1477 tauro,
592 1413 787 1467 statim
814 1414 1039 1468 leonem
1058 1414 1188 1467 facti
1212 1413 1499 1482 pmnituit,
1521 1412 1861 1465 exstabant—

211 1520 327 1572 que
356 1503 410 1555 in
432 1504 559 1570 ejus
584 1502 746 1556 vultu
780 1520 894 1557 non
919 1502 1399 1557 obscuraindicia
1425 1500 1711 1564 maeroris;
1736 1516 1861 1570 quae

214 1610 349 1647 cum
370 1593 742 1646 observasset
769 1592 1227 1647 seclcstissimus
1260 1591 1608 1661 Vestigator,
1660 1596 1717 1643 et
1751 1588 1864 1643 sibi

217 1682 371 1734 male
399 1682 668 1734 conscius
702 1688 986 1735 metueret
1017 1699 1085 1736 ne
1120 1681 1487 1734 retractanda
1514 1679 1665 1733 tauri
1689 1694 1867 1732 causa

216 1770 439 1840 aliquid
474 1772 863 1838 detegeretur,
907 1771 1061 1839 quod
1104 1787 1211 1824 sua
1264 1771 1514 1823 maxime
1559 1769 1867 1822 interesset

1970 632 2131 670 mum
2165 617 2237 670 ad
2262 618 2648 671 constantiam
2676 621 2731 670 te
2753 618 3013 687 dignata,
3037 624 3113 680 et,
3137 633 3379 671 excussa
3406 620 3611 673 mulie-

1971 704 2057 757 bri
2092 705 2360 768 mollitie,
2395 704 2689 775 gratulare
2724 706 2827 758 tibi
2850 712 2907 758 et
2940 706 3107 759 nobis
3137 710 3613 760 commuueml'c-

1971 792 2270 859 licitatem,
2306 810 2408 862 pro
2467 798 2622 846 certo
2657 794 2901 857 habens,
2960 793 3015 846 id
3058 795 3210 862 quod
3275 800 3467 848 actum
3530 799 3617 848 est

1971 882 2367 935 necessarium
2405 882 2729 935 remedium
2769 882 2903 935 mali
2938 882 3272 950 graviSsimi
3311 883 3510 937 l'uisSe.
3551 884 3618 937 tit

1968 970 2122 1022 enim
2156 971 2484 1023 membrum
2517 971 2671 1040 quod
2703 970 2896 1039 vipera
2940 970 3275 1035 momordit,
3327 972 3434 1025 nisi
3490 990 3619 1025 era-

1970 1060 2249 1127 rilieetur,
2285 1065 2387 1113 aut
2426 1062 2601 1114 etiam
2652 1061 3022 1130 praecidatur,
3071 1078 3359 1115 venenum
3416 1081 3616 1133 [πυρη-

1970 1153 2066 1215 gat
2127 1148 2181 1199 in
2246 1164 2459 1216 corpus
2519 1149 2833 1217 reliquum.
2894 1150 3082 1217 quoad
3146 1150 3203 1202 in
3267 1150 3391 1219 ipso
3444 1156 3615 1206 corde

1970 1237 2142 1289 vitam
2178 1238 2528 1303 exstingUat,
2560 1236 2643 1289 sic
2676 1242 2883 1289 taurus
2908 1238 3282 1305 istcncgotiis
3317 1257 3349 1291 a
3383 1246 3435 1291 te
3472 1258 3613 1310 prun

1974 1326 2222 1394 positus,
2258 1331 2372 1379 ete
2419 1326 2701 1379 membris
2762 1332 2972 1379 nostra)
3035 1327 3365 1396 reipublicae
3429 1332 3623 1398 prem-i-

1972 1433 2181 1485 puum,
2215 1416 2580 1485 indulgentia
2603 1423 2702 1471 tua
2734 1417 2946 1480 factus,
2995 1423 3303 1487 postquam
3358 1422 3621 1490 viperino

1973 1505 2226 1574 quodam
2256 1505 2659 1576 ingratissima:
2684 1504 3106 1559 invidiaalivore
3130 1522 3313 1575 usque
3337 1509 3404 1561 ad
3422 1511 3619 1562 odium

1975 1593 2059 1646 tui
2117 1598 2174 1647 et
2237 1594 2532 1647 nelarium
2594 1593 2907 1647 insidiandi
2968 1594 3099 1647 vitae
3139 1600 3249 1647 tua:
3309 1597 3621 1652 consilium

1974 1680 2538 1748 extabuit,abscindi
2558 1680 3020 1745 maturedebuit,
3047 1697 3116 1734 ne
3143 1686 3326 1735 totum
3354 1699 3621 1752 regnum.

1975 1774 2032 1821 et
2062 1777 2116 1823 te
2151 1770 2424 1834 maxime,
2458 1786 2557 1823 cor
2606 1786 2670 1823 ac
2702 1776 2879 1839 caput
2931 1769 3110 1837 hujus
3155 1774 3437 1841 corporis,
3475 1774 3625 1827 male

220 1859 516 1913 occultum
559 1876 918 1928 permanere,
956 1858 1455 1913 confidentissime
1489 1858 1714 1911 leonem
1760 1856 1862 1909 ad—
1903 1882 1944 1944 Β
1979 1862 2262 1933 perderet.
2311 1862 2388 1915 Ea
2438 1861 2644 1931 perfidi
2697 1862 3036 1915 veteratoris
3082 1863 3237 1916 dicta
3291 1863 3438 1918 lenni
3490 1872 3627 1919 tunc

218 1953 365 2005 iens:
392 1951 540 2015 Quid
568 1955 644 2016 te,
680 1948 891 2018 inquit,
927 1947 1182 2011 domine,
1216 1946 1445 2001 tristem
1504 1945 1669 1999 video
1730 1961 1863 1999 cum

218 2046 441 2113 injuria
474 2045 738 2111 fortunae,
772 2044 867 2098 cui
898 2044 943 2098 si
978 2049 1198 2114 gratus.
1238 2048 1299 2096 ut
1334 2041 1530 2107 debes,
1584 2055 1712 2094 esse
1758 2038 1866 2105 vis,

221 2148 541 2203 agnoscere
599 2138 657 2186 et
689 2131 1002 2202 praedicare
1061 2136 1113 2184 te
1167 2134 1396 2199 oportet
1453 2144 1752 2182 summum
1814 2130 1871 2180 et

222 2220 703 2274 recentissimum
748 2221 876 2289 ejus
907 2218 1277 2285 beneficium,
1309 2233 1424 2288 quo
1472 2233 1504 2269 a
1549 2213 1871 2285 proditione

218 2309 575 2378 insidiisque
608 2309 757 2363 tauri
824 2312 1092 2361 servatus
1128 2323 1209 2361 es.
1240 2309 1311 2361 At
1368 2310 1426 2359 tu
1463 2310 1669 2360 contra
1728 2302 1870 2357 mihi

219 2398 467 2465 videris,
500 2398 671 2451 fatuae
704 2396 935 2451 cuidam
988 2395 1304 2465 indulgens
1353 2394 1546 2449 cordis
1587 2393 1871 2447 teneritu‘

219 2486 390 2555 dini,
469 2486 709 2542 fallaces
771 2484 1135 2540 insidiatoris
1203 2484 1500 2538 vaferrimi
1559 2480 1874 2537 blanditias

222 2576 538 2640 recordari,
566 2576 830 2645 adeoque
856 2590 1001 2644 pene
1023 2573 1359 2628 desiderare
1384 2573 1549 2642 justo
1581 2568 1874 2641 supplicio

221 2672 620 2736 peremptum,
655 2682 772 2735 quo
805 2663 1083 2718 incolumi
1121 2678 1190 2716 ne
1218 2661 1405 2716 vivere
1438 2660 1674 2732 quidem
1708 2674 1874 2713 secu-

1979 1948 2326 2020 scrupulum
2353 1954 2712 2010 exemerunt,
2742 1949 2819 2002 ita
2844 1956 2906 2001 ut
2931 1966 3163 2020 aequum
3182 1952 3306 2019 jam
3339 1954 3623 2019 animum,

1981 2043 2045 2091 ut
2077 2042 2230 2103 ante,
2266 2038 2521 2107 negotiis
2564 2038 2911 2101 adverteret,
2960 2054 3278 2107 persuasus
3342 2043 3628 2097 meruisse

1981 2131 2216 2180 taurum
2247 2143 2374 2195 quae
2398 2143 2607 2196 passus
2633 2126 2838 2179 fuerat.
2870 2125 2969 2178 llis
2990 2129 3481 2198 gymnosOpliista
3505 2148 3626 2200 per-

1980 2215 2161 2271 oratis
2218 2216 2680 2285 disputationem
2742 2215 3099 2269 concludens
3162 2218 3278 2287 regi
3322 2220 3519 2274 dixit:
3566 2222 3629 2275 In

1983 2302 2138 2356 hunc
2171 2305 2434 2367 modum,
2468 2304 2725 2372 domine,
2759 2304 2911 2374 quod
2938 2305 3277 2374 quaesieras,
3304 2306 3476 2362 homo
3501 2326 3629 2363 sce-

1984 2391 2204 2447 leratus
2235 2398 2292 2447 et
2327 2394 2559 2447 invidus
2592 2397 2738 2447 duos
2788 2397 2958 2447 antea
2994 2394 3145 2448 inter
3194 2412 3254 2449 se
3313 2400 3631 2454 concordes

1984 2480 2366 2538 calumniosis
2401 2482 2671 2537 artiﬁciis
2704 2482 2947 2538 invicem
2982 2486 3317 2552 committit,
3356 2505 3423 2541 ex
3447 2489 3639 2543 aliena

1986 2576 2041 2625 et
2073 2589 2224 2643 saepe
2257 2572 2489 2643 publica
2521 2572 2855 2626 calamitate
2915 2573 3205 2642 privatum
3264 2576 3636 2633 astutissime

1990 2666 2281 2730 quaestum
2313 2667 2579 2732 captans.

1350 2897 1874 2959 DISSERTATIO
1901 2900 2002 2958 PA
2015 2896 2397 2958 RABOLICA
2431 2898 2511 2954 ΙΙ.

232 3021 569 3094 Exprimit
630 3016 959 3095 ingenium
1014 3019 1112 3073 rei
1169 3014 1434 3073 audacis
1483 3022 1541 3071 et
1596 3015 1824 3074 callidi
1878 3019 1950 3072 in
1997 3014 2308 3075 eludendo
2363 3011 2632 3080 iudicio,
2692 3019 2751 3068 ct
2809 3013 3197 3071 demonstrat
3265 3021 3494 3075 inutile
3556 3020 3642 3075 ml

1250 3103 1606 3153 extremum
1635 3113 1760 3153 esse
1792 3104 1994 3154 totum
2036 3095 2211 3154 istud
2242 3096 2617 3170 artiﬁcium.

305 3222 457 3276 Dixit
483 3226 681 3276 autem
714 3237 813 3275 rex
844 3217 1363 3291 gymnosophistae:
1396 3217 1680 3288 Cuperem
1710 3218 1881 3273 audi-
1914 3229 1957 3295 ρ
1997 3219 2226 3291 pungit,
2258 3232 2471 3287 corpus
2502 3214 2698 3285 ipsum
2730 3216 2921 3269 exedit
2943 3221 2998 3270 et
3030 3224 3307 3273 macerat.
3362 3220 3642 3278 Prmterca

232 3328 294 3365 re
328 3311 469 3382 quid
523 3310 874 3381 Vestigatori
929 3307 1185 3363 evenerit
1216 3311 1349 3378 post
1376 3323 1574 3362 necem
1609 3308 1784 3362 tauri.

318 3402 359 3454 Ι.
397 3399 718 3470 Respondit
746 3395 1251 3469 gymnosophista:
1277 3394 1477 3450 Occiso
1509 3399 1697 3461 tauro,
1725 3400 1891 3450 nocte

241 3490 500 3559 qundam
578 3505 848 3558 egressus
937 3486 1292 3556 leopardus,
1370 3485 1470 3556 qui
1545 3484 1685 3540 olim
1768 3485 1890 3539 fue-

242 3583 333 3632 rat
367 3578 646 3648 magister
704 3577 910 3643 leonis,
943 3581 999 3629 et
1048 3581 1185 3628 tunc
1245 3574 1398 3627 inter
1446 3574 1575 3643 ejus
1619 3572 1890 3627 consilia-

238 3667 358 3720 rios
392 3667 634 3720 intimos
658 3666 768 3720 fide
791 3671 968 3735 atque
990 3663 1332 3718 auctoritate
1357 3664 1687 3733 praecipuus
1710 3662 1891 3717 babe-

242 3757 439 3823 batur,
472 3754 759 3826 applicuit
807 3771 1006 3809 aurem
1044 3754 1189 3807 forte
1234 3756 1527 3807 transiens
1568 3752 1638 3806 ad
1673 3750 1891 3805 ostium

244 3845 653 3915 Vestigatoris,
685 3861 752 3899 eo
784 3844 1160 3899 commodum
1193 3847 1455 3913 tempore
1478 3858 1593 3908 quo
1624 3858 1692 3896 ea
1720 3844 1890 3895 Coro-

247 3939 471 3989 nantus
494 3934 542 3988 ei
579 3948 914 3998 suecesens,
962 3931 1336 4002 loquebatur,
1357 3948 1483 4001 quae
1518 3930 1689 3985 retuli
1718 3929 1891 4001 paulo

238 4023 539 4094 superius.
572 4022 806 4077 Audivit
839 4022 1013 4089 igitur
1042 4020 1488 4092 exprobrantem
1544 4018 1891 4089 Vestigatori

237 4115 596 4169 Coronatum
636 4113 925 4185 malignas
970 4116 1124 4167 artes
1172 4110 1411 4182 quibus,
1446 4110 1674 4166 invidia:
1716 4116 1892 4182 atque

236 4205 374 4257 odio
406 4203 723 4274 indulgens
765 4202 1038 4273 pr0priis,
1074 4212 1307 4255 taurum
1359 4200 1729 4255 innocentem
1779 4203 1891 4257 cir-

237 4296 636 4353 cumvenerat,
672 4291 897 4345 leonem
936 4290 1049 4344 fido
1079 4294 1137 4344 et
1169 4288 1299 4343 utili
1334 4289 1604 4343 ministro
1637 4291 1893 4360 privave-

238 4387 350 4435 rat:
389 4381 851 4435 comminantem
886 4380 1062 4434 etiam
1097 4380 1243 4432 iram
1282 4379 1547 4445 deorum,
1600 4384 1656 4433 et
1704 4398 1892 4452 augu—

238 4475 471 4525 rantem
505 4470 554 4523 ei
584 4488 616 4523 a
648 4469 813 4524 leone
844 4468 973 4537 ipso
1019 4484 1192 4538 quem
1256 4468 1582 4537 deceperat,
1643 4468 1889 4538 dignum

234 4577 347 4614 suo
381 4559 597 4613 scelere
630 4558 1008 4630 supplicium.
1043 4562 1176 4611 Hmc
1216 4556 1532 4626 leopardus
1591 4557 1891 4628 inopinato

232 4646 475 4717 cognita
505 4646 708 4701 statim
748 4662 961 4701 arcano
1012 4644 1222 4700 detulit
1270 4645 1341 4698 ad
1382 4643 1568 4699 leonis
1620 4652 1889 4703 matrem.

232 4737 479 4790 Interim
513 4740 708 4790 autem
745 4734 831 4789 leo
853 4733 993 4806 quid
1026 4734 1247 4803 egisset
1281 4739 1581 4804 reputans,
1636 4734 1888 4791 revolve-

232 4827 413 4880 batur
442 4825 501 4878 in
533 4823 891 4879 desiderium
929 4823 1115 4877 tauri:
1149 4838 1251 4877 nec
1294 4821 1513 4876 ultimae
1560 4821 1671 4876 illae
1703 4822 1889 4879 Vesti-

230 4916 455 4985 gatoris
481 4931 655 4969 voces
682 4915 807 4984 jam
837 4916 1069 4968 tantum
1096 4912 1249 4982 apud
1283 4912 1411 4980 ejus
1443 4910 1706 4967 animum
1731 4913 1886 4967 vale-

231 5006 403 5071 bant,
429 5008 493 5059 ut
527 5020 640 5057 non
677 5002 804 5073 ipse
831 5001 1163 5073 Vestigator
1194 5000 1420 5055 fraudis
1444 5004 1616 5069 atque
1651 5002 1887 5057 insidia-

230 5112 364 5149 rum
400 5091 740 5164 suspicione
770 5090 1084 5147 laboraret.
1119 5091 1263 5146 Cum
1299 5090 1410 5145 ista
1442 5090 1657 5145 mentis
1681 5092 1880 5145 conﬂi-

229 5189 486 5240 ctantem
514 5182 865 5255 aegritudine
890 5182 1163 5238 convenit
1195 5185 1462 5236 materna
1486 5180 1885 5236 familiaritate

224 5291 425 5346 regem
464 5274 693 5329 leonem
723 5272 851 5342 ejus
901 5289 1111 5341 parens
1147 5276 1241 5337 ;et
1286 5275 1565 5325 mmstum
1617 5269 1783 5324 illum
1817 5287 1885 5325 ea

229 5381 412 5436 quam
432 5364 549 5418 dixi
572 5378 770 5427 causa,
796 5361 1158 5431 conspicata,
1182 5359 1425 5415 Vultum
1455 5360 1881 5429 habes,inquit,

224 5456 335 5517 fili,
369 5454 608 5510 solliciti
642 5471 706 5507 ac
743 5453 893 5507 male
925 5453 1034 5507 sibi
1066 5451 1307 5507 conscii:
1344 5452 1498 5521 quod
1529 5451 1799 5520 equidem
1830 5457 1885 5506 et

225 5546 413 5600 miror
442 5549 499 5599 et
524 5560 671 5614 mgre
705 5543 846 5608 fero,
875 5543 1021 5597 satis
1045 5560 1248 5614 gnara,
1284 5542 1427 5596 nihil
1455 5542 1637 5613 magis
1663 5542 1880 5596 valetu-

223 5634 350 5689 diui
384 5637 694 5688 adversum
731 5648 908 5701 quam
939 5648 1139 5686 curam
1176 5648 1392 5700 acrem,
1443 5634 1498 5685 et
1554 5630 1877 5699 praesertim

220 5722 637 5795 paenitentiam
670 5718 963 5785 inutilem,
997 5736 1124 5790 quae
1159 5720 1297 5773 dum
1334 5718 1601 5773 animum
1640 5717 1879 5773 moleste

2001 3310 2153 3380 quod
2190 3306 2580 3379 perniciosum
2614 3304 2697 3359 vel
2734 3306 2987 3361 maxime
3028 3310 3296 3377 regnanti
3347 3316 3458 3377 est,
3511 3313 3647 3367 cali—

1998 3402 2193 3469 ginem
2227 3396 2465 3451 obducit
2498 3393 2698 3462 menti,
2723 3410 2901 3464 quam
2934 3395 3029 3449 ille
3062 3413 3295 3468 semper
3326 3400 3554 3470 vigilem
3587 3408 3644 3457 et

1999 3485 2318 3559 tranquille
2374 3488 2657 3538 attentam
2691 3483 2969 3539 adbibere
3029 3486 3282 3557 negotiis
3336 3489 3639 3545 debuerat.

1996 3579 2128 3646 Sed,
2162 3590 2359 3647 quaaso
2392 3578 2466 3641 te,
2502 3572 2681 3627 fatere
2712 3571 2853 3626 mihi
2889 3573 3027 3643 quid
3072 3579 3126 3628 te
3156 3582 3372 3647 angat;
3436 3585 3538 3634 aut
3595 3580 3647 3635 si

1998 3667 2188 3720 dicere
2223 3661 2542 3729 cunctaris,
2576 3661 2724 3725 sine,
2759 3660 3037 3723 divinem;
3072 3680 3180 3717 non
3235 3666 3389 3720 enim
3428 3672 3647 3723 temere

1999 3753 2365 3807 aflirmatura
2423 3748 2643 3816 videor,
2702 3748 2949 3802 cruciari
3006 3755 3058 3803 te
3114 3767 3242 3805 sera
3305 3755 3649 3823 pcenitentia

2000 3844 2159 3898 necis
2193 3840 2369 3907 tauri,
2403 3838 2572 3909 quasi
2603 3837 2731 3907 ejus
2762 3846 3068 3892 accusator
3110 3840 3285 3895 nimis
3332 3844 3498 3899 facile
3531 3863 3649 3901 cre-

1999 3931 2240 3987 dideris:
2276 3944 2406 3983 cum
2438 3926 2727 3981 aestimare
2759 3930 2815 3980 te
2848 3927 3043 3996 potius
3075 3928 3145 3983 de
3177 3931 3306 3999 ejus
3340 3933 3399 3986 in
3432 3938 3487 3988 te
3520 3937 3647 3990 ani-

2001 4040 2094 4079 mo
2125 4040 2193 4078 ex
2218 4028 2319 4077 tuo
2353 4008 2411 4074 in
2444 4035 2578 4074 eum
2606 4018 2816 4072 atl'eetu
2850 4035 2955 4088 par
3010 4019 3244 4090 fuisset;
3293 4024 3409 4078 fere
3460 4028 3645 4098 siqui-

1999 4116 2132 4170 dem
2166 4114 2278 4166 ista
2325 4108 2436 4164 sibi
2489 4111 2695 4162 mutuo
2746 4109 3140 4178 respondent:
3194 4128 3514 4186 rarumque
3558 4124 3648 4173 est

2000 4219 2113 4257 non
2146 4198 2437 4255 redamari
2472 4197 2696 4252 sincere
2754 4199 2853 4265 qui
2889 4212 3018 4251 vere
3074 4197 3290 4270 diligit,
3336 4204 3479 4258 adeo
3537 4205 3650 4260 ista

1998 4290 2350 4346 commercia
2381 4288 2645 4343 cordium
2685 4286 2883 4339 fucum
2916 4286 3255 4343 excludunt.
3290 4294 3408 4363 Age
3444 4294 3647 4365 igitur,

1998 4380 2090 4434 die
2124 4378 2267 4433 mihi
2291 4376 2584 4449 quomodo
2616 4379 2675 4427 tu
2710 4374 2952 4428 affectus
2984 4392 3120 4444 erga
3147 4381 3378 4434 taurum
3397 4384 3649 4438 eras?Ad

1998 4486 2066 4523 ea
2100 4468 2209 4523 leo:
2247 4467 2553 4538 Equidem,
2588 4467 2794 4531 mater,
2830 4463 3046 4533 inquit,
3090 4464 3336 4521 charum
3379 4486 3513 4524 eum
3548 4473 3653 4527 ha-

2004 4557 2212 4611 bebam
2268 4555 2640 4622 ﬁdebamque
2681 4550 2763 4603 illi
2828 4551 3079 4606 maxime
3114 4559 3210 4618 ;et
3270 4572 3404 4611 cum
3453 4565 3652 4616 mente

2006 4649 2200 4714 repeto
2233 4660 2410 4714 quam
2445 4644 2717 4713 prompta
2748 4655 2978 4710 semper
3001 4641 3129 4710 ejus
3180 4648 3238 4697 et
3280 4644 3561 4702 benevola
3596 4649 3653 4704 in

2000 4750 2092 4788 me
2123 4733 2316 4788 ofﬁcia
2346 4733 2661 4795 exstarent,
2689 4728 2873 4783 facere
2896 4729 2988 4782 vix
3021 4746 3263 4796 possum
3295 4734 3436 4803 quin
3461 4739 3653 4809 suspi-

1999 4841 2093 4877 cer
2124 4822 2318 4878 scelus
2352 4819 2585 4890 aliquod
2620 4816 2864 4871 artiﬁcis
2922 4818 3300 4889 Vestigatoris
3361 4824 3459 4894 qui
3520 4842 3653 4882 eum

1998 4911 2163 4967 falsis
2194 4911 2350 4983 apud
2386 4925 2475 4964 me
2508 4905 3017 4962 criminationibus
3053 4908 3444 4981 infamaverit,
3480 4920 3536 4969 et
3588 4933 3654 4972 eo

1997 5003 2251 5072 denique
2277 5018 2370 5055 me
2401 4997 2662 5070 adegerit
2695 5001 2760 5051 ut
2809 4995 3055 5051 facerem
3087 5000 3243 5068 quod
3308 5004 3653 5061 rreminisso

1995 5094 2194 5150 horret
2224 5094 2481 5159 animus,
2513 5096 2568 5146 et
2592 5087 2903 5160 quantovis
2925 5089 3109 5159 pretio
3133 5093 3505 5166 redemptum
3535 5098 3654 5152 vel-
3720 5090 3726 5099 ’

1993 5182 2109 5238 lem
2145 5200 2258 5238 non
2292 5182 2500 5253 egisse.
2527 5181 2613 5235 Tu
2647 5194 2805 5244 vero,
2825 5193 3037 5247 parens
3065 5180 3305 5250 optima,
3333 5202 3404 5239 ne
3427 5204 3625 5257 quaeso
3645 5232 3658 5258 ,

1994 5272 2291 5327 caalaveris
2322 5270 2371 5326 si
2399 5269 2535 5340 quid
2571 5268 2699 5337 eius
2734 5267 2879 5320 forte
2913 5266 2993 5320 rei
3028 5267 3311 5337 didicisti;
3349 5274 3464 5329 fere
3497 5277 3651 5331 enim

1994 5360 2357 5416 cmanantin
2392 5357 2661 5413 notitiam
2697 5353 3063 5425 quantalibet
3111 5362 3234 5413 arte
3279 5361 3654 5421 dissimulata

1994 5453 2238 5516 scelera,
2276 5467 2381 5505 nec
2411 5448 2599 5504 caveri
2633 5444 2787 5500 dolis
2819 5445 3096 5499 omnibus
3151 5454 3359 5518 potest,
3408 5456 3505 5523 qui
3540 5456 3651 5510 sal-

1994 5546 2112 5595 tem
2132 5540 2357 5594 timidis
2372 5536 2632 5594 susurris
2656 5534 3019 5607 proditiones
3036 5535 3497 5596 abstrusissimae
3519 5560 3651 5613 pro-

1994 5630 2225 5684 dantur.
2262 5629 2338 5683 lia
2372 5645 2541 5700 porro
2584 5628 2734 5680 fame
2767 5622 2899 5677 licet
2928 5622 3159 5679 incertae
3194 5644 3257 5680 ac
3309 5629 3647 5701 vulgarium

1993 5736 2303 5776 rumorum
2343 5717 2778 5790 qualiacunque
2819 5711 3181 5782 testimonia,
3216 5733 3368 5789 saepe
3419 5720 3658 5779 interio-
