4248 6442
650 385 785 434 1333}

2155 382 2541 434 APPENDIX.

3929 388 4064 438 128-1

640 507 808 560 ribus
843 507 1074 561 indiciis
1103 507 1381 574 adjuncta
1411 507 1662 561 multum
1708 507 2014 561 conferunt
2044 505 2112 557 ad
2161 520 2298 557 con-
2333 509 2381 570 Α
2416 507 2823 558 emunctarum
2859 505 3237 573 sagacitatem
3273 505 3516 573 fallunt;
3549 510 3784 578 quando
3831 527 4065 564 moven-

641 595 964 650 victioncm
998 596 1402 649 scelestorum.
1464 596 1744 664 Heposuit
1783 595 1853 648 ad
1905 593 2024 646 hinc
2057 597 2288 646 mater:

651 686 858 739 Audivi
893 702 925 738 a
975 685 1224 753 quodam
1288 685 1398 737 fide
1458 684 1806 753 dignissimo
1865 681 2290 748 Vestigatorem

641 774 876 827 invidia)
911 774 1226 826 instinctus
1263 774 1568 826 mentitum
1607 772 1711 826 tibi

641 879 772 932 quae
805 864 874 916 de.
912 869 1076 915 tauro
1110 861 1337 927 detulit,
1374 862 1596 928 alioqui
1646 860 2005 915 alienissima
2055 878 2087 913 a
2135 874 2288 925 vero,

636 959 690 1005 et
723 951 844 1004 sola
877 953 1004 1016 ejus
1047 951 1250 1002 fraude
1282 953 1552 1002 conficta.
1593 951 1807 1002 Amabo
1838 954 1916 1007 te,
1951 953 2154 1010 mater,
2203 946 2289 1000 leo

635 1039 851 1109 inquit,
891 1041 1014 1104 ede,
1051 1039 1096 1090 si
1134 1056 1243 1091 non
1271 1055 1442 1104 grave
1474 1044 1584 1096 est,
1620 1038 1752 1106 quis
1783 1040 1892 1090 iste
1936 1037 2012 1089 sit
2055 1053 2121 1088 ex
2173 1051 2288 1105 quo

635 1131 775 1182 talia
807 1129 1054 1182 audisti?
1084 1128 1163 1181 Ne
1192 1144 1405 1197 qurere,
1471 1127 1594 1191 lilii,
1638 1129 1721 1180 ait
1771 1132 1976 1190 mater,
2032 1130 2286 1178 actorem

641 1219 802 1274 dicti.
840 1220 937 1287 qui
976 1218 1321 1270 nominatim
1356 1233 1416 1268 se
1442 1217 1602 1286 prodi
1634 1219 1837 1278 vetuit,
1865 1232 1996 1268 cum
2031 1231 2147 1267 rem
2175 1215 2285 1266 sibi

639 1305 1171 1376 compertissimum
1220 1305 1362 1358 mihi
1412 1322 1623 1358 arcano
1671 1308 2082 1366 comniztteret,
2135 1301 2276 1354 indi-

635 1397 906 1457 caudam,
940 1395 984 1448 si
1019 1395 1290 1465 expedire
1323 1410 1636 1460 censerem,
1673 1393 1798 1447 tibi.
1846 1393 1963 1446 Etsi
2011 1403 2200 1445 autem
2239 1391 2287 1445 is

642 1485 797 1550 talis,
835 1492 898 1538 ut
931 1485 1071 1541 dixi.
1123 1488 1230 1542 est.
1267 1485 1358 1536 cui
1415 1489 1539 1536 tuto
1573 1483 1805 1550 quidvis
1863 1482 2013 1535 credi
2080 1480 2283 1549 possit,

641 1593 750 1628 non
787 1580 917 1644 peto
979 1580 1169 1627 tamen
1205 1579 1265 1626 ut
1297 1579 1397 1627 aut
1444 1590 1604 1636 mere,
1656 1577 1758 1625 aut.
1815 1572 1976 1624 illius
2031 1570 2287 1623 auctori-

636 1664 734 1716 luti
767 1665 1126 1731 acquiescas,
1182 1679 1247 1716 ac
1307 1668 1508 1717 nostra
1567 1662 1903 1715 testimonio
1964 1659 2286 1730 przecipites

631 1752 987 1807 sententiam
1025 1753 1081 1804 in
1119 1768 1280 1805 reum
1309 1752 1666 1813 inauditum,
1705 1750 1926 1818 nequid
1963 1749 2154 1802 simile
2186 1765 2283 1817 pa-

1769 788 1899 825 csse
1946 776 2158 824 cuncta
2192 769 2293 823 illa

2403 597 2501 646 tur
2529 593 2964 664 agitanturque,
3000 594 3305 665 mephitim
3341 597 3629 662 exhalant,
3667 601 4062 654 etmanifesto

2405 681 2602 736 fetoris
2656 682 2870 736 indicio
2930 684 3478 754 deprehenduntur.
3544 685 3744 756 Itaque
3803 688 4064 742 viderint

2402 788 2578 840 quam
2611 777 3043 840 consequenter
3073 779 3448 827 accusatores
3481 775 3593 828 mei
3637 778 3912 828 eumdem
3951 793 4061 841 me,

2401 877 2573 930 quem
2611 862 2804 916 nimiae
2833 861 3174 916 calliditatis
3206 862 3578 928 insimulant,
3631 871 3748 919 tam
3810 865 4062 920 stultum

2403 955 2624 1019 putent,
2661 951 2889 1004 utinihi
2927 950 3077 1004 male
3129 953 3422 1016 conscius,
3478 953 3630 1006 ultro
3674 955 3929 1007 examini
3970 972 4059 1007 me

2399 1040 2733 1106 subjiciam.
2760 1040 3064 1109 Nunquam
3094 1046 3346 1109 profecto
3371 1041 3702 1095 inevitabile
3733 1045 4058 1097 convictio-

2401 1129 2489 1181 nis
2526 1127 2851 1198 perieulum
2885 1131 3283 1199 deposcerem,
3317 1129 3442 1183 alea
3468 1131 3680 1199 judieii
3719 1133 4052 1194 subeunda,

2401 1219 2509 1270 nisi
2547 1235 2671 1270 mea
2705 1235 2796 1271 me
2839 1223 3026 1271 tutum
3090 1218 3422 1272 innocentia
3461 1225 3806 1289 prsestaret;
3846 1221 3936 1274 sin
3978 1222 4054 1273 ita

2397 1313 2572 1370 esset,
2611 1323 2722 1360 non
2759 1323 2850 1359 me
2883 1307 2974 1358 hic
3010 1307 3214 1376 utique
3248 1309 3838 1378 videretis;jamenim
3874 1311 4055 1364 alicu-

2398 1395 2453 1447 bi
2489 1401 2773 1448 terrarum
2809 1412 3081 1448 securum
3121 1396 3447 1466 perfugium
3483 1403 3720 1468 captare
3771 1415 4054 1468 occupas-

2397 1500 2538 1547 sem,
2573 1485 2741 1549 cujus
2775 1486 2854 1537 rei
2889 1485 3220 1537 facultatem
3259 1501 3530 1554 magnam
3590 1487 3774 1540 cuivis
3836 1487 4056 1556 prmhet

2397 1571 2686 1626 latissime
2715 1579 2920 1643 patens
2951 1573 3108 1626 orbis
3151 1573 3406 1627 universi
3466 1576 3728 1628 vastitas.
3793 1578 3880 1627 Ab
3945 1576 4054 1630 hoc

2399 1660 2663 1726 ingressu
2696 1661 3050 1715 vaferrimus
3085 1661 3437 1729 Vestigatcr,
3473 1669 3707 1732 repente
3725 1680 4053 1718 conversus

2395 1749 2464 1800 ad
2492 1747 2744 1805 leonem.
2777 1750 2890 1803 Oro
2936 1749 3136 1817 igitur,
3187 1751 3288 1816 ait,
3341 1750 3724 1820 cbsecroque,
3781 1752 4047 1812 domine.

634 1842 798 1896 tiaris
829 1848 958 1909 post
993 1841 1367 1909 Vcstigatoris
1401 1857 1630 1910 pcenam
1665 1839 1712 1892 ei
1748 1841 1900 1908 quod
1960 1844 2088 1908 post
2137 1836 2282 1890 tauri
2319 1873 2360 1933 Β
2396 1838 2612 1906 regiam
2637 1838 2995 1907 rnajeslatem
3022 1843 3208 1901 tuam,
3237 1840 3532 1908 utinquiri
3558 1841 3836 1894 continuo
3866 1857 4050 1910 quam

636 1930 994 2001 supplicium
1031 1946 1092 1983 es
1127 1946 1359 1999 passus,
1395 1946 1459 1982 ac
1481 1935 1621 1982 tunc
1653 1944 1888 1999 quoque
1912 1927 2042 1979 fidei
2071 1931 2285 1980 temere

633 2020 844 2073 habitre
878 2020 995 2073 acri
1031 2036 1227 2072 morsu
1268 2017 1639 2071 conscientia:
1687 2033 1886 2086 poenas
1934 2016 2082 2069 luas.
2115 2018 2286 2068 Recte

629 2123 853 2174 mones,
881 2114 1090 2169 mater,
1122 2107 1315 2176 inquit
1342 2107 1450 2160 leo.
1482 2107 1624 2175 Ergo
1648 2106 1915 2174 quamvis
1939 2104 2040 2156 tibi
2066 2104 2281 2168 tribuo,

633 2198 714 2251 uti
751 2197 953 2260 debeo,
990 2196 1311 2262 plurimum
1350 2195 1503 2254 tidei.
1566 2203 1760 2248 tamen
1823 2193 2124 2262 eXplcrare
2185 2207 2284 2261 per

636 2303 726 2340 me
763 2286 1056 2352 negotium
1114 2285 1362 2344 decrevi,
1428 2299 1529 2336 nec
1563 2283 1932 2336 committere
1967 2282 2180 2335 iterum
2219 2285 2281 2334 ut

639 2379 950 2431 festinasse
987 2393 1075 2428 me
1109 2392 1238 2427 sero
1272 2376 1565 2444 pmnitcat.

697 2507 761 2555 ll.
802 2503 899 2554 llis
934 2502 1018 2553 leo
1051 2507 1103 2552 et
1140 2519 1169 2552 τι
1230 2506 1414 2553 matre
1447 2501 1664 2552 auditis
1694 2504 1745 2551 et
1778 2499 1844 2551 ad
1904 2503 2149 2551 matrem
2196 2498 2278 2550 di-

619 2591 752 2655 ciis,
790 2608 930 2643 suos
957 2608 1161 2643 omnes
1195 2590 1636 2648 cmmwavit,cl
1675 2605 1803 2640 cum
1844 2587 1915 2640 iis
1953 2586 2277 2656 νομῆς-τιὴ)-

618 2697 761 2733 rem.
799 2680 911 2747 Qui
939 2696 1038 2749 pro
1073 2697 1174 2731 sua
1207 2678 1379 2731 solita
1410 2676 1765 2730 conlidentia
1798 2677 2021 2728 leonem
2072 2675 2275 2728 videns

619 2769 1078 2837 cogitabundum
1105 2779 1150 2818 et
1193 2773 1399 2820 mmsto
1430 2767 1705 2830 similem,
1735 2766 1884 2817 ultro
1911 2764 1977 2816 ad
2014 2769 2273 2818 astantes

621 2875 936 2912 conversus
973 2875 984 2911 :
1021 2857 1164 2920 Quid
1203 2873 1414 2918 causse,
1481 2854 1687 2924 inquit,
1735 2861 1822 2907 est
1884 2870 1988 2906 cur
2041 2852 2268 2906 lennem

619 2948 941 3001 sollicitum
974 2965 1037 2999 ac
1073 2947 1299 3000 tristem
1336 2962 1507 2998 cerno
1539 2945 1565 2996 ?
1595 2942 1697 2996 Cui
1736 2947 1920 2996 mater
1980 2941 2183 3004 leonis,
2217 2945 2274 2994 et

622 3038 750 3108 ipsa
783 3053 1064 3107 prmsens,
1091 3035 1392 3105 respondit
1426 3034 1480 3086 in
1518 3033 1671 3086 hunc
1703 3033 1960 3086 modum:
1984 3033 2067 3084 'l‘u
2094 3047 2272 3084 causa

618 3127 869 3180 tristitia:
904 3125 1087 3179 leonis
1118 3142 1178 3177 rs
1215 3141 1226 3178 :
1265 3124 1416 3177 hunc
1443 3123 1603 3185 enim
1659 3121 1814 3174 dolet
1864 3121 2014 3191 quod
2057 3127 2107 3171 te
2164 3120 2270 3173 hac

621 3221 790 3269 tenus
825 3215 1014 3268 vivere
1041 3231 1105 3266 ac
1139 3213 1317 3267 libere
1350 3229 1514 3279 agerc
1541 3213 1617 3265 sit
1641 3228 1871 3282 passus,
1901 3217 1970 3269 te.
1997 3211 2265 3280 inquam,
2295 3232 2338 3290 η

621 3305 720 3375 qui
755 3304 865 3357 sibi
901 3303 1208 3356 fraudibus
1242 3319 1305 3354 ac
1343 3301 1663 3355 mendaciis
1713 3301 1978 3370 decepto,
2023 3304 2086 3353 ut
2137 3304 2264 3353 tau-

620 3410 748 3446 rum
782 3393 1151 3446 innocentem
1183 3391 1398 3459 injuste
1425 3391 1754 3460 perimeret,
1783 3387 2263 3459 persuaseris.Ad

616 3499 685 3536 ea
720 3482 964 3534 minime
999 3483 1269 3534 turbatus
1303 3479 1652 3548 Vestigator,
1680 3478 1918 3546 Nempe,
1955 3477 2267 3547 inquit,bic

619 3589 746 3625 mos
781 3572 1050 3626 aularum
1083 3576 1168 3623 est
1212 3574 1274 3622 ut
1306 3571 1565 3640 ingratas
1595 3577 1745 3622 recte
1779 3573 2038 3620 actorum
2091 3567 2265 3634 vices,

615 3660 904 3731 supplicia
959 3677 1062 3730 pro
1126 3659 1424 3712 beneficiis
1485 3663 1819 3728 exspectare
1887 3656 2268 3710 verisimilius

615 3767 794 3819 quam
830 3749 1090 3820 prazmia,
1112 3749 1208 3818 qui
1237 3746 1964 3819 principibusinserviunt,
1993 3747 2262 3800 debeant.

611 3843 744 3904 Qum
772 3838 1112 3907 justissima
1144 3841 1234 3890 est
1260 3838 1472 3890 aseetis
1503 3837 1556 3889 in
1587 3836 1940 3890 solitudines
1974 3852 2002 3890 e
2029 3835 2263 3906 palatiis

611 3933 783 3997 atque
819 3928 1064 3981 urbibus
1111 3925 1421 3980 secedendi
1454 3942 1650 3992 causa,
1692 3942 1762 3979 ne
1814 3942 1928 3979 non
1983 3925 2261 3979 virtutem

607 4033 873 4072 exercere
909 4016 1156 4088 possint,
1187 4015 1283 4069 ubi
1317 4015 1366 4069 ei
1399 4025 1617 4069 certam
1645 4014 1983 4083 intelligunt
2031 4030 2261 4085 poenam

609 4123 735 4160 esse
769 4105 1170 4159 constitutam.
1233 4106 1348 4157 Ista
1398 4120 1504 4172 ego
1551 4104 1675 4172 lege
1728 4103 2023 4172 periclitor
2069 4103 2264 4168 hodie,

608 4195 706 4264 qui
743 4194 898 4263 quod
939 4193 1070 4246 fidei
1105 4193 1296 4245 oflicio
1333 4193 1671 4257 instinctus,
1702 4191 1980 4246 benevole
2013 4192 2261 4244 indicavi

605 4284 726 4353 regi
763 4288 997 4352 paratas
1046 4300 1077 4336 a
1140 4287 1304 4335 tauro
1364 4281 1637 4345 insidias,
1673 4289 1726 4334 et
1787 4282 2258 4350 coniurationem

610 4390 764 4440 mox,
798 4372 854 4425 ni
893 4377 1260 4443 prmcavcrct.
1296 4372 1353 4425 in
1389 4370 1577 4441 ipsius
1609 4387 1676 4424 ac
1728 4374 1890 4440 regni
1944 4371 2258 4440 perniciem

605 4468 971 4531 erupturam,
1008 4479 1162 4515 nunc
1199 4461 1380 4514 miser
1411 4460 1468 4513 in
1499 4461 1900 4529 suspicionem
1933 4460 2257 4515 calumnia-

2393 1927 2838 1980 accuratissime
2870 1927 2939 1980 de
2974 1943 3062 1980 me
3087 1927 3324 1994 jubeas,
3383 1945 3485 1997 per
3522 1929 3784 1997 judicem
3839 1947 4053 1998 quam-

2390 2015 2532 2069 libet
2563 2032 2856 2078 severum,
2892 2017 3213 2070 dummodo
3241 2017 3438 2084 justus
3486 2018 3640 2072 idem
3698 2020 4050 2088 integerque

2389 2106 2484 2170 sit,
2519 2121 2624 2159 nec
2646 2107 2942 2159 veritatem
2981 2106 3138 2160 sinat
3169 2107 3337 2160 obrui
3373 2107 3731 2177 przejudiciis
3783 2109 4046 2174 invidiae,

2386 2214 2563 2266 quam
2601 2197 2738 2251 mihi
2777 2213 3052 2266 magnam
3089 2197 3351 2266 intelligo
3385 2199 3722 2263 conﬂatam,
3760 2217 3876 2254 non
3927 2200 4048 2254 ullo

2389 2302 2515 2339 meo
2549 2286 2859 2351 maleficio,
2895 2287 2995 2338 sed
3031 2287 3262 2353 magnis
3296 2287 3411 2341 tuis
3445 2305 3584 2357 erga
3617 2305 3707 2342 me
3736 2289 4045 2342 beneficiis

2386 2393 2509 2446 qum
2547 2376 2782 2428 livorem
2806 2375 3180 2427 concitarunt
3205 2375 3570 2445 iniquorum.
3596 2378 3740 2443 Tua,
3769 2379 4044 2445 inquam,

2386 2471 2503 2529 tua,
2538 2465 2796 2526 domine,
2836 2465 3129 2534 praecipua
3164 2466 3218 2518 in
3249 2483 3336 2519 me
3367 2467 3553 2535 gratia
3580 2484 3777 2521 meum
3813 2469 4042 2520 crimen

2381 2559 2489 2606 «est:
2523 2569 2637 2622 quo
2669 2558 2722 2606 te
2755 2558 2842 2606 est
2867 2553 3092 2623 aequius
3153 2555 3292 2606 dare
3324 2570 3584 2624 operam,
3647 2571 3716 2608 ne
3741 2555 4041 2625 pernicio-

2382 2661 2445 2696 sa
2480 2650 2579 2697 tua
2605 2660 2849 2697 munera
2888 2647 3189 2712 putentur,
3223 2649 3279 2698 et
3311 2661 3483 2713 quem
3521 2662 3718 2698 amore
3752 2646 4046 2713 dignatus

2385 2734 2562 2786 fueris
2614 2731 2909 2803 amplecti,
2962 2731 3221 2786 voluisse
3271 2735 3510 2803 perdere
3555 2735 3830 2787 videaris.
3889 2734 4039 2787 Nam

2381 2825 2428 2877 si
2459 2825 2608 2880 hanc
2641 2823 3034 2876 conditionem
3063 2823 3196 2876 ferri
3230 2824 3428 2877 virtuti
3457 2824 3628 2888 sinis,
3663 2842 3792 2894 quae
3846 2830 4044 2878 tutam

2382 2914 2523 2966 forte
2558 2910 3020 2965 benevolentiam
3059 2912 3466 2980 promeruerit.
3500 2917 3562 2965 ut
3584 2913 3763 2965 vitare
3785 2918 4046 2980 nequeat

2379 3002 2516 3072 quin
2553 3002 2801 3054 dedatur
2832 3001 2980 3055 odiis
3013 3001 3442 3072 improborum,
3477 3003 3772 3073 quodnam
3810 3010 3912 3056 aut
3940 3002 4044 3055 ubi

2380 3099 2668 3146 terrarum
2703 3091 2927 3161 asylum
2963 3092 3173 3145 deinde
3209 3093 3502 3162 reliquum
3550 3094 3627 3148 sit
3680 3093 3911 3145 afflicta:
3978 3110 4044 3146 ac

2382 3181 2672 3236 laboranti
2695 3181 3115 3236 innocentire‘m
3132 3199 3269 3236 nun:
3292 3186 3652 3237 restattanta
3672 3183 3916 3235 fortuna:

2381 3271 2519 3324 vitia
2539 3270 2828 3335 exercitis,
2864 3275 3068 3324 testem
3126 3271 3393 3324 invocare
3449 3271 3540 3324 Dei
3575 3277 3784 3324 cuncta
3819 3271 4037 3323 intime

2376 3360 2766 3429 pervidentem
2826 3359 3086 3414 oculum.
3142 3361 3423 3431 Equidem
3469 3361 3668 3429 hujus,
3713 3358 4035 3430 puritatem

2377 3467 2514 3506 mea:
2555 3450 2925 3504 conscientim
2959 3450 3274 3514 cernentis,
3312 3451 3496 3504 fretus
3546 3451 3887 3520 incorrUpto
3944 3455 4038 3502 te—

2375 3540 2926 3606 sti.nonio,mortem
2946 3540 3134 3610 ipsam
3153 3539 3531 3594 inimicorum
3547 3539 3720 3593 mihil
3739 3541 4037 3594 raudibus

2375 3636 2640 3700 paratam
2675 3631 2862 3684 audeo
2885 3634 3278 3690 contemnere:
3314 3646 3419 3684 nec
3445 3632 3569 3700 jam
3623 3646 3828 3684 recuso
3881 3631 4037 3699 quin

2373 3720 2530 3790 quod
2585 3718 2904 3788 aliquando
2953 3717 3287 3774 necessitati
3331 3724 3550 3773 natura;
3607 3719 3811 3782 debeo,
3866 3717 4042 3772 livori

2376 3806 2818 3877 praevalentium
2867 3807 3284 3862 sceleratorum
3343 3808 3642 3862 exsolvere
3695 3823 3985 3876 occupem
4026 3848 4038 3870 ,

2375 3902 2709 3951 extremum
2775 3897 2985 3963 fatum,
3021 3897 3239 3968 quippe
3296 3898 3396 3968 qui
3455 3898 3639 3953 vitam
3693 3897 4047 3966 impendere

2374 3990 2484 4040 tua:
2527 3985 2726 4055 gloriae
2781 3991 2956 4056 atque
2989 3985 3271 4056 obsequio
3308 3987 3428 4055 jam
3463 3991 3592 4040 tum
3651 4002 3717 4038 ex
3753 4001 3870 4056 quo
3906 3986 4044 4049 tibi,

2371 4084 2630 4148 domine,
2669 4084 2841 4137 fidem
2877 4083 3072 4138 addixi
3110 4101 3323 4152 meam,
3375 4084 3652 4142 omnibus
3708 4084 4039 4137 momentis

2372 4179 2617 4244 paratus
2657 4174 2761 4227 fui.

2444 4303 2487 4354 Il
2506 4300 2714 4354 l.Talia
2730 4317 2941 4370 magna
2960 4300 3612 4369 fiduciaVestigatorem
3635 4305 4040 4369 perorantem,

2369 4391 2753 4461 interpellans
2787 4407 2815 4444 e
2867 4389 3157 4444 militibus
3220 4391 3560 4446 astantibus
3611 4391 3855 4460 quidam
3898 4406 3909 4444 :
3962 4389 4049 4444 Ne

2372 4483 2544 4551 tinge,
2580 4479 2927 4548 Vestigator,
2965 4479 3192 4550 inquit;
3228 4497 3341 4534 non
3376 4485 3429 4534 te
3480 4480 3549 4533 ad
3604 4479 3776 4534 istam
3832 4479 4044 4532 defen-

608 4569 738 4606 ΓιΠΠ
768 4568 944 4606 νοοοΓ
979 4568 989 4604 ⁵
1026 4552 1082 4605 in
1112 4568 1228 4620 (1υο
1252 4567 1384 4605 cum
1422 4549 1608 4604 “luna
1668 4555 1807 4603 sunt
1862 4551 2099 4615 misera»
2135 4557 2257 4604 tum
2296 4598 2341 4660 D
2371 4549 2546 4622 dendi
2610 4549 3058 4622 contentionem,
3105 4569 3368 4622 studium
3445 4569 3599 4638 quod
3664 4565 3920 4621 simulas
3988 4567 4044 4619 in

610 4641 685 4660 ,..,
737 4643 747 4660 .
1296 4656 1418 4660 ____
1464 4640 1733 4660 -.-η----μ
1817 4655 1884 4660 _-
1922 4644 2134 4660 μμη-
2200 4642 2253 4660 J-
2445 4659 2450 4660 ,
2544 4659 2549 4660 ,
2834 4659 2839 4660 ,
3297 4659 3303 4660 ,
3420 4659 3423 4660 ,
3560 4657 3571 4660 -
3656 4659 3661 4660 ,

607 4641 749 4695 illud
788 4642 1083 4695 enimvero
1106 4642 1240 4707 jure
1295 4656 1424 4693 meo
1456 4640 1753 4709 deprecor,
1817 4655 1886 4692 ne
1922 4644 2140 4694 temere
2189 4642 2258 4694 de

605 4749 695 4785 me
727 4731 866 4784 talia
898 4731 1226 4784 credantur.
1256 4728 1603 4797 Exploretur
1634 4729 1798 4798 prius
1834 4744 1946 4792 res,
1988 4729 2258 4798 inquira-

601 4826 698 4874 tur
727 4820 1041 4887 diligenter
1071 4820 1141 4873 de
1184 4819 1438 4889 impacto
1474 4817 1618 4872 mihi
1643 4817 1923 4884 crimine;
1954 4836 2255 4889 nunquam

602 4918 723 4966 tam
759 4911 876 4966 alte
908 4911 1048 4965 latet
1071 4910 1262 4964 scelus
1295 4910 1494 4965 animo
1527 4914 1879 4979 conceptum
1909 4910 2050 4979 quin
2074 4910 2261 4982 legiti-

608 5001 720 5053 mis
740 4999 1224 5069 indagationibus
1246 4997 1516 5052 eliciatur
1534 4997 1770 5051 tandem
1795 5013 1862 5052 ac
1885 4998 2262 5068 protrahatur

603 5092 657 5142 in
698 5090 908 5143 lucem:
947 5104 1082 5142 nam
1116 5093 1171 5142 et
1205 5087 1572 5157 penitissime
1624 5088 1940 5143 abstrusus
1987 5088 2044 5142 in
2096 5089 2258 5145 venis

605 5179 837 5232 silicum
874 5178 1060 5249 perito
1089 5179 1295 5232 attritu
1346 5177 1499 5248 ignis
1553 5177 1940 5247 exsculpitur,
1977 5182 2029 5232 et
2080 5196 2256 5249 quam

604 5285 775 5322 nemo
819 5269 1226 5336 suspicaretur
1284 5267 1474 5320 inesse
1534 5266 1789 5336 putridis
1826 5264 2002 5336 lignis
2050 5269 2258 5324 artifex

603 5358 866 5412 ati'rictus
901 5359 1118 5412 excitat
1155 5357 1478 5412 flammam.
1533 5356 1788 5410 Omnino
1834 5359 1881 5410 si
1933 5358 2072 5427 quid
2124 5375 2258 5414 con-

601 5448 846 5502 scientia
882 5454 1054 5518 turpe
1089 5447 1418 5512 abscondit,
1454 5447 1630 5500 odore
1655 5461 1715 5499 se
1747 5445 1838 5499 sui
1869 5447 2260 5515 prodet,certa

600 5539 877 5591 methodo
913 5539 966 5590 in
1013 5539 1143 5605 ejus
1187 5535 1586 5606 exploratione
1634 5535 2046 5591 versantibus:
2101 5538 2256 5594 haud

597 5629 766 5681 aliter
799 5645 865 5681 ac
899 5629 1300 5698 graveolcntes
1336 5632 1544 5680 natura
1577 5643 1684 5680 sua
1718 5631 1892 5693 feces,
1940 5627 2077 5682 dum
2132 5647 2258 5700 per-

595 5723 717 5775 stat
751 5719 1037 5774 immotus
1069 5717 1162 5773 cui
1225 5715 1483 5771 subsunt
1542 5715 1756 5786 liquor,
1792 5714 2025 5771 narium
2081 5725 2258 5781 etiam

2373 4659 2717 4730 principem,
2749 4659 2848 4713 sed
2903 4676 3045 4713 cura
3076 4659 3308 4728 tegendi
3343 4659 3426 4713 tui
3461 4657 3699 4713 sceleris
3763 4664 3819 4712 et
3853 4674 4046 4728 poma:

2368 4765 2540 4820 quam
2575 4764 2636 4802 es
2699 4748 2942 4804 meritus
2985 4767 3018 4803 a
3073 4755 3172 4803 tuo
3226 4749 3416 4820 capite
3475 4748 3744 4802 arcenda:
3798 4747 4042 4800 incitat.

2369 4836 2561 4903 Salus,
2595 4838 2858 4907 inquam,
2894 4843 2998 4893 tua
3040 4839 3295 4910 propria,
3358 4855 3470 4893 non
3525 4837 3684 4892 zelus
3739 4837 4048 4907 obsequii,

2370 4932 2471 4982 aut
2504 4927 2826 4982 reverentia
2859 4929 3209 4998 majestatis,
3241 4935 3294 4984 te
3319 4929 3604 4982 disertum
3631 4928 3687 4981 in
3715 4926 3824 4981 hac
3857 4943 4049 4981 causa

2370 5017 2529 5072 facit.
2565 5016 2730 5070 Hunc
2759 5017 3154 5072 audacissimo
3190 5019 3376 5089 ﬁgens
3435 5019 3647 5072 obtutu
3676 5015 4045 5086 Vestigator,

2370 5107 2492 5160 Non
2531 5111 2585 5160 te
2637 5107 2838 5177 pudet,
2895 5107 3106 5178 inquit,
3161 5106 3514 5162 stultissime
3567 5106 3923 5171 viventium,
3981 5121 4048 5159 eo

2373 5197 2678 5252 mortalem
2713 5196 3039 5262 criminari,
3074 5197 3229 5268 quod
3265 5202 3478 5252 natura
3538 5196 3822 5250 omnibus
3889 5196 4049 5250 lucis

2372 5302 2614 5340 usuram
2672 5285 3164 5356 participantibus
3223 5285 3350 5357 lege
3410 5285 3831 5356 antiquissima
3893 5301 4050 5356 ιπερ-

2370 5375 2636 5444 scripsit?
2669 5378 2830 5430 Itane
2879 5380 2978 5430 tuo
3022 5375 3249 5446 judicio
3311 5375 3635 5431 sceleratus
3686 5392 3845 5438 sum,
3906 5375 4052 5446 quia

2371 5464 2645 5532 salutem,
2678 5480 2793 5534 quo
2829 5481 3068 5533 possum
3104 5464 3586 5536 prmsidio,tutari
3614 5480 3806 5518 meam
3833 5479 4046 5527 conor,

2371 5554 2523 5624 quod
2560 5553 2606 5607 si
2643 5570 2768 5624 qurc
2801 5553 3198 5608 animantium
3235 5553 3289 5607 in
3338 5553 3524 5608 multo
3558 5554 3772 5608 minori
3828 5553 4048 5607 discri-

2374 5659 2530 5698 mine
2564 5659 2678 5697 non
2715 5644 2909 5713 faciat,
2945 5643 3222 5698 omnibus
3265 5645 3410 5698 orba
3469 5645 3770 5707 sensibus,
3804 5648 3862 5696 et
3931 5644 4050 5696 vita

2372 5733 2620 5802 indigna
2679 5733 3020 5788 censeatur?
3078 5733 3251 5806 Atqui
3308 5734 3393 5789 sic
3455 5733 3625 5800 habe,
3691 5749 4046 5788 mensuram
