4248 6442
216 382 337 438 1ῗ85

1204 385 1566 437 8ΡΕΟΙΜΒΝ
1609 380 2009 435 SAPIENTIB
2046 384 2379 437 INDORUM
2423 385 2580 438 ViuT.

3456 390 3599 444 1256

214 506 553 562 fortitudinis
583 506 640 560 in
674 506 995 561 amicorum
1040 510 1095 561 et
1153 505 1527 560 dominorum
1561 502 1837 574 periculis
1867 506 1919 569 Α
1952 505 2189 559 modum
2226 522 2237 558 :
2272 504 2431 560 Paris
2468 506 2665 576 ﬂagitii
2701 508 3034 564 viderentur
3066 511 3143 564 rei
3179 512 3275 582 qui
3324 515 3599 583 mysteria

214 598 275 651 ab
303 598 493 667 aliquo
550 597 873 667 sperandae,
905 612 974 651 ex
1013 597 1278 664 ejusdem
1333 612 1436 665 pro
1489 610 1597 648 suo
1656 593 1844 663 ipsius

215 686 383 756 capite
414 686 733 740 certamine
766 685 919 740 sumi
953 685 1191 749 debere;
1229 700 1333 739 nec
1384 699 1587 753 regum
1640 698 1845 752 quem-

216 791 373 844 quam
458 780 814 845 exspectare,
875 773 923 827 si
983 773 1223 855 quidem
1296 772 1507 843 sapiat,
1599 769 1843 825 militem

216 864 460 933 quemvis
491 881 665 918 suum
692 866 747 917 in
783 864 927 927 acie,
962 879 1069 918 sua
1102 879 1279 917 causa
1304 861 1391 917 vel
1427 861 1684 933 publica,
1736 876 1845 931 pu-

216 954 443 1024 gnacius
476 953 895 1007 dimicaturum
937 969 1113 1023 quam
1172 952 1323 1005 idem
1372 949 1557 1005 soleat
1588 950 1644 1003 in
1677 965 1844 1003 occa-

216 1041 468 1097 sionibus
502 1043 713 1097 salutis
749 1042 993 1112 propriae
1040 1058 1072 1095 a
1120 1041 1357 1096 casibus
1411 1040 1643 1094 infestis
1674 1054 1845 1107 expc-

214 1133 427 1187 diendae
450 1148 795 1202 repugnare.
820 1131 1133 1185 'l‘acuisses
1156 1146 1291 1201 ergo
1319 1128 1647 1184 consultius
1671 1144 1846 1198 quam

216 1222 315 1276 ista
335 1222 538 1277 insana
562 1221 915 1291 professione
934 1227 1044 1274 tuae
1064 1220 1581 1289 contemptissima:
1607 1216 1847 1281 inertia),

215 1310 392 1381 palam
456 1312 608 1381 quod
649 1310 859 1372 fecisti,
920 1309 1302 1373 declarasscs,
1348 1314 1400 1361 te
1459 1324 1563 1362 nec
1625 1305 1849 1360 fidelem

216 1401 540 1465 subditum,
580 1418 683 1455 nec
720 1402 954 1454 firmum
992 1402 1273 1465 amicum,
1326 1415 1428 1453 nec
1470 1399 1677 1452 fortem
1726 1413 1854 1451 esse

218 1492 475 1560 militem,
512 1490 777 1561 nihilque
809 1492 1043 1545 demum
1077 1489 1234 1543 aliud
1288 1504 1463 1558 quam
1501 1487 1852 1541 vilissimum

218 1580 567 1650 mancipium
603 1578 978 1649 injustissimi
1012 1584 1188 1649 atque
1221 1576 1585 1649 ignavissimi
1634 1574 1853 1629 livoris.

218 1686 324 1739 quo
355 1669 544 1723 efferri
578 1673 632 1724 te
666 1669 962 1723 levissime
995 1669 1076 1722 sis
1110 1685 1320 1738 passus
1354 1669 1409 1721 in
1441 1666 1586 1719 hanc
1621 1665 1860 1736 probro-

219 1759 516 1814 sissimam
576 1764 688 1812 tua:
748 1759 936 1828 ipsius
994 1757 1420 1811 confessionem
1452 1754 1790 1826 ignominia:
1844 1770 1854 1805 :

1953 610 2064 647 non
2101 595 2353 649 initiatis
2388 595 2932 667 vulgat,muliebres
2967 616 3157 654 mores
3191 601 3595 668 \‘irall‘ecluns,

1955 682 2374 739 muliervirum
2400 686 2703 753 simulans,
2746 686 2959 759 hospes
2982 706 3043 744 se
3068 707 3170 760 pro
3194 692 3432 746 domino
3469 692 3596 762 ejus

1953 771 2011 825 in
2045 789 2162 842 qua
2194 776 2453 843 precario
2477 776 2820 845 diversatur,
2846 778 3059 833 domus
3085 782 3272 834 ferens
3305 796 3316 835 :
3345 782 3598 853 denique

1954 862 2054 930 qui
2084 862 2201 931 regi
2235 862 2304 916 de
2339 864 2429 917 his
2462 866 2773 935 respondet
2824 868 2892 919 de
2944 868 3159 937 quibus
3192 886 3302 924 non
3355 872 3599 925 interro-

1955 954 2146 1018 gatur.
2183 950 2343 1004 'l‘alia
2373 953 2726 1021 garrientem
2773 972 3007 1009 rursum
3042 956 3425 1028 interpellans
3449 960 3603 1028 regPS

1959 1046 2144 1093 mater
2178 1056 2189 1092 :
2225 1042 2363 1109 Age,
2421 1042 2632 1112 inquit,
2694 1043 2785 1096 his
2848 1044 3144 1099 tralatitiis
3179 1046 3323 1101 nihil
3357 1050 3423 1102 ad
3480 1066 3601 1103 rem

1962 1128 2310 1182 facientibus
2342 1131 2600 1196 omissis,
2636 1131 2727 1186 die
2757 1134 2965 1203 ecquid
3002 1139 3248 1197 sentias,
3280 1137 3514 1206 quantis
3549 1144 3603 1192 te

1960 1217 2281 1273 sceleribus
2311 1218 2758 1290 inquinaveris?
2783 1223 2857 1276 Ad
2891 1240 2953 1275 ea
3016 1225 3343 1295 Vcstigator
3368 1246 3378 1282 :
3403 1230 3507 1292 Qui
3542 1247 3602 1284 se

1960 1305 2090 1359 istis
2122 1324 2251 1376 quae
2273 1309 2359 1362 ais
2387 1309 2706 1365 sceleribus
2727 1311 3014 1382 inquinat,
3044 1316 3261 1369 nemini
3291 1317 3599 1372 benevolus

1961 1405 2041 1448 est
2082 1397 2297 1451 nullam
2331 1399 2687 1468 operationis
2721 1402 2972 1465 nefaria),
3030 1405 3098 1456 ad
3151 1421 3328 1474 quam
3380 1411 3602 1477 qua-vis

1965 1484 2144 1537 libido
2205 1486 2522 1555 impulerit,
2560 1487 2747 1543 labem
2804 1496 3125 1545 aversatur.
3180 1494 3265 1546 Me
3326 1512 3421 1548 rex
3481 1497 3603 1566 ipse

1964 1574 2174 1627 fatetur
2204 1574 2313 1628 sibi
2348 1575 2691 1631 benevolum
2730 1578 2909 1632 fuisse
2964 1596 2975 1632 :
3020 1582 3367 1637 innocentiae
3408 1591 3603 1639 autem

1966 1679 2103 1716 mea:
2138 1668 2353 1717 caetera;
2389 1670 2471 1719 tot
2502 1670 2680 1720 testes
2724 1667 3055 1724 habeantur
3112 1676 3255 1741 quot
3311 1680 3449 1727 sunt
3508 1674 3607 1744 qui

1965 1751 2108 1805 nihil
2133 1769 2223 1807 me
2243 1755 2762 1825 agereimprobum
2787 1759 3241 1814 viderunt.Nond
3258 1780 3349 1815 uin
3372 1763 3487 1816 hrcc
3509 1766 3606 1818 ali-

220 1862 549 1929 postquam
584 1856 821 1926 spoliari
857 1856 1135 1910 continuo
1157 1870 1455 1909 merueras
1486 1854 1619 1907 istis
1650 1853 1854 1917 armis,
1888 1866 1935 1929 B
1965 1840 2234 1907 solverat,
2255 1860 2386 1896 cum
2432 1845 2648 1914 regina,
2679 1846 2758 1901 Nc
2785 1864 3006 1916 speres,
3030 1850 3133 1915 ait,
3168 1850 3607 1921 scelestissimc,

224 1946 346 2001 istis
378 1945 717 2017 insignibus
742 1944 1007 1999 muneris
1038 1943 1281 2014 publici,
1316 1948 1371 1997 et
1403 1943 1474 1997 ab
1525 1942 1659 1996 ostii
1714 1940 1857 2011 regii

220 2035 497 2101 custodia,
534 2034 630 2088 ubi
666 2033 859 2088 locum
891 2032 1149 2087 melioris
1182 2033 1462 2102 indignus
1496 2047 1769 2101 occupas,
1797 2034 1862 2084 ut

222 2124 461 2178 infidum
492 2130 670 2193 atque
702 2122 934 2177 imbelle
959 2138 1135 2192 pecus
1184 2121 1358 2190 abigi.
1384 2121 1537 2175 lctus
1562 2120 1861 2188 inopinata

221 2212 667 2283 reprehensione
703 2210 893 2279 miles,
925 2216 1265 2265 cunctorum
1294 2211 1419 2291 jam
1453 2208 1637 2263 oculis
1663 2208 1858 2278 ipsum

221 2302 551 2371 figentibus,
612 2300 819 2371 plenus
881 2301 1161 2354 dedecore
1221 2297 1461 2353 recessit
1489 2298 1858 2351 erubescens.

221 2392 458 2456 Quando
489 2389 841 2445 exsultantis
864 2406 982 2444 sua:
1014 2386 1390 2459 impudentiae
1423 2403 1697 2441 successu
1722 2386 1860 2441 Ves-

222 2481 482 2549 tigatoris
512 2480 825 2535 retundere
878 2479 1295 2533 conﬁdentiam
1346 2478 1498 2549 regis
1551 2482 1736 2530 mater
1769 2492 1862 2529 vo-

222 2571 366 2635 lens,
401 2570 581 2624 Miror
611 2576 771 2623 tuam
834 2569 1044 2642 inquit,
1078 2585 1110 2622 ο
1143 2568 1497 2638 Vestigator,
1558 2567 1862 2620 etl'rontem

220 2661 546 2726 audaciam,
594 2675 710 2728 qua
768 2663 927 2712 totus
987 2657 1276 2712 conflatus
1336 2672 1404 2710 ex
1462 2654 1698 2719 scelere,
1750 2671 1861 2708 non

222 2748 457 2803 dubitas
477 2747 613 2801 huic
632 2746 1071 2818 sapientissimo
1095 2746 1420 2814 consessui,
1448 2752 1503 2799 te
1529 2762 1630 2815 pro
1652 2742 1865 2797 insonti

222 2838 603 2901 venditando,
638 2838 837 2891 fucum
872 2834 1384 2906 impudentissime
1427 2836 1612 2889 facere
1644 2832 1864 2888 conari.

222 2936 301 2991 Ne
334 2937 442 2990 hoc
472 2936 708 3006 quidem
768 2940 887 2989 tam
945 2949 1089 2989 acra:
1135 2938 1304 2988 tantae
1340 2949 1598 3004 personae
1642 2931 1865 2985 dictum

221 3025 593 3087 conturbavit
622 3028 898 3095 argutum
943 3021 1318 3089 nebulonem,
1371 3027 1433 3076 ut
1491 3038 1605 3076 non
1666 3020 1867 3074 statim

221 3114 510 3186 intrepide
544 3118 895 3185 reponeret:
932 3112 1123 3167 Altero
1178 3113 1479 3181 nimirum,
1529 3128 1561 3164 ο
1607 3109 1868 3173 domina,

226 3220 317 3259 me
394 3204 715 3257 etiamnum
790 3202 1038 3257 intueris
1097 3201 1287 3271 oculo,
1347 3201 1447 3271 qui
1508 3198 1873 3255 calumniosa

224 3293 567 3364 praajudicia
598 3292 926 3363 grassantis
961 3291 1019 3346 in
1052 3296 1319 3345 nostrum
1346 3290 1585 3345 exitium
1616 3289 1872 3356 invidias,

225 3382 534 3451 caliginem
562 3382 919 3437 effuderunt.
942 3384 1023 3436 Tu
1052 3395 1184 3435 vero
1208 3380 1361 3445 vide,
1393 3396 1464 3434 an
1492 3395 1606 3433 non
1631 3378 1876 3449 dignum

226 3472 425 3543 potius
459 3470 636 3526 fuerit
666 3472 779 3526 ista
807 3470 994 3525 aetatis
1045 3474 1101 3524 et
1150 3468 1476 3524 nobilitatis
1508 3468 1877 3523 auctoritate.

231 3570 688 3643 periclitantium
767 3570 963 3624 causis
1042 3573 1222 3622 totam
1284 3576 1338 3623 et
1398 3567 1644 3625 liberam
1703 3582 1879 3637 aequae

229 3660 448 3714 mentis
470 3660 655 3714 aciem
679 3660 997 3726 advertere,
1039 3656 1609 3729 circumspicereque
1644 3670 1880 3710 omnem

228 3750 290 3803 in
328 3753 552 3820 partem
584 3752 818 3815 cuncta,
852 3763 917 3801 ac
946 3747 1175 3801 nullum
1227 3744 1541 3816 vestigium
1588 3742 1883 3815 negligere

228 3838 578 3908 indagandae
637 3836 901 3892 veritatis
949 3850 964 3889 :
1012 3835 1117 3900 rei,
1188 3833 1331 3888 heu!
1384 3833 1558 3888 hodie
1615 3833 1881 3888 omnium

220 3926 612 3991 exosissimaa,
644 3942 823 3996 quam
857 3928 922 3979 ut
952 3925 1211 3996 impune,
1247 3922 1330 3977 sic
1381 3922 1623 3993 passim,
1679 3937 1882 3976 omnes

218 4020 590 4082 aversantur,
617 4000 825 4069 omnes
856 4014 1041 4068 libere
1062 4017 1428 4084 oppugnant;
1447 4011 1709 4082 rege,qui
1728 4027 1883 4064 unus

218 4110 424 4177 posset
450 4103 1284 4169 obsistere,connivente,dum
1312 4118 1427 4173 prae
1471 4100 1654 4155 nimia
1691 4099 1882 4154 facili-

214 4200 341 4249 tate
372 4210 438 4249 ac
472 4193 857 4263 benignitatis
890 4192 1256 4247 ostentandae
1288 4191 1511 4258 studio,
1559 4189 1787 4245 nullum
1824 4193 1881 4245 in

218 4284 447 4339 malum
482 4299 732 4355 pronum
766 4281 1185 4336 comminando
1216 4280 1532 4345 deterrere,
1587 4280 1883 4334 neminem

213 4378 593 4443 compertum
609 4372 855 4442 neglecti
874 4369 1051 4426 officii
1066 4369 1358 4440 castigare
1375 4370 1742 4441 objurgando
1758 4385 1886 4423 sus-

208 4467 388 4517 tinet.
406 4467 525 4516 Hac
548 4460 936 4532 Vestigatoris
960 4459 1231 4514 libertate
1257 4459 1486 4514 irritata
1508 4458 1791 4527 majorem
1824 4458 1883 4511 in

210 4553 465 4606 modum
491 4550 645 4622 regis
672 4554 878 4605 mater.
923 4548 1150 4613 Videte,
1192 4548 1410 4619 inquit,
1442 4548 1551 4603 hoc
1581 4547 1878 4618 nequissi-

198 4658 353 4696 mum
370 4645 428 4695 et
443 4639 968 4695 sceleratissimum
987 4643 1359 4709 caput.utom
1372 4638 1532 4692 nium
1548 4638 1877 4708 flagitorum
1914 4612 1959 4676 D

208 4731 591 4786 deformatus
615 4729 864 4785 maculis
897 4734 953 4783 et
983 4728 1472 4800 gravissimorum
1500 4732 1730 4783 tantum
1767 4745 1878 4781 non

200 4829 520 4885 convictus
554 4828 901 4892 criminum,
932 4834 1127 4883 tamen
1191 4828 1369 4882 audet
1417 4826 1589 4882 istam
1640 4828 1882 4881 menda-

213 4921 454 4975 ciorum
489 4920 775 4974 artificem
811 4917 1080 4988 linguam
1138 4933 1427 4987 exserere,
1485 4932 1591 4972 nec
1649 4916 1884 4972 dubitat

202 5015 711 5079 argumentorum
748 5008 1040 5076 inanium,
1066 5013 1168 5062 aut
1201 5006 1397 5077 potius
1447 5005 1879 5078 sophismatum

200 5096 1173 5167 vanissimorum,captiosissimis
1200 5094 1429 5167 laqueis
1461 5095 1764 5167 implicare
1787 5112 1882 5151 co-

203 5189 346 5242 nari
382 5187 711 5254 veritatem,
741 5203 805 5242 eo
843 5202 1052 5256 usque,
1090 5193 1155 5240 ut
1185 5201 1317 5240 cum
1356 5184 1573 5255 injuria
1599 5184 1881 5240 intolera-

202 5278 317 5333 bili
354 5282 441 5331 tot
472 5276 804 5346 sapientum
834 5276 923 5330 hic
950 5274 1421 5346 praesentium,se
1444 5272 1539 5328 his
1562 5274 1880 5345 praestigiis

199 5371 418 5439 speret
444 5383 508 5421 os
540 5365 839 5421 sublinere
895 5363 1174 5421 omnibus
1233 5380 1425 5436 posse.
1484 5363 1609 5418 Non
1655 5362 1883 5420 inultus

196 5458 370 5510 hanc
401 5460 522 5510 tam
556 5471 819 5510 amaram
873 5454 1337 5525 increpationem
1389 5452 1609 5507 ardelio
1656 5453 1878 5524 impro-

195 5546 509 5602 bissimus
538 5545 782 5600 audivit.
814 5543 922 5599 Per
952 5544 1229 5614 ambages
1253 5542 1409 5597 enim
1433 5543 1717 5614 quasdam
1738 5543 1885 5598 obli-

220 5654 349 5709 que
404 5636 811 5708 perstringens
853 5634 1137 5705 reginam,
1173 5632 1549 5704 generalibus
1580 5634 1888 5690 sententiis

194 5725 658 5797 declamandis,
720 5724 1033 5781 audientiae
1112 5721 1300 5776 illusit
1357 5720 1415 5775 in
1471 5720 1629 5777 hunc
1703 5726 1887 5784 ferme

1969 1935 2023 1984 te
2056 1931 2161 1985 hac
2196 1933 2558 2003 impudentia
2591 1936 3058 1991 mendacissimm
3103 1940 3462 1996 defensionis
3494 1944 3609 1996 vrri

1961 2019 2168 2089 judicii
2199 2022 2561 2077 severitatem
2597 2024 2918 2080 elusurum.
2946 2029 3025 2081 Ad
3066 2028 3171 2083 hoc
3196 2030 3368 2085 solita
3397 2032 3611 2104 lingum

1970 2111 2436 2181 promptitudine
2512 2115 2771 2183 reposuit
2850 2116 3199 2186 Vestigator,
3281 2121 3385 2183 Qui
3466 2123 3611 2177 falsa

1972 2200 2521 2265 comminiscuntur,
2572 2203 2669 2272 qui
2725 2206 2973 2261 scientes
3031 2210 3101 2260 ab
3161 2225 3327 2279 aequo
3385 2218 3440 2266 et
3480 2214 3613 2281 jure

1972 2288 2290 2352 declinant,
2353 2290 2569 2361 quibus
2645 2293 2713 2346 ad
2806 2297 3175 2364 purgandum
3241 2299 3611 2358 innocentem

1974 2377 2229 2448 impacto
2281 2396 2382 2448 per
2436 2380 2793 2437 calumniam
2855 2386 3103 2441 crimine
3154 2405 3256 2443 nec
3305 2392 3479 2445 verba
3514 2410 3615 2447 nec

1973 2485 2143 2538 Opera
2188 2470 2513 2537 sufficiunt,
2540 2472 2693 2539 paris
2725 2489 2930 2527 omnes
2984 2476 3287 2546 injustitire
3320 2484 3613 2551 tenentur,

1974 2558 2131 2612 Inter
2164 2558 2283 2611 lucc
2318 2560 2573 2628 prudens
2609 2562 2808 2632 regina
2838 2563 3008 2618 silere
3037 2565 3263 2623 leonem
3288 2570 3509 2633 videns,
3562 2582 3619 2628 et

1977 2648 2189 2701 merito
2221 2649 2400 2701 verita
2422 2666 2493 2702 ne
2527 2667 2625 2719 per
2661 2652 2835 2706 fricta:
2868 2654 3072 2709 frontis
3097 2661 3400 2727 przcsentis
3433 2663 3612 2717 animi

1977 2742 2031 2791 et
2046 2736 2240 2791 multa:
2257 2740 2479 2792 astutia:
2506 2740 2714 2794 nebulo
2740 2744 2935 2797 fucum
2962 2744 3042 2797 illi
3073 2748 3305 2818 faceret,
3338 2754 3619 2806 accedens

1982 2825 2099 2881 filio
2133 2827 2188 2880 in
2224 2844 2421 2882 aurem
2460 2835 2722 2884 materna
2767 2834 3114 2889 auctoritate
3146 2842 3466 2910 suggessit,
3502 2844 3551 2896 lit
3578 2846 3617 2897 ri

1981 2931 2152 2985 posse
2185 2921 2246 2969 ut
2273 2917 2371 2986 qui
2406 2923 2517 2971 tam
2545 2925 2880 2975 constanter
2910 2940 3104 2977 coram
3133 2943 3263 2998 rege
3297 2945 3361 2981 ac
3414 2939 3621 2987 senatu

1983 3022 2086 3076 pro
2119 3021 2178 3057 se
2210 3006 2400 3059 dicere
2433 3007 2692 3075 auderet,
2728 3026 2924 3065 revera
2949 3014 3246 3081 innocens,
3270 3024 3422 3073 esset
3445 3038 3626 3091 quare

1982 3094 2162 3148 videri
2213 3096 2566 3150 sumendum
2614 3099 2871 3168 spatium
2907 3104 3314 3162 examinandis
3361 3112 3625 3165 testimo-

1984 3184 2116 3238 niis.
2154 3185 2231 3238 Eo
2264 3201 2357 3239 rex
2389 3186 2586 3241 audito
2620 3187 2807 3256 palam
2844 3194 3261 3261 pronuntiavit,
3306 3200 3517 3267 jubere
3566 3219 3627 3256 sc

1987 3273 2047 3327 in
2101 3274 2411 3344 prazsentia
2458 3275 2881 3347 Vestigatorem
2915 3284 3195 3338 custodia:
3245 3288 3412 3353 tracti,
3448 3290 3630 3345 donec

1990 3368 2253 3418 accurate
2281 3369 2403 3419 tota
2432 3382 2609 3420 causa
2640 3376 3044 3436 cognoscatur.
3079 3375 3349 3445 Conjecto
3384 3395 3514 3433 mox
3537 3398 3631 3435 reo

1989 3452 2045 3505 in
2081 3469 2393 3519 carcerem,
2429 3456 2573 3510 adiit
2623 3458 2845 3513 leonem
2908 3471 3108 3531 mater,
3156 3469 3211 3519 et
3270 3467 3319 3518 ei
3363 3470 3632 3523 confessa

1990 3547 2078 3597 est
2108 3560 2169 3597 se
2201 3560 2328 3614 quae
2360 3545 2430 3599 de
2467 3547 2827 3615 Vestigatore
2876 3550 3190 3618 detulerat,
3235 3570 3302 3609 ex
3359 3556 3633 3629 leOpardo

1990 3636 2137 3685 teste
2170 3633 2360 3686 aurito
2393 3635 2766 3705 cognovisse;
2823 3640 2995 3709 hujus
3050 3642 3308 3710 probitas
3341 3662 3514 3725 quam
3552 3648 3632 3702 illi

1990 3726 2146 3776 esset
2174 3729 2477 3797 perspecta
2508 3725 2656 3779 scire
2680 3742 2828 3792 sese,
2864 3746 3033 3799 posse
3058 3730 3220 3786 illum
3264 3733 3633 3807 interrogari,

1992 3820 2198 3865 cuncta
2253 3812 2587 3868 distinctius
2623 3815 3040 3874 indicaturum.
3069 3822 3151 3876 Ad
3180 3839 3247 3877 ea
3279 3822 3387 3889 leo,
3422 3826 3638 3881 Secura

1969 3900 2096 3968 .sis,
2131 3904 2338 3967 mater,
2373 3902 2485 3969 ait;
2520 3904 2633 3957 cito
2685 3906 2910 3962 videbis
2961 3910 3164 3979 judice
3192 3928 3285 3967 me
3318 3931 3430 3969 non
3479 3916 3638 3972 abire

1970 3988 2281 4059 ,impunita
2314 3993 2553 4049 scelera.

2068 4115 2155 4171 ιν.
2190 4115 2367 4170 Nocte
2401 4117 2662 4181 insecuta
2692 4122 2965 4177 convenit
3000 4126 3422 4197 Vcstigatorem
3466 4130 3636 4187 Coro-

1995 4210 2189 4275 natus,
2223 4210 2277 4259 et
2304 4206 2562 4262 vinetum
2598 4226 2727 4265 eum
2753 4227 3019 4279 cernens,
3042 4231 3154 4270 non
3182 4215 3307 4271 sine
3340 4218 3637 4292 lacrymis,

1994 4295 2322 4350 Evenerunt
2359 4314 2566 4370 nempe
2629 4300 2840 4376 inquit,
2892 4320 3017 4374 qua:
3076 4305 3181 4359 tibi
3242 4308 3640 4378 praedixeram.

1992 4383 2076 4437 Tu
2108 4391 2330 4453 autem,
2363 4402 2513 4443 casco
2554 4393 2637 4443 tui
2670 4407 2867 4446 amore
2922 4409 2987 4447 ac
3037 4396 3396 4465 praeﬁdentia
3426 4397 3639 4466 elatus,

1993 4476 2413 4531 contemnebas
2445 4493 2590 4532 sana
2624 4480 2862 4545 monita,
2894 4487 2952 4537 et
2982 4483 3480 4553 denuntiationes,
3515 4506 3640 4559 qua}

1993 4578 2170 4631 quam
2233 4581 2378 4619 verae
2429 4566 2645 4622 fuerint
2721 4586 2846 4625 sero
2905 4571 3159 4643 denique
3219 4592 3375 4629 nunc
3433 4579 3639 4631 sentis.

1999 4653 2325 4724 Respondit
2381 4656 2714 4729 Vestigator
2772 4677 2784 4714 :
2846 4660 2992 4716 Vera
3076 4665 3417 4734 exprobras,
3496 4668 3643 4724 nihil

1997 4742 2101 4797 tibi
2165 4746 2458 4812 relictum,
2516 4765 2547 4801 ο
2602 4749 2809 4818 amice,
2869 4756 3003 4809 est:
3079 4754 3441 4811 admonuisti
3526 4758 3645 4812 uti-

1994 4830 2074 4887 lia
2135 4833 2546 4898 interminatus
2602 4854 2665 4893 es
2722 4855 2879 4894 vera.
2931 4841 3047 4913 Ego
3106 4848 3305 4899 autem
3366 4863 3482 4901 non
3543 4848 3649 4901 ob-

1998 4925 2315 4993 temperavi
2375 4925 2501 4992 tibi,
2563 4927 2933 4999 inexplebilis
3005 4933 3340 5003 cupiditatis
3420 4936 3651 4991 insania

2002 5012 2181 5067 miser
2208 5013 2599 5071 dementatus.
2652 5022 2871 5074 Passus
2904 5020 3059 5076 enim
3094 5039 3265 5078 suum
3301 5025 3457 5080 idem
3491 5030 3645 5096 quod

1995 5100 2456 5173 intemperantes
2510 5107 2669 5177 aegri,
2731 5110 2831 5179 qui
2894 5109 3030 5166 licet
3071 5113 3314 5184 experti,
3348 5116 3507 5187 gravi
3542 5134 3648 5171 suo

1996 5193 2234 5260 damno,
2267 5194 2382 5248 vim
2416 5194 2743 5252 maleficam
2779 5199 3098 5256 insalubris
3128 5202 3241 5257 cibi
3297 5208 3487 5259 tamen
3522 5208 3650 5275 ejus

1999 5280 2489 5339 malesuadavicti
2521 5285 2854 5356 dulcedine,
2899 5306 3011 5345 non
3046 5306 3106 5345 se
3132 5294 3437 5347 continent
3484 5296 3555 5347 ab
3585 5312 3650 5349 eo

1998 5374 2380 5442 regustando.
2470 5374 2560 5430 Me
2617 5393 2750 5432 vero
2805 5395 2962 5433 nunc
3020 5379 3079 5434 in
3143 5380 3252 5437 has
3339 5385 3650 5455 angustias

1997 5461 2303 5517 redactum
2365 5480 2477 5518 non
2538 5481 2667 5520 mea
2727 5467 2943 5533 solum,
3030 5486 3208 5540 quam
3272 5471 3446 5542 culpa
3506 5473 3653 5527 mihi

1995 5550 2272 5607 accersivi
2331 5553 2593 5625 propria,
2650 5554 2957 5611 calamitas
3017 5560 3196 5631 angit,
3268 5562 3366 5617 sed
3459 5568 3655 5617 metus

1998 5645 2280 5710 prmterea
2340 5642 2653 5698 conturbat
2682 5645 2753 5699 de
2796 5650 2850 5700 te
2896 5663 2965 5702 ne
3005 5647 3290 5705 innocens
3347 5651 3658 5706 involv:.ris

2002 5745 2133 5787 meo
2196 5730 2468 5788 crimine.
2534 5732 2785 5789 Pronum
2844 5736 3001 5792 cnim
3064 5738 3216 5793 factu
3278 5745 3385 5809 est,
3431 5745 3669 5812 propter
