4248 6442
678 387 816 441 1287

2173 382 2405 435 ΔΡΡΕΝ
2412 382 2554 433 DIX.

3948 384 4080 437 1288

682 518 875 568 notam
908 512 1061 565 inter
1095 528 1198 565 nos
1244 509 1587 578 amicitiam,
1633 513 1696 562 ut
1747 508 1845 579 qui
1902 524 1992 560 me
2026 505 2321 576 perditum
2353 511 2405 574 Α
2438 506 2809 561 excruciatur
2832 506 2961 576 ejus
2984 508 3239 575 animus,
3267 524 3371 561 nec
3393 508 3606 579 quietis
3638 524 3841 581 capere
3866 516 4083 582 partem

678 602 946 672 cupiunt,
980 617 1047 654 ex
1097 605 1152 655 te
1199 616 1393 655 rerum
1426 600 1689 653 omnium
1742 598 1980 650 conscio
2036 610 2325 663 mearum,

676 690 1082 745 testimonium
1154 692 1438 743 conentur
1498 693 1863 757 extorquere,
1925 700 1991 738 ac
2048 689 2153 737 tua
2215 682 2329 735 fide

678 780 980 850 cupiditati
1017 795 1218 833 eorum
1252 795 1366 833 non
1414 778 1797 848 obsequente,
1844 780 1961 829 tam
1996 774 2139 827 diris
2174 789 2239 827 ex
2274 777 2330 827 te

678 868 1099 938 quaestionibus
1158 869 1311 939 quod
1374 884 1465 922 me
1532 871 1733 937 gravet
1804 863 2061 932 eliciant,
2124 866 2186 915 ut
2266 866 2327 913 tu

679 956 1040 1011 cruciatibus
1105 959 1532 1009 tormentorum
1592 958 1855 1017 enectus,
1925 967 2031 1021 ego
2092 948 2328 1003 indiciis

678 1045 969 1116 expressis
1042 1043 1365 1115 quaestione
1451 1042 1772 1107 convictus,
1863 1039 2078 1109 pariter
2157 1038 2328 1091 ambo

679 1150 1009 1204 pereamus.
1074 1132 1398 1203 Respondit
1454 1131 1779 1184 Coronatus
1817 1144 1827 1181 :
1862 1132 1976 1181 Hoc
2028 1128 2222 1197 ipsum
2274 1131 2330 1179 et

675 1240 780 1290 ego
839 1222 1060 1292 providi
1120 1223 1405 1284 futurum,
1439 1226 1495 1273 et
1559 1226 1755 1273 metuo
1790 1235 1904 1271 non
1944 1217 2133 1285 magis
2183 1216 2324 1270 mihi

676 1329 853 1381 quam
885 1310 1005 1364 tibi.
1040 1311 1098 1365 Si
1143 1312 1298 1363 enirn
1358 1310 1544 1363 alieno
1605 1307 1943 1363 testimonio
2003 1306 2326 1373 convictus,

676 1409 991 1455 contumax
1024 1406 1079 1455 et
1110 1401 1486 1471 impmnitens
1538 1405 1721 1453 morte
1772 1398 2071 1464 alﬁriaris,
2106 1396 2220 1449 scis
2273 1401 2327 1449 te

676 1491 744 1544 ad
779 1490 966 1544 dirius
1029 1489 1186 1544 aliud
1248 1490 1398 1543 trahi
1458 1488 1740 1553 tribunal,
1772 1506 1802 1541 a
1835 1504 1948 1557 quo
1996 1486 2328 1554 inexpiatus

679 1579 1101 1649 deprehensus,
1154 1578 1531 1649 sempiternis
1612 1577 1901 1631 addiceris
1981 1574 2325 1645 suppliciis;

675 1684 801 1737 (IUL!)
860 1684 992 1722 cum
1048 1673 1411 1721 commutare
1471 1666 1747 1721 brevibus
1808 1665 1984 1734 hujus
2020 1662 2324 1733 temporis,

674 1758 861 1828 poenis
894 1756 1047 1811 ultro
1081 1757 1394 1810 subeuntis
1426 1755 1615 1808 adhuc
1673 1753 1885 1824 possis,
1939 1768 2187 1822 suggero
2222 1751 2323 1803 tibi

2440 593 2621 648 ullam
2646 596 2817 661 valet,
2839 597 3029 665 quoad
3054 596 3561 652 calumniatiorem
3580 598 4084 668 scelestissimum,

2438 683 2606 751 cujus
2638 684 2867 738 artibus
2896 685 3135 740 nefariis
3187 685 3245 739 in
3289 703 3415 740 eam
3453 688 3716 741 fraudem
3753 688 4089 758 implicatus

2437 777 2545 835 cst,
2574 771 2759 841 poenis
2784 773 3011 828 meritis
3061 774 3398 843 subjecerit.
3421 778 3608 841 Quare
3632 777 3803 846 agite,
3836 779 4086 831 conferte

2440 860 2493 912 in
2548 860 2658 915 hoc
2705 878 2943 932 operam
2979 868 3037 916 et
3067 863 3399 934 reipublicae
3443 870 3500 919 et
3547 867 3689 935 regi,
3725 876 3790 919 ut
3822 866 3931 921 rite
3962 884 4086 921 reus

2441 950 2633 1018 peragi
2669 950 3194 1019 legitimojudicio,
3228 957 3512 1007 veterator
3547 954 3953 1023 nequissimus
3985 956 4084 1009 iste

2438 1037 2770 1109 Vi-stigator
2796 1042 3001 1111 possit.
3025 1041 3305 1110 Pernegat
3328 1044 3483 1095 enim
3506 1044 3720 1097 factum
3739 1061 3851 1097 non
3880 1046 4082 1099 minori

2441 1128 2759 1190 pervicacia
2783 1146 2957 1197 quam
3008 1137 3230 1199 quanta
3248 1132 3374 1199 ejus
3402 1132 3505 1184 fuit
3527 1134 3581 1184 in
3605 1148 3669 1186 eo
3705 1137 4084 1203 perpetrando

2440 1218 2701 1284 perfidia.
2738 1218 2842 1271 Sed
2879 1219 3242 1289 impudentia
3280 1220 3586 1273 nebulonis
3640 1221 3872 1289 perditi,
3929 1224 4085 1274 testi-

2442 1307 2653 1359 n;uniis
2684 1308 2952 1361 convicta
2994 1310 3383 1374 consciorum,
3430 1310 3674 1363 illudere
3700 1311 3924 1365 dimius
3960 1313 4083 1363 llflrl

2440 1394 2678 1464 publica:
2713 1397 3136 1465 prohibebitur.
3193 1403 3421 1451 Promut
3456 1400 3626 1452 modo
3679 1400 3860 1453 libere
3908 1417 4083 1453 unus-

2437 1484 2680 1554 quisque
2736 1491 2993 1539 vestrum
3054 1487 3207 1556 quod
3260 1488 3329 1540 de
3379 1488 3476 1540 illo
3499 1490 3679 1554 novit,
3717 1490 4087 1558 respondebit

2438 1590 2539 1642 pro
2571 1591 2631 1627 se
2670 1590 2803 1628 reus
2861 1592 3116 1644 praesens
3169 1577 3320 1645 quod
3355 1577 3664 1631 videbitur.
3716 1579 4086 1643 Qnazsitores,

2437 1663 2662 1716 runctis
2698 1664 2972 1733 utrinque
3008 1664 3249 1727 auditis,
3284 1666 3765 1728 arbitrabuntur;
3803 1667 3887 1721 sic
3923 1669 4081 1736 judi-

2438 1752 2592 1804 cium
2620 1752 2727 1804 rite
2751 1757 2924 1821 atque
2947 1754 3166 1817 ordine,
3196 1757 3347 1823 quod
3374 1771 3468 1807 rex
3494 1755 3845 1809 nominatim
3882 1758 4084 1824 jussit,

672 1848 780 1901 hoc
810 1845 1082 1899 ultimum
1142 1851 1198 1899 et
1258 1862 1358 1915 pro
1409 1850 1564 1898 statu
1629 1860 1823 1897 rerum
1876 1851 2109 1895 tuarum
2157 1840 2323 1893 unice
2360 1859 2403 1920 Β
2437 1849 2819 1903 exercebitur.
2884 1850 3162 1920 Leopardi
3221 1850 3542 1905 orationem
3602 1853 3826 1922 excepit
3873 1854 4085 1907 arbiter

673 1935 814 1988 utile
836 1933 1177 2001 consilium,
1200 1938 1487 2004 utsponte
1512 1931 1843 1987 conﬁtearis
1867 1947 1995 2002 quas
2022 1931 2270 1999 peccasti
2301 1946 2316 1997 ;

627 2039 635 2046 '
682 2041 749 2079 ac
796 2025 868 2090 si,
930 2024 1082 2093 quod
1147 2039 1384 2093 sperare
1443 2022 1578 2076 licet
1634 2038 1665 2075 e
1723 2021 1877 2091 regis
1938 2018 2317 2089 benignitate,

671 2113 921 2184 gratiam
958 2111 1234 2182 supplicii
1277 2111 1657 2176 nanciscaris,
1696 2109 1871 2163 vitam
1924 2111 2316 2162 condonatum

672 2202 830 2256 lucro
894 2201 1186 2271 imputes;
1247 2201 1336 2255 sin
1392 2199 1517 2271 lege
1576 2200 1633 2253 in
1699 2205 1752 2252 te
1812 2203 2038 2268 agetur,
2092 2196 2319 2267 piaculo

668 2291 997 2345 voluntarie
1050 2294 1324 2361 suscepto
1360 2306 1541 2361 poenas
1600 2288 1962 2358 temporariae
2015 2291 2317 2357 purgatus,

667 2386 1019 2435 aeternorum
1055 2380 1207 2450 apud
1270 2396 1473 2433 manes
1526 2378 1895 2432 crucialuum
1933 2375 2188 2446 periculo
2222 2377 2319 2429 de-

671 2469 955 2539 l'ungaris.
993 2469 1121 2523 Haec
1144 2468 1475 2538 Vestigator
1505 2468 1772 2529 audiens,
1816 2471 1873 2521 et
1920 2464 2092 2520 solita
2123 2481 2184 2519 se
2214 2466 2320 2518 ob-

670 2559 912 2613 ﬁrmans
944 2559 1222 2612 adversus
1256 2575 1397 2611 sana
1426 2556 1647 2610 monita
1689 2554 1924 2622 duritie,
1972 2553 2276 2624 respondit
2307 2567 2320 2608 :

669 2647 944 2702 Nondum
980 2646 1057 2700 ita
1088 2646 1400 2716 desperata
1451 2660 1579 2698 mea
1607 2660 1786 2697 causa
1818 2646 1928 2706 est,
1958 2648 2023 2695 ut
2054 2642 2124 2695 ad
2164 2639 2319 2693 istud

670 2741 998 2791 extremum
1026 2734 1502 2790 descendendum
1532 2732 1675 2787 mihi
1695 2730 2008 2786 consilium
2029 2729 2317 2799 judicem.

666 2824 944 2896 Experiar
999 2825 1161 2893 prius
1214 2822 1480 2892 quaedam
1543 2820 1676 2885 alia,
1744 2834 2055 2889 morasque
2104 2817 2321 2885 quibus

663 2921 862 2986 potero
893 2914 1120 2969 artibus
1151 2914 1467 2978 obdueam,
1502 2912 1549 2965 si
1590 2912 1733 2965 forte
1766 2910 2104 2981 insperatis,
2142 2912 2207 2962 ut
2256 2908 2321 2961 ﬁt

670 3006 993 3073 interdum,
1059 3002 1377 3058 momentis
1437 3018 1500 3055 ac
1554 3000 1791 3054 casibus
1851 2998 2083 3053 fortuna
2109 2995 2320 3066 judicii

667 3094 1097 3166 prosperiorem
1178 3093 1236 3147 in
1305 3092 1525 3146 exitum
1613 3093 1791 3160 queat
1875 3103 2129 3159 vergere.
2227 3086 2323 3140 llis

665 3190 988 3243 Coronatus
1022 3184 1260 3250 auditis,
1324 3174 1635 3254 desperata
1690 3180 1995 3236 curatione
2037 3177 2318 3234 obstinati

664 3274 867 3342 animi,
901 3272 1143 3329 recessit
1173 3270 1555 3327 acerbissime
1593 3269 1819 3334 dolens,
1859 3273 1915 3323 et
1945 3272 2103 3322 certo
2139 3265 2314 3322 amici

659 3364 854 3431 exitio,
889 3367 946 3419 et
979 3380 1085 3418 suo
1131 3362 1321 3433 ipsius
1369 3359 1717 3433 gravissimo
1752 3357 2009 3429 periculo
2047 3373 2058 3412 :
2097 3356 2315 3427 quippe

658 3454 759 3525 qui
821 3452 1364 3525 perspectissimum
1427 3450 1688 3517 haberet,
1746 3448 1917 3502 vitari
1980 3463 2093 3501 non
2145 3462 2316 3516 posse

658 3544 798 3613 quin
838 3546 1241 3613 perseverante
1275 3540 1330 3594 in
1364 3538 1634 3594 criminis
1665 3536 2023 3591 inficiatione
2044 3535 2314 3605 Vestiga—

660 3638 803 3697 tore,
837 3630 961 3700 ipse
992 3645 1166 3699 quem
1202 3644 1408 3681 omnes
1438 3626 1487 3680 ei
1514 3622 2043 3679 familiarissimum
2070 3622 2315 3690 scirent,

664 3727 765 3775 aut
820 3718 1130 3790 quaestioni
1190 3716 1601 3787 subjiceretur,
1634 3719 1737 3768 aut
1779 3712 1929 3767 velut
1961 3710 2230 3766 conscius
2262 3715 2317 3764 et

660 3810 949 3881 particeps
981 3805 1219 3863 sceleris
1250 3805 1538 3875 ejusdem,
1576 3802 1699 3875 pari
1738 3818 1872 3856 cum
1927 3801 2026 3855 illo
2068 3801 2313 3854 damna-

660 3899 803 3954 tioni
859 3897 1286 3953 succumberet.
1344 3894 1473 3948 Haec
1524 3908 1659 3964 ergo
1695 3890 2114 3947 maestissimus
2142 3906 2315 3960 repu-

661 3994 809 4057 laus,
845 3991 903 4041 et
930 3990 1215 4056 pertaesus
1243 3984 1396 4052 vitae,
1432 3982 1643 4037 hausto
1693 3981 1848 4035 ultro
1896 3995 2117 4035 veneno
2149 3978 2314 4032 efﬂa-

657 4078 737 4131 vit
769 4076 1048 4131 animam.
1130 4133 1135 4139 ,

727 4202 794 4256 ν.
834 4200 1121 4256 Postridie
1174 4199 1349 4269 jussu
1410 4197 1567 4268 regis
1622 4213 1725 4266 pro
1787 4194 2068 4249 tribunali
2105 4197 2319 4265 praetor

662 4292 839 4361 sedit,
872 4290 1274 4346 assidentibus
1320 4288 1628 4359 judicibus
1687 4286 1950 4341 delectis.
2012 4285 2227 4339 Eodem
2262 4288 2319 4338 et

658 4384 973 4455 leopardus
996 4381 1173 4436 venit.
1206 4381 1573 4435 Concussum
1597 4378 1781 4432 densa
1799 4392 2016 4431 corona
2037 4375 2318 4429 circums-

658 4477 817 4529 tabat
866 4474 1151 4528 universae
1202 4470 1472 4541 palatina:
1499 4469 1744 4523 militiae.
1770 4468 2077 4522 Adductus
2100 4466 2158 4520 in
2189 4482 2314 4520 me-

2351 3226 2392 3291 Ο

655 4566 818 4619 dium
867 4581 896 4619 e
942 4579 1168 4618 carcere
1196 4561 1530 4631 Vestigator
1552 4564 1662 4623 est,
1709 4574 1946 4613 causam
1979 4557 2036 4610 in
2071 4556 2317 4610 vinculis
2347 4592 2392 4654 Ι)

652 4657 942 4710 dicturus.
976 4654 1228 4719 Primus,
1263 4651 1638 4723 congregatis
1671 4648 1924 4717 cunctis,
1959 4646 2133 4701 verba
2182 4646 2315 4700 fecit

652 4746 966 4818 leopardus
996 4745 1053 4799 in
1088 4745 1246 4798 hunc
1280 4745 1518 4797 modum
1549 4759 1560 4795 :
1589 4742 1707 4795 Rex
1740 4743 1956 4807 noster,
2003 4755 2035 4792 o
2067 4736 2311 4792 commi-

651 4837 890 4901 litones,
924 4834 1270 4907 participem
1296 4849 1389 4887 me
1441 4831 1578 4887 fecit
1608 4831 1921 4899 cujusdam
1945 4827 2137 4899 gravis
2160 4842 2311 4881 curae

648 4944 765 4981 suae
795 4942 970 4997 quam
1013 4924 1189 4979 etiam
1242 4920 1669 4977 communicari
1711 4918 1874 4974 vobis
1907 4916 2108 4972 voluit.
2146 4914 2313 4969 Acris

649 5033 783 5070 cum
836 5012 1182 5085 pmnitentia
1242 5010 1487 5067 incessit
1538 5008 1822 5063 interfecti
1882 5005 2058 5072 tauri,
2094 5004 2313 5059 idcirco

648 5105 802 5176 quod
840 5120 953 5158 non
987 5099 1437 5157 contemnendis
1473 5098 1709 5153 indiciis
1768 5112 1899 5151 sero
1928 5095 2103 5165 ccepit
2136 5092 2313 5148 intel—

649 5196 847 5264 ligere,
883 5194 1259 5247 innocentem
1314 5188 1511 5255 illum,
1544 5204 1605 5243 se
1639 5186 1789 5242 dolis
1825 5184 1998 5240 malis
2054 5188 2111 5239 et
2152 5181 2312 5237 dela-

645 5287 907 5340 tionibus
942 5282 1105 5337 falsis
1169 5282 1225 5334 in
1284 5282 1415 5351 ejus
1458 5296 1662 5334 necem
1712 5276 2015 5347 instigato,
2070 5274 2314 5347 periisse

642 5378 770 5433 Jam
805 5376 916 5431 hoc
950 5377 1104 5446 ejus,
1131 5391 1232 5443 per
1259 5372 1373 5427 alia
1397 5388 1631 5443 quoque
1656 5367 2057 5439 experimenta
2081 5365 2312 5421 cunctis

648 5476 790 5524 notae
809 5467 1093 5523 bonitatis
1110 5464 1503 5535 etjustitizeeo
1522 5460 1881 5517 laudabilius
1894 5462 2311 5530 argumentum

644 5569 751 5629 est,
814 5577 928 5620 nuo
989 5560 1100 5614 fert
1172 5557 1388 5628 aegrius
1465 5554 1710 5609 illusum
1769 5552 1879 5607 sibi
1942 5567 2074 5605 cum
2151 5553 2315 5603 tanta

645 5651 899 5706 insontis
933 5647 1143 5721 capitis
1179 5647 1417 5718 injuria.
1450 5644 1505 5700 Si
1540 5644 1680 5715 quid
1714 5641 1870 5697 enim
1895 5640 2042 5695 mihi
2074 5638 2313 5694 creditis

646 5741 991 5797 intimorum
1047 5740 1178 5810 ejus
1239 5752 1523 5793 sensuum
1578 5732 1837 5800 conscio,
1886 5727 2313 5786 incredibiliter

2435 1938 2777 2006 quaestionis
2802 1944 3013 2007 praetor
3037 1940 3094 1992 in
3132 1939 3250 1993 haec
3285 1940 3461 1993 verba
3486 1958 3498 1992 :
3522 1941 4084 1995 Convenientissime

2426 2027 2540 2095 juri
2578 2043 2642 2079 ac
2676 2027 2825 2080 mori
2860 2028 3149 2097 majorum
3186 2033 3241 2082 et
3272 2028 3360 2083 leo
3383 2030 3748 2100 praecepit,et
3777 2029 4085 2097 leOpardus

2430 2116 2739 2182 peroravit.
2775 2116 2935 2178 Quod
2971 2121 3262 2186 superest,
3309 2124 3594 2183 vestrum,
3629 2123 3921 2188 quotquot
3955 2120 4081 2172 adc-

2428 2204 2559 2270 stis,
2589 2205 2996 2275 unusquisque
3019 2222 3081 2259 se
3102 2206 3455 2274 accingatad
3483 2208 3895 2278 proferendum
3924 2225 4081 2260 sum-

2432 2309 2526 2345 ma
2550 2293 2660 2346 lide
2681 2293 2923 2364 parique
2948 2293 3211 2348 libertate
3240 2296 3393 2364 quod
3434 2297 3505 2349 de
3551 2297 3654 2349 hac
3686 2312 3868 2350 causa
3895 2297 4081 2367 dequr

2428 2380 2795 2451 Vestigatore
2836 2389 3200 2453 compertum
3236 2383 3424 2438 habet.
3461 2385 3938 2455 Cooperabimini
3976 2386 4076 2439 huc

2431 2472 2656 2540 agendo
2702 2471 2786 2524 vel
2849 2472 3097 2526 maxime
3153 2474 3450 2526 communi
3515 2474 3790 2539 utilitati;
3852 2476 4081 2544 publice

2433 2559 2647 2631 quippe
2708 2560 2950 2614 interest
3010 2578 3120 2615 non
3176 2562 3416 2631 impune
3451 2562 3611 2616 abire
3643 2563 3983 2625 sceleratus.
4023 2581 4084 2617 ne

2432 2648 2621 2703 securi
2654 2650 2983 2703 severitatis
3008 2651 3199 2721 legum
3227 2650 3517 2721 quidlibet
3538 2651 3789 2723 improbi
3812 2654 4087 2706 audeant.

2429 2738 2548 2791 Sub
2580 2737 2701 2792 haec
2756 2739 2913 2793 dicta
2968 2738 3273 2793 silentium
3343 2739 3683 2810 aliquandiu
3735 2738 4085 2795 cunctorum

2433 2828 2562 2894 fuit,
2598 2828 2751 2897 quod
2805 2827 3031 2898 primus
3077 2829 3438 2900 abrumpens
3482 2828 3832 2899 Vestigator,
3892 2830 4086 2885 lleus!

2430 2933 2553 2981 vos,
2610 2916 2827 2987 inquit,
2890 2921 3023 2988 post
3074 2922 3194 2972 tam
3252 2919 3408 2973 acria
3467 2919 3701 2974 dicendi
3751 2920 3929 2989 jussa
3989 2937 4090 2973 cur

2432 3004 2684 3061 tacetis?
2739 3006 2925 3077 Agite,
3003 3023 3095 3062 me
3164 3023 3401 3079 quoque
3460 3008 3762 3079 invitante,
3826 3011 4085 3080 proferte

2432 3095 2721 3166 quidquid
2747 3096 2817 3149 de
2850 3112 2942 3150 me
2969 3097 3187 3165 nostis;
3212 3114 3325 3153 non
3352 3114 3582 3165 recuso,
3608 3098 3750 3170 quin
3779 3099 3962 3154 etiam
3985 3100 4086 3153 ﬂa-

2431 3192 2795 3263 gito.Audire
2810 3194 2980 3263 cupio
2998 3193 3138 3265 quid
3155 3193 3299 3249 mihi
3323 3200 3676 3266 opponatur,
3696 3203 3940 3267 paratus
3955 3214 4088 3251 con-

2426 3282 2591 3337 tinuo
2639 3298 2771 3337 vere
2802 3282 3031 3352 objecta
3073 3282 3260 3350 fateri,
3295 3282 3741 3353 falsoimposita
3792 3286 4086 3341 refellere.

2425 3372 2521 3427 Sic
2553 3389 2690 3443 ergo
2723 3373 2989 3428 dicturus
3046 3373 3297 3445 quisque
3342 3390 3404 3430 se
3435 3381 3751 3446 comparet,
3785 3384 3848 3431 ut
3880 3382 4086 3432 contra

2426 3478 2615 3515 meum
2642 3461 3045 3517 defensionem
3070 3463 3220 3519 tueri
3245 3465 3650 3519 testimonium
3675 3482 3850 3521 suum
3876 3472 4087 3537 queat;

2426 3552 2525 3622 qui
2558 3569 2730 3607 secus
2762 3553 2963 3608 fecerit
3025 3554 3083 3607 in
3140 3561 3316 3625 caput
3366 3572 3539 3610 suum
3600 3557 3891 3626 peccabit.
3945 3560 4085 3623 Qua

2424 3642 2580 3695 enim
2617 3643 2837 3697 nrstris
2890 3641 3120 3713 legibus
3144 3644 3503 3715 aequissima:
3532 3646 3872 3701 constituta:
3906 3664 4091 3718 poena;

2426 3738 2565 3786 sunt
2598 3732 2654 3785 in
2688 3731 2955 3787 falsarios
2986 3731 3200 3803 lingua:
3259 3750 3325 3789 ac
3388 3734 3523 3791 fidei
3580 3735 3825 3802 venalis,
3870 3752 3977 3793 eas
4036 3754 4095 3791 se

2426 3822 2799 3876 subituorum
2827 3837 2918 3875 me
2947 3828 3176 3894 agente,
3200 3840 3263 3878 ac
3287 3828 3556 3895 praetore,
3608 3832 3784 3897 prout
3810 3825 3902 3881 lex
3926 3827 4099 3897 jubet

2424 3917 2483 3966 et
2514 3928 2603 3965 res
2634 3912 3234 3981 exiget,decernente,
3269 3913 3435 3969 sciat.
3480 3916 3670 3986 Atque
3693 3915 3839 3971 adeo
3867 3916 4093 3978 videat,

2426 3999 2476 4054 si
2508 4000 2607 4070 qui
2658 3999 2859 4069 lingua
2893 4001 2947 4053 in
2982 4000 3469 4057 obtrectationem
3516 4004 3729 4073 prurit,
3762 4021 3835 4059 ne
3868 4004 4096 4059 similia

2426 4090 2687 4160 patiatur
2712 4088 2984 4159 imperito
3024 4090 3249 4145 medico
3282 4091 3384 4162 qui
3416 4109 3624 4163 parum
3661 4093 3891 4148 habens
3928 4095 4087 4166 quod

2426 4182 2621 4249 ageret
2653 4178 2711 4232 in
2745 4178 2952 4248 patria,
2987 4179 3087 4233 ubi
3122 4180 3393 4251 cognitus
3446 4180 3878 4254 negligebatur,
3914 4199 4085 4254 pere-

2426 4285 2527 4338 gre
2586 4267 2886 4339 simplices
2935 4268 3207 4339 quaesivit
3263 4270 3481 4340 quibus
3541 4276 3669 4327 tuto
3727 4271 4084 4343 imponeret.

2427 4366 2729 4419 Profectus
2762 4381 2898 4434 ergo
2930 4366 2989 4419 in
3022 4364 3340 4436 civitatem,
3364 4369 3537 4437 cujus
3583 4368 3857 4440 princeps
3899 4370 4089 4425 filiam

2427 4455 2681 4509 habebat
2719 4471 2787 4509 ex
2819 4454 3018 4508 morbo
3050 4455 3211 4526 gravi
3256 4456 3727 4527 decumbentem,
3762 4458 3821 4513 in
3856 4465 4091 4530 partem

2426 4544 2557 4613 ejus
2605 4540 2928 4596 curationis
2989 4542 3293 4598 adhibitus
3351 4545 3610 4616 periculo
3664 4564 3771 4603 suo
3825 4553 3942 4617 est,
3986 4548 4093 4601 hac

2427 4632 2681 4703 quadam
2706 4646 2773 4684 ex
2791 4647 2964 4685 causa
2987 4647 2998 4684 :
3025 4636 3149 4686 erat
3182 4633 3239 4686 in
3259 4650 3327 4688 ea
3348 4635 3492 4689 urbe
3516 4636 3777 4692 medicus
3798 4653 4092 4709 perquam

2423 4720 2711 4789 eruditus,
2773 4720 2868 4775 sed
2922 4720 3110 4775 aetatis
3163 4721 3327 4790 vitio,
3390 4732 3487 4778 aut
3530 4724 3891 4780 calamitati:
3924 4743 4095 4787 casu,

2425 4810 2660 4880 penitus
2693 4809 2934 4863 orbatus
2984 4808 3115 4865 luce
3171 4812 3501 4869 oculorum.
3552 4814 3807 4869 Vocatus
3872 4815 3976 4872 ille
4020 4816 4088 4870 ad

2422 4916 2659 4969 aegram,
2692 4914 2761 4952 ex
2791 4903 3010 4953 attactu
3048 4897 3257 4970 pulsus
3291 4903 3635 4974 cmterisque
3672 4920 3798 4975 quae
3834 4906 4088 4969 audivit,

2425 4987 2723 5043 intellecta
2779 4988 2965 5043 morbi
3015 5006 3192 5043 causa
3255 4992 3578 5047 remedium
3648 4994 3697 5047 ei
3758 4994 4089 5049 indubitati

2424 5094 2736 5133 successus
2768 5077 3063 5148 opposuit,
3089 5080 3521 5149 prescribenda
3554 5082 3787 5153 potione
3812 5100 3885 5138 ex
3907 5101 4088 5139 succo

2424 5167 2617 5222 herbae
2677 5167 2768 5221 cui
2827 5166 3076 5237 capillus
3135 5170 3378 5225 Veneris
3433 5187 3644 5226 nomen
3704 5177 3813 5227 est.
3871 5174 4089 5229 Verum

2424 5258 2581 5329 quod
2615 5255 2802 5311 oculis
2834 5256 2959 5327 ipse
2992 5262 3202 5329 captus
3260 5259 3592 5315 discernere
3653 5261 3905 5318 herbam
3971 5281 4085 5318 non

2423 5347 2662 5413 valeret,
2750 5346 3097 5416 proficisens
3178 5348 3238 5401 in
3315 5350 3656 5421 apothecam
3719 5351 4095 5415 herbariam.

2424 5447 2699 5503 comitem
2734 5446 2955 5517 optavit
2995 5463 3235 5518 peregre
3265 5449 3581 5520 appulsum
3630 5451 3955 5506 medicum.
3999 5454 4097 5507 Hic

2427 5537 2572 5592 nihil
2608 5538 2808 5591 nimus
2839 5553 3015 5607 quam
3073 5538 3225 5607 quod
3262 5539 3648 5608 profitebatur
3694 5540 3922 5596 callens
3977 5546 4097 5596 tam

2424 5628 2696 5699 imperite
2730 5628 2788 5681 in
2826 5626 3052 5681 delectu
3087 5633 3357 5683 versatus
3405 5633 3515 5694 est,
3567 5634 3632 5684 ut
3682 5632 3941 5687 cicutam
3981 5635 4099 5686 vice

2422 5720 2623 5793 capilli
2661 5716 2893 5775 Veneris
2933 5717 3251 5787 pharmaco
3282 5719 3657 5789 admisceret,
3707 5738 3826 5793 quo
3879 5722 4097 5779 hausto
