4248 6442
240 387 377 439 1289

1260 388 1619 440 SPECIMEN
1658 386 2057 438 SAPIENTIE
2098 385 2428 437 lNDURUM
2467 386 2628 436 VET.

3514 380 3651 431 1‘290

234 510 353 564 tilia
383 509 662 581 principis
696 514 930 580 repente
972 513 1060 563 est
1109 512 1354 562 mortua.
1390 509 1631 563 Cunctis
1666 508 1882 561 miran-
1917 513 1967 574 Α
2002 506 2184 560 sentis
2220 512 2273 561 te
2306 512 2654 578 prmpostere
2679 506 3333 576 perspicaccm,vidisse
3368 506 3644 558 festucam

234 603 428 667 tibus,
490 607 545 656 et
603 619 750 656 caeco
812 602 1037 656 medico
1108 607 1253 655 nota:
1326 602 1544 670 peritia:
1604 619 1669 655 ac
1731 601 1884 667 fidei,

237 696 673 763 perseverante,
735 707 848 745 non
910 691 1171 761 potuisse
1232 690 1539 745 mulierem
1594 689 1884 759 exstingui

238 781 493 851 potione,
530 780 639 834 nisi
676 786 933 833 erratum
987 784 1141 833 esset
1173 780 1227 833 in
1262 779 1682 849 compositione
1715 778 1885 848 phar-

238 870 409 937 maci,
466 870 648 925 herba
698 870 869 923 noxia
926 886 1028 939 pro
1084 869 1212 922 utili
1268 868 1587 938 supposita.
1632 868 1888 939 Dynasta

238 967 410 1029 pater
460 964 725 1021 mortuae,
756 960 1109 1027 ,‘expressum
1160 973 1228 1011 ex
1276 958 1479 1011 eadem
1530 956 1711 1010 herba
1761 972 1886 1025 quae

242 1048 427 1103 tiliam
458 1048 750 1102 occiderat
799 1064 1041 1101 succum
1087 1048 1317 1102 ebibere
1350 1063 1545 1101 coram
1595 1063 1657 1100 se
1708 1044 1887 1098 medi-

240 1155 373 1192 cum
408 1142 670 1192 exterum
705 1137 911 1207 coegit,
950 1136 1048 1207 qui
1084 1136 1261 1191 miser
1298 1136 1574 1191 continuo
1606 1136 1887 1199 extabuit,

242 1227 550 1295 imperitia:
583 1227 952 1294 audaciaeque
995 1243 1111 1279 suae
1156 1242 1355 1296 pcenas
1385 1224 1686 1279 exsolvens
1714 1224 1891 1277 meri-

240 1316 529 1369 tissimas.
565 1316 658 1369 Sic
690 1314 935 1377 eveniet,
962 1316 1085 1384 jam
1119 1313 1257 1368 hinc
1287 1310 1592 1381 denuntio,
1624 1311 1888 1366 testimo-

239 1406 403 1459 nium
435 1409 638 1458 contra
670 1420 761 1458 me
796 1405 1008 1458 falsum
1053 1407 1154 1457 aut
1192 1402 1607 1457 inconveniens
1638 1402 1887 1465 dicenti;

239 1492 729 1563 strangulabitur,
782 1508 954 1561 quem
1019 1491 1169 1545 male
1227 1491 1518 1555 nexuerit,
1579 1490 1785 1560 laqueo
1835 1494 1892 1543 et

240 1581 435 1652 gladio
468 1581 677 1635 inscite
708 1581 910 1635 stricto
944 1596 1072 1635 sese
1105 1580 1413 1636 confodiet.

312 1705 405 1758 Vl.
442 1704 597 1758 Nihil
631 1706 739 1759 hac
766 1704 1222 1760 comminatione
1254 1704 1516 1771 territus,
1539 1709 1596 1758 et
1627 1703 1892 1758 irritatus

242 1791 597 1846 confidentia
647 1791 911 1861 loquacis
961 1792 1064 1856 rei,
1098 1791 1420 1846 assurrexit
1462 1792 1572 1845 sub
1621 1808 1688 1846 ea
1735 1791 1891 1846 dicta

246 1881 480 1952 primus
539 1896 859 1951 coquorum
912 1881 1085 1951 regis.
1140 1882 1225 1950 Et,
1276 1881 1486 1935 Audite
1537 1897 1649 1946 me,
1682 1880 1896 1950 inquit,

247 1971 350 2043 qui
384 1970 606 2025 adestis
650 1970 706 2023 in
751 1969 993 2024 consilio
1036 1969 1306 2025 :all‘eram
1348 1972 1503 2024 enim
1538 1970 1690 2040 quod
1724 1986 1896 2024 nosse

248 2061 320 2114 ad
356 2075 595 2114 causam
630 2058 835 2129 prosit,
850 2075 917 2113 ex
944 2060 1199 2129 quadam
1223 2058 1395 2128 longo
1420 2058 1562 2112 mihi
1598 2076 1705 2113 usu
1731 2064 1898 2130 parta

245 2149 457 2221 peritia
490 2163 683 2203 mores
710 2165 778 2203 ex
810 2149 955 2203 facie
987 2148 1286 2203 noscendi.
1308 2153 1509 2204 Certos
1540 2147 1799 2203 vultibus
1831 2165 1896 2202 ac

240 2238 537 2293 frontibus
577 2253 927 2292 arcanorum
970 2238 1153 2291 animi
1201 2254 1484 2291 sensuum
1529 2236 1897 2292 characteres

240 2333 456 2382 natura
514 2326 749 2393 indidit,
798 2343 866 2381 ex
924 2326 1201 2396 qualibus
1260 2331 1525 2397 apparet,
1574 2325 1895 2396 Vestigato-

238 2432 365 2471 rem
410 2431 663 2486 nequam
696 2431 760 2469 ac
795 2415 1111 2469 subdolum
1159 2414 1499 2485 nulliusque
1544 2414 1675 2469 fidei
1713 2414 1895 2468 nebu-

240 2505 439 2559 lonem
490 2520 639 2567 esse,
677 2504 897 2574 quippe
929 2505 1028 2573 qui
1077 2502 1278 2557 oculos
1326 2504 1563 2573 oblique
1595 2504 1896 2567 distortos,

240 2600 299 2649 et
350 2594 560 2648 borum
612 2592 814 2647 lwvum
865 2593 1067 2647 dextro
1118 2593 1464 2657 breviorem,
1507 2593 1899 2663 eumdemque

240 2681 673 2753 inquietissime
716 2680 991 2735 mobilem
1039 2680 1279 2748 habeat;
1315 2681 1384 2735 ad
1420 2682 1561 2749 haec,
1595 2686 1775 2752 caput
1802 2681 1897 2736 in-

240 2777 331 2827 ter
361 2772 751 2825 incedendum
804 2775 1022 2825 temere
1052 2770 1294 2825 inclinet
1328 2787 1341 2824 :
1375 2787 1500 2841 quas
1551 2771 1720 2842 signa
1772 2788 1896 2825 cer-

241 2861 475 2915 tissima
506 2860 648 2913 vafri
691 2859 1138 2914 calumniatoris
1170 2877 1237 2913 ac
1269 2860 1581 2930 proditoris
1623 2860 1897 2931 perfidio-

243 2948 494 3015 sissimi,
538 2964 755 3018 magno
813 2964 1103 3004 consensu
1162 2948 1622 3020 pbysiognomici
1673 2948 1896 3003 dudum

238 3040 557 3093 tradidere.
590 3038 805 3093 Contra
853 3037 999 3104 hare,
1052 3038 1334 3093 innuente
1375 3039 1597 3107 judice,
1632 3039 1902 3092 dicturus

234 3127 597 3197 Vestigator,
621 3144 793 3183 orsus
819 3133 909 3183 est
933 3145 967 3183 a
998 3127 1339 3183 laudatione
1369 3128 1587 3183 ironica
1620 3127 1901 3199 principis

1998 595 2055 648 in
2088 596 2254 650 oculo
2288 596 2553 663 alterius,
2588 597 2688 666 qui
2744 596 2965 648 trabem
3003 596 3058 647 in
3097 600 3193 648 tuo
3239 611 3349 647 non
3384 594 3647 647 attende-

2000 683 2097 737 ris.
2132 684 2351 739 Similis
2406 684 2705 738 malesana
2765 683 2994 737 mulieri
3056 700 3085 737 e
3145 683 3339 736 fabula
3384 682 3643 750 vulgata.

2001 772 2203 825 Fertur
2229 773 2406 841 enim,
2440 774 2583 827 duas
2635 772 2955 842 aliquando
3009 789 3238 825 sorores
3291 771 3643 841 proripicndi

2000 878 2126 915 sese
2156 862 2345 915 nudas
2376 878 2405 916 e
2431 862 2719 927 custodia,
2755 879 2872 931 qua
2903 863 3048 915 dura
3082 863 3449 925 tenebantur,
3483 877 3645 913 occa-

2000 950 2224 1004 sionem
2259 957 2480 1015 nactas,
2513 952 2653 1004 dum
2697 968 2811 1004 una
2847 967 2980 1003 cum
3014 956 3174 1020 patre
3207 950 3411 1003 iisdem
3448 949 3644 1018 elapso

1999 1040 2249 1093 vinculis
2282 1041 2533 1109 fugiunt,
2557 1040 2764 1094 harum
2799 1039 3040 1093 alteram
3079 1042 3223 1092 forte
3254 1039 3488 1092 invento
3519 1054 3645 1091 cen-

2002 1135 2133 1182 tone
2165 1128 2255 1182 vix
2307 1129 2579 1197 pudenda
2623 1134 3048 1197 contregcntem,
3083 1128 3382 1197 increpare
3416 1144 3645 1195 germa-

2004 1235 2135 1271 nam
2170 1218 2416 1287 coepisse
2446 1218 2601 1287 quod
2636 1218 2795 1271 nuda
2836 1218 3148 1271 incederet.
3184 1216 3286 1271 Cui
3321 1220 3500 1286 pater,
3535 1215 3643 1269 Sa-

2003 1323 2170 1373 nane,
2218 1307 2426 1376 inquit,
2462 1324 2545 1373 es,
2579 1324 2705 1377 qua:
2757 1306 2939 1361 sorori
2990 1308 3322 1376 exprobrcs,
3358 1305 3485 1359 sine
3536 1322 3643 1358 sua

2002 1396 2174 1468 culpa
2206 1396 2648 1466 palienti,quod
2694 1400 2749 1449 et
2792 1401 2852 1449 tu
2907 1396 3030 1464 pari
3080 1394 3421 1448 necessitate
3472 1410 3644 1464 passa

2002 1506 2062 1543 es
2114 1493 2170 1541 et
2218 1484 2473 1557 pateris?
2528 1484 2657 1539 Haec
2707 1484 2951 1539 audiens
3005 1484 3275 1555 princeps
3322 1499 3639 1552 coquorum

2000 1578 2151 1646 quod
2186 1578 2491 1646 reponeret
2531 1591 2643 1627 non
2694 1573 2918 1639 habuit,
2954 1572 3243 1627 universis
3297 1588 3643 1642 responsum

2001 1663 2377 1734 Vcstigatoris
2411 1662 2566 1716 haud
2599 1662 2773 1715 dubie
2812 1660 3217 1731 probantibus.
3258 1662 3497 1730 Ipseque
3536 1658 3645 1725 leo,

2005 1755 2100 1809 ubi
2155 1770 2274 1807 rem
2326 1751 2608 1821 cognovit,
2643 1749 2818 1804 stulte
2870 1749 3129 1804 locutum
3180 1748 3501 1820 principem
3549 1767 3647 1802 co-

1929 1872 1973 1935 B
2004 1859 2254 1913 quorum
2287 1840 2411 1895 loco
2447 1838 2640 1903 movit,
2677 1855 2745 1893 ne
2786 1839 2843 1892 in
2878 1838 3076 1892 culina
3116 1838 3347 1909 quidem
3385 1854 3493 1891 sua
3525 1842 3643 1891 tam

2006 1930 2226 1985 nullius
2251 1929 2455 1999 judicii
2492 1928 2795 1982 ministros
2837 1928 2949 1982 sibi
2988 1927 3254 1982 ferendos
3288 1933 3519 1997 putans.
3545 1926 3647 1979 His

2004 2038 2068 2074 eo
2101 2036 2374 2074 consessu
2412 2019 2579 2083 actis,
2611 2022 2666 2072 et
2698 2034 2796 2087 per
2839 2017 3168 2071 actuarium
3203 2016 3257 2069 in
3291 2019 3647 2070 commenta—

2005 2109 2156 2163 rium
2203 2108 2419 2175 relatis,
2455 2107 2680 2177 riteque
2726 2106 2993 2175 signatis,
3028 2106 3172 2159 'nora
3196 2105 3318 2175 jam
3355 2110 3645 2176 provecta,

2006 2198 2230 2253 solutus
2261 2203 2443 2252 ccetus
2472 2201 2579 2264 est,
2607 2213 2701 2250 reo
2736 2196 2992 2249 nondum
3030 2195 3288 2249 convicto
3321 2194 3555 2248 reducto
3590 2193 3647 2246 in

2005 2304 2317 2343 carcerem.

2075 2412 2199 2467 VII.
2237 2412 2548 2466 Redditum
2602 2411 2881 2466 custodire
2914 2409 3339 2478 Vestigatorem
3389 2409 3658 2461 convenit

2008 2502 2160 2557 alius
2210 2502 2450 2571 quidam
2484 2518 2553 2555 ex
2581 2500 2706 2569 ejus
2753 2499 3163 2564 familiaribus,
3196 2499 3461 2553 Coronati
3497 2515 3655 2551 com-

2010 2594 2207 2648 munis
2240 2592 2411 2647 amici
2446 2595 2692 2645 mortem
2728 2589 3147 2643 mmstissimus
3180 2589 3481 2642 nuntians.
3517 2587 3657 2641 Con-

2008 2688 2305 2736 sternatus
2358 2681 2567 2735 acerbo
2626 2695 2763 2732 casu
2821 2678 3150 2747 Vestigator
3200 2677 3489 2747 lacrymas
3542 2694 3653 2730 non

2007 2774 2217 2836 tenuit,
2251 2770 2405 2824 inter
2435 2787 2581 2841 quas
2627 2768 2712 2821 hae
2744 2784 2915 2821 voces
2946 2770 3071 2837 ejus
3100 2767 3492 2821 audiebantur
3525 2783 3536 2819 :
3571 2770 3657 2819 Me

2010 2861 2292 2915 miserum
2343 2859 2444 2930 qui
2494 2876 2646 2926 vero,
2675 2857 3091 2928 experimentis
3140 2858 3404 2927 probato,
3438 2862 3494 2909 ct
3533 2873 3654 2910 om-

2008 2952 2173 3005 nium
2207 2956 2538 3021 temporum
2586 2948 2773 3002 amico
2824 2947 3089 3018 privatus
3119 2947 3290 3002 hodie
3323 2943 3469 3001 sim!
3504 2948 3649 3011 Quid

2009 3057 2102 3095 me
2160 3039 2348 3094 vivere
2407 3037 2615 3092 attinet
2669 3041 2723 3092 te
2782 3036 2948 3103 mihi,
3005 3038 3289 3093 Coronate
3346 3036 3653 3100 fidissime,

2009 3128 2357 3185 subtracto?
2416 3127 2589 3182 Recte
2641 3125 2807 3181 aiuut
2855 3124 3047 3197 vulgo,
3108 3130 3314 3180 catena
3364 3142 3656 3180 connexus

233 3235 587 3289 coquorum,
614 3219 719 3286 En,
746 3219 1044 3289 inquiens,
1070 3218 1334 3273 omnium
1361 3218 1458 3289 qui
1493 3219 1602 3274 sub
1625 3218 1767 3274 cmlo
1794 3236 1894 3273 su-
1927 3242 1970 3308 ρ
2008 3219 2267 3290 quadam
2321 3231 2423 3288 per
2478 3216 2678 3271 orbem
2738 3231 3067 3270 commeare
3126 3214 3510 3280 calamitates,
3554 3230 3659 3269 nec

234 3323 369 3361 mus
399 3306 571 3378 longe
617 3306 1121 3377 sapientissimus,
1154 3306 1249 3361 cui
1296 3322 1465 3361 nemo
1516 3308 1897 3376 quantumvis

236 3396 509 3450 eminens
564 3396 893 3466 comparari
943 3395 1213 3451 doctrina
1260 3399 1319 3450 et
1354 3396 1567 3465 judicii
1619 3397 1902 3467 gravitate

236 3490 437 3555 queat.
471 3485 715 3540 Miseros
765 3502 865 3539 vos
914 3486 1249 3540 conditores
1300 3484 1521 3556 legum,
1568 3488 1667 3556 qui
1722 3486 1898 3541 talem

229 3592 348 3628 non
381 3574 773 3629 adhibueritis
826 3574 881 3627 in
914 3573 1255 3643 consilium,
1286 3572 1730 3629 lucrifecissetis
1760 3591 1900 3645 ope-

226 3680 354 3718 ram
390 3664 627 3719 inanem
680 3663 979 3719 statuendi
1032 3680 1235 3734 poenas
1287 3662 1501 3718 sceleri
1555 3679 1621 3719 ac
1676 3664 1905 3734 praemia

236 3754 471 3807 virtuti.
520 3753 577 3807 Si
632 3752 789 3807 enim
837 3749 1200 3806 ineluctabili
1249 3752 1594 3807 necessitate
1652 3752 1908 3807 trahitur

241 3843 485 3899 animus
534 3842 605 3895 ad
638 3857 706 3896 ea
736 3842 1004 3895 facienda
1037 3857 1164 3911 qua:
1207 3840 1325 3895 oris
1378 3840 1733 3897 lineamenta
1782 3841 1907 3896 sine

247 3936 454 3986 nostro
490 3931 659 3985 nobis
690 3930 931 3985 arbitrio
974 3947 1007 3983 a
1059 3934 1264 3983 natura
1294 3929 1518 3985 tributa
1549 3930 1907 4001 significent,

248 4020 393 4091 quid
428 4019 635 4074 attinet
684 4018 969 4073 mulctare
1018 4017 1322 4089 suppliciis
1371 4018 1472 4089 qui
1524 4019 1673 4075 male
1705 4026 1909 4091 agunt,

250 4110 659 4164 characterum
695 4108 1088 4175 ingenitorum
1121 4123 1334 4173 errare,
1360 4114 1423 4161 ut
1453 4107 1546 4162 hic
1577 4111 1766 4178 docet,
1794 4128 1906 4165 non

242 4197 597 4265 valentium,
631 4196 963 4251 necessario
1000 4196 1175 4250 fidem
1210 4197 1584 4252 sancientes?
1634 4198 1907 4269 Alioquin

251 4287 541 4359 puniatur
570 4286 725 4357 ignis
759 4286 899 4357 quia
930 4285 1068 4353 urit,
1095 4302 1258 4357 aqua)
1295 4292 1578 4340 tormenta
1602 4288 1914 4343 decernan-

250 4383 353 4432 tur
384 4376 523 4447 quia
550 4374 641 4429 vel
692 4391 940 4429 excussa
966 4390 995 4429 e
1027 4375 1184 4429 nube
1230 4375 1509 4429 viatorem
1562 4378 1914 4432 mandefacit

249 4466 341 4520 vel
376 4466 685 4520 exundans
717 4481 746 4518 e
777 4468 1035 4518 torrente
1065 4468 1194 4518 sata
1226 4462 1399 4517 laedit.
1435 4465 1582 4526 Quid
1620 4466 1721 4519 tibi
1753 4467 1909 4521 vide-

2011 3324 2274 3379 unquam
2320 3306 2421 3361 uni
2472 3304 2801 3376 singulares
2850 3320 3172 3360 occurrere.
3207 3305 3290 3359 En
3323 3304 3465 3358 mihi
3501 3303 3658 3375 capi-

2010 3397 2113 3453 tali
2150 3395 2376 3467 judicio
2427 3393 2802 3465 periclitanti,
2835 3411 2901 3451 ac
2950 3394 3095 3449 diris
3129 3394 3381 3449 vinculis
3413 3394 3660 3449 constri-

2012 3491 2125 3551 cto,
2162 3486 2458 3539 funestum
2512 3483 2853 3555 supervenit
2882 3484 3213 3539 auctarium
3265 3483 3665 3556 irreparabilis

2004 3579 2248 3648 jactura:
2293 3574 2506 3647 capitis
2556 3575 2912 3641 cbarissimi,
2963 3575 3163 3641 etiam,
3197 3576 3351 3647 quod
3404 3574 3661 3629 dolorem

2014 3665 2295 3731 incendit,
2330 3681 2506 3719 causa
2561 3682 2689 3719 mea
2740 3664 3028 3719 exstincti.
3065 3666 3195 3720 Haec
3242 3665 3324 3719 ita
3355 3665 3662 3735 deploran-

2014 3759 2126 3809 tem
2163 3758 2529 3818 invenerunt,
2563 3755 2659 3822 qui
2710 3754 2990 3824 postridie
3033 3756 3208 3825 jussu
3260 3753 3527 3825 praetoris
3560 3754 3661 3807 de-

2015 3862 2131 3898 nuo
2164 3846 2421 3898 citarunt
2469 3844 2863 3913 stitcruntque
2893 3843 3316 3910 Vestigatorem
3351 3843 3421 3897 ad
3474 3843 3659 3896 tribu-

2018 3933 2131 3989 nal.
2169 3935 2250 3987 lbi
2278 3934 2461 4003 judex
2508 3932 2622 3988 alte
2669 3934 2981 3988 considens
3015 3949 3027 3987 :
3064 3932 3209 3998 Quid
3252 3931 3382 3997 tibi,
3414 3949 3445 3986 ο
3480 3932 3661 3986 Vesti-

2017 4029 2199 4094 gator,
2235 4023 2333 4086 ait,
2367 4021 2597 4076 consilii
2651 4039 2763 4076 nox
2812 4021 3044 4076 attulit?
3085 4038 3225 4076 num
3281 4023 3517 4076 tandem
3569 4021 3658 4073 in-

2017 4111 2233 4165 duxisti
2264 4112 2320 4165 in
2354 4111 2618 4165 animum
2664 4112 2827 4165 fateri
2884 4112 3039 4181 quod
3090 4112 3395 4179 agnoscis?
3426 4110 3664 4164 Cunctis

2012 4201 2134 4270 jam
2162 4204 2361 4270 patent
2382 4204 2482 4254 tua
2504 4200 2745 4267 scelera,
2769 4216 3059 4271 nemoque
3084 4217 3197 4254 non
3223 4201 3469 4254 miratur
3489 4200 3666 4253 conli-

2020 4289 2280 4342 dentiam
2334 4294 2519 4353 tuam,
2556 4288 2982 4360 perseverantis
3032 4289 3280 4343 inficiari
3332 4289 3666 4343 manifesta.

2024 4377 2196 4433 Nulla
2217 4376 2321 4431 tibi
2346 4378 2467 4447 jam
2500 4377 2724 4449 reliqua
2746 4380 3044 4433 excusatio
3067 4382 3184 4446 est;
3211 4394 3276 4432 ac
3298 4377 3413 4432 nisi
3436 4394 3673 4431 summa

2022 4472 2077 4521 et
2126 4466 2358 4520 infinita
2407 4468 2674 4537 quaedam
2727 4467 3127 4522 misericordia
3176 4468 3332 4537 regis
3383 4473 3557 4531 esset,
3612 4473 3673 4520 tu

248 4564 369 4623 tur,
403 4553 814 4623 archimagire,
843 4553 914 4606 de
947 4552 1059 4605 ista
1085 4556 1186 4605 tua
1220 4552 1473 4606 mirabili
1509 4553 1914 4625 physiologia?
1946 4595 1991 4657 D
2024 4555 2482 4610 fmdissimorum
2534 4556 2892 4611 constrictus
2923 4557 3281 4611 conscientia
3326 4557 3673 4622 facinorum,

252 4644 465 4699 Utrum
510 4642 721 4707 mavis,
754 4640 855 4712 qui
905 4641 1185 4713 praeditus
1236 4641 1386 4707 istis,
1422 4659 1569 4713 quas
1618 4643 1914 4714 indicasti,

251 4732 415 4786 notis
462 4730 521 4784 in
569 4730 759 4784 lucem
809 4728 1057 4795 venerit,
1091 4745 1290 4783 cavere
1321 4747 1352 4783 a
1397 4730 1550 4785 malo
1600 4748 1791 4802 posse,
1843 4750 1915 4787 an

249 4818 669 4877 inevitabiliter
690 4836 819 4873 esse
852 4818 1231 4888 improbum?
1260 4819 1312 4871 Si
1340 4819 1503 4887 prius
1534 4818 1701 4889 dicis,
1726 4822 1919 4877 inanis

252 4914 351 4965 est
382 4913 482 4962 tua
515 4906 780 4962 collectio
810 4924 821 4961 :
850 4906 1095 4961 forsitan
1120 4907 1276 4961 enim
1310 4924 1416 4979 ego
1448 4925 1620 4979 quem
1654 4927 1920 4978 accusas,

256 5002 367 5054 aut
398 4996 668 5052 similiter
701 4995 1019 5068 insignitus
1053 4996 1266 5067 quivis,
1302 4996 1515 5052 indolis
1549 4998 1759 5053 innatae
1790 5018 1917 5070 pro-

252 5087 607 5161 pensionem
637 5092 850 5141 conatu
877 5085 1115 5140 virtutis
1150 5085 1548 5141 inﬂexerimus
1582 5088 1636 5141 in
1667 5095 1919 5159 rectum;

253 5179 310 5235 si
374 5176 628 5232 alterum
690 5176 912 5241 fateris,
955 5194 1149 5231 nonne
1198 5193 1374 5247 quam
1437 5177 1926 5250 inconsequenter

248 5268 525 5339 loquaris
559 5267 750 5341 vides,
774 5268 877 5337 qui
912 5284 1141 5338 poenam
1176 5285 1439 5338 apponas
1472 5270 1569 5323 ubi
1604 5270 1924 5342 culpa'non

253 5364 372 5415 est.
408 5358 571 5421 Quod
608 5357 655 5411 si
694 5356 992 5427 recipitur,
1032 5356 1169 5427 quid
1224 5358 1293 5411 de
1348 5362 1400 5411 te
1450 5358 1585 5413 fiet?
1616 5377 1750 5415 nam
1785 5367 1928 5433 quot

247 5448 377 5504 eris
412 5446 729 5517 suppliciis
764 5448 1136 5510 mactandus,
1167 5445 1215 5500 si
1248 5447 1513 5501 omnium
1548 5465 1674 5519 quae
1708 5467 1809 5521 per
1836 5452 1925 5505 vi.

250 5543 384 5592 tam
414 5535 745 5590 necessario
770 5533 860 5589 vel
888 5535 1073 5591 fecisti
1098 5534 1185 5591 vel
1211 5553 1421 5606 passus
1452 5554 1533 5601 es,
1560 5555 1734 5594 causa
1772 5558 1927 5595 nunc

244 5626 366 5682 tibi
401 5625 676 5695 dicenda,
710 5624 928 5679 invidia
972 5626 1341 5691 sustinenda,
1370 5628 1582 5681 luenda
1614 5630 1928 5699 expianda-

239 5732 373 5788 que
395 5714 761 5770 cruciatibus
787 5715 1150 5771 conscientia
1173 5716 1251 5771 sit
1271 5718 1292 5770 ξ’
1311 5716 1556 5789 Ecquid,
1582 5720 1780 5789 stulte,
1798 5721 1926 5791 jam

540 5831 810 5893 Pnaon.
861 5834 970 5893 Gn.
1019 5830 1285 5892 CXLIII.

2028 4644 2407 4714 omniumque
2429 4646 2554 4715 jam
2588 4645 2946 4717 przejudiciis
2978 4646 3317 4711 damnatus,
3342 4646 3534 4700 adhuc
3567 4646 3678 4699 uti-

2029 4750 2140 4803 que
2190 4750 2306 4788 non
2356 4734 2597 4788 viveres.
2645 4736 2730 4788 Ad
2781 4750 2849 4789 ea
2880 4735 3212 4806 Vestigator
3259 4735 3673 4800 audacissime,

2030 4822 2493 4894 Quantaeunque
2524 4823 2620 4887 sit,
2644 4823 2743 4887 ait,
2769 4823 2880 4878 ista
2912 4840 3090 4894 quam
3124 4840 3414 4879 memoras
3441 4840 3677 4879 summa

2031 4916 2088 4966 et
2136 4912 2367 4966 infinita
2420 4912 2823 4967 misericordia
2870 4913 3045 4984 regis,
3090 4918 3283 4967 tamen
3332 4930 3460 4968 eam
3512 4913 3680 4979 longe

2032 5008 2271 5071 superat
2334 5001 2741 5057 inenarrabilis
2806 5002 3226 5073 importunitas
3292 5002 3681 5058 immanitatis

2034 5095 2165 5145 tuae.
2206 5090 2381 5145 Video
2420 5090 2575 5145 enim
2609 5096 2665 5145 te
2696 5091 3143 5157 sanguinarium
3192 5092 3552 5162 mancipium
3596 5092 3683 5144 in-

2034 5178 2272 5251 expletae
2322 5180 2712 5247 crudelitatis,
2739 5181 2900 5235 sitire
2948 5198 3211 5236 cruorem
3260 5198 3471 5250 meum,
3504 5198 3687 5252 eoque

2036 5271 2156 5325 fera
2186 5269 2484 5325 voluntate
2520 5286 2928 5343 praeoccupare
2969 5289 3123 5326 sana:
3158 5272 3373 5327 mentis
3405 5273 3689 5335 officium,

2038 5377 2169 5415 mea
2210 5378 2314 5415 nec
2366 5361 2611 5416 convicti
2665 5378 2770 5416 nec
2820 5362 3085 5416 damnati
3123 5366 3328 5428 morte,
3356 5369 3558 5417 contra
3608 5360 3693 5415 fas

2036 5467 2230 5517 omne,
2250 5451 2633 5505 decernenda.
2654 5455 2769 5506 Nec
2793 5451 2977 5505 miror
2998 5459 3049 5507 te
3074 5451 3376 5521 talem.qui
3398 5450 3535 5505 olim
3568 5468 3694 5521 pes-

2039 5540 2253 5594 simum
2291 5540 2571 5609 noverim,
2595 5546 2651 5595 et
2693 5542 2773 5595 ita
2808 5546 3017 5595 natura
3049 5547 3452 5612 comparatum
3489 5542 3691 5603 sciam,

2040 5634 2103 5684 ut
2148 5647 2381 5702 semper
2428 5632 2683 5703 optimos
2736 5632 3080 5703 nequissimi
3137 5631 3391 5703 pessime
3442 5631 3688 5686 oderint.

2044 5721 2155 5775 Has
2205 5720 2594 5777 contumelias
2642 5738 2846 5792 equus
2896 5738 2961 5777 ac
3013 5722 3354 5777 moderatus
3396 5721 3594 5791 Judex,
3632 5726 3695 5775 ut

3332 5841 3401 5897 41
