4226 6460
648 393 779 446 1291

2154 397 2543 461 Αρρεικζῡιχ..

3922 394 4059 447 1292

645 518 856 573 medici
903 518 1072 573 mites
1123 533 1410 589 aegrorum
1458 516 1836 571 delirantium
1889 515 2288 583 intemperies,
2322 520 2374 584 Α
2405 517 2495 571 sui
2539 517 2785 584 domini,
2819 536 2951 581 cum
2987 536 3103 590 quo
3155 518 3300 591 ipsis
3331 518 3728 573 intercedebat
3775 518 4060 585 amicitia,

642 607 939 678 sapienter
982 607 1191 670 ferens,
1230 606 1385 659 Bona
1436 605 1627 669 verba,
1661 604 1872 675 inquit,
1905 609 1962 658 et
1994 605 2206 659 frustra
2231 610 2287 659 et

644 713 760 750 non
794 697 848 749 in
884 700 1163 767 tempore,
1196 694 1547 764 Vestigator,
1574 693 1875 760 irasceris;
1909 710 2036 763 qua:
2069 694 2285 749 audisti

642 784 841 839 minus
891 786 997 839 tibi
1048 789 1234 856 grata,
1268 801 1336 839 ex
1386 783 1573 839 oilicio
1624 784 1808 847 nostri
1841 782 2101 839 muneris
2134 783 2289 847 dicta

639 873 818 929 libere
850 881 990 931 sunt
1024 894 1035 931 :
1073 892 1207 930 nam
1264 874 1641 930 dissimulare
1671 890 1777 928 nos
1827 872 1981 927 haud
2015 873 2288 928 convenit

638 980 787 1033 quos
819 967 887 1019 ad
937 966 1316 1021 coercendam
1367 964 1770 1035 improborum
1824 963 2126 1039 audaciam
2181 979 2284 1016 au-

635 1054 904 1111 ctoritate
935 1072 1001 1111 ac
1036 1060 1319 1127 potestate
1369 1054 1602 1125 publica
1635 1054 1905 1127 princeps
1939 1069 2003 1120 ac
2033 1051 2284 1123 populus

636 1148 901 1207 armavit.
937 1150 1242 1210 Caeterum,
1275 1144 1323 1199 si
1356 1144 1487 1215 quis
1526 1144 1677 1214 apud
1722 1150 1778 1209 te
1816 1140 2077 1196 consiliis
2110 1142 2283 1197 bene-

635 1240 780 1296 volis
815 1241 977 1295 locus
1009 1242 1119 1301 est,
1150 1240 1353 1290 auctor
1384 1249 1737 1307 magnopere
1772 1232 1875 1304 tibi
1908 1248 2059 1303 sum,
2090 1235 2153 1301 ut
2186 1247 2281 1285 ne-

637 1330 908 1386 cessitate
939 1328 996 1381 in
1032 1342 1204 1381 usum
1228 1340 1417 1391 versa,
1442 1322 1736 1393 brevibus,
1766 1337 1912 1391 quas
1937 1320 2135 1392 fugere
2167 1336 2281 1374 non

639 1426 823 1491 potes,
858 1417 1035 1487 hujus
1080 1414 1362 1485 temporis
1418 1412 1601 1481 pmnis
1652 1410 1947 1483 sapienter
1998 1408 2182 1485 utaris
2210 1410 2280 1484 ad

635 1508 968 1566 redimenda
1002 1504 1289 1576 supplicia
1321 1508 1533 1567 aeterna
1566 1518 1693 1572 quas
1723 1498 1987 1575 gravium
2020 1497 2284 1561 conscios

635 1601 915 1659 scelerum
970 1597 1294 1668 inexpletos
1334 1612 1402 1660 ex
1447 1593 1553 1660 hac
1589 1593 1704 1649 vita
1749 1597 2122 1666 transeuntes
2156 1606 2279 1644 ma-

636 1696 795 1748 nent.

704 1817 851 1871 VIII.
888 1814 988 1869 His
1020 1817 1222 1867 contra
1266 1810 1349 1865 sic
1381 1807 1637 1864 occurrit
1667 1804 2191 1861 obﬁrmatissimus
2223 1802 2279 1856 in

632 1906 1005 1963 contumacia
1037 1900 1288 1956 nebulo:
1314 1898 1455 1953 Novi
1488 1902 1544 1953 et
1576 1912 1702 1967 ego,
1739 1894 1972 1965 quando
2004 1897 2060 1947 et
2090 1896 2286 1963 quate-
2318 1910 2364 1975 Β

633 2014 745 2051 nus
776 2010 925 2066 opus
964 1996 1071 2055 est,
1109 1990 1446 2061 praehaberc
1496 1986 1855 2056 sempiterna
1906 1980 2283 2037 transitoriis.

633 2086 852 2140 Verum
887 2082 1029 2152 quid
1082 2082 1202 2135 haec
1233 2079 1301 2133 ad
1350 2081 1690 2146 praesentem
1725 2088 1985 2135 causam,
2020 2070 2117 2125 ubi
2170 2086 2283 2123 non

637 2175 778 2247 quid
814 2188 981 2243 agere
1014 2170 1256 2224 debeam
1292 2168 1398 2221 rite
1430 2163 1885 2229 damnatus,sed
1913 2178 1983 2215 an
2017 2158 2284 2214 damnari

628 2267 765 2336 jure
798 2262 1017 2333 possim
1060 2256 1376 2330 quaeritur?
1423 2256 1531 2309 Aio
1584 2270 1685 2322 ego
1735 2257 1792 2306 et
1841 2266 2164 2322 persevero,
2202 2250 2284 2302 uti

634 2354 838 2416 debeo,
888 2346 1385 2411 constantissime,
1438 2346 1809 2398 innocentem
1872 2357 1964 2394 me
2024 2336 2286 2393 accusari

631 2444 781 2498 falso
841 2458 905 2497 ac
966 2436 1373 2495 circumveniri
1438 2451 1537 2505 per
1594 2431 1942 2489 calumnias.
2006 2430 2091 2483 Tu
2152 2444 2285 2481 vero

629 2548 864 2603 aequum
899 2545 1124 2593 censes,
1159 2524 1453 2597 cooperari
1490 2538 1581 2579 me
1614 2519 1911 2593 iniquitati
1946 2518 2285 2589 opprimen-

629 2623 778 2677 tium
810 2638 919 2675 me.
948 2620 1095 2683 Quid
1131 2618 1284 2671 enim
1315 2615 1474 2669 aliud
1515 2612 1690 2668 fuerit
1722 2608 2009 2674 mendaci,
2036 2607 2188 2678 quod
2225 2609 2284 2659 tu

628 2711 905 2775 hortaris,
941 2708 1309 2763 conlcssione
1361 2705 1659 2774 imponere
1691 2697 2061 2755 conscientiae
2122 2711 2285 2763 meae,

628 2808 684 2857 et
720 2804 937 2871 tingere
989 2815 1081 2853 me
1131 2796 1337 2850 fecisse
1370 2808 1496 2864 qua:
1552 2809 1663 2848 non
1720 2788 1873 2844 feci?
1924 2786 2127 2841 Scelus
2178 2784 2287 2837 hoc

627 2892 919 2948 enimvero
972 2888 1139 2953 foret,
1193 2885 1323 2939 istis
1371 2900 1497 2953 qua:
1550 2877 1849 2939 intentasti
1903 2878 2108 2930 futurae
2159 2873 2285 2927 vitae

631 2980 943 3035 immensis
994 2975 1302 3047 suppliciis
1358 2972 1661 3037 luendum,
1694 2984 1807 3040 quo
1862 2970 2083 3029 avertat
2135 2968 2285 3018 Deus

632 3090 699 3126 ne
747 3087 837 3125 mc
878 3066 1292 3124 contaminem.
1319 3069 1403 3116 An
1429 3062 1585 3116 enim
1622 3059 1803 3114 levius
1831 3055 2137 3115 arbitraris
2160 3068 2288 3123 pec-

627 3178 781 3226 care,
809 3160 975 3215 fama:
999 3173 1065 3211 ac
1089 3154 1301 3210 salutis
1322 3150 1721 3217 voluntarium
1759 3146 2115 3218 proditorem
2144 3160 2284 3211 suae,

628 3266 806 3321 quam
832 3246 1178 3303 insidiantes
1202 3243 1389 3298 alieno
1414 3240 1587 3312 capiti
1616 3256 1679 3292 ac
1702 3234 2017 3306 sanguini?
2046 3234 2285 3305 Equius

624 3357 759 3412 ergo
792 3355 892 3393 vos
926 3353 1053 3391 mea
1085 3335 1204 3389 vice
1244 3348 1535 3396 moneam,
1571 3334 1633 3383 ut
1680 3327 1855 3394 etiam
1889 3329 2065 3397 atque
2092 3324 2271 3398 etiam

622 3429 869 3483 videatis
904 3443 974 3481 ne
1006 3426 1153 3481 foede
1203 3422 1385 3479 ruatis
1418 3420 1531 3476 isto
1565 3433 1776 3473 cursu:
1828 3416 2025 3485 idque,
2080 3428 2270 3487 meam

621 3516 871 3573 insontis
920 3513 1356 3569 damnationem
1414 3506 1849 3581 praecipilando,
1900 3501 2273 3563 consciscatis

624 3608 779 3679 quod
832 3622 963 3661 sera
1014 3602 1224 3657 deinde
1258 3598 1597 3670 poenitentia
1650 3594 2049 3665 nequidquam
2104 3596 2273 3679 opta-

623 3678 761 3751 bitis
821 3694 1127 3758 infectum,
1161 3690 1279 3745 tale
1338 3687 1702 3759 experientes
1750 3681 2051 3753 quidpiam
2104 3678 2275 3751 quale

625 3787 760 3842 olim
796 3782 1041 3853 contigit
1072 3779 1308 3836 testanti
1344 3795 1466 3847 quas
1508 3792 1622 3832 non
1664 3774 1906 3827 viderat.
1941 3770 2041 3829 Vir
2074 3770 2183 3826 fuit
2217 3770 2275 3829 in

628 3876 832 3947 primis
861 3874 1041 3929 totius
1094 3871 1269 3926 India:-
1316 3867 1590 3939 copiosus
1622 3868 1677 3918 et
1710 3861 1943 3927 nobilis,
1978 3862 2077 3931 qui
2127 3858 2274 3913 acci-

627 3968 849 4038 pitrum
886 3961 1126 4017 custode
1155 3959 1428 4013 utebatur
1460 3970 1711 4025 nequam
1746 3968 1811 4006 ac
1847 3949 2158 4021 libidinoso
2185 3948 2273 4021 ju-

624 4036 788 4120 vene,
816 4053 1049 4107 natione
1080 4054 1273 4113 Persa.
1312 4046 1413 4105 Hic
1446 4043 1630 4102 oculis
1663 4038 2003 4112 cupiditatis
2034 4036 2279 4105 adjectis

626 4149 695 4203 ad
732 4161 969 4201 uxorem
1013 4139 1104 4197 sui
1148 4138 1393 4203 domini,
1430 4141 1750 4191 matronam
1805 4133 2000 4188 formae
2053 4129 2281 4201 pudici-

624 4238 832 4307 tiazque
866 4230 1223 4304 praastantis,
1258 4246 1324 4283 eo
1365 4223 1709 4282 temeritatis
1741 4221 1856 4278 ruit
1905 4225 1970 4285 ut
2024 4221 2278 4291 furorem

622 4328 670 4381 ei
708 4341 876 4381 suam
930 4321 1094 4376 fateri
1139 4336 1251 4375 non
1287 4321 1603 4384 vereretur,
1639 4330 1704 4367 ac
1754 4313 2028 4380 rejectus,
2064 4315 2127 4368 ut
2179 4326 2284 4381 par

619 4421 763 4484 crat,
798 4415 868 4469 ab
924 4408 1344 4466 honestissima
1394 4404 1660 4471 muliere,
1696 4407 1851 4467 tolus
1905 4400 2173 4467 incubuit
2222 4399 2279 4455 in

620 4506 987 4576 propositum
1054 4498 1331 4554 atrociter
1389 4493 1736 4549 ulciscenda:
1795 4490 2064 4561 repulsae.
2135 4490 2281 4559 Ergo

618 4612 751 4650 cum
789 4591 1062 4648 familiari
1099 4587 1419 4643 exercendo
1463 4582 1713 4654 aucupio
1748 4582 1893 4635 duas
1926 4580 2072 4635 forte
2103 4594 2281 4633 vena-

2403 606 2661 678 hospitio
2689 625 2919 663 usuros.
2954 609 3192 664 Interim
3226 612 3421 663 autem
3479 608 3617 679 pica:
3666 608 3885 662 dictata
3914 624 4061 678 quo-

2401 697 2886 771 tidierrecilantes
2929 698 3304 764 oblectationi
3350 697 3694 770 domesticis
3742 702 3931 761 erant,
3960 712 4063 768 pe-

2402 786 2697 859 regrinum
2735 786 2993 859 humano
3045 786 3295 855 similem
3330 804 3359 841 e
3391 786 3595 845 rostris
3637 785 3922 840 emissum
3952 801 4058 838 vo-

2399 872 2628 947 lucrum
2663 875 3095 949 admirantibus
3126 892 3359 943 sonum,
3392 874 3623 935 nemine
3655 880 3847 931 tamen
3876 873 4053 927 intel-

2398 962 2614 1034 ligente
2647 966 2787 1041 quid
2822 967 2995 1025 verba
3036 966 3437 1041 signiﬁcarent
3470 982 3482 1020 :
3517 967 3731 1038 quippe
3762 981 3894 1020 cum
3932 980 4050 1019 non

2396 1059 2553 1109 esset
2609 1054 2687 1110 ibi
2742 1054 2898 1124 ullus
2946 1056 3045 1126 qui
3080 1056 3255 1111 sciret
3313 1056 3563 1123 Persice,
3597 1061 3803 1127 pro-ter
3860 1070 4049 1108 unum

2398 1142 2589 1217 ipsum
2620 1144 2844 1201 fraudis
2879 1145 3183 1215 artiﬁcem.
3208 1145 3459 1216 Jamque
3491 1145 3547 1199 in
3583 1144 3858 1211 viciniam
3893 1146 4052 1197 fama

2396 1237 2790 1308 emanaverat,
2843 1238 2900 1304 et
2956 1234 3168 1299 domus
3222 1234 3711 1311 frequentabatur
3756 1249 4051 1287 concursu

2394 1328 2789 1402 curiosorum,
2822 1329 3025 1403 audire
3067 1330 3440 1403 gestientium
3489 1331 3748 1395 humano
3780 1345 4054 1386 sermons

2396 1422 2625 1481 ulentes
2684 1418 2875 1493 alites,
2932 1436 2997 1493 ac
3052 1420 3323 1492 videlicet
3379 1420 3765 1489 invidentium
3826 1420 4056 1475 Persidi

2394 1506 2736 1574 felicitatem
2798 1526 3027 1577 raram;
3085 1510 3211 1580 ipsa
3269 1526 3502 1581 quoque
3554 1509 3847 1577 interdum
3908 1526 4054 1580 gau-

2394 1597 2568 1651 dente
2595 1597 3064 1666 matrefamilias,
3087 1599 3288 1669 quanti
3314 1599 3404 1667 sui
3431 1598 3672 1670 periculi
3696 1598 4053 1659 miraculum

2392 1684 2501 1739 hoc
2544 1690 2721 1755 esset,
2772 1690 2896 1741 tum
2951 1688 3144 1765 adhuc
3175 1687 3377 1766 ignara
3428 1693 3485 1741 et
3532 1688 3661 1742 ideo
3706 1704 3934 1763 secura.
3966 1693 4055 1744 Ba

2391 1774 2513 1828 vice
2545 1791 2741 1835 rerum
2793 1762 3111 1853 adveniunt
3148 1762 3467 1847 exspectati
3516 1776 3703 1832 Persa;
3753 1762 4052 1850 proceres,

2397 1868 2611 1919 etcum
2656 1869 2775 1920 toto
2826 1866 3109 1943 comitatu
3142 1865 3514 1942 excipiuntur
3560 1866 3838 1938 hospitali
3872 1872 4051 1935 tecto,

2399 1970 2501 2024 pro
2533 1954 2757 2031 domini
2798 1955 2963 2027 copia
3012 1960 3067 2010 et
3116 1956 3508 2025 humanitate,
3543 1954 4049 2026 splendidissime.

2400 2050 2590 2128 Prima
2638 2056 2824 2122 nocte,
2861 2052 3115 2117 triclinio
3169 2052 3479 2127 magniﬁce
3527 2058 3753 2128 ornato,
3788 2052 4055 2107 lautissi-

2399 2126 2735 2215 misepulis
2766 2142 3084 2217 gratulatio
3130 2126 3442 2217 admentus
3475 2126 3799 2197 amicorum
3834 2141 4054 2212 geniali

2400 2228 2603 2306 laetitia
2649 2229 3100 2307 celebrabatur:
3136 2231 3370 2307 quando
3418 2230 3526 2301 rite
3575 2230 3771 2300 libatis
3816 2232 3926 2286 sub
3959 2249 4058 2286 se-

2396 2318 2624 2373 cundas
2666 2336 2898 2395 mensas
2954 2319 3077 2374 Jovi
3128 2321 3297 2391 xenio
3352 2320 3600 2391 poculis,
3652 2322 3926 2375 renidens
3976 2323 4055 2377 ad

2396 2408 2659 2481 liospites
2708 2410 2855 2463 festa
2905 2409 3199 2483 hilaritate
3250 2427 3424 2465 cmnaa
3475 2414 3684 2481 pater:
3718 2412 4052 2480 Assuetam,

2399 2497 2606 2567 inquit,
2662 2498 2936 2571 hospitiis
2983 2498 3326 2553 vestratium
3380 2499 3572 2555 inistis
3621 2501 3895 2565 domum;
3932 2516 4054 2554 non

2396 2586 2551 2640 enim
2586 2604 2685 2640 vos
2718 2604 2747 2641 e
2778 2586 3012 2642 Perside
3063 2590 3284 2659 primos
3324 2589 3667 2660 accipimus.
3705 2589 3880 2644 Bonis
3926 2590 4055 2643 avi-

2397 2677 2509 2730 bus
2557 2676 2845 2755 auspicati
2894 2678 3312 2733 commercium
3366 2678 3649 2743 faustum,
3685 2680 3968 2737 facundus
4021 2697 4055 2734 e

2396 2772 2587 2820 vestra
2621 2768 2807 2839 patria
2837 2768 3057 2833 dudum
3099 2768 3413 2822 aCCersitas
3448 2767 3535 2820 hic
3567 2767 3855 2822 habemus
3886 2768 4056 2821 volu-

2394 2871 2545 2910 cres.
2580 2856 2728 2928 Tum
2773 2856 3027 2925 innucns
3078 2857 3448 2928 accipitrario
3498 2862 3563 2911 ut
3606 2856 3851 2911 inferret
3885 2857 4060 2927 picas

2399 2945 2870 3015 Recognoscetis,
2924 2947 3177 3017 perrexit
3228 2946 3440 3012 dicere,
3490 2962 3623 2999 cum
3675 2948 3954 3018 quadam,
3988 2952 4061 3001 ut

2397 3050 2586 3111 spero,
2612 3022 3200 3107 voluptate'linguam
3234 3040 3509 3101 vestram.
3544 3041 3754 3108 Magna
3784 3036 4057 3091 omnium

2397 3124 2825 3191 exspectatione
2871 3126 3213 3199 introducta}
3246 3126 3373 3197 duae
3427 3141 3631 3190 caveae,
3665 3125 3930 3196 picarum
3964 3131 4060 3179 to-

2396 3213 2575 3266 tidem
2629 3212 2965 3289 diversoria,
3026 3212 3149 3283 loco
3209 3214 3488 3291 eminenti
3548 3210 3931 3269 collocantur.
3965 3214 4061 3268 Fit

2318 3272 2358 3337 C
2396 3282 2722 3369 silentium,
2755 3301 2874 3379 illis
2921 3272 3231 3379 edentibus
3263 3282 3577 3375 etusaapius
3628 3303 4058 3377 replicantibus

2383 3390 2735 3468 cantilenam
2782 3378 3038 3463 solitam.
3074 3392 3177 3447 Hic
3220 3392 3514 3448 enimvero
3548 3397 3732 3448 Persae
3765 3410 4047 3463 proceres

2386 3480 2608 3556 mirari,
2662 3481 2908 3536 innuere
2954 3482 3227 3560 invicem,
3267 3498 3399 3535 mox
3452 3482 3627 3536 etiam
3676 3482 4060 3549 erubescere,

2385 3579 2628 3648 asseclis
2660 3579 2921 3659 ipsorum
2966 3584 3023 3634 et
3069 3580 3357 3659 ministris
3388 3597 3456 3635 ex
3486 3581 3688 3659 eadem
3743 3586 3916 3653 gente
3950 3583 4061 3653 qui

2386 3672 2679 3747 astabant,
2733 3656 2895 3751 aliis
2934 3672 3135 3748 furtim
3204 3656 3639 3748 (irridentibus,
3686 3672 4053 3743 quibusdam

2388 3778 2536 3838 aegre
2568 3761 2977 3837 cohibentibus
3001 3760 3355 3837 cachinnum
3380 3766 3810 3836 erumpentem.
3839 3761 4061 3817 Obstu-

2391 3853 2514 3925 puit
2547 3851 2666 3912 haec
2697 3850 3015 3928 observans
3064 3867 3234 3927 pinnae
3282 3850 3578 3929 praebitot‘,
3611 3855 3668 3907 et
3697 3851 3850 3905 Num
3906 3852 4056 3923 quid

2389 3958 2510 4008 vos,
2548 3941 2648 4009 ait,
2682 3924 2966 4017 hospites,
2999 3924 3267 3995 in'cantn
3304 3924 3683 4016 familiarium
3720 3941 3913 4007 vobis,
3947 3959 4063 3997 no-

2393 4033 2482 4087 bis
2535 4032 2977 4104 peregrinarum
3025 4031 3270 4087 oﬂ‘endit
3301 4030 3547 4107 avium?
3596 4037 3682 4101 An
3735 4031 3964 4106 aliquid
4001 4033 4063 4087 in

2393 4122 2685 4197 sententis
2716 4121 2809 4176 hic
2848 4120 3049 4191 ignota
3080 4120 3244 4175 vobis
3284 4121 3747 4193 percipientibus
3781 4122 3925 4192 quid
3960 4140 4064 4178 so-

2393 4200 2512 4291 net,
2555 4211 2700 4287 forte
2734 4210 3049 4287 molestum
3096 4210 3351 4283 accidit?
3401 4211 3903 4285 Interpretamini,
3942 4212 4061 4287 nisi

2393 4317 2564 4375 grave
2612 4304 2722 4368 est,
2775 4300 2916 4371 quid
2967 4300 3204 4355 tandem
3239 4300 3295 4361 id
3348 4299 3445 4364 sit.
3476 4300 3560 4355 Ad
3618 4316 3685 4355 ea
3736 4300 3939 4355 senior
3987 4319 4059 4356 ex

2392 4390 2587 4462 ipsis:
2634 4394 2759 4462 Non
2818 4393 2926 4454 est,
2988 4389 3201 4460 inquit,
3254 4388 3512 4465 domine,
3572 4389 3814 4460 pudoris
3867 4391 4063 4447 nostri

2395 4480 2689 4535 notionem
2725 4479 3035 4537 verborum
3088 4495 3213 4549 quis
3248 4479 3550 4545 audimus,
3584 4477 3787 4549 lingua
3829 4479 3939 4533 tibi
3975 4481 4062 4534 fa-

2396 4569 2634 4645 miliari,
2670 4585 2845 4639 quam
2887 4572 2945 4623 et
2995 4584 3101 4622 nos
3135 4567 3229 4621 hic
3258 4566 3684 4640 peregrinando
3734 4567 4062 4625 didicimus

619 4692 718 4739 tus
750 4684 912 4755 picas
945 4684 1120 4744 esset,
1147 4680 1385 4733 domum
1421 4673 1626 4728 ambas
1649 4672 1806 4726 vivas
1834 4668 2088 4740 pertulit,
2116 4683 2277 4722 men-
2313 4658 2356 4722 D
2388 4658 2746 4731 exprimere;
2780 4658 2921 4730 quia
2952 4662 3147 4712 tamen
3173 4673 3266 4712 res
3290 4662 3381 4712 est
3401 4658 3717 4727 ejusmodi,
3743 4674 3920 4728 quam
3955 4663 4063 4713 tua

622 4754 766 4829 titus
797 4789 865 4827 ex
900 4769 1136 4825 Perside
1189 4767 1482 4832 advectas,
1517 4762 1769 4817 disertas
1804 4775 1939 4815 aves
1986 4757 2148 4813 illius
2180 4754 2279 4816 ubi

622 4867 820 4919 essent
877 4865 1024 4915 natas
1085 4855 1345 4928 regionis
1402 4853 1626 4924 lingua.
1675 4850 1815 4905 Inde
1867 4848 1997 4903 illas
2046 4847 2282 4917 assidue

625 4971 690 5011 ac
742 4948 1211 5008 laboriosissime
1262 4943 1480 5000 institit
1528 4942 1768 4998 edocere
1816 4954 2050 5003 carmen
2086 4936 2153 4992 ad
2187 4952 2275 4990 ra-

621 5045 813 5101 tiones
873 5037 1383 5097 accommodatum
1445 5028 1725 5086 destinati
1784 5025 2041 5086 sceleris.
2101 5025 2279 5081 Alteri

620 5148 877 5204 namque
914 5128 1130 5201 saepius
1180 5123 1442 5197 quotidie
1476 5119 1809 5183 inculcabat
1839 5117 1988 5171 hanc
2038 5120 2279 5171 senten-

616 5227 758 5282 tiam
806 5222 1084 5277 idiomate
1138 5215 1365 5271 Persico
1401 5230 1413 5269 :
1451 5213 1577 5267 Vidi
1622 5208 1905 5266 dominam
1948 5223 2075 5261 cum
2120 5206 2279 5275 iani-

613 5322 735 5371 tore
780 5297 1250 5375 concumbentem,
1291 5303 1458 5365 alteri
1509 5301 1631 5357 haec
1679 5300 1856 5369 verba
1907 5297 2110 5352 eadem
2160 5294 2276 5350 lin-

611 5424 726 5479 gua
762 5422 773 5461 :
809 5406 916 5475 Ego
948 5416 1074 5457 vero
1123 5401 1253 5454 licet
1287 5397 1430 5453 idem
1460 5394 1723 5458 viderim,
1756 5390 1901 5445 nihil
1950 5388 2090 5443 dico.
2128 5387 2277 5443 Insi—

611 5476 937 5553 diosissimi
969 5489 1199 5546 artificii
1256 5486 1378 5542 haec
1412 5489 1536 5541 erat
1576 5483 1745 5539 ratio.
1780 5479 2014 5535 Sciebat
2061 5476 2276 5548 accipi-

608 5586 826 5641 trarius
877 5584 1087 5637 Persas
1144 5578 1430 5649 quosdam
1490 5573 1796 5645 primarios
1842 5570 2022 5633 viros,
2052 5566 2272 5622 visendi

609 5682 737 5731 tum
772 5691 837 5730 ac
870 5670 1134 5728 discendi
1181 5685 1360 5723 causa
1407 5663 1850 5737 peregrinantes
1879 5676 1978 5730 per
2025 5657 2273 5724 Indiam,

612 5783 725 5822 non
761 5765 838 5819 ita
885 5762 1072 5817 multo
1125 5762 1255 5831 post
1284 5762 1565 5812 venturos
1598 5754 1655 5807 in
1686 5752 1890 5809 urbem
1942 5748 2187 5819 regiam,
2218 5751 2275 5803 et

2392 4748 2716 4820 plurimum
2749 4747 2995 4803 interest
3027 4763 3222 4821 nosse,
3241 4746 3492 4818 explicet
3521 4762 3588 4801 ea
3612 4746 3668 4800 in
3694 4762 3895 4801 aurem
3924 4748 4061 4813 tibi,

2390 4864 2565 4919 quem
2619 4846 3141 4917 circumducimus,
3177 4844 3490 4917 interpres.
3520 4845 3681 4899 Tunc
3704 4845 3884 4915 jussu
3919 4845 4062 4901 Per-

2390 4953 2589 4993 sarum
2623 4936 2909 4992 accedens
2950 4935 3240 5005 interpres
3290 4935 3361 4989 ad
3412 4932 3919 5006 patremfamilias,
3955 4938 4061 4989 In-

2389 5028 2517 5083 dice
2564 5026 2841 5096 reddidit,
2874 5042 3012 5081 voce
3062 5024 3365 5082 submissa
3417 5025 3572 5095 quod
3626 5023 3762 5096 picae
3814 5024 4057 5081 Persice

2390 5118 2801 5188 loquebantur.
2836 5116 3080 5172 Astabat
3130 5114 3391 5171 intentus
3436 5115 3505 5168 ad
3561 5130 3626 5170 ea
3674 5130 3799 5185 quae
3829 5113 4059 5171 ﬁebant

2389 5206 2881 5263 sceleratissimus
2940 5209 3176 5263 curator
3236 5203 3608 5275 accipitrum,
3667 5204 3767 5274 qui
3830 5204 4054 5259 ferrum

2389 5299 2530 5352 dum
2565 5296 2823 5355 fervebat
2860 5295 3233 5359 tendendum
3296 5299 3483 5360 ratus,
3530 5293 4059 5364 impudentissime

2389 5386 2665 5463 clamavit
2708 5385 2905 5441 Indico
2938 5400 3231 5452 sermone,
3265 5384 3503 5443 intuens
3552 5383 3863 5439 dominum
3902 5400 3916 5439 :
3954 5387 4054 5439 Ar-

2388 5480 2578 5547 guunt
2610 5491 2701 5530 me
2733 5474 3041 5530 inofficiosi
3076 5472 3293 5532 silentii
3330 5472 3551 5541 bestiae,
3584 5472 3723 5528 dum
3758 5474 4049 5543 probrum

2387 5573 2497 5621 tuae
2531 5566 2741 5621 domus
2780 5563 3052 5635 evulgare
3092 5566 3403 5634 occupant.
3437 5563 3589 5633 quod
3620 5578 3745 5633 ego,
3783 5579 3897 5619 non
3935 5565 4054 5617 mi-

2388 5672 2499 5711 nus
2532 5670 2709 5727 quam
2742 5654 2892 5726 ipsis
2925 5652 3067 5708 mihi
3106 5656 3478 5725 perspectum
3515 5652 3927 5725 superstitiosa
3953 5668 4051 5706 ve-

2387 5745 2667 5813 recundia
2713 5743 3000 5809 hactenus
3043 5741 3217 5798 tacui.
3255 5740 3325 5803 Ut
3353 5740 3536 5813 igitur
3566 5742 3718 5813 quod
3773 5741 4050 5797 omittere
