4248 6442
239 385 358 457 4293

1241 382 1600 435 SPECIMEN
1636 379 2037 434 SAPIENTIB
2075 379 2405 432 lNDORUM
2443 377 2604 433 VET.

3493 385 3626 438 1294

239 511 405 580 salva,
439 525 614 581 quam
652 507 756 564 tibi
792 505 1132 570 debeo,ﬁde
1162 521 1276 560 non
1327 519 1592 575 possum,
1624 502 1711 556 vel
1751 518 1880 556 sero
1909 506 1961 581 Α
1992 517 2233 573 gravare
2272 503 2610 559 testimonio
2665 505 2906 576 paratis,
2967 523 3068 576 pro
3119 525 3186 562 ea
3243 526 3364 576 quae
3421 510 3637 579 cuique

238 615 526 670 exsequar,
563 599 653 653 aio
704 612 1089 666 asseveroque
1140 595 1293 649 idem
1341 595 1496 664 quod
1541 593 1680 663 picae
1732 592 1874 646 refe-

240 695 393 757 runt,
445 688 660 742 vidisse
712 687 991 740 nimirum
1046 701 1138 738 me
1189 697 1423 753 quoque
1473 681 1635 746 hisce
1693 679 1877 734 oculis

241 795 343 853 non
391 776 570 832 semel
623 785 677 831 et
728 775 965 849 iterum,
1022 773 1120 829 sed
1183 772 1417 843 saepius,
1461 769 1773 825 adulterari
1806 768 1877 822 ab

241 867 652 925 ostiariotuam
705 866 1018 935 conjugem
1068 861 1361 931 volentem
1402 865 1460 916 et
1515 865 1877 930 poscentem.

243 958 513 1019 Eﬂ'eratus
545 961 705 1010 tanto
739 972 844 1010 suo
890 954 1172 1011 dedecore
1213 949 1656 1021 paterfamilias,
1701 947 1880 1002 simul

243 1047 450 1102 furioso
482 1046 680 1101 deﬁxit
717 1047 921 1098 obtutu
957 1043 1170 1105 eidem,
1201 1044 1257 1094 et
1288 1039 1475 1112 ipsam
1526 1055 1737 1092 mensae
1779 1053 1876 1091 ac-

243 1136 604 1190 cumbentem
641 1147 897 1196 uxorem,
943 1128 1117 1184 simul
1174 1144 1387 1182 manus
1417 1130 1472 1181 et
1517 1143 1680 1179 arma
1711 1140 1881 1193 expe-

245 1225 431 1279 diebat
460 1223 510 1277 ei
543 1222 740 1276 statim
775 1221 830 1274 in
863 1220 1052 1274 oculis
1083 1218 1459 1272 convivarum
1499 1215 1880 1270 trucidandae.

244 1315 596 1369 Obstiterunt
652 1314 1077 1380 consurgentes
1135 1307 1419 1378 hospites,
1477 1321 1588 1359 non
1634 1305 1883 1374 gratiam

244 1402 528 1476 supplicii,
583 1401 681 1455 sed
738 1416 958 1455 moram
1011 1399 1080 1452 ad
1136 1395 1531 1467 cognitionem
1582 1410 1644 1448 se
1696 1399 1887 1463 petere

245 1490 480 1545 aientes.
513 1487 751 1541 Interim
789 1485 1124 1539 miserrima
1180 1487 1472 1547 matrona,
1534 1487 1769 1550 sumpto
1819 1495 1887 1532 ex

249 1577 596 1634 conscientia
640 1576 869 1639 animo,
920 1573 1107 1626 virum
1161 1571 1252 1625 his
1299 1571 1490 1624 verbis
1530 1569 1890 1623 conﬁdenter

247 1650 559 1736 estaft'ata.‘
593 1667 675 1721 Ne
729 1664 1056 1735 praecipites
1112 1663 1551 1717 damnationem
1612 1660 1888 1713 inauditae

251 1775 373 1830 reas,
408 1738 551 1830 adeo
600 1772 714 1810 non
767 1755 1091 1828 recusantis
1143 1751 1528 1823 saavissimam
1576 1765 1799 1811 necem,
1844 1747 1888 1802 si

1987 590 2407 661 antiquissima
2439 598 2526 648 est
2559 595 2803 664 propria;
2830 595 3249 652 incolumitatis
3276 615 3434 662 cura,
3471 615 3638 668 repu-

1987 685 2198 746 tantes,
2233 685 2489 738 metuere
2523 699 2626 752 par
2655 689 2743 738 est
2777 683 3064 739 intentam
3104 686 3161 740 in
3195 687 3626 741 calumniarum

1990 769 2273 828 ultionem
2304 770 2563 841 vigiliam
2602 773 2996 841 Providentiae,
3030 779 3400 847 statuereque
3437 776 3636 830 vobis-

1991 875 2146 928 cum,
2181 877 2294 914 non
2329 861 2540 914 minori
2586 878 2686 916 vos
2745 868 2934 917 vestro
2984 879 3159 933 quam
3191 881 3319 918 meo
3381 863 3636 935 periculo

1991 949 2047 1002 in
2082 948 2190 1002 hoc
2214 948 2438 1017 judicio
2475 951 2841 1005 mentituros.

2065 1038 2161 1091 IX.
2200 1039 2325 1090 llaec
2357 1056 2389 1092 a
2420 1038 2779 1108 Vestigalore
2812 1042 3008 1095 audita
3071 1041 3366 1096 silentium
3420 1043 3647 1114 excepit

1995 1127 2337 1194 astantium,
2374 1127 2604 1182 nemine
2641 1146 2752 1183 non
2805 1146 3006 1184 eorum
3041 1132 3140 1201 qui
3173 1133 3384 1185 dicturi
3420 1133 3644 1203 aliquid

1995 1221 2293 1284 venerant,
2327 1233 2435 1272 sua
2466 1233 2643 1271 causa
2691 1219 3064 1287 formidante,
3114 1225 3232 1274 tam
3284 1227 3559 1292 argutum
3592 1226 3650 1276 et

1995 1303 2300 1374 loquacem
2336 1321 2498 1359 reum
2533 1306 3113 1363 temerelacessendo
3147 1309 3203 1363 in
3237 1327 3363 1364 sese
3396 1311 3644 1365 irritare.

1995 1394 2384 1456 Quaestionem
2419 1396 2600 1465 igitur
2649 1395 2931 1466 ampliare
2973 1403 3208 1452 coactus
3249 1400 3451 1467 judcx,
3504 1417 3644 1453 con-

1997 1487 2231 1536 ventum
2267 1483 2459 1545 solvit,
2503 1483 2654 1538 diem
2707 1485 2840 1540 inde
2894 1487 3201 1555 septimam
3265 1489 3646 1544 instaurando

1990 1570 2214 1641 judicio
2246 1573 2579 1629 condicens.
2614 1573 2828 1628 Verum
2862 1590 2927 1628 eo
2960 1575 3149 1645 spatio
3186 1577 3648 1640 prudentissima

1999 1661 2154 1732 regis
2186 1667 2370 1722 mater
2401 1661 2583 1715 lilium
2617 1663 2843 1727 adiens,
2876 1664 3206 1734 Quousque,
3235 1666 3448 1735 inquit,
3473 1667 3647 1720 susti-

2001 1766 2104 1804 nes
2135 1757 2434 1804 versutum
2468 1751 2624 1804 hunc
2681 1751 3138 1823 vitilitigatorern
3171 1753 3273 1808 tibi
3321 1760 3376 1808 et
3424 1755 3650 1826 legibus

249 1838 464 1904 crimen
495 1846 645 1917 quod
672 1844 950 1913 objicitur
990 1857 1189 1911 verum
1247 1845 1356 1896 est.
1417 1844 1481 1893 ut
1537 1844 1893 1909 occupatura
1925 1871 1970 1934 Β
2001 1838 2283 1894 illudere‘?
2322 1840 2557 1908 Excute,
2600 1858 2797 1912 quaeso
2847 1847 2920 1911 te,
2964 1842 3283 1912 proculque
3331 1843 3498 1914 abige
3547 1862 3650 1899 su-

251 1937 396 1991 ultro
431 1935 622 1990 fuerit.
649 1939 787 1986 Cave
827 1937 995 2004 putes
1021 1930 1247 2005 vocales
1271 1945 1405 1983 aves
1438 1929 1591 1998 quod
1645 1926 1893 1981 viderint

247 2028 490 2092 referre;
525 2023 778 2078 reddunt
809 2037 935 2094 quae
967 2019 1302 2084 audierunt,
1336 2035 1461 2088 quae
1514 2017 1717 2082 artifex
1767 2031 1891 2068 sce-

252 2116 386 2170 leris
423 2113 640 2178 docuit,
677 2109 1172 2181 recitant,ignarae
1208 2108 1342 2178 ipsae
1385 2107 1524 2176 quid
1557 2106 1893 2177 loquuntur.

247 2205 414 2274 Jube,
439 2203 485 2258 si
521 2201 778 2279 dubitas,
829 2197 1175 2273 interrogari
1235 2213 1306 2250 ne
1365 2195 1495 2270 aliis
1550 2211 1648 2262 eas
1695 2193 1895 2266 lingua

247 2312 360 2367 qua
393 2288 512 2347 haec
554 2292 778 2358 dicunt,
811 2289 859 2343 si
894 2288 1132 2342 verbum
1191 2289 1488 2368 praeterea,
1521 2283 1608 2338 vel
1653 2283 1890 2336 unicum

241 2382 527 2440 sermonis
561 2379 796 2453 Persici,
851 2383 953 2432 aut
1001 2375 1326 2446 intelligere
1374 2373 1753 2436 videbuntur,
1795 2375 1897 2425 aut

2004 1928 2369 1998 pertitiosum
2409 1935 2622 1988 metum
2654 1933 2907 1996 errandi,
2954 1932 3255 1987 subdendo
3302 1934 3486 2003 pomis
3521 1951 3647 1987 ma-

2005 2018 2209 2071 nifeste
2243 2018 2465 2078 meritis
2494 2020 2998 2090 improbissimum
3031 2027 3226 2092 caput,
3261 2025 3428 2091 cujus
3461 2038 3530 2076 ex
3552 2039 3648 2077 ore

2003 2107 2129 2175 ipso
2159 2107 2314 2162 domi
2349 2125 2465 2165 suae
2495 2109 2618 2164 sine
2667 2108 2873 2164 timore
2932 2110 3134 2164 arbitri
3197 2127 3330 2165 vera
3388 2111 3651 2175 fatentis,

2002 2195 2336 2266 leopardus,
2370 2199 2692 2267 quantaevis
2741 2204 2944 2253 auctor
2991 2198 3146 2264 fidei,
3195 2201 3416 2253 audivit
3465 2201 3654 2255 diser-

2006 2288 2294 2340 tissimam
2327 2287 2750 2341 confessionem
2777 2288 3155 2342 circumventi
3191 2290 3519 2359 proditione
3552 2305 3654 2343 ne-

2006 2376 2432 2431 fariainsontis
2463 2377 2636 2431 tauri.
2670 2379 2816 2442 Quid
2879 2377 3010 2433 aliis
3070 2385 3348 2448 praeterea
3406 2381 3656 2434 testibus

242 2488 520 2545 reponere
554 2473 827 2544 poterunt
851 2466 1214 2536 rogantibus,
1249 2462 1479 2517 cunctis
1513 2479 1605 2515 me
1634 2465 1894 2516 tormen-

235 2564 311 2618 tis
337 2555 625 2616 excrucia.
661 2563 809 2612 Fons
843 2555 1056 2627 piaculi
1091 2554 1267 2609 totius
1303 2553 1479 2621 hujus
1539 2550 1894 2622 accipitrarii

237 2649 581 2722 nequissimi
634 2644 1089 2702 effrenatissima
1142 2642 1317 2719 libido
1395 2645 1500 2711 est.
1562 2640 1662 2693 Ille
1713 2657 1895 2692 ausus

237 2746 463 2797 tentare
500 2736 840 2812 pudicitiam
877 2749 1089 2798 meam,
1125 2731 1223 2785 ubi
1256 2731 1508 2799 rejectus
1540 2729 1729 2796 audiit
1772 2746 1895 2799 qua:

242 2829 477 2897 meruit,
513 2827 620 2881 has
645 2824 948 2900 adornavit
971 2823 1212 2876 technas
1238 2817 1382 2888 mihi
1415 2820 1743 2893 perdendae;
1770 2835 1898 2872 suc-

242 2920 504 2990 cedente,
552 2920 618 2969 ut
671 2915 786 2970 fere
838 2913 920 2980 fit,
969 2912 1026 2965 in
1091 2910 1280 2982 locum
1346 2908 1616 2996 flagitiosi
1680 2908 1896 2984 amoris

243 3014 441 3081 optato
493 3005 778 3070 frustrati,
830 3002 1212 3077 sanguinaria
1258 3000 1628 3073 immanitate
1693 2999 1897 3069 tragici

2007 2480 2154 2534 Opus
2185 2470 2291 2529 est,
2324 2471 2422 2518 aut
2453 2481 2734 2535 quorsum
2789 2467 3093 2536 inquisitio
3155 2469 3519 2537 producitur,
3557 2469 3657 2523 ubi

2007 2554 2225 2608 crimen
2261 2555 2539 2610 tenetur?
2562 2555 2683 2609 Non
2718 2555 2879 2610 vides
2898 2556 3002 2611 hoc
3022 2573 3448 2626 supervacaneo
3468 2558 3657 2628 legiti-

2009 2643 2470 2712 maequzestionis
2498 2650 2780 2713 apparatu
2834 2662 3064 2702 scenam
3085 2646 3357 2701 adornari
3393 2646 3658 2700 artiﬁciis

2009 2731 2378 2799 callidissimi
2411 2732 2646 2793 rabula),
2684 2733 2835 2787 unde
2862 2750 2923 2787 se
2940 2735 3163 2802 jactent
3186 2751 3373 2804 usque
3393 2735 3461 2788 ad
3481 2728 3654 2804 'plau-

2010 2839 2141 2874 sum
2177 2821 2594 2890 imperitorum,
2619 2828 2672 2875 et
2693 2823 3052 2892 triumphata
3077 2823 3433 2892 judiciornm
3469 2829 3666 2880 aucto-

2012 2910 2173 2976 ritas,
2197 2910 2454 2981 strophis
2479 2910 2832 2984 cavillator-is
2858 2912 3385 2987 impudentissimi,
3412 2911 3666 2969 ludibrio

2004 3002 2128 3071 jam
2160 3001 2313 3072 vulgi
2351 3003 2711 3056 traducatur.
2748 3003 2808 3058 In
2843 3019 3079 3058 summa
3119 3002 3202 3058 sic
3243 3004 3430 3075 habe:
3465 3003 3513 3058 si
3559 3003 3669 3058 hoc

243 3100 385 3155 odii.
411 3096 576 3152 Plura
611 3095 900 3148 dicturam
958 3089 1347 3162 interpellavit
1400 3107 1464 3143 os
1500 3091 1745 3159 ferreum
1799 3105 1899 3142 au-
2013 3089 2108 3145 ille
2133 3089 2355 3145 diutius
2381 3092 2806 3163 feratimpune,
2833 3093 3092 3148 futurum
3123 3093 3364 3150 omnino
3395 3097 3458 3146 ut
3482 3089 3669 3164 major

245 3185 547 3243 dacissimi
573 3181 1042 3245 calumniatoris,
1070 3177 1900 3251 perseveransimprobissime
1933 3232 1974 3255 η
2014 3181 2288 3255 deinceps
2322 3182 2634 3237 securitate
2684 3182 2901 3237 scelera
2951 3183 3389 3253 frequententur
3430 3198 3671 3254 persua-

243 3293 451 3332 verum
504 3291 565 3329 se
615 3253 840 3337 testari,
894 3269 1072 3336 falsas
1126 3268 1531 3341 excusationes
1591 3267 1900 3321 obtendere
1932 3253 1975 3295 δ
2017 3271 2990 3343 sisistiusexperientiasuccessus
3015 3272 3394 3343 aequissimis
3417 3271 3671 3342 quibus-

241 3370 502 3422 astutam
532 3361 882 3417 adulteram.
919 3359 1040 3413 Tali
1076 3357 1320 3432 articulo
1372 3357 1583 3422 adfuit,
1626 3362 1906 3428 tanquam
2015 3378 2149 3431 que,
2177 3362 2318 3414 satis
2345 3367 2539 3432 tutum
2565 3361 2930 3434 improbitati
2959 3361 3374 3434 praesidiumin
3403 3359 3674 3416 formulis

247 3459 402 3511 Deus
433 3471 462 3508 e
485 3451 781 3520 machina,
803 3448 1069 3514 mirabile
1096 3451 1414 3521 ostentum.
1442 3446 1650 3522 Ruptis
1674 3451 1907 3514 repente
2015 3450 2426 3523 leguleiorum,
2459 3468 2522 3503 ac
2576 3451 2909 3505 forensibus
2942 3451 3190 3525 argutiis
3242 3450 3525 3512 adversus
3557 3451 3674 3504 vim

250 3543 395 3600 loris
417 3541 724 3613 expeditus
750 3525 778 3593 e
813 3538 1033 3616 pertica
1066 3536 1358 3608 falconum
1412 3536 1728 3610 maximus,
1763 3551 1910 3605 Quos
2018 3540 2212 3618 legum
2242 3556 2370 3594 esse
2402 3540 2811 3599 constitutum.
2839 3540 2969 3605 Haec
2991 3541 3204 3612 reginae
3227 3539 3414 3610 oratio
3437 3555 3678 3596 causam

247 3637 364 3689 iste
400 3631 611 3704 nebulo
645 3630 912 3705 curabat,
948 3627 1174 3703 infestis
1206 3630 1263 3698 et
1295 3630 1482 3701 rostro
1505 3629 1561 3700 et
1612 3626 1911 3696 unguibus
2021 3627 2289 3698 absolvit.
2340 3627 2543 3683 Victus
2591 3628 2748 3683 enim
2797 3628 3048 3697 evidenti
3097 3630 3340 3702 veritate
3391 3628 3678 3700 sapientis

249 3721 546 3786 involans,
585 3701 644 3774 ei
685 3698 912 3791 oculos
943 3698 1136 3789 eruit;
1169 3698 1700 3788 consternavitque
1746 3714 1910 3781 adeo,
2023 3717 2228 3789 moniti
2281 3717 2369 3792 lego
2415 3733 2533 3785 rex,
2591 3718 2750 3793 misit
2808 3718 3193 3795 spiculatores
3263 3718 3322 3793 ἱῃ
3381 3733 3674 3773 carcerem

244 3820 374 3867 tam
408 3788 724 3866 manifesto
758 3805 1024 3883 numinis
1056 3804 1274 3881 indicio
1305 3803 1660 3874 convictum,
1713 3807 1775 3873 pt
1810 3803 1913 3857 fla-
2017 3810 2215 3879 jussos
2246 3789 2326 3860 ibi
2349 3788 2767 3882 vestigatorem
2801 3788 3147 3883 interficere.
3185 3788 3320 3873 Post
3362 3821 3490 3880 quo
3542 3822 3681 3865 nars

247 3903 468 3977 gitium
493 3902 620 3976 jam
648 3913 846 3970 suum,
885 3900 1193 3971 totumque
1242 3893 1588 3966 insidiarum
1648 3893 1914 3960 ordinem
2025 3901 2151 3970 rata
2172 3895 2453 3970 colligens
2485 3895 2906 3969 disputationis
2937 3913 3055 3952 sure
3082 3911 3376 3965 summam
3428 3910 3678 3967 gymno-

246 3972 411 4049 ultro
456 3972 741 4045 confitens
806 3986 1103 4062 panderet.
1168 3985 1252 4037 Ita
1305 3981 1526 4059 oculos,
1581 3982 1795 4062 quibus
1856 3999 1918 4036 se
2027 3985 2312 4057 sophista,
2336 3984 2462 4040 haec
2494 3985 2616 4056 regi
2645 3985 3028 4045 Abessalomo
3057 3985 3244 4054 dixit:
3277 3986 3338 4055 In
3373 3984 3530 4040 hunc
3563 4001 3683 4039 mo-

253 4081 658 4148 mentiebatur
688 4077 907 4130 vidisse
947 4091 1074 4145 quae
1109 4073 1386 4143 fingebat,
1433 4071 1766 4141 justissima
1799 4073 1921 4141 vice
2029 4074 2191 4134 dum,
2226 4072 2484 4148 domine,
2517 4073 2738 4145 ubique
2779 4090 2842 4127 ac
2873 4089 3104 4148 semper
3136 4073 3324 4147 serius
3354 4073 3520 4130 ocius
3551 4089 3682 4130 eve-

253 4173 552 4243 impostor
582 4151 806 4235 amisit,
841 4172 897 4221 et
947 4169 1216 4240 matrona
1271 4152 1550 4217 innoCens
1601 4164 1921 4233 subornato
2031 4163 2151 4237 niet
2171 4166 2235 4216 ut
2253 4160 2523 4231 quimale
2553 4161 2673 4233 agit
2706 4161 2857 4217 male
2889 4161 3169 4238 patiatur,
3201 4166 3258 4217 et
3288 4162 3618 4232 insidiator,
3640 4161 3692 4219 si

254 4261 456 4316 avium
505 4256 809 4315 mendacio
843 4253 1148 4324 infamata,
1169 4252 1293 4307 avis
1316 4251 1542 4306 ultricis
1569 4269 1683 4307 non
1714 4252 1922 4325 implo-
2032 4266 2146 4306 non
2165 4249 2364 4304 statim
2391 4249 2633 4303 cadatin
2659 4249 2883 4324 foveam
2910 4266 3086 4321 quam
3102 4248 3268 4319 alteri
3297 4249 3695 4319 foderit,brevi

253 4357 392 4406 rata
433 4346 774 4403 defensione
809 4326 1058 4416 purgata
1087 4346 1193 4396 est.
1229 4342 1371 4395 Tam
1405 4357 1537 4395 caro
1572 4342 1800 4420 procaci
1829 4343 1922 4412 ju-
2036 4338 2243 4396 saltem
2279 4338 2576 4393 similibus
2612 4338 2837 4409 laqueis
2869 4340 3330 4412 circumventus,
3362 4339 3698 4403 calamitate

252 4439 394 4494 veni
426 4436 712 4499 constitit,
763 4433 952 4489 aliena
985 4449 1097 4508 non
1148 4430 1430 4508 merentis
1478 4430 1731 4501 pernicie
1762 4448 1926 4488 men-
2035 4428 2401 4499 opprimatur
2427 4429 2554 4498 ejus
2588 4427 2710 4499 pari
2739 4445 2914 4498 quam
2953 4427 3344 4501 procuraverit
3379 4427 3620 4486 insonti.

260 4529 368 4584 tiri
400 4507 696 4582 voluisse:
729 4523 884 4594 quod
912 4538 1035 4605 vos,
1069 4506 1115 4574 si
1150 4506 1249 4591 qui
1297 4535 1390 4574 me
1440 4520 1732 4596 insontem
1784 4520 1930 4584 falso

1957 4668 2024 4679 .—

1444 4769 1642 4823 DlSSE
1655 4769 1914 4848 BTATIO
1948 4772 2406 4830 PARABOLICA
2435 4773 2533 4830 III.

1211 4878 1432 4950 Ofﬁcia,
1463 4875 1688 4958 praxim
1717 4885 1767 4932 et
1794 4879 2008 4946 fructus
2033 4894 2180 4936 verae
2207 4879 2474 4937 amicitiae
2505 4881 2776 4958 declaret.

347 5001 454 5057 His
487 5000 704 5056 auditis
737 4999 882 5053 dixit
912 5015 1010 5052 rex
1042 4995 1582 5069 gymnosophistae:
1617 4996 1771 5051 Satis
1829 4996 1941 5054 ista
1973 5001 2017 5065 D
2052 4998 2124 5054 ab
2156 4999 2736 5074 urbanajuventute,
2770 5001 2999 5072 praedas
3039 5000 3160 5056 illic
3213 5000 3586 5073 quotidianae
3634 5001 3716 5056 fa-

267 5091 536 5165 percepi;
594 5088 802 5145 vellem
861 5087 1005 5142 mihi
1039 5086 1314 5154 deinceps
1345 5084 1626 5160 exemplis
1659 5085 1945 5153 declarari
2057 5105 2184 5147 cere
2214 5090 2404 5151 solita.
2449 5091 2732 5147 Arborem
2792 5090 2911 5146 illic
2963 5109 3248 5148 annosam
3301 5093 3415 5148 late
3469 5107 3714 5163 opacam

271 5183 443 5254 leges
475 5185 531 5235 et
560 5179 754 5234 officia
777 5175 1048 5233 amicitiae
1082 5173 1430 5245 constantis.
2057 5179 2240 5235 ramis
2271 5181 2708 5247 frondentibus,
2745 5185 2897 5238 stato
2920 5181 3146 5237 dudum
3179 5181 3478 5238 domicilio
3511 5195 3722 5236 corvus

355 5270 402 5326 Ῑ.
439 5271 520 5326 Ad
581 5285 650 5324 ea
692 5265 1181 5344 gymnosophista
1234 5263 1580 5335 respondit:
1639 5264 1944 5322 Amicitiae.
2059 5269 2391 5337 insederat;
2421 5272 2593 5341 cujus
2622 5287 2652 5324 e
2683 5271 2989 5326 cacumine
3021 5287 3156 5326 cum
3188 5272 3444 5327 staretin
3478 5269 3723 5343 specula

276 5359 549 5427 domine,
579 5345 755 5425 verae,
783 5372 902 5426 qua
934 5354 1080 5408 nihil
1114 5352 1508 5425 expetibilius,
1545 5353 1690 5408 nihil
1731 5357 1948 5424 pretio-
2062 5359 2294 5430 prodire
2334 5360 2481 5414 vidit
2511 5364 2868 5429 venatorem,
2893 5377 3071 5416 manu
3098 5361 3334 5416 dextera
3363 5357 3719 5416 venabulum

277 5451 416 5520 sius
447 5449 506 5502 in
534 5447 648 5514 vita
680 5451 788 5512 est,
837 5444 1151 5518 imaginem
1209 5442 1536 5518 informabo
1591 5441 1950 5519 luculentam
2064 5453 2182 5512 rete
2206 5447 2445 5510 sinistra
2477 5454 2829 5520 portantem.
2880 5448 3069 5506 Facile
3099 5449 3383 5506 intellexit
3433 5449 3553 5505 hac
3598 5463 3723 5503 cer-

277 5540 345 5594 in
373 5515 477 5592 Ibis
508 5553 637 5616 qua:
670 5552 803 5604 mox
837 5535 1081 5589 referam
1115 5533 1184 5592 de
1216 5531 1511 5605 columba,
1548 5547 1740 5609 corvo,
1765 5550 1952 5604 mure,
2067 5554 2210 5598 nens
2241 5554 2472 5605 corvus,
2506 5529 2612 5594 suo
2644 5541 2822 5596 istum
2878 5543 2935 5594 et
2983 5540 3074 5595 sui
3121 5538 3410 5595 similium
3463 5537 3725 5611 periculo

277 5627 592 5685 testudine
626 5629 683 5681 et
713 5641 944 5696 caprea.
997 5624 1134 5677 Erat
1170 5637 1350 5694 prope
1398 5621 1720 5699 quamdam
1753 5623 1952 5680 civita-
2067 5629 2288 5694 venire,
2323 5645 2716 5701 mussansque
2747 5645 2813 5684 ac
2844 5629 2958 5684 sibi
3009 5645 3240 5697 cavens,
3288 5628 3594 5686 constituit
3636 5631 3725 5682 ta-

279 5728 413 5799 tem
446 5716 612 5772 locus
645 5720 817 5792 aptus
851 5712 1126 5785 aucupio,
1187 5712 1594 5786 frequentatus
1651 5717 1957 5784 propterea
2069 5732 2199 5773 men
2233 5721 2540 5775 observare
2563 5719 2792 5775 curiose
2824 5735 2938 5790 quo
2971 5719 3080 5774 iste
3112 5719 3308 5776 avium
3354 5716 3554 5792 generi
3597 5717 3736 5789 jure
