4226 6460
599 408 739 462 1295

2107 409 2475 461 ΔΡΡΕΝΒΙΧ
2490 443 2503 457 .

3876 409 4012 461 1296

599 537 912 604 suspectus
944 535 1261 604 apparatus
1293 535 1644 603 erumperet.
1679 531 1820 586 Ecce
1841 535 2036 586 autem
2053 532 2250 587 statim
2285 535 2337 600 Α
2369 531 2508 598 Quis
2541 536 2736 587 autem
2763 550 2874 587 non
2910 534 3167 588 adversis
3215 536 3514 587 exercetur
3570 533 3808 588 definito
3867 537 4014 588 tem-

609 628 766 694 post,
802 627 924 678 rete
955 637 1169 692 auceps
1201 621 1500 692 aliquanto
1535 638 1716 692 supra
1747 637 2020 691 campum
2070 622 2258 692 spatio

603 711 806 782 tigillis
838 726 1192 782 suspensum
1225 711 1522 779 explicuit,
1556 711 1753 782 granis
1786 711 2061 764 frumenti
2114 713 2251 764 sub-

602 807 699 856 tus
730 800 955 871 sparsis
990 825 1003 866 ;
1037 800 1252 870 quibus
1283 798 1482 870 procul
1526 799 1670 854 visis
1729 798 2001 853 columba
2057 800 2254 854 senior

603 889 748 944 alias
770 889 995 959 aliquot
1028 887 1297 958 juniores
1346 904 1543 942 secum
1579 888 1822 953 ducens,
1857 888 2149 941 advolavit
2180 888 2249 940 ad

601 979 872 1032 viciniam
909 977 1048 1031 retis
1079 981 1135 1030 et
1167 977 1354 1047 ipsam
1390 976 1710 1031 seminibus
1740 977 2090 1046 inspersam,
2126 993 2250 1045 qua:

603 1068 791 1122 obiter
821 1066 1093 1121 columba
1123 1082 1257 1120 cum
1289 1066 1590 1120 sodalibus
1623 1066 1842 1137 legens,
1875 1066 2096 1120 sensim
2124 1065 2252 1134 ipsa

603 1157 763 1227 prior
791 1155 1006 1210 subivit
1038 1159 1156 1209 rete
1188 1154 1446 1224 aliasque
1479 1156 1680 1210 eodem
1716 1155 1911 1209 traxit.
1974 1155 2102 1208 Haec
2135 1170 2249 1208 non

602 1245 774 1316 longe
807 1244 1155 1299 delitescens
1189 1244 1246 1297 in
1283 1244 1512 1298 insidiis
1553 1243 1970 1312 speculabatur
2013 1259 2248 1313 auceps,

603 1335 702 1404 qui
739 1334 836 1388 ubi
873 1333 1120 1404 prmdam
1153 1331 1210 1386 in
1240 1349 1435 1386 casses
1476 1332 1743 1386 indutam
1797 1331 1962 1398 vidit,
1997 1335 2247 1386 attractu

601 1424 812 1477 furtivo
831 1421 1070 1476 funiculi
1088 1421 1510 1476 statuminibus
1531 1421 1987 1484 subductis,rete
2006 1420 2252 1474 devolvit

600 1514 660 1568 in
692 1514 741 1568 ei
766 1513 1062 1583 subjectas
1084 1513 1367 1568 volucres.
1394 1514 1789 1568 Consternata:
1817 1511 1927 1565 illa:
1948 1512 2142 1566 subito
2166 1511 2249 1565 la-

600 1621 708 1674 psu
745 1608 903 1671 sunt,
940 1620 1066 1658 sese
1098 1607 1300 1674 captas
1350 1605 1706 1658 sentientes:
1755 1607 1944 1657 tamen
2007 1601 2108 1656 illa
2157 1619 2244 1658 se-

597 1695 744 1760 nior,
779 1698 1119 1748 ceterarum
1162 1693 1406 1760 ductrix,
1451 1694 1601 1748 bono
1637 1710 1761 1748 esse
1809 1694 2006 1748 animo
2058 1695 2247 1749 socias

590 1783 792 1852 jussit,
828 1799 932 1836 nec
959 1787 1079 1836 tam
1111 1782 1222 1837 cito
1255 1783 1584 1852 desperare,
1619 1784 1758 1853 quin
1792 1783 1938 1836 ratio
1972 1782 2104 1835 iniri
2139 1781 2247 1834 ali-

599 1889 713 1942 qua
771 1876 968 1942 posset
1016 1871 1387 1941 expedienda;
1445 1888 1512 1925 ex
1568 1888 1633 1926 eo
1696 1871 1954 1942 periculo
2013 1869 2242 1925 salutis.

597 1962 846 2031 Moxque
868 1962 1310 2033 circumspectis
1341 1945 1703 2016 omnibusin
1735 1962 1948 2015 fiducia
1980 1961 2242 2014 firmata:

598 2057 755 2106 Heus
778 2068 899 2116 vos,
926 2051 1117 2122 inquit
1139 2052 1208 2106 ad
1243 2051 1507 2119 comites,
1541 2053 1694 2122 agite
1727 2050 2098 2106 connitimini
2144 2067 2246 2120 pro

599 2159 661 2196 se
693 2157 935 2212 quisque
956 2158 1222 2196 mecum:
1259 2141 1457 2196 multa:
1485 2159 1716 2208 sumus,
1737 2145 1793 2196 et
1817 2147 1933 2195 rete
1953 2140 2245 2195 modicum

597 2235 708 2294 est,
743 2231 1040 2285 evolemus
1079 2230 1253 2285 simul
1289 2231 1344 2285 in
1377 2247 1530 2299 aera,
1563 2235 1682 2285 rete
1732 2247 1968 2284 sursum
2002 2229 2246 2284 evehen-

599 2327 707 2376 tes.
743 2321 983 2375 Factum
1019 2321 1261 2375 dictum.
1306 2322 1538 2375 Abeunt
1587 2320 1871 2375 sublimes
1918 2321 2248 2374 auferentes

598 2410 931 2480 reticulum,
961 2427 1074 2481 quo
1107 2412 1282 2465 etiam
1314 2410 1623 2482 implicata:
1643 2413 2010 2466 tenebantur.
2047 2410 2249 2478 Suspi-

600 2502 792 2557 ciebat
834 2501 1135 2556 admirans
1166 2505 1427 2568 venator,
1479 2518 1583 2556 nec
1632 2501 2003 2572 despondeas
2054 2505 2247 2554 tamen

599 2591 901 2656 animum;
936 2592 1275 2662 providebat
1305 2591 1459 2646 enim
1493 2596 1654 2646 tanto
1688 2591 1883 2646 labore
1931 2596 2106 2661 atque
2136 2590 2249 2643 im-

599 2682 928 2750 pedimento
973 2683 1356 2753 implexarum
1402 2682 1657 2736 cassium
1692 2682 1847 2736 haud
1885 2681 2082 2752 procul
2115 2697 2252 2734 avo-

601 2774 843 2826 laturas.
879 2771 1244 2841 Sequebatur
1275 2788 1411 2843 ergo
1444 2787 1688 2826 currens
1727 2771 1782 2825 in
1837 2786 2252 2841 quamcunque

600 2860 734 2915 illas
762 2865 986 2932 partem
1022 2861 1125 2914 niti
1162 2861 1385 2916 alarum
1422 2860 1666 2931 remigio
1689 2861 1982 2915 cernebat.

673 2979 740 3032 Il.
775 2978 965 3034 Variis
990 2995 1056 3034 ea
1079 2995 1288 3033 corvus
1312 2980 1551 3033 intuens
1577 2979 1932 3032 miscebatur
1949 2977 2255 3031 affectibus

598 3086 662 3123 ac
698 3070 970 3124 sensibus
1003 3069 1759 3134 formidinis,miserationis
1790 3074 1846 3122 et
1875 3066 2255 3122 curiositatis.

595 3160 750 3215 Vicit
781 3162 901 3215 haec
937 3160 1144 3216 ultima
1169 3166 1230 3215 ut
1259 3161 1605 3222 attenderet,
1624 3165 1680 3214 et
1699 3176 1815 3215 non
1842 3156 2034 3213 solum
2066 3156 2253 3222 oculo,

598 3253 698 3305 sed
732 3257 788 3305 et
816 3257 988 3307 cauto
1020 3252 1217 3307 volatu
1243 3256 1590 3322 sequeretur
1606 3251 1910 3306 columbas
1937 3250 2246 3321 fugientes,
2279 3263 2324 3324 ρ

596 3339 748 3394 haud
805 3340 932 3395 sine
983 3358 1160 3396 causa
1203 3358 1406 3396 verens
1439 3346 1503 3395 ut
1549 3340 1724 3411 longa
1757 3338 1874 3394 illis
1906 3347 1958 3392 el
1990 3337 2123 3392 felix
2176 3337 2247 3391 ad

596 3434 922 3482 extremum
977 3430 1113 3499 fuga
1155 3428 1542 3499 contingeret.
1602 3428 1834 3482 Audivit
1883 3431 2078 3481 autem
2136 3425 2252 3496 pri-

595 3517 842 3572 mariam
869 3518 1279 3573 columbarum
1313 3518 1395 3572 sic
1427 3519 1842 3572 admonentem
1878 3517 2105 3571 socias:
2161 3514 2251 3569 Vi-

596 3607 748 3661 detis
780 3607 937 3661 hunc
984 3625 1270 3680 aucupem
1323 3625 1500 3662 cursu
1548 3610 1940 3662 assectantem
1991 3605 2249 3660 volatum

598 3701 884 3764 nostrum;
913 3698 967 3751 id
1002 3696 1099 3751 ille
1147 3697 1318 3752 faciet
1356 3696 1616 3768 quandiu
1670 3713 1850 3767 supra
1900 3693 2254 3766 campestria

597 3791 654 3840 et
700 3786 874 3857 plana
922 3786 1048 3841 loca
1103 3786 1456 3841 volabimus.
1487 3785 1811 3841 Flectamus
1839 3783 2014 3856 igitur
2048 3799 2253 3837 censeo

597 3891 802 3929 versus
836 3880 1090 3930 montem
1123 3876 1302 3930 istum
1339 3875 1593 3946 scopulis
1645 3874 1954 3946 praeruptis
1987 3871 2207 3926 invium
2237 3887 2249 3924 :

603 3965 781 4018 simul
828 3981 893 4019 eo
953 3981 1058 4019 nos
1118 3965 1353 4019 tendere
1407 3964 1636 4028 viderit,
1699 3961 2030 4033 desperabit
2085 3960 2250 4030 sequi

603 4071 776 4125 posse
809 4070 873 4108 ac
904 4071 1139 4109 securas
1174 4053 1486 4125 relinquet.
1511 4055 1608 4108 Est
1631 4053 1787 4108 aliud
1827 4057 2102 4122 prseterea
2134 4066 2250 4120 quo

600 4142 739 4196 illuc
773 4143 991 4196 trahor:
1027 4143 1256 4196 habitat
1286 4142 1364 4196 ibi
1396 4143 1635 4213 quidam
1670 4141 1896 4196 amicus
1954 4157 2118 4194 meus
2152 4139 2249 4208 qui

599 4249 704 4287 nos
737 4233 1000 4301 expediet
1043 4232 1135 4287 his
1187 4232 1434 4303 laqueis.
1494 4234 1885 4287 Assenserunt
1943 4230 2247 4284 columbis.

596 4321 841 4375 Volatus
874 4321 1268 4376 communiter
1299 4322 1562 4376 omnium
1609 4337 1788 4391 super
1830 4318 2048 4373 montis
2080 4318 2247 4371 fasti-

596 4411 759 4481 gium
796 4411 1140 4477 intenditur;
1169 4415 1431 4474 venator,
1465 4427 1568 4482 spe
1599 4426 1783 4479 operas
1819 4407 1986 4480 pretii
2021 4406 2247 4476 perdita

595 4501 834 4554 recedit.
891 4501 1128 4564 Corvus,
1191 4517 1337 4554 nova
1390 4499 1730 4554 curiositate
1789 4498 2106 4552 instinctus
2163 4495 2244 4549 vi-

595 4590 767 4644 dendi
801 4589 972 4644 amici
1005 4606 1180 4660 quam
1213 4589 1487 4643 columba
1529 4594 1970 4652 memoraverat,
2027 4592 2082 4640 et
2129 4602 2244 4656 quo

2369 637 2527 690 pore,
2562 638 2695 676 cum
2728 626 2784 675 et
2817 622 2900 676 sol
2927 622 3103 677 'lunaa
3152 623 3502 692 interpositu
3561 622 3812 686 deficiat,
3873 621 4016 676 luna

2367 710 2584 763 umbra:
2616 716 2785 764 terra:
2817 711 3092 765 imirerso
3124 712 3492 777 obscuretur,
3525 711 3702 780 piscis
3752 728 3817 765 ex
3879 728 4014 781 pro-

2367 799 2546 853 fundo
2608 799 2796 869 pelagi
2857 801 3031 855 bamo
3093 800 3391 865 evellatur,
3450 817 3582 853 aves
3627 799 3827 870 sagilis
3885 799 4010 853 ictae

2365 887 2717 956 ilejiciantur
2739 905 2805 941 ex
2836 905 2987 954 aere,
3023 894 3197 959 atque
3249 889 3307 942 in
3357 893 3571 943 terram
3605 889 3856 958 delapsa:
3914 904 4009 941 ca-

2363 976 2614 1045 piantur,
2654 979 2888 1046 quando
2922 979 3004 1032 sic
3029 979 3118 1032 lex
3149 978 3341 1032 fatalis
3375 979 3603 1032 statuit.
3655 979 3809 1032 Adeo
3870 978 4010 1046 quid

2362 1066 2611 1137 quisque
2643 1067 2802 1133 vitet,
2834 1067 2978 1120 nulli
3014 1069 3156 1123 satis
3189 1073 3425 1122 cautum
3459 1073 3568 1133 est,
3602 1085 3730 1122 cum
3767 1068 3885 1120 sint
3909 1083 4012 1120 suc

2362 1173 2562 1211 cessus
2582 1163 2897 1212 conatuum
2919 1158 3311 1225 itaincerti,ut
3336 1159 3538 1212 eadem
3557 1175 3707 1228 saepe
3721 1157 3802 1210 vel
3831 1156 4014 1210 simili

2361 1262 2534 1314 opera
2567 1264 2684 1317 qua
2708 1247 2920 1302 stultus
2945 1253 3141 1318 optato
3166 1248 3668 1319 potitur,sapicns,
3695 1251 4013 1317 quantum-

2357 1335 2444 1388 vis
2472 1335 2758 1391 sollicitus
2789 1343 2845 1390 et
2883 1341 3117 1391 strenue
3173 1341 3466 1407 satagens,
3530 1353 3705 1406 scopo
3757 1337 4010 1390 excidat.

2432 1442 2527 1495 IIl.
2563 1447 2690 1497 Hmc
2715 1443 3002 1514 loquentis
3035 1444 3319 1499 columbas
3352 1461 3482 1498 mus
3515 1442 4010 1511 officiosissimus,

2359 1547 2460 1600 per
2493 1547 2553 1584 se
2584 1533 2916 1602 intelligens
2949 1534 3085 1602 quid
3115 1549 3263 1603 Opus
3297 1534 3448 1586 facto
3480 1531 3822 1600 essetcmpit
3847 1549 4010 1585 arro-

2358 1621 2493 1673 dere
2526 1621 2801 1676 dentibus
2834 1622 3064 1676 vincula
3097 1628 3160 1675 ut
3190 1639 3316 1676 eam
3353 1623 3560 1676 horum
3615 1637 3764 1675 nexu
3817 1618 4012 1673 exsol-

2356 1714 2530 1763 veret.
2569 1714 2638 1763 At
2669 1710 2786 1775 illa,
2829 1712 3019 1782 magis
3060 1711 3311 1766 sollicita
3368 1729 3471 1782 pro
3531 1711 3726 1776 sociis,
3792 1708 4014 1778 Incipe,

2358 1799 2562 1867 amice,
2602 1799 2809 1869 inquit,
2835 1800 3240 1870 gratissimum
3267 1801 3526 1854 officium
3552 1818 3583 1853 a
3605 1798 3853 1853 vinculis
3885 1815 4013 1867 qua:

2358 1886 2588 1942 sodales
2610 1888 3024 1958 constringunt
3046 1905 3205 1943 meas
3241 1889 3379 1942 mihi
3418 1889 3654 1960 meipsa
3687 1886 4008 1942 chariores.

2361 1977 2595 2030 Audivit
2628 1993 2778 2045 mus,
2842 1993 2945 2032 nec
3006 1979 3228 2032 destitit
3276 1995 3467 2048 agere,
3519 1980 3672 2048 quod
3734 1983 4010 2047 cmpcrat,

2358 2065 2519 2119 omni
2549 2068 2768 2120 ratione
2799 2068 3041 2136 cupiens
3070 2072 3204 2121 ante
3233 2084 3434 2123 omnes
3459 2069 3709 2121 amicam
3743 2066 4009 2119 liberare.

2357 2155 2567 2224 Sicque
2621 2157 2834 2210 surdus
2893 2157 2964 2210 ad
3041 2157 3330 2210 monitum
3394 2157 3774 2211 incumbebat
3825 2153 4010 2224 operi,

2359 2245 2552 2314 quoad
2578 2244 2851 2299 columba
2882 2246 3072 2315 major
3101 2246 3381 2300 intentius
3441 2246 3786 2302 vociferans.
3830 2243 4008 2312 Atqui

2361 2333 2407 2385 si
2443 2332 2584 2386 mihi
2621 2332 2846 2402 placere
2879 2335 3104 2398 studes,
3155 2333 3367 2406 inquit,
3429 2335 3564 2388 audi
3596 2338 3652 2387 et
3709 2334 3798 2387 f'ac
3856 2331 4014 2401 quod

2363 2438 2583 2493 precor.
2618 2421 2764 2477 Vilis
2798 2423 2941 2477 mihi
2977 2440 3104 2478 mea
3130 2429 3219 2479 est
3250 2423 3434 2488 salus,
3469 2428 3639 2492 prout
3697 2421 3855 2475 hisce
3919 2438 4018 2474 Cu-

2360 2512 2918 2582 gnatisjunioribus
2952 2513 3281 2568 consultum
3344 2518 3574 2568 mature
3627 2511 3824 2578 velim,
3878 2527 4020 2564 con-

2360 2606 2538 2654 testor
2567 2607 2623 2654 et
2653 2602 2934 2656 denuntio
2969 2602 3112 2656 nihil
3143 2619 3314 2674 agere
3355 2609 3409 2656 te
3445 2603 3599 2672 quod
3665 2601 3866 2670 gratia)
3899 2599 4021 2652 im-

2363 2695 2583 2760 putem,
2617 2690 2664 2744 si
2700 2707 2789 2745 me
2822 2693 3070 2761 primam
3114 2693 3491 2755 liberaveris;
3524 2690 3823 2760 antiquior
3873 2688 4024 2741 mihi

2362 2779 2532 2850 longe
2561 2797 2701 2834 cura
2733 2783 2980 2834 istarum
3013 2785 3102 2834 est
3135 2798 3272 2835 mea:
3332 2781 3464 2835 fidei
3528 2779 4014 2834 commissarum.

2363 2867 2419 2918 Si
2452 2871 2691 2921 venator
2722 2868 3113 2937 superveniat,
3150 2866 3346 2922 malim
3384 2883 3475 2921 me
3506 2867 3694 2921 adhuc
3731 2865 4022 2918 irretitam

2365 2971 2538 3024 quam
2564 2955 2695 3010 illas
2717 2956 2990 3027 opprimi.
3037 2959 3180 3010 Dum
3215 2955 3375 3011 salva
3408 2973 3506 3010 eas
3568 2955 3901 3024 liberasque
3938 2954 4027 3004 vi-

2367 3045 2561 3112 deam,
2591 3063 2789 3100 casum
2827 3047 3094 3116 quemvis
3127 3048 3272 3101 ferre
3305 3063 3545 3117 possum
3581 3062 3744 3115 aequo
3797 3043 4023 3097 animo.

2367 3135 2576 3202 Quare,
2612 3135 2658 3189 si
2692 3152 2785 3189 me
2844 3153 3031 3200 amas,
3083 3137 3384 3190 sororibus
3430 3143 3563 3189 ante
3622 3133 3821 3188 omnia
3874 3132 4025 3185 meis

2369 3224 2735 3279 exsolvendis
2756 3242 2914 3280 vaca.
2949 3225 3055 3280 Ubi
3099 3220 3302 3280 omnes
3336 3225 3467 3280 illas
3516 3222 3864 3295 expedieris,
3927 3238 4025 3275 me

2367 3329 2601 3383 quoque
2633 3314 2812 3367 simili
2864 3314 3182 3384 dignabere
3222 3313 3542 3369 beneficio:
3602 3330 3714 3367 non
3749 3311 3903 3365 enim
3966 3316 4026 3365 te

2369 3403 2751 3473 quantumvis
2805 3401 3029 3458 lassum
3083 3421 3311 3460 cessare
3340 3409 3480 3458 tunc
3507 3421 3540 3458 a
3572 3419 3664 3456 me
3715 3401 4028 3455 liberanda

2367 3493 2521 3546 sinet
2581 3493 3052 3563 compertissima
3105 3493 3250 3546 mihi
3309 3498 3411 3547 tua
3460 3493 3516 3546 in
3573 3509 3663 3546 me
3723 3491 4022 3544 cbaritas:

2368 3579 2527 3651 quali
2560 3596 2693 3635 cum
2727 3581 2833 3636 has
2857 3598 2969 3636 non
2991 3581 3366 3652 amplectare,
3392 3581 3655 3636 nondum
3691 3584 3858 3633 notas
3892 3578 4026 3644 tibi,

2365 3686 2596 3724 vererer
2628 3670 2973 3733 ne,liberata
3029 3687 3142 3738 me,
3207 3672 3263 3725 in
3324 3671 3533 3724 harum
3594 3670 3794 3739 aliqua
3851 3669 4030 3722 extri-

2366 3760 2553 3813 canda
2584 3761 2782 3830 segnis
2813 3777 2997 3825 esses,
3029 3766 3086 3814 et
3111 3760 3211 3814 illa
3241 3761 3457 3815 misera
3489 3760 3682 3830 praeda
3713 3760 3874 3812 fieret
3908 3758 4027 3811 huc

2369 3852 2512 3904 forte
2543 3851 2628 3904 vel
2662 3867 2791 3905 sero
2827 3852 3162 3923 adrepentis
3191 3852 3457 3922 aucupis.
3485 3851 3647 3913 Quod
3683 3851 3731 3903 si
3757 3849 4027 3904 accidere

2368 3946 2632 3995 nostrum
2695 3941 2947 4012 cuipiam
3028 3942 3144 3996 fato
3206 3943 3504 3996 decretum
3565 3945 3674 4008 est,
3730 3954 4025 4008 occupare

2366 4029 2520 4083 istud
2547 4030 2932 4084 infortunium
2958 4031 3016 4084 in
3049 4047 3243 4085 meum
3275 4031 3637 4102 caputlonge
3659 4028 3812 4083 malo
3837 4045 4020 4098 quam

2365 4119 2544 4173 ullam
2575 4119 3056 4174 dulcissimarum
3091 4120 3234 4174 mibi
3269 4121 3549 4175 comitum
3585 4119 4023 4191 prodere.'l‘alia

2365 4225 2496 4262 mus
2545 4209 2822 4263 audiens:
2885 4213 3070 4273 Quam
3123 4216 3344 4278 sancte,
3395 4211 3476 4264 ait
3524 4210 3798 4264 amicitia:
3856 4207 4020 4277 leges

2362 4297 2542 4363 colas,
2577 4303 2679 4352 tua
2712 4299 2832 4353 haec
2864 4300 3235 4353 demonstrat
3265 4301 3471 4354 oratio.
3519 4300 3692 4354 Porro
3751 4299 3867 4352 ista
3920 4300 4019 4352 llO‘

2363 4386 2513 4440 nitas
2544 4393 2600 4441 et
2651 4404 2910 4442 amorem
2973 4389 3031 4442 in
3082 4394 3137 4443 te
3197 4394 3446 4444 veterem
3499 4389 3706 4444 fortius
3761 4389 4022 4442 intendit

2360 4492 2579 4542 meum,
2613 4483 2668 4531 et
2700 4477 2992 4532 sodalium
3019 4478 3122 4532 tibi
3148 4485 3384 4533 tuarum
3413 4480 3790 4548 majorem,ut
3821 4496 4019 4548 spero,

2359 4566 2695 4621 conciliabit
2726 4567 3092 4622 cbaritatem.
3129 4567 3205 4622 Ea
3238 4569 3483 4638 loquens
3517 4567 3721 4623 sedulo
3744 4569 4023 4622 incubuit

589 4678 642 4734 is
675 4683 841 4748 pacto
875 4679 1231 4733 liberaturus
1261 4695 1388 4732 eam
1424 4683 1596 4736 esset.
1641 4678 1751 4731 alis
1783 4682 1839 4730 et
1892 4677 2013 4746 ipse
2068 4691 2246 4745 supra

2363 4658 2417 4709 in
2453 4657 2712 4710 rodenda
2746 4658 3372 4729 filaquibuscolumba:
3398 4659 3652 4714 minores
3677 4659 4022 4730 ligabantur

591 4774 849 4822 montem
907 4768 1134 4822 nititur.
1191 4771 1403 4822 Cavum
1464 4767 1541 4819 ibi
1596 4771 1720 4820 erat
1777 4766 1962 4819 muris
2016 4763 2238 4817 vetuli:

584 4873 764 4928 prope
796 4857 1219 4912 descendentes
1263 4856 1684 4928 acquieverunt
1733 4855 2012 4911 columbis
2062 4851 2240 4908 simul

583 4962 811 5011 omnes,
844 4948 1126 5001 Prodiens
1159 4962 1296 5000 cavo
1335 4963 1464 5000 mus
1512 4945 1846 5000 columbam
1911 4944 2237 5015 principem

580 5035 694 5090 sibi
725 5036 867 5091 olim
898 5036 1252 5091 familiarem
1277 5052 1488 5106 magno
1510 5035 1809 5106 excipiens
1838 5034 2071 5100 affectu,
2097 5033 2239 5096 Quis

580 5129 659 5184 te.
694 5125 908 5196 inquit,
940 5125 1311 5195 charissima,
1353 5125 1445 5180 his
1494 5124 1784 5196 implicuit
1843 5123 2138 5178 vinculis?
2166 5127 2238 5177 At

579 5213 701 5280 illa,
737 5214 958 5283 Nescis,
993 5215 1092 5282 ait,
1140 5217 1290 5269 bona
1349 5219 1406 5269 et
1463 5213 1615 5269 mala
1663 5213 1824 5268 fatali
1888 5212 2235 5268 mortalibus

579 5304 928 5360 necessitate
949 5303 1254 5376 provenire
1276 5304 1303 5358 ‘?
1335 5305 1538 5359 Fatum
1561 5321 1651 5359 me
1684 5303 1920 5374 impulit
1950 5304 2020 5357 ad
2055 5319 2235 5374 grana

575 5393 860 5450 insidiose
891 5410 1097 5465 sparsa
1127 5394 1493 5464 appetenda;
1545 5393 1698 5464 quod
1730 5394 1870 5447 dum
1933 5409 2036 5462 ago
2097 5409 2230 5446 cum

573 5481 734 5536 hisce
771 5483 916 5538 meis
953 5483 1256 5538 sororibus
1307 5483 1617 5554 implicalaa
1670 5483 1779 5537 hoc
1842 5482 1948 5537 reti
1999 5498 2228 5536 sumus.

570 5573 710 5642 quia
767 5575 816 5625 izl
879 5571 1152 5627 aviditate
1201 5573 1507 5627 obcaecataa
1571 5589 1684 5627 non
1737 5572 1900 5643 prius
1951 5571 2226 5638 vidimus,

570 5678 744 5733 quam
789 5662 883 5715 illo
917 5661 1268 5716 constrictas
1294 5679 1400 5717 nos
1433 5662 1754 5730 sensimus,
1784 5677 1885 5715 nec
1910 5661 2096 5715 mirus
2128 5666 2228 5714 aut

569 5753 701 5806 mihi
740 5770 922 5807 novus
974 5752 1067 5806 hic
1124 5769 1298 5806 casus
1348 5759 1473 5807 est:
1529 5769 1558 5806 e
1615 5751 1986 5823 gravioribus
2045 5753 2224 5804 evasi.

2355 4749 2543 4816 quoad
2577 4746 2647 4799 iis
2684 4745 2849 4816 plane
2883 4749 3072 4818 ruptis
3106 4748 3216 4802 illa:
3249 4766 3454 4803 omnes
3488 4750 3545 4802 in
3579 4766 3848 4803 securum
3882 4767 4020 4804 avo-

2353 4835 2571 4890 larunt.
2597 4834 2710 4890 Has
2749 4835 2954 4890 ultima
2985 4838 3273 4896 omnium.
3307 4838 3500 4892 soluta
3529 4844 3612 4892 .et
3670 4839 3816 4907 ipsa,
3880 4844 4017 4908 post

2351 4925 2572 4980 multas
2603 4929 2761 4979 actas
2792 4926 3073 4980 servatori
3107 4927 3346 4997 gratias,
3387 4928 3570 4997 major
3592 4927 3867 4982 columba
3921 4934 4016 4982 est

2349 5020 2574 5070 secuta.

2422 5123 2512 5177 1V.
2540 5121 2641 5176 His
2673 5137 2878 5175 corvus
2911 5121 3336 5177 animadversis
3368 5125 3642 5179 continuo
3675 5141 3733 5178 se
3756 5125 4014 5179 contulit

2349 5214 2417 5266 ad
2453 5229 2518 5266 os
2547 5227 2805 5264 cavernae
2840 5212 3049 5278 muris,
3110 5212 3165 5264 in
3220 5229 3372 5276 eam,
3416 5214 3611 5268 statim
3676 5221 3849 5285 atqoe
3906 5231 4008 5268 co-

2345 5301 2556 5356 lumba:
2592 5300 2919 5366 avolarunt,
2945 5301 3138 5356 denuo
3172 5303 3416 5371 conditi,
3478 5303 3764 5374 illumque
3815 5305 4010 5358 nomi-

2347 5391 2526 5445 natim
2563 5389 2839 5444 evocavit.
2902 5391 3221 5460 Respondit
3271 5408 3404 5446 mus
3462 5409 3529 5446 ex
3587 5397 3711 5446 tuto
3763 5393 4012 5447 minime

2345 5480 2642 5550 prodiens:
2677 5477 2819 5541 Quis
2845 5479 3002 5533 enim
3036 5485 3098 5533 tu
3124 5496 3188 5533 es
3207 5480 3305 5550 qui
3341 5481 3650 5536 mevocas‘?
3693 5481 4015 5552 Resposuit

2345 5571 2393 5623 is
2427 5587 2438 5622 :
2474 5570 2589 5640 Ego
2620 5585 2747 5624 sum
2809 5585 3038 5633 corvus,
3102 5570 3202 5640 qui
3256 5572 3568 5627 observata
3626 5573 3740 5626 fide
3799 5579 3903 5628 tua
3956 5578 4013 5627 et

2340 5659 2628 5714 charitate
2659 5659 2715 5713 in
2777 5659 3021 5728 amicos,
3085 5661 3367 5731 majorem
3425 5661 3481 5715 in
3538 5662 3781 5716 modum
3838 5662 4012 5732 cupio

2340 5750 2488 5803 inire
2518 5755 2706 5802 tecum
2741 5748 3083 5816 amicitiam,
3126 5756 3182 5804 et
3207 5766 3274 5805 ea
3331 5751 3518 5820 gratia
3577 5751 3691 5805 huc
3761 5767 4008 5807 accessi.
