4248 6442
208 400 344 451 1297

206 532 288 592 At;
313 542 422 591 ιςςιξ,

205 613 347 663 mihi
376 618 568 665 tecum
595 613 952 668 intercedere
974 616 1343 671 necessitudo
1364 616 1593 669 fmderis
1624 616 1855 686 potest?

206 700 416 753 lies-ine
448 718 572 769 quae
607 702 728 755 ﬁeri
763 710 1062 774 nequeunt
1093 704 1235 758 velle
1268 704 1464 758 conari
1502 721 1512 757 :
1551 721 1661 757 non
1696 704 1852 757 enim

205 789 535 859 sapientius
568 791 622 842 id
658 792 991 857 tentaveris,
1015 810 1191 862 quam
1241 800 1434 847 arator
1468 795 1564 862 qui
1616 798 1851 846 conten-

204 878 305 931 dat
333 878 485 931 stiva
518 894 619 949 per
652 878 861 932 fluctus
895 881 1119 947 adacta,
1173 882 1345 935 dorso
1395 897 1679 951 aquarum
1732 881 1855 934 acie

205 966 460 1020 vomeris
495 968 723 1020 sulcum
758 967 1063 1033 infindere,
1099 975 1199 1023 aut
1232 976 1408 1023 nauta
1440 970 1536 1039 qui
1574 970 1725 1023 serio
1758 986 1853 1023 sa-

206 1061 368 1125 tagat
426 1072 631 1109 navem
694 1057 1017 1128 propellere
1073 1076 1173 1129 per
1211 1076 1444 1129 aequora
1484 1075 1851 1129 camporum.

208 1152 506 1206 Enimvero
539 1169 665 1222 quae
699 1170 833 1224 spes
866 1156 1105 1210 omnino
1136 1157 1232 1222 sit,
1260 1157 1431 1210 fidere
1465 1173 1555 1209 me
1591 1172 1849 1225 unquam

206 1250 268 1297 ut
299 1242 489 1297 amico
523 1244 624 1297 tibi
661 1261 855 1315 posse,
889 1262 1059 1315 quem
1096 1248 1215 1301 scio
1245 1264 1489 1317 corpora
1522 1247 1701 1301 nostri
1753 1262 1853 1316 ge-

206 1333 386 1399 neris,
418 1333 751 1403 ubicunque
784 1350 845 1388 se
877 1337 1180 1390 commode
1212 1336 1482 1404 offerunt,
1516 1335 1699 1390 solere
1750 1352 1846 1389 co-

206 1422 485 1476 medere?
515 1423 597 1476 Ad
631 1423 738 1476 hoc
783 1440 994 1477 corvus
1048 1441 1059 1477 :
1112 1424 1189 1478 Te
1238 1427 1421 1489 decet,
1470 1425 1568 1491 ait,
1621 1441 1688 1478 ea
1738 1442 1853 1495 qua

204 1512 363 1565 vales
397 1512 756 1583 perspicacia
810 1512 1141 1568 discernere
1188 1515 1442 1569 rationes
1490 1515 1732 1569 timendi
1786 1532 1851 1570 ac

205 1602 481 1670 sperandi
532 1619 564 1655 a
616 1617 729 1655 me.
778 1606 955 1656 Porro
988 1619 1164 1673 quam
1201 1605 1282 1658 hie
1315 1604 1372 1657 in
1407 1605 1514 1658 hac
1544 1620 1722 1659 causa
1752 1622 1850 1676 po-

204 1691 384 1745 tiores
416 1691 554 1760 sint,
604 1692 894 1763 intelliges
940 1709 1074 1747 cum
1129 1694 1512 1764 reputaveris,
1561 1694 1847 1748 securita-

205 1787 319 1834 tem
354 1786 517 1835 tuam
550 1798 682 1835 cum
718 1798 847 1835 mea
881 1782 1178 1851 praestanti
1229 1781 1479 1837 utilitate
1528 1799 1657 1837 esse
1709 1798 1847 1836 con-

1224 407 1578 459 SPECIMEN
1618 406 2020 461 SAPIEN'I‘IE
2062 410 2392 463 INDORUM
2436 411 2593 463 VET.

470 542 601 578 mus
652 525 861 596 inquit,
916 527 1069 581 intra
1118 544 1324 581 cavum
1382 534 1667 598 perstans,
1720 544 1850 597 quae
1882 532 1927 593 Α
1962 530 2090 583 dem
2120 535 2177 583 ut
2207 531 2374 583 ﬁrma
2397 536 2451 584 et
2477 533 2751 602 utrinque
2787 532 3021 585 innoxia
3045 547 3109 585 ac
3132 535 3259 584 tnta
3288 528 3610 583 coalescere

3483 405 3613 457 r208

1969 618 2119 671 inter
2152 635 2256 671 nos
2288 619 2543 673 charitas
2577 620 2994 689 queat.Contra
3025 636 3091 671 ea
3119 634 3328 670 corvus
3362 633 3375 670 :
3413 617 3608 679 Erras,

1966 706 2176 777 inquit,
2214 724 2312 777 per
2344 708 2583 763 nimiam
2628 708 3022 779 prudentiam,
3076 711 3131 761 et
3176 722 3322 759 vano
3372 706 3608 758 terreris

1966 800 2143 848 metu.
2176 797 2443 866 Spondeo
2474 802 2530 851 et
2561 802 2768 868 praesto
2799 795 2927 863 tibi,
2963 812 3074 849 non
3109 796 3281 848 modo
3315 794 3488 847 fidam
3541 809 3607 846 ac

1963 884 2276 951 sinceram,
2327 888 2423 939 sed
2476 891 2839 939 constantem
2886 900 2950 938 ac
2985 899 3293 953 perennem
3328 898 3513 935 meam
3550 881 3607 934 in

1965 978 2017 1026 te
2061 972 2561 1039 benevolentiam;
2596 974 2687 1026 cui
2740 974 2787 1026 si
2840 972 3190 1043 respondere
3241 987 3354 1025 non
3405 985 3611 1041 grava-

1964 1061 2300 1127 beris,nihil
2333 1062 2601 1115 amicitiis
2635 1066 2843 1116 nostrze
2878 1062 3208 1129 deerit,quo
3243 1059 3441 1112 minus
3473 1075 3605 1111 cum

1962 1150 2284 1204 verissimis
2317 1152 2501 1220 possit
2529 1151 2772 1220 aequari.
2823 1150 2961 1203 Novi
3008 1166 3113 1219 ego
3159 1164 3390 1218 quoque
3439 1147 3605 1200 diffe-

1964 1238 2184 1293 rentias
2218 1237 2687 1293 familiaritatum
2721 1243 2778 1293 et
2807 1238 3095 1306 quasdam
3130 1253 3403 1291 vasorum
3456 1236 3604 1290 ﬁcti-

1960 1325 2105 1381 lium
2141 1326 2259 1381 scio
2291 1326 2540 1396 similes,
2573 1343 2699 1397 quae
2734 1343 2868 1380 cum
2897 1326 3009 1380 cito
3042 1342 3106 1379 ac
3134 1325 3301 1379 facile
3333 1326 3609 1396 frangun-

1965 1421 2077 1485 tur,
2111 1420 2237 1470 tum
2267 1416 2521 1487 reparari
2552 1432 2617 1469 ac
2648 1413 2854 1485 reﬁngi
2905 1432 3013 1486 cpe
3062 1432 3129 1469 ac
3176 1431 3339 1467 mora
3387 1418 3610 1481 queunt

1962 1504 2157 1571 nulla;
2194 1521 2394 1559 verum
2427 1503 2571 1558 alias
2604 1505 2979 1575 pretiosiores
3013 1504 3303 1575 quasdam
3338 1502 3606 1558 lancibus

1962 1598 2061 1646 aut
2092 1591 2319 1663 poculis
2348 1592 2543 1646 aureis
2575 1591 2864 1646 amicitias
2893 1591 3099 1645 merito
3131 1606 3423 1661 comparo,
3476 1607 3603 1660 qum

1960 1668 2230 1735 videlicet
2274 1698 2386 1736 non
2439 1685 2677 1749 temere,
2732 1684 2834 1734 aut
2882 1696 3063 1751 prona
3111 1684 3248 1733 rota:
3300 1678 3603 1748 vertigine,

1961 1770 2158 1824 statim
2185 1771 2455 1840 nata,sed
2487 1774 2663 1824 cauta
2693 1770 2996 1823 fornacum
3028 1766 3425 1839 exploratione
3458 1766 3603 1821 mal-

196 1870 478 1939 junctam.
518 1870 669 1923 Licet
700 1869 891 1924 adhuc
921 1870 1026 1925 tibi
1056 1887 1168 1925 non
1210 1877 1447 1942 experto
1502 1872 1844 1942 probitatem
1882 1895 1925 1957 Β
1963 1858 2599 1957 lectumquearti‘ﬁci,
2630 1858 2901 1957 ῒυηείοηεξ
2957 1857 3179 1957 liquati}
3240 1858 3604 1957 formamque

201 1975 419 2027 meam,
453 1958 636 2013 vereri
668 1976 739 2013 ne
764 1960 823 2013 in
856 1959 1160 2014 occasione
1192 1965 1248 2014 te
1279 1962 1519 2030 vorandi
1557 1961 1693 2014 mihi
1732 1977 1846 2017 non

202 2052 549 2118 temperem.
583 2050 687 2101 Sed
722 2048 771 2102 si
823 2064 915 2102 me
966 2066 1079 2103 non
1132 2048 1379 2104 stultum
1429 2054 1618 2120 putas,
1671 2051 1846 2105 debes

199 2138 517 2204 conﬁdere,
548 2154 636 2192 me
667 2142 872 2191 contra
912 2138 1171 2193 rationes
1217 2138 1501 2208 preprias,
1535 2155 1668 2192 cum
1724 2156 1845 2193 ma-

197 2242 312 2297 gno
348 2242 476 2281 meo
513 2228 726 2281 damno
777 2244 892 2281 non
946 2228 1260 2282 facturum.
1310 2228 1498 2282 Facile
1557 2228 1699 2282 mihi
1760 2234 1849 2283 est

197 2318 336 2374 alibi
371 2315 623 2387 reperire
654 2316 808 2386 quod
842 2316 1081 2371 suavius
1114 2317 1289 2371 etiam
1324 2320 1627 2372 comedam
1666 2334 1845 2388 quam

196 2421 273 2480 te,
308 2416 565 2469 amicum
626 2414 703 2468 ita
762 2414 1017 2483 fidelem,
1067 2416 1149 2469 ita
1207 2415 1589 2485 industrium,
1643 2417 1741 2487 qui
1796 2413 1847 2471 si

195 2505 434 2576 quando
464 2504 522 2559 in
558 2503 799 2575 laqueos
832 2503 1111 2569 incidam,
1144 2510 1201 2559 et
1233 2506 1420 2575 possit
1458 2510 1515 2558 et
1560 2505 1698 2559 velit
1746 2523 1846 2561 eos

194 2596 486 2665 frangere,
535 2609 826 2663 nusquam
886 2593 1204 2663 inveniam,
1247 2599 1304 2648 te
1353 2594 1597 2664 perdito.
1649 2595 1844 2651 Sentis

192 2685 453 2755 profecto
486 2700 660 2754 quam
695 2699 940 2737 securus
970 2699 1099 2737 esse
1131 2684 1345 2737 debeas
1380 2683 1620 2753 periculi
1653 2686 1846 2754 cujus-

191 2773 281 2827 vis
314 2772 709 2843 impcndentis
742 2790 774 2826 a
806 2790 917 2838 me,
952 2772 1043 2825 cui
1079 2772 1234 2826 haud
1270 2773 1387 2826 fere
1421 2773 1617 2827 minus
1667 2790 1841 2843 quam

194 2864 310 2935 ipsi
344 2862 448 2916 tibi
480 2864 747 2932 expediat
777 2861 1005 2916 salvum
1039 2866 1095 2915 te
1128 2877 1191 2915 ac
1227 2860 1451 2915 felicem
1484 2878 1659 2931 quam
1712 2862 1845 2917 diu-

192 2952 428 3008 tissime
472 2953 675 3007 vivere.
735 2951 895 3006 Mitte
944 2950 1126 3020 igitur
1174 2950 1538 3021 suspiciones
1587 2951 1751 3015 istas,
1787 2956 1845 3007 et

196 3042 344 3097 mihi
378 3043 531 3096 bona
562 3041 675 3095 ﬁde
706 3040 792 3095 fac
822 3040 1049 3110 copiam
1085 3038 1350 3094 amicitiae
1376 3043 1507 3107 tuae,
1543 3040 1711 3109 cujus
1754 3058 1846 3097 me

192 3132 422 3187 dudum
454 3130 748 3202 cupiditas
799 3129 1059 3184 incessit.
1113 3128 1257 3182 Nolo
1306 3128 1461 3184 enim
1509 3129 1845 3187 existimare

187 3226 248 3277 te
302 3219 581 3274 hodierno
624 3218 735 3273 isto
767 3218 1165 3289 experimento
1197 3218 1373 3272 ofﬁcii
1405 3222 1519 3272 ate
1550 3217 1841 3274 columbis

184 3310 456 3374 exhibiti,
491 3308 741 3379 primam
776 3307 917 3361 mihi
952 3306 1184 3361 virtutis
1218 3312 1330 3361 tuae
1364 3307 1625 3361 notitiam
1675 3307 1837 3363 obla-

184 3406 304 3456 tam
342 3398 732 3469 tjampridem
767 3398 837 3451 de
872 3400 973 3450 tua
1012 3395 1378 3451 humanitate
1426 3412 1834 3467 cognoveram,

177 3500 361 3553 odore
393 3496 645 3567 quodam
679 3495 807 3565 ejus
840 3494 954 3549 late
987 3510 1046 3548 se
1089 3493 1370 3549 fundente
1418 3495 1630 3565 suique
1681 3494 1833 3550 inlli-

174 3588 338 3644 cium
373 3583 940 3657 spargente.Similis
972 3582 1122 3637 enim
1158 3581 1415 3637 charitas
1450 3583 1691 3638 moscho
1724 3590 1831 3651 est,

176 3675 432 3733 aromati
499 3674 853 3730 suavissime
913 3671 1220 3742 fragranti,
1280 3673 1453 3742 cujus
1505 3671 1640 3727 sinu
1701 3673 1836 3728 licet

174 3765 423 3830 conditi,
456 3780 599 3820 aura
648 3763 912 3834 quaedam
962 3760 1304 3817 illecebrosa
1330 3761 1658 3828 exspirans,
1692 3779 1833 3817 cun-

175 3862 309 3911 ctos
354 3859 411 3908 et
459 3852 637 3908 afﬁcit
685 3856 742 3906 et
775 3851 983 3905 allicit.
1024 3850 1318 3906 Adversus
1343 3849 1467 3904 haec
1499 3867 1652 3918 mus,
1689 3868 1832 3907 non-

176 3946 325 3999 dum
362 3942 532 4015 plane
566 3957 908 4013 persuasus,
958 3942 1221 4011 excipere
1270 3940 1525 4011 perrexit
1567 3939 1625 3993 in
1676 3941 1831 3995 hunc

175 4035 427 4089 modum
464 4049 476 4087 :
512 4031 724 4102 Magna
752 4031 839 4085 vis
870 4033 960 4085 est
988 4028 1274 4084 naturalis
1314 4029 1455 4093 odii,
1507 4030 1675 4100 cujus
1724 4030 1830 4085 du-

177 4123 396 4195 plicem
454 4121 622 4176 video
681 4120 935 4191 speciem
989 4135 1003 4173 :
1055 4116 1333 4184 alteram;
1381 4134 1509 4188 quae
1568 4118 1831 4174 infensos

170 4210 426 4267 aemulos
453 4211 509 4264 in
543 4208 868 4264 certamina
890 4206 1428 4276 committit,qualis
1450 4206 1829 4277 elephantum

168 4307 230 4357 et
264 4302 502 4355 leonum
537 4298 846 4353 inimicitia
876 4303 982 4362 est;
1014 4295 1260 4351 alteram
1293 4312 1421 4366 quae
1453 4295 1831 4365 praevalentes

166 4407 311 4447 cum
345 4388 617 4454 infirmis,
652 4387 892 4443 timidos
925 4402 1056 4441 cum
1089 4385 1409 4440 audacibus
1455 4402 1826 4455 comparans,

166 4483 464 4552 impetum
498 4494 565 4532 ac
596 4479 709 4532 vim
745 4492 955 4531 saevam
992 4474 1333 4530 fortioribus
1364 4474 1827 4545 inspirat,imbe-

164 4568 327 4626 ciliis
352 4568 497 4624 nihil
521 4582 840 4638 suggerens
855 4565 1011 4619 aliud
1028 4564 1140 4619 nisi
1159 4563 1530 4618 formidinem
1547 4580 1613 4618 ac
1627 4564 1824 4635 fugam

1960 1950 2200 2003 materia
2235 1948 2552 2016 elaborata,
2588 1955 2709 2002 tum
2741 1946 3108 2001 constantius
3138 1947 3373 2013 durant;
3397 1950 3519 2000 tum
3551 1946 3599 2000 si

1958 2037 2095 2109 quid
2130 2037 2459 2093 detrimenti
2495 2037 2663 2107 lapsu
2697 2040 2800 2091 aut
2830 2036 3070 2091 incursu
3105 2036 3455 2107 acceperint,
3482 2052 3597 2089 non

1956 2128 2271 2181 difﬁculter
2303 2130 2712 2181 restaurantur
2743 2130 3224 2196 reponunturque
3272 2125 3329 2179 in
3380 2132 3599 2179 statum

1957 2216 2294 2287 pristinum.
2327 2215 2485 2270 Talis
2541 2216 2671 2283 erit,
2724 2232 2795 2269 ne
2851 2215 3110 2281 dubites,
3161 2230 3326 2268 amor
3380 2219 3598 2279 noster,

1957 2323 2068 2360 non
2106 2305 2363 2370 fortuito,
2397 2305 2498 2360 sed
2554 2321 2621 2359 ex
2671 2309 2827 2358 certa
2872 2309 2930 2358 et
2978 2307 3207 2358 matura
3256 2303 3600 2357 meritorum

1956 2400 2130 2466 atque
2192 2395 2516 2449 utilitatum
2576 2402 2917 2448 mutuarum
2975 2393 3363 2463 aestimatione
3414 2397 3600 2458 ortus,

1956 2484 2186 2554 qualem
2211 2484 2369 2538 nulla
2391 2500 2651 2555 unquam
2676 2481 3080 2554 longinquitas
3097 2481 3603 2553 temporis,nullus

1955 2591 2128 2629 casus
2159 2577 2262 2628 aut
2285 2589 2447 2628 error
2476 2571 2933 2627 labefactaverit.

2027 2697 2417 2754 V.Emollitus
2446 2702 2566 2752 tam
2600 2695 2842 2752 instanti
2876 2696 3139 2751 oratione
3171 2695 3598 2766 mus,Accipio,

1953 2788 2169 2861 inquit,
2200 2804 2376 2857 quam
2408 2785 2581 2842 offers
2608 2785 2953 2851 amicitiam,
2982 2801 3087 2840 nec
3118 2790 3173 2839 te
3222 2784 3480 2857 primum
3531 2802 3601 2841 ex

1953 2876 2228 2932 omnibus
2259 2875 2359 2948 qui
2386 2891 2475 2931 me
2505 2874 2725 2946 aliquid
2759 2879 3062 2946 rogarunt,
3087 2874 3271 2947 optati
3304 2879 3601 2947 expertem

1953 2966 2269 3022 dimittam.
2305 2964 2431 3023 Non
2462 2970 2660 3021 tamen
2688 2964 2934 3038 paenitet
2978 2961 3268 3036 allegasse
3314 2979 3446 3036 qua.-
3490 2979 3597 3020 au-

1954 3056 2117 3123 disti,
2151 3054 2505 3128 pertinentia
2552 3053 2741 3126 magis
2791 3053 2862 3109 ad
2912 3051 3351 3109 excusationem
3402 3069 3597 3111 meam

1954 3161 2131 3218 quam
2189 3144 2259 3199 ad
2323 3142 2835 3217 premunitionem
2892 3145 3081 3199 tuam.
3113 3139 3283 3199 Volui
3314 3145 3433 3197 tam
3464 3141 3597 3199 fusa

1871 3265 1914 3331 Ο
1954 3233 2346 3290 declarations
2376 3247 2641 3287 meorum
2673 3246 2959 3287 sensuum
2989 3229 3301 3301 praeripere
3329 3229 3434 3287 tibi
3466 3246 3599 3287 om-

1951 3340 2085 3379 nem
2114 3338 2321 3378 ansam
2352 3318 2679 3377 insuitandi
2710 3335 2972 3393 unquam
3020 3317 3386 3392 simplicitati
3432 3336 3597 3388 meas,

1947 3413 1997 3468 si
2028 3412 2287 3483 quando,
2319 3409 2477 3481 quod
2528 3408 2718 3465 absit!
2772 3408 3142 3481 contingeret
3184 3408 3411 3465 resilire
3458 3413 3515 3466 te
3563 3426 3599 3465 a

1946 3501 2287 3574 pactis.Non
2320 3500 2477 3556 enim
2509 3505 2651 3555 tunc
2680 3497 2965 3570 gratulari
2997 3505 3187 3554 tecum
3230 3514 3457 3570 posses,
3505 3499 3597 3555 fu-

1946 3608 2080 3648 cum
2111 3596 2167 3646 te
2194 3588 2404 3647 fecisse
2429 3588 2547 3644 tuis
2577 3587 2885 3643 fraudibus
2915 3603 3113 3643 crasso
3145 3586 3381 3643 cuidam
3403 3592 3462 3644 et
3481 3588 3596 3644 imo

1945 3679 2206 3751 provido,
2240 3693 2495 3750 eumque
2519 3692 2671 3732 vana
2720 3675 3110 3732 ostentatione
3161 3675 3591 3747 promissorum

1943 3768 2125 3825 stulte
2172 3768 2478 3824 credulum
2535 3765 2842 3821 induxisse
2890 3766 2962 3821 ad
3014 3764 3227 3831 fmdus,
3271 3765 3402 3836 ejus
3450 3765 3590 3823 olim

1944 3856 2200 3930 pernicie
2229 3855 2852 3913 sanciendum.Testor
2870 3855 2993 3926 jam
3025 3870 3180 3911 nunc
3207 3860 3265 3911 te
3293 3855 3491 3927 ipsum
3515 3872 3589 3912 an

1941 3946 2359 4020 praviderim?
2383 3963 2457 4002 an
2492 3961 2608 4002 non
2659 3944 3157 4017 prem‘onuerim?
3204 3944 3447 4001 Duritiei
3497 3962 3589 4000 me

1942 4053 2145 4109 posses
2174 4050 2452 4092 accusare
2483 4034 2534 4090 si
2564 4050 2678 4089 non
2723 4046 3071 4103 annuerem,
3118 4033 3288 4089 fatuis
3332 4034 3588 4092 creduli-

1938 4126 2077 4182 tatis
2109 4130 2165 4180 et
2194 4124 2606 4197 imprudentia;
2633 4124 2916 4179 damnare
2948 4139 3021 4179 ne
3058 4126 3119 4178 tu
3173 4121 3414 4196 quidem
3464 4122 3589 4194 ipse

1942 4230 2167 4288 posses,
2199 4213 2435 4286 quando
2465 4212 2645 4285 (quod
2678 4228 2794 4267 non
2826 4210 3084 4268 arbitror
3112 4210 3253 4281 fore,
3279 4226 3387 4268 nec
3434 4211 3590 4269 Deus

1940 4304 2160 4375 siverit)
2185 4303 2349 4359 abuti
2381 4301 2523 4357 olim
2563 4300 2744 4357 velles
2790 4300 3065 4358 amicitia:
3114 4300 3329 4357 ﬁducia
3376 4302 3447 4357 ad
3500 4318 3591 4357 me

1938 4394 2243 4449 incautum
2275 4390 2752 4464 opprimendum.
2784 4384 2889 4447 His
2917 4390 3111 4460 dictis,
3142 4390 3211 4446 ad
3244 4406 3310 4446 os
3340 4391 3465 4446 cavi
3495 4392 3588 4446 sui

1940 4500 2072 4538 mus
2101 4482 2432 4537 accessitet
2459 4487 2637 4551 caput
2661 4480 2946 4535 duntaxat
2976 4479 3132 4535 foras
3157 4479 3418 4552 protulit.
3437 4479 3585 4535 Tum

1937 4589 2165 4640 corvus,
2200 4570 2480 4641 Injuriam
2513 4569 2658 4625 mihi
2691 4569 2858 4636 facis,
2892 4568 2993 4636 ait,
3038 4568 3136 4639 qui
3187 4570 3449 4625 nondum
3500 4569 3585 4623 vi-

168 4657 490 4730 trepidam.
526 4657 687 4711 Talis
738 4656 922 4711 nostri
969 4654 1227 4709 murium
1278 4654 1510 4723 generis
1560 4670 1691 4708 cum
1745 4656 1821 4709 fe-
1858 4634 1902 4696 D
1935 4664 2107 4717 deare
2138 4667 2359 4716 metum
2393 4660 2505 4715 mei
2537 4660 2847 4731 deponere.
2881 4658 3031 4722 Quin
3065 4664 3127 4713 tu
3158 4662 3319 4714 totus
3368 4659 3436 4714 ad
3493 4675 3584 4714 me

164 4750 337 4804 libus
371 4746 644 4803 simultas
677 4750 827 4813 est,a
859 4762 975 4815 qua
1006 4761 1119 4798 non
1155 4743 1404 4797 multum
1432 4742 1625 4797 differt
1644 4748 1831 4798 vestra

164 4855 412 4911 quoque
436 4836 869 4891 carnivcrarum
895 4838 951 4888 et
971 4833 1272 4904 rapacium
1300 4831 1596 4887 volucrum
1631 4833 1687 4886 in
1724 4850 1829 4888 nos

165 4928 475 4996 violentia,
510 4942 636 4996 quae
668 4941 801 4980 cum
836 4926 1109 4978 naturam
1147 4922 1353 4977 habeat
1384 4926 1705 4988 auctorem,
1735 4923 1829 4976 vix

164 5026 300 5082 ulla
332 5041 594 5095 unquam
630 5022 875 5077 rationis
908 5018 1317 5075 moderatione
1341 5018 1827 5089 mitigatur;ejus-

1939 4752 2181 4823 prodis?
2213 4756 2311 4806 aut
2343 4750 2483 4821 quid
2516 4749 2688 4804 times
2720 4753 2852 4820 post
2875 4752 2996 4803 tam
3040 4748 3299 4804 sinceras
3347 4765 3586 4820 expres-

1939 4841 2135 4897 siones
2167 4858 2308 4896 meaa
2337 4839 2445 4895 tibi
2476 4838 2721 4895 addicta;
2742 4837 3178 4894 voluntatis?Ad
3199 4854 3270 4894 ea
3300 4855 3432 4894 mus
3463 4839 3581 4895 hanc

1938 4930 2201 5002 reposuit
2234 4947 2245 4984 :
2280 4927 2563 4984 Amicitiae
2594 4925 2810 4998 duplex
2839 4942 3025 4998 genus
3056 4927 3114 4982 in
3145 4926 3262 4983 vita
3290 4931 3413 4996 est;
3444 4944 3580 4984 nam

1938 5019 2034 5074 alii
2067 5018 2274 5074 affectu
2309 5017 2516 5072 intimo
2549 5016 2733 5071 animi
2762 5032 2825 5071 se
2852 5015 3099 5071 invicem
3149 5015 3405 5088 amplexi
3452 5033 3583 5073 vere

1938 5112 2281 5178 amant,non
2312 5106 2490 5163 alium
2520 5111 2833 5178 sequentes
2866 5106 3085 5162 amoris
3113 5106 3369 5162 fructum
3403 5122 3583 5179 quam

1935 5198 2125 5269 ipsam
2159 5197 2370 5268 dignos
2398 5196 2635 5251 amandi
2674 5197 3079 5264 honestatem;
3130 5194 3380 5252 aliorum
3425 5214 3587 5269 qus:-

1937 5287 2160 5343 stuosis
2208 5286 2511 5358 implicata
2560 5285 2887 5345 rationibus
2929 5289 2987 5340 et
3033 5285 3277 5341 minime
3330 5287 3588 5359 gratuita

1936 5377 2170 5431 dilectio
2236 5376 2772 5447 est,Spectantium
2833 5391 2951 5431 non
3011 5391 3294 5448 personas
3350 5376 3587 5433 dotesve

1938 5466 2224 5522 amabiles
2270 5464 2640 5531 dilectarum,
2691 5466 2792 5521 sed
2842 5481 2983 5537 opes
3028 5465 3296 5537 vicesque
3347 5470 3583 5523 mutuas

1938 5560 2309 5627 speratorum
2335 5570 2403 5608 ex
2432 5552 2578 5625 ipsis
2620 5553 2949 5609 ofﬁciorum
2998 5554 3069 5609 ad
3123 5553 3248 5607 vitae
3298 5558 3582 5625 opportu-

1939 5647 2152 5701 nitates
2184 5645 2440 5700 utilium.
2471 5644 2585 5700 Hos
2614 5661 2720 5717 ego
2751 5661 3093 5717 comparare
3132 5646 3341 5701 vestris
3392 5633 3581 5701 hosti-

1936 5739 2049 5793 bus
2080 5737 2409 5806 aucupibus
2439 5734 2621 5801 soleo,
2654 5735 2795 5790 dum
2829 5750 3013 5807 grana
3042 5739 3348 5808 spargunt,
3382 5753 3578 5793 escam

158 5119 308 5172 dem
344 5116 561 5185 quippe
593 5110 949 5167 conditionis
980 5114 1069 5165 est
1098 5125 1232 5163 cum
1266 5108 1529 5163 dissidiis
1567 5108 1827 5163 elemen-

152 5214 367 5262 torum
429 5219 669 5274 prorsus
730 5197 1205 5270 implacabilibus
1252 5202 1308 5251 et
1337 5197 1826 5267 desperatissimaz

150 5293 629 5369 paciﬁcationis;
665 5289 901 5361 quando
928 5288 1083 5343 enim
1136 5293 1509 5359 exspectetur
1558 5291 1620 5341 ut
1662 5304 1826 5357 aquae

148 5390 325 5443 bona
357 5384 468 5437 ﬁde
500 5398 632 5436 cum
667 5380 803 5451 igne
834 5376 1187 5433 conveniat?
1217 5376 1421 5431 Caleﬁt
1452 5376 1689 5446 quidem
1724 5392 1826 5448 ge-

149 5477 331 5531 lidus
364 5473 561 5540 liquor
590 5471 840 5524 flammae
869 5468 921 5521 vi
956 5467 1223 5531 admotae,
1259 5464 1583 5536 ebullitque
1623 5482 1688 5519 ac
1738 5467 1825 5519 fu-

156 5569 318 5630 mat,
353 5562 453 5617 sed
490 5566 879 5631 praeterquam
922 5557 1033 5611 sibi
1086 5557 1345 5624 relictus,
1400 5557 1659 5609 nativum
1712 5556 1827 5611 cito

148 5660 364 5727 frigus
387 5651 747 5721 recipit,tum
771 5648 946 5702 etiam
973 5662 1106 5700 cum
1134 5650 1311 5699 fervet
1336 5646 1606 5709 maxime,
1631 5645 1826 5716 ignem

156 5752 226 5805 in
258 5760 436 5819 quem
468 5738 739 5796 inciderit
768 5737 1399 5808 exstinguit.Quocirca
1431 5751 1629 5790 vereor
1658 5736 1825 5806 equi-
