4248 6442
236 380 369 434 1301

1252 381 1610 433 εΡκοιΜΕΝ
1648 369 2047 436 saeiarum
2083 383 2420 438 lNDORUM
2461 386 2621 438 var.

3509 381 3647 432 ltiti!

240 515 376 559 cum
412 518 586 558 uxore
615 502 970 558 fabulantem
995 501 1307 558 audiebam
1327 503 1385 556 in
1419 502 1576 556 hunc
1605 503 1872 558 modum:

2001 507 2431 576 frtigem,antea
2455 509 2747 562 mundata:
2771 507 3233 573 admiscuitdiarc
3258 522 3458 559 secum
3485 522 3642 558 mns-

238 591 382 648 Volo
439 592 586 648 istos
643 601 793 663 quos
851 595 1002 647 tecto
1060 591 1419 663 excepimus,
1482 591 1781 657 honestos,
1831 603 1894 646 nt

237 686 506 752 apparet,
552 681 706 736 viros
739 680 998 736 convivio
1057 681 1234 736 etiam
1286 679 1564 735 adhibere
1611 697 1775 748 cras;
1810 682 1893 735 sic

235 770 393 825 enim
455 769 758 824 urbanitas
821 775 878 824 et
931 769 1189 824 ofﬁcium
1250 768 1489 840 hospitii
1547 768 1890 839 prescribit.

243 866 415 922 Recte
472 866 714 932 cogitas,
776 867 854 920 mi
914 867 1022 932 vir,
1058 881 1202 921 uxor
1253 866 1354 933 ait,
1391 866 1560 920 modo
1611 866 1687 920 sit
1738 867 1891 920 unde

239 971 509 1010 mensam
570 955 960 1022 instruamus,
995 973 1100 1010 nos
1131 955 1284 1010 enim
1333 955 1393 1009 in
1447 955 1624 1023 diem,
1659 960 1722 1008 ut
1752 955 1888 1016 seis,

233 1045 527 1112 vivimus;
560 1050 620 1100 et.
649 1063 776 1116 quas
807 1049 928 1114 tua,
963 1061 1033 1100 ne
1066 1045 1386 1117 quidquam
1433 1050 1551 1100 tam
1599 1059 1750 1114 szepe
1781 1046 1889 1098 im-

237 1134 488 1205 probata
522 1134 688 1199 mibi,
723 1132 1185 1190 dissolutissitna
1213 1134 1344 1189 vitae
1377 1130 1523 1189 ratio
1548 1137 1656 1203 est,
1680 1140 1891 1190 cuncta

235 1222 319 1275 ita
349 1221 762 1276 consumimus
813 1223 1020 1294 quovis
1059 1240 1296 1294 vespere
1329 1229 1391 1277 nt
1419 1221 1562 1276 nihil
1594 1221 1651 1276 in
1687 1221 1889 1277 crasti-

237 1327 377 1366 num
410 1310 487 1365 sit
537 1310 769 1382 reliqui.
820 1313 926 1366 tlui
979 1313 1084 1378 vir,
1144 1310 1320 1378 Tace,
1353 1313 1567 1384 inquit,
1601 1321 1734 1368 eum
1769 1313 1888 1366 tuis

234 1397 368 1455 istis
401 1395 691 1472 angustiis
722 1401 903 1455 animi
931 1419 944 1463 ς
979 1399 1236 1456 crastina
1265 1400 1388 1456 dies
1422 1401 1747 1473 providebit
1775 1398 1885 1473 ipsi

238 1490 354 1546 sibi
386 1507 492 1546 nec
525 1492 595 1546 ab
628 1491 910 1546 hodierna
957 1494 1228 1563 degener,
1276 1498 1552 1563 suggeret
1581 1492 1709 1564 ipsa
1740 1510 1888 1564 quo-

237 1596 354 1651 que
384 1579 568 1650 hujus
592 1581 858 1652 exemplo
909 1583 1065 1652 quod
1099 1583 1348 1637 edamus
1379 1587 1437 1636 et
1467 1577 1674 1636 amicis
1706 1599 1888 1653 appo-

235 1685 474 1724 namus.
512 1670 684 1725 Porro
742 1669 839 1726 isti
897 1679 1146 1740 quorum
1207 1672 1266 1725 in
1328 1685 1639 1726 numerum
1673 1670 1886 1725 l'rustra

238 1775 330 1813 me
362 1757 599 1827 invitas,
633 1759 789 1814 avari
822 1755 1208 1831 reSpositores
1241 1759 1633 1828 affluentium,
1668 1759 1767 1831 qui
1805 1761 1890 1815 fa-

235 1863 392 1902 mem
425 1846 769 1903 hodiernam
803 1865 906 1920 pro
937 1848 1195 1904 crastina
1226 1842 1439 1920 pacisci
1473 1846 1640 1920 capia
1668 1849 1882 1915 solent,
1919 1861 1962 1927 Β

237 1938 392 1991 male
426 1937 701 2008 peribunt
730 1943 788 1993 et
815 1938 1112 1993 venatoris
1142 1943 1197 1992 et
1228 1937 1350 2009 lupi
1381 1937 1645 2008 exemplo
1669 1935 1885 2008 quibus

227 2042 407 2096 quam
463 2025 613 2081 male
665 2041 773 2081 sua
834 2027 1197 2099 providentia
1255 2029 1607 2084 successerit
1634 2027 1886 2082 breviter

225 2115 447 2186 accipe.
485 2115 832 2188 Progresstis
873 2117 943 2172 ad
1005 2114 1338 2173 venandum
1395 2119 1486 2173 vir
1539 2134 1672 2172 cum
1718 2133 1880 2185 arcu,

227 2221 633 2271 occurrentem
667 2233 939 2288 capream
999 2217 1214 2289 sagitta
1270 2220 1478 2274 stravit
1535 2219 1781 2290 eamque
1823 2219 1880 2274 in

221 2301 510 2360 humeros
541 2305 880 2381 impositam
909 2309 1152 2363 domum
1187 2308 1460 2380 pertulit;
1497 2325 1603 2363 nec
1653 2306 1879 2380 epulari

218 2408 249 2447 e
284 2398 449 2448 tanta
483 2390 688 2470 praeda
713 2398 1019 2461 sustinuit,
1051 2392 1150 2452 sed
1196 2397 1432 2453 inhians
1467 2397 1695 2468 majori,
1721 2399 1879 2469 jeju-

216 2499 334 2536 nus
367 2483 578 2538 iterum
607 2483 742 2538 exit.
781 2486 921 2540 Ecce
981 2484 1095 2540 non
1149 2485 1345 2541 minus
1394 2480 1614 2542 favente
1648 2489 1881 2543 fortuna

217 2571 423 2641 procul
474 2582 686 2644 aprum
738 2575 1136 2645 conspicatur,
1168 2578 1224 2630 et
1258 2575 1384 2646 ﬁgit
1431 2575 1671 2646 explosa
1706 2595 1879 2632 nervo

221 2661 488 2734 tragula;
552 2669 611 2740 at
672 2666 854 2719 ferum
918 2682 1281 2736 prrepropere
1337 2673 1639 2721 mortuum
1694 2673 1877 2736 ratus,

220 2750 363 2806 dum
397 2749 608 2822 cupide
639 2743 763 2808 vult
793 2748 996 2808 tollere
1036 2753 1270 2825 spirans
1323 2754 1416 2809 ille
1468 2756 1658 2810 adhuc
1689 2761 1744 2809 et.
1776 2757 1876 2810 do-

219 2838 345 2894 lore
375 2839 632 2896 vulneris
667 2841 968 2913 irritatior,
1003 2861 1153 2898 save
1185 2844 1360 2899 dente
1393 2844 1689 2899 hominem
1728 2846 1873 2900 lace-

217 2937 306 2984 rat
342 2945 354 2983 :
385 2934 510 2984 tum
545 2932 740 2999 ambo,
772 2932 825 2986 vi
859 2933 1084 2987 cruoris
1117 2932 1337 2988 amissa
1370 2933 1645 3000 maxima,
1671 2933 1870 2989 eodem

213 3019 276 3073 in
307 3017 436 3074 loco
471 3021 818 3076 moriuntur.
863 3023 1208 3094 Supervenit
1238 3040 1354 3078 non
1385 3023 1468 3078 ita
1498 3023 1683 3078 multo
1719 3030 1870 3095 post,

208 3109 468 3179 praedam
485 3110 1079 3183 quaerenslupusﬂui
1101 3110 1240 3166 visis
1257 3111 1868 3182 corporibusduobus,

210 3202 273 3252 et
299 3213 434 3252 arcu
467 3201 760 3255 venatoris
792 3216 906 3255 non
944 3200 1142 3272 procul
1169 3201 1426 3271 jacente,
1470 3217 1734 3273 corpora,
1766 3202 1864 3256 in-

213 3286 348 3357 quit
378 3302 603 3354 secum,
637 3288 760 3343 haec
790 3290 906 3344 duo
955 3306 1086 3344 cras
1115 3295 1171 3344 et
1214 3289 1424 3344 diebus
1482 3291 1868 3361 sequentibus

210 3375 555 3430 comedam:
581 3376 925 3433 hodiernam
942 3377 1153 3434 famem
1171 3377 1400 3450 placare
1415 3380 1558 3434 satis
1573 3379 1680 3434 erit
1697 3397 1869 3435 nervo

207 3480 386 3519 arcus
408 3481 585 3535 quem
637 3466 718 3520 ibi
771 3469 1065 3538 abjectum
1104 3484 1296 3522 cerno.
1333 3466 1433 3522 His
1465 3467 1638 3523 dictis
1670 3469 1738 3523 ad
1775 3488 1865 3524 ar-

205 3570 347 3609 cum
399 3555 644 3623 accedit,
676 3561 734 3611 et
786 3572 989 3612 vorare
1035 3556 1317 3612 chordam
1345 3558 1702 3628 aggreditur.
1737 3565 1869 3614 Erat

203 3650 409 3701 autem
443 3646 736 3702 intentum
760 3647 818 3703 in
838 3665 905 3704 ea
927 3652 986 3703 et
1009 3647 1638 3719 jaeulationiparatum
1666 3649 1864 3708 telum.

202 3760 325 3815 quo
383 3744 452 3799 ad
515 3745 770 3815 primum
833 3745 956 3818 lupi
1013 3749 1298 3802 attactum
1368 3747 1626 3818 exploso,
1691 3750 1868 3805 miser

203 3833 388 3889 corde
415 3835 883 3890 transverberato
913 3836 1114 3891 statim
1158 3835 1336 3905 lupus
1367 3836 1608 3890 interiit.
1643 3837 1866 3895 Similis

201 3941 421 3981 avaros
453 3938 622 3997 poena
656 3931 870 3990 manet,
931 3932 997 3981 ac
1055 3926 1322 3982 videlicet
1370 3930 1425 3981 te
1469 3944 1721 3998 quoque,
1751 3930 1862 3984 nisi

201 4013 437 4069 desinis
465 4015 536 4069 de
566 4016 825 4071 crastino
859 4031 988 4071 esse
1020 4003 1290 4071 sollicita.
1331 4014 1573 4070 Talibus
1603 4017 1690 4071 vel
1733 4035 1866 4088 per-

198 4119 412 4174 suasa,
443 4105 527 4160 Vel
565 4121 906 4176 persuasam
967 4122 1029 4161 se
1087 4105 1301 4160 mulier
1341 4105 1652 4171 simulans,
1684 4108 1860 4176 Bene,

193 4193 415 4264 inquit,
449 4194 661 4250 habet:
688 4195 807 4250 scio
840 4195 936 4249 ubi
971 4195 1048 4250 sit
1075 4212 1253 4266 oryza
1310 4199 1367 4250 et
1414 4211 1710 4250 sesamum
1751 4214 1763 4251 :
1798 4215 1863 4253 ea

192 4301 336 4339 cras
385 4284 732 4355 tempestive
789 4300 1038 4355 ecquam
1070 4289 1126 4338 et
1161 4285 1474 4352 condiam;
1529 4301 1672 4340 voca
1731 4285 1863 4342 licet

193 4390 359 4446 quos
390 4373 568 4443 voles,
625 4372 910 4428 Postridie
971 4389 1141 4428 mane
1191 4370 1309 4428 vidi
1358 4374 1861 4431 matremfamilias

195 4468 428 4521 certam
464 4464 680 4518 sesami
715 4479 1076 4530 mensuram,
1122 4467 1344 4534 quanta
1393 4464 1649 4519 convivis
1679 4483 1712 4518 a
1743 4466 1862 4521 viro

193 4553 486 4610 vocandis
511 4552 827 4616 'sufficeret,
869 4568 1026 4624 aqua
1074 4551 1287 4618 lavare,
1341 4568 1592 4623 moxque
1644 4567 1858 4625 purga-

188 4651 324 4702 tam
362 4644 691 4713 expandere
722 4644 793 4698 ad
818 4642 1024 4711 solem,
1050 4647 1177 4698 tum
1210 4644 1280 4698 ad
1302 4641 1417 4699 alia
1451 4661 1512 4698 se
1545 4644 1856 4699 ministerii

182 4732 515 4791 domestici
548 4749 726 4804 opera
746 4737 994 4788 vertere.
1027 4733 1426 4803 Occupaverat
1449 4738 1645 4788 autem
1670 4733 1856 4805 pridie

181 4828 552 4881 demensum
603 4822 821 4878 sesami
864 4822 986 4877 viro
1018 4827 1076 4877 et
1113 4821 1226 4878 sibi
1258 4822 1643 4877 suffecturum
1677 4822 1734 4876 in
1769 4839 1856 4879 se-

180 4920 480 4989 quentem
541 4912 696 4970 diem
748 4929 1019 4986 purgare,
1079 4918 1136 4970 et
1192 4913 1419 4968 lautum
1452 4915 1854 4986 siccatumque

181 5016 570 5086 reposuerat,
605 5011 699 5067 cui
743 5015 1028 5082 quantum
1051 5007 1424 5082 absumptu’ri
1459 5016 1624 5066 erant
1653 5011 1852 5082 hospi-

177 5112 283 5160 tes
321 5118 481 5156 nunc
511 5100 908 5171 superaddere
939 5105 1201 5172 parabat.
1257 5101 1363 5155 Sed
1395 5117 1568 5155 casus
1596 5100 1850 5155 interve-

174 5197 280 5254 nit
318 5209 465 5250 sane
502 5192 914 5249 incommodus
947 5209 960 5247 :
997 5208 1133 5247 nam
1169 5191 1331 5247 canis
1385 5193 1718 5262 praeteriens
1752 5208 1849 5246 ex-

171 5300 456 5360 pansum
489 5285 559 5338 ad
593 5283 784 5338 solem
803 5298 1080 5337 sesanum
1113 5282 1477 5337 comminxit.
1511 5283 1634 5346 Quo
1667 5281 1854 5336 anim-

164 5378 440 5434 adverso
483 5373 722 5438 femina,
784 5371 1077 5443 pollutum
1140 5373 1310 5426 urina
1368 5372 1563 5427 cibum
1623 5372 1849 5426 abomi-

163 5482 363 5532 nans,
398 5463 628 5534 abjecit.
670 5461 906 5518 Excludi
952 5465 1148 5516 autem
1181 5479 1242 5517 se
1277 5467 1537 5533 tempore
1567 5463 1849 5530 sentiens,

167 5576 256 5618 ne
285 5553 454 5610 aliud
488 5570 765 5610 sesanum
797 5551 1058 5608 ablueret
1088 5553 1241 5623 quod
1276 5552 1602 5624 quantitate
1654 5569 1849 5607 neces-

168 5647 356 5708 saria
377 5642 561 5716 pridie
587 5648 786 5715 parato
809 5643 1176 5712 adiungeret,
1200 5645 1255 5696 et
1280 5642 1420 5696 cista
1448 5643 1850 5713 depromptum

168 5742 544 5801 mensuram
573 5736 701 5806 ejus
723 5733 900 5805 priori
926 5749 1147 5803 parem,
1181 5732 1574 5801 immundam,
1609 5737 1675 5787 ut
1707 5737 1848 5803 erat,

1999 594 2206 663 sitans,
2233 595 2315 649 an
2344 613 2522 666 quam
2565 597 2853 668 expediat,
2880 596 3165 666 quidquid
3203 597 3284 648 vir
3307 611 3470 648 meus
3496 611 3638 647 con-

1997 686 2086 737 tra
2114 681 2392 754 disputet,
2429 686 2744 755 repositum
2791 702 3020 740 servare
3050 683 3266 752 aliquid
3319 684 3375 738 in
3429 682 3641 735 crasti-

1999 791 2178 829 num:
2208 792 2417 846 nempe
2449 777 2560 830 nisi
2595 775 2744 830 clam
2779 775 2898 843 illo,
2935 780 2997 829 ut
3039 774 3217 840 soleo,
3252 773 3633 841 providissent

1995 867 2218 933 partem
2269 862 2526 933 aliquam
2588 863 2803 918 sesami
2869 861 3123 933 purgati.
3179 861 3318 914 nihil
3373 861 3645 914 haberem

1996 953 2150 1023 quod
2183 953 2444 1007 venturis
2477 953 2548 1007 ad
2593 952 2929 1006 condictum
2965 951 3220 1005 convivis
3254 949 3425 1003 hodie
3459 966 3639 1019 appo-

1996 1058 2189 1097 nerem
2235 1059 2389 1096 nunc
2449 1056 2579 1096 cum
2639 1043 2844 1097 saltem
2881 1059 3012 1112 pars
3046 1041 3114 1095 ad
3155 1057 3393 1092 rnanum
3445 1039 3645 1106 aliqua

1996 1133 2074 1187 sit
2104 1132 2318 1185 sesami
2355 1132 2639 1194 mandati,
2675 1131 2899 1184 minore
2927 1131 3297 1184 incmnniodo
3321 1129 3368 1180 ei
3403 1129 3640 1196 :nijnnci

1999 1240 2130 1294 pars
2163 1223 2274 1276 alia
2309 1239 2416 1277 non
2455 1228 2699 1293 purgata
2734 1222 2981 1291 poterit;
3019 1222 3225 1273 modus
3258 1226 3345 1272 est
3377 1217 3642 1271 videlicet

1995 1313 2054 1367 in
2089 1314 2283 1378 rebus,
2317 1317 2373 1366 et
2405 1311 2589 1366 nimia
2618 1317 2674 1366 et
2707 1311 2866 1364 nulla
2922 1309 3286 1380 providentia
3338 1309 3555 1378 pariter
3583 1307 3637 1358 in

1993 1403 2130 1457 vitio
2163 1401 2321 1458 sntit.
2357 1404 2489 1467 Quae
2523 1399 2623 1455 illa
2668 1403 2808 1454 dum
2859 1409 2914 1455 et
2946 1407 3142 1469 ageret
3190 1406 3246 1452 et
3296 1399 3514 1451 diceret
3549 1416 3639 1450 sa-

1996 1492 2220 1561 pienter
2253 1496 2306 1545 et
2337 1496 2584 1554 morate,
2645 1492 2736 1544 vix
2797 1495 2992 1544 tamen
3025 1489 3225 1542 vitavit
3268 1488 3641 1542 temerarium

1985 1579 2279 1651 judicium
2313 1580 2647 1650 cujusdam,
2685 1579 2784 1649 q'ui
2843 1595 2970 1633 eam
3028 1578 3233 1631 videns
3262 1576 3449 1630 facere
3484 1577 3640 1646 quod

1991 1668 2133 1736 dixi,
2164 1669 2374 1737 Quam,
2410 1668 2626 1739 inquit,
2656 1684 2896 1722 causam
2926 1667 3102 1722 habet
3132 1667 3246 1720 ista
3280 1664 3490 1719 mulier
3513 1666 3637 1719 fru-

1991 1775 2093 1830 ges
2129 1759 2380 1813 mundas
2406 1758 2658 1828 impuris
2684 1756 3094 1812 admiscendi?

2067 1885 2161 1939 IX.
2202 1883 2298 1938 llis
2328 1882 2497 1938 dictis
2548 1883 2881 1938 solitarium
2932 1883 3145 1954 hospes
3196 1882 3452 1946 intuens,
3498 1883 3636 1948 Ista,

1994 1974 2209 2044 inquit,
2241 1972 2528 2042 exempla,
2572 1973 2619 2025 si
2671 1972 2862 2027 dicere
2915 1989 3007 2026 me
3040 1972 3206 2038 sinis,
3245 1971 3299 2025 in
3337 1977 3389 2025 te
3423 1971 3641 2043 pariter

1991 2071 2047 2120 et
2078 2065 2480 2120 subsessorem
2514 2069 2680 2118 tuum
2717 2080 2943 2119 murem
2978 2080 3285 2118 sensuram
3318 2064 3637 2129 intentant;

1991 2171 2125 2208 nam
2161 2170 2347 2224 neque
2376 2157 2439 2208 tu
2465 2153 2826 2224 quotidianis
2858 2153 3038 2222 hujus
3071 2153 3358 2207 vexareris
3383 2153 3636 2220 injuriis.

1990 2243 2103 2298 nisi
2141 2259 2578 2314 supervacanea
2632 2243 3000 2314 providentia
3045 2241 3263 2297 cibaria
3311 2242 3417 2295 tibi
3458 2242 3642 2295 multo

1988 2341 2121 2391 ante
2152 2352 2330 2406 quam
2381 2336 2637 2390 verearis
2685 2335 3304 2406 przeparansspntinm
3343 2334 3638 2389 illiusnnn

1987 2426 2426 2479 chinationibus
2481 2425 2786 2495 praeberes.
2841 2425 2954 2478 lste
3009 2442 3178 2495 porro
3237 2425 3360 2492 ipse
3411 2426 3634 2477 turdu-

1988 2514 2271 2569 mesticus
2301 2515 2452 2568 haud
2485 2519 2857 2583 grassaretur
2899 2519 3018 2567 tam
3052 2513 3313 2572 licenter,
3351 2514 3458 2567 nisi
3496 2530 3634 2565 ron-

1984 2609 2160 2674 gesta:
2220 2603 2508 2658 incubans
2536 2602 2641 2667 rei,
2677 2603 3043 2674 provisarnm
3077 2603 3191 2656 sibi
3222 2620 3398 2669 opum
3469 2607 3522 2653 et
3579 2603 3633 2655 in

1983 2698 2110 2746 tuto
2145 2692 2470 2762 positarum
2506 2690 2867 2746 conscientia
2899 2690 3295 2745 insolescerct.
3332 2698 3474 2758 Age,
3511 2709 3636 2760 per-

1984 2779 2274 2836 fodiamus
2304 2780 2435 2848 ejus
2465 2795 2696 2844 cavum,
2751 2783 2852 2833 aut
2908 2778 3076 2833 valde
3109 2780 3301 2842 fallor,
3336 2791 3438 2833 aut.
3474 2781 3635 2833 inve-

1981 2870 2212 2924 niemus
2269 2867 2488 2923 cubilia
2525 2867 2654 2938 ipsa
2685 2868 3022 2939 rapinarum
3065 2873 3241 2938 caput
3291 2885 3358 2922 ac
3390 2885 3627 2922 causam

1980 2958 2372 3014 centidentiae.
2400 2956 2487 3011 Ab
2510 2956 2603 3012 bis
2631 2957 2823 3012 statim
2866 2973 2926 3010 se
2964 2957 3281 3027 accingunt
3327 2958 3510 3028 operi,
3544 2976 3635 3010 ca-

1979 3065 2213 3104 vernam
2249 3065 2436 3103 meam
2472 3047 2853 3119 prmcipuam,
2877 3049 3046 3118 cujus
3070 3065 3132 3101 os
3161 3048 3449 3109 exstabat,
3480 3051 3631 3102 unde

1979 3155 2072 3193 me
2095 3155 2248 3208 saepe
2277 3137 2507 3208 prodire
2531 3137 2834 3192 solitarius
2857 3142 3175 3204 notaverant,
3211 3139 3470 3207 aggressi
3495 3154 3627 3192 cum

1900 3233 1941 3298 ί]
1982 3227 2194 3283 marris
2210 3231 2268 3281 et
2291 3225 2569 3281 terrebris
2589 3227 2940 3297 pertundere
2963 3227 3329 3296 scrutarique
3353 3243 3534 3294 usque
3559 3229 3628 3281 ad

1978 3318 2283 3373 intimum.
2317 3317 2658 3370 Tremebam
2695 3333 2800 3388 ego
2833 3317 2970 3372 totis
2994 3317 3244 3372 artubus
3276 3323 3487 3372 cuncta
3510 3317 3629 3373 hmo

1975 3408 2222 3462 audiens
2254 3423 2284 3461 e
2328 3407 2590 3460 secundo
2641 3423 2771 3461 meo
2831 3406 3146 3462 seductiori
3187 3406 3494 3474 foramine,
3528 3409 3625 3461 ubi

1973 3503 2115 3552 tunc
2149 3498 2314 3560 forte,
2349 3499 2414 3549 ut
2443 3494 2583 3559 dixi,
2607 3495 3046 3565 delitescebam,
3072 3496 3243 3551 anxio
3267 3501 3408 3551 a-stu
3443 3497 3624 3551 animi

1974 3584 2336 3641 misserrime
2370 3589 2658 3645 metuens,
2685 3602 2754 3640 ne
2788 3585 2878 3639 bis
2928 3584 3088 3639 mille
3119 3601 3348 3651 aureos,
3383 3602 3530 3654 quos
3565 3585 3620 3638 in

1971 3677 2091 3731 imo
2106 3673 2257 3730 antri
2277 3689 2454 3744 specu
2480 3674 2701 3728 sensim
2728 3674 2898 3728 furtis
2919 3673 3097 3729 variis
3122 3679 3390 3745 aggestos
3415 3675 3615 3728 condi-

1971 3767 2194 3835 deram,
2249 3763 2753 3834 deprehenderent
2783 3771 2837 3818 et
2870 3762 3142 3818 tollerent
3173 3781 3186 3818 :
3221 3764 3275 3818 id
3311 3765 3464 3835 quod
3502 3783 3613 3818 non

1971 3854 2159 3910 multo
2208 3856 2339 3924 post
2385 3851 2596 3908 evenit.
2631 3851 2835 3906 Ablato
2897 3851 3172 3906 thesauro
3234 3869 3361 3908 meo
3395 3853 3611 3923 hospes

1968 3943 2065 3997 ille
2097 3958 2228 3997 meo
2259 3943 2476 3996 damno
2508 3940 2766 4010 sapiens,
2800 3941 3264 4009 Exarmavimus,
3289 3942 3502 4012 inquit,
3529 3945 3616 3996 la-

1968 4038 2194 4087 tronem
2229 4047 2242 4084 :
2278 4029 2361 4085 nil
2388 4029 2644 4097 audebit,
2680 4029 2759 4083 nil
2807 4029 3016 4100 poterit
3061 4030 3117 4083 in
3167 4036 3488 4100 posterum.
3524 4031 3616 4085 Ni-

1969 4122 2173 4187 mium,
2206 4121 2312 4175 hoc
2336 4120 2561 4187 dicens,
2586 4135 2757 4174 verax
2784 4119 2909 4189 fuit,
2933 4124 3018 4175 Ex
3048 4119 3145 4174 illo
3166 4128 3462 4175 momento
3489 4137 3619 4175 mea

1966 4211 2158 4266 omnis
2190 4207 2542 4264 conﬁdentia
2572 4209 2799 4276 dejecta
2830 4214 2943 4276 est,
2983 4209 3069 4263 vis
3114 4215 3406 4276 enervata,
3440 4210 3614 4263 indu-

1967 4300 2112 4356 stris.
2143 4299 2609 4353 evanuit.Mures
2643 4298 2923 4363 minores,
2963 4298 3063 4368 qui
3112 4316 3203 4352 me
3243 4303 3411 4353 antea
3442 4315 3616 4353 vene-

1968 4391 2264 4458 rabantur,
2317 4395 2456 4443 tunc
2507 4395 2891 4460 aspernantes
2951 4390 3297 4445 irridebant.
3356 4394 3614 4447 Conatus

1967 4482 2081 4552 ipsi
2109 4479 2220 4534 mei
2255 4495 2530 4534 successu
2563 4478 2733 4533 solito
2765 4479 3061 4533 carebant.
3095 4480 3239 4534 Cum
3287 4481 3442 4535 enim
3481 4499 3615 4551 pos-

1892 4601 1936 4664 D
1970 4570 2161 4636 tridie,
2199 4570 2356 4640 quod
2391 4568 2554 4638 prius
2607 4585 2758 4638 saepe
2792 4569 3064 4631 feceram.
3111 4569 3313 4623 cistam
3350 4570 3612 4624 edulium

1967 4673 2317 4729 suspensam
2350 4655 2596 4726 Linsilire
2635 4659 2982 4721 tentassem,
3019 4657 3209 4711 medio
3258 4658 3478 4727 impetu
3513 4660 3616 4711 de-

1965 4748 2111 4803 cidi:
2175 4744 2482 4816 magisque
2537 4761 2601 4799 ac
2645 4745 2831 4816 magis
2861 4746 2918 4799 in
2950 4745 3122 4800 horas
3154 4747 3523 4815 debilitabar,
3559 4754 3615 4802 et

1967 4837 2066 4909 qui
2102 4853 2193 4891 me
2240 4832 2403 4907 prius
2460 4833 2599 4888 olim
2650 4835 2882 4890 obnoxii
2943 4835 3183 4890 clientes
3240 4843 3613 4891 contemnere

1964 4931 2279 4998 cmperant,
2313 4924 2656 4980 nunc'ultro
2687 4925 2862 4980 etiam
2887 4925 3130 4980 oderant
3159 4931 3215 4981 et
3249 4926 3481 4998 pulsare
3507 4928 3615 4982 mi-

1965 5017 2278 5072 nabantur.
2302 5015 2560 5071 Mirabar
2581 5015 2959 5070 vehementer
2980 5026 3202 5086 quanta
3235 5018 3319 5071 vis
3342 5019 3466 5072 auri
3494 5019 3609 5073 sit:

1963 5122 2065 5177 per
2092 5106 2233 5160 illud
2270 5102 2540 5159 amicitia
2583 5105 2744 5173 jura,
2796 5106 3166 5160 necessitudo
3198 5108 3611 5174 consanguini-

1963 5194 2120 5262 tatis,
2171 5195 2314 5249 ﬁdes
2369 5193 2650 5248 clientela:
2684 5199 2988 5260 constant;
3039 5195 3168 5266 ipsa
3219 5213 3405 5263 mens,
3444 5197 3610 5265 ratio,

1964 5284 2286 5353 ingenium,
2341 5283 2652 5349 industria,
2689 5287 2843 5338 artes
2896 5284 3185 5354 vdotesque
3235 5286 3613 5341 obsolescunt

1964 5374 2202 5430 sineillo
2227 5390 2329 5428 nec
2353 5374 2466 5428 voti
2491 5373 2669 5428 ullius
2700 5374 2790 5427 sui
2815 5391 3053 5444 compos
3080 5375 3203 5430 tieri
3227 5376 3516 5447 spoliatus
3547 5395 3612 5432 eo

1965 5469 2173 5536 potest.
2204 5465 2349 5533 Ergo
2382 5462 2478 5516 illa
2510 5462 2816 5516 verissima
2845 5469 3076 5534 patrum
3110 5466 3181 5518 ad
3217 5483 3428 5535 pueros
3473 5473 3610 5520 sunt

1964 5555 2223 5608 monita:
2257 5544 2689 5623 Pecunia'opus
2727 5559 2815 5607 est
2855 5555 2981 5608 sine
3017 5554 3116 5609 illa
3161 5557 3306 5609 nihil
3340 5565 3490 5610 νίψω
3526 5567 3607 5620 lit,

1963 5643 2140 5713 Velis,
2187 5643 2382 5712 remis,
2444 5645 2692 5698 navibus
2747 5648 2921 5714 atque
2974 5646 3273 5715 quadrigis
3336 5648 3610 5713 iugi-mia

1965 5737 2295 5804 paupertas,
2329 5738 2380 5786 et
2415 5733 2494 5787 vel
2531 5749 2632 5802 per
2664 5737 2980 5787 scatentem
3019 5733 3230 5789 belluis
3265 5741 3507 5806 pontu”:
3543 5756 3607 5791 ac
