4248 6442
653 348 790 400 1303

2166 352 2550 402 AI’I’ENDIX.

3938 356 4069 410 1304

648 472 1001 525 saivissimas
1031 472 1312 542 procellas
1341 474 1409 526 ad
1430 473 1664 526 divitias
1688 474 2067 527 currendum.
2093 472 2299 541 Inopes
2331 472 2385 535 Α
2418 474 2621 540 pensio
2653 483 2758 537 est,
2780 490 2808 527 e
2828 476 3116 529 diametro
3135 475 3403 529 videlicet
3423 476 3689 546 opposita
3712 478 4067 547 capitalissi-

654 576 836 628 atquae
871 559 1044 612 rivuli
1078 567 1251 614 tenue
1284 560 1425 613 illud
1460 561 1708 629 liquoris
1754 561 1919 614 filum
1956 577 2072 613 non
2115 561 2301 626 perfe-

651 656 790 701 runt
818 650 886 700 ad
924 665 1115 713 mare;
1150 652 1361 702 ﬂumen
1414 650 1649 719 plenum
1695 649 1768 703 sit
1817 653 2045 719 oportet
2108 652 2172 699 ut
2228 647 2301 700 ad

651 751 935 788 oceanum
971 737 1281 805 per-tingat.
1340 737 1423 789 lta
1474 754 1713 806 pauper,
1779 753 1882 790 nec
1934 736 2112 803 huius
2164 734 2299 788 vitae

652 824 963 877 commoda
991 840 1095 878 nec
1124 826 1328 878 futuras
1354 824 1687 879 felicitatem
1724 825 1875 895 potis
1902 831 1990 878 est
2016 824 2251 893 assequi
2286 838 2299 876 :

652 910 752 965 sed
787 916 1039 981 spretus,
1074 912 1345 979 afﬂictus,
1378 929 1608 978 exosus,
1662 914 1836 967 etiam
1885 930 2041 966 sanie
2088 911 2301 964 mentis

651 1003 707 1052 et
732 999 896 1053 bona:
932 1001 1094 1054 fama:
1127 1000 1501 1072 dispendium
1533 1004 1752 1073 patitur
1783 1002 2131 1056 necessitate
2164 1002 2302 1055 ada-

651 1094 781 1142 ctus
814 1089 885 1142 ad
918 1091 1282 1159 peccandum
1320 1108 1332 1145 :
1370 1108 1499 1145 nam
1532 1109 1653 1146 suae
1677 1092 1759 1145 illi
1784 1092 2068 1162 angustiae
2087 1107 2301 1144 rerum-

650 1194 856 1247 meque
890 1183 1113 1232 mature
1146 1180 1439 1249 cogitandi
1473 1197 1538 1234 ac
1563 1198 1660 1250 per
1691 1180 1801 1235 hoc
1834 1182 2130 1251 sapienter
2156 1196 2298 1233 con-

651 1266 908 1334 sulendi,
944 1269 1201 1337 spatium
1235 1275 1291 1323 et
1337 1269 1675 1324 facultatem
1709 1270 1995 1336 demunt;
2030 1269 2302 1323 exclusus

651 1371 794 1409 sano
828 1356 1089 1419 consilio,
1151 1359 1555 1427 imprudenter
1600 1364 1898 1429 operatur,
1923 1358 2088 1412 utilia
2146 1360 2298 1414 factu

651 1444 889 1512 omittit,
915 1447 1041 1514 jam
1066 1462 1196 1515 quae
1228 1447 1283 1500 in
1315 1448 1597 1501 divitibus
1624 1449 1946 1502 laudantur
1976 1449 2179 1503 eadem
2213 1450 2301 1503 ot-

651 1536 898 1591 fendunt
924 1541 980 1589 et
1010 1538 1420 1606 vituperantur
1452 1539 1509 1590 in
1546 1554 1751 1608 egeno.
1778 1539 1865 1591 Sit
1896 1554 2121 1609 pauper
2153 1539 2304 1593 bello

649 1627 835 1691 fortis,
870 1628 1069 1681 audiet
1098 1629 1446 1683 temerarius
1478 1633 1535 1683 et
1568 1646 1854 1699 princeps;
1882 1630 1959 1683 sit
1974 1630 2298 1702 beneficus,

648 1716 928 1787 prodigus
960 1716 1217 1784 dicetur;
1281 1717 1358 1772 sit
1413 1723 1762 1773 mansuetus
1812 1723 1869 1773 et
1916 1720 2123 1783 comis,
2169 1721 2300 1775 vilis

650 1806 921 1861 adulator
947 1806 1317 1877 reputabitur
1347 1823 1360 1862 :
1394 1809 1603 1862 doctus
1638 1825 1739 1878 pro
1758 1808 1993 1863 rancido
2025 1808 2297 1879 antiqua-

653 1896 758 1961 rio,
795 1894 1076 1965 eloquens
1100 1912 1203 1966 pro
1235 1896 1633 1967 nugivendulo
1668 1896 1895 1962 rabula,
1932 1902 2200 1951 maturus
2233 1916 2298 1952 ac

653 1985 853 2039 tardus
887 1986 942 2037 in
973 1983 1287 2055 loquendo,
1323 2002 1423 2055 pro
1460 1986 1661 2041 hebete
1693 2002 1758 2039 ac
1807 1985 1988 2040 stulto
2041 1988 2298 2042 traduci-

650 2080 777 2140 tur;
811 2081 873 2127 ut
905 2073 1091 2128 satius
1150 2074 1226 2127 sit
1281 2076 1466 2128 vitum
1527 2076 1897 2145 abrumpere,
1947 2078 2299 2131 accersenda

651 2169 859 2229 morte,
919 2179 1117 2233 quam,
1153 2169 1214 2218 ut
1273 2163 1369 2218 ille
1430 2165 1533 2229 ait,
1566 2164 1686 2219 sole
1737 2165 1816 2218 uti
1872 2165 2173 2219 dedecoris
2206 2168 2295 2220 sui

648 2261 820 2319 teste,
852 2253 1176 2324 praesertim
1211 2255 1446 2323 quando
1479 2271 1544 2309 eo
1576 2255 1885 2309 deventum
1913 2254 2163 2309 miserita
2186 2261 2296 2322 est,

648 2350 713 2399 ut
746 2343 1078 2399 mendicare
1126 2360 1159 2397 a
1209 2344 1637 2412 superbissimo
1671 2343 1953 2398 nobilium
1988 2344 2297 2415 cpulento-

646 2453 779 2489 rum
812 2451 1023 2506 genere
1058 2434 1134 2488 sit
1168 2450 1425 2489 necesse.

712 2561 775 2617 X.
797 2561 873 2614 Ea
896 2560 1038 2613 dum
1066 2575 1294 2613 mecum
1320 2563 1567 2614 mmstus
1593 2564 1823 2631 reputo,
1858 2578 2204 2631 progressus
2237 2564 2294 2616 in

642 2652 837 2705 locum
870 2651 1026 2704 unde
1049 2649 1465 2703 inobservatus
1502 2649 1698 2703 videre
1742 2653 2003 2720 poteram
2035 2669 2161 2721 quas
2195 2655 2296 2705 tie-

643 2742 806 2803 bant,
842 2739 1230 2795 animadverti
1258 2738 1547 2809 hospitem
1573 2745 1869 2793 auctorem
1895 2740 2121 2795 consilii
2152 2741 2296 2795 mihi

640 2829 855 2885 funesti
892 2829 1172 2900 partitum
1223 2844 1355 2882 cum
1391 2828 1655 2882 solitario
1717 2844 1909 2882 meam
1961 2830 2295 2900 pecuniam,

637 2925 859 2991 partem
888 2935 1054 2972 suam
1079 2917 1136 2971 in
1181 2933 1521 2971 crumenam
1558 2918 1919 2985 condidisse,
1956 2934 2133 2989 quam
2169 2936 2294 2974 cer-

636 3009 806 3063 vicali
839 3009 1202 3062 decumbens
1247 3007 1578 3078 supposuit.
1628 3008 1964 3077 Exspectavi
2011 3009 2151 3063 dum
2186 3009 2292 3063 ob-

637 3103 987 3157 thl‘leiSSC
1010 3100 1322 3153 videretur.
1360 3100 1525 3165 Tunc
1553 3099 1702 3153 clam
1739 3100 1957 3155 accessi
1983 3100 2110 3155 sine
2142 3106 2289 3155 stre-

2425 575 2516 613 mo
2538 560 2809 615 vitiorum
2837 578 2902 616 ac
2926 562 3238 628 scelerum,
3275 566 3628 634 congerendi
3654 566 3774 627 siti,
3805 572 3863 619 et
3895 568 4071 636 raptis

2419 648 2720 704 incubanti
2756 652 3144 721 parcimoniae.
3174 653 3411 706 Initium
3444 659 3533 707 est
3564 654 3865 723 sapientim
3893 656 4070 710 inten-

2418 740 2553 792 dere
2586 740 2820 806 futuris,
2858 741 3153 813 negligere
3184 742 3529 812 przesentia;
3568 744 4070 813 magnanimitatis

2418 843 2558 896 apex
2593 846 2884 894 summus,
2916 831 3151 901 aggredi
3177 847 3472 901 quemque
3502 847 3564 884 se
3584 831 3764 901 digna
3794 848 4067 902 quaepos-

2418 916 2493 970 sit
2529 920 2829 987 consequi,
2876 924 3151 973 conatum
3195 935 3266 972 ne
3313 920 3553 989 perdere
3594 921 3651 972 in
3693 921 3897 974 arduis
3925 926 4069 975 ultra

2417 1020 2604 1072 spem.
2644 1004 2855 1059 Plenus
2886 1006 3046 1060 hisce
3078 1006 3534 1076 cogitationibus
3574 1006 3772 1077 appuli
3806 1009 4066 1062 animum

2416 1095 2487 1147 ad
2548 1095 2860 1149 consilium
2896 1096 3023 1150 vitae
3057 1097 3208 1151 serio
3244 1098 3561 1151 mutandae.
3625 1098 3822 1152 Vitare
3882 1099 4068 1153 homi-

2418 1199 2557 1236 num
2592 1185 2980 1239 contubernia
3017 1184 3245 1239 decrevi
3273 1205 3285 1251 ;
3337 1185 3578 1257 migravi
3612 1203 3679 1240 ex
3713 1187 3855 1241 urbe
3888 1188 3946 1240 in
3980 1205 4067 1241 so-

2416 1270 2751 1338 litudinem,
2786 1290 2816 1327 e
2849 1275 3081 1344 magnis
3102 1273 3328 1329 aedibus
3352 1275 3410 1329 in
3436 1281 3666 1345 agreste
3688 1293 3895 1329 cavum
3921 1277 4069 1330 ruris

2415 1358 2547 1412 avii.
2580 1358 2701 1414 Illic
2726 1360 2921 1431 paravi
2948 1361 3091 1415 mihi
3117 1362 3448 1417 columbam
3479 1364 3754 1428 amicam,
3780 1380 3915 1418 cum
3954 1382 4069 1435 qua

2415 1448 2555 1503 mihi
2581 1450 2867 1503 vetustior
2888 1467 3063 1520 quam
3090 1467 3221 1504 cum
3252 1451 3358 1505 hoc
3386 1468 3579 1516 corvo,
3613 1458 3677 1506 ut
3699 1469 3767 1506 ex
3803 1454 3931 1523 ipso
3964 1471 4069 1508 au-

2414 1536 2538 1589 dire
2562 1537 2827 1606 potuisti,
2852 1538 3223 1593 necessitudo
3251 1539 3561 1594 coaluerat.
3588 1540 3765 1595 Plane
3792 1558 4069 1595 summum

2413 1625 2541 1679 vitae
2566 1627 2810 1703 bonum,
2843 1627 3113 1698 voluptas
3143 1628 3420 1695 maxima,
3454 1629 3511 1683 in
3555 1630 3934 1686 moderandis
3958 1632 4068 1685 im-

2416 1717 2638 1772 mensis
2661 1718 2970 1773 desideriis
2991 1724 3083 1773 est
3105 1719 3239 1776 sita.
3262 1719 3414 1774 Felix
3441 1722 3553 1775 erit
3575 1722 3675 1792 qui
3700 1739 3889 1792 pauca
3914 1739 4070 1776 mere

2330 1811 2376 1873 Β
2412 1807 2745 1861 necessaria
2770 1824 3027 1878 quaerere
3052 1808 3197 1863 satis
3216 1808 3491 1864 habuerit
3522 1827 3534 1865 :
3568 1812 3735 1864 obvia
3754 1811 3914 1866 enim
3949 1811 4069 1865 baac

2410 1903 2726 1953 occurrunt
2742 1897 2953 1953 volenti
2977 1899 3201 1967 cuivis;
3236 1900 3453 1969 quippe
3475 1900 3683 1955 beatus
3707 1906 3930 1955 naturae
3966 1920 4072 1957 au-

2410 1991 2535 2040 ctor
2558 1987 2777 2057 ubique
2800 1986 3056 2043 locorum
3084 1988 3204 2042 haec
3236 1989 3527 2059 exposuit,
3560 1990 3755 2043 cibum
3799 1990 4071 2045 videlicet

2410 2081 2466 2129 et
2488 2092 2720 2145 aquam.
2747 2077 2925 2148 Finge
2948 2077 3205 2148 aliquem
3247 2078 3430 2132 totius
3470 2078 3673 2133 mundi
3710 2078 4023 2133 dominum
4058 2096 4070 2131 :

2411 2183 2552 2219 num
2588 2182 2648 2219 se
2681 2171 2876 2220 tamen
2911 2167 3140 2221 cunctis
3168 2183 3295 2237 quas
3329 2167 3562 2236 uspiam
3614 2173 3755 2221 sunt
3793 2169 3950 2221 escis
3983 2169 4067 2222 in-

2410 2253 2783 2324 gurgitabit?
2816 2272 2955 2309 num
2990 2256 3237 2310 flumina
3258 2260 3314 2310 et
3343 2255 3500 2309 dolia
3544 2256 3743 2310 omnia
3780 2255 4073 2310 immensa

2408 2341 2667 2413 ingluvie
2690 2344 3030 2398 exhauriet?
3077 2345 3286 2399 Paucis
3333 2348 3390 2398 et
3434 2343 3518 2397 illi
3544 2346 3876 2399 necessario
3902 2345 4069 2399 alun-

2410 2440 2524 2498 tur,
2550 2434 2650 2504 qui
2679 2434 2935 2503 plurima
2958 2435 3281 2504 possident.
3309 2434 3456 2497 Quid
3488 2434 3846 2505 igiturjuvat
3876 2436 3931 2488 in
3957 2436 4068 2488 im-

2412 2539 2615 2577 mensa
2664 2540 2725 2577 se
2775 2524 3102 2589 extendere,
3140 2525 3505 2578 modicorum
3541 2540 3812 2593 capacem
3839 2524 3867 2577 ?
3898 2524 4068 2578 Crevi

2409 2612 2518 2665 sub
2548 2611 2666 2665 haec
2691 2612 2843 2666 veris
2876 2613 3108 2683 opibus,
3153 2630 3399 2667 numero
3440 2613 3803 2677 amicorum;
3846 2630 3977 2668 nam
4014 2619 4071 2668 et

2409 2706 2539 2770 post
2559 2701 2895 2756 columbam
2916 2704 3174 2757 contraxi
3204 2719 3337 2757 cum
3362 2719 3532 2756 corvo
3557 2702 3923 2767 societatem,
3948 2721 4065 2775 quo

2408 2790 2626 2845 ferente
2667 2790 2780 2846 huc
2803 2792 2955 2858 veni,
2977 2797 3031 2847 et
3052 2797 3267 2857 tecum,
3292 2792 3645 2847 charissima
3674 2794 3935 2858 testudo,
3974 2794 4069 2848 hic

2406 2880 2866 2936 familiaritatem
2897 2881 3201 2951 contraho,
3227 2883 3466 2936 cumulo
3500 2898 3612 2936 non
3646 2882 3857 2951 exiguo
3884 2883 4070 2937 bono-

2407 2986 2557 3023 rum.

2473 3099 2577 3151 XI.
2635 3096 2736 3151 His
2784 3096 3034 3151 audistis
3091 3098 3327 3151 testudo
3389 3097 3538 3151 muri
3601 3098 3765 3151 dixi:
3802 3097 4069 3169 Cognovi

639 3194 785 3262 pitu,
822 3196 877 3243 et
908 3190 1138 3244 trahere
1169 3191 1239 3243 ad
1273 3207 1363 3243 me
1398 3189 1695 3243 mordicus
1728 3189 2163 3259 apprehensum
2197 3205 2289 3243 co-
2324 3181 2366 3246 C
2411 3186 2660 3240 libenter
2691 3202 2820 3255 qua:
2854 3186 3108 3240 narrasti
3144 3186 3232 3239 sui
3270 3185 3547 3239 varietate
3598 3186 3888 3256 speciosa.
3934 3194 4076 3241 tua:-

638 3286 811 3334 natus
842 3277 1167 3341 sacculum,
1205 3294 1317 3331 non
1375 3276 1551 3331 fefelli
1611 3282 1898 3332 attentum
1956 3280 2034 3333 rei
2087 3295 2285 3333 senem

638 3372 735 3441 qui
776 3376 1041 3441 paratum
1074 3368 1130 3421 in
1162 3367 1307 3421 istos
1343 3384 1485 3421 usus
1516 3366 1788 3421 baculum
1815 3369 1871 3421 in
1896 3377 2073 3440 caput
2104 3373 2289 3444 impe-

636 3462 721 3530 git
752 3460 967 3513 misero
1002 3457 1165 3515 mihi,
1204 3457 1361 3510 unde
1392 3456 1484 3510 vix
1532 3458 1731 3510 salvus
1779 3473 1871 3511 me
1900 3460 2108 3529 recepi.
2154 3462 2292 3518 Post

632 3548 1046 3620 horasaliquot
1068 3547 1277 3603 iterum
1301 3546 1726 3601 tentavibursas
1746 3547 1960 3619 ligulas
1973 3552 2286 3608 attrahere.

630 3642 703 3693 At
730 3638 845 3708 ille,
880 3639 1133 3691 dracone
1185 3634 1541 3706 vigilantior,
1604 3635 1813 3691 iterato
1870 3642 1927 3690 et
1957 3639 2166 3694 fortius
2198 3641 2287 3696 in-

636 3744 809 3782 cusso
842 3726 1015 3781 fustis
1046 3726 1187 3793 ictu,
1222 3730 1344 3778 tam
1379 3725 1634 3794 graviter
1676 3723 1822 3778 mihi
1857 3725 2121 3797 sinciput
2147 3745 2289 3784 con-

636 3817 810 3881 tudit,
847 3821 909 3869 ut
941 3831 1155 3885 magna
1176 3814 1229 3867 vi
1254 3813 1559 3884 sanguinis
1590 3829 1835 3868 excussa
1868 3816 2110 3870 naribus
2142 3819 2290 3873 deli-

639 3905 844 3976 quium
883 3911 1128 3976 paterer,
1172 3918 1441 3972 aegreque
1471 3904 1689 3957 tacitus
1722 3920 1813 3957 me
1844 3920 1979 3959 cavo
2014 3909 2289 3961 reconde-

640 4011 784 4059 rem,
822 3994 918 4047 ubi
954 4010 1055 4064 per
1086 3992 1261 4046 horas
1293 3991 1518 4061 aliquot
1554 4009 1699 4063 pene
1730 3993 1987 4048 animam
2024 3999 2284 4065 agebam.

638 4084 846 4154 Recepi
880 4087 1113 4137 tandem
1150 4099 1242 4136 me
1266 4081 1598 4153 paululum,
1633 4099 1773 4136 auro
1792 4083 2100 4140 maledicta
2126 4087 2287 4158 inge-

635 4177 870 4231 minans
906 4178 990 4227 tot
1022 4173 1396 4226 miseriarum
1429 4189 1659 4239 causae;
1689 4178 2040 4246 tantumque
2072 4177 2129 4230 in
2164 4195 2287 4231 scc-

631 4266 881 4320 leratum
916 4263 971 4317 id
1005 4261 1311 4316 metallum
1338 4261 1457 4315 odii
1491 4263 1749 4333 concepi,
1801 4268 1863 4316 ut
1906 4265 2183 4335 deinceps
2217 4269 2285 4321 ad

634 4354 992 4410 mentionem
1018 4353 1145 4421 ejus
1168 4350 1661 4419 exhorrescerem,
1698 4368 1801 4405 nec
1833 4354 2124 4408 nominari
2146 4356 2286 4409 mihi

634 4444 936 4501 sustinens
960 4441 1226 4495 omnium
1250 4441 1382 4493 vitae
1403 4438 1718 4507 malorum,
1755 4445 1818 4494 ut
1841 4443 1981 4495 mihi
2009 4450 2131 4497 tum
2170 4446 2287 4500 fero

630 4537 961 4598 videbatur,
999 4532 1339 4603 pestiferum
1367 4530 1607 4584 fontem.
1636 4531 2026 4602 Erumpebam
2054 4552 2288 4605 quoque
2320 4558 2365 4620 D

630 4623 1003 4678 stomachum
1034 4622 1090 4674 in
1116 4636 1346 4674 avaram
1384 4620 1789 4689 cupiditatem,
1816 4628 2031 4676 certam
2070 4631 2283 4677 morta-

628 4712 771 4766 lium
808 4710 1143 4781 perniciem,
1187 4708 1451 4777 dirisque
1505 4709 1854 4763 devovebam
1892 4711 2110 4780 primos
2143 4729 2281 4766 auc-

626 4806 780 4855 tores
822 4798 1326 4867 cnngerendarum
1358 4813 1535 4867 opum
1570 4802 1766 4865 atque,
1824 4805 1883 4852 ut
1928 4805 2065 4852 tunc
2097 4817 2281 4869 eram,

628 4894 771 4947 mihi
806 4892 1064 4954 videbar,
1092 4888 1236 4943 nihil
1272 4904 1385 4941 non
1420 4887 1614 4956 potius
1650 4889 2093 4957 praisentissimi
2129 4891 2281 4960 peri-

625 4983 739 5035 culi
778 4992 936 5035 tcrra
997 4978 1264 5048 marique
1318 4976 1613 5042 aditurus,
1675 4993 1853 5047 quam
1912 4978 1997 5031 vel
2059 4984 2187 5032 utri)
2220 4996 2280 5033 se

624 5074 961 5126 offerentem
998 5068 1123 5123 auri
1159 5067 1386 5137 cepiam
1421 5066 1759 5135 contingere
1791 5068 2090 5122 auderem.
2124 5073 2281 5123 Tunc

623 5166 721 5219 illa
747 5182 871 5236 quae
896 5164 1034 5217 olim
1061 5162 1260 5215 audita
1283 5167 1747 5230 contempseram
1764 5161 2094 5231 sapientum
2112 5164 2280 5216 effata

621 5254 984 5324 resipiscenti
1023 5249 1397 5306 recurrebant
1441 5248 1637 5302 animo
1697 5253 1973 5319 certoque
1993 5252 2118 5320 jam
2153 5268 2279 5305 cre-

617 5346 851 5409 debam,
877 5343 1169 5413 optimum
1198 5338 1453 5404 mortali,
1478 5337 1679 5408 paucis
1702 5343 2043 5393 contentum
2098 5358 2227 5395 esse
2262 5357 2275 5395 ε

618 5437 799 5489 vitam
834 5432 1093 5488 avaritia:
1126 5434 1443 5501 expertem,
1489 5428 1683 5499 vigere
1738 5429 2106 5495 fortitudine,
2142 5448 2278 5485 eon-

616 5533 771 5580 stare
808 5525 1111 5593 patientia,
1137 5520 1295 5576 omni
1323 5534 1531 5582 genere
1563 5517 1756 5572 laudis
1780 5518 2106 5581 honestari,
2128 5537 2157 5573 e
2180 5537 2278 5572 ca-

617 5619 783 5669 silius
802 5612 1258 5685 perplexissiinis
1278 5609 1550 5677 expedire
1578 5609 1799 5662 felicem
1816 5611 2057 5664 exitum.
2084 5612 2275 5663 Enim-

615 5724 748 5761 vero
786 5710 1079 5778 princeps,
1118 5711 1181 5756 ut
1224 5700 1412 5763 aiunt,
1467 5698 1751 5751 virtutum
1807 5699 2088 5770 largiendi
2145 5716 2275 5770 pro-

2400 3289 2513 3345 que
2545 3272 2781 3326 virtutis
2838 3277 2894 3326 et
2954 3273 3275 3343 prudentize
3330 3273 3699 3327 indicatione
3732 3273 3837 3326 tibi
3873 3276 4081 3345 ampla

2399 3380 2465 3417 ac
2519 3362 2967 3434 perhonorifica.
3034 3363 3255 3417 Gavisa
3304 3363 3479 3416 etiam
3534 3380 3665 3417 sum
3698 3361 4080 3417 animadver-

2399 3458 2551 3519 tens,
2594 3470 2661 3506 ex
2715 3453 2980 3507 adversis
3034 3452 3352 3523 profecisse
3402 3456 3476 3517 te,
3526 3458 3581 3506 et
3637 3460 3951 3524 perceptas
4012 3471 4081 3507 ex

2398 3542 2609 3597 horum
2643 3541 3001 3613 experientia
3023 3542 3257 3597 notitias
3288 3542 3534 3596 memori
3558 3542 3755 3596 animo
3780 3545 4070 3597 mandas-

2401 3652 2485 3703 se,
2522 3640 2837 3704 tenereque
2887 3634 3032 3687 adeo
3088 3638 3407 3704 przesentes
3460 3633 3867 3705 intelligentia:
3916 3652 4082 3688 nunc

2401 3738 2658 3794 quoque.
2696 3727 2889 3778 Unum
2925 3723 3081 3792 quod
3117 3726 3339 3776 restare
3389 3722 3459 3776 ad
3513 3722 3692 3777 decus
3745 3726 4080 3793 perfectum

2398 3814 2588 3881 video,
2616 3831 2726 3867 non
2763 3814 3031 3866 omittam
3067 3814 3386 3867 admonere
3420 3819 3496 3867 te.
3534 3814 3641 3867 Fac
3672 3815 3821 3869 bene
3856 3815 4084 3885 cogita-

2401 3903 2500 3967 tis,
2532 3902 2991 3967 exsecutionem,
3025 3901 3289 3972 sigillum
3322 3918 3613 3973 apponas;
3648 3920 3859 3972 parum
3912 3904 4078 3957 enim

2402 3992 2663 4062 proderit
2694 3996 2844 4044 recte
2880 3991 3202 4058 providisse
3233 3990 3473 4045 vitanda
3510 3993 3941 4062 sequendaque
3969 4008 4079 4045 nec

2401 4083 2801 4152 prosequenti,
2829 4097 2933 4134 nec
2967 4079 3210 4150 fugienti
3270 4097 3396 4148 quae
3452 4079 3563 4149 ipsi
3613 4082 3851 4151 expedit
3883 4084 4075 4137 decli-

2401 4185 2539 4223 nare
2568 4168 2651 4223 vel
2685 4168 2961 4239 amplecti
2998 4185 3010 4221 :
3046 4185 3179 4221 nam
3215 4168 3847 4239 quidjuvatzngrotum
3870 4172 4073 4226 morbi

2399 4262 2489 4315 sui
2521 4260 2797 4330 cognitio,
2822 4260 3057 4329 abigere
3097 4259 3261 4313 illum
3284 4276 3384 4330 per
3411 4276 3539 4314 eam
3575 4277 3689 4314 non
3716 4262 4021 4318 valentem
4053 4265 4072 4317 Ρ

2398 4351 2477 4405 Ne
2511 4357 2564 4403 te
2599 4350 2776 4419 igitur
2806 4350 2930 4403 auri
2956 4349 3093 4404 olim
3130 4349 3722 4420 perditidesiderium
3755 4353 4075 4419 sollicitet,

2399 4458 2531 4494 nam
2585 4440 2671 4492 vir
2715 4445 3072 4509 exaggerata:
3105 4440 3338 4492 virtutis
3371 4440 3494 4493 sine
3529 4456 3669 4494 auro
3701 4445 4075 4498 venerabilis

2398 4536 2455 4583 et
2487 4529 2680 4583 clarus
2741 4534 2848 4596 est,
2902 4531 2965 4581 ut
3024 4528 3323 4582 dormiens
3356 4528 3444 4582 leo
3481 4528 3722 4583 timetur
3755 4548 3767 4583 :
3805 4532 4071 4588 vitiosus

2399 4624 2590 4672 autem
2628 4619 2808 4682 dives,
2862 4622 2927 4670 ut
2974 4618 3159 4681 canis,
3203 4634 3344 4670 auro
3376 4617 3551 4671 illusa
3585 4618 3878 4674 incinctus
3918 4625 4075 4677 vitta

2396 4707 2551 4778 vulgi
2579 4707 2834 4761 ludibrio
2863 4707 3210 4759 traducitur.
3244 4706 3357 4760 Nec
3391 4713 3444 4759 te
3479 4710 3837 4777 peregrinari
3864 4715 4070 4779 pumi-

2394 4802 2507 4851 teal
2544 4814 2554 4851 :
2594 4797 2796 4851 nullus
2829 4796 3065 4866 sapiens
3111 4813 3361 4866 usquam
3414 4798 3867 4867 peregrinatur;
3930 4804 4071 4855 ubi-

2394 4904 2507 4957 que
2567 4890 2770 4941 urbem
2835 4885 3054 4939 invenit
3113 4886 3282 4954 cujus
3332 4886 3472 4940 civis
3521 4886 3614 4940 sit.
3649 4887 3837 4941 Nolim
3872 4893 4069 4945 etiam

2394 4977 2572 5031 nimis
2603 4975 2891 5029 recordari
2947 4980 3001 5028 te
3053 4974 3337 5044 priorum,
3376 4981 3477 5029 aut
3535 4978 3705 5031 anxie
3757 4982 4074 5036 rex-OEvr-re

2391 5065 2589 5121 animo
2648 5065 2880 5119 divitias
2934 5080 3079 5133 quas
3140 5064 3441 5129 habueris,
3496 5082 3644 5134 quas
3701 5070 4067 5137 perdideris.

2390 5156 2522 5210 Haec
2556 5157 2700 5209 adeo
2746 5154 3177 5208 contemnenda
3234 5160 3393 5217 sunt,
3457 5159 3521 5207 ut
3573 5157 3930 5213 meminisse
3995 5180 4067 5215 ne

2391 5246 2707 5316 dignemur
2757 5243 3018 5314 quidem.
3079 5244 3275 5297 IEstus
3336 5245 3517 5298 fervet
3549 5244 3604 5297 in
3640 5248 3866 5301 mundo
3912 5252 4068 5303 reci-

2393 5352 2603 5407 procus
2667 5332 3004 5387 mortalium
3065 5337 3457 5388 cunctorum:
3497 5334 3712 5402 fluunt,
3768 5336 4069 5401 effluunt,

2391 5426 2688 5493 oriuntur,
2725 5422 3022 5477 occidunt.
3076 5422 3247 5478 Orbis
3280 5422 3399 5475 hare
3433 5424 3793 5479 universitas
3835 5429 4069 5482 dicitur

2390 5521 2447 5568 et
2477 5519 2583 5574 est.
2634 5513 2793 5567 orbis
2827 5513 2937 5566 ritu
2972 5511 3087 5565 cito
3139 5511 3399 5579 subsilit,
3441 5520 3741 5567 momento
3776 5516 4069 5580 volvitur,

2389 5602 2827 5672 inquietissima
2884 5600 3173 5667 vertigine
3234 5605 3474 5654 rotatur.
3512 5608 3725 5656 lterum
3781 5610 4063 5662 omnium

2391 5694 2796 5747 incertissima:
2846 5693 3146 5759 dicuntur,
3180 5690 3414 5745 animus
3464 5692 3886 5763 adolescentis,
3924 5704 4066 5751 oili-
