4248 6442
215 396 234 444 1
245 392 351 444 30:")

1226 399 1586 451 SPECIMEN
1625 396 2024 450 SAPIENTIE
2064 397 2392 448 INDORUM
2436 396 2594 448 VET.

3482 397 3500 445 1
3513 394 3616 445 306

212 515 386 567 ciosse
416 513 805 568 fabulationes
841 516 1262 587 improborum,
1315 535 1474 573 amor
1521 518 1858 580 mulierum,
1893 522 1943 584 Α
1975 517 2185 587 queis?
2220 517 2542 572 Prudentiaa
2575 521 2684 570 tua;
2739 517 2927 570 fuerat
2977 533 3089 570 non
3153 517 3263 570 nisi
3320 517 3615 586 explorato

217 603 366 656 talsa
400 602 553 666 laus,
585 603 796 657 divitiae
830 605 956 659 sine
987 606 1216 660 virtute.
1253 606 1353 660 His
1404 623 1594 677 neque
1625 606 1873 660 aflluen-

219 693 379 745 tibus
413 692 670 762 prudens
703 693 940 764 gaudet,
977 711 1080 748 nec
1111 695 1430 750 subtractis
1473 702 1575 749 aut
1616 695 1869 765 maligne

215 780 698 850 provenientibus
760 783 1048 852 queritur.
1109 783 1270 838 Talia
1314 784 1636 838 disserente
1685 789 1868 837 testu-

217 869 375 938 dine,
403 868 727 924 delectatus
762 871 1042 940 majorem
1074 872 1132 927 in
1166 874 1403 927 modum
1438 890 1646 928 corvus
1677 875 1869 927 excla-

218 958 423 1010 mavit:
460 958 604 1026 Ohe,
639 964 704 1012 ut
737 958 882 1013 nihil
934 961 1165 1016 dulcius
1216 963 1272 1015 in
1321 962 1437 1015 vita
1485 969 1574 1016 est
1607 964 1871 1030 jucunda

215 1046 698 1103 confabulatione
729 1054 786 1102 et
819 1057 1017 1103 mutua
1038 1051 1490 1105 commonitione
1513 1051 1865 1106 amicorum!

219 1152 354 1188 nam
389 1136 572 1190 bonos
607 1154 720 1191 non
749 1138 846 1191 alii
881 1155 1057 1209 quam
1093 1140 1224 1195 boni
1250 1142 1462 1210 juvant
1499 1145 1600 1194 aut.
1642 1141 1698 1194 in
1745 1158 1867 1194 am-

219 1224 398 1294 biguo
429 1225 1261 1299 dirigunt,sicutelephantem
1290 1229 1518 1300 lapsum
1545 1228 1738 1283 nullus
1757 1229 1867 1283 nisi

217 1311 461 1383 elephas
492 1316 642 1367 valet
664 1316 906 1386 erigere.

289 1436 416 1492 XII.
444 1438 574 1492 Haec
605 1443 659 1493 et
692 1439 783 1492 his
817 1439 1032 1494 similia
1062 1440 1338 1511 loquente
1369 1458 1558 1510 corvo,
1600 1442 1872 1513 apparuit

221 1526 445 1597 procul,
482 1543 656 1582 cursu
682 1529 753 1582 ad
791 1531 1004 1584 fontem
1031 1529 1312 1584 citissimo
1334 1531 1615 1585 festinans
1639 1548 1869 1601 caprea,

218 1616 395 1684 cujus
425 1616 668 1686 strepitu
700 1622 757 1670 et
788 1617 1039 1672 novitate
1085 1619 1368 1689 inopinati
1421 1620 1702 1673 adventus
1752 1625 1868 1673 tre-

219 1706 343 1776 pidi
397 1707 590 1760 cuncti
641 1707 799 1761 varie
843 1709 1082 1764 abeunt.
1132 1709 1386 1763 Testudo
1429 1726 1490 1764 se
1543 1711 1711 1780 aquis
1760 1711 1867 1764 im-

221 1795 450 1859 mersit,
496 1811 628 1848 mus
679 1812 883 1849 cavum
935 1796 1012 1850 ibi
1066 1804 1361 1868 repertum
1408 1800 1614 1864 subiit,
1660 1815 1870 1854 corvus

219 1883 472 1936 evolavit
520 1884 574 1936 in
608 1900 910 1938 summum
936 1886 1181 1954 arboris,
1208 1887 1361 1940 unde
1383 1886 1722 1956 diligentius
1750 1904 1869 1942 rem
1907 1882 1950 1944 Β
1981 1856 2013 1909 d

222 1969 555 2040 speculans,
614 1972 953 2042 explorabat
1008 1990 1147 2028 num
1209 1992 1336 2044 quae
1396 1975 1516 2028 fera
1572 1976 1801 2029 damam
1837 1995 1868 2030 a

220 2065 388 2129 tergo
419 2061 756 2132 insequens,
803 2063 860 2115 in
910 2063 1087 2116 istum
1143 2080 1382 2118 cursum
1427 2073 1674 2134 urgeret.
1721 2069 1865 2120 Cum

222 2149 369 2203 nihil
413 2151 524 2206 tale
589 2156 808 2206 attente
857 2153 1343 2224 circumspiciens
1376 2155 1870 2226 notasset,delap-

219 2256 324 2292 sus
359 2241 760 2294 testitudinem
795 2249 847 2294 et
879 2258 1107 2296 murem
1141 2243 1382 2307 vocavit,
1430 2249 1508 2308 et,
1561 2244 1866 2311 Confidite,

215 2331 436 2400 inquit,
492 2348 602 2400 pax
657 2333 830 2386 rebus
891 2337 1008 2400 est;
1061 2351 1095 2386 a
1152 2334 1325 2387 dama
1377 2335 1529 2404 quod
1592 2334 1871 2389 timeatur

216 2418 365 2471 nihil
400 2435 529 2473 esse
562 2420 741 2485 scitis,
782 2438 953 2490 porro
995 2437 1122 2474 eam
1180 2439 1284 2477 nec
1311 2423 1429 2476 fera
1471 2440 1576 2477 nec
1631 2424 1717 2478 vis
1750 2423 1869 2478 ulla

212 2507 349 2576 alia,
385 2524 563 2577 quam
602 2509 914 2563 formidare
962 2510 1306 2575 debeamus,
1361 2511 1713 2583 insequitur.
1761 2513 1868 2567 Ca-

214 2616 364 2669 prea:
390 2615 622 2670 quoque
648 2600 770 2664 jam
795 2601 1051 2670 appulsze
1089 2601 1379 2656 nuntiavit
1421 2603 1566 2656 nihil
1617 2604 1868 2658 circum-

210 2694 372 2742 stare
405 2689 670 2759 periculi,
724 2695 938 2743 cuncta
994 2707 1055 2743 se
1090 2690 1204 2744 late
1263 2708 1331 2744 ex
1387 2691 1502 2745 alto
1560 2692 1866 2748 lustrasse.

213 2781 320 2831 llic
352 2793 584 2832 amersa
617 2781 851 2833 testudo
885 2784 941 2832 et
973 2779 1112 2833 fonti
1159 2779 1456 2846 innatans,
1493 2786 1866 2837 cunctantem

215 2867 568 2921 verecundia
620 2867 870 2937 quadam
929 2883 1200 2938 capream
1254 2867 1412 2923 sitim
1465 2871 1858 2941 exstinguere,

214 2957 469 3026 benigne
500 2957 766 3010 invitavit
791 2958 862 3012 ad
898 2957 1240 3024 bibendum,
1304 2959 1493 3014 Reﬁce
1524 2965 1579 3015 te
1638 2977 1864 3027 secura,

215 3046 516 3115 inquiens,
593 3047 663 3100 ad
724 3047 945 3100 amicos
996 3047 1223 3113 venisti,
1277 3064 1382 3103 nec
1451 3049 1690 3118 quidam
1751 3050 1863 3104 cir-

211 3141 473 3188 cumstat
505 3135 804 3189 infestum.
857 3139 1025 3201 Tum,
1075 3137 1186 3190 nisi
1233 3153 1403 3208 grave
1446 3143 1553 3203 est,
1595 3139 1862 3194 consola-

1984 606 2277 661 incedere.
2336 607 2462 662 Scis
2519 601 2708 672 enim,
2767 607 2976 676 smpius
3033 614 3310 675 experta.
3372 606 3619 660 insidias

1982 695 2336 749 inhiantium
2372 701 2570 750 nostro
2585 695 2878 766 sanguini.
2901 695 3002 747 Cui
3025 698 3444 764 caprea,Quam
3476 712 3579 765 pra
3595 726 3618 736 -

1980 784 2260 852 dentiam,
2295 784 2498 854 inquit,
2537 783 2853 838 memoras?
2886 783 3110 836 inutilis
3141 800 3204 836 ca
3239 789 3326 836 est
3376 789 3432 836 et
3481 785 3617 837 effe-

1979 880 2075 926 ctu
2107 889 2294 941 cassa,
2331 873 2559 943 quoties
2594 872 2694 925 fati
2723 872 2845 939 lege
2891 873 2943 925 in
2993 872 3233 926 exitium
3287 871 3617 925 inevitabile

1981 959 2288 1015 trahimur.
2325 961 2437 1014 lIac
2471 961 2589 1015 vice
2621 978 2956 1014 sermonum
2994 962 3226 1014 testudo
3259 961 3616 1031 supervenit,

1983 1066 2143 1103 inure
2175 1056 2414 1104 strenue
2447 1051 2743 1103 laborante
2768 1051 2949 1103 acatis
2981 1050 3255 1103 dentibus
3292 1050 3346 1102 in
3384 1053 3518 1102 fune
3549 1049 3624 1102 la-

1984 1157 2265 1212 queorum
2299 1141 2628 1195 ineidendo.
2654 1140 2856 1201 Dama.
2881 1157 3002 1193 eam
3039 1139 3619 1209 conspicata,l\lalum

1980 1229 2222 1296 factum,
2254 1229 2356 1293 ait,
2389 1230 2541 1300 quod
2577 1229 2688 1283 huc
2719 1229 2952 1292 venisti,
2986 1227 3337 1281 charissima
3369 1229 3620 1291 testudo;

1982 1336 2113 1372 nam
2140 1324 2426 1389 quantum
2459 1317 2704 1387 conjicio
2737 1333 2805 1370 ex
2857 1317 3069 1371 recenti
3127 1316 3393 1370 tcnsione
3449 1315 3626 1384 hujus

1979 1408 2190 1477 laquei,
2224 1413 2463 1461 venator
2519 1408 2648 1474 ejus
2677 1407 2880 1460 artifex
2942 1424 3053 1459 non
3097 1407 3262 1459 abest
3297 1403 3514 1474 procul.
3571 1407 3624 1458 Is

1979 1514 2111 1552 cum
2143 1497 2338 1550 statim
2371 1495 2688 1563 advenerit,
2721 1512 2927 1548 corvus
2963 1495 3176 1561 volatu,
3230 1511 3360 1547 mus
3410 1494 3620 1547 libera-

1982 1592 2073 1640 tor
2100 1603 2262 1639 meus
2295 1591 2351 1638 et
2383 1602 2488 1654 ego
2524 1601 2653 1638 mox
2702 1585 2990 1654 expedita,
3038 1601 3211 1637 cursu
3268 1582 3434 1636 facile
3481 1583 3624 1635 effu-

1980 1675 2138 1746 gium
2169 1675 2576 1745 captabiinus;
2612 1678 2672 1726 tu
2718 1673 2842 1725 sola
2883 1672 3173 1726 tarditatis
3227 1674 3434 1725 inuata:
3483 1670 3624 1724 vitio

1981 1768 2175 1836 praeda
2209 1765 2286 1818 illi
2317 1770 2473 1818 certa
2508 1763 2859 1817 remanebis.
2891 1763 3036 1827 Quid
3084 1779 3335 1828 agerem,
3381 1778 3624 1832 respon-

2024 1855 2065 1908 it
2089 1855 2319 1909 testudo
2348 1872 2359 1908 :
2387 1870 2581 1908 carere
2614 1853 2695 1905 tui
2728 1859 3042 1922 conspectu
3093 1869 3207 1904 non
3261 1857 3541 1921 poteram,
3573 1855 3627 1902 et

1987 1944 2192 2015 quovis
2223 1948 2486 2013 emptum
2523 1943 2666 1996 bene
2700 1941 2953 2011 periculo
2987 1944 3123 2010 puto
3161 1941 3410 1994 fructum
3445 1938 3622 1993 animi

1985 2036 2083 2104 qui
2138 2033 2454 2104 percipitur
2507 2047 2822 2100 congressu
2870 2031 3216 2083 amicorum.
3255 2030 3379 2082 llzec
3431 2045 3494 2082 ea
3541 2027 3622 2080 lo-

1985 2129 2199 2195 quente
2229 2122 2509 2190 strepitus
2541 2119 2864 2173 incedentis
2886 2135 2984 2188 per
3006 2118 3208 2171 silvam
3237 2117 3491 2171 hominis
3518 2135 3623 2170 au-

1985 2215 2140 2268 ditur
2173 2211 2446 2284 primum,
2481 2226 2546 2263 ac
2569 2209 2764 2263 statim
2800 2213 3069 2262 venatore
3103 2211 3438 2278 apparente,
3493 2223 3624 2259 cor-

1984 2320 2090 2357 vus
2122 2300 2394 2365 ῑινυιίινὶῐ,
2428 2315 2559 2351 mus
2593 2314 2729 2351 cavo
2772 2296 2887 2349 illic
2949 2296 3182 2350 fortuito
3228 2313 3289 2349 se
3340 2295 3623 2349 condidit.

1987 2396 2158 2448 dama
2189 2391 2375 2460 ruptis
2411 2387 2658 2442 vinculis
2689 2388 2965 2442 exsiliens
2992 2387 3243 2457 aufugit,
3271 2387 3502 2440 testudo
3523 2387 3622 2439 de.

1985 2486 2269 2556 prehensa
2301 2481 2550 2551 capitur,
2584 2485 2640 2534 et
2663 2479 2734 2533 ab
2767 2479 2896 2532 aliis
2932 2479 3151 2532 intento
3172 2483 3463 2541 venatore,
3493 2477 3628 2531 fune

1983 2575 2276 2642 deligatur
2305 2571 2375 2624 ad
2412 2575 2643 2624 trucum
2666 2568 2904 2622 arboris.

2051 2697 2196 2753 Xlll.
2229 2696 2406 2752 Paulo
2441 2701 2570 2765 post
2601 2709 2799 2747 aversa
2831 2692 2886 2745 in
2925 2708 3058 2762 spes
3100 2691 3424 2761 praedarum
3479 2689 3623 2744 alia-

1982 2805 2110 2842 rum
2149 2785 2439 2840 venatoris
2469 2784 2595 2837 ideo
2627 2783 2781 2836 varie
2811 2799 2911 2851 per
2941 2780 3145 2834 silvam
3182 2781 3621 2846 errantis,cura,

1982 2875 2275 2931 silentium
2313 2891 2411 2944 per
2443 2870 2708 2926 inducias
2741 2869 2856 2924 illic
2890 2870 3172 2940 quasdam
3210 2868 3333 2921 fuit.
3369 2870 3490 2932 Quo
3536 2869 3622 2921 usi

1981 2973 2243 3037 tempore
2278 2980 2430 3030 mus,
2467 2977 2675 3030 caprea
2703 2966 2760 3014 et
2810 2975 3017 3012 corvus
3052 2976 3163 3012 non
3215 2957 3386 3025 longe
3419 2975 3450 3009 a
3500 2957 3622 3010 loro

1981 3057 2079 3111 ubi
2113 3053 2348 3109 testudo
2380 3050 2574 3106 stabat
2601 3053 2794 3104 vincta
2824 3048 3196 3102 conveniunt.
3229 3045 3621 3116 Comploratio

1982 3146 2072 3200 hic
2105 3144 2372 3199 omnium
2423 3157 2490 3194 ex
2521 3157 2657 3194 casu
2715 3138 2921 3193 acerbo
2971 3135 3326 3190 miserabilis
3361 3135 3489 3190 fuit.
3545 3139 3621 3189 Ac

216 3224 374 3276 heris
409 3240 514 3278 nos
546 3225 840 3278 narrando
863 3242 1148 3296 quorsum
1183 3227 1382 3280 venias
1431 3228 1603 3282 unde.
1656 3228 1858 3300 Dama,
1893 3244 1936 3311 ρ
1987 3251 2192 3293 corvus
2226 3231 2400 3302 prior,
2432 3231 2512 3284 Ex
2543 3245 2720 3299 quam
2754 3227 3043 3297 jucunda,
3095 3225 3308 3295 inquit,
3371 3241 3508 3296 pace
3561 3226 3616 3278 in

209 3319 352 3383 potu
411 3319 694 3376 recreata,
755 3314 816 3368 In
873 3321 1200 3380 venatores,
1265 3317 1392 3381 ait,
1455 3316 1627 3371 hodie
1682 3318 1861 3373 incidi

209 3402 431 3472 plures,
467 3408 523 3456 et
548 3419 659 3456 non
695 3421 810 3457 uno
839 3403 1184 3458 insidiantes
1230 3405 1377 3474 loco,
1413 3423 1560 3477 quos
1595 3409 1654 3462 ut
1701 3409 1860 3478 fuge-

208 3507 335 3544 rem
388 3491 562 3561 longa
609 3493 981 3548 contentione
1051 3511 1198 3565 opus
1243 3494 1372 3548 fuit.
1448 3495 1593 3550 Nam
1659 3496 1865 3551 incidit

206 3597 328 3634 non
383 3581 564 3634 semel
618 3586 680 3635 ut
739 3581 930 3636 locum
994 3583 1092 3637 ubi
1151 3583 1441 3652 refugium
1503 3587 1861 3656 quaerebam,

209 3675 687 3740 prmoccupatum
733 3677 921 3739 nacta,
974 3672 1108 3726 inde
1158 3680 1430 3727 renovato
1492 3678 1712 3745 impetu
1773 3694 1864 3731 re-

208 3761 444 3814 flectere
477 3777 716 3815 cursum
741 3761 854 3814 alio
905 3778 1161 3831 cogerer,
1215 3764 1405 3832 quoad
1460 3763 1571 3818 huc
1614 3767 1862 3836 propitia

209 3866 306 3904 me
340 3850 608 3919 quaedam
637 3852 869 3904 fortuna
901 3852 1190 3921 perduxit.
1246 3853 1350 3905 Cui
1402 3855 1676 3908 testudo:
1729 3856 1861 3910 Ser-

205 3941 368 3992 vavit
423 3943 480 3992 to
539 3955 665 3993 sors
725 3948 821 3994 tua
870 3957 1001 3995 cum
1037 3940 1152 3995 huc
1214 3941 1487 4012 impulit:
1551 3943 1713 3998 avius
1773 3951 1862 4000 est

204 4029 408 4097 locus,
457 4029 684 4083 nullum
748 4030 839 4083 hic
889 4031 1115 4085 dudum
1177 4037 1510 4086 venatorem
1562 4032 1856 4091 vidimus:

202 4135 396 4190 quare
453 4119 850 4175 sollicitudine
897 4122 1138 4190 omissa,
1175 4121 1302 4176 lzeta
1356 4124 1661 4177 nobiscum
1711 4125 1857 4182 vive.

201 4207 446 4279 LJOpiam
482 4208 663 4262 habes
685 4209 971 4278 graminis
999 4209 1222 4275 viridis,
1256 4216 1313 4265 et
1345 4228 1505 4281 aqua}
1529 4211 1585 4266 in
1623 4215 1859 4282 propin-

199 4314 323 4368 quo
361 4295 581 4367 frigidae
614 4314 679 4351 ac
711 4298 993 4368 limpida’,
1038 4303 1188 4358 tum,
1220 4299 1268 4352 si
1327 4317 1440 4354 non
1501 4302 1856 4372 asperneris,

200 4387 442 4440 sodales
475 4386 764 4456 iucundos
797 4392 852 4440 et
884 4388 1050 4441 fidos.
1080 4388 1220 4449 Quis
1252 4389 1395 4442 talia
1423 4395 1666 4450 recuset,
1687 4391 1858 4445 (lania

199 4476 507 4545 inquit,et
548 4474 799 4530 libenter
843 4477 1173 4530 assentiens
1218 4479 1504 4544 consedit,
1555 4480 1730 4533 vitam
1779 4481 1858 4534 ibi

197 4567 419 4635 degere
449 4565 726 4634 deinceps
759 4571 937 4619 certa.
990 4566 1330 4620 Convivium
1389 4567 1522 4621 inde
1575 4569 1857 4639 hospitale

197 4655 541 4709 eali-bratur
571 4654 680 4707 sub
714 4655 895 4708 densa
929 4653 1078 4723 ilice,
1113 4655 1364 4725 singulis
1397 4673 1567 4711 casus
1593 4675 1730 4711 suos
1765 4677 1849 4712 re-

198 4744 575 4810 ferentibus;
610 4744 942 4813 ﬁebantque
975 4744 1107 4798 inde
1134 4745 1459 4815 quotidiani
1501 4763 1856 4816 congressus

194 4833 634 4889 consuetudine
693 4832 1148 4901 humanissima,
1209 4833 1336 4887 aliis
1398 4834 1542 4888 alios
1597 4837 1856 4891 officiose

192 4923 556 4977 visentibus.
587 4922 732 4975 Hinc
767 4922 860 4975 die
893 4923 1144 4993 quadam
1180 4940 1310 4977 cum
1347 4925 1742 4978 conflixissent
1774 4932 1852 4979 tc-

188 5011 402 5072 studo,
436 5027 568 5064 mus
597 5016 652 5063 et
683 5027 893 5065 corvus
926 5011 995 5064 ad
1030 5011 1219 5066 cubile
1270 5013 1663 5085 prepinqunm
1707 5018 1853 5068 ami-

184 5120 276 5158 cae
312 5099 608 5166 dorcadis,
641 5106 986 5169 repererunt
1018 5101 1148 5154 heu!
1206 5100 1363 5154 illam
1417 5101 1624 5173 laqueo
1677 5103 1853 5172 mala,

184 5207 375 5248 manu
410 5190 598 5260 posito
633 5189 969 5259 implexam.
1005 5189 1239 5244 Primus
1273 5209 1391 5244 rem
1417 5208 1625 5246 corvus
1649 5194 1854 5262 depre—

178 5281 405 5339 hendit
435 5279 798 5355 antevolans,
830 5285 886 5333 et
945 5279 1234 5334 curriculo
1293 5280 1514 5335 lentius
1573 5285 1853 5337 euntibus

174 5370 372 5428 sociis
404 5373 976 5438 occurrens,captam
1009 5369 1242 5422 damam
1279 5371 1572 5424 nuntiavit
1604 5391 1617 5436 ;
1655 5372 1851 5424 aluisse

175 5471 394 5519 tamen
414 5467 770 5523 venatorem,
795 5462 1023 5512 tantum
1047 5460 1319 5512 miseram
1349 5460 1561 5513 haerere.
1592 5461 1849 5514 funiculo

174 5549 601 5608 constrictam.
630 5548 996 5601 Consternati
1029 5550 1202 5601 ambo
1249 5549 1629 5603 acerbissimo
1685 5568 1846 5612 casu,

174 5641 446 5714 gradum
483 5654 657 5707 quam
686 5645 937 5706 possunt
963 5638 1212 5689 maxime
1237 5638 1513 5691 celerant.
1542 5640 1666 5693 Mus
1694 5641 1850 5709 prior

176 5729 564 5807 perveniens,
601 5728 739 5788 Quis
775 5734 848 5796 te,
877 5727 1093 5795 infelix,
1124 5728 1331 5796 inquit,
1389 5730 1477 5781 liis
1527 5730 1718 5783 induit
1765 5730 1844 5783 la-

1970 3318 2662 3400 quantuminfortunium
2679 3317 2873 3371 subita
2890 3313 3619 3370 conversionedevenimus

1970 3420 2156 3482 Quam
2182 3428 2311 3467 vere
2342 3409 2581 3480 quidam
2617 3407 2782 3473 dixit,
2817 3406 2944 3458 vitae
2977 3403 3370 3458 conditionem
3413 3403 3583 3474 deplo
3614 3437 3616 3440 ν

1971 3522 2130 3569 rans,
2167 3499 2440 3556 mortales
2475 3496 2698 3550 felicem
2748 3511 2955 3559 unum,
3003 3493 3052 3548 si
3102 3493 3242 3547 forte
3293 3492 3613 3562 contingat,

1971 3592 2582 3654 successum,centum
2617 3583 3042 3640 offensionibus
3064 3581 3362 3636 etinfestis
3378 3581 3614 3634 casibus

1969 3684 2149 3739 luere.
2186 3685 2204 3736 Ι
2242 3696 2397 3735 nunc
2423 3683 2478 3731 et
2511 3676 2622 3730 fide
2672 3673 2954 3728 felicitati.
3009 3672 3133 3726 Non
3185 3670 3414 3724 sulfccit
3462 3669 3613 3724 hosti

1968 3790 2105 3828 mere
2137 3773 2378 3826 fortuna:
2411 3765 2597 3838 patria
2646 3780 2737 3818 me
2785 3761 3062 3834 privasse,
3115 3761 3354 3816 orbasse
3405 3777 3612 3830 paren-

1967 3864 2126 3916 tibus
2158 3866 2213 3914 et
2242 3852 2719 3925 consanguineis,
2756 3851 2864 3905 nisi
2891 3852 3062 3904 etiam
3100 3866 3188 3902 me
3222 3865 3375 3902 nunc
3399 3849 3611 3903 dulcis-

1965 3952 2118 4006 sima
2151 3934 2432 4004 testudiiii
2459 3943 2678 4004 amica},
2715 3947 2772 3995 et
2807 3943 2962 4007 lech
2995 3937 3266 3992 amicitiae
3315 3943 3437 3991 tum
3492 3937 3611 3991 cal-

1968 4039 2142 4094 lentis
2175 4037 2456 4108 appriuie,
2490 4039 2616 4086 tum
2662 4031 2933 4096 tenentis,
2985 4028 3410 4082 consuetudine
3459 4026 3611 4081 mul-

1965 4132 2168 4184 ctaret.
2201 4133 2246 4181 0
2283 4141 2415 4196 spes
2471 4123 2721 4176 inanes!
2781 4124 2911 4172 vota
2963 4117 3166 4171 irrita!
3224 4116 3354 4170 Jam
3421 4122 3617 4186 pereat

1965 4217 2072 4271 hoc
2101 4233 2334 4286 corpus,
2367 4221 2422 4266 et
2455 4211 2564 4265 sub
2599 4226 2770 4262 omne
2810 4206 3134 4277 periculum
3187 4204 3452 4258 mittatur
3499 4204 3615 4258 vita

1965 4306 2087 4360 hrec
2123 4311 2206 4358 tot
2239 4302 2488 4356 obnoxia
2517 4298 2792 4365 miseriis,
2836 4302 2892 4349 ut
2949 4295 3199 4349 maxime
3244 4294 3466 4361 floreat,
3517 4310 3614 4346 ca-

1966 4396 2117 4448 duca
2149 4410 2215 4447 ex
2247 4391 2403 4446 brevi
2432 4390 2627 4459 vigore
2651 4388 2761 4442 cito
2789 4401 3180 4449 marcesccns,
3206 4383 3378 4436 astris
3403 4383 3614 4436 similis

1966 4483 2280 4554 irrequieta
2351 4477 2634 4548 vertigine
2708 4477 2778 4529 ab
2829 4480 2960 4528 ortu
3014 4476 3080 4527 ad
3134 4489 3432 4533 occasum,
3478 4471 3613 4525 hinc

1891 4605 1934 4667 Ι)
1969 4589 2176 4626 rursus
2228 4572 2284 4623 in
2332 4573 2554 4641 partem
2609 4566 2958 4620 contrariam
3015 4563 3294 4633 gyrantis.
3361 4561 3612 4614 ltol'riczit

1968 4661 2075 4713 hoc
2109 4675 2321 4712 nexum
2359 4656 2565 4709 vulnus
2598 4653 2899 4708 cicatrices
2941 4653 3066 4720 jam
3113 4657 3373 4721 tempore
3422 4651 3574 4703 obdu
3599 4681 3612 4688 -

1965 4754 2090 4804 clas
2119 4755 2382 4802 veterum
2428 4746 2720 4809 dolorum,
2771 4748 2826 4796 et
2876 4742 3040 4811 quasi
3094 4742 3373 4794 redivivas
3413 4756 3611 4793 secum

1966 4840 2265 4893 adducens
2297 4836 2489 4889 clades
2522 4849 2728 4886 omnes
2756 4831 3099 4902 prmtcritas,
3128 4829 3503 4900 eouspirantc
3536 4830 3611 4883 si-

1967 4927 2087 4981 mul
2105 4927 2418 4980 acerbitate
2435 4925 2839 4978 univi'rsurun;
2861 4919 3269 4974 cruilrlissiuie
3288 4937 3377 4972 me
3394 4919 3614 4972 cruciat

1963 5017 2124 5070 Talia
2177 5023 2629 5086 conquerentem
2678 5029 2912 5064 (torvum
2963 5009 3342 5079 interpellans
3379 5025 3608 5078 caprea,

1965 5107 2050 5160 'l‘u
2085 5106 2343 5175 quidem,
2381 5103 2594 5174 inquit
2621 5103 2837 5168 tragice
2873 5100 3268 5166 i'iii_~'.()i-iraris,
3297 5099 3464 5168 quasi
3518 5117 3604 5150 so-

1965 5195 2159 5266 phista
2189 5197 2258 5249 de
2304 5194 2525 5260 schola,
2572 5192 2803 5246 interim
2858 5194 2995 5243 dum
3048 5190 3381 5242 communis
3422 5188 3611 5241 amica

1965 5286 2200 5340 testudo
2239 5285 2294 5338 in
2347 5283 2474 5336 dira
2520 5283 2818 5344 servitute,
2885 5280 3246 5332 ίῐιιῐιιίηι-ιιῖἱες
3301 5278 3458 5330 exitii
3515 5295 3609 5330 ex-

1963 5375 2324 5445 spectatione
2355 5373 2568 5427 misera
2599 5375 2845 5424 mstuat:
2881 5371 3017 5437 quin
3055 5370 3270 5438 potius,
3323 5368 3609 5436 intr-mpe-

1963 5464 2094 5517 stivi
2144 5463 2521 5526 declamator,
2555 5462 2603 5514 ei
2659 5461 2972 5513 liberanda:
3026 5461 3164 5510 dum
3219 5465 3448 5526 tempus
3500 5463 3608 5525 «uel,

1961 5553 2186 5607 Consilii
2243 5553 2543 5622 quidpiam
2606 5550 2758 5602 celer
2815 5548 3109 5616 expedis?
3154 5548 3289 5610 Hoc,
3341 5548 3606 5615 inquam,

1959 5661 2060 5700 age
2098 5644 2224 5694 istis
2257 5644 2512 5702 omissis,
2551 5648 2610 5692 ut
2636 5640 2810 5702 viam,
2845 5641 2893 5691 si
2925 5655 3040 5706 qua
3072 5643 3178 5700 est,
3206 5636 3606 5705 aiiizii-ieapiiis

1962 5733 2082 5785 ιιριτί
2117 5731 2401 5803 eripicndi
2436 5731 2700 5783 ineamus
2731 5746 2740 5780 :
2777 5733 2872 5779 sed
2913 5727 3121 5797 raptim
3175 5745 3238 5779 ac
3297 5726 3442 5779 i-itra
3483 5744 3606 5778 Ilii)-
