4248 6442
662 376 799 442 1307

2167 374 2557 451 Apbkrtﬁlx.

3944 389 4083 448 1308

659 531 806 581 ram;
843 510 975 569 nam
999 500 1176 570 ol‘llcii
1201 512 1425 572 occasio
1449 498 1640 572 brevis
1666 501 1779 572 est.
1814 502 2018 571 Militis
2070 518 2127 571 in
2160 516 2303 573 aciei
2338 499 2387 587 Ᾰ
2420 509 2603 591 gligat
2651 503 2917 589 paratam
2953 514 3262 589 praedam?
3314 522 3455 572 Cum
3482 534 3687 589 prope
3748 518 4080 577 accesserit,

657 604 958 676 procinctu
995 599 1273 661 fortitudo
1304 606 1610 677 probatur,
1640 606 1885 674 aequitas
1916 605 2307 677 negotiatoris

658 694 716 749 in
751 699 990 766 accepta
1013 696 1175 766 juste
1207 695 1503 771 redd'e'ndo
1550 694 1924 768 perspicitur,
1972 696 2118 752 ﬁdes
2160 697 2306 751 ami-

657 784 807 840 cities
842 802 1025 839 unum
1059 791 1294 857 tempus
1328 784 1502 841 habet
1532 786 1623 842 sui
1676 785 2010 858 prodendae,
2063 785 2305 842 calami—

655 878 837 929 tatem
868 873 1214 931 amicorum.
1249 878 1576 930 Cunctante
1610 876 1679 930 ad
1716 876 1834 930 haec
1866 880 2057 943 'corvo,
2092 876 2191 930 cui
2226 875 2308 930 ni-

658 963 740 1017 hil
791 968 1161 1018 succurreret
1201 965 1270 1018 ad
1313 981 1557 1042 scopum
1591 965 1757 1029 utile,
1808 981 2103 1036 occupans
2151 981 2309 1020 mus-

655 1052 797 1107 Mihi
832 1052 1083 1118 videtur;
1116 1054 1330 1125 inquit,
1355 1054 1644 1126 optimum
1683 1055 1862 1121 factu,
1911 1055 1959 1109 si
2015 1072 2077 1111 se
2128 1054 2307 1127 prori-

656 1143 779 1212 piat
803 1141 936 1196 hinc
967 1143 1164 1208 dama,
1196 1149 1252 1198 ct
1281 1140 1338 1197 in
1364 1148 1570 1221 campo
1603 1162 1671 1198 ex
1696 1143 1804 1199 hoc
1826 1144 1951 1200 loco
1988 1143 2305 1215 conspicuo

655 1231 821 1285 humi
846 1231 1052 1300 jacens
1074 1249 1137 1287 se
1165 1239 1457 1289 mortuam
1500 1232 1758 1302 simulet,
1794 1234 1969 1289 fidem
2003 1234 2129 1289 viso
2180 1250 2305 1289 cor-

654 1337 762 1375 vus
796 1326 1025 1375 astruat
1058 1322 1505 1393 superinvolans
1535 1327 1591 1378 et
1622 1323 1905 1391 insidens,
1945 1328 2010 1378 ut
2058 1323 2305 1379 Cadave-

657 1408 821 1464 ribus
854 1408 1042 1465 solet:
1076 1410 1184 1466 hoc
1215 1417 1454 1466 venator
1503 1411 1760 1479 intuens,
1812 1412 2030 1467 omisso
2081 1427 2221 1466 arcu
2255 1415 2311 1466 et

657 1498 949 1571 pharetra,
984 1500 1148 1555 velox
1179 1517 1245 1557 eo
1277 1502 1610 1571 contendet;
1646 1504 1940 1574 quomodo
1990 1502 2148 1557 enim
2208 1517 2309 1555 ne-

2420 612 2505 677 tu,
2537 607 2734 674 dama,
2768 622 2994 679 surges,
3029 611 3087 662 et
3114 602 3230 661 non
3262 600 3384 661 tota
3409 604 3709 679 velocitate
3743 611 3917 661 utens
3952 604 4079 672 tua,

2419 676 2641 751 sensim
2673 676 2963 750 eliciesvad
2998 689 3360 766 seqUendiim
3390 692 3493 765 spe
3525 676 3745 765 injecia
3783 694 3870 748 tui
3906 690 4076 765 quasi

2417 785 2737 841 vulneratae
2768 785 3059 857 potiundi.
3092 782 3183 840 Sic
3214 801 3347 839 eum
3402 776 3661 839 abducas
3713 800 3895 855 quam
3944 782 4075 837 lon-

2420 874 2689 947 gissime,
2722 891 2826 946 ego
2858 874 3093 930 interim
3138 873 3418 930 dentibus
3462 870 3699 929 vincula
3748 871 4072 927 testudinis

2421 964 2819 1020 conscindam.
2858 965 3141 1019 Probatur
3177 960 3268 1019 res
3318 962 3568 1018 cunctis.
3623 959 3925 1033 Incipiunt
3979 978 4076 1030 pro

2421 1068 2484 1107 se
2516 1054 2789 1124 quisque,
2840 1055 2995 1125 quod
3042 1053 3189 1109 bene
3232 1049 3503 1119 verteret,
3560 1055 3619 1107 et
3672 1048 3983 1121 negotium
4020 1054 4081 1103 ut

2421 1142 2858 1197 destinaverant
2916 1143 3243 1212 successit,
3305 1141 3697 1212 liberatioque
3759 1126 4078 1195 testudinis

2422 1232 2721 1287 Communi
2744 1237 2833 1287 est
2863 1231 3257 1302 gratulatione
3284 1230 3595 1286 celebrata.
3623 1230 3919 1285 Hactenus
3955 1229 4081 1282 idea

2422 1322 2738 1377 informata
2802 1327 2890 1377 est
2946 1322 3272 1377 amicorum
3322 1326 3379 1377 et
3438 1317 3735 1388 amicitiae,
3789 1319 3960 1374 dctes
4010 1316 4079 1370 il-

2421 1409 2653 1481 lorum,
2710 1411 2891 1483 hujus
2959 1412 3154 1467 officia
3204 1410 3362 1466 velut
3434 1410 3492 1464 in
3565 1407 3803 1480 speculo
3872 1408 4081 1477 prepo-

2422 1516 2590 1556 nens.

1758 1808 2266 1869 DlSSERTATlO
2307 1786 2809 1869 PARABOLICA
2852 1791 2952 1864 1v.

665 1931 859 1989 Varia
892 1932 1306 1992 demonstrat.
1345 1935 1637 1992 Primum
1672 1956 1692 1991 :
1724 1933 1859 1993 odii
1892 1935 2216 2011 pro/undi
2272 1943 2331 1992 et
2362 1937 2704 1992 inveterati
2735 1936 2863 1988 vim
2916 1933 3274 2011 malignam
3296 1946 3317 2000 ;
3364 1924 3598 1983 deinde
3655 1923 4075 2011 consiliorum

729 2012 1041 2071 delectum
1096 2019 1165 2072 in
1212 2015 1525 2089 periculis
1576 2016 1790 2091 Reip.;
1846 2009 2062 2092 postea
2125 2020 2561 2075 nccessitatem
2606 2016 2833 2071 arcani
2887 2009 2973 2067 ad
3027 2016 3245 2067 eorum
3301 2021 3711 2092 successum,
3749 2010 4073 2092 praeterea

728 2094 921 2169 ﬁdem
951 2113 1163 2153 veram
1193 2082 1265 2154 ac
1296 2082 1861 2155 char‘itatem-ciw
1886 2116 1951 2154 se
1963 2114 2090 2172 pro
2119 2102 2346 2173 patria
2376 2096 2774 2157 devoventis:
2808 2092 3082 2167 denique
3133 2096 3377 2165 quanta
3418 2089 3704 2163 pernicie
3761 2082 4074 2142 credatur

738 2175 1120 2253 transfugis.

722 2334 1030 2391 Siclocuto
1060 2336 1558 2408 gymnosOphistae
1590 2353 1689 2392 rex
1717 2337 2140 2393 Abessalomus
2174 2338 2295 2393 haec
2330 2340 2375 2404 Β
2407 2332 2634 2388 Videtis
2687 2339 2922 2386 omnem
2977 2327 3238 2398 undique
3308 2324 3563 2381 civitatis
3624 2321 3806 2393 hujus
3858 2322 4071 2374 nostra:

646 2427 824 2482 verba
880 2426 1170 2481 reddidit:
1231 2428 1477 2481 Abunde
1529 2428 1780 2482 docuisti
1850 2444 1941 2483 me
1990 2444 2119 2498 quae
2161 2429 2301 2498 jura

647 2532 845 2587 quaeve
872 2516 1075 2570 munia
1096 2517 1212 2570 sint
1235 2516 1508 2571 amicitiae
1543 2517 1971 2586 sinceraemunc
2003 2534 2071 2571 ex
2100 2516 2299 2586 te,nisi

646 2606 929 2676 gravaris,
965 2606 1177 2660 audire.
1221 2621 1496 2676 cuperem
1556 2624 1683 2677 quae
1737 2607 1961 2678 optima
2019 2606 2102 2661 sit
2150 2607 2299 2662 ratio

643 2693 1285 2748 insidiasinimicorum
1344 2694 1702 2764 praecavendi
1751 2693 2067 2749 amicitiam
2110 2694 2297 2749 simu-

642 2782 917 2837 lantium.
949 2783 1032 2836 Ad
1066 2781 1176 2837 hoc
1208 2780 1364 2853 regis
1415 2783 1760 2837 mandatum
1814 2800 1960 2839 novo
2012 2782 2298 2856 principio

642 2871 1130 2944 gymnosophista
1181 2888 1423 2927 exorsus
1465 2873 1756 2928 disserere
1803 2873 1978 2944 cmpit
2026 2872 2085 2928 in
2141 2872 2299 2929 hunc

648 2962 913 3017 modum:

713 3054 755 3107 Ι.
807 3052 914 3117 Qui
967 3050 1134 3106 facile
1189 3050 1427 3106 inimico
1487 3051 1671 3107 credit
1729 3050 2173 3108 reconciliatum
2236 3066 2299 3110 se

642 3141 873 3209 ferenti,
909 3142 1166 3214 patietur
1208 3136 1365 3213 quod
1414 3141 1643 3198 noctuis
1692 3142 1926 3213 accidit,
1966 3142 2299 3216 proditione

640 3231 762 3287 ﬁcti
796 3232 1118 3302 transfugas
1172 3230 1383 3286 ultima
1439 3232 1838 3289 internecione
1896 3232 2121 3289 deletis.
2184 3235 2297 3291 Res

644 3325 919 3376 narratur
949 3320 1006 3373 in
1042 3320 1201 3375 hunc
1235 3321 1477 3376 modum
1513 3337 1525 3374 :
1559 3323 1748 3378 Arbor
1805 3328 1929 3378 erat
1985 3323 2045 3378 in
2100 3330 2299 3380 monte

643 3412 773 3468 avio
821 3427 1045 3466 annosa
1103 3413 1418 3475 densorum
1476 3408 1833 3479 ramaliUm,
1890 3422 2057 3467 vetus
2107 3413 2297 3469 cubile

646 3501 947 3572 rapacium
981 3499 1200 3565 avium,
1233 3499 1333 3554 ubi
1368 3500 1500 3555 fixis
1531 3500 1756 3555 dudum
1800 3502 2042 3557 sedibus
2093 3517 2300 3558 corvus

646 3591 845 3647 senior
874 3588 1037 3646 mille
1067 3591 1387 3646 admodum
1430 3589 1520 3645 sui
1571 3592 1800 3661 generis
1844 3592 2139 3663 capitibus
2188 3595 2294 3650 im-

640 3682 948 3753 peritabat.
984 3680 1239 3752 Degebat
1269 3682 1327 3735 in
1360 3696 1608 3776 caverna
1639 3683 1804 3754 rupis
1835 3682 2112 3753 proximae
2143 3700 2287 3756 gens
2319 3710 2361 3776 ρ

642 3786 960 3826 numerosa
1013 3774 1387 3834 noctuarum,
1421 3770 1522 3825 uni
1568 3774 1623 3825 et
1662 3772 1794 3843 ipsa
1846 3772 1966 3843 regi
2024 3773 2285 3829 serviens

640 3859 1045 3915 infensissimo
1104 3858 1303 3930 generi
1356 3861 1610 3915 corvino.
1671 3862 1969 3930 Quare,ut
2017 3854 2170 3917 inter
2206 3862 2290 3916 vi.

643 3949 805 4005 cinos
845 3947 1081 4004 acribus
1126 3949 1479 4005 commissos
1533 3949 1707 4020 odiis,
1736 3950 1986 4005 invicem
2042 3950 2293 4007 nocendi

642 4038 885 4094 consilia
908 4038 1237 4094 tumebant.
1270 4039 1535 4103 Quadam
1564 4044 1736 4095 nocte
1779 4040 2088 4095 universus
2130 4056 2296 4095 exer-

643 4128 796 4184 citus
850 4131 1242 4193 noctuarum,
1301 4127 1605 4199 inepinato
1665 4129 1875 4184 castris
1934 4127 2292 4201 erumpens,

643 4216 863 4288 sopitos
918 4220 973 4269 et
1027 4214 1172 4269 nihil
1240 4214 1356 4270 tale
1403 4220 1731 4271 metuentes
1790 4232 1995 4273 corvos
2054 4217 2287 4273 invasit.

641 4306 822 4361 Primi
857 4306 1131 4361 custodes
1155 4304 1305 4361 caesi:
1328 4310 1719 4377 perrumpunt
1743 4307 1955 4362 deinde
1986 4307 2045 4362 in
2068 4308 2296 4363 arboris

639 4397 873 4463 intima,
908 4395 1163 4451 multum
1192 4395 1503 4467 sanguinis
1536 4397 1766 4467 fusum;
1815 4399 2055 4454 tandem
2106 4399 2295 4454 inter-

642 4488 808 4543 fectis
841 4486 1137 4559 plurimis,
1181 4486 1500 4542 vulneratis
1541 4505 1656 4543 non
1710 4489 1934 4559 paucis,
1990 4489 2295 4545 nonnullis

644 4578 855 4649 captis,
886 4576 1094 4648 spoliis
1134 4575 1345 4632 divites
1392 4582 1449 4631 et
1496 4582 1737 4633 ovantes
1779 4579 2020 4637 victoria
2069 4584 2296 4635 noctuas

643 4667 764 4723 sole
789 4668 915 4739 jam
941 4666 1164 4721 oriente
1196 4684 1336 4722 suas
1375 4668 1544 4724 sedes
1592 4673 1887 4739 repetunt.
1939 4669 2295 4725 Archicorax

639 4759 878 4830 (nomen
933 4756 1040 4811 hoc
1089 4761 1215 4811 erat
1269 4757 1553 4829 principis
1593 4758 1944 4831 corvorum),
1989 4758 2168 4815 simul
2226 4776 2296 4815 ex

638 4848 1035 4920 trepidatione
1067 4862 1129 4901 se
1169 4847 1388 4918 recepit
1430 4846 1615 4919 praelii
1668 4848 1965 4915 nocturni,
2016 4853 2290 4904 senatum

637 4938 793 5009 cogit
824 4953 1132 5009 procerum
1174 4938 1411 5008 gentis;
1463 4954 1612 5009 quos
1671 4938 1823 4994 inter
1881 4938 2114 4994 medius
2172 4939 2292 4994 haec

636 5028 737 5083 ait:
773 5030 1002 5093 Quanta
1031 5027 1227 5083 clades
1258 5044 1374 5082 uno
1402 5028 1630 5098 impetu
1680 5028 1999 5100 improviso
2048 5034 2291 5084 noctua-

636 5136 765 5174 rum
800 5118 1019 5173 nostris
1078 5118 1255 5172 rebus
1286 5117 1452 5173 illata
1501 5118 1601 5184 sit,
1657 5119 1904 5174 docendi
1967 5136 2099 5175 mea
2155 5136 2290 5174 ora-

632 5210 791 5263 tione
822 5225 937 5262 non
965 5209 1129 5263 estis.
1187 5208 1251 5262 In
1300 5208 1488 5264 oculis
1541 5209 1955 5265 recentissima
2007 5210 2295 5281 pernicies

631 5305 737 5354 est.
776 5297 959 5352 Multa
990 5298 1048 5351 in
1078 5297 1195 5352 vita
1225 5314 1359 5352 sum
1391 5299 1636 5354 adversa
1658 5304 1954 5371 expertus,
1984 5316 2291 5371 nunquam

629 5396 753 5445 tam
786 5403 965 5459 prepe
991 5387 1300 5443 interitum
1322 5390 1550 5443 venisse
1576 5405 1669 5444 me
1694 5389 1957 5445 memini.
1986 5393 2102 5444 Vos
2129 5388 2292 5461 ipsos

631 5479 826 5534 adhuc
857 5477 1019 5532 video
1053 5478 1295 5532 horrore
1317 5478 1562 5549 periculi
1598 5478 1907 5551 palientes.
1943 5478 2289 5534 Obtruncati

635 5568 861 5641 vigiles,
891 5586 1137 5640 pervasa
1164 5574 1377 5639 castra,
1411 5570 1589 5624 robur
1639 5570 1698 5625 in
1750 5570 1844 5625 his
1894 5571 2153 5625 deletum
2206 5570 2291 5625 le-

635 5662 899 5729 gionum,
933 5677 1035 5715 arx
1078 5659 1290 5715 intima
1335 5664 1392 5714 et
1441 5660 1605 5732 regni
1649 5661 1869 5716 avitum
1918 5662 2135 5717 solium
2188 5678 2292 5732 op-

558 5829 562 5832 ,
635 5758 890 5823 portuno
920 5752 1011 5806 vix
1044 5752 1284 5807 tandem
1317 5751 1625 5808 allucentis
1647 5752 1763 5808 dici
1796 5752 2011 5808 auxilio
2042 5758 2289 5809 retenta.

2410 2417 2741 2479 frondentis
2800 2414 3111 2474 circuitum
3171 2421 3310 2487 quot
3380 2420 3716 2470 nostrorum
3778 2408 4075 2465 cadavera

2407 2514 2808 2579 consternant,
2842 2510 3062 2579 quanta
3094 2505 3183 2562 vis
3228 2503 3456 2560 'cruoris
3507 2501 3784 2564 maculet,
3837 2503 4070 2570 quanta

2406 2599 2745 2674 plumarum
2778 2599 2893 2653 late
2924 2596 3224 2667 congeries
3257 2598 3445 2667 tegat:
3491 2591 3739 2662 vestigia
3780 2588 4072 2660 probrosa

2407 2689 2593 2747 nostri
2653 2687 2954 2743 dedecoris
2990 2730 3002 2754 ,
3058 2684 3115 2740 et
3174 2686 3390 2756 tropaea
3446 2681 3740 2753 jactantie
3799 2676 4067 2732 hustium

2408 2788 2769 2845 nostrorum,
2803 2776 2903 2849 qui
2938 2780 3053 2848 qUo
3099 2776 3332 2830 viliores
3385 2777 3545 2837 sunt,
3600 2778 3656 2825 et
3706 2768 3844 2841 plus
3894 2766 4071 2837 vulgo

2401 2869 2601 2939 exosi,
2659 2885 2726 2923 eo
2788 2871 2987 2922 nostra
3048 2870 3137 2921 est
3196 2850 3622 2918 intolerabilior
3690 2858 4069 2931 ignominia.

2402 2962 2591 3033 Agite,
2625 2954 2911 3014 consulite
2944 2956 3004 3010 in
3055 2949 3320 3032 medium
3372 2950 3512 3023 quid
3551 2947 3925 3005 emendando
3978 2944 4075 2999 in-

2403 3051 2735 3114 commodo,
2772 3046 3165 3121 praecavendis
3199 3042 3255 3099 in
3288 3047 3592 3114 posterum
3633 3034 3869 3094 damnis
3903 3035 4073 3092 simi—

2403 3141 2583 3209 libus,
2617 3143 3013 3210 opportunum
3048 3136 3202 3190 factu
3226 3128 3534 3204 judicetis,
3567 3128 3844 3205 promite.
3880 3128 4073 3181 Erant

2404 3230 2598 3301 capita
2629 3225 2861 3283 consilii
2914 3223 3177 3296 quinque
3221 3240 3335 3295 prie
3383 3219 3606 3277 caeteris
3659 3218 3925 3273 illustres
3977 3232 4075 3288 ge-

2405 3325 2633 3376 starum
2664 3318 2821 3372 fama
2851 3329 3073 3376 rerum.
3098 3319 3153 3368 et
3185 3314 3351 3385 parta
3393 3312 3559 3365 etate
3610 3325 3677 3363 ac
3728 3306 3903 3377 longo
3959 3322 4075 3360 usu

2408 3406 2732 3482 prudentiae
2764 3404 3035 3476 opinione
3069 3402 3234 3458 clari.
3276 3406 3497 3456 Horum
3530 3398 3628 3469 qui
3662 3398 3891 3469 primus
3926 3392 4076 3450 forte

2404 3498 2774 3563 consederat,
2811 3494 2964 3565 regis
3024 3490 3349 3547 orationem
3409 3489 3492 3543 sic
3525 3488 3788 3557 excepit:
3848 3485 4069 3540 Docuit

2404 3587 2524 3642 haec
2548 3603 2653 3640 nos
2675 3583 2934 3639 incursio
2970 3598 3146 3654 quam
3176 3582 3383 3652 parum
3424 3577 3569 3633 tutis
3614 3580 3860 3631 utamur
3911 3572 4072 3628 sedi-

2403 3678 2537 3745 bus;
2572 3674 2735 3730 nulla
2764 3676 3026 3744 unquam
3074 3676 3163 3726 est
3213 3667 3501 3724 securitas
3544 3666 3601 3720 in
3658 3671 3777 3719 tam
3826 3664 4066 3718 infensa

2400 3766 2613 3821 vicinia
2643 3761 2953 3836 speranda.
2989 3759 3356 3816 l’lorentibus
3391 3758 3567 3813 rebus
3599 3751 3842 3819 nostris,
3887 3753 4061 3808 inco-

2400 3854 2546 3912 lumi
2577 3851 2857 3918 exercitu,
2890 3850 3138 3922 integris
3186 3847 3417 3919 opibus,
3461 3844 3554 3899 vix
3605 3860 3775 3915 pares
3834 3842 4067 3897 fuimus

2399 3944 2648 4001 insultui
2676 3943 2941 3998 nondum
2975 3937 3381 4010 spernentium
3407 3937 3533 3998 dos,
3568 3933 3821 3990 necdum
3858 3947 4068 4002 exper-

2402 4043 2590 4091 torum
2623 4032 2989 4088 debilitatem
3035 4033 3317 4084 nostram.
3353 4026 3413 4082 Si
3466 4027 3635 4079 nocte
3686 4021 4068 4092 insequente,

2401 4140 2679 4182 successu
2734 4122 2975 4185 feroces,
3027 4118 3182 4174 aucti
3245 4116 3482 4185 animis,
3544 4112 3756 4183 majori
3814 4127 4068 4165 numero

2402 4212 2753 4283 ingruerint,
2787 4210 2928 4281 quid
2962 4206 3226 4264 futurum
3259 4207 3357 4275 sit,
3417 4204 3617 4260 horret
3676 4200 3916 4255 animus
3985 4201 4070 4253 in-

2402 4304 2655 4360 formare
2686 4300 3016 4372 cogitando.
3050 4298 3298 4353 Utamur
3331 4311 3541 4350 censeo
3597 4290 3887 4347 beneficio
3949 4289 4066 4343 diei

2401 4410 2529 4465 quae
2563 4392 2688 4447 sola
2717 4390 2939 4445 cladem
2974 4394 3288 4443 extremam
3322 4382 3506 4440 nostri
3539 4380 3773 4453 generis
3823 4379 4068 4433 interci-

2402 4483 2508 4554 pit;
2559 4479 2837 4549 reliquias
2884 4481 3095 4531 tenues
3150 4478 3384 4529 tantum
3432 4487 3544 4525 non
3605 4467 3807 4522 deletes
3863 4466 4066 4537 gentis

2401 4572 2461 4626 in
2493 4570 2688 4626 locum
2742 4566 3147 4631 munitiorem,
3200 4565 3491 4618 remotum
3538 4558 3609 4612 ab
3644 4556 3835 4621 hoste,
3871 4572 3963 4623 ac,
4019 4554 4070 4608 si

2402 4662 2528 4717 ﬁeri
2565 4664 2773 4731 potest,
2803 4658 3071 4729 ignotum
3107 4654 3275 4726 ipsis,
3335 4650 3765 4707 transferamus
3798 4664 3811 4702 :
3877 4648 4071 4701 fracta

2399 4752 2638 4820 virtute,
2673 4768 2790 4806 una
2822 4766 2957 4821 spes
2982 4746 3192 4803 salutis
3227 4743 3285 4799 in
3322 4744 3461 4815 fuga
3512 4747 3745 4795 matura
3770 4741 3875 4793 est.
3938 4737 4069 4792 Dixi

2405 4844 2545 4917 quid
2571 4843 2845 4899 sentiam.

2474 4939 2542 4991 ΙΙ.
2579 4939 2696 4989 Ηοο
2727 4932 2809 4988 ita
2838 4933 3033 4987 locuto
3067 4928 3259 5002 surgit
3288 4923 3373 4982 illi
3425 4924 3751 4998 proximus,
3794 4926 3853 4977 et
3890 4918 4067 4976 vultu

2402 5028 2679 5097 sedatior,
2720 5027 3028 5090 Extremas,
3088 5021 3303 5094 inquit,
3353 5015 3782 5090 desperationis
3842 5016 4069 5071 intem-

2402 5117 2692 5191 pestivum
2754 5114 3093 5170 audivimus
3152 5108 3511 5175 consilium;
3573 5105 3871 5173 nondum,
3932 5123 4068 5177 quae

2403 5208 2590 5281 gratia
2619 5205 2820 5261 divum
2852 5209 2963 5272 est,
2997 5220 3063 5259 eo
3096 5194 3237 5257 sunt
3266 5199 3378 5255 loci
3410 5214 3501 5253 res
3534 5202 3747 5252 nostra:
3787 5198 4069 5252 redactae.

2404 5298 2661 5353 Furtone
2692 5313 2808 5351 uno
2840 5291 3255 5365 impressionis
3286 5292 3583 5344 nocturnae
3631 5291 3688 5342 et
3737 5286 4069 5358 improviso

2405 5386 2633 5444 assultu
2664 5383 3027 5441 debellatum
3059 5381 3164 5437 sit?
3181 5379 3281 5435 vili
3301 5378 3616 5436 vendimus
3647 5381 3704 5432 et
3736 5378 3995 5448 patriam
4014 5381 4072 5433 et

2404 5478 2623 5533 famam
2656 5493 2758 5547 pro
2783 5474 2999 5547 quibus
3029 5473 3208 5528 fortes
3239 5485 3447 5525 omnes
3468 5482 3735 5523 cruorem
3753 5472 3813 5520 et
3844 5467 4069 5537 quaevis

2403 5572 2664 5624 extrema
2712 5565 3112 5637 paciscuntur.
3178 5561 3339 5616 State
3398 5557 3636 5623 animis,
3680 5555 3891 5613 cives:
3949 5574 4066 5611 non

2404 5658 2527 5714 acie
2582 5673 2793 5712 sumus
2844 5654 3005 5721 victi,
3065 5652 3165 5707 sed
3225 5648 3559 5705 velitatione
3617 5663 3829 5719 parum
3892 5646 4067 5702 nobis

2403 5765 2685 5823 prospera
2714 5746 2943 5803 tentati.
2979 5744 3196 5801 Multas
3253 5740 3630 5808 offensiones,
3680 5737 3862 5793 etiam
3920 5755 4063 5811 gra-
