4248 6442
172 401 317 457 1309

1190 408 1550 461 cpnomen
1590 388 1990 461 sarisam:
2027 392 2356 462 iaooaum
2396 410 2555 461 vs'r.

3437 389 3579 448 4310

173 528 385 597 viores,
435 530 587 593 belli,
642 532 961 586 succedens
1007 532 1238 585 fortuna
1286 530 1492 585 melior
1545 529 1813 586 correxit.
1847 513 1898 597 Α
1931 537 2037 586 est.
2080 533 2274 603 Cavet,
2331 531 2554 602 vigilat,
2617 531 2951 602 procinctus
3007 532 3121 581 stat
3180 526 3252 580 ad
3308 522 3419 575 vim
3473 521 3574 591 qui

182 619 553 673 Instruamus
586 619 924 683 exercitum,
954 620 1303 691 prodeamus
1354 620 1473 673 acie
1514 621 1822 690 quadrata,

184 724 569 778 provocemus
604 714 850 764 noctuas
881 710 938 763 in
997 709 1283 779 praelium.
1322 709 1404 763 lbi
1438 724 1569 762 vera
1616 707 1830 763 virtute

184 803 462 851 cernetur
484 796 576 851 cui
610 797 755 869 parti
787 798 1088 852 victoriam
1123 798 1316 866 superi
1359 798 1644 863 annuant,
1700 802 1831 852 utra

184 892 419 957 praestet
486 886 577 940 via
645 885 871 941 bellica.
952 887 1010 941 Si
1080 887 1389 952 vincimus,
1452 885 1830 941 restituemus

184 976 633 1046 rempublicam,
665 976 955 1029 maculam
994 976 1262 1030 eluemus
1294 976 1594 1030 dedecoris
1626 976 1829 1041 inusti;

184 1066 230 1119 si
265 1065 407 1135 quid
442 1082 610 1119 secus
630 1064 1129 1134 asciderit,tamen
1156 1061 1313 1117 laudi
1338 1065 1447 1119 erit
1471 1066 1622 1135 apud
1653 1067 1833 1119 bonos

186 1154 470 1208 fortitudo
520 1153 759 1220 infelix;
812 1159 868 1208 et
918 1154 1069 1222 quod
1135 1152 1337 1207 multis
1402 1154 1557 1207 fama
1606 1152 1834 1225 inclytis

183 1242 452 1312 contigit,
486 1241 704 1296 honore
753 1242 975 1312 integro
1010 1243 1179 1296 marti
1213 1243 1456 1295 adverso
1485 1243 1834 1296 succumbe—

188 1332 345 1385 mus.
382 1331 503 1385 Mea
528 1347 662 1401 ergo
695 1331 816 1385 haec
849 1337 937 1385 est
980 1332 1314 1397 sententia;
1377 1332 1714 1385 haerendum
1778 1331 1834 1383 in

182 1412 333 1487 loco,
384 1419 702 1474 obtinenda
775 1420 1020 1489 vestigia
1086 1421 1400 1490 majorum,
1455 1419 1835 1489 ignominiam

184 1508 373 1562 exsilii
408 1506 561 1562 haud
598 1508 1078 1564 consciscendam
1105 1508 1282 1574 ultro,
1305 1525 1538 1564 summa
1570 1509 1618 1563 vi
1657 1526 1837 1579 quan-

186 1597 378 1651 tocius
427 1597 761 1651 conandum
816 1597 1041 1652 cladem
1099 1596 1255 1653 hosti
1309 1614 1607 1668 reponere.
1661 1596 1837 1652 'l‘ertii

191 1690 323 1757 post
352 1686 459 1740 hos
492 1687 786 1741 contraria
807 1686 1040 1757 utrique
1073 1687 1181 1741 fuit
1203 1686 1388 1741 oratio
1423 1687 1477 1741 in
1503 1687 1623 1742 haec
1645 1687 1835 1741 verba:

189 1779 306 1845 Ego
360 1791 467 1828 nec
533 1775 727 1844 fugam
784 1780 1049 1845 turpem,
1106 1792 1210 1830 nec
1270 1792 1525 1846 praeceps
1574 1775 1835 1847 praelium

1938 620 2188 689 metuit;
2226 620 2590 675 indormiens
2634 619 2855 690 supina:
2919 616 3163 680 liducirc,
3222 611 3575 684 opprimitur

1935 708 2195 779 impune.
2256 708 2540 765 Caeterum
2601 709 2871 778 princeps
2938 704 3169 776 sapiens
3229 702 3298 756 ad
3356 698 3572 754 bellum

1934 801 2079 852 tunc
2112 803 2339 852 tantum
2392 797 2629 869 appellit
2680 797 2963 859 animum,
3013 792 3243 862 quando
3289 790 3402 845 alia
3462 804 3575 841 non

1938 889 2202 957 suppetit
2234 886 2378 942 ratio
2437 885 2771 956 reipublicae
2804 885 3052 938 tuenda).
3092 882 3254 935 Luxu
3312 877 3424 933 cibi
3481 880 3582 931 aut

1939 981 2125 1030 vestes
2158 981 2608 1044 consumuntur,
2638 974 2773 1028 ludo
2806 972 2941 1027 alea:
2968 971 3349 1043 profligantur
3410 983 3580 1021 num-

1941 1064 2255 1133 mi,Martis
2288 1065 2779 1119 damnosissimus
2806 1068 3095 1117 mercatus
3128 1065 3252 1125 est;
3292 1054 3583 1126 impendio

1941 1153 2269 1208 animarum
2316 1154 2394 1207 ibi
2441 1154 2636 1209 omnia
2692 1156 2989 1207 emuntur.
3046 1149 3296 1203 Tacebat
3354 1148 3589 1200 senator

1945 1247 2076 1314 post
2105 1245 2223 1298 haec
2254 1243 2432 1308 dicta,
2494 1242 2655 1311 quasi
2713 1244 3063 1312 perorasset,
3125 1236 3359 1307 quando
3420 1234 3587 1288 illum

1944 1333 2181 1387 intuens
2214 1348 2329 1386 rex.
2368 1331 2425 1385 Si
2452 1331 2693 1397 bellum,
2728 1330 2938 1400 inquit,
2963 1329 3083 1399 geri
3119 1324 3440 1396 vetas,quid
3468 1322 3591 1377 fieri

1945 1422 2157 1477 suades
2180 1422 2206 1475 ‘I
2232 1422 2295 1475 Et
2326 1421 2673 1490 ille,Suadeo
2699 1420 2826 1485 tibi,
2859 1420 3077 1489 optime
3120 1434 3215 1469 rex
3265 1416 3365 1481 ait,
3407 1413 3590 1467 consi-

1946 1510 2022 1565 lia
2070 1511 2368 1581 exquirere
2426 1508 3019 1580 sapientissimorum.
3095 1505 3298 1560 Umuis
3340 1502 3585 1573 publica

1945 1610 2049 1673 rei,
2082 1609 2337 1663 maxime
2366 1625 2498 1663 vero
2541 1607 2835 1673 militaris,
2872 1622 3005 1677 spes
3033 1609 3088 1659 et
3129 1602 3275 1657 ratio
3312 1598 3584 1655 consilio-

1947 1714 2074 1752 rum
2102 1699 2351 1753 sanitate
2382 1697 2753 1762 continetur;
2782 1697 2991 1750 mentis
3024 1710 3200 1765 quam
3226 1707 3436 1746 manus
3458 1688 3588 1744 effi-

1946 1786 2136 1841 cacior
2192 1803 2367 1857 opera
2412 1786 2468 1840 in
2530 1785 2699 1840 bellis
2748 1790 2855 1849 est,
2911 1784 3162 1855 plusque
3210 1781 3279 1835 ad
3340 1776 3590 1833 victoriae

188 1861 481 1918 suaserim
519 1864 727 1934 ἶρτίυε
760 1863 968 1917 horum
1024 1869 1246 1919 certum
1302 1864 1474 1918 habet
1536 1864 1837 1935 PPObmm,
1871 1886 1917 1952 Β
1949 1892 2288 1931 successum
2328 1875 2597 1930 consulta
2649 1874 3023 1946 prudentium
3075 1886 3251 1942 quam
3308 1882 3591 1923 numerus

186 1954 400 2025 ingens
428 1953 887 2019 incommodum,
915 1955 1171 2009 fructum
1225 1955 1513 2008 incertum
1546 1973 1560 2021 ;
1589 1954 1840 2009 alterum

186 2043 501 2119 temeritati
536 2043 711 2097 affine
761 2043 857 2098 sit.
920 2044 1113 2097 Media
1167 2043 1356 2114 placet
1402 2043 1497 2097 via
1551 2045 1840 2097 tentandae

187 2133 369 2202 pacis.
405 2132 720 2187 Mittendos
752 2132 1031 2187 continuo
1082 2120 1150 2187 ad
1188 2132 1412 2187 hostem
1469 2149 1601 2186 cum
1657 2132 1840 2187 cadu-

184 2226 434 2288 ceatore,
469 2222 754 2276 tractandi
790 2223 1006 2292 peritos
1032 2222 1258 2291 judico.
1307 2223 1519 2276 Ferant
1549 2221 1608 2274 bi
1640 2238 1839 2276 secum

190 2328 461 2375 munera,
494 2312 704 2381 quibus
736 2316 792 2365 et
824 2328 1019 2381 regem
1049 2318 1103 2366 et
1139 2312 1328 2383 gentis
1372 2329 1638 2383 proceres
1695 2312 1839 2366 deli-

194 2401 779 2455 niant.Exarmantur
811 2403 905 2454 ira:
928 2402 1271 2471 plerumque
1300 2402 1839 2465 submissisverbis,

192 2508 337 2545 auro
360 2507 491 2544 vero
513 2490 834 2561 expugnari
870 2491 1142 2544 ferociam
1178 2490 1549 2560 quantamvis
1580 2491 1845 2561 exempla

191 2580 252 2634 in
282 2582 554 2651 promptu
586 2584 737 2633 sunt.
772 2578 919 2641 Quin
971 2579 1019 2632 si
1054 2579 1241 2650 pactio
1286 2596 1481 2633 annua
1516 2578 1732 2649 tributi
1772 2580 1842 2633 ad

193 2668 641 2723 conventionem
676 2668 1028 2738 requiratur,
1054 2666 1381 2722 cedendum
1410 2672 1673 2737 putarem
1698 2673 1843 2721 tem-

193 2758 363 2830 pori;
401 2757 620 2812 multas
650 2758 825 2811 etiam
856 2756 1162 2811 bellicosas
1186 2762 1386 2826 gentes
1409 2757 1629 2811 scimus
1652 2757 1846 2811 dubiis

193 2848 323 2902 suis
357 2848 531 2901 rebus
546 2846 864 2916 precariam
884 2846 1371 2916 tranquillitatem
1387 2845 1689 2916 vectigalis
1714 2863 1846 2917 pen-

192 2936 469 2991 sitatione
503 2934 855 2999 redemisse;
892 2933 1154 2989 dandum
1187 2935 1740 3005 redeundispatium
1759 2940 1848 2990 est

192 3026 441 3080 fortunae
465 3024 711 3087 meliori,
772 3040 1020 3079 summae
1067 3023 1305 3077 interim
1354 3040 1548 3078 rerum
1610 3040 1846 3094 quoquo

192 3116 366 3169 modo
385 3113 1083 3178 consulatur.Quartusin
1105 3112 1260 3167 hunc
1286 3114 1525 3167 modum
1547 3113 1843 3168 disseruit:

1950 1965 2218 2033 militum,
2251 1966 2409 2033 vigor
2444 1964 2999 2035 corporum,robora
3033 1961 3329 2031 legionum
3382 1956 3589 2011 confe-

1948 2060 2105 2109 runt.
2138 2054 2463 2111 Consilium
2519 2071 2677 2125 ergo,
2740 2070 2853 2107 rem
2908 2066 3137 2106 summe
3198 2045 3588 2103 necessariam

1946 2144 2055 2199 hoc
2088 2144 2332 2198 articulo
2365 2144 2577 2215 negotii
2615 2141 2890 2213 perplexi,
2924 2157 3053 2195 cum
3090 2132 3589 2209 postules,negari

1949 2248 2096 2285 ame
2130 2231 2291 2285 nefas
2350 2231 2445 2284 sit.
2506 2231 2665 2293 Quod
2718 2233 2909 2283 autem
2970 2244 3034 2281 eo
3096 2224 3326 2279 nomine
3385 2235 3591 2292 sugge-

1948 2321 2193 2374 rendum
2254 2320 2310 2373 in
2374 2324 2625 2374 mentem
2696 2317 2967 2380 occurrit,
3050 2332 3159 2368 non
3238 2317 3326 2366 est
3395 2315 3583 2364 totum

1949 2409 2261 2478 ejusmodi,
2300 2414 2360 2461 ut
2394 2408 2633 2478 proferri
2667 2423 2859 2462 Curam
2895 2404 3091 2464 multis
3124 2404 3350 2456 debeat.
3403 2406 3591 2465 Quare

1951 2504 2081 2551 utar
2106 2498 2618 2568 partitione,atque
2651 2496 2757 2550 huc
2773 2494 3009 2567 quidem
3048 2493 3236 2563 palam
3260 2490 3368 2543 aio:
3389 2504 3594 2559 quem-

1949 2588 2261 2641 admodum
2278 2587 2431 2642 ultro
2451 2587 2740 2641 assentior
2756 2586 2805 2638 ei
2827 2584 2920 2652 qui
2940 2580 3322 2653 primusdixit
3340 2596 3452 2632 non
3469 2594 3599 2631 esse

1952 2676 2118 2730 nobis
2152 2676 2519 2731 conducibile
2554 2675 2792 2742 bellare,
2837 2673 2917 2727 ita
2968 2674 3213 2743 probare
3264 2685 3485 2737 nequeo
3535 2666 3591 2719 id

1950 2767 2099 2835 quod
2125 2766 2219 2835 qui
2241 2766 2407 2820 tertio
2422 2770 2693 2836 etquarto
2709 2765 2831 2817 loco
2846 2764 3040 2817 dixere
3062 2759 3595 2828 suadent,subeun-

1951 2858 2080 2909 (iam
2116 2856 2499 2909 conditionem
2538 2854 2740 2908 tributi
2783 2852 2983 2921 annui,
3032 2853 3237 2907 saltem
3288 2847 3591 2916 moderati,

1953 2952 2243 3024 pzrndendi
2276 2954 2529 3008 noctuis.
2564 2954 2878 3007 Genustest
2924 2949 3221 3005 servitutis
3281 2944 3591 3001 tributaria

1952 3044 2159 3112 pactio,
2194 3043 2264 3097 ad
2302 3056 2475 3113 quam
2507 3042 2634 3097 ideo
2676 3058 2818 3112 gens
2878 3041 3078 3107 libera,
3134 3043 3189 3093 et
3247 3038 3375 3107 ejus
3434 3035 3592 3106 prin-

1949 3150 2105 3203 ceps,
2139 3148 2204 3187 eo
2236 3132 2452 3202 dignus
2485 3132 2741 3202 fastigio,
2768 3146 3064 3200 nunquam
3097 3128 3208 3182 nisi
3252 3125 3595 3181 necessitate

189 3204 309 3274 E80
363 3218 519 3311 vero)
541 3220 571 3256 ⁸
602 3198 893 3311 legauit?
927 3203 995 3255 de
1024 3220 1140 3272 qua
1185 3202 1443 3272 βτοκίωθ
1475 3204 1697 3311 diei-5:1}
1730 3208 1837 3272 θεῖ,
1872 3246 1913 3311 C
1955 3198 2198 3276 adactus
2231 3198 2437 3275 ultima
2467 3198 3095 3275 desce—ndatBeneﬁcio
3124 3220 3296 3271 deum
3334 3216 3593 3271 nondum

188 3292 563 3347 decernenda
617 3308 731 3346 non
757 3292 1065 3355 abhorreo,
1090 3308 1295 3346 censeo
1326 3297 1524 3346 tamen
1557 3292 1837 3346 adhiben-

188 3383 335 3435 dum
370 3382 610 3435 modum
661 3386 715 3434 et
774 3381 1044 3451 precibus
1096 3386 1152 3434 et
1210 3381 1403 3449 donis,
1437 3387 1502 3435 ut
1556 3381 1666 3435 illae
1729 3399 1843 3437 non

192 3470 449 3525 nimium
479 3468 757 3535 humiles,
794 3470 911 3523 haec
950 3469 1177 3524 modica
1211 3470 1417 3524 sintzin
1451 3487 1566 3541 quo
1604 3476 1845 3541 utroque

191 3559 511 3614 dexteritas
542 3558 713 3627 legali
739 3560 1077 3628 requiritur.
1114 3559 1316 3613 Gravis
1363 3562 1493 3629 ejus
1536 3562 1615 3615 sit
1659 3560 1843 3615 oratio

190 3656 251 3703 et
284 3649 474 3713 fortis,
523 3655 740 3703 metum
798 3649 1205 3714 dissimulans,
1267 3650 1682 3705 confidentiam
1744 3668 1843 3705 os-

180 3745 463 3796 tentans:
500 3740 727 3808 abjecte
759 3738 1057 3811 supplices
1093 3740 1211 3795 alta
1256 3741 1572 3812 supercilia
1601 3743 1839 3797 concul-

181 3834 385 3893 cant,a
417 3844 628 3899 magna
660 3828 811 3883 ultro
845 3830 1245 3883 deferentibus
1294 3831 1516 3899 majora
1572 3830 1842 3901 flagitan-

179 3928 299 3973 tur.
336 3918 587 3972 Pecunia
620 3918 839 3987 ingenti
878 3934 990 3972 non
1025 3931 1143 3972 tam
1181 3935 1292 3989 pax
1325 3919 1637 3983 redimitur
1666 3932 1839 3990 quam

177 4009 253 4063 ad
316 4006 717 4078 Oppressionis
777 4006 1085 4061 audaciam
1156 4007 1353 4062 hostes
1424 4009 1837 4074 instruuntur;

178 4098 397 4167 exigua
429 4097 513 4150 sic
544 4096 793 4149 victores
813 4095 1038 4165 delinit,
1064 4101 1128 4150 ut
1160 4096 1343 4151 victos
1368 4114 1478 4151 non
1513 4097 1837 4154 exhauriat.

180 4185 771 4240 Plusfacitinterdum
806 4184 1116 4239 dimidium
1142 4202 1317 4255 quam
1344 4191 1530 4241 totum
1552 4204 1562 4241 :
1588 4188 1841 4259 utvirgaa

176 4278 248 4331 ad
268 4275 454 4330 solem
471 4275 682 4329 stantis
708 4275 937 4329 modica
974 4275 1203 4329 inﬂexio
1231 4277 1500 4330 umbram
1534 4278 1840 4346 auget,im-

179 4366 416 4421 modica
438 4366 1000 4421 consumit.Summa
1033 4365 1154 4420 haec
1182 4372 1241 4420 et
1291 4381 1431 4420 mets
1492 4368 1793 4422 sententiae
1824 4385 1835 4423 :

176 4473 287 4511 nec
322 4455 708 4510 recusandam
729 4454 931 4508 tributi
954 4454 1484 4522 conditionem,nec
1510 4456 1643 4511 belli
1666 4474 1838 4527 appa-

175 4552 377 4601 ratum
455 4542 864 4612 omittendum,
945 4542 1231 4598 librandis
1304 4546 1617 4615 prudentia
1685 4548 1835 4601 inter

174 4642 497 4704 utramque
514 4632 923 4688 necessitatem
948 4634 1266 4688 momentis
1292 4634 1541 4706 publica:
1564 4636 1827 4690 fortunae.

248 4760 351 4816 III.
384 4760 637 4824 Quintus
668 4760 752 4814 sic
783 4775 1022 4814 exorsus
1045 4764 1133 4814 est
1168 4778 1179 4814 :
1212 4760 1339 4815 Non
1363 4778 1681 4831 possumus
1712 4760 1829 4815 bel-

175 4853 302 4908 lum
338 4865 537 4921 gerere
576 4865 709 4903 cum
746 4849 998 4916 noctuis,
1042 4850 1255 4920 Opibus
1307 4851 1390 4904 bm
1432 4850 1721 4920 siquidem
1774 4854 1830 4905 et

172 4941 439 5014 potentia
498 4937 666 5007 longe
724 4938 895 4992 nobis
940 4944 1254 5009 praestant;
1302 4941 1400 5011 qui
1462 4956 1615 5003 vero,
1672 4940 1826 4994 haud

171 5036 332 5087 recte
358 5030 649 5084 subducta
682 5028 1047 5099 prepriarum
1076 5028 1307 5083 ratione
1346 5030 1583 5097 virium,
1615 5035 1829 5085 temere

168 5120 447 5177 fortiores
506 5117 763 5185 lacessit,
824 5116 1083 5187 seipsum
1145 5117 1403 5189 jugulat,
1466 5136 1535 5173 ne
1612 5118 1827 5173 laedens

168 5210 419 5284 quidem
470 5206 857 5262 adversarios.
907 5202 1118 5278 Magna
1186 5225 1318 5278 pars
1374 5213 1463 5262 est
1510 5209 1826 5276 prudentiae

169 5318 289 5357 non
326 5294 947 5361 contemnerehostem
986 5314 998 5363 ;
1051 5313 1154 5351 nec
1184 5296 1405 5351 nullam
1434 5298 1576 5351 forte
1603 5304 1822 5368 partem

166 5392 350 5445 habet
390 5387 447 5440 in
500 5402 678 5441 causa
735 5384 921 5439 cladis
976 5391 1145 5440 nocte
1204 5388 1491 5455 przeterita
1550 5393 1823 5459 acceptae,

167 5477 329 5552 quod
384 5478 632 5530 noctuas
678 5490 882 5544 parum
934 5491 1103 5544 posse
1155 5475 1564 5530 credebamus.
1622 5476 1823 5531 Timeo

162 5568 445 5642 equidem
475 5570 530 5618 et
561 5580 793 5634 semper
827 5564 993 5618 timui
1046 5564 1511 5635 qualemcunque
1549 5566 1821 5620 adversa-

165 5661 353 5725 rium,
408 5654 729 5727 praesertim
786 5653 833 5707 si
887 5649 1063 5725 prope
1096 5655 1211 5719 sit;
1273 5664 1378 5709 nec
1424 5655 1673 5725 ignavus
1732 5658 1823 5713 hic

165 5754 409 5816 metus;
442 5745 541 5801 sed
576 5759 865 5815 generosae
907 5735 1239 5801 secaritatis
1293 5762 1535 5817 promus
1595 5746 1819 5805 condus

1952 3329 2017 3366 eo
2051 3312 2174 3367 loco
2210 3328 2297 3367 res
2332 3316 2545 3366 nostra:
2568 3316 2729 3376 sunt,
2765 3316 2829 3365 ut
2882 3326 3158 3366 excusare
3216 3308 3368 3378 apud
3432 3307 3590 3359 fama:

1942 3401 2233 3472 judicium
2266 3400 2567 3472 possimus
2607 3400 2992 3470 abjectionem
3052 3395 3410 3452 inflectendaa
3469 3410 3590 3447 cer-

1950 3491 2088 3545 vicis
2120 3491 2468 3561 subjugurn
2519 3491 2663 3545 adeo
2722 3490 3094 3560 probrosum.
3152 3490 3328 3557 Atque
3380 3485 3437 3539 in
3496 3483 3588 3537 his

1947 3582 2197 3652 duobus,
2230 3583 2487 3650 domine,
2519 3588 2674 3636 stare
2702 3587 2756 3635 te
2807 3582 2984 3635 fixum
3039 3585 3093 3634 et
3152 3575 3589 3632 irrevocabilem

1948 3689 2242 3742 cuperem;
2274 3688 2404 3727 nam
2440 3671 2542 3742 qui
2576 3676 2816 3726 ﬂuctuat
2864 3669 3007 3725 nihil
3058 3669 3311 3740 expedit,
3354 3670 3589 3721 contra-

1947 3762 2164 3815 riarum
2201 3762 2816 3827 sententiarum,inter
2846 3777 2993 3831 quas
3013 3761 3267 3813 incertus
3294 3756 3595 3811 conllicta-

1945 3852 2289 3917 tur,damna
2316 3850 2564 3905 incurrit
2596 3866 2698 3904 nec
2733 3848 2982 3921 percipit
3013 3847 3591 3907 commoda.(l;etcra,

1947 3968 2074 4021 quae
2107 3950 2384 4020 posthaec
2416 3949 2601 4004 habeo
2633 3950 3031 4020 proponenda,
3070 3961 3364 4001 secessum
3399 3948 3453 3998 et
3499 3960 3592 3997 se-

1944 4045 2169 4094 cretum
2206 4038 2466 4109 exigunt.
2504 4039 2751 4093 Eflatum
2804 4051 2894 4093 est
2947 4037 3283 4108 sapientum
3325 4039 3586 4089 veterum

1944 4146 2108 4200 rcges
2140 4129 2289 4183 effici
2316 4135 2580 4183 votorum
2607 4132 2902 4199 compotes
2918 4124 3428 4181 administratione
3443 4123 3588 4193 opti-

1946 4236 2039 4273 ma
2100 4235 2112 4273 :
2173 4217 2747 4273 administrationem
2807 4216 3090 4288 Optimam
3146 4232 3214 4269 ex
3275 4212 3582 4283 multiplici

1942 4309 2222 4363 exsistere
2253 4306 2496 4362 consilio
2530 4326 2543 4374 ;
2574 4306 2989 4371 consilium,ut
3020 4308 3583 4376 unguentum,eate-

1944 4414 2054 4451 nus
2083 4397 2331 4467 probum
2358 4412 2508 4465 esse,
2551 4396 2743 4465 quoad
2803 4399 3020 4449 tectum
3072 4396 3339 4448 teneatur
3387 4391 3446 4445 in
3496 4408 3583 4444 ar-

1940 4486 2161 4540 canozsi
2190 4486 2567 4556 exspiraverit
2607 4485 2922 4539 evanescit.
2958 4486 3184 4538 Arcana
3214 4481 3460 4537 consilia
3491 4498 3590 4536 scx

1864 4605 1908 4667 D
1947 4576 2111 4629 rimis
2143 4592 2417 4630 emanare
2452 4576 2508 4628 in
2543 4575 2812 4629 notitiam
2838 4579 3116 4644 possunt:
3142 4574 3589 4641 autejusenun-

1944 4665 2299 4735 tiatiouequi
2332 4666 2682 4719 sententiam
2715 4663 3074 4734 rogavit,aut
3104 4679 3302 4716 eorum
3356 4662 3585 4715 confes-

1942 4754 2105 4808 sione
2127 4754 2223 4825 qui
2261 4754 2708 4825 responderunt,
2734 4758 2834 4806 aut
2886 4751 3293 4806 ministrorum
3340 4767 3583 4805 exsecu-

1941 4843 2082 4897 tioni
2116 4843 2519 4915 praefectorum
2546 4840 2915 4911 loquacitate,
2958 4846 3061 4896 aut
3093 4841 3415 4911 legatorum
3452 4840 3580 4910 qui-

1942 4935 2053 4987 bus
2108 4948 2272 4987 mens
2323 4931 2602 5002 principis
2637 4930 2963 4985 necessario
3008 4930 3287 4994 creditur,
3348 4930 3584 5000 garrula

1940 5029 2255 5102 prurigine,
2282 5035 2383 5083 aut
2411 5029 2708 5100 sagacium
2762 5029 3120 5094 conjecturis
3170 5028 3269 5100 qui
3318 5044 3347 5083 e
3402 5030 3582 5083 vesti—

1938 5121 2048 5189 giis
2080 5120 2266 5188 palam
2312 5124 2575 5173 actorum
2610 5117 2761 5173 clam
2806 5117 3074 5173 consulta
3122 5120 3465 5189 odorantur,
3487 5123 3588 5173 aut

1938 5210 2191 5280 denique
2216 5208 2542 5263 temerariis
2568 5207 2812 5277 judiciis
2861 5209 3180 5263 otiosorum
3226 5209 3586 5277 incomperta

1938 5300 2199 5354 divinare
2238 5299 2597 5367 conantium,
2649 5299 2790 5352 dum
2839 5315 2977 5353 casu
3036 5298 3214 5368 (quod
3280 5302 3345 5352 tit
3403 5298 3581 5353 inter-

1936 5391 2099 5459 dum)
2147 5388 2205 5443 in
2260 5405 2457 5442 verum
2534 5388 2861 5443 incurrunt.
2929 5389 3097 5442 Porro
3157 5387 3427 5458 princeps
3478 5389 3576 5459 qui

1935 5497 2053 5534 sua:
2088 5478 2301 5532 mentis
2334 5494 2612 5531 arcanum
2664 5476 2982 5531 inviolabili
3034 5476 3243 5531 secreti
3298 5477 3578 5549 religione

1937 5570 2229 5622 munitum
2264 5567 2509 5633 obtinet;
2545 5566 2836 5637 duplicem
2873 5584 2941 5621 ex
2986 5584 3051 5621 eo
3109 5567 3419 5621 utilitatem
3470 5568 3581 5622 col-

1935 5658 2062 5727 ligit
2088 5674 2098 5712 :
2128 5674 2262 5712 nam
2296 5661 2352 5711 et
2385 5674 2495 5711 non
2531 5658 2753 5728 patitur
2782 5657 3087 5711 obstacula
3108 5659 3457 5728 Oppouenda
3481 5675 3581 5728 per

1933 5747 2219 5815 conscios,
2249 5747 2553 5816 victorque
2584 5747 2721 5801 inde
2752 5748 3053 5817 propositi,
3089 5762 3366 5803 successu
3399 5748 3577 5803 desti-
