4248 6442
666 393 792 447 1311

2170 390 2552 444 APPENDIX.

3931 392 4066 445 1312

665 526 932 572 natorum
972 518 1025 570 in
1062 517 1191 569 sinu
1228 516 1487 585 gaudet;
1523 515 1645 569 etsi
1699 514 1832 583 quis
1892 528 2064 565 casus
2124 512 2300 568 inter-
2334 517 2383 580 Α
2418 531 2590 586 quem
2654 530 2853 568 eorum
2916 516 3242 570 cervicibus
3308 515 3606 587 imponere
3676 517 4063 583 meditemini,

664 607 1218 667 vertet-itcll'ectum,
1268 610 1473 675 prmter
1531 620 1707 673 quam
1769 618 1838 655 ne
1890 607 2015 654 tum
2075 602 2311 671 quidem

664 695 897 749 debebit
929 694 1247 747 ludibrium
1285 692 1475 763 vulgo,
1510 691 1751 744 irridere
1783 694 2005 745 tentata
2063 706 2175 743 non
2210 706 2313 760 pa-

656 788 886 836 trantcs
909 780 1102 847 solito,
1138 780 1460 835 lucrifacict
1489 778 1665 833 etiam
1700 778 1827 831 edia
1858 793 2057 831 eorum
2084 778 2139 831 in
2165 794 2312 848 quos

667 872 971 927 machinas
1002 871 1348 936 intenderat,
1383 870 1482 940 qui
1505 869 1553 922 si
1580 873 1824 923 nossent
1872 867 2013 937 quid
2042 866 2100 921 in
2150 868 2311 938 ipsos

663 962 948 1030 parasset,
984 958 1101 1012 iras
1154 973 1341 1027 usque
1385 956 1441 1009 in
1501 957 1753 1009 furorem
1816 954 2132 1008 irritarent.
2184 953 2308 1008 Non

662 1050 833 1103 debet
863 1052 1055 1102 autem
1113 1047 1303 1116 pigere
1341 1045 1662 1116 principem
1725 1046 1864 1099 dare
1915 1059 2115 1097 aurem
2169 1061 2306 1115 sug-

659 1156 858 1209 gerere
889 1138 1189 1209 quidpiam
1226 1154 1436 1191 arcano
1484 1134 1854 1200 volentibus;
1913 1150 2048 1187 nam
2108 1132 2307 1203 quale-

660 1245 893 1299 cunque
962 1228 1014 1280 id
1077 1228 1311 1281 demum
1372 1226 1470 1292 sit,
1516 1240 1865 1295 cognoscere
1920 1223 2061 1292 quid
2117 1227 2305 1290 nocet,

660 1318 813 1388 quod
876 1315 1100 1385 rejiciat
1153 1332 1256 1385 pro
1315 1314 1554 1368 arbitrio
1614 1313 1661 1367 si
1716 1314 1931 1367 bonum
1985 1329 2098 1367 non
2161 1313 2307 1367 est?

660 1406 904 1460 Acuitur
934 1410 1211 1476 praeterea
1242 1420 1404 1458 mens
1436 1404 1563 1473 ejus
1594 1402 1710 1457 ista
1762 1401 2179 1471 dijudicatione
2210 1418 2306 1455 va-

660 1496 881 1549 riorum
916 1510 1224 1557 sensuum,
1265 1498 1323 1547 et
1370 1490 1686 1546 auctoritas
1735 1495 1913 1560 atque
1953 1490 2305 1545 existimatio

658 1584 968 1638 firmantur
998 1582 1109 1637 isto
1142 1581 1492 1637 commercio
1523 1585 1879 1635 secretorum
1894 1581 2049 1651 apud
2070 1579 2304 1650 vulgus,

659 1672 945 1744 quidquid
981 1689 1095 1726 non
1126 1670 1404 1740 intelligit
1436 1670 1825 1738 admirans,et
1853 1669 2009 1739 quod
2044 1669 2302 1723 admira-

657 1768 755 1817 tur
784 1760 948 1815 facile
981 1776 1261 1814 venerans
1296 1776 1309 1825 ;
1343 1758 1484 1829 quin
1530 1757 1683 1812 idem
1734 1758 1926 1828 ipsum
1988 1757 2302 1812 terribilem

2418 603 2913 670 dominoPMitto,
2951 605 3214 673 inquam,
3250 604 3390 672 hmo,
3433 610 3638 660 vestrae
3683 623 3784 676 per
3841 624 3906 661 se
3937 608 4066 660 ani-

2419 692 2836 745 madvertenda
2859 692 3233 762 providentiae
3253 694 3633 762 permittens:
3670 694 3815 747 illud
3849 712 4065 764 quaero,

2416 781 2585 849 cujus
2609 796 2709 833 vos
2740 796 2950 834 sensus
2976 781 3191 834 indicio
3222 787 3336 835 tam
3375 783 3519 835 bene
3576 783 3729 836 affici
3784 799 3924 853 erga
3966 802 4064 837 nn-

2416 873 2609 922 ctuam
2647 870 2977 938 potueritis,
3012 876 3075 923 ut
3122 871 3172 923 ei
3222 871 3348 924 cmli
3402 888 3463 923 ac
3514 877 3802 925 terrarum
3868 873 4063 926 domi-

2416 957 2579 1010 nium
2614 957 2937 1025 oplaretis?
2982 964 3068 1013 An
3102 959 3230 1028 ejus
3268 959 3451 1013 forma
3480 960 3643 1015 vobis
3674 978 3739 1014 ae
3769 961 3950 1015 facies
3982 961 4071 1014 di-

2413 1062 2529 1115 gna
2560 1045 2806 1115 imperio
2837 1046 2961 1101 visa
2990 1048 3250 1117 placuit?
3280 1049 3341 1102 Id
3376 1050 3712 1119 suspicarer
3742 1051 3790 1103 si
3829 1052 4063 1120 pavoni,

2414 1136 2460 1188 si
2496 1150 2697 1205 cycno,
2739 1137 2788 1189 si
2837 1134 3122 1189 columba:
3174 1137 3490 1191 faveretis?
3538 1143 3720 1193 Cantu
3785 1145 3889 1192 aut
3950 1156 4068 1194 ser-

2414 1240 2585 1277 mone
2653 1240 2749 1278 ves
2820 1224 3096 1279 dclinitos
3169 1227 3507 1295 arbitrarer,
3557 1229 3604 1281 si
3665 1228 3953 1296 lusciniae,
4012 1230 4060 1283 si

2412 1312 2661 1381 psittaco
2720 1313 2957 1368 studere
3012 1330 3117 1369 vos
3176 1316 3520 1369 cernerem?
3565 1316 3898 1371 Monstrum
3952 1317 4059 1371 hoc

2410 1406 2647 1471 aspectu
2701 1401 3004 1468 horribile,
3037 1402 3260 1457 ululatu
3314 1405 3807 1469 abominandum,
3871 1406 4052 1461 fetore

2407 1490 2799 1555 teterrimum,
2847 1492 3039 1560 cujus,
3101 1491 3274 1546 dicite
3323 1493 3534 1548 amabo
3578 1510 3701 1562 vos,
3760 1511 4064 1550 commen-

2411 1579 2645 1632 datione
2676 1579 2827 1633 dotis
2863 1581 3283 1635 ostentandum
3313 1581 3371 1634 in
3423 1581 3569 1636 solio
3601 1583 3936 1638 diademate
3967 1600 4067 1638 eo-

2410 1670 2739 1731 ronandum
2774 1669 3132 1739 putavistis?
3182 1672 3263 1724 An
3314 1671 3576 1740 corporis
3634 1672 4062 1742 turpitudinem

2410 1754 2613 1811 laudes
2646 1757 2702 1810 in
2728 1773 2793 1811 eo
2825 1758 3003 1811 animi
3066 1758 3499 1828 compensant?
3548 1762 3822 1824 Qumnam
3889 1766 4069 1816 vero?

660 1852 932 1905 hostibus
962 1848 1395 1911 facit.0uatuor
1425 1847 1577 1901 enim
1605 1852 1744 1901 sunt
1774 1863 1901 1917 qua:
1936 1863 2099 1917 reges
2160 1848 2299 1901 sub-
2336 1880 2380 1942 B
2409 1844 2562 1899 Num
2596 1844 2871 1900 scientia?
2901 1846 3101 1916 stipite
3124 1864 3191 1901 ac
3218 1864 3357 1901 saxo
3386 1848 3675 1919 stupidior
3706 1854 3922 1903 noctua
3953 1856 4066 1916 est,

660 1940 797 1993 ditis
829 1942 1133 2009 angustos,
1168 1936 1510 1991 formidatos
1533 1936 1743 1990 exteris
1775 1935 2032 1989 reddunt
2064 1952 2076 1990 :
2113 1936 2303 2007 impe-

659 2026 964 2082 netrabilis
996 2041 1339 2079 areanorum
1375 2024 1540 2092 fides,
1568 2024 1751 2078 multa
1772 2040 1903 2077 cum
1938 2023 2305 2095 sapientissi-

661 2117 773 2171 mis
806 2114 1116 2185 colloquia,
1153 2113 1559 2167 ministrorum
1593 2112 1896 2167 solertium
1949 2114 2020 2167 ad
2071 2113 2306 2183 negotia

660 2206 938 2271 delectus,
972 2210 1027 2259 et
1077 2207 1207 2274 post
1266 2208 1531 2256 navatam
1584 2218 1818 2273 operam
1882 2203 2302 2271 remuneratio,

659 2296 911 2366 denique
944 2292 1316 2347 inexorabilis
1366 2292 1648 2346 severitas
1682 2293 1737 2345 in
1773 2291 2015 2363 perﬁdia
2048 2294 2304 2364 prodito-

660 2402 790 2441 rum
824 2384 1139 2454 punienda.
1174 2382 1467 2436 Hactenus
1508 2381 1700 2435 dicere
1730 2380 1920 2451 palam
1956 2381 2136 2451 potui.
2169 2386 2304 2447 Quae

659 2478 981 2546 supersunt
1011 2470 1292 2526 momenti
1328 2471 1397 2525 ad
1434 2486 1555 2523 rem
1606 2487 1729 2539 qua:
1785 2474 1953 2541 urget
2001 2470 2303 2541 aliquanto

660 2563 924 2633 majoris,
966 2575 1345 2631 congressum
1381 2558 1621 2629 exigunt
1654 2557 1966 2629 privatum,
2027 2559 2121 2613 cui
2175 2561 2302 2615 duae.

655 2654 890 2724 lingua),
924 2668 1096 2706 aures
1138 2654 1428 2720 ‘quatuor,
1473 2664 1578 2702 nec
1630 2648 1763 2718 plus
1820 2647 2131 2716 intersint;
2170 2650 2303 2705 ubi-

652 2757 887 2812 cunque
920 2740 1010 2794 hie
1044 2755 1327 2793 numerus
1356 2737 1673 2807 exceditur,
1723 2740 2053 2808 explorator
2081 2739 2299 2794 subau-

653 2830 774 2886 scul
789 2836 917 2885 tans
948 2828 1143 2883 locum
1176 2826 1415 2881 invenit.

730 2956 817 3011 lV.
852 2955 953 3010 His
986 2970 1084 3008 rex
1115 2952 1335 3008 auditis
1366 2950 1593 3006 dimisit
1622 2957 1862 3017 emtum,
1892 2955 1945 3007 et
1968 2956 2296 3007 senatorem

653 3048 753 3119 qui
787 3044 1035 3099 ultimus
1066 3042 1290 3097 dixerat
1321 3044 1695 3112 assumptum
1718 3040 1778 3095 in
1802 3040 2072 3096 intimum
2099 3058 2297 3097 secum

650 3133 988 3191 cubiculum
1022 3131 1283 3187 abduxit.
1306 3131 1385 3185 Ibi
1420 3131 1534 3202 duo
1567 3146 1635 3183 ex
1675 3146 1740 3184 eo
1776 3134 2148 3201 percontatus
2169 3135 2295 3186 est:

651 3226 837 3297 prius,
871 3240 1045 3295 quam
1079 3238 1319 3276 causam
1356 3219 1705 3275 habuissent
1735 3223 1957 3274 noctuae
1988 3219 2126 3275 belli
2157 3237 2293 3275 eon-

650 3322 738 3369 tra
771 3310 1399 3368 corvosindenuntiati
1447 3313 1565 3364 tam
1627 3325 1776 3364 saeva
1833 3308 2156 3378 irruptione
2216 3311 2298 3364 in-

649 3402 921 3469 choandi,
953 3400 1204 3457 alterum
1237 3416 1365 3470 quae
1399 3397 1676 3469 ratioipsi
1724 3397 2020 3454 videretur
2075 3399 2299 3471 optima

649 3509 853 3549 earum
886 3495 989 3546 aut
1028 3488 1500 3544 ulciscendarum
1559 3492 1663 3542 aut
1718 3488 2296 3559 eompescendarum,

646 3583 731 3638 Ad
767 3582 929 3653 prius
961 3584 1197 3634 senator
1244 3577 1548 3648 respondit
1577 3577 1635 3632 in
1670 3576 1824 3631 hunc
1858 3579 2096 3631 modum
2130 3594 2142 3633 :
2175 3582 2296 3633 An-

646 3671 843 3742 tiquae,
879 3670 1135 3735 domine,
1172 3666 1466 3723 memoriae
1516 3683 1609 3722 res
1659 3671 1746 3721 est
1803 3683 1982 3737 quam
2044 3668 2295 3738 priorem

647 3760 883 3832 quaeris,
917 3758 1061 3813 mihi
1098 3762 1233 3812 nota
1266 3755 1547 3812 beneficio
1588 3756 1798 3824 (etatis,
1858 3773 1976 3828 qua
2027 3774 2182 3824 sum,
2235 3770 2298 3813 ut

649 3851 788 3918 scis,
823 3866 1001 3921 quam
1035 3852 1094 3902 tu
1130 3846 1476 3919 provectior.
1528 3846 1633 3911 Qui
1697 3855 1832 3900 tune
1879 3853 2084 3917 regnat
2138 3849 2296 3918 apud

651 3948 917 4008 noctuas,
977 3941 1265 3993 veterator
1319 3936 1690 4004 vaferrimas,
1742 3934 1882 3990 olim
1938 3934 1994 3989 in
2045 3936 2298 3992 comitiis

650 4029 867 4096 avium,
928 4031 983 4081 te
1046 4026 1308 4080 nondum
1369 4026 1503 4077 nato
1580 4021 1889 4077 celebratis
1948 4022 2297 4079 candidatus

646 4118 831 4189 regni,
868 4123 987 4170 tam
1022 4114 1232 4169 callido
1266 4112 1516 4181 ambitu,
1563 4111 1941 4177 coitionibus,
1992 4112 2297 4181 qua,valet

643 4212 787 4273 arte,
825 4204 1150 4270 nocturnis,
1184 4202 1373 4256 tribus
1415 4206 1571 4255 totas
1618 4204 1962 4267 emeruerat,
2002 4206 2066 4255 ut
2120 4201 2294 4271 iustis

642 4296 937 4365 Sull'ragiis
981 4292 1374 4348 declarandus
1418 4290 1742 4361 imperator
1787 4288 2091 4344 volucrum
2139 4296 2295 4345 certo

640 4387 993 4442 crederetur.
1040 4382 1279 4451 Disjecit
1324 4378 1715 4451 perniciosam
1777 4378 2134 4433 molitionem
2199 4398 2295 4450 pa-

640 4482 812 4531 truus
846 4479 1003 4539 tuus,
1036 4472 1134 4541 qui
1166 4471 1311 4525 obiit
1338 4474 1391 4523 te
1432 4484 1634 4539 puero,
1679 4484 1853 4538 quem
1915 4472 2055 4521 tunc
2115 4468 2295 4522 habe-

644 4564 944 4620 bamusin
1006 4567 1207 4618 nostro
1252 4575 1462 4629 genere
1524 4557 1835 4628 prudentia
1892 4562 2287 4627 praestantem.

642 4653 937 4712 Postulata
964 4652 1120 4706 enim
1153 4648 1431 4705 concione
1464 4647 1547 4701 sic
1591 4646 1871 4701 disseruit
1905 4663 1917 4700 :
1949 4646 2150 4715 Video,
2187 4665 2290 4702 nec

643 4746 801 4800 enim
851 4743 1171 4797 obscurum
1212 4743 1322 4803 est,
1373 4755 1489 4809 quo
1541 4736 1803 4808 plerique
1856 4738 2289 4807 propendeatis.

640 4832 746 4890 Sed
785 4833 1065 4903 quoniam
1101 4829 1270 4894 tanti,
1312 4832 1599 4898 quantum
1646 4826 1904 4896 profecto
1935 4826 2291 4898 intelligitis,

642 4924 929 4980 momenti
965 4919 1262 4991 negotium
1296 4917 1511 4989 agitur,
1550 4932 1807 4970 mearum
1843 4931 1971 4970 esse
2031 4916 2290 4986 partium

641 5013 838 5087 putavi
872 5012 1000 5077 hoc,
1036 5010 1190 5082 quod
1225 5014 1360 5062 ante
1392 5024 1510 5061 rem
1547 5011 1733 5060 aetatu
1762 5006 1930 5060 breve
1963 5005 2292 5075 interjacet,

640 5103 829 5174 spatio
855 5103 1172 5156 admonere
1204 5114 1305 5152 vos
1345 5103 1407 5151 ut
1438 5097 1613 5150 etiam
1665 5100 1841 5166 atque
1898 5095 2074 5150 etiam
2134 5097 2292 5167 cogi-

636 5194 773 5249 tetis
804 5209 979 5263 quam
1011 5191 1219 5244 duram
1254 5187 1644 5256 acerbamque
1675 5186 2018 5240 servitutem
2044 5186 2207 5241 vobis
2238 5192 2294 5241 et

639 5283 908 5338 universo
944 5280 1161 5350 ubique
1193 5277 1455 5333 locorum
1492 5274 1795 5331 volucrum
1837 5275 2037 5347 generi
2072 5278 2291 5346 paretis

636 5373 967 5443 injungere.
1014 5368 1174 5421 Mitto
1237 5366 1631 5438 praznuntiare
1690 5364 1845 5419 bella
1899 5364 2113 5431 civilia,
2165 5382 2292 5436 qua:

636 5461 1066 5517 imminent.An
1101 5457 1259 5511 enim
1294 5454 1650 5510 existimatis
1682 5452 2289 5525 aquilam,vulturem,

639 5551 1139 5619 milvum,gruem,
1174 5546 1320 5600 alias
1352 5560 1668 5616 generosas
1727 5560 1859 5597 aves
1888 5549 1945 5598 et
1975 5560 2289 5614 pugnaces,

639 5646 871 5713 spretas
904 5656 966 5693 se
1000 5635 1468 5705 vestrisjudiciis
1501 5651 1663 5703 aequo
1696 5633 1894 5686 animo
1920 5631 2162 5697 laturas,
2193 5639 2295 5687 aut

642 5747 901 5803 unquam
938 5730 1091 5783 bona
1122 5727 1234 5781 fide
1267 5726 1582 5779 serviturus
1614 5722 1768 5777 tristi
1793 5722 1931 5777 huic
1962 5740 2027 5776 ac
2058 5723 2295 5795 sordido

2410 1936 2495 1988 An
2531 1935 2911 2007 benignitas?
2943 1937 3227 1991 dracones
3260 1954 3325 1991 ac
3352 1938 3603 2009 viperas,
3646 1944 3771 1993 tum
3822 1938 3872 1992 si
3923 1940 4068 2009 quid

2410 2024 2623 2090 dirius,
2659 2025 3021 2094 malignitate
3050 2024 3247 2079 vincit.
3274 2025 3479 2080 Utrum
3540 2026 3795 2097 denique
3857 2027 4070 2081 affabi—

2412 2113 2595 2168 litae?
2625 2114 2903 2168 omnibus
2932 2130 3108 2169 exosa
3138 2130 3342 2168 omnes
3374 2115 3519 2177 odit,
3562 2120 3681 2169 tota
3729 2132 3798 2170 ex
3838 2116 4069 2181 fraude,

2410 2204 2610 2269 livore,
2643 2204 3009 2259 immanitate
3044 2206 3177 2259 ficta
3235 2205 3626 2276 conﬂataque.
3660 2206 3764 2261 Cui
3801 2224 4068 2278 unquam

2413 2293 2743 2365 reipublicae
2774 2292 2919 2347 bene
2952 2294 3081 2357 fuit,
3115 2295 3286 2363 cujus
3320 2294 3647 2365 principem
3678 2311 3853 2350 nemo
3903 2295 4067 2351 adire

2412 2384 2806 2449 subditorum,
2839 2400 3008 2437 nemo
3043 2383 3256 2437 intueri
3288 2383 3577 2437 sustinet?
3606 2384 3751 2446 Quid
3808 2384 3861 2438 si
3922 2402 4068 2455 pras-

2412 2477 2571 2527 terea
2602 2476 3028 2539 contemnatur,
3065 2471 3114 2526 si
3172 2472 3427 2527 ludibrio
3476 2472 3563 2526 vel
3615 2473 3881 2528 minimis
3942 2474 4071 2527 sit?

2410 2562 2706 2632 quomodo
2739 2562 2788 2616 is
2820 2562 2966 2616 ferre
2997 2578 3099 2631 pro
3134 2561 3418 2631 dignitate
3463 2562 3833 2631 majestatem
3874 2564 4066 2633 regni,

2411 2668 2503 2706 res
2553 2651 2989 2718 administrare,
3042 2650 3293 2721 publicis
3346 2650 3676 2721 prospicere
3733 2653 4070 2706 commodis

2412 2740 2659 2813 poterit?
2703 2740 3081 2812 Elephantem
3137 2746 3257 2796 tam
3317 2740 3484 2806 forte,
3547 2740 3777 2811 ingens,
3839 2741 4063 2807 nobile,

2408 2830 2713 2885 cordatum
2748 2830 2898 2884 inter
2928 2830 3340 2901 quadrupedes
3371 2828 3589 2883 animal
3639 2830 3930 2884 excidisse
3962 2847 4071 2884 au-

2407 2918 2695 2987 ctoritate,
2755 2923 2931 2990 atque
2980 2936 3013 2973 a
3070 2920 3234 2990 regni
3280 2935 3381 2989 spe
3434 2919 3777 2973 submotum
3844 2918 4070 2985 ferunt,

2407 3008 2612 3063 bestiis
2662 3009 2902 3064 offensis
2932 3009 3189 3079 quadam
3251 3009 3381 3079 ejus
3434 3007 3850 3079 superstitiosa
3896 3024 4069 3062 vere-

2405 3098 2620 3153 cundia
2648 3097 2798 3152 lunte
2831 3102 3003 3153 noctu
3040 3096 3336 3168 fulgentis,
3370 3098 3444 3153 ob
3477 3115 3656 3169 quam
3716 3098 3875 3152 fama
3932 3097 4065 3151 vul-

2409 3193 2603 3257 gatam
2638 3186 2814 3241 etiam
2848 3185 3150 3257 lepusculo
3182 3186 3458 3242 debuisse
3482 3186 3798 3241 ludibrium
3823 3186 4076 3253 dicitur,

2410 3276 2688 3331 Eabulam
2726 3292 2839 3330 non
2874 3276 3127 3346 longam,
3156 3276 3297 3346 quia
3327 3276 3559 3331 videtur
3589 3277 3658 3331 ad
3695 3292 3815 3330 rem
3855 3276 4070 3344 facere,

2404 3366 2657 3421 breviter
2690 3365 2958 3420 referam.

2474 3490 2539 3546 V.
2571 3489 2801 3545 Exclusi
2837 3489 3157 3560 aliquando
3189 3489 3533 3561 elephantes
3564 3487 3753 3542 solitis
3791 3489 4060 3560 pascuis,

2402 3580 2555 3651 quod
2588 3580 2735 3633 forte
2796 3596 2893 3647 per
2950 3583 3211 3633 aestatem
3251 3578 3415 3633 lacus
3475 3578 3629 3632 unde
3687 3578 4070 3648 aquabantur

2398 3673 2729 3731 exaruerat.
2775 3672 2832 3723 et
2876 3668 3044 3723 sedes
3091 3667 3227 3723 alibi
3262 3683 3519 3737 quaerere
3552 3668 3760 3733 coacti,
3817 3667 4068 3721 devene-

2400 3758 2618 3812 runtin
2652 3756 2859 3811 vallem
2893 3774 3034 3811 sane
3069 3757 3347 3827 pinguem
3397 3761 3454 3810 et
3514 3756 3851 3819 herbosam,
3909 3758 4067 3811 fonte

2400 3847 2459 3902 in
2485 3846 2818 3901 declivitate
2868 3845 3035 3900 collis
3092 3850 3451 3916 emergente,
3502 3846 3827 3915 eodemque
3862 3846 4070 3915 ubere,

2401 3937 2708 4007 irriguam.
2742 3936 2867 3990 Non
2921 3934 3074 3990 ultra
3125 3934 3488 4007 perhendum
3541 3935 3756 4003 visum,
3818 3937 4071 4003 probata

2400 4026 2679 4083 omnibus
2738 4024 3098 4079 habitatione
3157 4023 3241 4079 uti
3303 4024 3580 4094 deinceps
3654 4023 4072 4080 decreverunt.

2398 4116 2507 4172 Sed
2541 4115 2884 4170 insederant
2910 4114 2968 4169 id
3003 4113 3195 4169 solum
3229 4119 3403 4168 antea
3431 4114 3652 4167 densus
3685 4114 3947 4184 populus
3974 4132 4073 4167 cu-

2402 4204 2756 4269 niculorum,
2791 4203 2892 4275 qui
2926 4202 3194 4259 dolentes
3239 4219 3482 4257 suorum
3544 4202 3858 4272 plurimos,
3924 4205 4069 4257 dum

2401 4294 2664 4350 cavernis
2697 4292 2918 4363 passim
2955 4293 3083 4347 suis
3114 4292 3183 4347 ad
3212 4296 3446 4363 pastum
3496 4296 3599 4345 aut
3657 4296 3863 4362 potum
3928 4310 4065 4362 pro-

2400 4383 2603 4448 deunt,
2639 4399 2672 4436 a
2703 4381 2867 4436 novis
2902 4381 3239 4452 hospitibus
3276 4380 3428 4434 mole
3474 4396 3785 4450 corporum
3845 4383 4069 4451 gravis-

2402 4472 2571 4527 simis
2602 4471 2740 4526 elidi
2772 4470 3166 4537 conculcatos,
3213 4470 3271 4524 in
3332 4468 3646 4523 consilium
3708 4477 3947 4535 coeunt,
4009 4474 4067 4525 in

2411 4578 2526 4633 quo
2558 4560 2973 4631 plerorumque
3006 4560 3077 4614 ad
3138 4558 3336 4630 fugam
3388 4563 3445 4612 et
3475 4558 3889 4629 migrationem
3930 4577 4070 4614 sen-

2336 4622 2376 4684 D
2410 4622 2607 4707 tentia:
2640 4622 3101 4721 propendebant,
3137 4622 3372 4719 quando
3406 4622 3727 4717 assurgens
3762 4654 4069 4715 unus,:\u-

2402 4741 2522 4795 dite
2555 4755 2667 4806 me,
2717 4739 2929 4808 inquit,
2964 4738 3263 4793 observavi
3323 4742 3517 4791 vastas
3578 4736 3755 4791 hasce
3810 4738 4065 4805 belluas,

2402 4847 2529 4901 qum
2564 4828 2731 4884 nobis
2765 4828 3065 4899 negotium
3101 4829 3420 4891 lacessunt,
3476 4826 3836 4897 impotenter
3876 4829 4063 4882 vereri

2406 4923 2752 4973 nocturnam
2788 4916 3149 4984 lunam;vidi
3178 4917 3335 4971 enim
3367 4916 3498 4984 ejus
3529 4920 3769 4987 aspectu
3804 4922 4067 4971 conster-

2404 5008 2616 5075 nari,et
2636 5006 2978 5077 aqua,velut
3008 5007 3058 5061 ei
3093 5005 3571 5077 propitiandas,se
3602 5003 3880 5059 lustrare.
3914 5007 4062 5061 Hinc

2404 5097 2548 5151 mihi
2572 5096 2671 5151 lux
2691 5095 2957 5151 oboritur
2978 5094 3261 5166 aliqua,et
3278 5098 3635 5165 spesieorum
3657 5094 3796 5148 hinc
3818 5095 4060 5165 abigen-

2401 5187 2634 5241 dorum.
2666 5185 2948 5254 Tentabo,
2983 5185 3030 5238 si
3062 5185 3226 5240 vobis
3256 5183 3507 5249 videtur,
3564 5189 3733 5237 nocte
3785 5189 4061 5255 sequenti

2404 5276 2559 5348 quod
2590 5274 2802 5345 cogito,
2836 5291 2965 5329 cras
2995 5274 3138 5345 quid
3186 5273 3540 5328 successerit
3588 5272 3810 5340 scietis,
3843 5282 3900 5329 et
3956 5293 4060 5346 pro

2404 5382 2464 5420 re
2495 5369 2631 5419 nata
2662 5363 2989 5419 decernetis
3029 5364 3185 5435 quod
3228 5362 3535 5433 apparebit
3594 5361 3801 5417 utilius
3840 5379 4062 5419 :morze

2404 5453 2595 5509 brevis
2629 5471 2743 5509 non
2776 5452 2896 5508 leve
2930 5453 3180 5524 pretium
3214 5451 3565 5506 ostenditur.
3608 5450 3827 5506 Omnes
3859 5470 4063 5510 assen-

2404 5560 2552 5597 sere.
2590 5543 2779 5613 Lepus
2812 5547 3017 5597 auctor
3045 5540 3275 5597 concilii
3322 5546 3490 5594 nocte
3549 5541 3836 5595 concubia
3892 5559 3925 5595 ρ
3991 5562 4069 5597 re-

2405 5634 2758 5705 gionelunaa
2791 5632 2905 5687 alte
2952 5633 3076 5702 jam
3135 5630 3404 5694 sublatae,
3464 5630 3670 5684 innubi
3733 5635 3861 5686 tum
3916 5636 4065 5689 forte

2405 5723 2573 5790 cealo,
2607 5726 2664 5777 in
2696 5725 2997 5793 scopolum
3030 5722 3225 5779 evadit
3262 5718 3672 5776 imminentem
3736 5732 4066 5779 memorato
