4248 6442
220 377 349 430 1313

1226 365 1584 421 SPECIMEN
1622 361 2020 415 ΒΑΡΙΕΝΤΙΕ
2059 358 2394 414 INDORUM
2434 360 2592 412 VET.

3484 354 3618 408 1314

219 515 389 570 supra
440 495 608 550 fonti.
658 493 799 549 Inde
843 493 1143 546 ductorem
1213 487 1587 558 elephantum
1639 497 1855 552 magna
1887 485 1939 548 Α
1969 481 2052 536 ire
2085 498 2200 536 non
2233 486 2554 547 recusaret,
2589 499 2620 536 a
2644 497 2758 550 quo
2783 497 2843 535 se
2877 481 3278 534 devorandum
3313 479 3489 533 simul
3523 496 3618 548 ap-

219 585 573 657 compellans
615 600 773 648 voco,
807 582 1055 647 Adsum,
1107 579 1324 648 inquit,
1381 576 1450 629 ad
1487 581 1541 628 te
1573 572 1794 626 missus
1829 587 1862 623 a

221 677 456 731 domina
491 675 669 735 Luna,
703 673 876 740 cujus
906 669 963 722 in
998 668 1217 722 dilione
1267 667 1396 719 fons
1445 679 1616 734 quem
1668 659 1859 714 cernis

219 770 327 832 est,
363 764 557 817 Dianae
589 761 780 814 dictus
825 760 895 813 ab
950 757 1128 810 altero
1180 755 1350 807 Lunae
1399 751 1656 806 nomine.
1709 750 1765 802 In
1798 763 1863 800 eo

221 853 320 906 illa
359 849 667 905 consuovit
713 862 926 901 arcano
980 846 1180 909 lavari,
1226 843 1318 897 cui
1385 841 1464 895 rei
1514 846 1706 893 vestra
1751 837 1867 890 frc-

223 942 460 1013 quentia
491 938 913 1011 impedimento
956 941 1063 1000 est,
1119 938 1506 1004 praeterquam
1554 931 1710 983 nitor
1743 927 1865 996 ipse

222 1048 284 1085 ac
319 1028 706 1101 perspicuitas
737 1025 843 1096 ipsi
880 1025 1028 1079 sacri
1062 1022 1307 1092 liquoris
1365 1019 1573 1073 vestris
1608 1015 1869 1085 vestigiis

227 1131 514 1183 turbatur.
552 1126 734 1181 Edicit
764 1141 920 1195 ergo,
978 1123 1212 1176 Abeatis
1263 1119 1397 1174 alio.
1449 1133 1623 1172 suum
1659 1114 1740 1168 illi
1773 1129 1871 1167 va-

225 1235 402 1272 cuum
437 1217 808 1285 liberumque
843 1211 1188 1282 relinquatis
1211 1209 1442 1272 locum;
1477 1207 1525 1260 si
1561 1202 1874 1258 renueritis

229 1313 329 1362 aut
360 1308 534 1361 etiam
570 1302 950 1369 cunctemini,
986 1304 1208 1371 pestem
1242 1299 1406 1352 vobis
1430 1313 1492 1350 ac
1517 1299 1731 1349 certam
1757 1308 1877 1360 per-

232 1398 444 1451 niciem
482 1413 581 1466 per
613 1411 704 1448 me
736 1391 1066 1447 denuntiat.
1106 1391 1237 1460 Ipsa
1256 1388 1397 1458 quin
1431 1386 1606 1439 etiam
1640 1385 1875 1436 descen-

233 1488 322 1542 dit
347 1488 468 1554 jam
502 1487 559 1538 in
596 1486 855 1548 fontem;
891 1481 970 1535 ibi
1003 1495 1156 1547 eam,
1190 1480 1236 1532 si
1271 1476 1441 1530 dictis
1489 1475 1634 1528 meis
1684 1471 1879 1525 minus

235 1576 447 1641 credis,
484 1575 691 1628 accede
724 1572 826 1638 sis,
878 1568 1076 1624 licebit
1123 1583 1382 1621 cernere.
1432 1565 1723 1617 Turbatus
1757 1561 1882 1612 ino-

236 1664 433 1734 pinate
465 1667 522 1716 et
553 1659 764 1714 minaci
825 1658 1103 1712 mandato
1153 1655 1534 1725 elephantum
1592 1651 1730 1714 dux,
1777 1650 1882 1703 ad-

235 1757 427 1806 movet
457 1765 519 1804 se
553 1751 624 1804 ad
659 1765 818 1802 oram
873 1745 1048 1800 vicini
1099 1744 1301 1807 fontis,
1347 1742 1670 1810 vidensque
1719 1739 1884 1792 Lunae

235 1841 350 1895 alte
383 1838 661 1908 fulgentis
688 1836 1005 1906 imaginem
1040 1850 1106 1888 ex
1139 1848 1303 1903 aquas
1343 1828 1652 1900 superficie
1687 1843 1881 1898 reper-
1920 1837 1966 1900 Β

234 1945 497 1993 cussam,
531 1929 697 1981 deam
731 1926 871 1993 illic,
905 1926 1060 1995 quod
1104 1920 1414 1975 cuniculus
1463 1918 1708 1986 dixerat,
1742 1932 1888 1987 prae—

237 2024 467 2074 sentem
501 2015 768 2083 credidit,
804 2030 867 2067 ac
901 2028 1048 2067 vano
1079 2014 1486 2065 consternatus
1531 2011 1713 2073 metu,
1765 2004 1890 2059 suis

239 2107 424 2162 edixit
455 2122 596 2160 vasa
626 2103 987 2173 colligerent,
1022 2099 1398 2168 diluculoque
1445 2096 1715 2166 migravit
1756 2109 1888 2148 cum

241 2200 511 2252 armento
545 2195 845 2258 universo,
879 2191 1040 2244 laetos
1073 2205 1136 2242 ac
1169 2185 1530 2258 gratulantes
1581 2190 1698 2238 tam
1739 2182 1888 2236 facili

241 2284 582 2342 amolitione
614 2280 750 2336 mali
780 2278 1019 2334 maximi
1041 2274 1377 2348 lepusculos
1413 2275 1466 2327 in
1495 2289 1671 2344 regno
1705 2271 1892 2343 patrio

244 2380 604 2448 relinquens.
639 2376 741 2429 Hic
769 2376 892 2441 jam
942 2374 1278 2441 comparate
1331 2368 1470 2421 mihi
1523 2365 1892 2436 elephantem

243 2485 376 2522 cum
413 2463 812 2530 noctua,illius
838 2462 1107 2532 panicam
1141 2476 1172 2512 a
1196 2457 1336 2511 luna
1366 2454 1734 2510 formidinem
1758 2469 1891 2507 cum

245 2557 419 2625 hujus
464 2555 702 2607 horrore
753 2551 979 2604 diarum
1029 2548 1200 2601 lucis.
1253 2550 1457 2600 Annon
1512 2543 1892 2598 manifestum

240 2660 334 2708 est
372 2653 688 2716 infirmam,
741 2649 1086 2715 deformem,
1138 2645 1439 2708 fetentem,
1495 2642 1749 2696 luridam
1805 2642 1897 2694 be-

241 2743 442 2807 stiam,
521 2739 708 2794 multo
785 2736 972 2807 magis
1052 2734 1138 2789 vel
1222 2733 1482 2787 minimis
1559 2731 1687 2785 luce
1761 2746 1898 2800 gau-

241 2832 522 2886 dentibus
552 2835 606 2883 et
640 2843 810 2882 mane
842 2825 1074 2880 canoris
1122 2822 1364 2877 aviculis
1415 2819 1772 2890 contemptui
1809 2819 1895 2872 fu-

245 2928 465 2983 turam,
501 2920 596 2972 ubi
630 2935 757 2972 eam
794 2915 1106 2970 abhorrere
1140 2931 1172 2966 a
1207 2911 1348 2966 solis
1402 2911 1606 2973 radiis,
1661 2913 1896 2979 stupere

249 3011 321 3064 ad
376 3008 763 3063 meridianam
817 3004 1032 3068 lucem,
1092 3002 1365 3056 tenebras
1412 3004 1465 3053 et
1516 3004 1746 3053 retrusa
1798 3013 1900 3068 per

245 3105 400 3154 totos
435 3098 559 3152 dies
605 3094 916 3166 gurgustia
959 3095 1194 3162 captare
1245 3087 1782 3159 deprehenderint?
1809 3087 1901 3139 Vi-

1973 572 2227 641 paruerit
2277 569 2590 641 intelligit?
2641 570 2863 640 Fingite
2934 571 3011 624 ita
3056 569 3265 623 stulias
3315 568 3616 622 volucrum

1972 659 2200 730 aliquas
2227 664 2286 712 ut
2311 661 2499 714 forum
2524 664 2748 712 noctua!
2769 674 2873 712 noe
2898 659 3432 728 refugiant,magno
3455 657 3617 710 luent

1977 749 2318 817 amentiam,
2372 755 2428 802 et
2482 748 2808 802 remedium
2859 753 3100 818 experta:
3145 746 3296 800 malo
3349 747 3537 815 pejus,
3593 763 3620 798 e

1979 838 2137 892 fumo
2170 855 2230 893 se
2259 838 2318 892 in
2346 839 2642 892 flammam
2678 838 2954 892 incidisse
2993 854 3120 891 sero
3155 838 3430 901 sentient,
3467 836 3618 888 idem

1981 945 2163 997 passm
2197 929 2349 998 quod
2375 929 2634 982 sciuruui
2664 931 2719 980 et
2750 926 3004 997 leporem
3043 927 3256 993 ferunt,
3294 926 3443 978 inter
3475 941 3622 994 quos

1981 1022 2106 1070 orta
2137 1018 2528 1070 controversia
2559 1032 2848 1069 consensu
2895 1016 3197 1069 amborum
3247 1016 3316 1067 ad
3374 1015 3503 1067 f'elis
3540 1033 3622 1066 ar-

1983 1103 2244 1170 bitrium,
2279 1104 2485 1158 annosi
2518 1104 2760 1158 solitarii
2796 1104 2986 1174 specie
3019 1121 3079 1155 ac
3131 1102 3288 1156 cultu
3337 1101 3624 1156 asceticc'n

1985 1193 2345 1261 simulantis,
2380 1193 2708 1246 dirimenda
2752 1192 2940 1245 delata
2991 1198 3094 1246 est.
3152 1191 3627 1261 improbissimus

1980 1283 2161 1351 judex
2197 1284 2387 1352 praeda
2409 1282 2574 1336 laetus
2598 1284 2841 1351 objecla,
2864 1299 2993 1335 cum
3027 1281 3323 1350 litigantes
3354 1297 3422 1333 ex
3453 1281 3626 1334 inter-

1989 1370 2142 1425 vallo
2176 1373 2244 1425 ad
2280 1372 2420 1442 quid
2455 1372 2756 1426 venissent
2788 1371 3132 1439 indicarent,
3167 1370 3398 1424 Accedit
3430 1369 3625 1437 igitur,

1990 1460 2200 1530 inquit,
2232 1467 2293 1514 ut
2324 1478 2424 1515 vos
2468 1461 2734 1526 audiam;
2773 1477 2906 1514 nam
2940 1459 3128 1514 aetatis
3176 1460 3310 1512 vitio
3359 1459 3629 1512 semisuro

1995 1550 2104 1603 dus
2137 1567 2292 1614 sum,
2345 1552 2563 1603 Ambos
2596 1549 2807 1602 deinde
2854 1549 3086 1603 incaute
3137 1551 3633 1616 obtemperantes,

1998 1638 2292 1709 unguibus
2325 1655 2659 1708 aggressus,
2697 1655 2759 1691 ac
2793 1638 3068 1691 dentibus
3118 1637 3386 1708 egregius
3420 1637 3636 1691 arbiter

1998 1727 2330 1798 discerpsit,
2361 1743 2426 1780 ac
2459 1728 2700 1780 voravit.

2076 1851 2258 1905 V1.1ta
2284 1851 2728 1905 concionantem
2749 1867 2982 1905 corvum
3017 1868 3130 1905 non
3166 1868 3338 1921 passa
3369 1867 3637 1921 perorare

1999 1940 2161 2012 plebs
2194 1940 2386 1994 avium
2431 1940 2772 1994 acclamavit
2816 1941 2995 1994 denso
3058 1941 3316 2010 undique
3378 1941 3635 1995 fremitu.

2000 2035 2187 2100 Apage
2217 2029 2512 2095 bubonem
2545 2029 2772 2099 regem!
2809 2029 3049 2083 abeatin
3081 2046 3198 2082 rem
3229 2029 3442 2083 malam
3474 2046 3639 2083 mon-

1998 2125 2186 2173 strum
2220 2117 2575 2188 lucifugum,
2609 2118 2886 2184 invisum,
2932 2118 3322 2172 exsecrabile!
3359 2119 3506 2188 Ergo
3537 2119 3638 2172 de-

2001 2207 2267 2276 signatus
2309 2204 2482 2275 paulo
2535 2211 2668 2260 ante
2719 2223 2812 2259 rex
2863 2207 3054 2259 avium
3099 2205 3308 2276 plenus
3358 2206 3544 2260 cladis
3577 2222 3641 2259 ac

2001 2296 2300 2350 dedecoris
2331 2296 2422 2348 vix
2464 2295 2662 2349 salvus
2712 2312 2741 2349 e
2783 2295 3016 2350 comitio
3064 2295 3312 2366 aufugit,
3365 2295 3642 2366 proximis

2001 2386 2173 2438 etiam
2201 2385 2535 2454 quibusque
2571 2384 2958 2438 Irascentibus
2992 2384 3144 2438 ult‘ra
3172 2383 3396 2453 sibilos,
3433 2389 3645 2439 rostro-

2002 2490 2115 2544 que
2145 2473 2426 2527 miserum
2463 2474 2849 2528 tundentibus
2883 2490 2947 2528 ac
2990 2474 3219 2543 plumas
3270 2473 3638 2528 vellentibus.

2002 2563 2174 2617 Nocte
2202 2562 2337 2616 inde
2364 2568 2564 2617 secuta
2613 2563 2882 2616 convenit
2933 2568 3276 2617 noctuarum
3322 2563 3579 2632 regulus,
3614 2580 3644 2617 e

2003 2658 2167 2705 tanta
2215 2668 2276 2705 se
2325 2668 2426 2722 spe
2477 2651 2764 2719 dejectum
2819 2653 3094 2715 fremens,
3141 2652 3477 2723 ignominias
3528 2669 3644 2705 suae

2006 2756 2322 2812 praeconem
2357 2745 2662 2806 nostrum;
2697 2747 2771 2807 et,
2801 2742 2947 2805 Quid
2979 2742 3104 2810 tibi,
3142 2741 3353 2810 inqnit,
3389 2758 3491 2811 ego
3527 2742 3646 2812 pri—

2004 2830 2178 2884 vatim
2212 2836 2312 2884 aut
2344 2831 2588 2900 publica:
2612 2837 2802 2884 vestro
2835 2847 3138 2884 corvorum
3169 2831 3364 2901 generi
3393 2848 3647 2898 unquam

2008 2919 2460 2984 incommodavi,
2494 2923 2557 2972 ut
2589 2924 2790 2973 contra
2816 2937 2924 2988 me,
2959 2920 3324 2973 alienissimo
3360 2937 3486 2974 meo
3513 2925 3655 2974 tem-

2007 3025 2166 3079 pore,
2201 3013 2319 3061 tam
2356 3024 2507 3062 sazva
2540 3007 2698 3062 rabie
2729 3009 3001 3063 venires?
3047 3009 3331 3064 Caeterum
3365 3010 3448 3064 sic
3481 3010 3652 3074 habe,

2007 3098 2260 3152 recisum
2285 3098 2437 3152 ferro
2469 3115 2697 3152 ramum
2731 3099 2867 3153 vivae
2901 3101 3125 3153 arboris
3159 3100 3369 3154 iterum
3405 3101 3653 3165 renasci,

247 3190 387 3242 dere
411 3188 537 3256 jam
571 3185 790 3252 videor,
827 3187 890 3236 ut
926 3180 1081 3234 illam
1132 3178 1549 3241 exsibilabunt,
1604 3181 1666 3230 Ut
1715 3176 1896 3230 Visam
1929 3203 1971 3268 ρ
2011 3187 2164 3241 coire
2198 3187 2658 3250 medicamentis,
2693 3194 2746 3242 et
2781 3205 2942 3242 mora
2973 3189 3184 3242 vulnus
3218 3189 3502 3242 inflictum
3538 3191 3659 3242 ani-

248 3277 452 3331 subito
483 3273 814 3344 explodent,
851 3274 916 3324 ut
963 3268 1241 3323 omnibus
1293 3267 1532 3336 impune
1580 3263 1900 3335 lucifugam

251 3363 688 3420 tenebricosam
721 3357 1098 3415 contumeliis
1124 3354 1402 3410 efficient.
1429 3354 1494 3407 Et
1525 3353 1681 3407 hunc
1713 3367 1909 3423 regem

257 3455 563 3524 imponere
597 3449 803 3505 incolis
836 3448 962 3502 coeli
1017 3445 1290 3517 cogitatis
1339 3443 1566 3508 avibus,
1611 3459 1785 3513 quem
1818 3442 1911 3498 vix

249 3541 665 3598 sordidissima
685 3538 986 3609 reptilium
1007 3551 1244 3590 servum
1266 3532 1482 3587 habere
1502 3532 1915 3601 dignarentur?

254 3633 387 3699 Eat,
421 3630 634 3684 condat
666 3644 728 3683 se
759 3627 925 3681 cmcis
968 3623 1177 3689 antris,
1226 3619 1740 3692 vespertilionibus
1775 3619 1914 3683 illic,

264 3728 741 3801 nycticoracibus
774 3742 838 3780 ac
874 3724 1072 3794 talpis,
1106 3722 1152 3776 si
1186 3719 1274 3775 vel
1310 3720 1365 3773 id
1410 3723 1618 3790 potest,
1655 3719 1920 3772 domine-

264 3826 366 3874 tur
412 3835 424 3873 :
478 3817 628 3871 lucis
681 3815 960 3881 filiarum,
1015 3812 1332 3866 amicarum
1385 3809 1548 3872 solis,
1610 3807 1922 3878 imperium

266 3908 471 3962 avium
527 3922 598 3960 ne
647 3905 893 3970 affectet,
947 3919 1017 3955 ne
1068 3899 1427 3965 ambiat;de
1479 3914 1595 3967 quo
1649 3901 1922 3950 noctuam

265 3997 581 4067 cogitasse,
617 3993 702 4047 vel
754 4009 852 4062 per
897 3989 1193 4046 somnium
1246 3987 1476 4041 insania
1526 3986 1621 4051 sit,
1657 4002 1926 4056 sperasse

266 4091 468 4140 autem
502 4085 682 4150 furor,
724 4087 780 4136 et
830 4088 1030 4134 vestra:
1084 4076 1405 4150 prudentiae
1456 4074 1926 4129 contumeliosis-

267 4175 428 4229 sima
461 4170 1107 4243 desperatio.Perorabo
1141 4167 1239 4220 ubi
1268 4182 1452 4219 unum
1488 4164 1658 4217 modo
1682 4163 1927 4232 subjun-

266 4281 415 4319 xero
447 4259 797 4333 capitalisin
830 4259 938 4313 hoc
972 4257 1202 4328 negotio
1237 4252 1540 4309 momenti.
1565 4252 1787 4323 Regum
1813 4253 1929 4322 pri-

274 4351 537 4408 marium
593 4350 854 4404 officium
897 4345 1259 4417 jurisdictio,
1334 4341 1674 4412 dijudicatio
1714 4339 1928 4406 litium,

273 4440 596 4497 arbitrium
630 4455 943 4494 causarum
978 4441 1089 4501 est,
1119 4439 1183 4488 ut
1228 4436 1455 4488 constat
1502 4430 1656 4484 inter
1705 4446 1928 4483 omnes.

268 4532 343 4586 In
377 4547 442 4584 eo
477 4545 720 4583 munere
758 4532 909 4581 recte
954 4523 1248 4594 fungendo
1300 4519 1543 4591 puppim
1594 4535 1659 4573 ac
1701 4535 1928 4588 proram

262 4619 523 4688 aequitas
557 4616 716 4683 facit,
750 4615 878 4669 sine
911 4630 1025 4684 qua
1058 4618 1193 4666 nota
1225 4614 1280 4664 et
1330 4607 1673 4680 pignoribus
1707 4608 1928 4678 experi-

263 4711 618 4763 mentorum
652 4709 830 4771 certa,
879 4701 1025 4756 nulli
1075 4697 1423 4771 patientium
1477 4695 1753 4765 injuriain
1789 4713 1929 4766 que-

255 4795 415 4853 relae
444 4794 513 4847 ad
550 4790 808 4846 tribunal
847 4787 1175 4843 deferendae
1209 4784 1424 4838 ﬁducia
1456 4783 1647 4836 fuerit.
1683 4782 1931 4850 Putatis,

254 4893 596 4963 siquando
657 4889 936 4960 accipiter
988 4884 1323 4942 columbam
1376 4881 1687 4946 vexaverit,
1741 4881 1787 4935 si
1841 4898 1934 4935 res

251 4982 536 5041 hirundo
571 4980 832 5051 rapuerit
864 4974 1198 5050 passeris,si
1226 4971 1708 5043 quotidianarum
1735 4969 1932 5024 istius-

254 5072 444 5131 modi
516 5067 1104 5131 offensiuncularum,
1167 5063 1383 5134 quibus
1450 5060 1569 5115 vita
1632 5077 1931 5131 nunquam

247 5166 467 5228 vacat,
521 5160 792 5214 inciderit
835 5156 1082 5228 aliquid,
1151 5168 1508 5224 quemquam
1555 5151 1932 5204 inducturum

241 5254 548 5312 animum
583 5250 666 5304 ire
697 5250 768 5304 ad
803 5252 1077 5303 noctuam
1106 5243 1258 5315 juris
1280 5240 1576 5312 repetendi
1600 5240 1690 5293 sui
1715 5238 1936 5310 gratia?

238 5345 429 5401 Tum
463 5343 663 5410 putate
694 5328 764 5391 id’
788 5332 1132 5398 futurum,si
1159 5332 1440 5385 damnum
1478 5327 1664 5382 multo
1697 5328 1936 5398 gravius

235 5433 518 5497 accepto
552 5428 622 5481 ab
655 5443 719 5481 ea
755 5443 869 5480 non
904 5422 1186 5478 timuerit.
1223 5419 1454 5489 Flagrat
1504 5417 1605 5470 illa
1647 5417 1704 5470 in
1731 5434 1936 5471 omnes

1964 4576 2009 4638 D

2020 3275 2239 3330 mantis
2269 3275 2515 3346 corpori,
2577 3283 2754 3347 atque
2794 3278 2850 3331 in
2901 3277 3235 3332 cicatricem
3285 3278 3655 3333 coalescere:

2023 3365 2234 3436 linguae
2265 3381 2525 3420 morsum
2554 3383 2681 3420 esse
2705 3383 2948 3438 prorsus
2987 3367 3393 3436 incurahilem,
3427 3384 3493 3423 ac
3523 3385 3658 3423 cum

2027 3471 2178 3523 aqua
2208 3455 2541 3524 exstinguat
2572 3456 2788 3526 ignem,
2822 3456 2907 3509 vis
2938 3455 3132 3510 hausti
3164 3457 3369 3510 veneni
3405 3457 3664 3511 antidoto

2028 3543 2394 3612 retundatur,
2430 3561 2594 3598 amor
2624 3545 2891 3600 satietate
2940 3545 3235 3601 fruitionis
3267 3544 3665 3617 clangnescat,

2031 3633 2376 3688 memoriam
2428 3638 2625 3688 tamen
2675 3634 2906 3703 injuriae
2961 3633 3087 3689 sine
3153 3635 3363 3690 merito
3419 3641 3668 3705 accepta:

2029 3721 2216 3776 vivere
2248 3727 2523 3778 aeternam
2557 3741 2622 3777 ac
2654 3723 2864 3795 vigere.
2901 3726 3085 3789 Quare
3144 3724 3258 3778 ista
3316 3724 3673 3779 contumelia

2031 3811 2184 3866 scias
2214 3817 2272 3866 te
2303 3828 2500 3867 semen
2527 3813 2765 3883 jecisse,
2800 3815 2954 3868 unde
3003 3815 3176 3870 arbor
3225 3819 3499 3885 exsurgat
3529 3830 3675 3870 nun-

2032 3917 2209 3972 quam
2241 3902 2592 3956 eradicamla
2633 3902 2975 3974 sempiterni
3025 3919 3229 3958 corvos
3280 3904 3434 3958 inter
3462 3919 3529 3958 ac
3580 3919 3671 3957 no.

2034 3997 2200 4045 etuas
2226 3990 2476 4045 discidii.
2512 3991 2606 4045 Sic
2637 3990 2890 4059 locutus,
2925 3992 3082 4047 rabie
3125 3991 3334 4065 plenus
3365 3992 3674 4047 abscessit.

2035 4079 2174 4133 Inde
2205 4096 2338 4134 cum
2374 4080 2428 4133 in
2464 4097 2704 4151 specum
2739 4081 2912 4136 istam
2947 4099 3083 4137 cum
3139 4081 3263 4138 suis
3313 4081 3677 4146 recessisset,

2037 4171 2208 4240 longo
2239 4173 2501 4240 tempore
2529 4170 2799 4225 vindictae
2833 4171 3047 4243 pariter
3094 4171 3479 4243 cupiditatem
3513 4187 3680 4241 opes-

2036 4273 2149 4327 que
2173 4274 2238 4312 ac
2269 4257 2526 4312 sobolem
2556 4265 2880 4328 auxerunt;
2933 4264 3061 4314 tum
3110 4261 3208 4314 ubi
3260 4277 3322 4315 se
3366 4259 3680 4315 confirma-

2038 4351 2127 4399 tos
2161 4346 2305 4400 satis
2337 4363 2775 4418 sensere,quam
2804 4350 3017 4421 supina
3037 4348 3182 4420 ipsis
3207 4354 3409 4405 nostra
3431 4347 3683 4404 etnimis

2038 4435 2272 4489 incauta
2303 4437 2590 4492 securitas
2623 4438 2937 4508 pretiosam
2973 4439 3250 4494 oflerebat
3294 4438 3542 4493 nocendi
3577 4454 3680 4493 no-

2044 4525 2134 4578 bis
2193 4526 2554 4581 occasiouem
2617 4529 2934 4598 arripuerc,
3015 4535 3297 4585 nocturne
3370 4528 3483 4583 isto
3542 4534 3687 4583 tem-

2044 4612 2260 4681 pestive
2291 4614 2360 4666 ad
2408 4618 2604 4668 votum
2655 4617 2916 4685 ipsorum
2969 4617 3230 4671 tumultu
3297 4617 3683 4672 admovendo.

2047 4701 2215 4756 Vides
2246 4718 2309 4755 ex
2342 4702 2454 4769 his,
2488 4704 2745 4770 domine,
2797 4722 3005 4760 causas
3052 4706 3170 4761 odii
3220 4705 3387 4772 tales,
3422 4721 3539 4776 qua
3571 4705 3690 4760 ulla

2044 4808 2216 4861 posse
2276 4793 2682 4863 pacificatione
2732 4796 3010 4867 mitigari,
3072 4797 3288 4852 nedum
3341 4795 3691 4861 oblitterari,

2046 4885 2405 4953 sperandum
2440 4885 2892 4957 haudquaquam
2927 4889 3020 4942 sit.
3056 4893 3329 4954 Pravum,
3352 4886 3692 4953 inﬂexibile,

2045 4988 2267 5027 memor
2300 4973 2653 5042 injuriarum
2686 4980 2743 5030 et
2776 4994 2892 5048 prae
2941 4977 3170 5033 cunctis
3218 4978 3486 5033 odiorum
3521 4981 3694 5032 tenax

2048 5077 2235 5131 genus
2268 5063 2486 5116 frustra
2518 5063 2828 5120 conciliare
2860 5067 3194 5136 curaveris;
3226 5066 3691 5122 exscindendum

2046 5158 2133 5206 est
2167 5169 2181 5218 ;
2219 5169 2334 5206 una
2359 5152 2526 5208 nobis
2559 5153 2743 5222 salus,
2776 5156 2950 5213 unica
2998 5157 3159 5228 pacis
3203 5173 3339 5229 spes
3390 5157 3446 5212 in
3498 5156 3695 5212 debel-

2045 5238 2220 5295 lando
2288 5247 2376 5297 est
2444 5243 2599 5312 sita;
2671 5261 2827 5314 non,
2872 5246 3164 5318 inquam,
3239 5248 3506 5303 vivemus
3581 5247 3698 5302 nisi

2046 5329 2374 5386 vincamus.
2467 5334 2767 5396 Quomodo
2871 5340 3066 5391 autem
3171 5337 3470 5408 possimus
3571 5336 3698 5390 vin-

2048 5436 2177 5474 cere
2216 5420 2342 5489 jam
2395 5422 2630 5492 quaeris.
2682 5425 2807 5478 llaec
2858 5425 3016 5480 enim
3060 5430 3162 5480 tua
3209 5426 3470 5482 secunda
3517 5426 3698 5480 inter-

233 5521 412 5578 odio
460 5533 693 5586 semper
743 5513 994 5576 ardenti,
1045 5510 1264 5565 eminet
1311 5524 1380 5561 ex
1425 5506 1613 5571 vultu,
1653 5522 1719 5560 ex
1770 5505 1936 5560 oculo

231 5617 316 5670 fu
337 5625 466 5671 ror,
517 5606 824 5670 acerbitas,
882 5602 1241 5656 immanitas.
1295 5600 1526 5662 Quanta
1577 5597 1793 5666 injuria
1842 5613 1936 5649 ve-

224 5698 401 5762 xari
437 5713 656 5767 agnum
690 5698 1003 5766 oporteret,
1041 5698 1103 5746 ut
1132 5691 1203 5744 ad
1255 5687 1462 5758 lupum
1504 5687 1934 5756 expostulatum

2050 5510 2274 5579 rogatio
2299 5513 2407 5576 est,
2443 5511 2512 5564 ad
2539 5528 2713 5582 quam
2749 5515 2832 5569 sic
2883 5516 3207 5586 respondeo
3244 5533 3254 5568 :
3309 5532 3340 5569 a
3371 5515 3424 5569 vi
3473 5519 3698 5586 aperta,

2051 5603 2113 5650 ut
2146 5615 2237 5651 res
2269 5604 2479 5652 nostra;
2515 5617 2670 5656 nunc
2704 5602 2940 5668 habent,
2995 5605 3452 5674 exspectandum
3503 5602 3648 5658 nihil
3686 5621 3698 5659 :

2050 5687 2352 5741 vincemur
2384 5688 2510 5743 sine
2543 5691 2721 5746 dubio
2755 5692 2804 5747 si
2836 5693 3261 5765 confligamus;
3296 5699 3353 5749 et
3384 5695 3538 5764 quod
3572 5709 3703 5750 vero
