4226 6460
631 400 768 454 1315

2133 395 2360 470 apag);
2373 392 2518 448 DIX.

3896 400 4041 454 1316

626 521 952 589 admonuit,
987 519 1086 594 qui
1113 519 1397 592 suadebat
1428 518 1645 596 fugam,
1679 534 1848 592 pares
1898 530 2271 604 usquequan}
2303 519 2357 604 Α,
2389 514 2645 591 ᾼὶῄβῃὶῃῐ
2677 513 2903 592 utinam
2937 515 2996 592 in
3031 514 3244 590 malam
3268 517 3420 582 rem!
3443 517 3692 595 Invicem
3734 520 4040 595 collocuti,

625 627 833 666 sumus
866 609 1223 664 sustinendae
1246 609 1516 683 sequenti
1546 613 1709 662 nocte
1740 605 2179 661 redditurorum
2202 603 2272 671 ad

624 715 815 755 arcem
841 702 1101 752 nostram
1135 695 1598 769 oppugnandam
1639 692 1957 772 irruptioni
1987 693 2270 765 hostium.

630 791 754 842 Non
789 791 983 843 tamen
1016 785 1447 856 desperandum
1481 783 1737 862 est,quin
1775 781 1970 854 praelio
1994 781 2272 860 impares,

626 879 1040 946 strategemate
1072 877 1372 947 possimus
1405 873 1739 948 superiores
1785 873 2049 949 evadere.
2101 873 2273 946 Artes

626 970 683 1020 et
714 965 998 1020 machinae
1033 963 1220 1017 multa
1245 963 1500 1033 efﬁcium
1533 979 1659 1033 quae
1693 963 1884 1037 robur
1917 961 2268 1040 lapertqrum

624 1055 1038 1125 contentioque
1069 1054 1233 1123 enixe
1274 1053 1612 1125 cenantium
1666 1052 1886 1124 frustra
1939 1048 2269 1106 tentaverit.

621 1143 761 1197 Rem
806 1143 920 1196 vidi
974 1158 1157 1211 nuper
1201 1142 1269 1194 ad
1320 1141 1427 1195 hoc
1473 1142 1667 1211 ipsum
1718 1140 2100 1213 astruendum
2153 1153 2265 1210 non

627 1235 910 1304 ineptam,
944 1250 1118 1303 quam
1154 1235 1260 1286 etsi
1292 1231 1602 1298 ludicram,
1639 1230 1723 1284 vel
1759 1231 1829 1303 ad
1855 1228 2092 1301 aliquod
2132 1244 2263 1297 avo-

622 1329 957 1377 camentum
991 1322 1142 1376 acris
1175 1339 1302 1390 quae
1337 1326 1389 1374 te
1423 1320 1538 1375 urit
1568 1337 1743 1389 curae,
1792 1333 2116 1388 memorare
2148 1334 2262 1386 non

617 1410 855 1481 pigebit.
889 1410 1197 1464 Solitarius
1232 1411 1288 1463 in
1347 1409 1509 1483 urbis
1555 1413 1814 1482 mercatu
1869 1407 2032 1462 haedo
2064 1409 2261 1474 empto

617 1500 842 1554 redibat
874 1499 1038 1554 illum
1074 1503 1313 1570 portans
1358 1497 1415 1553 in
1453 1497 1656 1573 cellam
1689 1497 2110 1569 suburbanam.
2148 1494 2262 1549 Fuu

621 1605 733 1653 res,
767 1588 865 1658 qui
899 1587 1025 1641 luce
1057 1587 1244 1658 palam
1297 1586 1407 1644 suh
1456 1586 1641 1646 oculis
1693 1586 2143 1660 magistratuum
2179 1581 2259 1636 la-

613 1675 930 1730 trocinium
987 1679 1269 1732 attentare
1335 1692 1447 1737 non
1521 1675 1839 1737 audebant,
1893 1673 2046 1750 hane
2109 1671 2257 1744 [ιφᾱὶ

611 1765 994 1835 extorquendi
1046 1769 1248 1818 ascetaa
1305 1762 1553 1834 simplici
1627 1763 1905 1838 rationem
1977 1761 2255 1835 inierunt.

2387 604 2488 675 qui
2534 604 2653 668 haec
2696 604 3018 670 audierant,
3065 621 3298 681 corvum
3347 606 3754 666 deducendum
3794 611 4031 680 judica-

2386 697 2524 768 runt
2555 693 2625 754 ad
2661 709 2852 768 regem
2887 698 3566 771 ρρριιιῆγυωιβρφταοιοῆ
3597 697 3929 773 βιὶρίξμωιη
3961 718 4035 759 ex

2384 797 2449 837 οο
2482 781 2949 859 ρηίάρξβω,ηβιτξ
2982 785 3287 860 cpnstabat
3309 784 3490 859 fuisse
3518 785 3676 860 hune
3705 803 3772 860 ex
3805 789 4034 861 primo-

2385 869 2546 943 ribus
2580 887 2761 940 unuru
2794 871 3012 947 cervini
3045 877 3303 948 senatus.
3353 873 3689 948 Archibubo
3723 876 3899 949 igitur
3931 894 4029 931 co-

2381 975 2502 1033 raru
2537 976 2598 1014 se
2628 959 2949 1037 adductum
2987 977 3220 1038 corvum
3265 961 3589 1037 supplicem
3624 981 3689 1036 ac
3720 964 4024 1038 timidum,

2379 1053 2692 1121 postquam
2714 1051 2770 1105 in
2791 1051 3044 1124 speciem
3073 1051 3386 1125 miseratus
3411 1053 4023 1127 conﬁderejussisset,

2377 1140 2601 1216 rqgavit
2621 1140 2781 1194 fateri
2808 1157 2880 1207 ne
2901 1146 3243 1212 gravaretur
3263 1158 3437 1212 quam
3469 1159 3501 1196 a
3529 1143 3654 1217 suis
3687 1145 3757 1218 ob
3778 1160 4019 1219 causam

2377 1227 2582 1295 fuisset
2611 1232 2730 1296 tam
2763 1229 2908 1285 finde
2958 1228 3271 1307 laceratus.
3326 1231 3428 1304 Hic
3475 1231 3598 1312 ille,
3651 1234 4026 1308 Imprudens,

2375 1316 2477 1391 ait,
2512 1316 2750 1389 libertas
2773 1334 2898 1395 mea
2931 1326 2985 1374 et
3017 1319 3253 1395 incauta
3283 1319 3633 1398 simplicitas
3658 1321 3748 1377 his
3782 1338 3872 1400 me
3907 1323 4020 1398 mi-

2375 1404 2545 1480 seriis
2578 1405 2888 1484 implicuitt
2929 1409 3109 1485 Hodie
3142 1425 3311 1464 mane
3361 1395 3895 1482 trepidi'uoctuirno
3926 1395 4022 1472 ve-

2373 1501 2490 1549 stro
2523 1496 2763 1562 incursu
2799 1496 2951 1569 corvi
2983 1496 3174 1570 gentis
3207 1497 3517 1570 consllium
3553 1507 3898 1572 coegerant;
3938 1501 4020 1555 ibi

2371 1599 2500 1644 cum
2532 1584 2626 1652 alii
2663 1584 2774 1663 alia
2803 1585 3002 1657 inepta
3034 1592 3089 1645 et
3116 1587 3528 1666 iutempestiva
3562 1593 3778 1666 temere
3828 1574 4020 1661 garri¥

2372 1678 2519 1742 rent,
2552 1690 2656 1755 ego
2690 1676 2842 1746 quod
2877 1692 2968 1734 res
2999 1681 3124 1751 erat
3155 1693 3285 1749 vere
3309 1663 3461 1744 dixi,
3521 1663 3787 1754 fortiores
3826 1676 4020 1746 Corvia

2368 1777 2496 1841 e§se
2531 1767 2794 1840 noptugq,
2839 1781 2909 1842 ne
2958 1765 3338 1842 obfirmarent
3384 1767 3614 1841 animos
3661 1767 3718 1844 iu
3751 1785 3900 1844 vana
3929 1785 4021 1835 re:

608 1856 749 1909 Tres
781 1859 1103 1924 quatuorve
1128 1858 1415 1924 spargunt
1463 1869 1522 1907 se
1572 1853 1630 1905 in
1691 1851 1966 1945 compita,
2001 1867 2117 1920 qua
2149 1849 2255 1901 iter
2286 1882 2331 1950 Β
2367 1852 2608 1920 sistendi
2643 1853 3102 1933 eopstantia,nep
3125 1853 3346 1933 cluderp
3373 1857 3691 1932 secundum
3721 1863 4019 1930 exspecta.

607 1949 732 1997 erat
794 1943 1189 1998 necessarium
1243 1943 1507 1997 redeunti
1560 1943 1796 2017 domum
1829 1930 2143 2005 'solitario;
2199 1943 2253 1992 et

605 2031 850 2104 primus.
886 2033 991 2096 En,
1025 2031 1242 2102 inquit,
1281 2032 1368 2085 hic
1401 2036 1591 2103 asceta
1615 2047 1841 2093 canem,
1875 2029 2249 2100 immundum

607 2122 848 2186 animal,
886 2121 1093 2192 tangit.
1129 2121 1618 2175 Assentiebautur
1641 2119 1710 2174 ad
1745 2119 1801 2172 id
1835 2118 2029 2188 ipsum
2061 2116 2249 2170 simu-

601 2209 844 2265 landum
879 2193 1063 2279 rogati
1097 2209 1567 2264 circumstantes.
1603 2209 1999 2262 Contemnens
2031 2221 2247 2259 vanum

600 2315 898 2354 rumorem
938 2300 1128 2370 pergit
1160 2305 1377 2354 asceta.
1417 2300 1648 2363 lterum,
1700 2297 1866 2351 tertio
1916 2296 2069 2350 idem
2105 2313 2136 2348 a
2167 2295 2251 2348 di-

597 2389 783 2443 versis
813 2405 879 2442 ex
911 2387 1234 2459 composito
1268 2388 1690 2458 ingeminatur.
1719 2385 2028 2440 Subvereri
2076 2384 2250 2454 cmpit

601 2495 672 2531 ne
701 2495 838 2532 vera
869 2477 1148 2531 dicerent.
1179 2478 1254 2531 Ad
1289 2482 1617 2531 extremum
1664 2493 1796 2529 cum
1831 2479 1989 2529 extra
2021 2479 2246 2544 portam

598 2567 1186 2636 circulusjuvenum,
1241 2567 1390 2620 serio
1453 2582 1827 2636 perseverans
1869 2581 2074 2618 canem
2119 2578 2246 2617 esse

600 2673 775 2728 quam
811 2660 1065 2726 portaret
1099 2641 1344 2709 bestiam
1373 2655 1692 2723 solitarius,
1724 2660 1781 2708 et
1813 2653 2148 2723 religionem
2185 2653 2243 2706 in

596 2747 705 2800 hoc
736 2747 864 2815 ejus
897 2747 1114 2800 frustra
1145 2746 1353 2799 vestitu
1381 2745 1694 2799 indicatam
1732 2742 2242 2814 requirens,etiam

599 2835 899 2889 hominem
936 2834 1281 2905 increparet,
1312 2835 1462 2905 quod
1523 2851 1634 2887 non
1686 2837 1981 2887 vereretur
2027 2832 2241 2884 civium

605 2924 805 2980 oculos
847 2941 1156 2994 personam
1196 2918 1356 2978 illam
1406 2923 1722 2978 dedecente
1763 2920 2027 2992 exemplo
2060 2922 2242 2974 oll‘en-

593 3015 747 3080 dere,
773 3029 1093 3085 persuasus
1127 3015 1298 3068 homo
1345 3013 1586 3067 minime
1631 3011 1821 3066 malus
1873 3012 2101 3087 haedum
2137 3011 2242 3063 ab-

581 3104 736 3173 jicit,
771 3104 828 3156 in
864 3105 1020 3158 fonte
1054 3103 1292 3173 publico
1325 3120 1538 3158 manus
1587 3102 1732 3155 eluit
1777 3119 1842 3156 ac
1874 3106 2103 3165 vestes;
2138 3117 2240 3153 ex-

593 3198 760 3247 cusat
793 3193 922 3246 fuco
957 3191 1066 3267 sibi
1102 3192 1248 3246 facto
1281 3179 1484 3246 canem
1526 3193 1836 3245 obtrusum
1887 3208 1987 3260 pro
2037 3190 2237 3254 hmdo;

593 3283 677 3335 ita
696 3281 915 3336 recedit
937 3281 1330 3335 nebulonibus
1354 3280 1798 3352 sublegentibus
1821 3279 2240 3340 hzedum,unde

596 3370 925 3426 convivium
961 3371 1171 3425 deinde
1230 3369 1602 3425 celebrarunt
1649 3369 1824 3424 salsis
1874 3369 1931 3423 in
1983 3364 2237 3423 cremitae

589 3460 922 3514 fatuitatem
951 3459 1207 3514 dicioriis
1240 3459 1736 3514 conditissimum.

662 3584 783 3638 VIl.
820 3584 963 3652 Hinc
996 3585 1184 3638 obiter
1213 3585 1375 3642 vides
1399 3601 1590 3644 rerum
1627 3583 2110 3645 difﬁcillimarum
2147 3601 2236 3638 cx-

585 3674 768 3746 pediri
803 3674 1024 3729 astutia
1056 3673 1505 3749 l'acultatem.Ad
1543 3675 1696 3745 quod
1727 3679 1918 3744 autem
1957 3689 2109 3744 nunc
2143 3673 2235 3742 in-

583 3769 719 3830 stat,
756 3763 1091 3819 machinam
1128 3764 1466 3838 excogitavi,
1501 3779 1866 3836 successum,
1901 3762 2012 3835 nisi
2046 3763 2233 3833 pluri-

584 3869 743 3908 mum
777 3852 968 3921 fallor,
1011 3852 1246 3924 qualem
1305 3857 1577 3924 optamus
1630 3852 1987 3917 habituram.
2035 3855 2234 3921 Castra,

581 3958 789 3997 censeo
821 3942 929 3997 hac
959 3959 1206 4013 vespera
1237 3959 1304 3997 ex
1349 3942 1457 4003 hac
1503 3943 1709 4019 arbpre
1742 3942 1799 4009 in
1856 3941 2031 4017 aliam
2070 3941 2229 4011 illam

579 4048 692 4086 non
732 4030 902 4100 longe
935 4049 967 4086 a
997 4031 1218 4087 dextris
1260 4032 1434 4086 sitam
1485 4031 1831 4104 transferas.
1861 4035 1946 4086 Me
1974 4031 2082 4099 sub
2116 4031 2231 4086 dis-

577 4137 831 4185 cessum,
884 4138 1087 4176 coram'
1147 4121 1444 4199 omnibus,
1506 4121 1672 4191 quasi
1746 4121 2105 4191 proditorem
2175 4125 2231 4184 et

574 4210 759 4265 cladis
789 4215 1032 4280 accepta
1066 4227 1304 4272 causam
1337 4210 1617 4287 conviciis
1659 4208 2229 4282 proscindas,plagia

575 4299 843 4364 mulctes,
877 4305 1244 4366 cuentatum,
1272 4299 1490 4371 plumis
1518 4299 1743 4370 alarum
1775 4298 2073 4370 plerisque
2107 4297 2227 4368 vul-

579 4391 682 4457 sis,
714 4389 899 4464 cauda
932 4393 1052 4457 tota
1085 4389 1480 4459 abscissa,pro
1515 4389 1898 4446 semimortuo
1931 4388 1998 4457 ad
2034 4387 2225 4444 solum

573 4480 683 4532 sub
718 4479 923 4533 arbore
955 4479 1184 4533 allidas.
1224 4479 1306 4532 lbi
1341 4495 1433 4532 me
1465 4477 1738 4552 relictum
1791 4476 2087 4536 invenient
2129 4494 2228 4534 uo-

571 4572 718 4621 etuas
753 4567 956 4623 iterato
983 4573 1239 4622 ventura:
1273 4567 1418 4622 citra
1450 4565 1637 4625 ullum
1685 4565 1927 4639 dubium
1960 4565 2065 4620 hac
2098 4567 2226 4637 ipsa

572 4673 749 4728 quam
786 4657 1224 4737 moxiuibimus
1258 4661 1444 4712 nocte.
1482 4655 1572 4710 Me
1628 4656 2093 4726 interrogabant,
2122 4674 2223 4711 au-

571 4746 759 4801 ditum
810 4763 1005 4803 secum
1067 4746 1317 4801 aveheut
1367 4761 1379 4800 :
1434 4746 1766 4814 insuescam
1840 4745 1992 4801 inter
2040 4747 2219 4817 ipsas,

569 4852 784 4890 arcana
815 4851 1156 4907 emungam,
1219 4835 1376 4891 brevi
1417 4852 1508 4890 me
1555 4838 1830 4906 exspecta
1878 4851 2011 4891 cum
2067 4841 2224 4892 certa

570 4924 925 4979 indicatione
958 4924 1112 5001 modi
1139 4924 1433 5000 vincendi.
1472 4925 1728 4980 Tantum
1783 4929 2075 4996 memento
2115 4943 2219 4996 pu-

569 5012 708 5083 pilla
740 5013 891 5068 oculi
927 5030 992 5069 ac
1019 4999 1192 5069 corde
1222 5015 1351 5087 ipso
1383 5013 1727 5086 diligentius
1749 5014 1926 5070 tutari
1960 5032 1994 5070 a
2024 5016 2222 5086 cujus-

571 5104 655 5157 vis
688 5103 1068 5171 conscientia,
1120 5105 1239 5160 imo
1280 5108 1336 5160 et
1384 5104 1742 5178 suspicione,
1796 5120 2072 5162 arcanum
2121 5123 2222 5161 no-

571 5197 760 5247 strum
792 5209 804 5246 :
840 5199 1045 5249 caetera
1077 5195 1324 5262 fortuna?
1347 5211 1413 5250 ac
1450 5193 1595 5258 mihi
1624 5192 1917 5270 permitte.
1948 5195 2103 5258 Fecit
2128 5212 2223 5250 rex

570 5286 634 5336 ut
678 5285 1044 5361 monebatur.
1098 5285 1559 5356 Deprehenduut
1605 5282 1898 5340 irruentes
1948 5290 2120 5343 noctu
2170 5286 2222 5350 vi

538 5359 790 5442 ,majOre
826 5390 1002 5444 quam
1038 5359 1238 5453 pridie
1277 5381 1502 5445 noctuis
1553 5389 1797 5444 vacuam
1833 5374 2019 5430 corvis
2053 5375 2221 5439 arbo-

567 5478 707 5532 rem,
743 5461 924 5540 istum
960 5481 1144 5518 unum
1178 5464 1534 5540 seminecem
1570 5479 1635 5530 ac
1667 5461 1922 5532 lacerum
1957 5463 2222 5519 humiaf-

568 5551 812 5606 ﬂictum.
888 5539 1384 5624 Pereunctaulur,
1455 5569 1568 5621 quo
1631 5550 1729 5607 alii
1799 5553 2216 5614 concesserint.

563 5641 726 5698 Tunc
762 5642 879 5706 ille,
914 5643 1159 5713 Putatis,
1195 5643 1408 5721 inquit,
1431 5658 1604 5713 quem
1638 5646 1759 5712 tam
1797 5640 1942 5714 male
1969 5642 2217 5698 mulcta-

563 5734 776 5802 verint,
800 5751 1150 5790 arcanorum
1168 5734 1472 5790 conscium
1490 5749 1734 5788 suorum
1754 5731 1937 5788 facere
1955 5751 2214 5792 curasse.

2365 1946 2526 2017 rent;
2569 1942 2810 2020 herbam
2867 1947 3094 2014 mature
3149 1943 3553 2026 porrigerent;
3610 1945 3860 2024 victores
3909 1964 4014 2010 vos

2360 2036 2800 2106 venerareutur;
2826 2032 3169 2110 muneribus
3199 2049 3264 2087 ac
3296 2033 3563 2110 pactione
3587 2035 3792 2113 tributi
3820 2053 4011 2107 quan-

2358 2123 2482 2194 tum
2518 2120 2889 2199 praescribere
2922 2120 3336 2196 dignaremini,
3391 2123 3620 2202 placare
3652 2128 4008 2201 satagerrnt.

2360 2211 2488 2282 Haec
2522 2226 2633 2276 me,
2671 2215 2841 2289 prout
2863 2211 3003 2287 mihi
3038 2226 3202 2291 meus
3226 2211 3483 2287 dictabat
3501 2213 4012 2291 animus,loquen-

2357 2302 2472 2351 tem
2507 2298 2686 2375 pnorti
2719 2315 2944 2366 omnes,
2984 2316 3201 2377 rexque
3253 2301 3309 2354 in
3370 2302 3595 2382 primis,
3647 2303 4008 2380 prgditorem

2356 2385 2724 2467 impiumque
2757 2389 3207 2459 proclamantes,
3253 2390 3458 2445 rostris
3504 2395 3562 2448 et
3612 2393 3912 2464 unguibus
3945 2393 4006 2446 in

2357 2474 2504 2536 hanc
2537 2493 2630 2530 me
2679 2477 3074 2532 deformatum
3129 2477 3405 2548 speciem,
3461 2496 3560 2558 pro
3622 2485 3850 2536 mortuo
3904 2485 4011 2538 aut

2355 2565 2551 2622 statim
2588 2566 2870 2637 morituro
2904 2567 3296 2646 relinquentes
3327 2567 3653 2648 avolarunt.

2434 2690 2583 2745 VIII.
2618 2697 2779 2749 Tunc
2807 2691 3164 2757 Archibubo,
3198 2693 3498 2749 advocatis
3531 2712 3654 2749 sua:
3679 2697 3872 2766 gentis
3914 2715 4008 2753 se-

2354 2780 2637 2844 nioribus,
2673 2781 2970 2850 quaerebat
3021 2782 3156 2850 quid
3212 2781 3316 2836 hoc
3370 2799 3539 2838 corvo
3590 2791 3846 2853 agerent.
3884 2788 4006 2841 Pri-

2354 2869 2799 2933 mus,omnium
2828 2870 3346 2939 prudentissimus,
3405 2871 3735 2938 Occidatur,
3785 2873 4005 2945 inquit,

2352 2959 2550 3014 statim
2581 2975 2591 3012 :
2619 2964 2900 3028 suspecta:
2924 2963 3064 3015 sunt
3089 2965 3243 3016 artes
3277 2960 3836 3032 hostium.praesngit
3858 2965 4004 3020 mihi

2352 3049 2582 3107 animus
2613 3049 2892 3118 grandem
2922 3048 2992 3103 ab
3029 3048 3132 3104 hoc
3167 3065 3282 3103 non
3328 3067 3460 3106 vero
3511 3050 3774 3121 supplice
3811 3053 4006 3122 perni~

2351 3139 2516 3192 ciem.
2552 3139 2678 3192 Scio
2712 3138 2769 3194 in
2803 3138 3010 3207 primis
3044 3143 3099 3191 et
3158 3139 3423 3208 plurimae
3474 3141 3629 3210 apud
3681 3157 3819 3195 suos
3863 3143 4002 3197 tidei

2272 3250 2314 3315 ρ
2354 3231 2769 3292 numeratum;
2804 3231 2906 3282 aut
2936 3226 3102 3282 valde
3133 3225 3433 3290 fallor,aut
3455 3228 3827 3299 ipsidizeistaa
3861 3236 4008 3284 sunt

2356 3316 2748 3376 machinantis
2781 3315 2975 3372 infesti
3007 3317 3310 3387 quidpiam
3337 3317 3393 3371 in
3418 3334 3601 3386 genus
3634 3321 4003 3376 nostrum.ln

2350 3423 2586 3462 summa
2617 3406 2758 3477 quid
2793 3406 3095 3477 perdimus
3140 3422 3206 3461 eo
3261 3407 3636 3472 trucidando,
3687 3413 3790 3462 aut
3821 3424 4002 3478 quam

2351 3496 2418 3549 ad
2458 3513 2576 3550 rem
2611 3511 2853 3567 egemus
2901 3495 3080 3565 hujus
3115 3511 3292 3566 opera
3341 3495 3652 3550 seminecis
3685 3496 3712 3550 ?
3743 3502 3803 3550 at
3834 3499 4000 3568 gravi

2347 3584 2683 3654 suspicione
2716 3582 3091 3656 periculoque
3124 3583 3416 3639 intestina:
3452 3584 3676 3650 fraudis
3700 3586 3771 3640 ab
3799 3588 3996 3657 explo-

2345 3680 2536 3729 ratore
2565 3673 2856 3744 versipelli
2885 3673 3033 3728 clam
3067 3672 3431 3729 instruenda:
3459 3672 3559 3728 illo
3594 3674 3857 3728 tollendo
3892 3677 3998 3730 de-

2345 3764 2667 3834 fungimur.
2703 3765 2864 3835 Sepe
2897 3763 2997 3833 qui
3031 3762 3182 3819 hosti
3218 3764 3476 3836 pepercit
3516 3764 3748 3825 inﬁrmo
3781 3765 3996 3836 depre-

2341 3853 2626 3918 henso,ab
2658 3853 2861 3913 eodem
2895 3868 3059 3913 mora
3091 3851 3323 3916 indulta
3354 3851 3996 3916 revalescente,trium-

2341 3943 2575 4013 phatus,
2610 3959 2739 4003 sero
2772 3943 3034 4019 gemuit;
3068 3940 3397 3997 trucidatus
3428 3942 3626 4008 etiam,
3662 3943 3998 4012 ignominia

2342 4035 2587 4092 mortem
2616 4030 2960 4096 cumulavit,
2997 4031 3163 4088 famae
3196 4030 3416 4100 pariter
3445 4047 3508 4093 ac
3539 4031 3668 4084 vitae
3694 4031 3997 4099 jacturam

2341 4119 2814 4191 patiens,quippe
2845 4119 3143 4189 iudicatus
3170 4117 3345 4188 culpa
3368 4135 3476 4174 sua
3500 4119 3875 4191 stultitiaque
3901 4138 4000 4192 pe-

2339 4208 2531 4278 riisse.
2567 4209 2826 4270 Mitiores
2859 4207 2956 4270 alii
2989 4211 3108 4269 tres
3155 4212 3482 4278 quatuorve
3529 4209 3852 4271 sententias
3904 4211 3997 4267 di-

2335 4302 2567 4365 xerunt,
2601 4303 2659 4357 et
2689 4298 2815 4357 fuse
2855 4297 3187 4359 disseruere
3219 4313 3321 4367 pro
3353 4313 3414 4356 se
3436 4297 3692 4368 quisque
3727 4315 3740 4353 :
3775 4299 3998 4369 quibus

2338 4390 2574 4448 tandem
2609 4387 2906 4461 emollituq
2937 4403 3056 4452 rex,
3089 4386 3278 4444 vivere
3311 4385 3487 4440 illum
3521 4386 3673 4448 inter
3710 4390 3996 4456 suosjus-

2337 4479 2414 4533 sit
2446 4478 2718 4532 liberum.
2757 4476 3198 4548 Recipientibus
3237 4491 3372 4545 ergo
3421 4491 3484 4535 se
3535 4475 3594 4534 in
3646 4477 3996 4546 speluncam

2337 4585 2505 4627 suam
2553 4567 2784 4623 noctuis
2835 4565 3139 4623 immistus
3189 4580 3422 4632 corvus,
3472 4563 3693 4635 aliquot
3736 4565 3815 4623 ibi
3867 4565 3996 4620 dies

2335 4656 2647 4727 transigit;
2683 4673 2784 4728 per
2815 4671 2964 4727 quos
2992 4653 3198 4709 multis
3232 4653 3514 4708 aerumnis
3546 4654 3858 4721 devoratis,
3890 4671 3992 4725 pe-

2339 4745 2653 4816 riculisque
2678 4761 2830 4817 aegre
2858 4744 3059 4800 vitatis
3090 4760 3122 4797 a
3154 4742 3328 4814 primi
3373 4743 3681 4812 sanatoris,
3714 4744 3994 4802 occiden-

2339 4838 2481 4892 dum
2515 4853 2750 4891 corvum
2783 4833 3098 4902 censentis,
3133 4831 3397 4902 quotidie
3439 4831 3668 4889 iteratis
3697 4835 3851 4904 apud
3886 4837 3994 4888 Ar-

2339 4927 2727 4987 cbibubonem
2760 4923 3103 4992 instantiis;
3137 4919 3706 4992 tandem,explorata
3735 4921 3993 4994 diligen-

2339 5021 2426 5072 ter
2457 5017 2640 5075 forma
2670 5030 2929 5075 caverna:
2961 5017 3334 5083 noctuarum,
3364 5012 3702 5081 certusjam
3754 5012 3992 5070 consilii

2339 5109 2491 5165 viam
2527 5105 3027 5176 expeditissimam
3077 5103 3147 5158 ad
3186 5100 3601 5167 debellandum
3651 5103 3993 5172 pandentis,

2341 5199 2409 5252 ad
2444 5214 2606 5265 suos,
2640 5195 2890 5265 receptis
2921 5194 3100 5258 ferme
3130 5191 3356 5256 viribus
3389 5189 3696 5262 plagisque
3729 5191 3827 5246 illo
3852 5209 3990 5263 spa-

2339 5288 2420 5344 tio
2453 5285 2693 5349 curatis,
2729 5283 3057 5341 revertitur.
3095 5280 3229 5346 Adit
3268 5280 3539 5352 privatim
3583 5296 3818 5352 regem;
3849 5284 3990 5338 edo-

2339 5382 2427 5435 cet
2458 5375 2815 5444 constipatas
2847 5373 3113 5435 habitare
3158 5374 3402 5436 noctuas
3430 5368 3487 5426 in
3541 5373 3707 5432 antro
3735 5371 3853 5436 oris
3888 5389 3993 5428 an-

2338 5468 2515 5534 gusti,
2551 5463 2782 5522 nullum
2811 5461 3042 5536 uspiam
3075 5477 3109 5514 a
3137 5463 3300 5530 tergo
3336 5462 3437 5524 aut
3469 5475 3501 5514 a
3531 5458 3712 5518 latere
3765 5461 3991 5517 exitum

2337 5557 2605 5611 habente.
2641 5553 2788 5618 Quid
2822 5570 2971 5624 opus
3004 5550 3080 5610 sit
3129 5549 3276 5612 facto
3325 5547 3665 5608 distinctius
3711 5550 3989 5622 explicat.

2339 5647 2552 5702 Probat
2578 5643 2775 5701 omnia
2809 5658 2924 5710 rex,
2960 5645 3017 5697 et
3048 5637 3327 5711 postridie
3379 5654 3572 5704 mane,
3606 5638 3830 5710 ignaris
3862 5643 3994 5699 suis

2339 5734 2639 5802 omnibus,
2663 5734 2831 5804 juxta
2862 5736 3316 5796 conventa,cum
3344 5727 3477 5793 ficto
3512 5729 3836 5804 transfuga,
3869 5733 3997 5794 edi,
