4248 6442
254 337 391 407 1317

1272 337 1631 390 SPECIMBN
1668 335 2070 409 ΒΑΡῌΕΝΤΙῌ
2107 334 2439 388 INDORUM
2480 335 2642 386 VET.

3522 340 3661 393 1318

252 464 361 518 cit:
390 463 640 537 Remum
682 458 935 533 quisque
975 455 1202 521 arboris
1248 464 1434 533 rostro
1484 460 1651 533 ferat,
1698 458 1782 530 sic
1827 458 1898 515 ad
2015 474 2077 513 se
2108 459 2447 512 observasse
2467 456 2562 525 qui
2597 460 2845 526 saperet,
2879 461 3082 526 praeter
3113 458 3276 513 illum
3304 467 3656 527 senatorem,

253 552 363 621 iter
409 550 661 630 expediti
709 564 914 621 omnes
947 548 1161 623 adsint.
1198 548 1489 615 Momento
1516 553 1768 619 paretur.
1802 550 1904 601 Ac-

255 638 466 711 cinctis
496 636 795 711 omnibus,
826 652 921 709 rex
940 636 1203 705 praeiens,
1224 635 1452 691 consilii
1474 641 1708 707 auctore
1734 634 1908 689 comi-

258 732 440 795 tante,
465 731 620 780 recta
643 726 712 804 ad
747 726 963 789 ostium
987 724 1138 779 antri
1166 728 1507 793 noctuarum
1534 724 1739 788 tendit,
1762 722 1908 780 illud

257 814 481 889 oppleri
515 814 758 883 materia
788 812 1069 886 praecipit,
1104 818 1228 867 tum
1262 813 1514 869 exterius
1542 813 1724 885 aridis
1757 811 1909 866 foliis

258 904 540 981 aggestis,
572 903 768 973 ignem
815 902 1087 973 accendi;
1124 918 1300 973 quem
1348 902 1731 959 eventilantes
1780 900 1910 954 uni-

260 994 437 1059 versi,
471 1000 527 1048 et
556 997 626 1048 ad
662 1010 854 1051 ramos
887 993 1099 1053 virides
1152 993 1308 1047 intra
1345 991 1634 1060 spelunca:
1677 1008 1743 1046 os
1774 1006 1926 1071 coni

259 1088 459 1155 gestos
490 1082 541 1137 vi
593 1083 839 1153 spiritus
900 1080 1196 1157 pellentes,
1230 1082 1456 1159 fumum
1504 1082 1658 1136 intra
1708 1096 1912 1135 caver-

261 1188 399 1248 nam
435 1171 857 1247 densissimum
894 1172 1175 1234 fecerunt,
1202 1187 1316 1242 quo
1340 1171 1629 1244 pleraeque
1647 1174 1786 1226 sunt
1818 1187 1915 1225 no-

262 1267 534 1316 ctuarum
594 1265 864 1332 enecatae.
926 1264 1129 1317 Paucae
1187 1260 1421 1331 reliquas
1483 1260 1755 1325 horrifico
1818 1276 1918 1330 per

262 1350 777 1426 ﬂammasululatu
815 1350 872 1403 in
889 1349 1078 1424 lucem
1099 1350 1647 1419 evadentes,partim
1665 1349 1915 1413 flammis

263 1438 455 1509 obiter
500 1438 987 1515 absumebantur,
1038 1439 1251 1511 partim
1297 1437 1719 1499 semiustulata'.
1778 1454 1917 1492 con-

268 1529 533 1599 cidentes
564 1527 732 1589 facile
764 1526 1227 1599 conficiebantur
1278 1545 1311 1583 a
1368 1528 1579 1605 corvis.
1641 1527 1704 1582 In
1763 1526 1918 1581 hunc

266 1618 509 1693 modum
570 1633 775 1672 omnes
840 1617 909 1670 ad
968 1634 1143 1693 unam
1225 1622 1365 1691 sunt
1422 1625 1645 1688 noctua:
1700 1616 1917 1671 exstin-

263 1710 391 1760 ctaa.
454 1704 654 1783 Victor
709 1692 1194 1782 corvorummrex,
1249 1711 1467 1785 tropiso
1522 1705 1732 1783 posito,
1785 1722 1915 1759 cum

263 1795 386 1849 suis
417 1795 755 1861 ovantibus,
786 1794 845 1863 in
879 1795 1155 1865 antiquas
1195 1795 1387 1869 sedes,
1419 1795 1683 1862 arborem
1715 1794 1921 1849 videli-

264 1890 357 1940 cet
387 1899 456 1938 ex
488 1900 604 1959 qua
638 1888 771 1966 post
826 1883 1050 1939 cladem
1106 1888 1488 1960 recesserant,
1551 1883 1741 1958 rediit.
1800 1883 1921 1938 Ma-

266 1990 385 2045 gna
418 1974 575 2039 inde,
609 1972 813 2049 merito
847 1988 976 2041 suo,
1001 1977 1057 2027 et
1080 1971 1431 2049 existimatio
1462 1977 1518 2027 et
1548 1972 1736 2042 gratia
1768 1973 1923 2027 corvi

267 2062 708 2139 strategematis
740 2062 1060 2139 inventoris
1109 2062 1253 2121 fuit:
1308 2062 1409 2133 qui
1442 2062 1693 2129 subinde
1750 2063 1924 2117 inter-

269 2156 556 2224 rogatus,;
589 2168 729 2225 num
763 2152 905 2223 quid
931 2151 987 2213 in
1013 2156 1355 2206 noctuarum
1376 2151 1676 2223 republica
1704 2151 1840 2206 boni
1860 2166 1925 2207 ac

268 2238 591 2317 laudabilis
624 2240 850 2313 fuisset,
897 2240 1087 2295 dicere
1132 2239 1339 2318 solitus
1384 2245 1525 2308 erat,
1561 2239 1790 2295 nullum
1844 2239 1923 2294 ibi

2015 547 2112 616 qui
2149 550 2372 610 auctor,
2400 548 2463 599 ut
2494 544 2772 609 diximus,
2808 545 3205 601 Archibuboni
3239 550 3426 605 fuerat
3458 570 3658 623 suspe-

2017 634 2091 687 cti
2126 636 2439 702 transfugae
2473 633 2815 702 perimendi.
2841 634 2930 687 Ab
2953 636 3152 690 eodem
3179 654 3309 693 cum
3348 642 3662 714 aliquando

2020 724 2326 793 quaesisset
2359 738 2452 777 rex
2488 723 2779 793 quomodo
2811 724 2960 777 inter
2980 730 3098 780 tam
3134 725 3361 785 invidas
3391 737 3447 786 et
3477 734 3663 790 irrita-

2022 812 2171 867 biles
2204 812 2420 867 bestias
2452 812 2761 866 duraretot
2782 812 2988 869 diebus
3012 816 3316 884 potuisset,
3356 820 3661 891 Patientia,

2021 901 2343 972 inquiebat,
2367 905 2423 959 et
2467 900 2766 969 obsequiis
2820 902 3140 969 quamlibet
3193 906 3401 963 infensi
3455 913 3663 969 saltem

2023 990 2091 1043 ad
2126 991 2357 1059 brevem
2393 1006 2563 1046 usum
2598 990 2980 1057 deliniuptur.
3026 993 3170 1055 Quid
3223 998 3378 1052 ranis
3430 1006 3665 1059 exusius

2023 1078 2206 1150 hydro
2236 1079 2498 1150 ipsarum
2533 1079 2848 1148 praedone?
2870 1084 3065 1143 tamen
3102 1083 3350 1154 hydrum
3386 1089 3523 1146 olim
3550 1095 3666 1147 villi

2025 1168 2386 1238 decrepitum
2420 1168 2602 1236 senio,
2628 1168 2726 1238 qui
2752 1172 3132 1240 postquamin
3157 1174 3367 1244 palude
3400 1184 3517 1235 tota
3550 1183 3667 1238 vita

2028 1258 2330 1330 piraticam
2365 1258 2596 1329 iactarat,
2630 1258 2790 1324 ranis
2821 1276 2882 1316 se
2937 1261 3324 1333 ingurgitans,
3361 1273 3512 1339 quod
3540 1274 3665 1342 jam

2025 1347 2220 1412 venari
2251 1346 2491 1418 defectis
2522 1346 2743 1413 viribus
2774 1354 2831 1415 et
2862 1350 3097 1415 amissis
3134 1354 3409 1412 dentibus
3465 1364 3668 1430 nequi-

2028 1442 2134 1503 ret,
2176 1437 2490 1507 vectpriam
2550 1452 2785 1507 operam
2848 1439 3006 1509 ranis
3056 1440 3262 1498 iisdem
3325 1462 3425 1516 per
3479 1446 3670 1506 lacum

2028 1525 2517 1595 commeantibus,
2567 1526 2722 1580 unde
2774 1526 3078 1595 victitaret,
3112 1531 3207 1596 vili
3271 1538 3533 1593 mercede
3592 1540 3675 1594 lo-

2029 1615 2218 1679 cabat,
2251 1614 2636 1683 intuebarqua
2668 1615 2968 1671 admirans
3001 1618 3392 1689 inequitantes
3435 1626 3513 1680 illi
3550 1634 3676 1684 tan-

2031 1720 2205 1773 quam
2234 1704 2502 1771 jumento
2561 1718 2798 1763 securas
2860 1721 3034 1761 ranas
3083 1709 3222 1763 dum
3283 1728 3381 1767 eas
3424 1732 3524 1785 per
3556 1725 3673 1774 sta-

2031 1808 2212 1862 gnum
2247 1807 2596 1861 quocunque
2619 1792 2896 1862 juberent
2927 1795 3176 1856 obnoxie
3224 1807 3494 1869 portaret.
3540 1808 3678 1863 Poet

2035 1881 2151 1937 hanc
2166 1880 2870 1951 exposita,disputatiouis
2885 1887 3678 1958 gymnosophistasummum

2034 1970 2336 2040 colligens.
2363 1970 2471 2039 Qui
2501 1969 2677 2033 hosti,
2710 1968 2808 2035 ait,
2847 1974 3219 2041 reconciliata
3260 1980 3373 2035 cito
3419 2001 3483 2038 ac
3540 1986 3677 2041 levi-

2034 2064 2124 2114 ter
2154 2058 2483 2127 crediderit,
2518 2058 2669 2129 hunc
2721 2076 2823 2129 par
2857 2069 3052 2130 manet
3111 2064 3495 2128 infortunium
3553 2078 3681 2146 ejus

2037 2166 2152 2220 quo
2184 2153 2325 2203 sunt
2354 2165 2385 2202 a
2408 2147 2614 2217 corvis,
2640 2152 2703 2216 ut
2724 2149 3681 2227 esthactenusnarratummoctum

2038 2244 2319 2293 mactatze.

1452 2491 1924 2561 DISSERTATIO
1978 2490 2410 2558 PARAHULICA
2442 2488 2508 2543 v.

273 2598 904 2662 Traducz'tstultz'liam
935 2618 1132 2663 eorum
1163 2600 1268 2679 qui
1297 2600 1545 2689 assesufi
1584 2599 1744 2678 quod
1771 2607 1999 2700 optsat,
2021 2597 2100 2700 μί
2156 2596 2529 2700 elabiszbime
2582 2596 2852 2658 manibus
2910 2604 3156 2667 sinunt:
3202 2621 3279 2681 nt,
3341 2619 3451 2692 qui
3500 2620 3693 2700 cla/.3;

1256 2677 1629 2757 gravissimis
1656 2678 1971 2755 periculis,
2008 2678 2195 2737 denuo
2226 2697 2283 2736 se
2317 2679 2387 2753 iis
2420 2677 2701 2755 offerunt.

343 2805 723 2861 Satisfactum
760 2805 869 2859 sibi
904 2822 1000 2859 rex
1034 2804 1127 2859 his
1158 2804 1377 2859 auditis
1405 2804 1756 2875 significavit
1789 2822 1929 2859 con-

274 2898 550 2966 dictoque
581 2894 638 2949 in
674 2894 824 2949 diem
872 2899 1168 2965 posterum
1206 2911 1351 2949 novo
1396 2893 1707 2965 colloquio,
1742 2894 1811 2947 ab
1842 2911 1933 2949 re-

272 3002 442 3040 verso
488 2985 831 3055 tempestive
879 2984 1366 3055 gymnosophista
1412 2984 1594 3052 petiit,
1646 3000 1931 3055 exponere

278 3075 489 3127 sibine
514 3082 870 3141 grevaretur,
900 3074 1190 3142 quomodo
1214 3072 1578 3142 contingeret
1608 3073 1721 3125 voti
1772 3088 1929 3126 com-

280 3167 449 3235 potes
486 3164 689 3227 factos,
723 3162 915 3216 sinere
945 3161 1054 3215 sibi
1089 3162 1235 3215 elabi
1271 3179 1300 3216 e
1328 3160 1629 3231 complexu
1682 3178 1799 3217 rem
1834 3179 1932 3215 cu-

278 3254 487 3325 pitam,
522 3258 578 3307 et
607 3269 735 3307 eam
770 3253 987 3306 frustra
1011 3252 1219 3309 deinde
1252 3252 1567 3323 requirere.

356 3343 400 3397 I.
434 3345 517 3397 Ad
551 3342 666 3398 tale
708 3342 1021 3413 quaesitum
1054 3342 1137 3395 sic
1169 3358 1411 3397 exorsus
1452 3342 1940 3414 gymnosorhista

278 3448 495 3487 novum
540 3449 871 3495 sermonem
915 3436 1004 3487 est
1040 3450 1050 3485 :
1086 3431 1326 3498 Simius,
1380 3449 1558 3503 regno
1611 3432 1817 3503 pulsus
1865 3433 1937 3487 ab

277 3520 531 3591 ingratis
564 3521 1359 3591 subditis,ingravescentem
1379 3522 1501 3589 jam
1528 3523 1654 3591 ejus
1678 3527 1938 3576 contem-

277 3611 561 3667 nentibus
582 3616 837 3678 aetatem,
870 3609 1182 3679 ingloriam
1217 3612 1380 3665 exsul
1404 3611 1705 3666 obtinebat
1736 3611 1937 3667 statio-

278 3717 415 3756 nem
450 3700 506 3754 in
532 3700 723 3755 vicina
757 3699 988 3754 cuidam
1023 3698 1173 3755 lacui
1209 3699 1481 3766 ﬁculnea,
1513 3701 1684 3770 cujus
1716 3706 1773 3755 et
1820 3701 1938 3756 fru-

278 3794 377 3846 ctu
414 3789 736 3851 victitabat.
770 3794 911 3844 Brat
943 3806 972 3843 e
1014 3792 1247 3861 regione
1290 3790 1445 3845 intra
1502 3795 1777 3862 stagnum
1813 3791 1938 3846 her.

276 3881 445 3945 bosa,
482 3878 580 3933 sed
615 3878 832 3945 brevis,
866 3877 1081 3942 insula,
1112 3895 1215 3933 nec
1258 3878 1529 3933 humana:
1563 3880 1944 3936 habitationis

277 3986 485 4041 capax,
519 3984 585 4023 ex
637 3985 757 4038 qua
798 3969 945 4022 freto
1000 3972 1357 4039 perangusto
1406 3975 1653 4023 enatans
1692 3970 1943 4025 subinde

282 4062 346 4115 in
381 4058 780 4122 continentem
815 4058 1048 4112 testudo
1101 4058 1438 4123 ventitabat,
1476 4059 1583 4113 sub
1616 4060 1803 4130 ipsam
1860 4060 1939 4115 si-

282 4148 403 4203 mio
461 4149 748 4201 insessam
803 4147 1113 4201 ficulneam
1170 4148 1482 4203 transiens.
1525 4150 1780 4219 Contigit
1830 4149 1939 4204 sub

283 4242 656 4293 momentum
682 4237 811 4306 ejus
835 4237 1122 4291 transitus
1147 4237 1321 4291 ficum
1344 4243 1636 4293 maturam
1658 4242 1864 4309 sponte
1882 4240 1940 4295 in

281 4345 351 4382 su
365 4327 612 4397 bjectam
638 4327 789 4381 viam
806 4328 1033 4380 cadere.
1073 4327 1209 4381 Eam
1236 4328 1470 4382 testudo
1493 4333 1790 4397 gustatam
1817 4328 1941 4382 obi-

278 4424 391 4485 ter,
426 4432 556 4470 cum
588 4432 828 4470 suavem
878 4417 1211 4487 probasset,
1257 4434 1370 4472 non
1404 4420 1814 4473 sobumtotam
1840 4435 1938 4473 co-

281 4506 490 4574 medit,
523 4506 621 4575 sed
655 4509 713 4562 et
739 4512 913 4579 caput
946 4505 1220 4575 attollens
1252 4506 1515 4581 inhiabat
1546 4508 1937 4578 pendentibus

282 4594 529 4651 caeteris.
565 4594 714 4650 Risit
743 4594 863 4650 haac
896 4612 1142 4651 cernens
1175 4596 1404 4663 simius,
1440 4602 1496 4652 et
1527 4614 1705 4653 unam
1740 4597 1823 4652 illi
1857 4603 1941 4654 at-
1976 4581 2020 4646 Π

283 4701 401 4757 que
435 4684 681 4739 alteram
713 4685 995 4761 dejiciens
1030 4686 1229 4757 ﬁcum,
1264 4689 1436 4758 longo
1468 4687 1630 4742 illam
1673 4704 1942 4744 sermone

277 4789 433 4847 saepe
465 4773 789 4844 detinebat,
820 4773 990 4851 laetus
1015 4791 1075 4829 se
1096 4768 1403 4846 reperisse,
1430 4776 1669 4847 quicum
1703 4764 1942 4835 taedium

282 4862 627 4937 solitudinis
660 4863 1060 4941 qualicunque
1102 4866 1579 4921 confabulatione
1630 4868 1941 4925 solaretur.

286 4953 721 5025 Dominsbatur
768 4953 825 5030 in
868 4970 933 5030 ea
966 4971 1143 5033 quam
1178 4955 1296 5009 dixi
1318 4954 1483 5027 lacus
1515 4955 1711 5031 insula
1731 4959 1947 5033 conjux

282 5042 628 5121 testudinis,
661 5044 759 5115 qui
796 5061 911 5121 non
945 5032 1123 5122 semel
1158 5045 1407 5123 miratus
1438 5046 1665 5121 tardius
1688 5047 1815 5116 jam
1848 5032 1943 5111 so?

284 5133 394 5211 lito
425 5133 494 5188 ad
530 5150 593 5189 se
627 5150 863 5208 uxorem
910 5134 1139 5217 reverti,
1175 5139 1552 5213 percontatus
1602 5152 1669 5215 ex
1720 5153 1787 5192 ea
1844 5138 1943 5194 ubi

282 5229 521 5291 tantum
548 5229 897 5303 moraretur,
923 5241 1050 5295 que
1076 5225 1249 5283 modo
1274 5225 1443 5281 retuli
1469 5226 1540 5282 de
1560 5225 1669 5293 ficu
1695 5230 1752 5281 et
1774 5226 1946 5283 simio

288 5314 514 5379 audivit
543 5313 615 5368 ab
651 5312 771 5387 illa,
820 5319 1032 5390 puncta
1075 5313 1516 5385 simplicissime
1548 5315 1784 5395 fatente.
1822 5317 1944 5393 Ille,

288 5420 392 5459 seu
429 5420 550 5479 rem
586 5405 1001 5478 interpretatus
1047 5398 1376 5479 sequiorem
1438 5404 1495 5484 in
1558 5410 1806 5484 partem,
1842 5422 1945 5464 seu

288 5498 629 5571 suspectam
679 5494 954 5549 viciniam
1014 5498 1287 5573 metuens
1349 5495 1528 5574 astuti
1582 5496 1945 5575 veteratoris,

289 5584 568 5664 decreyit,
602 5586 652 5640 si
684 5602 802 5659 qua
833 5592 1050 5665 posset,
1086 5585 1328 5665 simium
1361 5587 1623 5657 perdere,
1655 5586 1947 5664 istiusun

290 5675 411 5749 voti
443 5675 557 5753 sibi
588 5676 934 5757 conficiendi
994 5676 1143 5757 hanc
1203 5675 1372 5731 inivit
1430 5678 1737 5758 rstiopem.
1768 5677 1946 5755 Paulg

2043 2808 2173 2874 post
2212 2803 2331 2857 hzec
2363 2802 2560 2856 audita
2614 2804 2910 2860 simulaxit
2944 2812 3234 2883 morbum,
3263 2822 3318 2871 et
3352 2822 3533 2877 multa
3589 2845 3690 2897 per

2044 2898 2271 2947 noctem
2312 2898 2558 2961 questus
2620 2895 2787 2963 quasi
2844 2900 3094 2965 graviter
3125 2905 3364 2976 doleret,
3410 2895 3689 2981 postridie

2041 2982 2205 3037 uxori
2239 2982 2404 3047 dixit,
2440 2983 2585 3036 alias
2618 3000 2678 3037 se
2704 2985 2824 3053 pari
2848 2984 3528 3072 langnorelahorantem,
3550 3022 3691 3073 gus-

2040 3078 2182 3138 tato,
2219 3088 2397 3125 suasu
2444 3072 2650 3125 medici
2686 3076 2857 3128 corde
2897 3078 3056 3131 simii
3086 3098 3151 3135 ex
3184 3100 3249 3137 eo
3283 3072 3688 3147 convaluisse:

2048 3162 2158 3216 iret
2186 3161 2391 3231 igiltur
2416 3161 2463 3215 si
2493 3177 2553 3215 se
2588 3168 2827 3231 amaret,
2865 3182 2930 3219 ac
2962 3177 3244 3237 quantum
3282 3187 3473 3245 posset
3505 3141 3693 3241 orm-ci

2209 3222 2241 3231 ..
2820 3222 2825 3231 μ
2983 3222 2993 3237 .
3282 3222 3473 3245 ,ινυυυι
3506 3222 3691 3241 mute.

1966 3222 2008 3286 C
2051 3252 2290 3306 simium
2360 3250 2620 3320 qumsitis
2672 3252 2804 3307 aliis
2858 3260 3251 3326 prmtextihus,
3286 3260 3287 3263 “
3317 3271 3691 3329 transfretare

2040 3340 2099 3395 in
2134 3341 2388 3403 insuam,
2422 3357 2483 3394 se
2515 3341 2686 3395 dorso
2718 3358 2850 3397 eum
2884 3346 3198 3415 trajectum
3231 3370 3301 3409 ne
3330 3369 3689 3429 gravaretur,

2043 3433 2263 3487 Annuit
2294 3430 2415 3493 illa,
2450 3436 2507 3484 et
2538 3430 2733 3486 statim
2769 3434 2878 3487 sub
2930 3435 3104 3493 ficum
3159 3444 3390 3501 rediens
3448 3452 3687 3511 simium

2042 3520 2309 3575 invitavit
2339 3521 2409 3575 ad
2443 3520 2763 3591 hospitium
2808 3524 2897 3578 sui
2951 3531 3243 3604 conjugis,
3289 3539 3588 3609 cepiosum
3634 3546 3691 3601 in

2043 3609 2239 3665 insula
2260 3611 2622 3669 domicilium
2661 3617 2949 3673 habentis.
2996 3622 3239 3691 Simius,
3276 3628 3597 3698 tristitiam,
3630 3640 3693 3688 ut

2044 3698 2183 3767 dixi,
2218 3700 2554 3759 solitudinis
2588 3707 2813 3761 dudum
2838 3708 3027 3765 ferens
3058 3713 3442 3784 moleste,non
3469 3719 3695 3776 illibmz-

2043 3793 2130 3844 ter
2158 3795 2244 3844 est
2278 3807 2600 3865 assensus;
2636 3812 2880 3869 moxque
2936 3808 3172 3858 secutus
3212 3809 3565 3865 testudinem
3623 3815 3689 3868 ad

2044 3878 2232 3947 littus,
2264 3880 2343 3935 ibi
2375 3884 2502 3953 ejus
2537 3887 2792 3942 natantis
2824 3896 2980 3961 testa)
3024 3893 3252 3951 insedit.
3290 3895 3397 3953 Vix
3433 3902 3691 3957 medium

2045 3970 2263 4024 fretum
2297 3972 2667 4041 trajecerant,
2703 3994 2837 4032 cum
2871 3980 3046 4036 ﬂuctu
3074 3988 3439 4042 commotiori
3464 3995 3693 4047 tantum

2046 4076 2159 4114 non
2192 4076 2475 4117 excussus
2508 4064 2740 4133 simius,
2778 4068 2982 4125 timere
3019 4072 3246 4143 lapsum
3280 4081 3336 4132 et
3379 4080 3694 4137 demersim-

2047 4166 2177 4203 uem
2233 4152 2425 4221 cmpit,
2450 4155 2931 4229 testudinemque
2955 4156 3157 4217 orabat
3188 4170 3251 4219 ut
3282 4184 3344 4221 se
3375 4172 3697 4227 continenti

2047 4240 2337 4295 redderet.
2373 4243 2458 4296 Ad
2492 4247 2646 4313 quod
2680 4245 2801 4313 illa,
2836 4249 3211 4320 simplicitate
3234 4257 3342 4310 sibi
3366 4260 3557 4328 solita,
3593 4262 3697 4317 Mi-

2047 4328 2203 4384 nime
2236 4330 2466 4411 faciam,
2502 4334 2729 4403 inquit;
2766 4355 2902 4393 nam
2936 4345 2989 4393 to
3049 4343 3137 4397 vir
3185 4361 3353 4402 meus
3402 4357 3698 4419 exspectat

2045 4422 2144 4473 tuo
2175 4420 2327 4475 vesci
2361 4424 2532 4478 corde
2563 4425 2848 4495 cupiens:
2880 4445 3089 4502 nempe
3121 4432 3174 4488 id
3211 4436 3421 4503 morbi,
3465 4456 3580 4511 quo
3613 4440 3693 4497 la-

2045 4508 2234 4579 borat,
2269 4517 2493 4568 certum
2514 4514 2633 4569 fore
2656 4517 2981 4585 remedium
3005 4522 3319 4582 existimat.
3342 4508 3580 4599 Simius,
3606 4535 3698 4591 his

2054 4599 2292 4666 auditis,
2322 4599 2478 4655 aliud
2506 4603 2631 4672 jam
2667 4604 2883 4659 malum
2920 4610 3154 4677 gravius
3185 4615 3700 4676 submersione'ti-

2056 4706 2243 4767 mens'
2278 4708 2365 4765 ac,
2394 4694 2549 4764 quod
2582 4694 2767 4766 aiunt,
2801 4699 3173 4767 naufragium
3206 4704 3264 4769 in
3315 4714 3506 4779 portu,
3539 4718 3700 4772 tanto

2055 4780 2357 4877 ardentius
2398 4784 2625 4877 regredi
2657 4786 2921 4855 Optabat.
2964 4789 3164 4862 Itaque
3202 4798 3485 4855 testudini
3536 4822 3700 4877 repo-

2057 4870 2212 4928 suit:
2248 4870 2307 4926 Si
2339 4870 2447 4927 boc
2480 4872 2714 4943 quidem
2747 4880 2836 4932 est
2868 4883 2932 4932 ut
2977 4880 3146 4947 dicis,
3180 4887 3566 4951 reﬂectendus
3602 4870 3702 4952 ne-

2056 4961 2551 5055 cessarioucursus
2584 4968 2672 5018 est
2703 4982 2838 5044 nam
2870 4984 2968 5024 cor
3000 4986 3196 5035 meum
3232 4977 3325 5034 hic
3356 4997 3468 5038 non
3494 4984 3702 5055 habeo,

2057 5048 2606 5141 solitusilluddpmi
2630 5053 2962 5129 relinquere
2985 5075 3113 5115 cum
3140 5063 3337 5136 aliquo
3368 5048 3707 5141 proﬁciscor

2058 5138 2242 5211 animi
2299 5140 2507 5211 gratia.
2569 5140 2775 5213 Quare,
2836 5147 2884 5203 si
2937 5148 3040 5219 tibi
3100 5138 3557 5224 videtur,_refer
3614 5185 3705 5225 me

2057 5230 2334 5285 continuo
2375 5231 2446 5284 ad
2495 5230 2663 5287 littus
2694 5236 2845 5290 unde
2875 5237 3181 5307 solvimus,
3214 5250 3268 5300 et
3292 5248 3370 5305 ibi
3396 5268 3488 5308 me
3511 5272 3706 5329 exspe-

2057 5323 2186 5384 cta;
2221 5318 2511 5393 curriculo
2544 5320 2699 5379 enim
2746 5324 2816 5379 ad
2867 5325 3044 5387 ticum
3096 5348 3358 5407 pergam,
3418 5349 3476 5399 et
3531 5318 3705 5404 σοπῖδθ

2060 5423 2301 5502 mecum.
2352 5413 2588 5502 sumpto
2638 5411 2837 5467 statim
2872 5417 3046 5473 adero
3078 5419 3290 5481 iterum
3327 5432 3701 5502 trajecturus.

2060 5497 2333 5552 Probavit
2386 5497 2696 5561 consilium
2776 5502 2891 5558 doli
2970 5510 3165 5565 nescia
3212 5497 3466 5588 testudo,
3525 5528 3704 5581 remi-

2056 5587 2340 5659 giumque
2368 5586 2645 5652 inhibens
2676 5607 2741 5646 ac
2782 5609 3014 5665 proram
3045 5609 3295 5674 vertens,
3332 5586 3520 5682 ripam
3555 5621 3707 5673 υῃειο

2056 5680 2293 5747 venerat
2390 5678 2656 5751 repetiit.
2731 5686 3180 5763 expositumque
3265 5678 3509 5760 simium
3606 5711 3707 5766 ad-
