4248 6442
642 356 781 411 1319

2153 355 2537 409 ΛΡΡΕΝΒΙΧ.

3916 362 4053 417 1220

644 478 872 533 monuit
929 481 993 531 ut
1025 479 1343 530 maturaret
1401 479 1636 546 sumpto
1696 492 1893 530 secum
1953 475 2126 529 corde
2173 474 2282 529 ibi-
2316 480 2369 545 Α
2400 481 2684 532 Annuens
2716 479 2920 535 asinus
2951 480 3132 536 vastis
3174 482 3418 537 auribus
3450 483 3521 537 ad
3553 482 3771 538 omnia.
3806 501 3921 539 non
3948 486 4051 538 du-

640 568 771 621 dem
822 583 883 621 se
932 566 1162 630 sistere,
1220 564 1320 619 ubi
1369 580 1500 618 eum
1551 565 1952 635 opperituram
2003 579 2065 619 se
2113 581 2289 635 spon-

637 656 831 711 debaL

710 745 776 799 ΙΙ.
812 746 883 798 At
911 743 1141 812 simius,
1170 742 1329 815 gravi
1370 758 1433 798 se
1466 742 1807 797 defunctum
1870 740 2125 812 periculo
2156 758 2288 811 gra-

636 834 852 899 tulans,
887 832 1021 887 ﬁcui
1054 848 1115 887 se
1145 848 1263 886 suae
1292 831 1675 902 cupidissime
1715 829 1974 884 reddidit
2005 846 2016 884 :
2052 828 2289 900 illicque

634 922 947 977 stultitiam
982 939 1150 977 suam
1183 922 1497 985 damnans,
1531 920 1659 975 dira
1689 920 1803 975 sibi
1833 919 2287 991 imprecabatur,

634 1013 683 1067 si
718 1028 979 1083 unquam
1016 1011 1285 1080 cujusvis
1319 1011 1591 1081 precibus
1626 1010 1760 1064 inde
1800 1023 1863 1063 se
1914 1007 2103 1075 avelli,
2138 1026 2283 1079 pras-

632 1102 833 1157 sertim
867 1101 1226 1171 inexplorato
1256 1117 1372 1171 quo
1404 1101 1597 1154 iturus
1647 1102 1804 1153 esset
1850 1098 1996 1165 loco,
2046 1098 2283 1153 sineret.

702 1195 880 1245 Porro
912 1190 1169 1254 testudo,
1192 1194 1504 1261 postquam
1527 1187 1703 1259 longo
1723 1191 2117 1258 exspectasset
2137 1191 2283 1240 tem-

633 1298 789 1352 pore,
847 1297 1043 1335 moras
1103 1281 1475 1351 increpatura
1533 1278 1789 1351 perrexit
1846 1278 1957 1332 sub
1990 1277 2280 1332 arborem.

632 1370 922 1439 simioque
972 1369 1341 1424 familiariter
1388 1373 1610 1423 vocato.
1646 1372 1689 1422 Ο
1738 1372 1815 1435 te,
1844 1367 1946 1432 ait,
1996 1364 2278 1421 tardum!

631 1461 857 1515 dudum
892 1459 1194 1531 trajecisse
1243 1461 1302 1514 in
1351 1458 1676 1514 insululam
1726 1463 2082 1528 oportuerat.
2132 1461 2279 1510 Tum

630 1548 843 1605 simius
875 1549 1148 1615 irridens,
1182 1547 1224 1603 Ο
1258 1548 1433 1615 bona,
1472 1547 1688 1617 inquit,
1742 1563 1842 1600 cor
1871 1561 2093 1609 meum,
2125 1548 2277 1616 post.

629 1655 807 1709 quam
839 1638 980 1693 illud
1013 1637 1107 1691 hic
1140 1636 1350 1708 reperi,
1385 1637 1659 1707 navigare
1681 1652 1774 1690 me
1800 1634 2056 1705 amplius
2087 1639 2274 1689 vetat:

629 1744 811 1798 quare
840 1727 964 1782 viro
996 1730 1096 1780 tuo
1127 1741 1339 1781 conseo
1369 1724 1604 1779 nunties
1626 1740 1697 1777 ne
1721 1739 1782 1778 se
1806 1728 2061 1777 maceret
2081 1739 2277 1793 exspe-

625 1817 879 1871 ctatione
912 1815 1024 1871 mei
1052 1833 1067 1871 :
1102 1832 1214 1870 non
1247 1814 1405 1870 enim
1437 1814 1610 1869 modo
1640 1816 1807 1867 vacat
1838 1812 2033 1883 ipsum
2064 1812 2273 1880 visere,

624 1911 682 1960 et
714 1906 927 1975 alioqui
959 1904 1262 1976 aegrotanti
1296 1900 1703 1972 mediciquam
1727 1900 1882 1955 simii
1908 1899 2276 1969 expetibilior

622 1996 909 2050 adventus
940 1998 1047 2048 est.
1082 1994 1403 2064 Suggeram
1437 1990 1607 2046 etiam
1634 1989 1740 2044 tibi
1771 1988 2272 2044 narratiunculam

623 2102 738 2155 qua
770 2083 898 2153 ejus
929 2082 1105 2137 taedia
1159 2079 1499 2152 languentis
1559 2078 1893 2133 demulccas
1921 2093 1933 2130 :
1967 2078 2275 2149 [Egrotans

618 2174 679 2227 in
720 2172 866 2227 silva
896 2170 985 2227 leo
1041 2170 1215 2241 vulpe
1247 2170 1520 2225 ministra
1549 2168 1843 2223 utebatur.
1881 2166 2272 2221 Observabam

624 2280 729 2336 ego
771 2280 891 2331 eos,
952 2262 1361 2317 inobservatus
1419 2277 1485 2315 ex
1547 2259 1753 2313 arbore
1810 2258 2161 2329 propinqua,
2221 2261 2278 2311 et

623 2352 851 2408 leonem
877 2350 1071 2406 audivi
1105 2350 1394 2405 dicentem
1426 2348 1585 2419 vulpi
1621 2364 1633 2401 :
1667 2346 1903 2403 Memini
1940 2346 2081 2401 mihi
2135 2345 2273 2401 olim

622 2443 695 2497 ab
718 2442 940 2514 optimo
969 2440 1192 2496 medico
1224 2438 1545 2511 praescribi,
1580 2441 1644 2492 ut
1672 2437 1719 2492 si
1751 2437 1960 2492 iterum
1986 2452 2051 2492 eo
2077 2436 2275 2491 morbo

620 2531 946 2587 laborarem
974 2547 1090 2599 quo
1124 2533 1264 2584 tunc
1295 2544 1531 2598 quoque
1562 2527 1849 2591 tentabar,
1885 2524 1984 2579 illo
2018 2541 2110 2580 me
2169 2541 2272 2579 cu-

620 2626 804 2685 rante,
838 2638 937 2675 cor
966 2624 1023 2674 et
1046 2609 1246 2674 aurem
1280 2618 1429 2672 asini
1457 2633 1742 2683 vorarem,
1778 2615 1993 2670 melius
2050 2614 2272 2681 statim,

616 2710 877 2765 antidoto
910 2708 1032 2775 tali,
1059 2707 1370 2763 valiturus.
1403 2707 1517 2761 Cur
1546 2722 1743 2760 cessas
1792 2704 1994 2775 igitur,
2028 2720 2133 2758 nec
2164 2702 2276 2757 cito

619 2800 762 2855 mihi
797 2794 1064 2855 alicunde
1096 2799 1329 2854 asinum
1365 2796 1527 2851 sistis
1552 2796 1706 2850 unde
1731 2794 1867 2849 mali
1904 2810 2019 2865 quo
2062 2793 2275 2848 misere

619 2890 945 2945 discrucior
964 2887 1292 2942 remedium
1328 2902 1558 2941 sumam
1595 2885 1622 2939 ?
1654 2884 1918 2939 Profecta
1966 2882 2161 2937 subito
2204 2882 2273 2936 ad

609 2980 844 3049 jussam
875 2976 1359 3049 perquisitionem
1394 2973 1619 3045 vulpes,
1654 2990 1770 3028 non
1802 2971 1975 3043 longe
2006 2970 2125 3026 illic
2174 2988 2276 3042 pa-

620 3072 880 3124 scentem
916 3064 1165 3121 asellum
1216 3065 1383 3131 vidit,
1416 3079 1669 3134 eumque
1727 3062 1955 3126 adiens,
1991 3061 2165 3128 l’leus,
2228 3068 2278 3113 te

622 3159 840 3230 ipsum,
864 3158 1080 3229 inquit,
1107 3147 1464 3227 quaerebam.
1500 3154 1691 3209 Habes
1723 3169 1839 3207 non
1885 3149 2086 3223 procul
2135 3149 2274 3205 hinc

618 3249 856 3303 fratrem
892 3245 1207 3318 quemdam
1233 3248 1426 3309 tuum,
1459 3242 1562 3315 qui
1596 3246 1651 3297 te
1684 3241 1848 3313 cupit
1878 3239 2140 3311 alloqui;
2176 3256 2265 3305 ne,

616 3354 871 3410 quasso,
905 3334 1166 3409 graveris
1198 3334 1267 3389 ad
1303 3350 1438 3389 eum
1470 3337 1525 3388 te
1551 3332 1835 3397 conferre,
1871 3331 2083 3385 ducam
2116 3334 2274 3384 recta

618 3442 723 3481 nec
752 3426 995 3498 longum
1032 3427 1142 3478 iter
1171 3427 1279 3478 est.
1314 3422 1537 3477 Annuit
1567 3420 1806 3475 credula
1835 3418 2045 3486 bestia,
2093 3433 2273 3489 seque

618 3516 850 3571 inviam
885 3515 1002 3569 dat.
1036 3512 1136 3567 Cui
1189 3511 1383 3568 obiter
1440 3510 1733 3565 comitans
1792 3507 2018 3578 vulpes,
2078 3507 2160 3561 Ne
2217 3511 2273 3561 te

616 3606 946 3671 conturbet,
980 3605 1079 3674 ait,
1115 3604 1268 3674 quod
1313 3602 1489 3657 frater
1546 3600 1639 3654 hic
1689 3605 1828 3653 tuus
1862 3597 2177 3668 aliquando
2240 3615 2274 3651 a

619 3704 672 3752 te
704 3697 942 3767 tuisque
992 3694 1259 3766 cognatis
1318 3691 1557 3746 diversa:
1610 3690 1807 3743 forma:
1862 3692 1994 3743 est:
2059 3686 2269 3758 pellem

614 3804 717 3856 pro
752 3790 1011 3855 tempore
1045 3783 1236 3836 induit
1258 3780 1455 3851 aliam,
1479 3796 1584 3834 nec
1602 3779 1815 3833 vestitu
1839 3793 2044 3832 omnes
2067 3777 2268 3831 eodem

616 3876 698 3931 uti
737 3892 971 3945 semper
1003 3875 1273 3945 possunt,
1307 3887 1411 3925 nec
1447 3874 1671 3939 tegmen
1707 3866 1963 3923 exterius
1993 3866 2273 3920 immutat

612 3966 902 4019 animum.
935 3966 1063 4015 Hac
1086 3960 1204 4015 illis
1226 3959 1609 4031 loquentibus
1631 3956 1906 4028 apparuit
1932 3954 2133 4028 procul
2160 3955 2268 4022 leo,

613 4062 670 4109 et
702 4054 903 4123 vulpes
934 4069 1066 4107 eum
1100 4058 1265 4123 gestu
1300 4054 1358 4105 et
1405 4048 1574 4103 oculo
1632 4047 1974 4118 designans,
2009 4045 2110 4099 Hic
2158 4050 2268 4113 est,

616 4143 828 4214 inquit,
864 4142 989 4212 ipse
1021 4140 1091 4194 ad
1124 4154 1302 4209 quem
1334 4136 1661 4209 pergimus,
1694 4134 1795 4205 qui
1843 4139 1901 4189 te
1954 4132 2266 4188 desiderat.

2306 1849 2351 1913 Β

2400 566 2605 621 bitavit
2627 569 2802 625 etiam
2838 572 3100 642 proxime
3117 574 3391 628 accedere
3423 573 3672 639 leonem,
3696 575 3797 645 qui
3827 593 4052 647 ungues

2398 655 2454 708 in
2500 672 2633 710 cum
2667 657 2898 730 injitere
2928 667 3195 729 conatus,
3235 663 3491 734 arripere
3549 665 3701 734 quod
3761 667 4049 734 captabat,

2399 748 2599 802 morlio
2650 755 2948 820 gravante,
2981 768 3094 806 non
3134 751 3341 822 potuit.
3370 754 3535 807 Unde
3579 752 3784 808 asinus
3830 755 4049 824 impetu

2398 836 2493 891 illo
2527 841 2766 894 territus
2799 840 3131 909 aufugiens,
3166 840 3352 894 multo
3384 841 3648 895 cucurrit
3668 844 4049 905 externa-tius,

2398 927 2494 981 ubi
2547 930 2720 984 etiam
2774 929 2976 983 hausit
3007 930 3255 984 auribus
3289 929 3391 984 feri
3435 931 3692 1001 prazdam
3752 932 3862 985 sibi
3907 932 4050 1003 eripi

2394 1015 2646 1073 dolentis
2676 1019 3026 1073 iracundum
3060 1020 3346 1089 rugitum.
3381 1020 3504 1073 Sub
3548 1020 3665 1074 haec
3703 1020 3791 1074 leo
3837 1020 4046 1074 iterum

2394 1106 2463 1159 ad
2499 1106 2750 1177 vulpem,
2786 1107 3141 1173 Excidimus,
3174 1108 3387 1178 inquit,
3415 1115 3618 1162 nostra
3638 1125 3761 1179 spe,
3788 1110 4049 1180 abiitque

2393 1194 2449 1248 in
2488 1196 2717 1250 irritum
2751 1195 2980 1266 primus
3011 1196 3103 1250 hic
3132 1201 3399 1251 conatus.
3434 1198 3541 1251 Sed
3576 1197 3736 1251 mille
3766 1199 3870 1251 tibi
3896 1203 4047 1252 artes

2392 1283 2856 1351 euadendisunt,
2892 1300 2997 1337 nec
3048 1284 3293 1354 despero
3355 1285 3498 1354 quin
3561 1285 3608 1339 si
3661 1285 3803 1338 velis
3862 1301 4047 1354 queas

2391 1370 2656 1426 hebetem
2686 1372 2860 1428 istam
2886 1374 3169 1443 pecudem
3206 1374 3416 1427 iterum
3469 1372 3690 1427 fallere.
3751 1373 4047 1443 Exlierire,

2390 1477 2514 1530 age,
2549 1478 2682 1515 nam
2718 1461 2830 1515 nisi
2865 1467 3103 1515 strenue
3124 1462 3387 1531 adjuvas,
3415 1461 3651 1516 morior.
3685 1461 4043 1515 Provinciam

2389 1552 2637 1607 mandas
2659 1552 2981 1621 difficilem,
3008 1553 3267 1623 reposuit
3288 1551 3521 1622 vulpes;
3543 1558 3738 1607 tamen
3764 1558 3825 1607 ut
3847 1554 4045 1612 omnia

2387 1645 2442 1693 ct
2472 1641 2601 1695 volo
2632 1646 2685 1697 et
2728 1642 2910 1696 debeo
2958 1642 3061 1696 tibi
3122 1642 3388 1712 obsequi,
3429 1658 3549 1696 rem
3605 1649 3780 1713 prout
3840 1648 4044 1713 potero

2389 1730 2645 1785 tentabo.
2671 1731 2760 1785 Ab
2784 1730 2877 1785 his
2903 1730 3104 1785 statim
3140 1731 3291 1785 redit
3319 1730 3525 1802 vulpes
3563 1732 3635 1785 ad
3694 1731 3957 1796 asinum,
3990 1737 4045 1786 et

2384 1818 2532 1880 Quid
2580 1819 2683 1872 tibi
2734 1819 2842 1887 vis,
2875 1818 3089 1888 inquit,
3136 1820 3252 1874 isto
3287 1824 3467 1886 metu,
3500 1818 3617 1874 ista
3666 1820 3850 1889 fuga?
3894 1820 4042 1883 Quid

2382 1905 2555 1961 times
2587 1907 2614 1961 ‘?
2644 1912 2889 1962 conatus
2918 1907 3036 1973 ille,
3068 1924 3184 1978 quo
3216 1924 3277 1963 es
3309 1907 3643 1974 exterritus,
3678 1908 3821 1961 nihil
3882 1908 4041 1961 aliud

2384 2012 2558 2066 quam
2599 1997 2791 2052 fratris
2812 2002 2935 2052 erat
2956 1997 3214 2068 impetus
3249 1996 3525 2067 amplecti
3543 2002 3594 2051 te
3609 2013 3823 2068 magno
3844 2014 4045 2052 amore

2382 2087 2692 2158 cupientis.
2719 2086 2992 2142 Pluribus
3022 2104 3171 2158 opus
3192 2104 3307 2142 non
3333 2088 3440 2141 fuit
3461 2088 3532 2142 ad
3573 2087 4038 2159 permovendum

2384 2176 2688 2247 stupidum
2721 2176 2962 2245 animal,
2984 2180 3048 2231 ut
3070 2177 3350 2231 continuo
3369 2176 3439 2231 ad
3467 2176 3657 2231 locum
3684 2177 3838 2229 unde
3864 2177 4041 2229 modo

2382 2265 2475 2320 vix
2504 2266 2702 2321 salvus
2734 2267 3065 2338 aufugerat,
3116 2266 3268 2321 ultro
3315 2270 3726 2321 reverteretur.
3764 2266 3893 2336 Ivit,
3930 2269 4036 2322 ad-

2384 2356 2564 2409 movit
2596 2371 2722 2410 sese
2752 2354 2904 2411 leoni
2934 2359 3052 2410 tam
3086 2359 3358 2426 prope,ut
3402 2354 3500 2409 ille
3546 2355 3816 2425 quamvis
3874 2356 4041 2409 infir-

2383 2459 2517 2497 mus
2542 2442 2704 2497 facile
2735 2442 2903 2497 illum
2937 2460 3134 2514 ungue
3166 2447 3501 2514 correptum
3528 2443 4049 2514 dentejugularet.

2382 2533 2648 2588 Occisum
2681 2533 2893 2588 deinde
2924 2533 3082 2605 vulpi
3116 2533 3379 2601 tradidit,
3414 2533 3703 2588 mandans
3732 2550 3906 2589 aures
3939 2535 4055 2589 sibi

2383 2639 2449 2676 ac
2474 2639 2574 2677 cor
2598 2639 2666 2677 ex
2699 2624 2977 2676 cadavere
3011 2623 3265 2693 praecidi,
3302 2638 3689 2692 seorsumque
3747 2623 3967 2687 afferri,
3998 2628 4057 2676 ut

2385 2710 2725 2782 praescripto
2757 2710 2964 2765 medici
3000 2710 3448 2780 obtemperaret.
3485 2714 3696 2764 Astute
3741 2708 4057 2780 vulpecula

2384 2804 2613 2855 mortuo
2649 2800 2813 2854 asino
2846 2804 3010 2853 extra
3055 2800 3241 2854 leonis
3288 2805 3695 2871 conspectum,
3749 2800 3917 2867 quasi
3986 2800 4054 2854 ad

2383 2888 2825 2959 exsequendum
2873 2888 3182 2959 imperata,
3232 2891 3439 2955 tracto,
3491 2888 3719 2943 decisas
3767 2904 3942 2942 aures
4004 2894 4057 2943 et

2385 2976 2654 3032 avulsum
2679 2993 2710 3030 e
2736 2980 2972 3047 pectore
3002 2993 3100 3031 cor
3132 2976 3261 3047 ipsa
3294 2976 3655 3047 praevoravit,
3684 2992 3872 3047 eoque
3901 2979 4057 3031 facto

2389 3066 2457 3119 ad
2492 3064 2719 3119 leonem
2755 3079 3087 3133 recurrens,
3121 3064 3269 3119 Mira
3298 3079 3414 3132 res,
3447 3064 3551 3130 ait,
3584 3063 3704 3119 haec
3726 3064 3918 3119 bestia
3954 3081 4059 3119 nec

2389 3171 2488 3210 cor
2518 3170 2623 3209 nec
2645 3170 2817 3208 aures
2848 3153 3025 3209 habet
3060 3170 3072 3207 :
3121 3154 3275 3225 quod
3327 3170 3669 3225 quanquam
3722 3170 3881 3208 nunc
3923 3171 4056 3209 sero

2387 3242 2911 3313 deprehendimus,
2932 3251 3125 3298 tamen
3150 3242 3578 3315 suspicarijam
3606 3246 3778 3298 antea
3797 3242 4020 3299 licebat
4044 3266 4057 3301 :

2386 3349 2693 3404 nunquam
2724 3333 2908 3401 enim,
2942 3333 2991 3388 si
3024 3348 3125 3388 cor
3154 3336 3212 3388 et
3244 3349 3415 3388 aures
3446 3332 3775 3399 habuisset,
3808 3350 4055 3404 persua-

2387 3423 2646 3490 deretur,
2700 3438 2836 3476 eum
2898 3421 3071 3492 cujus
3124 3421 3241 3476 vim
3303 3426 3461 3477 esset
3514 3427 3827 3492 expertus,
3882 3425 4060 3491 cujus

2387 3511 2668 3565 infestum
2702 3513 2962 3582 rugitum
2998 3511 3284 3577 audisset,
3311 3512 3547 3566 fratrem
3582 3511 3693 3566 sibi
3719 3527 3850 3565 esse
3880 3511 4063 3566 bene-

2384 3602 2602 3655 volum.
2640 3601 2716 3654 Ex
2750 3601 2856 3655 hac
2914 3600 3125 3655 fabella
3158 3600 3475 3671 intelliges,
3500 3617 3532 3655 0
3582 3601 3841 3664 testudo,
3903 3602 4062 3655 stul-

2383 3690 2590 3745 tiorem
2628 3706 2720 3745 me
2750 3689 2915 3745 asino
2951 3691 3215 3745 futurum
3249 3690 3299 3745 si
3330 3706 3424 3745 me
3449 3690 3557 3744 tibi
3601 3690 3671 3744 ad
3732 3690 4060 3745 macellum

2384 3779 2656 3834 invitanti
2690 3781 3009 3833 crederem.
3047 3783 3153 3845 Ita,
3184 3779 3440 3849 domine,
3494 3779 3574 3833 ait
3634 3778 3751 3848 regi
3808 3795 4060 3850 gymno-

2384 3868 2653 3939 s0phista
2682 3884 3014 3923 sermonem
3060 3867 3394 3935 absolvens,
3417 3867 3516 3939 qui
3553 3868 3934 3923 occasionem
3983 3868 4063 3923 rei

2382 3962 2593 4029 optata:
2616 3957 2989 4012 conficiendae
3011 3956 3460 4013 semeloblatam
3496 3956 3646 4011 elabi
3684 3956 3797 4012 sibi
3824 3958 4065 4027 patiun-

2381 4050 2498 4113 tur,
2530 4048 2748 4100 frustra
2778 4044 2912 4099 dein
2946 4045 3272 4100 revocanda
3313 4043 3413 4099 illa
3445 4051 3745 4116 satagunt.

1782 4401 2262 4460 DlSSERTATIO
2295 4402 2735 4458 PARABOLICA
2769 4403 2865 4457 VI.

618 4578 621 4581 .
660 4523 902 4584 udibrz’o
933 4521 1181 4602 exponit
1235 4518 1799 4599 pra/estinalionem
1823 4513 2068 4573 otiosam
2106 4510 2539 4652 longinguaet
2584 4514 2809 4573 incerta
2856 4512 3399 4592 praeoccupantium
3442 4512 3837 4592 praesentibus
3895 4513 4065 4573 curis

2179 4612 2317 4652 amo
2345 4602 2479 4652 cett.

2179 4612 2317 4673 amp
2324 4602 2458 4653 lecti
2466 4640 2479 4652 .

679 4734 863 4795 Quam
894 4743 1131 4791 vanum,
1167 4724 1417 4780 stultum
1450 4725 1507 4776 et
1538 4720 1834 4774 interdum
1894 4717 2132 4772 noxium
2166 4717 2264 4784 sit,
2301 4719 2343 4782 ι)
2378 4733 2550 4772 suum
2583 4718 2899 4787 quemdam
2933 4721 2991 4772 et
3021 4717 3249 4790 vulgari
3282 4718 3462 4773 aitius
3498 4719 3673 4773 modo
3724 4718 4061 4789 sapientem

609 4820 1008 4893 prael'estinare
1036 4816 1209 4881 votis,
1244 4819 1301 4869 et
1339 4812 1496 4867 inani
1529 4809 1925 4866 destinatione
1958 4806 2270 4862 imminere

607 4909 982 4966 successibus
1015 4906 1187 4977 longe
1219 4903 1412 4958 adhuc
1445 4902 1502 4955 in
1536 4901 1801 4955 futurum
1852 4896 2266 4969 pendentibus.

603 5019 669 5055 ae
707 5018 804 5056 eos
849 5014 952 5069 spe
1003 4993 1335 5067 impatienti
1387 4992 1722 5064 praecipere,
1784 4986 2104 5043 declaravit
2161 4986 2267 5041 ali-

604 5090 841 5161 quando
873 5088 966 5142 his
1000 5082 1283 5155 exemplis
1317 5078 1808 5155 gymnosophista
1838 5076 1958 5148 regi
2011 5077 2265 5131 Abessa-

607 5180 778 5245 lome,
812 5175 1009 5232 doceri
1050 5175 1122 5229 de
1166 5172 1279 5227 hoc
1343 5172 1471 5242 ipso
1518 5166 1867 5241 postulanti,
1929 5164 2177 5236 loquens
2206 5165 2267 5220 in

606 5270 761 5324 hunc
790 5268 1073 5331 modum;

678 5362 719 5414 Ι.
757 5356 860 5411 Vir
889 5355 1128 5426 quidam
1180 5350 1383 5423 puellae
1444 5349 1557 5404 sibi
1608 5346 1770 5419 paris
1830 5345 1945 5399 ritu
2006 5342 2267 5414 legitimo

605 5449 952 5521 eonjugium
987 5444 1279 5509 ambiens,
1313 5436 1925 5512 impetratojamad-id
1952 5440 2265 5505 parentum

604 5538 850 5611 virginis
898 5551 1174 5600 assensu,
1233 5533 1375 5587 dum
1439 5546 1606 5585 sacra
1638 5523 1926 5597 nuptialia
1957 5528 2265 5594 parantur,

605 5629 867 5685 nondum
890 5615 1798 5695 conscriptismatrimonialibus
1831 5611 2070 5680 tabulis,
2103 5613 2267 5684 cupi-

530 5783 534 5786 ,
605 5721 717 5777 dus
748 5715 1085 5776 ostentandi
1118 5714 1330 5768 futurae
1382 5707 1547 5764 uxori
1608 5703 1918 5778 providum
1976 5701 2268 5772 exquisite

2383 4808 2673 4874 animum,
2705 4822 2984 4878 sponsam
3020 4807 3226 4862 adiens
3248 4807 3333 4862 sic
3355 4823 3481 4862 eam
3508 4807 3690 4862 fertur
3728 4806 4062 4863 allocutus:

2380 4899 2461 4949 Ex
2492 4901 2692 4951 nostro
2723 4896 2995 4967 conjugio
3027 4896 3126 4966 qui
3171 4896 3398 4967 primus
3435 4902 3710 4952 nascetur
3744 4896 4065 4968 ﬁlius,iam

2380 4984 2670 5056 nuncqui
2711 4984 2902 5040 vocari
2950 4986 3095 5040 velis
3128 5002 3197 5040 ex
3242 4990 3301 5040 te
3354 4984 3506 5041 scire
3567 4986 3763 5058 cupio.
3831 4987 4069 5050 Quibus

2380 5076 2595 5148 pannis
2627 5083 2682 5131 et
2713 5076 2885 5146 cujus
2915 5076 3301 5131 colorisveste
3324 5076 3409 5131 uti
3436 5092 3571 5131 eum
3605 5076 3805 5147 malis,
3832 5093 4068 5148 quaeso,

2380 5165 2596 5232 indica,
2621 5165 3063 5236 quamprimum
3086 5165 3243 5220 enim
3262 5165 3513 5235 parabo;
3536 5165 3867 5220 conducam
3889 5166 4071 5221 etiam

2370 5256 2496 5326 jam
2530 5255 2641 5326 ipsi
2674 5254 3038 5310 nutricium:
3073 5259 3288 5309 etcum
3323 5255 3451 5311 ludi
3475 5254 3758 5327 magistro
3783 5256 3878 5310 cui
3900 5272 4067 5310 com-

2381 5344 2705 5400 mittendus
2736 5349 2827 5399 est
2857 5345 3205 5415 transigam.
3254 5344 3401 5399 Huic
3433 5344 3574 5399 talia
3607 5344 3757 5399 serio
3812 5341 4069 5415 nuganti

2379 5434 2537 5488 haud
2572 5432 2745 5503 paulo
2777 5434 3074 5488 cordatior
3104 5432 3362 5487 mulier:
3396 5433 3536 5488 Mihi
3568 5434 3811 5501 videris,
3845 5449 4071 5504 sponse

2381 5522 2597 5593 inquit,
2620 5523 2805 5577 nostri
2838 5524 3148 5593 cujusdam
3196 5522 3426 5593 famuli,
3459 5524 3836 5595 egentissimi
3869 5523 4070 5577 homi-

2380 5612 2494 5679 nis,
2527 5610 2742 5666 similis
2774 5612 2887 5667 is‘ta
2918 5612 3080 5667 inani
3114 5612 3449 5684 provisione
3481 5613 3661 5667 nimis
3694 5616 4067 5667 remotarum

2384 5707 2441 5758 et
2471 5704 2694 5757 incerto
2751 5707 2957 5758 eventu
3022 5702 3407 5774 pendentium
3454 5718 3669 5757 rerum.
3727 5704 3807 5768 1s,
3839 5702 4066 5757 diurni-
