4248 6442
275 399 407 459 1321

1293 410 1650 462 SPECIMEN
1692 405 2091 460 SAPIENTIE
2129 409 2463 463 lNDORUM
2506 412 2667 462 VE’I‘.

3553 409 3689 462 1322

276 531 649 584 mercedibus
708 529 899 586 mellis
957 547 1022 586 ac
1082 531 1272 599 butyri
1327 547 1438 584 non
1502 547 1710 600 magna
1759 530 1926 599 copia
1955 539 2007 602 Α
2040 545 2168 598 pem
2195 535 2252 584 et
2285 531 2467 585 multa
2498 536 2829 602 gementem
2866 536 3164 585 momento
3196 531 3562 586 destitueret.

279 619 547 687 collecta,
581 620 813 674 duobus
844 619 955 674 ista
1000 620 1155 674 vasis
1204 637 1235 674 e
1285 625 1441 674 terra
1488 618 1680 673 coctili
1733 617 1933 673 condi-

277 710 479 773 derat;
537 724 669 762 mox
719 725 917 763 secum
965 709 1045 762 ita
1090 708 1446 763 ratiocinans
1480 712 1646 762 nocte
1679 708 1933 776 quadam

280 798 513 851 dicebat
563 797 746 866 :IMel
777 803 901 868 ego
951 797 1108 850 istud
1158 814 1223 850 ac
1268 797 1547 864 butyrum
1599 796 1932 866 quindecim

281 887 598 940 minimum
635 887 881 940 vendam
914 885 1204 952 denariis;
1238 901 1306 939 ex
1338 886 1428 939 his
1477 886 1678 938 decem
1727 900 1933 953 capras

280 992 497 1040 emam;
530 975 615 1028 hae
639 973 779 1028 mihi
805 977 1008 1043 quinto
1033 990 1235 1029 mense
1257 974 1494 1028 totidem
1521 973 1665 1026 alias
1690 973 1933 1042 parient;

280 1064 545 1132 quinque
579 1063 747 1117 annis
799 1080 1033 1134 gregem
1084 1078 1394 1134 caprarum
1448 1061 1610 1116 facile
1660 1061 1935 1132 quadrin-

280 1159 594 1222 gentarum
649 1152 983 1218 confecero;
1037 1151 1142 1205 has
1184 1155 1546 1205 commutare
1579 1157 1718 1204 tunc
1752 1149 1936 1220 placet

281 1257 416 1294 cum
477 1241 664 1294 bobus
724 1245 981 1308 centum,
1033 1240 1249 1310 quibus
1305 1239 1554 1293 exarabo
1606 1239 1718 1291 vim
1771 1244 1935 1292 terra:

280 1345 584 1398 magnam,
609 1334 667 1383 et
690 1345 996 1383 numerum
1031 1328 1210 1381 tritici
1245 1328 1567 1382 maximum
1601 1343 1934 1396 congeram.

281 1421 364 1471 Ex
407 1416 696 1472 fructibus
739 1417 901 1472 hisce
933 1417 1339 1487 quinquennio
1373 1415 1804 1486 multiplicatis,
1834 1433 1934 1486 pe-

283 1507 476 1560 cuniae
503 1506 728 1560 scilicet
761 1510 961 1560 tantus
993 1509 1236 1560 exsistet
1269 1507 1500 1571 modus,
1554 1511 1613 1557 ut
1665 1504 1831 1557 facile
1880 1504 1934 1556 in

282 1595 771 1665 locupletissimis
805 1595 1360 1649 numerer.Accedet
1390 1595 1495 1648 dos
1527 1594 1726 1647 uxoris
1759 1610 1933 1663 quam

289 1683 425 1738 istis
455 1683 669 1753 opibus
697 1683 1055 1738 ditissimum
1089 1683 1412 1736 nanciscar.
1463 1685 1746 1735 Nascetur
1794 1681 1938 1734 mihi

287 1772 447 1827 ﬁlius
469 1788 644 1842 quem
666 1773 790 1842 jam
816 1788 973 1824 nunc
999 1772 1247 1825 decerno
1272 1771 1574 1824 nominare
1601 1769 1933 1832 Pancalum;

284 1862 448 1915 hunc
513 1861 775 1915 educabo
838 1859 1270 1927 liberalissime,
1327 1866 1392 1912 ut
1449 1859 1726 1912 nobilium
1793 1858 1937 1911 nulli

286 1951 594 2015 concedat;
629 1951 730 2020 qui
763 1951 836 2013 si,
871 1950 967 2002 ubi
1003 1948 1337 2012 adoleverit,
1373 1953 1436 2002 ut
1459 1951 1741 2018 juventus
1773 1947 1939 2012 solet,

291 2047 705 2094 contumacem
738 2057 802 2094 se
835 2040 978 2093 mihi
1012 2041 1286 2110 praebeat,
1322 2039 1473 2092 haud
1509 2039 1651 2092 feret
1682 2039 1938 2108 impune;

290 2129 503 2184 baculo
552 2130 708 2183 enim
761 2128 869 2183 hoc
919 2127 1084 2182 illum
1119 2128 1228 2182 hoc
1262 2128 1434 2182 modo
1469 2127 1692 2180 feriam.
1729 2133 1941 2197 Arrep-

290 2224 421 2273 tum
452 2218 601 2272 inter
626 2218 748 2272 hinc
797 2217 1112 2272 dicendum
1162 2219 1310 2271 lecto
1358 2216 1616 2269 vicinum
1670 2215 1941 2270 baculum

293 2325 398 2379 per
428 2307 700 2362 tenebras
722 2307 987 2376 jactavit,
1021 2322 1280 2376 casuque
1331 2305 1635 2360 incurrens
1682 2305 1739 2357 in
1792 2305 1946 2359 dolia

295 2396 488 2451 mellis
519 2400 576 2450 et
609 2396 801 2466 butyri
832 2397 996 2464 juxta
1027 2395 1240 2466 posita,
1275 2395 1562 2464 confregit
1609 2400 1944 2464 utrumque,

294 2485 378 2539 ita
411 2493 474 2538 ut-
502 2485 558 2538 in
590 2485 719 2554 ejus
750 2484 925 2538 etiam
958 2500 1023 2538 os
1071 2484 1431 2552 barbamque
1483 2482 1653 2536 stilla:
1703 2483 1947 2553 liquoris

295 2573 657 2644 prosilirent,
703 2577 911 2627 caetera
936 2572 1121 2626 effusa
1150 2577 1208 2626 et
1242 2572 1418 2626 mista
1453 2571 1674 2641 pulveri
1708 2587 1948 2640 prorsus

293 2668 834 2732 corrumperentur,
869 2679 933 2715 ac
964 2660 1414 2716 fundamentum
1451 2660 1574 2731 spei
1605 2665 1778 2715 tantae
1824 2661 1947 2715 iuo-

2117 619 2184 672 Il.
2239 619 2374 674 Post
2421 621 2543 675 haec
2594 621 2679 674 vir
2732 619 2828 674 ille
2889 620 3173 690 nuptialia
3221 621 3443 691 peregit
3501 638 3687 686 sacra,

2042 723 2361 776 menseque
2408 709 2636 762 decimo
2698 708 2918 762 Lucina
2979 710 3205 761 favente
3267 708 3462 762 uxoris
3521 715 3689 777 partu

2043 801 2210 864 pater
2242 797 2428 852 factus
2459 803 2568 851 est.
2603 797 2704 851 Die
2737 798 2988 866 quadam
3026 798 3255 866 negotio
3291 803 3531 865 urgente
3572 798 3691 850 exi-

2042 892 2173 939 tura
2230 892 2415 940 mater
2462 888 2532 941 ad
2583 886 2856 953 vicinam,
2907 887 3095 939 virum
3147 887 3390 956 rogavit,
3445 893 3508 940 ut
3562 893 3690 939 tan-

2042 976 2227 1046 tisper
2257 977 2396 1029 dum
2433 977 2675 1041 rediret,
2703 975 3003 1045 invigilare
3029 993 3098 1029 ne
3121 981 3458 1045 gravaretur
3483 975 3691 1029 infanti

2043 1065 2248 1133 sopito.
2277 1064 2373 1118 llle
2407 1082 2547 1118 cura
2580 1069 2851 1134 suscepta
2878 1065 3239 1135 negligenter
3271 1066 3530 1127 functus,
3551 1065 3692 1116 dum

2043 1154 2156 1205 alia
2188 1153 2452 1222 cogitans
2475 1161 2607 1207 ante
2631 1153 2967 1206 cubiculum
2998 1154 3597 1222 inambulat,serpens
3621 1154 3691 1206 ad

2044 1256 2228 1293 cunas
2251 1241 2967 1310 adrepebat,peremptura
2993 1257 3265 1309 puerum,
3292 1239 3403 1292 nisi
3437 1240 3694 1309 nympha

2045 1331 2383 1398 conspicata
2448 1329 2886 1383 inscendentem
2950 1330 3073 1397 jam
3133 1329 3412 1383 lectulum
3486 1328 3690 1398 pupuli

2034 1420 2291 1488 jacentis
2324 1420 2710 1473 saevissimum
2745 1418 3052 1474 colubrum
3089 1420 3319 1473 irruens
3360 1419 3693 1473 occidisset.

2043 1509 2255 1562 Audito
2303 1525 2466 1578 pater
2513 1510 2769 1579 quodam
2819 1509 2974 1562 intra
3027 1509 3365 1562 cubiculum
3423 1509 3696 1577 strepitu,

2044 1614 2179 1650 cum
2242 1597 2393 1650 fores
2451 1597 2801 1668 aperuisset,
2851 1597 2995 1649 vidit
3052 1597 3311 1650 vitricem
3373 1597 3694 1667 nympham

2045 1686 2211 1756 hydri
2241 1702 2411 1755 quem
2447 1690 2752 1739 necaverat
2783 1686 3076 1754 perfusam
3114 1686 3418 1756 sanguine,
3448 1695 3692 1739 temere-

2047 1773 2450 1843 quejudicans
2475 1774 2744 1827 nocuisse
2768 1773 2926 1826 illam
2956 1777 3359 1843 puero,statim
3382 1790 3693 1827 accurrens

2053 1862 2361 1915 interfecit.
2396 1861 2546 1914 Tum
2578 1877 2894 1914 conversus
2925 1862 2994 1914 ad
3031 1878 3235 1924 cunas,
3285 1861 3380 1914 ubi
3437 1860 3693 1930 proxime

2052 1949 2210 2018 ipsas
2235 1949 2523 2017 iacentem
2550 1952 2844 2000 mortuum
2879 1948 3180 2016 conspexit
3204 1947 3535 2010 colubrum,
3571 1964 3697 2000 sero

2053 2036 2334 2090 intellexit
2362 2037 2514 2090 mala
2538 2053 2598 2089 se
2626 2037 2885 2090 mercede
2915 2053 3319 2090 remunerasse
3345 2037 3696 2089 beneficium

2056 2127 2326 2197 nymphae
2357 2127 2449 2179 cui
2484 2125 2731 2180 salutem
2766 2125 2866 2179 tilii
2894 2127 3142 2180 debebat
3177 2143 3188 2180 :
3224 2131 3279 2180 et
3312 2127 3618 2179 festinasse
3644 2142 3703 2177 se

2056 2216 2560 2285 paenitens,etiam
2597 2215 2771 2278 ﬂevit,
2807 2216 3214 2284 pravolantem
3249 2232 3444 2278 suum,
3477 2220 3533 2268 et
3564 2216 3705 2267 dum

2057 2305 2397 2375 longinquis
2439 2305 2645 2369 inhiat,
2682 2303 2984 2375 praesentia
3019 2322 3129 2358 non
3165 2312 3522 2370 cernentem,
3556 2305 3706 2358 serio

2055 2395 2490 2448 emendandum
2544 2394 2865 2447 decernens
2931 2394 3212 2447 animum.
3277 2394 3402 2447 Hac
3474 2394 3705 2447 locutus

2055 2483 2564 2554 gymnosophista,
2599 2483 2844 2547 quaesito
2877 2484 3028 2554 regis
3061 2483 3418 2538 satisfecisse
3450 2501 3510 2537 se
3544 2489 3708 2552 puta-

2057 2575 2157 2639 vit;
2195 2572 2291 2626 illo
2326 2588 2559 2642 quoque
2592 2578 2908 2627 annuente.

1386 2959 1913 3019 DISSERTATIO
1963 2959 2452 3018 PARABOLICA
2495 2958 2624 3017 Vll.

303 3071 433 3126 Pro
462 3086 633 3147 scopo
665 3065 846 3126 habet
873 3070 1173 3125 ostendere
1203 3075 1495 3147 quantum
1520 3084 1680 3147 uxor
1702 3064 1964 3145 prudens
1992 3074 2048 3124 et
2075 3064 2232 3147 ﬁdus
2261 3083 2332 3147 ac
2358 3070 2602 3147 sapiens
2643 3064 3019 3123 consiliarius
3074 3065 3242 3126 utiles
3291 3067 3430 3143 regi
3470 3065 3588 3125 sint
3634 3065 3716 3124 ad

957 3145 1378 3226 prwcavendas
1410 3145 1658 3205 insidias
1687 3165 1868 3225 regno
1899 3164 1968 3206 ac
1995 3146 2186 3226 capiti
2210 3145 2342 3222 eius
2366 3145 2687 3224 perniciem
2714 3153 3029 3204 struentes.

371 3307 588 3363 Vocato
618 3307 827 3362 deinde
857 3307 950 3361 die
1000 3306 1258 3377 quadam
1301 3306 1790 3378 gymnOBOphista
1859 3323 1957 3361 rex

2070 3321 2343 3394 improbi,
2379 3322 2542 3377 facile
2571 3323 2832 3378 coierunt
2871 3324 2930 3377 in
2981 3325 3334 3379 sententiam
3387 3325 3713 3380 sceleratis-

304 3396 975 3468 Abessalom,Magnam,
1000 3395 1211 3465 inquit,
1235 3412 1267 3450 a
1296 3399 1352 3450 te
1382 3395 1554 3451 hodie
1585 3411 1708 3450 rem
1740 3412 1957 3466 quaero,

305 3486 450 3540 mihi
484 3485 875 3541 necessariam
937 3484 997 3538 in
1032 3484 1265 3555 primis,
1297 3484 1518 3554 quibus
1548 3485 1776 3540 artibus
1809 3501 1959 3540 asse-

302 3579 522 3640 quatur
552 3592 650 3630 rex
700 3581 762 3629 ut
812 3576 1022 3629 domus
1071 3575 1199 3644 ejus
1249 3573 1675 3644 tranquillitate
1725 3592 1790 3630 ac
1822 3592 1961 3646 pace

306 3667 536 3719 fruatur
558 3664 944 3720 inconcussa?
962 3663 1170 3735 plusne
1193 3664 1262 3717 ad
1290 3663 1344 3717 id
1371 3664 1630 3718 conferat
1659 3665 1960 3734 patientia,

308 3771 380 3808 an
412 3753 552 3809 recti
586 3754 823 3810 conscia
870 3769 1060 3819 mens,
1113 3770 1186 3808 an
1240 3753 1496 3824 denique
1543 3752 1805 3809 liberalis
1850 3754 1963 3809 lar-

311 3842 454 3914 gitio
473 3842 500 3896 ‘I

389 3935 431 3986 Ι.
455 3932 537 3985 Ad
565 3931 683 3985 haec
706 3931 1189 4003 gymnosophista
1213 3931 1296 3986 sic
1320 3933 1661 4002 respondit:
1688 3933 1966 3988 Pacandze

313 4021 444 4074 etin
463 4037 602 4092 pace
617 4022 1032 4076 conservanda:
1047 4020 1245 4075 domui
1268 4022 1681 4076 efficacissima
1702 4024 1968 4077 omnium

316 4128 409 4166 res
471 4116 561 4164 est
621 4110 934 4181 prudentia
994 4109 1315 4164 tolerantiae
1369 4112 1702 4179 conjuncta,
1763 4112 1971 4166 deinde

320 4199 677 4269 sapientium
711 4203 1046 4269 opportuna
1096 4198 1361 4264 consilia,
1411 4203 1704 4269 postremo
1754 4200 1971 4272 optima

321 4295 380 4344 et
406 4288 948 4343 consideratissima
973 4287 1577 4343 materfamiliasliaac
1600 4291 1799 4344 omnia
1820 4291 1978 4344 velut

325 4377 384 4432 in
419 4376 659 4449 speculo
690 4376 840 4430 clare
873 4393 1108 4431 cernere
1137 4375 1336 4430 licebit
1367 4376 1423 4429 in
1455 4393 1521 4431 eo
1552 4379 1706 4448 quod
1740 4379 1974 4433 cuidam

339 4469 618 4524 Indorum
651 4466 767 4535 regi
802 4465 1062 4535 contigit.
1100 4466 1156 4520 Id
1189 4471 1385 4520 autem
1432 4472 1521 4520 est
1572 4467 1905 4536 bujusmodi
1963 4486 1974 4522 :

326 4556 485 4610 Vidit
531 4555 627 4610 ille
677 4572 776 4609 rex
830 4571 947 4608 una
995 4558 1162 4608 nocte
1195 4561 1334 4621 octo,
1358 4556 1588 4609 somnia
1619 4557 1888 4622 terrifica,
1923 4564 1980 4612 et

2065 3412 2298 3467 simam.
2330 3416 2460 3467 Haec
2492 3411 2648 3467 enim
2682 3411 2794 3466 fuit
2822 3427 3027 3468 eorum
3054 3414 3239 3469 oratio
3273 3430 3287 3468 :
3324 3415 3441 3468 Rex
3483 3414 3575 3469 hic
3623 3414 3712 3467 in-

2066 3517 2341 3555 numeros
2392 3505 2603 3554 nostra;
2664 3506 2830 3556 secta
2887 3517 2954 3556 ac
3003 3503 3261 3557 nominis
3312 3502 3515 3574 paucis
3561 3507 3711 3557 retro

2068 3591 2238 3645 annis
2270 3590 2582 3658 interfecit,
2617 3590 3092 3668 ulciscendiejus
3135 3609 3206 3647 en
3260 3593 3414 3647 Deus
3457 3592 3712 3647 occasio-

2071 3696 2201 3734 nem
2241 3680 2408 3733 nobis
2438 3679 2624 3744 offert,
2659 3697 2774 3748 qua
2806 3697 3040 3751 sperare
3072 3683 3526 3737 commodiorem
3560 3699 3712 3735 nun-

2071 3785 2248 3848 quam
2287 3784 2599 3839 possumus
2635 3786 2647 3823 :
2679 3769 3010 3839 arripienda
3043 3787 3111 3824 ea
3140 3777 3248 3840 est,
3283 3772 3550 3844 nihilque
3585 3791 3712 3843 par-

2071 3859 2323 3913 cendum
2357 3857 2676 3928 quominus
2701 3875 2766 3913 ea
2798 3864 3039 3914 utamur
3070 3861 3140 3914 ad
3175 3878 3350 3932 quam
3399 3863 3716 3916 maximam

2074 3948 2132 4001 in
2165 3948 2292 4017 ejus
2324 3952 2499 4017 caput
2530 3949 2938 4002 accersendam
2990 3950 3325 4019 perniciem.
3380 3951 3495 4006 Hoc
3545 3952 3723 4022 igitur

2077 4037 2562 4106 respondebimus
2595 4039 2865 4091 concordi
2894 4040 3120 4108 judicio
3157 4059 3167 4095 :
3202 4041 3520 4111 Postquam
3560 4059 3723 4096 scru-

2080 4126 2180 4180 tati
2233 4126 2452 4180 scilicet
2510 4126 2690 4180 lihros
2752 4143 2996 4182 arcanos
3055 4146 3284 4196 sumus,
3340 4133 3724 4186 consideratis

2079 4214 2519 4269 accuratissime
2551 4215 2848 4280 omnibus,
2889 4218 3040 4270 clare
3081 4219 3383 4288 providere
3435 4238 3560 4288 nos,
3611 4223 3727 4275 im-

2081 4319 2343 4356 mensam
2373 4303 2690 4372 quamdam
2716 4304 2970 4358 cladium
2997 4322 3059 4359 ac
3083 4306 3483 4362 calamitatum
3505 4312 3617 4363 vim
3643 4311 3728 4363 ira

2086 4410 2216 4445 mox
2267 4394 2438 4445 deum
2494 4392 2550 4445 in
2602 4409 2796 4463 regem
2851 4395 3293 4461 devolvendam,
3347 4399 3458 4452 nisi
3520 4400 3726 4468 nxigun

2085 4482 2236 4552 quod
2275 4486 2541 4551 superest
2573 4487 2830 4550 tempore
2864 4483 3108 4553 piaculis
3153 4486 3377 4540 idoneis
3431 4495 3733 4557 prmvertat

2089 4570 2491 4624 imminentem
2528 4576 2768 4640 pestem,
2793 4571 3086 4642 eluatque,
3112 4575 3330 4644 quibus
3363 4578 3514 4632 male
3547 4581 3734 4647 perire

329 4646 716 4700 conturbatus
745 4643 930 4709 valde,
964 4643 1059 4697 ubi
1087 4643 1444 4714 evigilasset,
1477 4649 1764 4713 quotquot
1814 4663 1946 4700 eran

2091 4659 2389 4723 meruerit,
2410 4659 2644 4725 scelera;
2667 4660 2957 4716 horrenda
2988 4664 3225 4732 quidem
3260 4666 3416 4720 dictu
3449 4684 3576 4723 esse
3608 4686 3734 4739 quae

328 4736 387 4789 in
437 4736 581 4789 urbe
631 4739 756 4788 tum
807 4733 965 4802 regia
996 4732 1310 4787 brachmas
1340 4735 1700 4799 convocavit,
1733 4741 1976 4789 cuncta-

329 4842 445 4896 que
475 4824 557 4878 ita
586 4821 887 4893 sigillatim
939 4821 1246 4892 proposuit
1289 4822 1605 4888 insomnia,
1658 4824 1798 4894 quid
1855 4841 1979 4896 por-

331 4913 640 4968 tenderent
667 4910 1001 4981 exquirens.
1039 4910 1130 4976 Hi,
1160 4910 1437 4964 omnibus
1469 4916 1689 4965 attente
1743 4914 1983 4996 auditis,

333 5001 784 5073 responderunt,
820 5016 1031 5071 magna
1061 5004 1117 5054 et
1149 4999 1299 5054 mira
1331 4999 1650 5070 signiﬁcari
1675 5001 1814 5056 visis
1846 5003 1985 5068 illis,

332 5094 436 5147 sed
468 5090 687 5162 quibus
717 5095 774 5144 et
805 5095 1004 5144 exacte
1052 5089 1460 5144 discernendis
1508 5095 1564 5143 et
1611 5097 1767 5145 certo
1817 5110 1986 5148 enar-

333 5181 535 5236 randis
567 5180 759 5252 spatio
793 5183 949 5234 esset
975 5196 1125 5251 opus
1157 5196 1222 5233 ac
1263 5178 1492 5246 studio;
1540 5180 1872 5252 indulgeret
1917 5186 1986 5238 ad

334 5270 751 5347 meditandum.
793 5286 1016 5323 moram
1064 5269 1294 5322 dierum
1324 5273 1572 5337 septem,
1607 5275 1739 5339 post
1770 5271 1990 5328 hebdo-

334 5362 569 5416 madem
605 5360 898 5414 redituros
930 5374 991 5413 se
1024 5363 1079 5412 et
1107 5358 1219 5428 ipsi
1254 5358 1625 5429 exposituros
1681 5367 1800 5416 tum
1855 5367 1988 5432 quid

335 5449 624 5505 malorum
655 5453 714 5504 et
742 5456 1034 5517 quantum
1069 5447 1191 5502 haec
1223 5451 1451 5500 ostenta
1477 5447 1989 5520 minarentur,tum

335 5539 476 5610 quid
496 5537 570 5592 iis
583 5535 1045 5592 averruncandis
1059 5535 1456 5590 necessarium
1475 5536 1991 5607 factujudicarent.

333 5626 696 5683 Assentiente
728 5627 784 5680 in
816 5625 938 5680 haec
967 5641 1121 5695 rege,
1156 5624 1385 5679 dimissi
1420 5625 1806 5683 brachmanes
1857 5649 1993 5686 con-

330 5734 538 5773 venere
575 5717 629 5770 in
664 5733 948 5771 arcanum
982 5722 1221 5781 ccetum,
1282 5715 1404 5782 ubi,
1459 5721 1521 5770 ut
1571 5733 1777 5775 omnes
1832 5729 1999 5778 erant

657 5838 914 5896 Ρλτιιοι..
964 5835 1074 5894 Gs.
1121 5835 1376 5895 CXLllI.

2089 4752 2159 4805 ab
2185 4766 2249 4804 eo
2272 4748 2352 4802 dii
2375 4749 2737 4819 exigant,sed
2760 4767 3064 4821 nunquam
3089 4753 3268 4809 nimis
3302 4772 3583 4828 magnum
3608 4761 3736 4813 vita:

2091 4854 2156 4894 ac
2183 4838 2394 4892 salutis
2424 4837 2607 4893 videri
2640 4839 2890 4909 pretium
2923 4841 3133 4897 debere
3168 4861 3180 4898 :
3215 4843 3324 4899 hac
3363 4845 3488 4902 sola
3536 4850 3738 4903 condi-

2095 4929 2253 4982 tione
2284 4926 2636 4980 incolumem
2670 4925 2838 4982 illum
2872 4945 3115 4999 regnare
3146 4933 3421 5005 deinceps
3450 4953 3641 5006 posse,
3693 4940 3742 4993 si

2099 5016 2389 5087 propriam
2427 5032 2687 5080 uxorem,
2722 5017 2770 5070 si
2807 5018 2993 5072 filium
3027 5036 3095 5074 ex
3126 5038 3192 5075 ea
3226 5029 3452 5088 natum,
3481 5026 3529 5080 si
3565 5028 3742 5098 privi-

2098 5122 2303 5176 gnum,
2339 5106 2604 5159 mulieris
2636 5107 2900 5175 ejusdem
2935 5125 3002 5161 ex
3034 5111 3211 5179 priori
3260 5113 3382 5167 viro
3433 5114 3643 5186 filium,
3696 5119 3742 5172 si

2100 5212 2233 5249 cum
2267 5194 2339 5248 iis
2373 5195 2694 5264 principem
2728 5197 2864 5266 regii
2900 5205 3140 5254 senatus
3174 5207 3231 5254 et
3281 5207 3746 5272 protonotarium

2101 5283 2478 5349 interfecerit,
2511 5284 2556 5338 si
2589 5289 2867 5353 praeterea
2914 5288 3329 5345 sacrificaverit
3378 5292 3746 5364 elephantem

2102 5373 2302 5427 album
2337 5389 2450 5442 quo
2499 5373 2625 5426 vehi
2681 5376 3101 5446 consuevisset,
3152 5395 3404 5451 cumque
3455 5383 3552 5437 illo
3601 5387 3750 5440 duos

2105 5463 2251 5516 alios
2285 5480 2354 5516 ex
2405 5467 2523 5517 toto
2577 5463 2868 5532 regiorum
2925 5483 3170 5522 numero
3217 5471 3525 5538 maximos,
3569 5475 3751 5528 simul

2105 5552 2281 5606 etiam
2315 5561 2528 5622 equum
2582 5558 2638 5605 et
2685 5553 2994 5608 camelum.
3047 5561 3266 5612 Horum
3322 5563 3584 5616 omnium
3633 5571 3751 5619 tam

2107 5641 2414 5694 hominum
2459 5658 2635 5711 quam
2691 5644 2979 5713 pecudum
3023 5646 3434 5717 jugulatorum
3488 5670 3754 5709 cruorem

2109 5729 2331 5801 phialis
2363 5730 2660 5786 inclusum
2690 5732 2828 5787 daro
2863 5733 2921 5788 in
2956 5751 3169 5791 manus
3204 5755 3395 5810 regem
3425 5743 3532 5795 siti
3561 5745 3761 5798 brach-

3367 5864 3444 5920 42
