4226 6460
630 419 764 470 1333

2134 421 2520 476 APPENDlX.

3896 427 4035 478 13;”;

633 542 905 596 manibus
939 542 1165 607 (labere,
1203 542 1331 596 illas
1360 560 1418 597 se
1452 543 1677 613 phialas
1726 547 2158 601 introducturos
2215 545 2271 598 in
2306 556 2361 620 Α
2393 559 2582 613 regem
2622 543 2960 608 monebant,
2993 551 3368 615 componeret
3401 546 3661 600 animum
3713 548 3782 601 ad
3833 565 4039 618 pare..-

635 634 806 700 adyta
839 633 1233 699 sanctissima,
1272 633 1469 704 ibique
1502 635 1712 690 ritibus
1747 638 1928 692 sacris
1963 654 2027 691 ac
2069 638 2276 691 carmi-

633 723 985 791 1‘1ibus,qua2
1037 724 1106 777 ad
1157 723 1514 793 expiationes
1565 726 1826 781 efficacia
1876 727 1984 798 ipsi
2039 733 2279 781 nossent

625 811 756 879 soli,
806 813 1048 866 daturos
1097 812 1358 866 sedulam
1413 831 1648 884 operam
1702 817 2065 870 exarmanrlas
2099 818 2274 871 deum

620 899 740 964 irze,
780 902 1186 970 eonfidcreque
1220 901 1551 968 effecturos,
1588 908 1649 957 ut
1681 904 1882 960 litasse
1929 906 2058 961 istis
2107 907 2278 961 vieti—

621 990 755 1056 mis,
791 996 845 1042 et
879 989 1069 1043 minas
1109 995 1510 1059 portentorum
1565 1011 1595 1046 a
1647 1011 1705 1047 se
1759 995 2052 1065 depulisse
2105 1013 2276 1066 cxpe-

624 1078 832 1132 rienlia
866 1096 961 1132 rex
993 1096 1270 1149 prospera
1318 1082 1580 1150 sentiret,
1637 1083 1918 1138 inofl‘enso
1970 1085 2270 1156 deinceps,

619 1167 702 1220 uti
736 1173 924 1236 antea,
978 1170 1229 1223 tenendo
1283 1170 1514 1238 privata:
1563 1189 1628 1226 ac
1683 1173 1929 1242 publica:
1979 1174 2272 1229 felicitatis

615 1273 810 1312 cursu.
858 1262 988 1313 Haec
1041 1259 1426 1314 brachmanes
1481 1261 1561 1314 uti
1616 1269 2070 1333 composuerant
2121 1266 2272 1318 inter

617 1347 855 1412 sese,sic
889 1352 1087 1417 postea
1120 1349 1548 1420 regi,tanquam
1579 1367 1646 1404 ex
1679 1351 1907 1422 tripode
1940 1353 2265 1422 oraculum,

615 1436 950 1491 ediderunt.

688 1563 756 1617 ll.
786 1563 844 1616 In
881 1578 996 1631 quo
1029 1561 1495 1617 insidiosissimae
1532 1565 1758 1619 fraudis
1791 1565 1941 1621 hanc
1976 1567 2262 1622 rationem

615 1650 1064 1720 sequebantur:
1114 1651 1436 1721 principem
1489 1669 1662 1722 quem
1718 1654 1970 1724 pessime
2021 1658 2266 1711 oderant

614 1741 836 1793 nudare
866 1740 1277 1809 potentissimo
1313 1743 1584 1810 prasidio
1617 1744 1865 1797 duorum
1901 1744 2010 1815 ipsi
2045 1745 2262 1800 fidissi-

614 1845 844 1883 morum
905 1829 1166 1899 capitum
1228 1831 1567 1899 studebant,
1624 1832 1707 1886 sic
1762 1848 1895 1886 eum
1944 1831 2257 1890 obnoxium

2392 633 2529 685 dum
2567 635 2671 686 dco
2708 649 2721 686 :
2755 633 3035 701 cogitaret
3066 633 3214 688 nihil
3263 635 3538 707 cuiquam
3592 637 3906 707 pretiosius
3951 657 4040 692 sa-

2393 722 2512 774 lute
2539 738 2666 775 esse
2716 722 2952 792 propria
3001 724 3241 790 debere;
3295 723 3349 777 id
3399 741 3527 779 cum
3594 742 3906 781 commune
3966 729 4034 782 ad

2387 827 2590 864 omnes
2617 816 2839 864 natura:
2863 813 3144 866 dictatum
3181 813 3277 882 sit,
3303 831 3502 884 regum
3538 820 3756 878 tamen,
3785 833 4034 887 quorum

2385 901 2572 971 capite
2604 905 2794 956 status
2830 903 2990 972 regni
3044 902 3276 973 publica
3327 905 3559 958 fortuna
3613 907 4032 971 contineretur,

2386 989 2739 1059 peculiarem
2776 1008 2903 1044 esse
2939 991 3245 1055 rationem,
3281 994 3351 1046 ch
3387 1011 3563 1063 quam
3609 994 3752 1048 bene
3804 996 4036 1066 quidvis

2383 1078 2767 1150 impendatur
2794 1097 2992 1135 eorum
3051 1083 3440 1137 incolumitati
3491 1085 3884 1151 conficiendae,
3938 1104 4035 1140 nc-

2383 1168 2537 1222 llflllC
2571 1169 2681 1223 nisi
2717 1169 2994 1225 scelerate
3029 1177 3366 1225 recusaturo
3402 1173 3834 1244 impendentem
3892 1176 4035 1246 ipsis

2382 1264 2603 1328 pestem
2661 1261 2728 1313 ad
2793 1277 2852 1314 se
2911 1261 3206 1316 attrahere
3256 1279 3320 1315 ac
3375 1268 3614 1316 vertere.
3667 1265 3752 1318 lta
3801 1265 4033 1319 dimissi

2383 1346 2770 1404 brachmancs
2803 1356 3187 1405 recesserunt.

2448 1473 2544 1528 ΙΙΙ.
2584 1474 2701 1529 Rex
2733 1476 3251 1547 vero,a2gritudine
3284 1478 3463 1532 animi
3497 1479 3761 1533 omnium
3794 1497 3943 1550 quas
3977 1481 4033 1534 in

2374 1561 2488 1616 vita
2519 1567 2803 1618 sensisset
2834 1565 3092 1620 afﬂictus
3121 1566 3494 1636 gravissima,
3528 1569 4035 1634 decubuit,inedia

2374 1649 2682 1722 vigiliaque
2740 1653 3181 1720 contabesccns,
3245 1661 3511 1725 totasque
3569 1659 3844 1711 continue
3900 1657 4026 1711 dies

2374 1741 2586 1808 pariter
2607 1758 2673 1796 ae
2698 1735 2897 1797 noctes
2917 1748 3113 1797 mente
3137 1745 3653 1815 perturbatissima
3674 1751 4024 1815 retractans,

2369 1845 2500 1882 cum
2539 1829 2822 1885 terrificas
2871 1832 3131 1886 visorum
3181 1833 3488 1900 imagines,
3542 1839 3664 1888 tum
3719 1835 3904 1889 multo
3949 1841 4026 1890 te-

604 1919 834 1971 cunctis
867 1918 1112 1972 fortuna:
1147 1924 1322 1989 atque
1355 1918 1588 1973 invidia;
1609 1920 1945 1976 turbinibus
1970 1923 2078 1976 rati
2118 1924 2253 1977 f'ore.
2291 1935 2335 1998 Β
2369 1918 2547 1972 triora
2595 1935 2720 1990 quae
2753 1919 2825 1973 iis
2858 1925 3023 1974 erant
3056 1922 3439 1991 procurandis
3474 1923 3703 1993 piacula
3735 1924 4024 1994 iniuncta.

603 2006 866 2061 Ilabebat
899 2023 994 2060 rex
1023 2009 1354 2077 conjugem,
1389 2013 1717 2063 matronam
1771 2009 1937 2064 facile
1987 2012 2250 2066 omnium

606 2112 732 2165 qua}
766 2098 890 2148 tum
918 2096 1175 2150 viverent
1206 2097 1612 2164 lectissimam,
1650 2099 1965 2168 pudicitiae,
2017 2101 2250 2171 sapien-

603 2184 718 2251 tiae,
769 2185 1076 2240 charitatis
1111 2187 1168 2239 in
1202 2186 1386 2240 virum
1421 2192 1674 2256 quantas
1709 2189 1996 2244 maximas
2027 2191 2252 2260 optima

600 2271 826 2326 indoles
858 2278 914 2327 et
947 2274 1210 2327 educatio
1246 2276 1689 2346 prmstinissima
1737 2278 1990 2332 inserere
2043 2279 2246 2334 mulie-

603 2362 690 2415 bri
727 2363 920 2417 animo
955 2366 1314 2433 petest.Cum
1351 2364 1456 2418 hac
1484 2367 1552 2418 ad
1590 2366 1749 2436 regni
1784 2369 2056 2437 regisque
2089 2386 2250 2423 com-

602 2453 769 2505 mola
802 2458 855 2506 et
891 2453 1169 2508 utilitates
1204 2457 1598 2524 procurandas
1632 2474 1843 2512 arcano
1879 2459 2252 2528 conspirabat

596 2541 714 2600 ille,
745 2559 917 2612 quem
955 2543 1294 2611 memoravi,
1325 2550 1564 2599 senatus
1599 2546 1870 2616 princeps
1917 2547 2081 2618 regii,
2133 2549 2246 2619 pri-

601 2631 821 2685 marius
863 2632 1328 2688 consiliariorum
1380 2635 1553 2704 regis,
1605 2637 1822 2689 summi
1875 2637 1959 2690 vir
2011 2638 2249 2705 ingenii,

603 2719 1101 2776 excellentissima
1164 2724 1462 2789 doctrinm,
1517 2724 1646 2778 fidei
1710 2741 1862 2792 vero,
1923 2727 2244 2794 industrim,

596 2811 958 2865 dexteritatis
1003 2813 1056 2864 in
1107 2813 1281 2866 rebus
1331 2813 1842 2884 administrandis,
1904 2818 2246 2886 prudenter,

596 2901 963 2965 innocentirc,
1003 2906 1316 2970 tantarum,
1354 2910 1417 2958 ut
1448 2904 1547 2974 qui
1580 2906 1648 2958 de
1680 2905 1777 2958 illo
1813 2906 2246 2976 incorruptissi-

595 3010 687 3047 me
719 2994 1259 3064 ccnscbant,parem
1298 2994 1376 3048 illi
1413 2995 1638 3064 uspiam
1677 3001 1963 3051 terrarum
1997 2998 2052 3050 in
2088 3000 2244 3052 omni

593 3099 805 3150 genere
837 3083 1030 3138 laudis
1063 3085 1440 3154 desperarent
1477 3103 1647 3156 posse
1698 3089 1957 3156 reperiri.
2012 3089 2071 3142 ln
2129 3090 2247 3145 bazc

595 3173 778 3241 igitur
808 3174 921 3227 duo
955 3173 1251 3226 columina
1285 3176 1690 3244 prosperitatis
1721 3177 1875 3246 regis
1920 3177 2245 3233 invidentes

591 3262 704 3330 ipsi
758 3264 962 3316 nefarii
1013 3264 1340 3333 proditores
1384 3282 1435 3316 m
1467 3264 1713 3318 ,chinam
1751 3267 2034 3336 praecipue
2068 3270 2239 3322 istam

590 3351 1002 3419 intendebant;
1043 3369 1173 3406 nam
1203 3354 1356 3422 quod
1390 3353 1535 3407 alios
1567 3355 1784 3424 pariter
1811 3357 1992 3410 occidi
2038 3359 2242 3423 jussus

587 3439 681 3494 his
734 3441 1119 3505 miscuerant,
1171 3443 1481 3495 artificium
1514 3442 1748 3498 sceleris
1780 3449 1836 3498 et
1868 3445 2108 3500 ultionis
2136 3464 2240 3501 cu-

592 3530 790 3584 mulus
823 3536 965 3595 erat,
1002 3531 1299 3600 siquidem
1334 3540 1386 3586 ct
1417 3533 1704 3598 adigendo
1738 3550 1869 3604 rege
1902 3535 1968 3588 ad
2023 3537 2238 3589 cmdenr

590 3620 882 3690 regiorum
920 3622 1030 3690 ipsi
1067 3621 1551 3675 charissin'wrum
1580 3624 1890 3689 juvenum,
1925 3628 1991 3678 ad
2028 3625 2238 3679 immo-

588 3708 867 3764 lationem
937 3711 1313 3780 elephantum
1375 3713 1747 3784 alienumque
1802 3715 2234 3782 jumentorum,

585 3804 804 3868 quibus
837 3817 970 3854 eum
1003 3800 1269 3855 sciebant
1325 3801 1601 3856 deleetari
1649 3804 1994 3871 plurimum,
2047 3810 2235 3860 tener-

581 3891 760 3943 rimos
791 3892 920 3958 ejus
952 3891 1192 3945 allectus
1226 3892 1652 3947 convulnerare
1685 3909 1809 3947 sese
1842 3898 2113 3949 atrociter
2155 3897 2234 3948 vi-

579 3979 880 4045 debant,et
915 3982 1126 4034 f'amam
1165 3988 1440 4051 praetcrea
1471 3982 1626 4036 exosi
1662 3983 1944 4054 principis
1969 3985 2236 4040 incendio

581 4067 753 4135 longe
805 4069 1261 4137 flagrantissimo
1324 4073 1623 4143 popularis
1683 4074 1910 4126 invidia:
1961 4077 2232 4145 objicere.

580 4159 731 4211 'l‘nm
770 4176 898 4212 vero
931 4159 1043 4213 ista
1076 4161 1379 4229 inopinata
1411 4162 1824 4230 conjunctione
1859 4167 1939 4216 tot
1974 4169 2092 4217 tam
2144 4165 2234 4218 di-

576 4264 880 4301 versorum
935 4250 1194 4317 capitum
1247 4266 1558 4303 aversuros
1600 4267 1662 4304 se
1691 4253 2008 4320 sperabant
2039 4254 2232 4324 suspi-

580 4334 776 4390 ciones
811 4354 944 4390 cum
981 4337 1131 4406 regis
1166 4343 1286 4390 tum
1322 4344 1689 4404 cretcrorum,
1743 4343 1812 4394 ab
1865 4343 2234 4397 animadver-

583 4425 745 4480 sione
803 4426 1076 4497 praecipui
1129 4428 1220 4481 sui
1271 4428 1384 4480 odii
1434 4429 1491 4482 in
1523 4431 1782 4496 reginam
1815 4448 1880 4484 ac
1907 4433 2231 4503 principem

583 4522 847 4584 senatus,
883 4518 1032 4586 quod
1069 4517 1267 4571 odium
1299 4517 1347 4571 si
1380 4524 1761 4585 enotesceret,
1811 4537 2085 4590 magnam
2138 4539 2230 4576 co-

583 4606 820 4659 natibus
847 4613 904 4660 et
925 4606 1307 4660 clandestinis
1328 4607 1732 4662 molitionibus
1760 4627 1961 4666 eorum
1981 4613 2231 4668 securim

2365 2007 2876 2063 Percrebrescente
2910 2009 3021 2064 late
3061 2013 3218 2064 fama
3265 2011 3418 2082 regis
3473 2014 3685 2078 morbi,
3740 2014 3850 2066 etsi
3902 2019 4027 2067 erat

2360 2111 2491 2150 vera
2523 2098 2651 2164 ejus
2682 2114 2859 2152 causa
2891 2099 3329 2169 insusiiicabilis
3355 2101 4019 2172 'humanitus,quoniam

2363 2200 2468 2238 nec
2500 2185 2884 2253 somniorum,
2922 2205 3023 2242 nec
3057 2206 3404 2258 congressus
3445 2208 3580 2244 cum
3636 2191 4020 2245 braehmani-

2361 2273 2468 2327 bus
2517 2273 2704 2329 ullum
2741 2277 2979 2330 omnino
3013 2295 3249 2332 suorum
3287 2297 3384 2333 rex
3416 2280 3692 2334 adhibere
3727 2283 4017 2336 arbitrum

2359 2361 2640 2430 voluerat,
2677 2383 2790 2420 non
2824 2366 3025 2421 fef'ellit
3075 2371 3263 2423 tamen
3315 2369 3525 2423 Pslarii
3583 2368 3884 2425 solertiam
3937 2373 4019 2429 (id

2358 2458 2482 2507 erat
2532 2469 2741 2510 nomen
2793 2456 3040 2526 principi
3087 2460 3347 2529 senatus)
3381 2459 3576 2513 animo
3609 2463 3796 2530 magis
3831 2477 4017 2532 quam

2359 2557 2599 2611 corpore
2649 2543 2909 2599 laborare
2963 2563 3171 2616 regem.
3237 2548 3304 2601 Et
3356 2548 3552 2617 prima:
3613 2551 3788 2604 certis
3841 2556 4018 2621 parta:

2359 2631 2714 2699 conjecturis
2744 2634 2979 2688 innixus
3015 2636 3252 2701 notitia),
3289 2637 3503 2691 institit
3551 2639 3764 2692 deinde
3815 2639 4019 2709 inqui-

2362 2718 2988 2790 rere,circumspicere,
3023 2723 3250 2777 odorari
3278 2728 3454 2793 atque
3479 2725 3756 2795 indagare
3779 2731 4016 2791 cuncta,

2357 2826 2462 2862 suo
2495 2811 2790 2862 acerrimae
2824 2811 3160 2880 sagacitatis
3195 2813 3449 2881 ingenio,
3506 2815 3693 2884 quoad
3750 2813 3919 2884 plane
3957 2815 4016 2868 in

2359 2899 2712 2967 bocjudicio
2763 2901 3046 2964 consedit,
3098 2903 3319 2970 deesse,
3372 2909 3435 2956 ut
3484 2918 3576 2956 res
3626 2904 4013 2973 apparebant,

2356 3004 2469 3041 non
2507 3004 2675 3056 posse
2703 2989 2844 3058 quin
2879 2990 3174 3044 somnium
3211 3008 3306 3044 rex
3338 3008 3510 3044 suum
3545 2991 3779 3062 aliquod
3813 2995 3881 3046 ad
3919 3010 4014 3045 cc-

2356 3075 2546 3130 lebrcs
2574 3078 2774 3131 talium
2801 3081 3110 3146 coniectori
3132 3097 3158 3133 s
3185 3080 3573 3135 brat-hmanas
3599 3082 3928 3144 detulisset,
3957 3090 4017 3136 et

2355 3165 2460 3228 illi,
2494 3168 2794 3220 occasione
2827 3168 2992 3222 avide
3023 3175 3254 3239 arrepta
3301 3170 3621 3225 ulciscendi
3679 3172 4010 3240 grcgalium

2357 3273 2595 3310 suorum
2620 3258 2822 3325 jussas
2849 3258 2920 3311 ab
2953 3257 3052 3312 illo
3084 3260 3290 3323 etedes,
3316 3261 3534 3328 unguis
3559 3263 3615 3312 in
3643 3263 3836 3314 ulcere
3859 3262 4011 3314 fuis-

2358 3351 2507 3409 sent,
2543 3345 3024 3415 interpretationc
3046 3348 3151 3400 visi
3178 3349 3444 3402 nocturni
3470 3348 3540 3402 ad
3565 3348 3828 3419 ipsorum
3870 3351 4014 3416 odii,

2355 3437 2748 3506 potinSquam
2784 3436 2854 3489 ad
2907 3437 3051 3491 artis
3103 3443 3203 3492 aut
3257 3437 3603 3509 disciplinai,
3655 3439 3702 3493 si
3754 3457 3874 3509 qua
3925 3447 4020 3495 est

2351 3525 2521 3577 istius
2552 3525 3071 3594 generis,rationcs
3103 3528 3625 3582 accommodanda.
3649 3528 3779 3582 Mox
3803 3530 3874 3582 ab
3896 3531 4008 3584 hoc

2347 3619 2563 3669 statuto
2597 3615 2746 3668 clam
2782 3616 3054 3670 .l’aladcm
3086 3618 3356 3671 convenit
3387 3618 3578 3680 tl’alas
3613 3619 3814 3689 regina
3839 3636 4017 3673 voca-

2347 3705 2540 3773 batur)
2575 3711 2628 3758 cf.
2659 3706 2848 3768 ei,Aut
2876 3705 3042 3760 valde
3078 3706 3264 3769 f'allor,
3294 3708 3504 3777 inquit,
3539 3714 3643 3763 aut
3674 3725 3768 3762 rex
3804 3710 4014 3764 fraude

2349 3793 2772 3848 brachmanum
2801 3797 3147 3865 gravissime
3173 3796 3764 3867 periclitatur-.l’rima
3789 3799 3838 3852 ei
3866 3801 4013 3854 sub-

2346 3884 2611 3937 veniendi
2647 3884 2788 3938 ratio
2815 3887 3247 3949 est,resciseere
3275 3903 3340 3940 ex
3377 3887 3500 3958 ipso
3533 3889 3671 3957 quid
3705 3904 3838 3942 eum
3877 3889 4013 3944 istis

2343 3972 2527 4042 egerit
2561 3989 2572 4025 :
2607 3973 2716 4028 hoc
2746 3974 2833 4029 vel
2867 3981 2951 4044 tu,
2983 3973 3068 4028 vel
3106 3993 3276 4030 nemo
3309 3993 3375 4030 ex
3422 3992 3489 4030 eo
3544 3977 3757 4046 poterit
3805 3981 4008 4048 expri-

2345 4078 2534 4130 mere;
2570 4062 2680 4118 nisi
2713 4069 2908 4119 autem
2945 4067 3322 4136 expresseris,
3358 4071 3550 4120 actum
3587 4067 3656 4120 de
3691 4083 3823 4137 rege
3857 4069 4011 4124 scito

2344 4154 2498 4219 fore;
2536 4170 2690 4218 nam,
2717 4159 2781 4209 ut
2811 4172 2872 4208 se
2903 4156 3045 4208 dant
3077 4155 3316 4221 indicia,
3361 4155 3671 4225 capitalem
3724 4157 3839 4227 ipsi
3878 4175 4007 4212 nia-

2341 4240 2575 4297 chinam
2610 4243 3012 4298 Scelestissimi
3049 4244 3372 4299 nebulones
3423 4245 3785 4299 architectati
3834 4254 4008 4302 sunt.

2339 4332 2456 4399 Age
2491 4332 2670 4402 igitur
2701 4350 2817 4402 qua
2861 4335 2935 4402 vi,
2991 4350 3107 4404 qua
3156 4339 3278 4388 arte
3334 4334 3511 4401 vales,
3567 4334 3838 4388 ultimum
3894 4336 4011 4390 hoc

2340 4427 2578 4492 tempus
2613 4428 2752 4493 puta
2783 4439 2911 4477 esse
2944 4429 3057 4477 tum
3091 4424 3145 4477 in
3186 4423 3374 4478 virum
3409 4423 3711 4480 charitatis
3746 4444 3810 4481 ac
3869 4429 4007 4481 fidei

2343 4514 2830 4582 probandm;cave
2860 4514 3186 4584 quidquam
3222 4513 3291 4567 ad
3323 4530 3556 4567 omnem
3594 4531 3770 4584 quam
3804 4518 4008 4571 effica-

2340 4600 2641 4656 cissimam
2675 4602 3027 4656 industriam
3059 4602 3241 4672 hujus
3278 4603 3616 4673 expiscandi
3669 4605 3740 4658 ab
3789 4622 3856 4660 eo
3909 4624 4005 4660 ar-

579 4694 960 4765 infligendam
999 4695 1406 4766 providebant.
1448 4696 1592 4750 Cum
1627 4698 1826 4767 igitur,
1858 4699 1951 4753 die
1982 4701 2227 4771 septimo
2263 4687 2306 4749 Ι)
2341 4691 2471 4744 cani
2523 4692 2627 4745 tibi
2678 4691 2887 4762 1'0”qu
2943 4692 3164 4747 feceris“
3220 4692 3320 4746 His
3371 4692 3536 4747 Palas
3586 4693 3804 4748 δυάίιίδ
3857 4713 4004 4750 δεῖξε

577 4785 799 4856 elapso,
835 4786 1076 4839 admissi
1114 4802 1327 4856 magno
1356 4785 1578 4840 ambitu
1615 4787 1683 4840 ad
1719 4803 1936 4858 regem,
1971 4796 2126 4844 metu
2175 4796 2230 4846 et

577 4875 1011 4946 exspectatione
1033 4875 1592 4943 anxium,vaf'errimi
1619 4877 1956 4933 seductores
1979 4881 2229 4934 auctori-

577 4970 697 5020 tate
731 4965 996 5034 religiosa
1026 4966 1286 5019 edictum
1318 4964 1463 5019 illud
1499 4981 1674 5020 suum
1726 4968 2224 5039 pronuntiassent,

576 5054 886 5126 perculsus
919 5056 1073 5110 ultra
1106 5071 1281 5125 quam
1313 5054 1467 5109 credi
1500 5059 1698 5124 posset
1728 5055 1966 5111 horrore
1996 5058 2225 5113 denun-

575 5146 836 5201 tiationis
866 5145 1117 5200 infandae
1147 5160 1266 5210 rex,
1299 5145 1513 5215 Egone,
1548 5143 1913 5210 exclamavit,
1943 5148 2225 5218 optimam

570 5254 830 5303 uxorem,
865 5253 969 5306 ego
1003 5235 1414 5290 dulcissimum
1451 5233 1633 5288 filium
1669 5235 1947 5290 occidam!
1985 5237 2049 5291 Et
2081 5238 2224 5294 talia

566 5326 918 5396 diiju'oent?
955 5325 1100 5380 Male
1134 5341 1224 5379 me
1256 5326 1451 5395 potius
1490 5323 1686 5393 ipsum
1739 5326 2024 5396 perdunt;
2078 5329 2219 5397 quid

565 5415 969 5473 enimJninari
1004 5415 1211 5469 saevius
1247 5412 1521 5483 possunt?
1549 5412 1763 5467 Solatio
1795 5414 1882 5468 vel
1914 5419 2038 5468 tum
2075 5416 2218 5470 mihi

560 5505 740 5559 fuerit
773 5509 890 5560 tam
925 5505 1114 5559 charis
1146 5502 1568 5574 superstitibus
1601 5502 1818 5557 relictis
1850 5504 2218 5574 emori,quo-

564 5612 693 5648 rum
721 5593 896 5648 vitam
933 5593 1101 5665 longe
1136 5592 1415 5646 libentius
1449 5606 1578 5646 mea
1609 5597 1792 5646 morte
1843 5594 2211 5664 redemerim,

559 5701 738 5755 quam
774 5685 991 5738 damno
1020 5701 1085 5739 ac
1119 5683 1283 5738 clade
1313 5682 1573 5753 ipsorum
1608 5682 1826 5736 servari
1858 5682 2209 5739 sustineam.

557 5773 662 5829 His
685 5773 902 5829 auditis
926 5772 1190 5830 scelerati
1217 5772 1606 5826 bracbmanes
1640 5771 1905 5827 affectata
1931 5773 2212 5844 gravitate

2340 4779 2590 4834 sollicita
2624 4782 2775 4849 regis
2817 4782 3152 4836 cubiculum
3207 4782 3555 4852 ingreditur,
3607 4784 4003 4855 assidensque

2340 4869 2486 4924 lecto
2519 4871 2590 4925 ad
2624 4870 2959 4942 languentis
2992 4877 3188 4947 caput,
3237 4871 3319 4925 sic
3369 4877 3458 4925 est
3509 4872 3697 4926 virum
3750 4874 3928 4928 allata
3982 4891 3997 4928 :

2335 4960 2612 5016 Cumulat
2642 4961 2786 5015 mihi
2818 4961 3100 5032 dolorem,
3134 4977 3308 5032 quem
3342 4977 3411 5015 ex
3442 4962 3646 5016 morbo
3679 4966 3782 5017 tuo
3817 4965 4002 5018 maxi-

2339 5066 2502 5104 mum
2563 5051 2750 5122 capio,
2810 5051 3058 5106 molesta
3105 5051 3393 5122 aegritudo
3447 5067 3516 5105 ex
3574 5056 3673 5106 tuo
3734 5054 4000 5123 quodam

2340 5140 2451 5194 mei
2484 5145 2848 5212 contemptu,
2879 5143 3034 5213 quod
3068 5158 3212 5208 rem,
3254 5146 3318 5194 ut
3371 5147 3634 5212 apparet,
3693 5159 4001 5213 magnam,

2335 5231 2555 5301 quippe
2578 5234 2739 5286 tanto
2762 5237 2951 5286 actam
2975 5231 3195 5286 ambitu
3222 5247 3355 5285 cum
3391 5230 3879 5297 brachmanibus,
3909 5251 4004 5288 me

2335 5326 2542 5391 praeter
2574 5322 2814 5376 solitum
2850 5321 3305 5394 diligentissime
3337 5321 3536 5376 celasti
3565 5339 3578 5388 ;
3635 5339 3838 5392 quare,
3897 5341 4000 5378 oro

2334 5416 2388 5464 te
2422 5427 2525 5482 per
2555 5412 2694 5467 deos
2725 5428 2951 5481 omnes,
2990 5412 3161 5466 istam
3195 5427 3559 5482 quaecunque
3593 5417 3681 5466 est
3723 5429 3796 5466 ne
3846 5413 3996 5466 mihi

2330 5501 2598 5555 notitiam
2634 5501 2917 5557 invideas.
2953 5501 3078 5556 Scis
3112 5505 3302 5556 tacere
3336 5516 3428 5555 me
3455 5517 3646 5572 posse,
3686 5518 3751 5555 ac
3785 5508 3994 5572 pectus

2328 5591 2545 5646 habere
2576 5591 2774 5646 arcani
2805 5607 3008 5663 capax,
3043 5599 3147 5646 nec
3197 5591 3344 5645 rima
3396 5589 3517 5645 ulla
3565 5591 3853 5661 pervium.
3907 5592 3991 5646 Ne

2326 5679 2552 5735 diutius
2586 5697 2726 5736 mea:
2762 5680 2895 5736 ﬁdei
2926 5686 3028 5736 tuo
3058 5681 3244 5736 amori
3279 5680 3458 5734 facias
3491 5680 3795 5750 injuriam.
3831 5679 3986 5743 Quid

2324 5772 2478 5844 quod
2512 5778 2611 5828 tua
2643 5791 2840 5842 causa,
2875 5774 3102 5844 opinor,
3134 5772 3378 5827 interest
3412 5789 3524 5827 non
3569 5773 3769 5842 ignota
3829 5774 3976 5827 mihi
