4248 6442
220 369 356 423 1325

1228 369 1590 421 ΒΡΕΟΙΜΕΝ
1630 364 2030 419 SAPIENTIE
2072 367 2405 420 INDORUM
2447 371 2605 420 VET.

3485 371 3623 424 1326

217 508 341 562 quae
377 491 763 545 brachmanes
797 497 984 543 locum
1012 505 1207 559 egere;
1238 507 1371 544 nam
1408 489 1541 543 inde
1563 488 1865 559 languoris
1896 491 1949 555 Α
1980 488 2097 542 tuis
2129 490 2376 542 somniis
2408 490 2701 545 consulas.
2739 492 2927 545 [tectae
2958 494 3259 561 admones,
3287 511 3382 547 rex
3408 494 3621 564 inquit,

217 579 396 649 hujus
422 580 507 633 tui
540 597 778 635 causam
808 580 1086 633 exsistere
1118 575 1565 649 magnaindicia
1592 578 1861 631 suadent.

219 670 347 724 Haec
398 670 669 723 Paladem
723 664 1058 740 loquentem
1108 668 1652 739 interpellansy‘ex,
1687 664 1767 720 Ne
1803 671 1864 720 tu

217 775 473 829 quoque,
498 776 711 828 qumso,
739 759 951 829 inquit,
976 757 1232 812 dolorem
1262 773 1456 811 meum
1494 773 1641 811 novo
1667 755 1865 809 dolore

218 848 509 915 cumules,
536 848 589 901 id
618 864 887 917 quaerens
916 864 983 902 ex
1016 864 1107 901 me
1140 848 1292 918 quod
1325 845 1587 901 omnium
1624 846 1866 899 minime

218 934 324 990 tibi
355 936 587 1009 expedit
616 953 808 991 nosse.
832 937 982 991 Tum
1011 936 1131 1002 illa,
1152 936 1310 1004 Esto,
1334 935 1478 989 mihi
1504 935 1579 989 sit
1608 935 1864 998 n0xium,

220 1027 321 1095 ait,
356 1027 461 1081 hoc
489 1043 683 1093 nosse,
718 1031 913 1081 tamen
969 1026 1107 1096 quia
1156 1025 1262 1079 tibi
1313 1024 1566 1079 salutare
1617 1022 1868 1077 arbitror

217 1114 509 1179 futurum,
545 1132 658 1169 non
717 1114 983 1169 desinam
1044 1130 1250 1185 urgere
1311 1118 1372 1167 ut
1426 1112 1662 1167 fatearis
1723 1111 1865 1165 mihi

216 1205 613 1275 quodcunque
659 1204 716 1257 id
761 1205 994 1258 demum
1056 1209 1161 1258 est.
1223 1203 1407 1270 Curae,
1444 1208 1506 1256 ut
1536 1202 1652 1257 scis
1685 1200 1866 1255 animi

216 1295 542 1348 amicorum
594 1290 1042 1365 participatione
1112 1292 1450 1357 minuntur;
1515 1306 1701 1361 neque
1763 1290 1867 1343 hac

211 1399 341 1453 qua:
372 1388 427 1438 te
458 1386 581 1437 tam
614 1382 943 1454 periculose
977 1383 1139 1453 angit
1170 1382 1519 1453 aegritudine
1553 1380 1724 1435 levari
1763 1397 1864 1449 po-

212 1471 378 1539 teris,
412 1470 523 1525 nisi
577 1486 818 1527 causam
868 1471 1015 1540 ejus,
1049 1471 1208 1525 istud
1241 1470 1393 1524 haud
1430 1469 1605 1524 dubie
1654 1468 1866 1523 brach-

216 1576 463 1615 manum
490 1559 1060 1630 colloquium,alicui
1095 1560 1515 1614 communices.
1544 1558 1644 1613 Cui
1668 1564 1863 1612 autem

215 1649 715 1719 communicabis,
749 1650 796 1704 si
849 1665 1023 1720 neges
1069 1648 1279 1705 uxori?
1311 1653 1413 1703 aut
1456 1649 1585 1719 quis
1618 1648 1723 1703 tibi
1756 1664 1865 1713 me,

213 1738 499 1794 amicior?
526 1739 675 1793 Tum
736 1755 854 1808 rex,
888 1738 1142 1810 graviter
1198 1737 1524 1808 suspirans.
1569 1737 1715 1802 Quid
1752 1752 1864 1805 me,

212 1825 432 1900 inquit,
474 1828 687 1898 conjux
710 1827 953 1899 optima,
978 1828 1049 1881 de
1070 1830 1169 1881 tuo
1190 1827 1364 1881 exitio
1387 1824 1575 1896 deque
1596 1826 1859 1881 omnium
1895 1848 1939 1911 Β

220 1918 369 1973 mihi
391 1915 879 1973 charissimorum
928 1916 1164 1970 interitu
1192 1915 1557 1987 interrogas?
1582 1915 1709 1981 Abi,
1736 1914 1863 1969 sine

212 2023 329 2078 me,
355 2012 420 2062 ut
440 2007 612 2079 ccepi,
650 2005 849 2062 dolore
875 2022 1005 2061 meo
1029 2004 1322 2070 consumi,
1345 2021 1411 2059 ac
1441 2008 1683 2059 mortem
1719 2021 1861 2075 prae-

210 2107 472 2164 sumere,
504 2113 575 2151 ne
635 2095 857 2151 videam
913 2112 1038 2166 qua:
1089 2094 1344 2166 cogitare
1375 2093 1571 2149 horret
1602 2091 1859 2149 animus.

210 2184 475 2252 Conﬁde,
510 2184 590 2239 mi
625 2185 730 2251 vir,
785 2184 1088 2255 respondit
1119 2182 1308 2251 Palas,
1370 2181 1627 2255 imagine
1684 2199 1861 2253 quam

209 2276 588 2333 subostentas
621 2274 733 2329 mei
774 2270 934 2328 exitii
996 2290 1113 2327 non
1167 2278 1428 2339 terreor;
1475 2288 1578 2327 nec
1609 2288 1712 2343 ego
1758 2288 1862 2326 nec

209 2362 535 2420 liberorum
572 2368 906 2419 nostrorum
941 2364 1254 2434 quisquam
1286 2364 1456 2433 (bene
1479 2378 1684 2416 omnes
1709 2362 1861 2431 novi)

210 2472 317 2526 pro
350 2460 407 2510 te
438 2451 584 2509 mori
609 2454 1038 2509 recusabimus.
1064 2452 1411 2522 Age,pande
1432 2452 1710 2506 audacter
1733 2468 1861 2521 quae

209 2560 346 2599 sese
376 2542 470 2597 via
501 2542 599 2597 det
628 2542 837 2597 salutis
872 2547 984 2596 tum
1019 2547 1203 2595 morte
1257 2544 1456 2594 nostra
1487 2536 1860 2593 redimenda).

208 2635 332 2689 Hoc
358 2635 532 2689 modo
564 2650 597 2688 a
626 2638 682 2688 te
715 2636 904 2703 petam
940 2631 1192 2702 pretium
1224 2631 1428 2685 mortis
1468 2627 1716 2684 libenter
1762 2634 1865 2683 tua

208 2739 397 2779 causa
427 2721 616 2788 obitas,
652 2739 722 2777 ne
754 2726 885 2792 post
914 2720 1032 2775 haec
1066 2720 1169 2774 ulli
1216 2718 1639 2775 brachmanum
1693 2734 1862 2772 neces

202 2813 314 2868 tibi
363 2812 992 2883 conjunctissimorum
1041 2810 1307 2864 suadenti
1363 2811 1586 2873 credas,
1640 2825 1863 2879 egoque

206 2903 323 2958 sim
360 2902 569 2957 ultima
596 2918 770 2972 quam
804 2900 1052 2954 istorum
1079 2899 1305 2953 insidias
1340 2898 1741 2969 perverterint.
1770 2898 1865 2951 Ρ(-

210 2992 539 3048 riculosum
582 2991 759 3045 nimis
793 2995 881 3044 est
912 2989 1166 3043 inimicis
1198 2987 1376 3043 ﬁdere
1412 3006 1421 3043 :
1459 2986 1729 3042 dubitare
1760 3006 1862 3041 au-

200 3089 325 3137 tem
354 3098 470 3137 non
504 3081 683 3136 debes
707 3081 848 3151 quin
872 3080 974 3133 tibi
1001 3078 1121 3133 sint
1142 3076 1529 3132 infensissimi
1558 3074 1863 3131 brachma-

204 3188 313 3229 nes
366 3188 434 3226 ex
483 3170 766 3227 memoria
788 3186 903 3223 non
930 3169 1010 3221 ita
1043 3168 1217 3221 veteri
1250 3165 1571 3237 gregalium
1596 3166 1859 3236 ipsorum

206 3282 242 3318 θ.
272 3264 332 3317 te
365 3260 590 3316 meritis
626 3258 965 3314 aﬁ‘ectorum
989 3257 1195 3329 pcenis.
1224 3258 1412 3321 Quare
1434 3273 1613 3310 causa
1644 3260 1732 3310 est
1762 3256 1861 3324 ju-

203 3352 499 3417 stissima,
555 3366 661 3404 cur
717 3348 765 3404 si
825 3347 963 3418 quid
998 3352 1177 3401 atam
1247 3344 1605 3416 perturbatis
1650 3345 1865 3399 animis

208 3439 471 3506 consilii,
522 3438 845 3509 praesertim
888 3432 1168 3506 ancipitis
1209 3433 1562 3505 suggeritur,
1595 3431 1664 3488 ad
1721 3451 1863 3504 pru-

208 3529 460 3585 dentum
486 3532 543 3583 et
587 3532 733 3583 nota:
784 3524 1203 3581 moderationis
1236 3524 1540 3579 hominum
1574 3521 1863 3595 (qualium

197 3619 345 3686 tibi,
405 3613 581 3673 deum
632 3614 938 3681 beneﬁcio,
986 3632 1099 3669 non
1162 3615 1327 3668 deest
1375 3608 1563 3684 copia)
1619 3629 1863 3667 examen

194 3722 641 3779 censuramque
674 3706 979 3762 referatur.

278 3825 375 3880 IV.
410 3824 541 3879 Haec
574 3822 787 3894 reginae
829 3820 1065 3876 Paladis
1112 3820 1289 3875 verba
1319 3820 1554 3874 tandem
1584 3836 1864 3875 excusse—

193 3921 350 3973 runt
381 3914 532 3983 regis
565 3913 760 3969 animo
794 3911 1177 3983 pertinaciam
1210 3910 1739 3965 obstinatissimam
1772 3928 1863 3964 se-

191 4006 373 4064 creti.
408 4004 688 4076 Exposuit
714 4003 824 4074 ipsi
862 4004 1120 4075 primum
1156 4006 1284 4055 octo
1317 4000 1429 4055 sibi
1462 4017 1565 4072 per
1595 4018 1863 4073 soporem

193 4099 408 4155 oblata
433 4095 688 4161 somnia,
723 4098 850 4148 tum
885 4094 1026 4164 quid
1061 4093 1133 4147 de
1166 4092 1343 4146 minis
1377 4092 1643 4164 ipsorum
1668 4097 1724 4146 et
1750 4109 1868 4146 mo-

194 4189 283 4244 do
348 4201 417 4241 ea
469 4183 765 4240 avertendi
803 4181 1194 4237 brachmanes
1227 4181 1692 4251 respondissent.
1728 4181 1866 4245 Qni-

192 4278 323 4332 bus
358 4272 527 4328 Palas
557 4271 832 4343 cognitis.
869 4270 1231 4331 Leu-labilis,
1266 4269 1368 4335 ait,
1405 4274 1505 4324 tua
1529 4270 1638 4323 fuit
1661 4269 1867 4337 religio

191 4364 504 4437 cupientis
564 4360 757 4415 doceri
819 4359 959 4430 quid
1023 4359 1103 4413 dii
1163 4359 1575 4429 portenderent
1624 4363 1867 4412 autate

193 4457 523 4529 poscerent
549 4451 688 4506 visis
722 4449 961 4515 talibus,
1008 4449 1108 4502 sed
1148 4449 1355 4502 errasti
1381 4448 1607 4503 delectu
1642 4448 1868 4518 impru-

188 4548 231 4601 d
246 4543 376 4602 enti
407 4539 831 4599 consultorum.
858 4537 1096 4592 Minime
1110 4537 1375 4592 omnium
1402 4538 1592 4592 idonei
1610 4537 1871 4607 juvando

189 4637 271 4692 in
307 4633 419 4689 hoc
448 4630 554 4686 tibi
614 4628 1005 4685 brachmanes
1057 4626 1240 4691 fuere,
1291 4627 1548 4697 primum
1601 4626 1871 4682 scelerati

188 4731 393 4796 atque
422 4720 596 4776 invisi
650 4718 763 4773 diis
798 4717 1091 4783 homines,
1126 4734 1275 4787 quos
1324 4716 1453 4771 ideo
1487 4717 1639 4771 haud
1676 4718 1867 4771 sitve-

191 4810 470 4874 risimile
499 4808 835 4865 divinorum
896 4822 1249 4861 arcanorum
1303 4805 1751 4877 participatione
1782 4807 1869 4860 di-

190 4901 415 4981 gnari,
438 4899 650 4956 deinde
674 4896 838 4953 ferali
864 4896 950 4951 tui
987 4896 1120 4950 odio
1145 4895 1409 4951 instincti
1440 4896 1876 4967 ulciscendique

190 4993 374 5069 ipsis
400 4988 891 5047 cbarissimorum
942 4986 1154 5041 caedem
1211 4988 1405 5041 furore
1441 4986 1876 5041 immanissima

194 5085 565 5156 ﬂagrantes.
616 5079 845 5142 Quanto
879 5076 949 5130 ad
982 5075 1039 5130 id
1072 5077 1506 5132 accomodatior
1540 5081 1736 5132 asceta
1768 5093 1876 5130 no-

190 5181 347 5234 ster
377 5173 487 5241 est,
520 5184 697 5241 quem
730 5165 912 5221 miror
956 5163 1101 5219 talia
1154 5166 1435 5236 qumrenti
1473 5182 1586 5220 non
1622 5164 1879 5236 primum

188 5261 493 5325 omnium
527 5257 704 5314 menti
750 5260 865 5323 tua:
891 5253 1242 5309 occurrisse.
1290 5254 1610 5310 Meministi
1652 5255 1882 5327 quoties

189 5360 261 5415 is
309 5366 592 5423 responsa
651 5344 823 5401 nobis
877 5343 1212 5401 divinorum
1267 5346 1574 5417 adytorum
1618 5351 1794 5415 certa,
1828 5349 1887 5400 et

190 5439 457 5503 eventis
514 5434 725 5492 deinde
789 5428 1056 5504 probata,
1112 5428 1455 5502 pertulerit;
1518 5432 1886 5514 exploratum

192 5521 418 5593 habes
448 5528 625 5583 etiam
659 5538 833 5595 quam
861 5520 1007 5576 casti
1042 5520 1162 5577 sint
1191 5520 1320 5593 ejus
1353 5539 1566 5591 mores,
1593 5539 1770 5593 quam
1803 5523 1889 5578 in-

194 5615 470 5692 culpata
501 5615 629 5672 vitae
653 5606 825 5679 ratio,
850 5627 1026 5683 quam
1047 5617 1297 5683 pacatus
1320 5619 1377 5668 et
1401 5614 1653 5669 ferarum
1685 5630 1889 5686 expers

183 5706 757 5793 perturbationum
792 5700 1044 5758 animus.
1080 5697 1246 5758 Hunc
1276 5719 1485 5760 censeo
1532 5702 1620 5759 vel
1660 5718 1789 5760 sero
1820 5705 1892 5761 de

1974 578 2053 630 ita
2085 579 2278 631 statim
2334 580 2562 633 t'aciam.
2619 584 2744 635 Mox
2786 598 2995 649 equum
3032 584 3290 652 expediri
3343 586 3623 636 continuo

1967 666 2203 735 jussum
2239 667 2610 737 inscendens,
2645 686 2778 723 cum
2814 670 3290 725 familiarissimis
3321 672 3522 741 paucis
3551 673 3620 725 ad

1974 754 2181 809 cellam
2207 757 2558 811 venerabilis
2576 764 2783 812 ascetze
2809 758 3033 829 aliquot
3056 761 3126 813 ab
3161 761 3303 815 urbe
3336 767 3622 815 remotam

1973 861 2253 916 passuum
2291 846 2579 912 millibus,
2616 864 2675 902 se
2706 850 2929 902 confert
2966 850 3337 903 festinatione
3365 866 3617 904 summa.

1977 934 2199 990 Auditis
2230 952 2401 989 senex
2431 937 2700 1005 somniis,
2737 937 2962 1008 placide
2988 938 3103 1007 regi
3131 939 3433 1008 respondit
3469 956 3480 992 :
3516 943 3619 993 Est

1975 1025 2124 1094 quod
2152 1024 2254 1078 tibi
2289 1026 2569 1095 gratuler,
2614 1028 2873 1091 domine;
2908 1026 3052 1080 nihil
3090 1028 3273 1095 triste,
3308 1029 3448 1097 quin
3484 1045 3618 1098 pro-

1974 1129 2144 1180 spera
2175 1113 2364 1183 potius
2395 1112 2669 1185 pleraque
2703 1121 2986 1170 nocturna
3018 1116 3139 1170 hmo
3179 1116 3278 1169 tibi
3331 1117 3454 1170 visa
3495 1135 3620 1187 por-

1976 1201 2241 1256 tendunt.
2276 1202 2419 1256 Nam
2444 1204 2559 1256 duo
2584 1220 2731 1273 quos
2766 1206 3016 1274 primum
3063 1206 3256 1258 vidisti
3294 1206 3483 1276 pisces
3518 1223 3620 1275 per

1977 1294 2256 1345 montana
2309 1290 2660 1360 gradientes,
2717 1293 3053 1363 signiﬁcant
3100 1300 3409 1349 venturum
3447 1296 3619 1350 tibia

1974 1378 2225 1448 quodam
2264 1379 2508 1448 dynasta
2569 1381 2823 1450 legatum
2880 1381 3217 1437 oblaturum
3277 1382 3617 1454 elephantes

1974 1467 2122 1520 duos
2157 1468 2413 1521 mirifica}
2465 1471 2891 1539 magnitudinis
2941 1478 2999 1525 et
3051 1472 3266 1527 formae.
3302 1472 3436 1526 Duae
3488 1491 3618 1527 vero

1974 1571 2101 1624 quzs
2132 1556 2236 1609 tibi
2281 1555 2543 1611 volantes
2602 1574 2925 1629 apparuere
2959 1567 3182 1629 anates,
3237 1562 3379 1614 duos
3437 1578 3619 1631 equos

1974 1644 2460 1713 generosissimus
2500 1645 2835 1716 designant,
2869 1664 3017 1718 quos
3051 1650 3149 1719 qui
3201 1655 3339 1703 sunt
3393 1652 3619 1705 dudum

1976 1731 2032 1785 in
2092 1732 2301 1787 itinere
2358 1734 2539 1788 Perse
2603 1752 2933 1804 proceresa
2993 1753 3125 1808 rege
3188 1755 3317 1792 mox
3358 1756 3464 1794 suo
3516 1739 3621 1793 tibi

1976 1837 2193 1875 munus
2222 1823 2477 1877 amicum
2533 1824 2799 1878 reddent.
2834 1826 2937 1888 Qui
2975 1843 3143 1897 porro
3177 1828 3385 1897 anguis
3416 1845 3618 1883 versus

1971 1914 2027 1964 te
2059 1910 2347 1980 serpebat,
2382 1912 2540 1966 ensis
2574 1913 2683 1966 fuit
2742 1914 3114 1985 prmaagium,
3152 1916 3305 1970 brevi
3366 1917 3467 1971 tibi
3515 1919 3616 1972 do-

1972 1998 2170 2065 nandi,
2204 2000 2508 2068 mirabilis,
2563 2007 2620 2055 et
2676 2019 2900 2072 parem,
2968 2006 3224 2059 materiae
3283 2007 3619 2074 praestantia

1968 2087 2055 2141 vel
2089 2090 2254 2155 artis,
2288 2094 2576 2144 terrarum
2639 2092 2911 2163 nuspiam
2973 2093 3263 2148 habentis.
3298 2096 3423 2149 Jam
3459 2098 3609 2163 quod

1969 2193 2221 2248 anguem
2256 2176 2419 2233 illum
2454 2196 2660 2235 cruore
2692 2181 2849 2236 inﬁci
2883 2182 3145 2248 videbas,
3194 2184 3618 2255 designabatur

1969 2266 2075 2320 tibi
2126 2269 2197 2321 ab
2255 2269 2457 2323 eodem
2516 2269 2729 2339 legato,
2790 2270 2888 2339 qui
2924 2288 3123 2326 ensem
3158 2273 3335 2327 istum
3396 2273 3615 2343 offeret,

1969 2355 2228 2411 oblatum
2264 2358 2330 2411 iri
2370 2363 2647 2428 praaterea
2681 2360 2920 2414 talarem
2957 2361 3217 2415 tunicam
3253 2379 3609 2432 purpuream

1971 2444 2285 2500 rarissima:
2317 2448 2604 2513 tinctura,
2638 2448 2857 2519 quippe
2908 2452 3077 2517 cujus
3131 2454 3354 2505 ostrum
3402 2451 3621 2519 fulgeat

1970 2540 2026 2589 et
2056 2535 2235 2589 videri
2270 2553 2369 2607 per
2401 2553 2461 2590 se
2495 2536 2681 2607 possit
2714 2539 2772 2591 in
2816 2539 3091 2594 tenebris.
3125 2540 3337 2602 Quinto
3389 2540 3617 2595 somnio

1969 2624 2263 2679 videbaris
2312 2625 2416 2681 tibi
2448 2626 2604 2680 ablui
2658 2644 2805 2697 aqua
2866 2645 3012 2699 pura
3070 2630 3456 2699 mundarique
3500 2636 3619 2684 toto

1969 2731 2208 2785 corpore
2238 2732 2250 2769 :
2277 2715 2512 2785 signum
2547 2717 2601 2769 id
2636 2723 2761 2771 erat
2797 2719 2949 2772 dono
3000 2723 3052 2772 te
3081 2725 3457 2789 accepturum
3496 2737 3611 2773 ma-

1968 2819 2142 2874 gnam
2177 2804 2403 2874 copiam
2439 2806 2835 2876 speciosarum
2882 2806 3152 2871 vestium,
3202 2808 3418 2879 quibus
3460 2809 3619 2863 tante

1971 2909 2035 2947 ac
2069 2891 2373 2964 splendide
2432 2900 2695 2959 ornatus,
2756 2895 2939 2951 nitide
3000 2899 3191 2967 possis
3242 2914 3523 2968 apparere
3559 2898 3615 2951 in

1972 2982 2223 3052 publico,
2256 2987 2491 3038 Sextum
2528 2985 2844 3049 somnium,
2906 3003 3022 3057 quo
3086 2986 3190 3040 tibi
3233 2988 3447 3041 montis
3484 2988 3615 3042 nive

1972 3073 2269 3142 conspersi
2304 3074 2546 3126 culmini
2580 3080 2914 3145 superstare
2946 3075 3263 3141 videbaris,
3301 3076 3444 3130 nihil
3487 3094 3621 3146 por-

1973 3161 2246 3215 tendebat
2303 3162 2461 3215 aliud
2525 3162 2635 3217 nisi
2699 3168 2776 3230 te,
2836 3164 2990 3234 quod
3046 3182 3197 3234 szepe
3256 3165 3431 3233 soles,
3486 3166 3618 3220 albo

1980 3255 2079 3303 tuo
2135 3246 2442 3320 elephanta
2503 3252 2559 3305 in
2620 3269 2835 3323 pompa
2883 3253 3233 3307 vehendum.
3286 3254 3619 3324 Septimum

1973 3344 2097 3393 erat
2126 3339 2315 3394 visum
2352 3339 2589 3394 ﬂamma
2637 3341 2857 3395 circum
2909 3347 3084 3412 caput
3122 3347 3291 3396 tuum
3345 3342 3620 3411 volitans,

1973 3424 2237 3499 illudque
2269 3426 2534 3484 ambiens
2571 3448 2583 3485 :
2617 3429 2736 3485 haac
2768 3448 3040 3486 coronam
3073 3431 3423 3501 designabat
3445 3448 3623 3503 qnam

1973 3518 2076 3571 tibi
2146 3521 2441 3573 maximus
2500 3519 2738 3590 quidam
2803 3537 2899 3575 rex
2959 3520 3415 3592 pulcherrimam
3469 3523 3623 3577 dono

1974 3608 2318 3677 destinavit;
2351 3613 2407 3663 et
2436 3614 2524 3663 est
2565 3609 2771 3663 itinere
2816 3611 2886 3664 ad
2935 3615 3007 3664 te.
3034 3609 3310 3665 Octavum
3340 3610 3627 3667 duntaxat

1974 3698 2269 3752 somnium
2306 3698 2602 3768 portendit
2631 3698 2854 3769 aliquid
2888 3700 3112 3754 adversi
3148 3700 3302 3771 quod
3350 3717 3625 3757 enarrare

1974 3788 2249 3842 disertius
2302 3804 2536 3842 necesse
2593 3804 2707 3842 non
2768 3788 2993 3854 habeo;
3045 3794 3287 3843 eventus
3316 3790 3461 3844 satis
3495 3790 3621 3862 ipse

1972 3874 2312 3941 declarabit,
2370 3880 2428 3932 et
2486 3877 2641 3931 Deus
2697 3878 2849 3932 viam
2906 3878 3173 3948 expediet
3221 3895 3337 3949 qua
3385 3878 3619 3935 innoxie

1974 3967 2044 4020 ad
2078 3972 2401 4021 extremum
2434 3968 2673 4036 defungi
2706 3966 2936 4035 valeas;
2991 3967 3179 4021 dicam
3227 3973 3458 4022 tantum
3488 3970 3616 4023 hrc-

1974 4056 2125 4110 viter
2169 4071 2271 4126 per
2302 4056 2482 4110 ictum
2535 4055 2701 4111 illum
2754 4072 3006 4126 superne
3052 4056 3157 4110 tibi
3209 4055 3533 4111 devolantis
3565 4057 3623 4111 in

1977 4149 2151 4216 caput
2174 4144 2429 4200 volucris
2461 4150 2519 4198 et
2546 4150 2712 4199 tuum
2748 4151 2935 4199 rostro
2984 4145 3289 4200 tundentis
3320 4147 3623 4214 verticem,

1977 4234 2297 4305 signiﬁcari
2332 4234 2713 4288 offensionem
2744 4234 2847 4287 titni
2883 4236 3217 4299 molestam,
3252 4240 3309 4289 et.
3353 4234 3490 4290 inde
3540 4252 3628 4290 se-

1978 4330 2244 4378 cuturam
2280 4324 2642 4378 eversionem
2673 4341 2706 4377 a
2737 4328 2791 4377 te
2821 4323 3185 4377 charissima:
3219 4340 3497 4394 personm.
3536 4324 3629 4378 Ul-

1978 4415 2187 4467 timum
2225 4414 2333 4467 hoc
2364 4419 2452 4467 est
2482 4416 2637 4483 quod
2691 4429 2897 4467 moneo
2947 4430 3061 4467 non
3114 4413 3173 4466 in
3236 4416 3473 4483 longum
3509 4415 3632 4468 hrec

1978 4503 2236 4573 praedici.
2272 4502 2482 4558 Omnia
2517 4502 2787 4557 evenient
2846 4504 3000 4557 intra
3058 4506 3281 4573 septem
3317 4503 3421 4557 hos
3456 4503 3580 4557 dies
3616 4522 3629 4570 ;

1902 4613 1946 4676 ο
1979 4591 2091 4652 die.
2125 4591 2393 4662 inquam,
2445 4592 2519 4645 ab
2564 4591 2849 4646 hodierno
2902 4597 3163 4646 vertente
3220 4597 3443 4659 octavo,
3476 4609 3635 4647 vera-

1980 4698 2104 4737 cem
2141 4697 2230 4737 me
2259 4682 2436 4735 rebus
2468 4681 2735 4752 patratis,
2771 4698 2917 4751 quas
2964 4682 3192 4737 futuras
3237 4681 3407 4751 edixi,
3463 4681 3634 4751 plane

1982 4771 2224 4826 senties.

2057 4897 2122 4953 V.
2160 4896 2353 4951 Rediit
2378 4897 2449 4952 ab
2482 4896 2589 4952 hoc
2630 4896 2919 4967 colloquio
2982 4913 3080 4951 rex
3131 4896 3313 4952 multo
3365 4896 3640 4951 sedatiori

1990 4986 2186 5042 animo
2236 4987 2501 5042 domum.
2547 4991 2623 5041 Ac
2673 5003 2806 5041 cum
2858 4986 3141 5057 postridie
3168 4987 3361 5058 prima
3392 5002 3461 5039 ex
3494 5003 3640 5057 pra:-

1990 5076 2280 5132 nuntiatis
2299 5076 2633 5131 advenisset
2655 5075 2891 5148 legatio,
2915 5081 3250 5148 ceteraeque
3269 5092 3475 5131 omnes
3498 5092 3641 5130 con-

1990 5168 2157 5222 tinua
2188 5166 2344 5221 intra
2372 5165 2803 5222 hebdomadam
2852 5167 3002 5221 serie
3053 5168 3467 5237 apparuissent
3506 5181 3639 5220 cum

1992 5258 2163 5312 donis
2187 5256 2481 5324 indicatis,
2507 5256 2807 5310 admirans
2824 5256 2996 5310 ﬁdem
3021 5255 3240 5310 oraculi
3266 5272 3362 5310 rex
3390 5254 3642 5310 subinde

1996 5346 2347 5402 audiebatur
2375 5344 2697 5400 exclamare
2730 5361 2742 5400 :
2778 5344 2924 5400 Vere
2954 5346 3202 5401 insanus
3233 5349 3323 5400 est
3362 5344 3461 5416 qui
3503 5360 3643 5399 con-

1998 5436 2128 5492 silia
2160 5436 2230 5490 de
2264 5435 2438 5491 rebus
2465 5434 2588 5490 suis
2613 5451 2727 5489 non
2762 5452 2795 5489 a
2819 5435 2962 5489 solis
2980 5434 3091 5489 sibi
3112 5434 3418 5491 ﬁdissimis
3441 5433 3648 5504 quaerit

1999 5531 2056 5582 et
2087 5526 2317 5597 accipit.
2344 5525 2448 5580 Die
2480 5542 2652 5596 porro
2712 5525 2839 5595 ipso
2897 5524 3148 5596 septimo
3199 5540 3333 5579 cum
3370 5523 3646 5577 ultimum

2002 5617 2287 5671 donorum
2341 5613 2753 5688 pradictorum
2784 5613 2897 5685 ipsi
2930 5618 3084 5669 esset
3113 5612 3401 5681 oblatum,
3434 5628 3652 5668 corona

2001 5705 2275 5763 videlicet
2319 5704 2769 5778 pretiosissima,
2823 5702 3069 5760 dimisso
3102 5719 3201 5760 rex
3224 5702 3541 5761 honoriﬁce
3569 5701 3652 5757 le-
