4248 6442
614 383 751 436 1327

2125 389 2516 440 ΑΡΡΒΝΒΙΧ.

3895 392 4022 446 1328

614 510 749 576 gato
781 508 883 577 qui
914 506 1223 573 detulerat,
1258 507 1426 562 laetus
1467 512 1526 562 et
1563 507 1869 578 gratulans
1917 508 1987 561 ad
2020 506 2270 561 circum-
2301 514 2349 574 Α
2458 507 2552 563 Vl.
2589 510 2804 565 Eodem
2865 513 2959 566 die
3017 529 3150 567 cum
3211 529 3309 568 rex
3367 513 3631 568 hilariter
3682 531 3785 584 pro
3825 519 4020 569 caetera

617 600 842 650 stantes
865 596 1127 651 suossibi
1151 597 1645 651 familiarissimos
1671 596 1844 650 dixit:
1869 596 2025 650 Nihil
2055 595 2263 650 horum

615 684 745 737 volo
780 684 920 737 mihi
953 701 1203 751 servare,
1239 686 1336 739 sed
1369 685 1428 739 in
1461 702 1562 740 vos
1588 685 1731 739 mihi
1785 683 2236 739 benevolentissi

619 790 746 828 mos
779 790 1076 844 spargere,
1117 774 1524 829 dulcissimam
1577 774 1898 845 praesertim
1951 775 2262 843 conjugem

617 861 833 916 Palada
862 863 953 932 (ea
983 870 1119 916 tunc-
1151 863 1370 930 aberat,
1406 863 1475 917 de
1527 879 1688 918 more
1727 878 1996 933 gynaeceo
2041 861 2259 927 clausa)

615 957 966 1021 nostrosque
999 952 1234 1016 liberos,
1269 957 1440 1023 teque
1463 951 1674 1019 Palari,
1708 952 1853 1005 mihi
1876 951 2261 1016 cbarissime;

615 1065 748 1104 nam
772 1067 872 1104 vos
894 1066 1098 1104 omnes
1147 1050 1231 1104 sic
1277 1049 1333 1102 in
1387 1066 1478 1103 me
1515 1050 1756 1104 atl‘ectos
1791 1052 1942 1115 novi,
1979 1053 2042 1103 ut
2072 1049 2267 1120 capita

611 1138 880 1209 vitasque
940 1143 1166 1193 vestras
1226 1155 1339 1192 non
1399 1137 1529 1192 sitis
1570 1137 1893 1192 dubitaturi
1930 1155 2056 1193 mea
2087 1154 2265 1192 causa

611 1228 724 1283 sub
757 1227 1140 1298 quantumvis
1175 1227 1491 1282 discrimen
1521 1227 1769 1282 mittere.
1798 1229 1875 1281 Ad
1911 1244 1978 1282 ea
1999 1227 2264 1282 Palarius

610 1318 911 1386 respondit
937 1334 949 1370 ε
976 1316 1222 1387 Conjugi
1248 1317 1481 1386 quidem
1508 1321 1620 1370 tum
1649 1333 1715 1370 ac
1746 1316 1968 1384 liberis,
2004 1317 2261 1383 domine,

609 1410 766 1459 recte
795 1405 907 1460 ista
938 1405 1229 1470 diviseris,
1282 1423 1388 1459 nus
1427 1422 1560 1459 vero
1610 1405 1881 1460 subditos
1937 1422 2047 1460 non
2100 1406 2266 1460 decet

610 1493 668 1547 in
731 1510 924 1548 rerum
980 1493 1190 1547 talium
1243 1495 1720 1548 communionem
1763 1494 2099 1549 admisceri.
2159 1493 2262 1549 Cui

611 1600 732 1647 rex,
771 1584 892 1636 Imo
923 1587 1000 1638 te.
1034 1583 1246 1652 inquit,
1284 1583 1338 1635 in
1395 1582 1599 1652 primis
1647 1583 1774 1637 volo
1807 1583 2094 1636 bonorum
2139 1599 2261 1637 om-

609 1671 774 1726 nium
826 1687 1090 1726 meorum
1143 1687 1272 1726 esse
1330 1671 1698 1742 participem,
1731 1688 1978 1742 quorum
2040 1677 2260 1741 partem

612 1761 919 1815 maximam
954 1761 1110 1814 curis
1143 1777 1245 1830 pro
1279 1777 1370 1814 me
1402 1762 1524 1815 tuis
1570 1766 1627 1814 et
1677 1759 2039 1814 ﬁdelissimae
2088 1760 2261 1815 bene-

2375 600 2494 650 tam
2530 597 2738 652 fausta:
2775 599 2924 654 lucis
2957 599 3156 656 laetitia
3206 608 3460 656 cmnaret
3495 602 3665 657 Palas
3710 603 3937 673 regina,
3965 609 4024 656 ut

2376 689 2535 738 tanto
2573 687 2758 756 magis
2796 687 3170 743 formidatam
3204 689 3315 743 sibi
3349 690 3503 762 regis
3533 707 3602 745 ex
3642 696 3788 745 nutu
3831 691 4019 761 suspi-

2373 773 2597 827 cionem
2637 775 2973 844 discuteret,
3009 784 3403 848 praetereaque
3444 779 3778 834 ostenderet
3826 780 4018 850 quanti

2375 860 2563 916 facere
2606 880 2879 918 coronam
2933 865 3086 920 dono
3137 865 3248 920 sibi
3300 868 3519 935 datam,
3571 883 3840 939 gynaeceo
3895 885 4016 940 pro-

2375 949 2564 1016 diens,
2592 967 2724 1005 cum
2757 969 2971 1007 corona
2996 953 3051 1007 in
3084 955 3294 1025 capite,
3329 959 3385 1010 et
3426 960 3634 1011 caetero
3675 973 3853 1026 quam
3887 973 4016 1028 spe-

2375 1038 2708 1093 ciosissimo
2740 1045 2971 1109 ornatu,
3006 1042 3235 1097 discum
3268 1060 3535 1111 aureum,
3570 1062 3742 1116 oryza
3784 1045 4016 1114 plenum

2373 1128 2840 1196 exquisitissime
2871 1131 3127 1199 condita,
3180 1148 3356 1186 manu
3409 1133 3620 1200 ferens,
3669 1135 3921 1189 accessit
3948 1135 4015 1189 ad

2375 1232 2640 1271 mensam
2677 1219 3106 1274 discumbentis
3135 1221 3288 1292 regis
3317 1237 3330 1275 :
3363 1223 3564 1276 eodem
3619 1227 3905 1294 tempore,
3937 1223 4021 1276 in-

2373 1311 2597 1359 certum
2631 1312 2838 1377 sponte
2869 1326 2941 1363 an
2976 1315 3234 1379 evocata,
3267 1309 3453 1379 pellex
3488 1312 3558 1365 de
3591 1328 3708 1382 qua
3740 1312 4020 1377 diximus,

2372 1393 2641 1449 cubiculo
2674 1395 2809 1450 item
2844 1413 3080 1467 egressa
3120 1415 3249 1466 suo,
3282 1404 3524 1469 gestans
3573 1399 3789 1470 pallam
3838 1400 4025 1456 cocci-

2372 1498 2539 1537 neam
2573 1500 2750 1552 quam
2785 1502 2817 1539 a
2851 1502 2981 1556 rege
3013 1493 3335 1557 acceperat,
3393 1489 3670 1560 apparuit
3728 1489 3785 1543 in
3841 1489 3976 1544 aula
4007 1509 4020 1558 ;

2372 1586 2427 1634 et
2458 1598 2588 1635 cum
2614 1581 2767 1653 regis
2800 1587 2925 1638 tum
2958 1585 3276 1640 astantium
3309 1592 3656 1640 cunctorum
3692 1588 3762 1641 ad
3796 1603 3859 1642 se
3893 1604 4026 1642 ocu-

2371 1669 2459 1724 los
2486 1672 2790 1727 convertit.
2851 1673 3029 1727 Movit
3055 1674 3211 1728 enim
3271 1691 3476 1729 omnes
3535 1676 3682 1730 mira
3714 1693 3805 1730 res
3837 1677 4027 1747 fulgor

2373 1760 2605 1813 nativus
2664 1761 3145 1830 exquisitissimae
3205 1762 3367 1817 illius
3426 1769 3482 1818 et
3539 1781 3845 1835 nunquam
3892 1765 4022 1820 visre

608 1850 873 1905 volentia
907 1854 1204 1920 acceptam
1240 1851 1378 1903 fero.
1427 1849 1527 1903 His
1579 1850 1750 1904 dictis
1781 1851 1850 1903 ad
1890 1850 2259 1921 partitionem
2293 1868 2341 1931 B
2374 1866 2665 1920 purpurae,
2697 1866 2824 1920 quae
2857 1869 2925 1906 ex
2957 1851 3083 1922 ipso
3115 1852 3321 1908 limine
3369 1860 3542 1908 vasta:
3585 1854 3750 1918 aule,
3785 1873 3903 1926 quo
3939 1857 4023 1910 fu-

611 1956 921 1994 munerum
955 1956 1271 2010 aggressus
1319 1954 1435 2004 rex,
1488 1939 1601 1993 sibi
1653 1940 1889 2010 quidem
1944 1939 2263 1994 reservavit

609 2029 976 2099 elephantem
1012 2029 1354 2096 candidum,
1389 2045 1503 2099 quo
1535 2029 1712 2082 etiam
1766 2028 2030 2083 invectus
2055 2029 2258 2083 eodem

610 2116 702 2170 die
735 2133 835 2187 per
866 2118 1066 2171 urbem
1101 2117 1319 2187 regiam
1382 2134 1444 2171 se
1492 2117 1807 2170 videndum
1863 2117 2150 2188 praebuit;
2195 2117 2260 2170 ti-

609 2205 687 2260 lio
721 2223 827 2260 suo
862 2223 1043 2260 unum
1077 2223 1362 2276 equorum
1415 2206 1596 2272 dedit,
1653 2206 1920 2277 privigno
1970 2206 2258 2261 alterum:

611 2302 836 2358 Palario
881 2304 1161 2358 eximium
1223 2303 1389 2358 illum
1434 2320 1634 2358 ensem
1697 2305 1970 2372 donavit;
2035 2320 2260 2374 pannos

611 2393 879 2448 attalicos
910 2399 1219 2464 vestesque
1270 2393 1606 2464 peregrinas
1657 2394 1915 2463 ingentis
1968 2393 2135 2464 pretii
2189 2394 2256 2446 ad

612 2482 939 2537 solitarium
973 2484 1337 2536 somniorum
1392 2481 1770 2551 interpretem
1824 2481 2006 2546 misit,
2065 2486 2258 2552 togam

615 2588 970 2643 purpuream
1006 2577 1062 2625 et
1092 2587 1368 2626 coronam
1395 2570 1620 2626 Palario
1649 2570 1948 2625 commisit
1973 2570 2033 2624 in
2067 2587 2260 2642 gynae-

617 2677 783 2716 ceum
817 2652 1186 2728 deferendas,
1224 2677 1336 2731 quo
1382 2667 1441 2714 et
1493 2660 1619 2732 ipse
1667 2677 1799 2715 mox
1843 2659 2146 2730 inepinato
2181 2659 2263 2714 ire

612 2750 816 2805 voluit.
868 2752 1157 2820 Ingressis
1204 2750 1494 2804 ambobus
1547 2749 1605 2803 in
1655 2748 1994 2803 cubiculum
2028 2748 2262 2804 Paladis

613 2839 850 2911 reginae,
883 2840 1086 2893 eodem
1139 2838 1404 2893 advocari
1462 2855 1560 2892 rex
1609 2838 1794 2908 jussit
1855 2844 1910 2893 et
1969 2837 2260 2909 pellicem,

615 2945 792 3000 quam
840 2928 1163 2998 deperibat,
1206 2927 1617 2982 dissimulante
1657 2927 1884 2998 injuria:
1919 2932 2092 2980 tantae
2126 2944 2260 2982 sen—

610 3035 741 3073 sum
775 3018 1009 3086 Palade,
1063 3034 1164 3088 pro
1223 3035 1327 3072 sua
1388 3022 1594 3071 caetera
1621 3017 2046 3085 {moderatione
2077 3035 2140 3071 ac
2169 3035 2260 3072 sa-

611 3107 851 3179 pientia,
886 3125 1004 3178 qua
1064 3108 1247 3161 fretus
1309 3123 1402 3162 rex
1465 3107 1707 3162 minime
1761 3107 2006 3162 curabat
2055 3109 2124 3161 de
2156 3107 2264 3161 hac

615 3214 723 3252 sua
757 3196 917 3251 illam
954 3188 1410 3267 intemperantia
1440 3197 1648 3250 celare.
1699 3196 1985 3251 Adductis
2030 3212 2167 3267 ergo
2199 3197 2257 3250 in
2293 3226 2334 3291 Ο

612 3288 767 3356 regis
794 3289 1173 3357 conspectum
1211 3301 1387 3340 uxore
1419 3285 1598 3341 simul
1635 3289 1692 3339 et
1724 3284 1948 3355 pellice.
1994 3302 2091 3340 rex
2120 3302 2256 3340 con-

609 3392 817 3431 versus
849 3376 916 3429 ad
953 3375 1238 3446 reginam.
1275 3374 1434 3445 Elige
1493 3376 1646 3445 quod
1705 3375 1909 3441 mavis,
1943 3374 2158 3445 inquit,
2193 3392 2261 3429 ex

612 3465 722 3520 hac
753 3470 883 3536 toga
926 3481 1218 3534 purpurea
1251 3468 1306 3519 et
1336 3481 1577 3528 corona;
1620 3464 1774 3534 quod
1812 3468 1872 3516 tu
1931 3463 2257 3533 reliqueris,

615 3554 737 3608 haec
768 3553 947 3608 tollet.
984 3558 1304 3608 Cunctante
1355 3555 1412 3606 in
1465 3552 1837 3606 deliberando
1874 3552 2101 3619 Palade,
2158 3553 2257 3607 Pa-

613 3643 795 3697 larius
815 3648 1037 3711 astans,
1062 3649 1116 3697 ct
1141 3646 1506 3712 compertum
1552 3641 1794 3707 habens,
1830 3640 2012 3694 multo
2046 3642 2259 3710 pretio-

611 3733 825 3788 siorem
861 3749 1074 3787 corona
1113 3737 1330 3786 vestem
1392 3747 1540 3796 esse,
1613 3731 1775 3785 nictu
1833 3730 1985 3784 oculi
2045 3730 2258 3785 furtivo

610 3824 826 3894 reginae
859 3823 1145 3890 innuit,ut
1179 3827 1372 3893 togam
1395 3820 1652 3892 eligeret.
1700 3822 2041 3875 Observavit
2088 3820 2254 3875 illum

609 3919 820 3968 nutum
848 3930 966 3978 rex,
1014 3919 1070 3968 et
1114 3913 1223 3967 hoc
1252 3913 1446 3982 ipsum
1472 3928 1606 3965 cum
1637 3910 1899 3965 Palarius
1927 3916 2052 3964 tum
2089 3911 2260 3966 Palas

609 4004 1164 4070 animadxertentes,
1199 4003 1323 4074 pari
1375 4003 1547 4057 ambo
1599 4017 1737 4054 cura
1788 4005 2135 4056 aestuarunt.
2173 4004 2258 4055 Ita

607 4091 689 4145 illi
744 4094 814 4146 ad
869 4093 1240 4163 procuranda
1297 4091 1446 4160 regis
1500 4107 1566 4144 ac
1626 4089 1786 4160 regni
1840 4091 2148 4143 commoda
2190 4107 2258 4144 ex

609 4191 792 4245 multo
818 4192 942 4261 jam
979 4197 1239 4262 tempore
1258 4189 1698 4260 conspirabant,
1723 4194 1784 4242 ut
1806 4187 2256 4254 diligentissime

607 4286 897 4349 caverent,
952 4299 1021 4335 ne
1076 4280 1255 4334 ullam
1311 4281 1464 4333 inter
1532 4295 1626 4332 eos
1686 4294 1816 4332 esse
1873 4277 2254 4332 consiliorum

606 4369 1083 4423 communionem
1120 4368 1408 4437 suspicari
1437 4367 1752 4437 quisquam
1805 4372 2033 4437 posset;
2077 4382 2256 4437 quare

604 4459 663 4513 in
700 4465 842 4514 nutu
878 4461 975 4514 illo
1031 4467 1169 4513 tunc
1231 4458 1602 4529 deprehensi,
1664 4457 1836 4511 tacite
1867 4473 1968 4526 pro
2001 4474 2062 4510 se
2094 4457 2254 4526 quis-

604 4565 717 4619 que
750 4549 1132 4604 decreverunt
1167 4551 1304 4602 dare
1355 4547 1624 4602 sedulam
1675 4563 1910 4616 operam
1949 4562 2018 4599 ne
2061 4551 2258 4616 posset
2296 4592 2315 4619 Ι,

601 4655 700 4692 rex
734 4638 844 4692 isto
892 4656 960 4692 ex
1020 4639 1187 4710 signo
1242 4637 1567 4708 intelligere
1601 4635 1754 4706 quod
1791 4635 2056 4700 ignorare
2087 4633 2254 4687 illum

603 4729 857 4782 maxime
885 4727 1154 4782 volebant
1214 4727 1353 4780 Eam
1390 4726 1460 4779 ad
1506 4742 1620 4779 rem
1670 4724 1947 4792 deinceps
1994 4722 2256 4778 Palarius

602 4818 895 4872 affectavit
927 4817 1182 4871 similem
1210 4815 1362 4871 oculi
1388 4815 1609 4869 nictum
1634 4812 2106 4884 frequentissime
2130 4812 2257 4867 sine

601 4931 779 4970 causa
811 4916 1001 4981 edere,
1038 4932 1151 4983 quo
1181 4931 1278 4968 rex
1307 4914 1516 4968 vitium
1577 4912 1634 4966 id
1696 4910 1849 4966 oculi
1910 4927 2023 4964 non
2073 4916 2253 4965 artem

599 5005 999 5072 existimaret:
1041 5003 1100 5059 in
1156 5020 1343 5075 eoque
1388 5010 1507 5058 tam
1540 5006 1820 5058 constans
1854 5000 1982 5066 fuit,
2019 5005 2082 5055 ut
2113 5017 2256 5070 qua-

599 5095 874 5166 draginta
907 5095 1044 5150 totis
1073 5094 1267 5163 annis,
1292 5097 1436 5163 quot
1467 5091 1678 5147 deinde
1724 5091 2052 5162 permansit
2101 5091 2253 5159 apud

597 5201 794 5255 regem
825 5185 1129 5253 assiduus,
1166 5183 1372 5239 nictari
1433 5181 1685 5238 subinde
1744 5179 1913 5234 oculo
1961 5179 2256 5244 similiter,

594 5281 661 5329 ut
693 5281 833 5330 tunc
869 5276 1104 5340 fecerat,
1166 5291 1280 5329 non
1337 5271 1649 5328 destiterit.
1694 5270 1915 5342 Regina
1973 5286 2127 5337 vero,
2190 5285 2258 5324 ne

593 5365 775 5419 istum
811 5372 1020 5419 nutum
1059 5364 1146 5419 vel
1195 5361 1560 5418 intellexisse
1605 5359 1689 5416 vel
1743 5364 2003 5415 secutam
2037 5375 2098 5413 se
2128 5375 2258 5414 esse

593 5455 886 5524 suspicari
922 5471 1019 5509 rex
1054 5460 1271 5525 posset,
1332 5453 1402 5506 de
1457 5451 1751 5506 industria
1811 5454 2016 5504 contra
2075 5465 2256 5518 quam

592 5543 690 5598 ille
724 5544 1092 5598 monstrabat
1135 5542 1290 5608 fecit,
1338 5557 1612 5596 coronam
1663 5539 1887 5609 eligens
1950 5555 2069 5608 pra:
2105 5537 2258 5608 palla

594 5632 694 5686 illa
728 5649 1044 5703 purpurea,
1100 5632 1236 5686 licet
1287 5631 1438 5686 hanc
1475 5647 1586 5685 non
1622 5631 1917 5700 ignoraret
1951 5627 2254 5699 pretiosio-

597 5739 720 5779 rem
753 5739 900 5778 8886.

2375 1936 2596 1991 nalium
2634 1937 2729 1991 lux
2761 1955 2872 1992 non
2909 1939 3021 1993 nisi
3070 1944 3318 1995 remissa
3351 1941 3743 2012 pertingebat,
3791 1943 4026 2012 proprio

2374 2025 2692 2096 splendens
2725 2027 2966 2094 lumine,
3002 2028 3184 2083 aciem
3231 2030 3625 2100 spectantium
3677 2031 4033 2087 suavissime

2374 2116 2732 2186 perstrinxit.
2769 2117 2909 2182 Rex,
2969 2118 3195 2173 dudum
3261 2121 3445 2174 forma
3499 2125 3702 2190 captus
3763 2120 4030 2176 mulieris

2373 2203 2555 2270 illius,
2582 2221 2714 2260 cum
2741 2206 2864 2275 jam
2895 2206 3056 2262 illam
3091 2214 3205 2261 tam
3241 2207 3504 2278 speciose
3537 2209 3866 2264 radiantem
3917 2210 4034 2264 mi-

2373 2295 2484 2349 stis
2512 2295 2631 2349 oris
2664 2312 2729 2350 ac
2762 2300 2907 2366 togae
2940 2296 3276 2368 fulguribus
3322 2298 3563 2367 videret,
3615 2300 3817 2370 gestiit
3869 2300 4030 2355 haud

2373 2383 2548 2438 dubie
2578 2385 2631 2438 in
2670 2385 2883 2440 indicia
2915 2385 3264 2440 naturaliter
3294 2404 3361 2441 ex
3397 2388 3587 2443 oculis
3618 2389 3914 2443 exstantia
3948 2395 4030 2443 te-

2374 2473 2614 2528 nerrimi
2638 2475 3010 2545 amoris,quae
3034 2493 3132 2530 cor
3150 2475 3773 2548 Paladis,triumphum
3799 2479 4029 2533 aemulae

2374 2572 2690 2637 cernentis,
2722 2571 2836 2628 alte
2887 2573 3418 2629 convulnenarunt.
3470 2576 3867 2631 Exacerbabat
3903 2577 4026 2648 pla-

2373 2677 2507 2732 gam
2540 2660 2706 2715 dolor
2755 2662 3028 2718 conscius
3086 2680 3247 2718 sazvae
3305 2664 3694 2733 necessitatis,
3745 2681 3865 2734 qua
3896 2683 4031 2720 coa-

2373 2754 2526 2804 ctam
2563 2768 2623 2805 se
2648 2751 2995 2805 meminerat
3024 2769 3217 2807 errare
3275 2752 3334 2807 in
3395 2753 3696 2818 electione,
3731 2758 3897 2809 tanto
3927 2757 4030 2808 ad-

2373 2838 2641 2894 versaria:
2674 2857 2792 2895 suae
2845 2843 3174 2896 commodo.
3210 2841 3326 2896 Hos
3353 2842 3534 2897 animi
3587 2848 3767 2898 estus
3829 2844 4032 2900 incen-

2374 2929 2551 2983 debat
2595 2945 2826 2984 morsus
2886 2928 3074 2984 acrior
3117 2947 3341 2985 arcanae
3399 2931 3712 3003 zelotypiae,
3748 2949 3888 3002 qua,
3927 2934 4035 2988 etsi

2374 3031 2609 3070 summo
2645 3031 2877 3087 semper
2933 3016 3310 3072 dissimulata
3363 3019 3562 3073 studio
3594 3020 3798 3075 intime
3832 3027 4034 3076 tamen

2375 3104 2599 3158 dudum
2635 3105 2918 3160 muliebre
2969 3106 3250 3160 urebatur
3299 3112 3522 3178 pectus.
3564 3109 3793 3178 Adjccit
3823 3125 4036 3163 cumu-

2376 3192 2498 3247 lum
2534 3197 2619 3248 tot
2651 3193 2865 3249 furoris
2923 3194 3140 3260 causis,
3179 3201 3236 3250 et
3291 3197 3463 3266 quasi
3521 3196 3712 3252 oleum
3774 3197 4037 3252 ﬂammae

2376 3281 2626 3348 adiddit,
2663 3298 2772 3337 vox
2829 3288 2969 3338 tunc
3028 3284 3231 3338 audita
3289 3285 3700 3356 compellantis
3752 3287 4034 3343 Paladem

2377 3370 2551 3441 regis,
2585 3371 2678 3425 his
2712 3372 3031 3427 admodum
3066 3373 3258 3428 verbis
3292 3390 3304 3427 :
3338 3375 3578 3446 Semper
3609 3380 3665 3430 te
3697 3377 4038 3446 prudentis-

2377 3463 2614 3526 simam,
2640 3478 2770 3517 mea
2794 3463 2981 3529 Palas,
3011 3465 3404 3531 adverteram;
3450 3483 3606 3520 nunc
3639 3482 3818 3537 cogor
3848 3484 4033 3537 agno-

2376 3566 2539 3604 scere
2573 3550 2771 3606 minus
2803 3551 2973 3607 hudie
3019 3554 3290 3624 sapuisse
3321 3558 3376 3608 te
3403 3570 3534 3608 cum
3567 3554 3717 3609 hanc
3749 3571 4033 3610 coronam

2375 3639 2457 3694 illi
2492 3644 2640 3712 togae
2670 3643 3039 3712 praeoptasti;
3099 3659 3169 3696 en
3234 3649 3298 3697 ut
3355 3649 3550 3715 spreto
3601 3662 3634 3698 a
3676 3651 3732 3699 te
3785 3662 4038 3700 munere

2375 3731 2566 3784 amica
2599 3747 2756 3785 nunc
2788 3731 3067 3802 prazcellit
3100 3748 3249 3788 mea.
3285 3734 3388 3788 Hic
3418 3734 3587 3804 quasi
3610 3733 3864 3789 ultimus
3889 3735 4037 3789 arie-

2374 3821 2449 3876 tis
2482 3821 2849 3891 impulsusin
2875 3839 3107 3877 murum
3129 3823 3186 3878 in
3215 3824 3444 3879 ruinam
3470 3841 3742 3909 pronum,
3765 3826 4041 3880 conside-

2374 3910 2687 3965 ratissimae
2712 3910 2858 3965 alias
2882 3921 3158 3967 matronae
3176 3913 3571 3969 constantiam
3595 3916 3822 3968 evertit.
3854 3919 4039 3970 Passa

2373 3999 2654 4070 quiddam
2688 3999 3059 4070 humanitus,
3112 4019 3246 4057 cum
3307 4004 3482 4058 etiam
3534 4002 3825 4058 insultare
3883 4003 4038 4058 ultro

2373 4095 2486 4150 sibi
2521 4113 2714 4167 regem
2750 4098 3113 4167 opinaretur,
3148 4115 3323 4169 quam
3375 4116 3553 4154 manu
3598 4100 3874 4168 gestabat
3911 4100 4040 4154 lan-

2371 4202 2497 4240 cem
2532 4191 2688 4239 recta
2714 4185 2772 4239 in
2806 4187 2934 4257 ejus
2956 4195 3129 4258 caput
3161 4189 3427 4260 impegit,
3453 4190 3533 4242 ita
3556 4195 3620 4243 ut
3647 4190 3780 4259 ejus
3811 4191 4039 4244 cidaris

2371 4291 2437 4329 ac
2468 4279 2655 4329 totum
2707 4274 3191 4344 paludamentum
3250 4279 3434 4332 effuso
3492 4294 3558 4331 ac
3618 4277 3768 4332 foede
3823 4295 4038 4349 sparso

2363 4364 2500 4432 jure
2531 4363 2964 4434 inquinaretur,
3012 4383 3262 4436 moxque
3293 4372 3561 4421 avertens
3604 4367 3772 4421 abiit.
3810 4367 4038 4423 Excan-

2370 4453 2498 4506 duit
2525 4469 2644 4518 rex,
2702 4470 2971 4524 proceres
3029 4454 3475 4509 exhorruerunl.
3531 4454 3725 4510 Pellex
3785 4456 3842 4510 in
3900 4458 4038 4512 sinu

2369 4543 2586 4614 gavisa,
2620 4549 2678 4600 et
2729 4545 2991 4616 proxime
3022 4563 3084 4600 se
3119 4547 3418 4602 admotam
3465 4546 3588 4617 spei
3638 4548 3803 4617 regni
3857 4551 4041 4603 tacite

2366 4632 2696 4701 gratulans,
2728 4634 2800 4686 iis
2834 4651 3026 4705 regem
3059 4635 3246 4690 oculis
3275 4635 3521 4705 aspexit,
3555 4635 3654 4705 qui
3689 4635 3927 4690 aemula
3951 4640 4039 4691 in-

2367 4722 2609 4775 teritum
2643 4724 2850 4792 quavis
2894 4723 3191 4778 efficacius
3229 4713 3617 4779 accusatione
3662 4734 4036 4795 perorarent.

2370 4810 2541 4880 Regis
2575 4815 2705 4880 post
2744 4811 3037 4866 intentum
3070 4817 3129 4866 et
3159 4813 3315 4867 varie
3364 4812 3686 4867 sollicitum
3719 4812 4039 4869 silentium

2369 4900 2659 4954 universae
2701 4899 2847 4955 aulae
2890 4902 3184 4956 sententia
3218 4902 3477 4956 intonuit
3509 4900 3821 4957 :Tollatur
3852 4920 3888 4958 e
3923 4921 4046 4959 me-

2368 4988 2464 5042 dio
2490 5005 2617 5059 quae
2639 4993 2872 5045 tantum
2899 5008 3044 5046 ausa
3064 4996 3173 5061 est;
3206 4991 3373 5046 nefas
3393 4996 3483 5046 est
3499 4991 3688 5047 vivere
3701 4997 3825 5046 tam
3849 4992 4042 5048 licen-

2366 5084 2453 5134 ter
2484 5085 2692 5151 sprete
2719 5099 2876 5136 ream
2933 5088 3144 5137 nostrae
3185 5083 3534 5155 majestatis.
3568 5083 3718 5138 Tum
3754 5085 3828 5139 ad
3869 5084 4043 5138 Pala-

2369 5168 2521 5224 rium
2557 5187 2872 5226 conversus
2926 5172 2997 5227 de
3057 5187 3216 5227 more
3248 5177 3542 5228 astantem
3582 5190 3594 5228 :
3630 5173 3764 5239 Abi,
3812 5174 4040 5236 Palari,

2369 5284 2465 5321 rex
2488 5268 2589 5337 ait,
2617 5269 2728 5323 ﬁde
2754 5269 2896 5324 mihi
2923 5270 3096 5325 solita
3140 5276 3197 5326 et
3241 5272 3346 5328 hoc
3397 5272 3723 5344 obsequere
3753 5289 3766 5326 :
3794 5289 3948 5327 cura
3979 5277 4048 5327 ut

2369 5358 2523 5412 diem
2553 5359 2882 5414 crastinum
2917 5361 3088 5416 Palas
3121 5378 3236 5417 non
3269 5362 3482 5417 videat.
3516 5363 3621 5417 His
3673 5361 3853 5417 dictis
3908 5379 4044 5434 per-

2368 5448 2842 5518 turbatissimus,
2902 5451 3155 5522 abrupto
3213 5450 3499 5519 convivio,
3547 5468 3608 5506 se
3639 5450 3924 5506 cubiculo
3952 5451 4046 5504 in-

2367 5537 2564 5592 clusit.
2597 5540 2684 5594 lbi
2710 5544 2938 5595 noctem
2976 5539 3142 5595 illam
3195 5540 3367 5612 plane
3418 5541 3758 5596 insomnem
3791 5545 3853 5596 et
3887 5542 4046 5596 duos

2368 5631 2557 5682 tresve
2583 5628 2883 5684 insecutos
2917 5631 3044 5685 dies
3076 5630 3406 5686 miserrime
3454 5631 3659 5686 anxios
3703 5630 3903 5698 duxit,
3953 5647 4046 5684 re-

2370 5717 2808 5789 ciprocantibus
2865 5719 3238 5792 intemperiis
3296 5719 3702 5792 agitatissimts
3761 5719 4048 5776 mentis:
