4226 6460
598 404 731 458 1331

2108 398 2492 451 ΑΡΡΒΝΒΙΧ.

3870 402 4016 457 1332

602 526 903 597 negotium
921 522 1386 595 adcritur,quiin
1406 524 1663 576 montem
1689 520 1938 575 arduum
1964 518 2247 583 ascendit,
2282 520 2329 585 Α
2365 535 2563 589 suum,
2596 526 2652 577 et
2700 539 2936 578 summa
2994 523 3053 580 in
3094 525 3367 581 eumdem
3399 524 3702 581 cbaritate.
3753 525 3858 582 Hic
3915 543 4021 582 rex

611 616 711 688 qui
749 615 939 686 pisces
972 612 1246 668 comedit.
1302 612 1419 666 Rex
1455 627 1467 665 :
1501 610 1747 669 Multum
1778 624 1869 663 me
1900 607 2251 677 contemnis,

608 704 822 771 Palari,
883 703 1066 757 serios
1128 705 1372 772 questus
1442 714 1603 755 meos
1674 696 2011 752 istuismcdi
2081 695 2256 767 nugis

610 792 923 864 excipiens.
981 790 1241 846 Palarius
1290 806 1302 843 :
1356 787 1463 854 Qui
1513 791 1899 842 contemnunt
1951 801 2144 855 regem
2200 784 2257 840 hi

612 887 752 938 sunt
788 900 800 937 :
833 882 931 953 qui
969 897 1162 936 coram
1197 895 1263 934 eo
1295 878 1477 951 garrit
1507 876 1632 932 sine
1655 875 1901 948 judicio,
1947 878 2044 949 qui
2089 874 2161 929 ab
2192 890 2258 929 eo

609 973 680 1025 de
714 971 1068 1042 quibusdam
1104 966 1601 1038 interrogatos,de
1634 964 1763 1021 aliis
1796 963 2130 1033 respondet,
2156 963 2256 1033 qui

608 1062 763 1133 apud
798 1060 1071 1115 eumdem
1107 1059 1177 1113 de
1235 1048 1313 1111 iis
1351 1056 1589 1110 disserit
1628 1071 1755 1125 quae
1806 1070 1918 1107 non
1963 1052 2258 1123 intelligit,

608 1156 666 1203 et
694 1150 940 1203 libertus
973 1146 1356 1217 locupletatus
1392 1150 1700 1215 patronum
1721 1140 2259 1197 vexanscaiumniis

610 1244 786 1309 atque
819 1238 874 1291 in
901 1238 1004 1307 jus
1055 1236 1316 1291 trahens.
1365 1235 1481 1288 Rex
1518 1252 1529 1288 :
1564 1232 1809 1301 Deliras,
1853 1230 2060 1296 Palari,
2121 1230 2262 1284 talia

611 1329 895 1399 garriens.
913 1322 1540 1394 PalariuszDeliratqui
1558 1323 1721 1376 docet
1736 1320 2111 1390 stultum,qni
2130 1336 2263 1374 oon-

610 1417 844 1473 tradicit
873 1414 1260 1486 sapicnti,qui
1294 1412 1481 1470 credit
1514 1410 1948 1481 meretrici,qui
1983 1426 2262 1464 arcanum

613 1505 976 1562 suuminfido
992 1502 1535 1559 communicatRex
1558 1517 1571 1556 :
1592 1500 1711 1555 Non
1731 1504 1884 1554 recte
1908 1499 2091 1554 fecisti
2108 1498 2263 1553 occi-

615 1597 759 1650 dens
779 1591 1488 1650 Paladem.Palarius:Non
1513 1595 1666 1644 recte
1697 1588 1941 1660 agit,qui
1962 1589 2267 1649 mentitur;

617 1686 717 1759 qui
743 1701 859 1739 non
892 1683 1034 1738 vivit
1066 1686 1129 1737 ut
1173 1680 1472 1753 loquitur;
1508 1679 1606 1751 qui
1661 1683 1829 1733 (state
1889 1677 2266 1749 praefervidus

618 1778 718 1832 irae
778 1774 1171 1845 obsequitur;
1226 1772 1325 1843 qui
1360 1769 1499 1825 sinit
1531 1786 1593 1825 se
1644 1768 1934 1841 implicari
1967 1768 2266 1824 amoribus

616 1864 877 1937 pellicis;
909 1862 1010 1934 qui
1061 1879 1169 1918 sua
1219 1859 1673 1930 intemperantia
1722 1858 1924 1913 volens
1972 1856 2263 1923 vincitur;
2298 1892 2344 1957 Β

614 1955 867 2026 denique
898 1970 995 2008 rex
1026 1952 1125 2023 qui
1160 1951 1440 2007 momenti
1478 1949 1717 2003 maximi
1754 1965 1873 2003 rem
1921 1948 2267 2019 aggrediens

614 2042 860 2099 consilia
890 2041 1223 2112 sapientum
1253 2056 1369 2094 non
1400 2037 1673 2109 exquirit.
1693 2037 1811 2092 Rex
1842 2053 1854 2090 :
1897 2036 2020 2093 Non
2053 2035 2274 2092 vereris

616 2148 831 2201 regem,
869 2140 982 2186 tam
1010 2129 1188 2185 libere
1220 2128 1565 2199 obloquens,
1601 2124 1963 2181 homuncio?
2014 2126 2275 2190 Quatuor

616 2222 879 2293 suntqui
917 2238 1031 2275 non
1065 2223 1339 2275 verentur
1371 2234 1564 2289 regem
1610 2232 1623 2271 :
1672 2215 2033 2287 gallinaceus
2081 2214 2271 2285 gallus

617 2314 756 2365 dum
825 2311 882 2365 in
950 2326 1055 2365 suo
1114 2309 1492 2378 resupinatus
1570 2305 1943 2376 sterquilinio
2016 2305 2266 2375 pedibus

618 2401 859 2456 intentis
886 2398 1142 2455 occurrit
1172 2398 1326 2452 velut
1349 2397 1572 2451 ruituro
1605 2395 1784 2462 caelo;
1818 2411 1960 2465 grus
1993 2394 2274 2449 insistens

622 2492 719 2546 uni
772 2491 1008 2561 pedum,
1072 2488 1241 2560 quasi
1276 2491 1499 2541 metuat
1560 2502 1631 2539 ne
1692 2487 1738 2539 si
1807 2484 1991 2539 altero
2059 2485 2275 2554 pariter

619 2580 909 2635 innitatur
938 2577 1231 2649 deprimat
1261 2581 1474 2631 terram
1510 2575 1689 2629 nimio
1726 2574 2019 2646 pondere;
2056 2572 2273 2627 vermis

622 2668 913 2741 pulverem
950 2682 1118 2737 parce
1152 2682 1384 2734 vorans,
1426 2666 1579 2733 quod
1617 2667 1837 2718 metuat
1868 2678 1938 2717 ne
1970 2680 2115 2716 suus
2138 2679 2270 2717 eum

621 2758 787 2814 cibus
819 2757 1070 2823 deficiat,
1107 2760 1162 2811 et
1192 2754 1528 2827 vespertilio
1563 2758 1740 2808 noctu
1783 2756 2010 2807 tantum
2045 2752 2270 2821 volans,

619 2864 693 2903 ne
722 2847 769 2903 si
806 2864 908 2919 per
938 2846 1091 2900 diem
1126 2847 1453 2915 appareret,
1488 2860 1594 2898 sua
1626 2841 2067 2915 pulchritudine
2096 2858 2269 2897 vena-

616 2945 814 2993 torum
875 2937 946 2991 ad
1014 2935 1104 2989 sui
1164 2934 1428 3006 rapinam
1493 2932 1843 3009 cupiditates
1910 2932 2268 2988 accenderet.

617 3027 977 3083 Rex:Heul
1034 3040 1340 3095 nunquam
1401 3022 1632 3093 uspiam
1693 3020 1899 3076 videbo
1959 3019 2267 3075 mulierem

614 3115 816 3173 Paladi
848 3114 1126 3171 similem.
1163 3112 1427 3169 Palarius
1461 3128 1475 3166 :
1509 3114 1771 3177 Quatuor
1818 3115 1958 3165 sunt
2001 3110 2269 3165 inemen-

619 3204 837 3261 dabilia
895 3222 908 3259 :
971 3202 1181 3258 mulier
1242 3201 1430 3274 palam
1493 3205 1729 3256 assueta
1800 3200 2150 3272 prostituere
2199 3214 2262 3255 se

623 3293 951 3368 plurimis;
1013 3268 1491 3364 loquax-solitus
1562 3268 1849 3357 mentiri;
1918 3268 2334 3361 imprudensC

629 3384 902 3455 opinione
954 3382 1044 3436 sui
1096 3380 1383 3446 tumidus,
1429 3385 1485 3434 et
1535 3378 1928 3433 calumniator
1977 3376 2280 3433 insidiosis

632 3472 1169 3529 machinationibus
1200 3486 1431 3542 semper
1459 3469 1743 3523 intentus.

708 3565 806 3619 IX.
833 3562 949 3617 Hoc
1009 3560 1219 3616 ultimo
1279 3575 1487 3631 parum
1530 3558 1588 3612 in
1651 3558 1904 3630 speciem
1956 3557 2281 3613 cohaerente

632 3669 913 3725 responso
945 3650 1209 3706 Palarius
1242 3649 1361 3719 regi
1389 3648 1723 3718 desperanti
1773 3647 1967 3702 videre
2021 3664 2279 3716 unquam

630 3744 887 3816 amplius
912 3743 1211 3804 Paladem,
1241 3756 1342 3813 per
1363 3740 1641 3811 ambages
1672 3738 1975 3805 innuebat,
2010 3738 2161 3793 haud
2197 3738 2281 3795 ita

626 3851 807 3902 esse;
880 3849 1066 3903 neque
1125 3830 1281 3885 enim
1358 3830 1429 3884 ad
1493 3844 1685 3883 rerum
1757 3827 2276 3883 inemendabilium

626 3925 879 3981 classem
937 3936 1193 3977 errorem
1248 3936 1317 3975 ea
1374 3918 1499 3973 neei
1561 3918 1886 3973 addicenda
1946 3918 2275 3973 admissum

628 4014 939 4087 pertinere.
1009 4010 1296 4082 Deinceps
1374 4025 1546 4081 porro
1624 4024 1720 4063 rex
1784 4007 1842 4062 id
1914 4024 2029 4062 non
2112 4008 2275 4064 visus

620 4104 973 4175 intelligere,
1006 4100 1222 4155 clarius
1267 4099 1555 4169 expressit
1611 4097 1829 4153 doloris
1886 4102 1944 4152 et
1994 4097 2271 4153 desiderii

621 4194 1092 4269 magnitudinem
1144 4193 1257 4261 sui,
1320 4192 1475 4245 hunc
1546 4191 1605 4245 in
1666 4192 1905 4245 modum
1968 4190 2269 4259 loquens:

618 4289 920 4343 z‘Eternum
956 4282 1293 4338 exsulabite
1325 4283 1493 4335 corde
1527 4296 1618 4335 me
1650 4279 1952 4349 gaudium,
1986 4284 2271 4336 aeternum

618 4380 676 4432 in
709 4394 775 4432 eo
797 4375 964 4430 dolor
990 4371 1357 4428 domicilium
1409 4370 1666 4437 habebit,
1719 4386 1752 4425 o
1800 4369 1985 4424 Palnri
2033 4375 2274 4442 propter

618 4467 919 4523 Paludem.
964 4463 1049 4517 Ad
1083 4462 1203 4517 hmo
1259 4460 1525 4516 Palarius
1586 4460 1847 4531 reposuit
1880 4477 1893 4515 :
1926 4459 2273 4515 Justissima

613 4555 848 4611 dolendi
882 4570 1060 4610 causa
1111 4556 1201 4607 est
1261 4549 1505 4605 amissio
1553 4549 1816 4604 mulieris
1866 4549 1959 4604 his
2015 4550 2271 4620 praeditas

614 4645 852 4701 doﬁbus
908 4661 920 4697 :

615 4738 851 4801 borum,
885 4732 1214 4788 nobilitate.
1236 4730 1439 4797 forma,
1464 4728 1862 4784 submissione
1893 4744 2027 4801 erga
2080 4730 2271 4787 virum

2366 607 2658 665 Palarium
2721 613 2981 682 intuens,
3044 615 3432 681 Immensum,
3502 614 3609 682 ait,
3670 615 3826 670 cordi
3886 631 4017 670 meo

2364 697 2631 753 insevisti
2708 699 2955 763 luctum,
3031 702 3386 757 immensum
3443 703 3582 760 item
3651 703 3736 757 tui
3790 704 4021 771 odium,

2370 785 2578 854 Patari,
2620 804 2749 844 mea
2780 789 3120 845 dulcissima
3167 790 3485 847 occidenda
3529 790 3761 847 Palade.
3811 793 3899 853 Ad
3963 792 4020 847 id

2370 882 2575 933 contra
2623 878 2886 936 Palarius
2931 898 2943 935 :
2988 881 3211 937 Verum
3272 887 3330 937 et
3379 882 3755 937 irrevocabile
3813 882 4020 938 odium

2371 968 2523 1022 inter
2550 968 2656 1024 hos
2686 972 2889 1024 mutuo
2920 971 3118 1043 viget:
3162 971 3368 1043 lupum
3412 975 3469 1025 et
3526 988 3682 1040 oves,
3729 972 3900 1027 feiem
3963 976 4023 1027 et

2373 1074 2625 1127 murem,
2694 1060 3029 1134 accipitrem
3107 1066 3163 1116 et
3241 1060 3556 1133 periicem,
3642 1079 3879 1117 corvum
3966 1068 4028 1117 et

2377 1152 2672 1215 noctuam,
2698 1166 2973 1204 cancrum
2997 1155 3055 1205 et
3086 1166 3339 1222 anguem
3373 1167 3386 1206 :
3423 1152 3641 1222 quibus
3672 1152 4027 1207 accensendi

2376 1240 2533 1302 sunt,
2554 1236 2675 1307 qui,
2701 1255 2907 1307 magna
2929 1244 2987 1293 et
3006 1239 3182 1293 veteri
3209 1240 3467 1295 amicitia
3488 1240 3801 1312 dirempta,
3832 1258 4028 1312 caepe—

2376 1326 2491 1380 rint
2523 1327 2758 1381 tandem
2792 1329 2986 1383 odisse
3015 1328 3286 1383 invicem.
3316 1334 3462 1384 Tum
3501 1346 3600 1385 rex
3634 1346 3647 1384 :
3682 1329 3849 1385 Oculi
3883 1331 4023 1398 mei,

2375 1416 2585 1479 Palari,
2656 1416 3021 1488 requirentes
3089 1434 3317 1490 semper
3386 1419 3661 1473 miseram
3720 1420 4025 1489 Paludem,

2376 1521 2679 1576 nunquam
2741 1506 3014 1578 deinceps
3046 1524 3320 1562 somnum
3354 1508 3655 1563 videbunt.
3691 1508 3830 1564 Octo
3858 1514 4025 1579 sunt,

2379 1594 2636 1665 reposuit
2666 1595 2950 1663 Palarius,
2985 1596 3203 1668 quibus
3256 1614 3397 1652 cura
3451 1614 3727 1653 somnum
3788 1598 3966 1671 eripit
4002 1616 4015 1653 :

2379 1682 2567 1737 multa
2637 1686 2948 1754 possidens
3017 1703 3121 1741 nec
3179 1686 3405 1742 habens
3453 1686 3687 1742 fidelem
3736 1703 4026 1754 servum;

2380 1772 2723 1828 machinans
2757 1791 2955 1830 necem
2990 1776 3173 1831 amico
3206 1780 3307 1831 aut
3327 1776 3661 1832 adversario
3684 1794 3695 1844 ;
3722 1777 4033 1848 depericns

2378 1861 2716 1929 mulierem;
2752 1864 3022 1919 conscius
3064 1880 3127 1919 se
3170 1864 3384 1920 falsum
3445 1865 3666 1919 crimen
3710 1865 4033 1938 impegisse

2380 1951 2582 2005 ulcisci
2613 1951 2866 2022 valenti;
2902 1969 3122 2025 pauper
3154 1971 3186 2008 a
3217 1970 3332 2025 quo
3382 1954 3636 2026 exigitur
3685 1955 3839 2027 quod
3906 1972 4025 2011 non

2381 2041 2586 2109 habet;
2651 2058 2801 2113 aeger
2860 2043 3063 2098 morbo
3119 2044 3479 2099 decumbens
3524 2044 3682 2115 gravi
3738 2045 3867 2099 sine
3922 2059 4037 2117 ope

2380 2130 2588 2184 medici
2626 2146 2637 2184 :
2674 2131 2922 2187 maritus
2945 2132 3260 2201 adulterae;
3294 2133 3455 2187 dives
3498 2150 3710 2206 parcus
3771 2134 4037 2205 inopiam

2381 2225 2679 2288 metuens;
2728 2220 2942 2292 quibus
3000 2224 3305 2277 addendus
3357 2227 3445 2278 est
3494 2240 3615 2278 rem
3682 2222 4042 2278 desiderans

2381 2326 2556 2380 quam
2592 2311 2872 2382 consequi
2906 2329 3018 2367 non
3054 2316 3261 2383 potest.
3298 2312 3401 2367 His
3435 2330 3530 2367 rex
3558 2312 3716 2367 eludi
3752 2330 3814 2367 se
3878 2313 4037 2367 indi-

2380 2416 2589 2471 gnans,
2625 2401 2840 2455 irratus
2873 2401 3019 2455 dixit
3078 2420 3089 2457 :
3145 2402 3459 2474 Nunquam
3523 2403 3781 2473 amplius
3838 2406 4042 2457 tecum

2380 2490 2697 2560 colicquar,
2752 2489 2958 2545 Palari.
3009 2493 3073 2545 At
3133 2491 3395 2546 Palarius
3448 2508 3460 2545 :
3512 2492 3739 2563 Indigni
3800 2492 3897 2562 qui
3961 2493 4038 2546 ad

2380 2576 2741 2649 colloquium
2776 2580 3166 2634 admittantur
3200 2581 3253 2634 hi
3286 2586 3427 2635 sunt
3460 2599 3471 2634 :
3508 2581 3605 2652 qui
3636 2582 3873 2637 fratrem
3908 2582 4041 2637 odit

2379 2684 2448 2723 ex
2471 2666 2615 2722 falsa
2646 2685 2859 2736 causa;
2894 2668 3067 2724 homo
3102 2686 3423 2742 arrogans;
3450 2671 3547 2742 qui
3578 2670 3812 2726 divitias
3836 2670 4040 2726 anima

2381 2758 2617 2829 prapria
2696 2758 2831 2828 plus
2910 2758 3184 2827 aestimat,
3263 2760 3361 2830 qui
3421 2756 3771 2814 contradicit
3825 2776 4039 2815 servus

2380 2846 2645 2911 domino,
2677 2846 3005 2919 discipulus
3027 2848 3462 2919 magistro.Sub
3494 2848 3612 2903 haec
3647 2866 3765 2913 rex,
3797 2853 3861 2904 ut
3911 2853 4042 2905 erat

2379 2952 2665 3007 suspenso
2699 2936 2897 2989 animo
2934 2952 3140 3006 parum
3188 2940 3449 2990 attentus
3480 2936 3551 2991 ad
3582 2937 3802 3003 audita,
3838 2934 4040 3006 in0pi-

2380 3028 2512 3078 nate
2553 3023 2897 3081 exclamavit
2936 3042 2949 3080 :
2994 3017 3311 3080 Nemc'est
3368 3024 3427 3079 in
3476 3025 3754 3080 omnibus
3812 3023 4047 3098 peccati

2377 3118 2667 3185 expers,et
2698 3112 2871 3167 homo
2916 3114 3208 3185 perfectus
3240 3114 3400 3169 omni
3436 3130 3504 3169 ex
3540 3118 3705 3186 parte
3736 3129 4041 3185 nusquam

2377 3203 2719 3275 reperietur.
2744 3202 2834 3257 Sic
2868 3200 3069 3257 relicto
3090 3201 3353 3257 Palarius
3412 3220 3544 3276 rege
3580 3203 3752 3276 pleno
3810 3202 4042 3267 luctus,

2388 3294 2445 3347 in
2475 3291 2805 3347 miserrima
2835 3292 3242 3361 desperatione
3273 3293 3533 3347 videndae
3565 3308 3828 3365 unquam
3847 3291 4046 3349 dilec'

2388 3381 2633 3436 tissimze
2676 3381 2969 3451 conjugis,
3010 3381 3185 3451 paulo
3243 3389 3370 3451 post
3430 3381 3618 3436 adfuit
3663 3386 3962 3437 evocatam
4016 3397 4048 3437 e

2392 3472 2652 3536 latebris,
2686 3476 2744 3527 et
2773 3488 2906 3526 cum
2958 3474 3163 3527 caetero
3220 3472 3380 3544 regio
3427 3471 3586 3527 cultu
3645 3476 3773 3527 tum
3825 3489 4046 3527 corona

2388 3561 2489 3616 illa
2516 3559 2913 3633 pulcherrima
2943 3566 3211 3619 ornatam
3241 3561 3541 3617 adducens
3580 3561 3877 3617 Paladem.
3900 3562 4046 3617 Eam

2388 3670 2503 3724 quc
2570 3652 2780 3722 gaudio
2847 3668 2944 3706 rex
3000 3651 3230 3717 viderit,
3286 3653 3503 3723 quibus
3577 3651 3797 3706 amoris
3850 3652 4045 3723 signis

2385 3742 2692 3814 eXceperit,
2756 3740 3028 3811 subjiciet
3068 3740 3179 3795 sibi
3224 3742 3498 3813 quisque,
3563 3740 3647 3795 uti
3704 3744 3762 3796 et
3821 3741 4045 3813 quibus
4114 3767 4120 3771 -

2386 3831 2662 3885 laudibus
2688 3830 2891 3884 Palarii
2959 3829 3328 3901 prudentiam
3387 3829 3696 3897 extulerit;
3749 3833 4041 3901 quantum

2384 3922 2455 3976 ad
2517 3921 2764 3991 priorem
2834 3919 2893 3974 in
2940 3918 3137 3993 ipsum
3197 3919 3490 3974 addiderit
3548 3919 4042 3988 benevolentiam,

2383 4027 2559 4083 quam
2594 4010 2828 4081 quidem
2882 4008 3329 4081 pretiosissimis
3378 4008 3578 4065 statim
3633 4009 3803 4065 donis
3854 4008 4044 4065 voluit

2382 4099 3085 4155 testatam.Brachmanas
3127 4115 3297 4169 porro
3334 4099 3709 4155 insidiatores
3756 4100 4038 4174 perfidos,

2381 4196 2435 4245 et
2492 4189 2718 4244 consilii
2778 4188 3144 4259 sanguinarii
3213 4188 3701 4245 sceleratissimcs
3734 4194 4041 4259 auctores,

2381 4283 2763 4350 congregatos
2809 4278 3113 4332 universos
3163 4293 3360 4332 coram
3410 4294 3473 4332 se
3518 4278 3704 4348 jussit
3761 4278 4039 4335 interfici.

2380 4370 2497 4424 Hoc
2530 4368 2793 4441 exemplo
2828 4371 3007 4439 patet,
3048 4367 3165 4439 regi
3203 4368 3270 4421 ad
3305 4384 3471 4422 suam
3523 4368 3806 4422 tuendam
3855 4386 4038 4440 paca-

2378 4465 2498 4514 tam
2531 4463 2706 4529 atque
2747 4456 3103 4511 incolumem
3164 4457 3406 4511 domum
3467 4460 3522 4511 et
3580 4458 4036 4529 rempublicam,

2377 4551 2769 4604 instrumenta
2844 4546 3209 4602 efficacitatis
3287 4547 3592 4619 praecipuae
3665 4547 3785 4601 haec
3842 4565 4035 4606 esse:

978 4641 1285 4714 pudicitia,
1338 4639 1670 4710 prudentia,
1728 4639 2087 4709 parcimonia
2134 4656 2263 4693 ver-
2294 4646 2340 4709 1)
2376 4638 2774 4712 prudentiam,
2804 4636 3167 4710 patientiam,
3205 4636 3504 4709 sapientes
3548 4636 3943 4708 consiliarios,
3978 4644 4038 4695 et

2385 4728 2690 4784 mulierem
2724 4725 3045 4780 cordalam.

1692 4980 2211 5043 DISSERTATIO
2256 4984 2352 5043 PA
2364 4980 2755 5044 RABOLICA
2801 4979 2956 5040 Vill.

618 5098 933 5162 Cautz‘ones
985 5091 1330 5176 prwscribil
1364 5090 1650 5151 tenendas
1722 5089 1780 5147 in
1836 5088 2130 5150 amicitiis
2184 5094 2559 5182 quastuosis,
2622 5088 2898 5168 temporis
2968 5084 3157 5145 solum
3235 5092 3293 5145 et
3360 5090 3556 5146 mutui
3628 5104 3775 5145 usus
3857 5104 4041 5151 causa

2142 5181 2470 5232 contractis
2488 5218 2501 5231 .

678 5316 809 5375 Alia
838 5313 930 5369 die
989 5306 1257 5382 poscenti
1314 5304 1700 5363 Abessalomo
1752 5306 1873 5377 regi
1934 5304 2137 5360 audire
2196 5306 2269 5361 de

610 5403 886 5462 amicitiis
943 5397 1229 5470 temporis
1292 5412 1474 5453 causa
1524 5394 1578 5449 in
1641 5395 1945 5453 communi
2007 5394 2270 5466 periculo

609 5492 949 5557 contractis,
1028 5485 1310 5547 disseruit
1367 5484 1427 5539 in
1497 5484 1653 5543 hunc
1718 5486 1961 5542 modum
2023 5500 2268 5556 gynmo.

612 5584 895 5654 sophista.

688 5676 729 5731 Ι.
763 5673 887 5729 Non
919 5684 1121 5726 omnes
1170 5665 1443 5723 amicitia:
1489 5681 1675 5719 aevum
1722 5664 1939 5729 ferunt,
1986 5680 2092 5719 nec
2136 5680 2269 5721 vero

618 5768 781 5823 nefas
805 5761 917 5818 alia
948 5775 1211 5831 unquam
1246 5756 1394 5811 inire
1427 5771 1605 5826 quam
1640 5758 1855 5809 reterns
1890 5754 2116 5809 faedera.
2169 5756 2269 5808 Est

2377 5320 2514 5358 cum
2548 5302 2723 5359 etiam
2759 5301 2925 5374 probi
2957 5316 3022 5356 ac
3055 5299 3353 5370 sapientes
3383 5316 3499 5355 non
3532 5306 3808 5356 recusant
3838 5303 4040 5359 conci-

2380 5394 2683 5449 liationem
2717 5408 2851 5449 cum
2899 5389 3160 5456 inimico,
3206 5388 3390 5445 vicem
3438 5393 3669 5445 tantum
3722 5407 3790 5446 ac
3840 5394 4042 5448 condi.

2381 5484 2602 5538 tionem
2635 5480 3010 5538 induclarum
3043 5477 3399 5534 habituram.
3434 5478 3545 5533 Rea
3601 5477 3709 5534 hoc
3765 5483 4039 5554 exemplo

2382 5571 2798 5629 declarabitur.
2871 5568 3023 5625 Felis
3080 5568 3141 5622 in
3219 5571 3422 5623 trunco
3497 5573 3737 5623 vetusta:
3810 5570 4040 5627 arboris

2386 5660 2752 5718 domicilium
2785 5658 3059 5724 habebat,
3085 5673 3191 5713 nec
3234 5654 3403 5727 longe
3453 5656 3588 5712 hinc
3639 5673 3775 5713 cavo
3822 5660 4038 5733 exiguo

2393 5751 2699 5807 habitabat
2732 5767 2884 5806 mus.
2944 5747 3119 5803 Nocte
3162 5747 3414 5818 qundam
3478 5746 3719 5803 ambivit
3768 5749 4041 5808 arborem
