4248 6442
237 388 378 443 1333

1231 391 1593 443 SPECIMEN
1631 388 2033 442 ΒΑΡΙΒΝἹἹΒ
2071 389 2404 444 INDORUM
2444 392 2588 445 VET

3507 393 3645 448 133’1

232 513 457 569 retibus
488 516 753 579 venator,
780 516 839 568 et
868 512 1075 585 ignara
1106 511 1455 567 insidiarum
1515 513 1650 565 ante
1691 509 1883 563 lucem
1915 509 1969 574 Α
2001 510 2345 582 increpabat
2374 511 2458 568 sic
2511 516 2888 570 cunctantem
2951 515 3114 572 felis:
3177 518 3325 581 Quid
3380 519 3639 589 dubitas,

235 604 364 660 felis
393 604 614 674 exiens,
647 604 946 674 implicata
978 603 1207 674 laqueis
1239 606 1345 657 est.
1397 600 1560 655 Vidit
1614 614 1743 654 eam
1801 598 1883 653 ita

232 695 489 748 vinctam
520 709 837 763 erumpens
894 708 1033 747 cavo
1068 708 1173 746 suo
1206 688 1515 745 musculus
1545 694 1602 743 et
1644 687 1881 759 gavisus

231 788 344 849 est,
377 783 478 838 sed
511 783 741 837 brevem
774 782 823 836 ei
883 780 1143 835 laetitiam
1202 782 1482 852 ingruens
1540 776 1757 848 duplici
1812 792 1881 831 ex

230 871 492 944 periculo
549 877 744 926 motus
800 887 1012 942 anceps
1090 870 1242 924 fecit.
1320 868 1660 940 Suspiciens
1726 866 1879 921 enim

228 962 606 1017 insistentem
655 962 873 1026 arbori,
932 964 989 1015 et
1038 960 1226 1015 iacere
1264 960 1321 1012 in
1347 975 1409 1012 se
1434 957 1717 1028 impetum
1744 971 1877 1010 noe-

229 1057 392 1107 tuam
432 1056 760 1123 parantem,
793 1066 923 1105 cum
959 1050 1223 1121 refugere
1259 1049 1315 1103 in
1351 1064 1518 1103 suam
1571 1062 1878 1102 cavernam

226 1140 424 1207 vellet,
454 1141 809 1195 subeuntem
831 1157 897 1194 eo
932 1138 1251 1211 nympham
1281 1137 1713 1193 animadvertit.
1775 1135 1878 1189 Hic

224 1232 523 1286 enimvero
555 1234 968 1285 consternatus
1032 1228 1394 1291 discrimine,
1439 1232 1496 1280 et
1534 1226 1702 1281 anxie
1734 1223 1876 1279 deii-

230 1321 610 1374 berahundus
649 1319 927 1374 haerebat.
987 1318 1137 1383 Quid
1207 1333 1376 1387 agam
1408 1316 1563 1369 ?aut
1618 1332 1732 1385 quo
1785 1330 1876 1366 me

217 1416 445 1465 vertam
478 1410 505 1463 ‘?
535 1425 735 1464 secum
771 1409 953 1462 aiens.
989 1408 1043 1461 Si
1076 1423 1278 1462 cavum
1315 1422 1508 1461 meum
1559 1405 1874 1476 ingrediar,

225 1497 529 1554 devorabit
562 1514 651 1553 me
686 1497 980 1568 nympha;
1018 1496 1065 1549 si
1128 1500 1323 1550 autem
1385 1494 1479 1548 hic
1538 1495 1873 1570 persistam,

224 1592 331 1643 aut
362 1588 564 1642 dextra
594 1586 905 1641 sinistrave
950 1588 1147 1655 fugere
1206 1584 1536 1656 aggrediar,
1600 1582 1877 1637 involaliit

215 1680 276 1735 in
314 1693 406 1733 me
441 1682 686 1744 noctua;
722 1678 772 1732 si
819 1675 915 1731 feli
970 1692 1061 1731 me
1114 1676 1478 1741 admoveam,
1541 1674 1732 1745 praeda
1792 1672 1873 1728 illi

219 1770 380 1824 ﬁam.
418 1768 543 1823 Non
575 1766 1034 1838 despondendus
1068 1770 1262 1820 tamen
1294 1769 1384 1819 est
1414 1764 1685 1818 animus:
1716 1762 1874 1835 inge-

1994 598 2177 666 aiens,
2204 604 2323 654 tam
2357 602 2471 656 cito
2496 602 2647 656 redis
2669 603 2737 656 ad
2757 604 2995 673 genium
3022 604 3049 658 ‘i
3068 606 3148 660 ita
3170 606 3361 662 brevis
3381 612 3470 661 est
3494 609 3637 663 ﬁdes

1992 686 2260 741 amicitias
2283 689 2494 758 juratm
2525 690 2553 743 ?
2581 689 2827 745 Sincere
2860 692 3016 762 (mus
3048 695 3149 764 ait)
3180 696 3452 766 equidem
3490 696 3635 750 mihi

1988 778 2259 832 conscius
2284 779 2599 833 voluntatis
2629 797 2761 835 sum
2800 783 2857 835 in
2893 784 3105 838 fmdere
3136 785 3289 839 inter
3350 802 3455 839 nos
3489 785 3633 839 inito

1990 866 2293 933 servando,
2326 868 2429 921 sed
2462 884 2578 938 quo
2606 872 2667 923 tu
2703 869 2899 924 futura
2931 872 3014 927 sis
3050 872 3246 926 animo
3280 873 3377 926 ubi
3422 889 3515 927 me
3576 874 3631 929 in

1992 959 2275 1025 potestate
2297 956 2576 1013 habueris
2599 973 2832 1027 vereor;
2858 977 2992 1015 nam
3020 962 3306 1017 naturalis
3356 962 3634 1018 inclinato

1991 1062 2105 1098 non
2139 1050 2420 1110 mutatur,
2456 1050 2554 1100 aut
2573 1048 2619 1099 si
2646 1064 2759 1118 qua
2782 1048 2831 1103 ei
2855 1050 2940 1105 vis
2965 1051 3224 1117 affertur,
3247 1068 3359 1105 non
3388 1057 3631 1122 perstat;

1993 1136 2315 1204 propterea,
2352 1150 2484 1188 cum
2515 1135 2661 1193 nihil
2691 1142 2916 1207 urgeat,
2953 1140 3141 1193 tutius
3195 1157 3402 1195 censeo
3464 1142 3635 1196 relin-

1990 1238 2168 1292 quere
2230 1228 2284 1276 te
2339 1223 2531 1276 adhuc
2582 1241 2696 1278 uno
2755 1227 3131 1281 constrictum
3189 1228 3442 1295 vinculo,
3528 1231 3635 1285 hoc

1988 1327 2218 1381 quoque
2235 1316 2515 1382 rupturus
2547 1330 2680 1367 cum
2718 1320 3017 1370 maturum
3040 1318 3638 1388 erit.Sicaliquandiu

1990 1401 2243 1471 perstitit
2273 1417 2550 1456 mussans
2582 1404 2772 1473 quoad
2809 1405 2931 1459 sole
2954 1406 3079 1475 jam
3113 1412 3334 1472 exorto,
3365 1416 3419 1462 et
3462 1425 3633 1462 vnia-

1984 1489 2128 1543 toris
2158 1490 2527 1545 adventantis
2549 1493 2793 1564 strepitu
2856 1500 3042 1565 empto
3103 1496 3315 1564 audiri,
3375 1497 3635 1552 residum

1986 1581 2329 1650 tempestive
2351 1582 2638 1652 confregit
2671 1584 2856 1647 tilum,
2889 1585 3209 1655 proculque
3241 1587 3437 1641 statim
3464 1588 3633 1657 fugit;

1987 1667 2082 1722 feli
2117 1668 2346 1736 solutas,
2377 1669 2465 1724 vel
2498 1670 2545 1725 si
2580 1671 2805 1727 deesset
2856 1673 3019 1740 ﬁdes,
3074 1676 3371 1731 venatoris
3432 1681 3629 1730 tamen

1987 1758 2265 1815 instantis
2298 1765 2487 1821 metus
2520 1760 2867 1833 insequendi
2904 1765 3089 1818 muris
3121 1764 3432 1819 consilium
3468 1782 3633 1821 excu-

216 1860 384 1915 nium
419 1858 475 1912 in
511 1857 825 1930 angustiis,
869 1857 1151 1923 cernitur,
1213 1854 1555 1927 excogitabo
1610 1854 1868 1924 aliquam
1905 1880 1951 1945 Β
1985 1852 2149 1904 teret.
2185 1848 2330 1920 Ergo
2362 1850 2622 1920 nympha
2653 1851 2843 1907 Obitt‘t‘
2873 1853 3168 1922 exterrita,
3227 1858 3282 1910 et
3340 1871 3403 1908 ex
3464 1858 3632 1910 antro

216 1948 432 2005 salutis
464 1947 640 2002 viam.
673 1947 750 2002 Ea
777 1945 1218 2017 circumspectis
1239 1945 1470 2001 cunctis
1494 1960 1606 1999 non
1633 1942 1870 1999 aliunde

212 2055 393 2109 quam
427 2036 597 2092 efele
654 2036 1019 2091 ostenditur:
1078 2035 1341 2104 experiar
1398 2049 1526 2089 eam
1588 2032 1866 2104 alloquio.

216 2128 313 2182 Sic
351 2127 641 2182 accedens
670 2132 961 2197 quantum
995 2128 1119 2180 tuto
1152 2124 1339 2195 potuit
1395 2124 1465 2179 ad
1527 2122 1867 2181 intricatam

214 2217 323 2271 reti
356 2216 536 2281 felim,
572 2214 772 2281 Satin’,
805 2214 1019 2285 inquit,
1053 2214 1224 2269 salvae
1258 2229 1352 2268 res
1384 2217 1524 2269 sunt
1585 2213 1743 2268 tuae?
1806 2217 1872 2267 Et

214 2298 374 2363 fetis,
439 2296 673 2352 Gaudes
723 2295 969 2365 scilicet,
1032 2295 1137 2360 ait,
1187 2311 1280 2354 me
1340 2294 1724 2365 deprehensa,
1803 2311 1868 2349 ac

217 2387 443 2442 miserae
478 2386 755 2443 insultas.
792 2387 941 2441 Tum
978 2402 1111 2441 mus
1148 2403 1159 2439 :
1194 2386 1542 2453 Gauderem,
1576 2390 1642 2440 ut
1696 2385 1865 2453 dicis,

210 2478 260 2534 si
297 2494 542 2533 securus
575 2493 787 2544 essem,
822 2492 978 2536 nunc
1012 2476 1246 2547 propria
1269 2474 1693 2546 mihipericuia
1716 2475 1868 2529 cala-

213 2567 443 2623 mitatis
476 2566 676 2622 aliena:
711 2567 963 2623 fructum
993 2565 1313 2621 excutiunt.
1349 2564 1525 2621 Vides
1549 2564 1868 2636 nympham

215 2656 550 2729 pervasisse
585 2672 781 2712 meum
816 2672 1044 2721 cavum,
1106 2654 1404 2726 simulque
1460 2654 1867 2710 imminentem

210 2748 271 2801 in
311 2746 423 2801 mei
458 2746 725 2816 rapinam
759 2760 1013 2815 superne
1045 2748 1340 2804 noctuam.
1373 2743 1537 2797 Nunc
1560 2758 1686 2813 age,
1711 2744 1867 2814 quod

208 2835 606 2891 communiter
635 2835 887 2904 expedit,
921 2833 1304 2890 conciliemur
1335 2833 1605 2899 invicem,
1636 2848 1866 2903 pacem-

211 2941 330 2996 que
364 2924 671 2992 faciamus,
697 2924 789 2979 his
818 2923 1071 2994 legibus,
1108 2928 1170 2977 ut
1202 2938 1329 2993 ego,
1356 2921 1571 2992 quibus
1605 2921 1864 2991 vinciris,

205 3031 482 3086 rumpam
517 3014 783 3085 laqueos,
846 3018 909 3071 tu
975 3012 1293 3085 nympham
1357 3010 1585 3067 occidas
1643 3011 1864 3083 praeda-

208 3106 418 3160 trieem
454 3120 668 3160 meam.

282 3195 357 3250 II.
388 3195 659 3250 Probavit
687 3192 956 3265 impense
989 3192 1176 3248 muris
1209 3191 1668 3265 propositionem
1703 3190 1852 3259 felis,

1985 1938 2171 1993 muris
2202 1940 2407 2007 ejecta,
2443 1940 2595 1997 saltu
2638 1940 2981 1996 conscendit
3030 1943 3328 1997 arborem.
3394 1944 3633 1998 Moestus

1978 2031 2221 2083 venator
2254 2028 2504 2085 fractum
2538 2033 2656 2083 rete
2686 2030 3214 2093 reconcinnaturus
3237 2034 3504 2096 abstulit.

2054 2116 2150 2172 Ill.
2188 2116 2358 2173 Pauci
2394 2134 2462 2174 ex
2495 2117 2604 2172 hoc
2636 2119 2758 2173 dies
2811 2119 3117 2184 tinxerant,
3176 2138 3309 2175 cum
3336 2124 3632 2192 prodeun-

1979 2210 2119 2276 tem,
2158 2210 2360 2277 pastus
2393 2224 2570 2264 causa
2602 2209 2919 2279 quaerendi,
2954 2227 2983 2264 e
3007 2228 3114 2265 sua
3136 2228 3381 2269 caverna
3407 2229 3631 2267 murem

1983 2295 2185 2368 procul
2221 2296 2352 2357 telis
2384 2298 2789 2364 intuens.Quo
2846 2316 2878 2353 a
2938 2318 3049 2371 me,
3109 2301 3346 2369 clamat,
3400 2318 3633 2373 semper

1977 2386 2339 2445 vitabundus
2371 2386 2717 2458 digrederis,
2765 2388 2982 2444 oblitus
3040 2390 3309 2449 amicitiae
3364 2392 3572 2461 juratze
3606 2392 3633 2446 *Ρ

1976 2477 2114 2545 Age,
2140 2476 2307 2544 aude,
2336 2476 2544 2530 accede
2574 2478 2644 2530 ad
2698 2493 2810 2541 me,
2864 2478 3137 2549 amplecti
3192 2485 3245 2534 te
3306 2498 3371 2534 ac
3432 2497 3628 2535 remu-

1980 2580 2182 2619 nerare
2216 2581 2319 2635 pro
2356 2564 2578 2619 meritis
2610 2565 2780 2637 cupio
2804 2566 3090 2622 libertatis
3114 2572 3168 2623 et
3233 2568 3439 2624 salutis
3498 2569 3629 2625 vin-

1979 2654 2165 2708 dicem
2198 2670 2360 2709 meae.
2394 2654 2497 2709 Cui
2532 2671 2662 2709 mus
2685 2673 2999 2728 parumper
3032 2658 3395 2716 subsistens.
3448 2658 3627 2714 inter-

1975 2742 2125 2803 vallo
2160 2747 2353 2798 tamen
2390 2743 2532 2798 satis
2582 2761 2794 2816 magno
2845 2746 3061 2815 medio,
3121 2747 3349 2816 Nostra,
3408 2749 3627 2819 inquit,

1976 2831 2237 2891 amicitia
2256 2832 2593 2904 complexus
2619 2850 2733 2889 non
2762 2835 3029 2907 requirit,
3058 2852 3161 2891 nec
3185 2836 3434 2893 libenter
3456 2855 3625 2894 oscu-

1975 2921 2129 2987 larer
2157 2922 2321 2977 labra
2343 2922 2620 2993 contigua
2650 2923 2927 2981 dentibus
2952 2925 3229 2984 mandere
3261 2926 3371 2983 mei
3403 2927 3630 2985 similes

1976 3011 2188 3068 solitis.
2222 3016 2505 3069 Amemus
2554 3028 2585 3069 e
2636 3012 2963 3087 longinquo
3012 3030 3241 3072 censeo.
3297 3015 3414 3075 Nec
3461 3016 3633 3075 aliter

1976 3099 2115 3156 fecit
2148 3116 2410 3173 unquam
2444 3117 2578 3159 mus
2625 3101 2923 3174 providus,
2982 3103 3139 3165 haud
3195 3105 3397 3172 minus
3450 3122 3629 3181 quam

1977 3194 2110 3246 ante
2141 3188 2349 3246 sedulo
2379 3190 2572 3251 vitans
2604 3207 2676 3254 ne
2701 3206 2764 3248 se
2794 3191 2893 3252 feii
2920 3193 3336 3266 committeret,
3368 3200 3473 3254 aut
3525 3212 3627 3254 ex-

200 3289 263 3338 et
294 3299 521 3354 magna:
555 3252 838 3337 mercedis
863 3252 1293 3353 propositiones
1318 3252 1559 3350 adjecit,
1619 3279 1667 3339 si
1726 3252 1855 3350 ejus
1884 3252 1928 3321 α
1967 3280 2265 3352 ρθτίυῐιᾶω
2307 3296 2415 3345 suo
2446 3252 2665 3343 damno
2716 3281 2980 3354 perﬁdia
3029 3252 3399 3350 occasionem
3456 3252 3627 3351 daret

203 3372 488 3428 beneﬁcio
518 3389 580 3427 se
612 3370 755 3427 solvi
778 3370 1165 3443 contingeret.
1191 3370 1338 3441 Ergo
1362 3370 1551 3429 fosdus
1576 3369 1855 3439 inierunt,

195 3469 257 3519 et
300 3477 433 3518 mus
482 3464 630 3520 citra
682 3480 907 3518 moram
960 3464 1137 3534 cmpit
1189 3461 1285 3517 ﬁla
1344 3462 1485 3517 retis
1532 3462 1857 3518 arrodendo

202 3552 498 3623 frangere.
533 3551 726 3607 Unum
757 3567 826 3608 ex
855 3552 949 3607 bis
978 3557 1176 3617 tamen
1226 3549 1465 3623 reliquit
1510 3567 1625 3621 quo
1664 3550 1858 3606 adhuc

1973 3368 2122 3431 hosti
2146 3369 2522 3431 reconciliata
2545 3386 2745 3434 secum
2777 3377 3115 3446 quaestuosa
3134 3373 3381 3435 ratione.
3402 3374 3624 3441 Fabula

1968 3459 2136 3516 docet
2158 3459 2344 3521 ﬂuxas
2374 3475 2506 3518 esse
2535 3476 2601 3517 ac
2633 3460 2767 3518 ﬁdei
2816 3461 3090 3521 sublesta
3143 3463 3437 3528 amicitias
3467 3482 3620 3541 quas

1969 3548 2194 3611 utilitas
2233 3554 2293 3605 et
2322 3550 2644 3608 necessitas
2691 3552 3119 3627 conglutinant,
3167 3555 3339 3630 genio
3393 3561 3449 3615 at
3507 3573 3615 3616 na-

199 3640 339 3696 felis
376 3645 714 3708 teneretur;
748 3657 863 3697 non
895 3640 1052 3696 enim
1102 3640 1275 3712 plane
1336 3638 1552 3696 ﬁdebat
1600 3638 1857 3695 reconci-
1967 3640 2102 3699 tura
2130 3636 2472 3705 reluctante.

189 3730 354 3785 liataa
387 3730 591 3802 gratia:
625 3729 739 3786 nisi
772 3730 1018 3803 pignore
1064 3729 1175 3786 sibi
1235 3727 1471 3786 certiori
1531 3732 1856 3785 caveretur.

1318 3964 1835 4027 DISSERTATIO
1881 3963 2378 4027 PARABOLICA
2407 3965 2507 4028 IX.

320 4078 611 4135 Deterret
642 4094 681 4134 a
710 4075 969 4154 ﬁniendo
998 4078 1513 4141 reconciliatiom‘
1540 4079 1779 4153 gratia:
1808 4071 2066 4139 oblaitw
2095 4094 2135 4134 α
2155 4079 2456 4153 principe
2483 4093 2668 4154 quem
2692 4075 3065 4155 gravissime
3091 4085 3235 4161 quia
3264 4082 3515 4144 tuerit.

279 4209 576 4280 Aliqando
634 4226 820 4265 vacuo
879 4208 1037 4265 curis
1088 4208 1414 4279 majoribus
1470 4207 1851 4265 Abessalomo
1966 4223 2115 4279 quas
2148 4207 2409 4280 quotidie
2438 4206 2691 4278 volabat,
2729 4210 2894 4269 mitia
2923 4228 3101 4286 poma
3131 4214 3292 4289 pullo
3322 4232 3431 4276 suo
3474 4232 3619 4293 por-

182 4300 322 4371 regi
359 4298 803 4370 superveniens.
832 4304 891 4355 et
920 4300 1046 4371 ipse
1078 4299 1309 4369 negotio
1337 4299 1566 4355 solutus
1597 4297 1853 4353 familia-
1962 4302 2112 4353 taret
2146 4299 2290 4369 quin
2350 4315 2553 4355 eorum
2617 4305 2845 4373 partem
2895 4302 2984 4360 vel
3040 4304 3327 4378 optimam
3379 4307 3620 4383 pusioni

180 4387 275 4444 ris
339 4388 851 4460 gymnosophista,
913 4388 1455 4460 interrogatusque,
1530 4390 1595 4442 ut
1650 4401 1853 4442 cavere
1962 4387 2119 4459 regio
2149 4392 2477 4460 seponeret.
2516 4388 2623 4446 Per
2651 4406 2838 4447 annos
2870 4390 2993 4451 hinc
3024 4392 3251 4470 aliquot
3288 4397 3617 4472 durarunt,

186 4494 499 4551 quemque
528 4482 795 4549 oporteat
825 4478 897 4532 ab
952 4494 1017 4533 eo
1068 4478 1189 4549 qui,
1254 4494 1467 4549 magna
1523 4477 1699 4533 lassus
1759 4476 1851 4530 in-
1953 4478 2199 4550 jamque
2235 4477 2436 4550 pullus
2468 4478 2697 4551 psiltaci
2722 4479 2959 4553 plenum
2990 4500 3176 4541 aevum
3210 4487 3507 4561 attigerat,
3560 4494 3620 4548 et

169 4568 369 4640 juria,
418 4566 954 4622 reconciliationem
987 4566 1175 4635 offert,
1238 4566 1543 4639 respondit
1574 4567 1633 4621 in
1695 4566 1850 4621 hunc
1885 4638 1922 4653 ἢ
1961 4566 2115 4639 regis
2142 4565 2300 4624 ﬁlius
2334 4567 2741 4626 adoleveratin
2764 4572 3159 4643 pubertatem,
3190 4593 3327 4635 cum
3349 4578 3445 4635 die
3467 4596 3616 4653 qua-

178 4638 381 4713 i‘erme
415 4656 677 4711 modum.
1880 4638 1926 4702 Ι)
1958 4638 2094 4711 dam
2126 4656 2357 4724 accidit,
2395 4674 2718 4730 passerem,
2751 4638 2994 4720 delicias
3020 4638 3415 4726 adolescentis
3445 4638 3615 4742 regii,

258 4747 308 4802 Ι.
355 4746 475 4801 Rex
532 4746 773 4819 quidam
839 4745 1156 4818 psittacum
1212 4746 1420 4802 habuit
1476 4763 1590 4801 non
1649 4746 1848 4801 minus
1962 4745 2079 4801 rixa
2110 4746 2504 4816 cumjuniore
2542 4749 2792 4821 psittoco
2823 4756 3148 4822 contracta,
3182 4755 3333 4813 male
3393 4758 3468 4814 ab
3516 4757 3618 4817 illo

172 4836 388 4912 specie
412 4854 477 4892 ac
506 4837 844 4909 plumarum
896 4838 1233 4893 versicolori
1293 4837 1571 4893 varietate
1630 4837 1848 4892 formo-
1962 4834 2254 4902 mulctari,
2279 4840 2455 4907 atque
2487 4838 2559 4893 ab
2591 4836 2912 4898 ulciscente
2935 4841 3133 4901 dilecti
3164 4848 3456 4919 passseris
3490 4847 3616 4921 pla-

170 4941 328 4983 sum
353 4941 532 4996 quam
564 4940 701 4980 voce
724 4924 1126 4992 disertum,et,
1156 4926 1311 4997 quod
1336 4929 1425 4981 est
1449 4926 1846 4997 potissimum,
1958 4940 2063 4995 gas
2087 4925 2306 4995 juvene
2337 4925 2545 4981 barum
2578 4933 2877 4987 auctorem
2928 4930 3203 4992 interﬁci.
3263 4934 3615 5010 Supervenit

168 5031 373 5073 sensu
416 5030 481 5070 ac
513 5030 709 5069 rerum
735 5031 847 5069 usu
881 5016 1232 5086 prudentem
1279 5014 1353 5069 in‘
1399 5013 1623 5087 paucis.
1682 5014 1848 5069 Hunc
1959 5014 2109 5071 facto
2136 5018 2193 5070 et
2215 5014 2356 5070 caedi
2392 5016 2574 5088 prolis
2606 5034 2725 5073 sua:
2756 5019 2954 5077 senior
3009 5022 3315 5095 psittacus,
3374 5030 3610 5100 procul-

169 5105 425 5181 pullum
460 5104 653 5160 adhuc
702 5109 973 5161 tenerum
1030 5106 1285 5162 alentem
1337 5106 1556 5162 versari
1608 5105 1846 5161 assidue
1958 5120 2093 5174 quo,
2120 5105 2262 5159 dum
2298 5120 2539 5178 peregre
2574 5106 2818 5179 revolat,
2863 5110 3611 5190 lntuensjugulariaregio

164 5213 287 5253 rex
320 5193 551 5249 videbat
582 5210 716 5249 cum
752 5192 1014 5266 principe
1046 5211 1154 5250 suo
1188 5193 1305 5250 ﬁlio
1335 5194 1575 5266 paulum
1628 5210 1843 5265 super-
1960 5193 2201 5250 alumno
2233 5199 2437 5250 natum
2471 5212 2668 5267 suum,
2701 5213 2833 5255 eum
2870 5200 3059 5258 sensit
3089 5201 3289 5260 animo
3344 5204 3609 5265 dolorem

163 5300 394 5360 gresso
428 5283 762 5352 infantiam,
798 5284 1152 5351 oblectandi,
1182 5284 1310 5355 ejus
1342 5285 1551 5357 gratia.
1585 5283 1842 5340 Coaluit-
1954 5300 2129 5355 quem
2188 5282 2443 5340 excitare
2505 5286 2876 5357 spectaculo-
2925 5289 3022 5346 tali
3082 5292 3328 5350 affectus
3384 5296 3614 5365 patrius

162 5391 302 5450 que
336 5372 728 5437 familiaritas,
763 5374 940 5428 etiam
976 5374 1243 5429 convictu
1277 5377 1528 5446 quodam
1590 5374 1845 5431 exercita
1954 5376 2147 5444 potest
2178 5372 2523 5431 maximum.
2555 5377 2633 5431 Ac
2666 5392 2865 5433 secum
2901 5377 3105 5438 intime
3149 5382 3393 5457 ringens
3450 5385 3614 5443 frem-

162 5479 381 5535 usque
404 5464 474 5517 ad
502 5464 998 5519 necessitudinem
1022 5464 1293 5520 humanae
1316 5482 1491 5537 prope
1513 5464 1837 5534 charitatis;

161 5570 327 5614 nam
364 5557 428 5607 ut
463 5568 606 5624 puer
654 5570 835 5624 supra
893 5554 1135 5613 modum
1196 5553 1468 5609 delectari
1531 5554 1843 5610 videbatur

157 5644 458 5722 psittacis
492 5645 747 5709 duobus,
782 5645 865 5700 sic
898 5645 1132 5701 illorum
1167 5647 1403 5719 utrique
1452 5647 1840 5704 charissimus

155 5731 335 5792 erat,
371 5726 514 5781 adeo
550 5732 614 5782 nt
644 5743 951 5798 nunquam
986 5728 1185 5783 senior
1215 5745 1244 5783 e
1278 5728 1543 5784 felicibus
1577 5728 1739 5785 silvis
1764 5729 1837 5784 ad

1953 5463 2241 5533 densque,
2274 5462 2320 5516 0
2346 5478 2560 5532 mores,
2586 5464 2797 5537 inquit,
2822 5468 3225 5529 intolerabiles
3246 5478 3613 5546 regum,jus,

1955 5550 2063 5622 fas,
2099 5550 2380 5620 ofﬁcium,
2451 5551 3236 5628 ﬁdem,necccssitudinem,
3291 5564 3614 5623 amicitiem

1952 5641 2106 5696 infra
2136 5657 2302 5697 suam
2348 5642 2643 5699 fortunam
2678 5647 3151 5723 dignitatemque
3207 5652 3553 5711 ducentium
3590 5655 3602 5710 l

1953 5730 1995 5785 Ο
2011 5730 2479 5787 infelicissimam
2503 5732 2592 5790 his
2609 5736 3076 5795 ministrantium
3094 5744 3335 5809 sortem,
3350 5759 3605 5815 quorum
