4248 6442
596 412 736 465 1.535

2116 426 2499 477 APPENDIX.

3882 431 4015 485 1336

595 538 674 590 illi
711 542 955 592 sudores
996 548 1049 593 et
1081 544 1591 596 armumosissima
1636 546 1919 613 cheequia
1980 544 2244 611 neglectu
2278 557 2322 613 Α
2366 549 2553 615 quoad
2593 548 2841 609 licuerit.
2877 553 3167 620 praterita
3209 557 3466 622 paratus.
3504 554 3618 608 Nec
3679 556 4013 610 timendum

598 627 715 680 fere
748 634 1229 699 contemptuque,
1268 647 1380 683 non
1418 648 1547 685 raro
1574 633 1754 685 etiam
1787 633 1963 703 exitio
1988 649 2259 687 remune-

600 720 807 768 rantur
839 716 850 768 !
888 717 1083 769 deberi
1121 719 1233 771 sibi
1263 719 1336 772 ab
1360 720 1639 773 omnibus
1662 721 1772 774 rati
1804 723 2025 788 omnia,
2050 721 2259 775 debere

603 820 665 855 se
698 803 1018 871 quidquam
1053 807 1326 875 cuiquam
1364 823 1470 861 nec
1504 808 1764 877 cogitare
1789 809 2128 878 dignantur,
2153 826 2258 863 nec

602 892 715 944 dici
751 894 1066 947 sustinent.
1106 895 1371 948 Libidine
1397 903 1607 950 cuncta
1642 898 1982 961 metiuntur,
2019 915 2085 951 cx
2146 916 2254 952 usu

602 997 669 1034 ac
694 983 885 1034 fructu
924 983 1172 1052 propriis
1201 990 1410 1039 cuncta
1439 987 1771 1039 astimant:
1831 1003 1891 1040 se
1954 1004 2100 1039 unos
2161 988 2251 1041 in"

603 1076 860 1133 teuntur,
898 1071 1008 1123 sibi
1046 1073 1177 1125 unis
1210 1072 1485 1142 placent;
1521 1075 1611 1127 sui
1665 1074 1831 1129 unice
1891 1092 2253 1147 suarumque

599 1157 943 1212 deliciarum
963 1160 1243 1214 rationem
1268 1161 1489 1224 haberi,
1510 1179 1741 1233 aquum
1762 1173 2019 1218 censent.
2046 1165 2253 1234 Exspe-

600 1251 719 1299 ctes
742 1246 813 1299 ab
847 1247 974 1300 istis
997 1250 1245 1316 gratiam
1282 1250 1486 1303 merito
1512 1252 1977 1306 misericordiam
2005 1252 2250 1306 infortu-

599 1334 716 1401 nio,
751 1335 851 1403 qui
890 1353 992 1390 nec
1023 1339 1250 1390 veniam
1286 1343 1499 1405 errato,
1528 1356 1628 1391 nec
1672 1342 1967 1410 supplicio
2032 1357 2251 1396 morum

599 1426 901 1495 indulgere
962 1444 1220 1497 unquam
1275 1435 1529 1493 norunt;
1593 1429 1913 1484 multorum
1970 1448 2253 1486 annorum

602 1516 857 1569 servitus
889 1524 941 1569 et
963 1516 1427 1571 laboriosissime
1462 1518 1786 1573 ministeria
1818 1537 1933 1574 uno
1967 1521 2109 1590 ipsis
2135 1538 2253 1575 mo-

606 1612 805 1658 mento
829 1604 971 1658 levis
1004 1606 1444 1660 offensiunculas
1472 1607 1906 1663 oblitterantur.

679 1729 746 1783 II.
782 1730 910 1784 Hac
970 1731 1157 1784 obiter
1194 1748 1560 1801 conquerens
1613 1733 1963 1787 admovebat
2011 1751 2071 1789 se
2131 1734 2254 1789 loco

607 1819 846 1889 prepius
882 1836 893 1871 :
928 1824 985 1872 at
1018 1819 1113 1873 ubi
1152 1820 1279 1888 jam
1339 1836 1367 1873 e
1418 1821 1606 1875 vicino
1666 1822 2003 1877 distinctius
2060 1824 2256 1878 hausit

605 1907 788 1962 oculis
820 1908 1005 1961 diram
1042 1909 1296 1979 speciem
1331 1910 1620 1964 cruentati
1655 1911 1981 1982 abjectique
2015 1929 2081 1966 ac
2120 1930 2255 1966 cru-
2286 1897 2333 1960 Β

603 1996 809 2050 deliter
835 1996 905 2050 ab
938 1997 1085 2050 irato
1148 1997 1332 2052 ultore
1390 1998 1594 2053 calcati
1657 1999 1989 2055 charissimi
2020 2002 2252 2071 capitis,

600 2086 656 2139 in
692 2102 790 2139 eas
824 2084 1005 2139 furias
1029 2086 1266 2155 exarsit,
1302 2093 1366 2141 ut
1393 2087 1451 2141 in
1495 2089 1723 2159 regium
1785 2088 2056 2144 involans
2115 2108 2256 2161 pue-

595 2191 727 2228 rum
763 2179 951 2229 rostro
1002 2177 1050 2228 ei
1113 2180 1288 2246 atque
1347 2177 1649 2247 unguibus
1700 2178 1969 2232 offoderit
2029 2178 2253 2243 oculos,

595 2263 775 2330 Habe,
809 2263 1107 2334 inquiens,
1133 2266 1286 2335 quod
1322 2269 1376 2319 te
1411 2265 1655 2335 dignum
1690 2273 1797 2333 est,
1826 2268 1992 2334 dure,
2054 2269 2256 2324 immi-

598 2352 869 2417 sericors,
902 2352 1310 2422 ingratissime
1341 2371 1354 2410 :
1387 2356 1538 2408 tanti
1598 2355 1886 2426 temporis
1942 2358 2255 2411 contuber-

598 2442 785 2506 nium,
813 2446 928 2494 tam
955 2442 1259 2496 familiaris
1281 2442 1520 2511 hospitii
1552 2445 2114 2512 neccessitudinem,
2140 2452 2258 2500 tam

598 2535 811 2584 tenera
845 2530 1119 2584 amicitia
1146 2532 1283 2601 jura
1315 2532 1663 2587 dulcissima
1697 2550 1811 2587 non
1864 2534 2105 2604 impune
2167 2535 2258 2588 in-

600 2620 778 2673 fanda
810 2619 1179 2678 immanitate
1229 2620 1528 2692 pollueris.
1554 2622 1669 2675 Sub
1694 2622 1815 2675 hac
1832 2622 2071 2676 audacis
2122 2640 2257 2677 con-

601 2710 761 2762 scius
787 2708 916 2763 facti
944 2709 1000 2762 in
1023 2726 1257 2764 summa
1281 2710 1421 2782 regii
1450 2711 1712 2765 viridarii
1737 2712 1945 2765 arbore
1970 2714 2261 2778 consedit,

600 2798 804 2853 fruens
836 2797 970 2853 inde
1002 2798 1340 2869 spectaculo
1385 2799 1810 2855 tumultuantis
1858 2800 2006 2854 aula
2041 2802 2110 2855 ad
2163 2818 2256 2856 ca-

602 2904 733 2942 sum
797 2888 1182 2943 acerbissium
1235 2892 1396 2960 pueri
1450 2890 1756 2961 principis.
1807 2891 2077 2944 Accurrit
2108 2891 2262 2946 inter

599 2976 858 3047 ejulatus
918 2977 1301 3031 nutritiorum
1337 2984 1393 3033 ct
1429 2979 1797 3035 cursationes
1859 2982 2252 3052 satagentium

596 3067 818 3121 frustra
850 3066 1171 3121 satellitum
1208 3068 1580 3123 exanimatus
1614 3086 1709 3122 rex
1743 3074 1838 3123 :et
1888 3069 2071 3123 ﬁlium
2136 3087 2258 3124 am-

594 3156 823 3226 plexus,
870 3155 1189 3226 ablutaque
1247 3157 1648 3227 nequidquam
1704 3158 1910 3229 patriis
1978 3156 2264 3230 lacrymis

590 3246 859 3299 excacati
896 3245 1059 3315 pueri
1094 3244 1329 3316 proprio
1366 3245 1578 3299 fadata
1609 3262 1815 3300 cruore
1871 3247 2038 3316 facie,
2098 3248 2249 3301 fene-
2284 3266 2329 3333 ρ

588 3338 724 3389 stra
758 3351 819 3388 se
858 3335 1199 3398 admovens,
1260 3351 1328 3388 ex
1378 3350 1445 3387 ea
1500 3335 1887 3405 conspicuum
1955 3340 2251 3390 auctorem

589 3424 777 3478 cladis
810 3424 1089 3478 simulata
1138 3424 1479 3492 ignoscendi
1522 3425 1924 3495 promissione
1959 3426 2026 3480 ad
2084 3443 2143 3480 se
2205 3433 2268 3481 ut

585 3513 873 3568 revolaret
930 3512 1147 3567 institit
1209 3513 1453 3567 hortari.
1528 3514 1633 3569 Cui
1698 3514 2008 3584 psittacus,
2063 3517 2263 3586 fugere

602 3609 799 3658 certus
825 3604 957 3657 inde
990 3619 1168 3674 quam
1202 3601 1563 3674 longissime,
1601 3604 1697 3658 ubi
1727 3620 1795 3658 ex
1838 3608 1963 3659 tuto
2023 3605 2258 3660 afflicti8

601 3694 873 3749 hostibus
908 3692 1225 3759 insultans,
1260 3691 1552 3763 explesset
1583 3692 1847 3746 animum
1885 3711 2036 3749 sava
2082 3694 2253 3749 satie—

601 3789 719 3838 tate
748 3782 1039 3837 vindicta.
1073 3784 1358 3853 Agnosce,
1393 3798 1511 3843 rex,
1535 3782 1639 3851 ait,
1664 3782 1890 3852 justam
1912 3783 2027 3837 vim
2052 3784 2257 3839 Nemc-

601 3873 684 3928 sis
719 3871 967 3941 ultricis,
990 3872 1161 3941 cujus
1193 3870 1527 3942 exemplum
1566 3871 1620 3925 in
1655 3871 1930 3926 familiari
1964 3873 2066 3927 tibi
2092 3874 2251 3942 capi-

598 3967 653 4017 te
677 3962 858 4017 habes
890 3960 1297 4015 domesticum.
1336 3959 1574 4015 Nullum
1627 3960 1729 4015 illa
1774 3963 1938 4017 nefas
1994 3964 2250 4033 impuni-

597 4060 721 4108 tum
759 4051 921 4116 sinit,
955 4055 1187 4105 veretur
1215 4051 1532 4117 neminem,
1560 4050 1781 4105 nullius
1809 4067 1949 4123 opes
1979 4053 2249 4107 reformi-

600 4144 733 4209 dat;
774 4158 841 4194 ne.
864 4145 1057 4194 vestra
1087 4138 1323 4209 quidem
1359 4141 1749 4209 superborum
1775 4157 1974 4212 regum
1996 4144 2249 4213 superci-

596 4232 745 4286 liosa
792 4231 1102 4300 majestate
1156 4228 1485 4283 deterretur
1552 4230 1843 4299 supplicia
1930 4230 2248 4287 sceleribus

598 4323 861 4391 adaquet
896 4323 1049 4373 natis
1080 4318 1257 4371 etiam
1290 4317 1348 4371 in
1381 4334 1660 4389 purpura.
1688 4318 1887 4373 Serius
1910 4336 2088 4390 ocyus
2111 4338 2249 4375 suas

598 4411 811 4481 cuique
841 4409 993 4463 vices
1018 4407 1230 4473 reddit,
1257 4422 1358 4461 nec
1381 4406 1637 4478 pessima
1656 4408 1911 4463 conditio
1933 4426 2133 4463 eorum
2161 4416 2249 4466 est

598 4519 747 4573 quos
778 4498 1044 4553 celeriter
1075 4496 1399 4563 ulciscitur,
1432 4513 1462 4551 e
1495 4497 1713 4567 quibus
1745 4502 1833 4551 est
1890 4502 2027 4552 tuus
2086 4499 2243 4553 ﬁlius

596 4594 659 4647 In
694 4586 964 4659 ﬂagranti
1001 4585 1245 4657 perfidia
1289 4600 1609 4655 oppressus
1645 4585 1991 4686 :‘dilatione
2045 4604 2244 4686 poenas
2286 4624 2326 4686 Β

594 4684 790 4752 auget,
826 4694 891 4731 ac
925 4677 1119 4730 fenore
1152 4678 1579 4728 tormentorum
1615 4673 1873 4729 tolerata
1914 4674 2015 4728 diu
2066 4675 2249 4746 culpa:

592 4776 811 4827 sortem
838 4770 1176 4837 exaggerat,
1217 4764 1361 4816 adeo
1422 4767 1487 4815 ut
1536 4778 1684 4833 quos
1742 4762 2072 4835 incxpiatos
2130 4764 2248 4818 vita

590 4857 907 4920 dimiserit,
932 4853 1315 4925 sempiternis
1348 4852 1854 4907 immiserabiliter
1888 4853 2248 4908 cruciatibus

591 4950 848 5006 addicat.
884 4946 1023 5000 Erat
1082 4943 1298 5012 unguis
1364 4943 1421 4995 in
1482 4943 1675 4997 ulcere
1731 4944 1993 4998 ardentis
2051 4943 2247 4998 dolore

595 5041 749 5113 regis
781 5035 1197 5107 intempestiva
1229 5033 1463 5105 psittaci
1499 5032 1893 5105 philosophia,
1954 5050 2072 5105 qua
2128 5032 2247 5100 ille,

593 5140 657 5188 ut
677 5129 974 5185 irisisione
992 5126 1105 5190 sui,
1131 5142 1471 5196 quanquam
1507 5125 1928 5195 nidignabatur
1945 5125 2246 5180 vehemen-

586 5229 726 5289 tius,
760 5221 974 5294 pressit
1009 5224 1201 5273 tamen
1226 5217 1445 5271 indicia
1471 5216 1829 5287 ignoscentis
1888 5217 2243 5272 aestuosissi-

585 5332 677 5371 me
702 5311 936 5367 furoris:
971 5313 1029 5364 et
1056 5324 1117 5361 se
1146 5321 1508 5377 componens
1533 5306 1589 5360 in
1618 5306 2102 5375 moderationem,
2129 5324 2244 5378 qua

582 5408 782 5477 posset
825 5401 1054 5455 hostem
1125 5396 1351 5459 fallere,
1414 5400 1641 5466 pacato,
1706 5400 1992 5466 quantum
2052 5396 2247 5466 potuit

577 5495 744 5550 vultu
781 5488 1086 5561 respondit
1121 5503 1133 5540 :
1179 5484 1424 5540 Minime
1473 5484 1754 5555 ambigua
1791 5488 1851 5538 tu
1888 5484 2125 5555 quidem
2186 5490 2243 5538 et

580 5601 673 5638 me
707 5595 944 5653 quoque
972 5578 1191 5631 fatente
1212 5591 1350 5629 vera
1382 5573 1661 5644 loqueris,
1702 5590 1818 5644 quo
1870 5573 2238 5643 ipsodeside-

580 5675 734 5728 rium
771 5685 954 5739 auges
989 5667 1071 5721 tui
1110 5666 1358 5726 reditus,
1393 5680 1463 5718 ne
1495 5668 1612 5717 tam
1649 5662 1901 5735 sapienti
1949 5662 2238 5718 monitore

487 5799 490 5802 ~
576 5776 830 5819 caream.
864 5759 1075 5825 Quare,
1101 5770 1202 5810 oro
1234 5759 1308 5820 te,
1347 5770 1417 5809 ne
1449 5770 1556 5809 nos
1589 5755 1851 5821 deseras,
1897 5752 2233 5821 emendare,

2366 641 2609 703 puta,ne
2637 638 2738 708 qui
2770 637 3052 693 offensam
3088 641 3173 694 tui
3204 646 3366 695 tanta
3392 659 3561 713 pcena
3586 642 3831 707 luimus,
3855 647 4017 715 quid-

2364 738 2540 791 quam
2580 726 2636 778 in
2672 732 2724 779 te
2754 727 3032 797 deinceps
3074 731 3437 784 committere
3498 732 3843 797 audeamus,
3903 750 4014 800 quo

2362 810 2560 874 istius,
2594 830 2769 882 quam
2804 831 2938 870 vere
2968 817 3272 885 pradicas,
3306 818 3573 873 Nemesis
3596 821 3923 890 graviorem
3958 822 4015 876 in

2363 917 2470 956 nos
2501 904 2865 959 concitemus
2899 906 3290 961 iracundiam.
3325 908 3406 961 Ad
3441 924 3508 961 ea
3540 909 3855 977 psittacus,
3891 910 4014 963 Non

2362 986 2594 1053 faciam,
2632 989 2861 1058 inquit;
2897 999 3135 1045 monent
3166 992 3321 1046 enim
3384 993 3725 1062 prudentes,
3786 1012 4020 1064 semper

2358 1071 2408 1123 ei
2450 1072 2548 1142 qui
2599 1074 2881 1128 damnum
2938 1076 3137 1130 intulit
3184 1078 3256 1131 ab
3291 1078 3621 1132 adversario
3656 1081 4017 1134 incommodi

2361 1161 2581 1231 accepti
2618 1178 2878 1218 memore
2908 1166 3258 1233 cavendum,
3278 1182 3464 1237 eoque
3489 1167 3676 1238 magis
3706 1169 4015 1223 vitandum

2359 1249 2486 1318 ejus
2518 1266 2818 1305 accessum
2854 1269 2965 1321 quo
2999 1253 3093 1307 ille
3117 1254 3450 1308 invitaverit
3503 1255 3847 1309 instantius.
3898 1261 4018 1311 Au-

2360 1337 2476 1390 divi
2533 1343 2589 1391 et
2652 1338 2793 1393 illud
2847 1341 2919 1394 ab
2986 1341 3214 1396 idoneis
3282 1342 3643 1409 auctoribus,
3720 1345 4017 1413 genitores

2363 1427 2614 1495 sapienti
2669 1429 2994 1484 amicorum
3053 1430 3180 1486 loco
3239 1431 3569 1494 habendos,
3628 1433 3841 1487 fratres
3911 1451 4017 1505 pro

2362 1516 2675 1571 comitibus
2709 1518 2961 1585 itineris,
2994 1536 3233 1573 uxarem
3264 1536 3367 1589 pro
3400 1520 3829 1587 contubernali,
3866 1522 4019 1575 titius

2364 1621 2468 1674 pro
2502 1605 2830 1660 tabellariis
2852 1609 3196 1663 memoriam
3220 1609 3404 1680 patris
3436 1610 3505 1663 ad
3530 1615 3797 1680 posteros
3832 1610 4017 1680 perla-

2361 1693 2531 1758 turis,
2566 1693 2717 1753 filias
2750 1697 3200 1750 utadversarias
3241 1697 3300 1752 in
3363 1697 3467 1751 lite
3527 1699 4014 1767 considerandas,

2364 1786 2667 1850 cognatos,
2702 1788 2767 1836 ut
2800 1784 3154 1839 feneratores
3187 1785 3400 1839 acriter
3432 1791 3763 1856 repetentes
3794 1787 4014 1853 debita,

2367 1886 2427 1924 se
2456 1871 2675 1940 ipsum,
2702 1876 2766 1925 ut
2796 1871 3126 1927 solitarium
3154 1875 3312 1929 omni
3338 1875 3653 1929 affectuum
3688 1876 4017 1930 necessitu-

2366 1958 2499 2013 dine
2531 1958 2811 2016 solutum.
2845 1961 2946 2016 His
2970 1978 3076 2033 ego
3102 1963 3458 2034 prascriptis
3475 1965 3833 2034 obsequens,
3858 1981 4018 2020 rece-

2363 2048 2498 2102 dere
2531 2048 2587 2101 in
2622 2048 3001 2105 solitudinem
3037 2051 3238 2105 statui.

2437 2173 2528 2227 III.
2562 2173 2854 2229 Adversus
2884 2191 2950 2229 ea
2982 2192 3119 2231 rex:
3152 2175 3210 2230 Si
3262 2192 3295 2231 a
3340 2181 3409 2231 te
3464 2177 3791 2248 profectum
3858 2182 4020 2232 esset

2365 2262 2502 2317 rixa
2535 2279 2599 2317 ac
2627 2279 2791 2318 noxa
2822 2264 3078 2334 initium,
3108 2266 3239 2336 jure
3264 2265 3437 2321 nobis
3461 2265 3639 2322 ﬁdere
3680 2270 4018 2331 metueres;

2364 2369 2520 2407 nunc
2552 2370 2681 2407 rum
2734 2354 2914 2422 hujus
2972 2356 3126 2425 quod
3190 2355 3398 2409 incidit
3446 2355 3806 2410 incommodi
3858 2357 4028 2427 origo

2365 2446 2422 2496 et
2459 2441 2630 2512 culpa
2685 2444 2864 2513 (quod
2909 2442 3116 2498 dolens
3171 2444 3580 2516 panitensque
3644 2445 3847 2513 fateor)
3917 2462 4021 2499 no-

2366 2535 2488 2585 stra
2519 2533 2614 2595 sit,
2650 2532 2787 2601 quid
2822 2532 3014 2586 obstat
3046 2532 3367 2603 quominus
3400 2534 3606 2588 credas
3630 2532 4027 2588 invitantibus

2366 2622 2535 2675 nobis
2565 2620 2697 2674 ‘?Ad
2722 2637 2784 2674 ea
2811 2620 3096 2692 psittacus
3125 2638 3137 2674 :
3164 2620 3446 2676 Memoria
3469 2623 3825 2677 damnorum
3853 2639 4024 2678 acce-

2367 2714 2599 2780 ptorum
2634 2708 2750 2763 alta
2805 2710 3084 2764 cordibus
3134 2710 3325 2781 infigit
3355 2710 3619 2777 vulnera,
3656 2726 3760 2766 nec
3806 2710 4026 2781 lingua

2368 2814 2600 2868 semper
2620 2814 2787 2853 veros
2810 2798 3095 2853 mentium
3121 2800 3685 2870 exprimuntsensus
3713 2802 4030 2870 :quocirca

2368 2888 2542 2941 verba
2574 2893 2677 2941 tua
2708 2888 2881 2941 ﬁdem
2916 2888 3069 2958 apud
3107 2904 3199 2943 me
3253 2905 3368 2943 non
3428 2888 3666 2943 habent.
3734 2888 4027 2960 Reposuit

2366 2976 2461 3031 his
2494 2993 2627 3030 rex:
2662 2976 2810 3031 Male
2842 2977 2912 3032 de
2944 2993 3035 3031 me
3068 2977 3352 3048 opinaris,
3388 2978 3654 3049 psittace,
3704 2978 3805 3048 qui
3864 2980 4025 3033 scias

2367 3066 2689 3136 sapientem
2748 3066 2943 3120 virum
2993 3082 3228 3120 omnem
3290 3066 3568 3120 adhibere
3649 3082 3893 3138 operam
3960 3073 4026 3119 ut

2369 3161 2617 3225 accepta
2643 3155 2868 3224 injuria
2890 3155 3230 3209 memoriam
3258 3172 3324 3209 ex
3347 3155 3543 3209 animo
3568 3155 3843 3225 stirpitus
3873 3155 4034 3209 evel-

2371 3244 2452 3297 lat
2484 3260 2611 3298 suo.
2646 3243 2858 3297 Contra
2908 3243 3027 3297 hac
3088 3244 3395 3314 psittacus.
3454 3244 3555 3298 Est
3616 3244 3882 3310 omnino,
3945 3251 4037 3298 est

2380 3332 2483 3398 ita,
2522 3338 2584 3387 ut
2616 3332 2783 3399 dicis,
2818 3349 2935 3396 rex,
2968 3331 3259 3403 velimque
3290 3338 3392 3387 tua
3418 3348 3597 3387 causa
3635 3333 3898 3397 credere,
3953 3339 4033 3397 te,

2378 3427 2552 3494 prout
2582 3421 2868 3493 sapientis
2890 3422 3063 3492 jubet
3093 3422 3377 3487 officium,
3411 3422 3607 3476 conari
3634 3421 3837 3475 damni
3869 3423 4032 3493 quod

2376 3528 2587 3582 passus
2621 3528 2681 3565 es
2706 3509 3015 3565 obliterare
3046 3511 3365 3581 imaginem
3397 3527 3463 3565 ex
3490 3515 3682 3564 mente
3708 3527 3721 3576 ;
3746 3515 4033 3564 caeterum

2376 3620 2445 3658 an
2477 3604 2629 3674 quod
2660 3603 2891 3657 conaris
2924 3604 3007 3656 sis
3032 3602 3399 3673 perfecturus
3420 3601 3646 3668 dubito,
3672 3606 3873 3657 etnon
3905 3604 4036 3656 sine

2371 3709 2552 3748 causa
2581 3708 2782 3745 vereor
2814 3691 3120 3763 utpossis:
3169 3707 3352 3761 quare
3402 3690 3531 3746 sine
3588 3707 3683 3745 me
3734 3690 3851 3745 isto
3904 3708 4031 3745 am-

2370 3782 2549 3853 biguo
2585 3781 2727 3835 mihi
2758 3779 3082 3835 consulere.
3134 3779 3299 3835 Multi
3357 3780 3535 3835 nimis
3596 3778 3753 3834 facili
3817 3780 4030 3835 aliena

2368 3870 2784 3927 moderationis
2817 3870 3033 3925 fiducia
3065 3870 3382 3941 perierunt,
3415 3870 3557 3924 dum
3591 3886 3656 3923 ex
3718 3886 3827 3924 sua
3882 3887 4028 3925 con-

2368 3961 2612 4018 scientia
2643 3961 2940 4015 astimant
2971 3959 3138 4023 alios,
3172 3958 3331 4030 passi
3388 3959 3543 4030 quod
3601 3958 4029 4030 elephantibus

2366 4050 2672 4105 indomitis
2704 4050 3041 4121 frequenter
3071 4048 3306 4115 accidit,
3338 4064 3486 4118 quos
3510 4048 3761 4115 cicures,
3814 4065 4027 4120 sapere

2366 4157 2497 4196 cum
2534 4140 2679 4210 ipsis
2714 4140 2877 4210 paria
2905 4137 3130 4208 crediti,
3164 4138 3223 4191 in
3286 4136 3531 4191 insidias
3590 4138 4026 4207 pertrahentes,

2365 4231 2634 4287 servituti
2668 4230 2975 4284 hominum
3029 4229 3388 4300 mancipant.
3447 4232 3661 4283 Contra
3720 4229 3842 4283 hac
3906 4247 4026 4295 rex,

2363 4322 2485 4388 Vir,
2520 4321 2621 4390 ait,
2656 4320 2949 4391 ingenuus
2980 4324 3037 4373 et
3062 4317 3323 4373 liberalis
3376 4316 3595 4372 indolis
3656 4335 3773 4372 non
3832 4325 4029 4373 mutat

2364 4412 2421 4465 in
2459 4412 2622 4481 pejus
2657 4425 2871 4472 mores,
2907 4424 3011 4461 nec
3042 4407 3313 4461 amicitia
3338 4408 3441 4476 jus
3469 4407 3667 4473 violat,
3704 4424 3810 4462 nec
3842 4407 4024 4463 ﬁdem

2364 4500 2727 4554 fallitdatam
2754 4514 2768 4553 :
2797 4498 3154 4567 abjectarum
3181 4496 3302 4551 hac
3327 4497 3827 4552 vitianaturarum
3858 4504 4025 4553 sunt.

2364 4590 2685 4659 Respondit
2716 4588 3042 4659 psittacus:
3079 4585 3360 4641 Memoria
3383 4587 3584 4641 damni
3609 4588 3830 4657 accepti
3857 4604 4025 4641 acres

2367 4681 2423 4733 in
2459 4678 2800 4750 quarumvis
2823 4676 3037 4730 animis
3073 4680 3267 4730 motus
3300 4676 3432 4745 ciet,
3459 4674 3633 4747 longe
3692 4678 4023 4731 acerrimos

2360 4769 2417 4822 in
2454 4783 2653 4838 regum
2716 4765 3035 4821 mentibus.
3071 4764 3138 4819 Hi
3169 4765 3327 4819 enim
3350 4765 3405 4819 in
3432 4765 3807 4837 gravissimis
3834 4766 4019 4821 malo-

2360 4875 2488 4912 rum
2521 4872 2831 4911 numerare
2863 4853 3055 4909 solent
3073 4854 3263 4909 vivere
3283 4853 3567 4924 inultum,
3593 4853 3819 4927 gloria,
3844 4857 4020 4926 cujus

2360 4951 2499 5001 sunt
2529 4944 2877 5009 avidissimi,
2904 4946 3129 5015 partem
3151 4942 3239 4996 vel
3277 4943 3593 4997 maximam
3646 4944 3704 4997 in
3757 4945 4023 5000 vindicta

2360 5039 2725 5107 reponentes.
2764 5036 3034 5104 Ignosces
3066 5031 3247 5103 igitur
3277 5033 3323 5087 si
3358 5038 3549 5087 tutum
3577 5032 3715 5087 mihi
3755 5050 3875 5088 non
3914 5051 4019 5105 pu-

2356 5132 2471 5181 tem
2507 5126 2576 5178 ad
2611 5123 2773 5179 vivas
2806 5123 3095 5193 quasdam
3132 5122 3190 5175 in
3242 5123 3416 5177 corde
3466 5127 3569 5177 tuo
3630 5139 3857 5193 prunas
3923 5127 4022 5177 ira

2358 5217 2667 5270 admovere
2698 5212 3006 5267 materiam
3042 5211 3404 5282 imprudenti
3442 5211 3826 5284 usurpatione.
3854 5215 4023 5285 prius

2357 5311 2555 5377 empta
2589 5301 3009 5357 familiaritatis
3041 5305 3233 5357 tecum
3269 5318 3430 5366 mea,
3466 5303 3703 5374 quando
3736 5319 3845 5357 nec
3876 5320 4021 5376 pre-

2358 5411 2453 5449 ces
2484 5392 2660 5447 irrita
2695 5407 2801 5446 nec
2828 5407 2969 5446 sera
3001 5390 3432 5445 obtestationes
3474 5406 3616 5446 mea
3667 5391 4020 5445 incendium

2354 5502 2388 5537 a
2412 5499 2501 5537 ma
2537 5498 2654 5552 quo
2686 5495 3069 5535 consumerer
3096 5485 3387 5535 arcerent.
3419 5479 3677 5551 Optima,
3702 5481 3751 5535 si
3788 5481 4020 5545 nescis,

2354 5575 2424 5627 ad
2459 5571 2782 5626 curandam
2816 5568 3045 5638 injuria
3074 5569 3419 5624 memoriam
3455 5569 3751 5625 medicina
3780 5574 3873 5624 est
3904 5570 4016 5623 ab~

2351 5662 2540 5717 sentia
2572 5645 2799 5730 injuria
2832 5657 3109 5713 auctoris.
3164 5657 3304 5713 Eam
3364 5659 3469 5713 tibi
3521 5660 3900 5715 admoverea
3958 5666 4020 5715 te

2352 5751 2673 5810 recedendo
2696 5748 2870 5821 cupio
2898 5767 2911 5816 ;
2939 5764 3072 5803 nam
3097 5762 3254 5805 ccire
3275 5754 3334 5804 et
3353 5749 3687 5805 cicatricem
3712 5750 4021 5809 obducere
