4226 6460
215 412 356 466 1337

1222 420 1579 472 SPECIMBN
1620 417 2017 474 SAPIENTIAE
2063 420 2387 477 INDQRUM
2428 426 2589 477 VET.

3474 422 3608 475 1338

212 540 547 592 istiusmodi
585 540 821 593 vulnera
854 542 907 592 in
943 544 1069 608 ejus
1103 542 1199 611 qui
1240 544 1371 595 fecit
1402 550 1716 613 conspectu
1751 561 1847 599 ne-
1882 550 1927 610 Α
2038 549 2103 601 V.
2140 546 2458 617 Respondit
2503 549 2571 602 ad
2623 565 2688 601 ea
2740 566 2833 602 rex
2894 566 2903 601 :
2957 550 3115 612 Quod
3176 550 3245 603 de
3301 555 3354 601 te
3415 547 3609 601 fateris

213 634 457 696 queunt.
486 631 688 696 Atque,
715 636 847 682 utut
879 630 947 683 de
976 637 1028 683 te
1060 630 1160 695 sit,
1188 647 1317 685 mea
1344 630 1487 684 mihi
1512 647 1691 685 causa
1722 633 1859 702 quid

215 733 387 785 agere
419 718 658 771 debeam
697 735 807 771 non
844 724 930 771 est
979 720 1318 774 obscurum.
1370 720 1513 774 Nam
1561 720 1647 774 vel
1694 722 1739 775 si
1800 727 1859 774 tu

210 812 331 858 tam
387 807 723 860 moderatus
771 824 943 876 quam
995 809 1081 861 vis
1110 809 1476 878 persuadere,
1513 810 1723 863 futuris
1755 811 1858 875 sis,

211 900 407 947 tamen
475 912 579 959 ego
630 902 821 949 tecum
871 896 1162 950 sollicitus
1222 898 1491 959 viverem,
1542 900 1757 970 quippe
1806 904 1861 953 et

216 983 481 1037 animum
520 986 794 1053 ignorans
841 991 1027 1053 tuum,
1078 994 1133 1039 et
1181 989 1562 1056 quantumvis
1612 996 1766 1042 esset
1813 990 1860 1043 is

212 1073 445 1142 qualem
508 1085 791 1143 optarem,
845 1076 997 1142 jure,
1050 1093 1119 1129 ne
1172 1082 1515 1143 mutaretur,
1573 1083 1857 1133 metuens.

211 1163 426 1216 Desine
484 1162 664 1232 igitur
712 1164 955 1217 invitare
1004 1180 1095 1217 me
1146 1166 1215 1219 ad
1267 1166 1596 1220 convictum
1645 1171 1858 1231 terum,

212 1254 544 1306 necessario
578 1254 717 1307 mibi
753 1254 1076 1323 suspiciose
1103 1256 1360 1318 anxium,
1389 1261 1445 1308 et
1479 1273 1578 1325 per
1606 1257 1709 1310 hoc
1745 1274 1861 1311 mo-

211 1340 601 1395 lestissimum
647 1344 951 1407 futurum;
1009 1342 1151 1396 nihil
1202 1350 1394 1397 autem
1443 1346 1700 1398 omnium
1755 1346 1858 1399 tibi

201 1432 375 1499 juxta
397 1431 655 1501 mihique
677 1432 981 1487 consulere
1006 1449 1244 1503 possum
1267 1433 1675 1504 utilius,quam
1705 1435 1861 1506 fuge-

212 1537 275 1574 re
319 1520 784 1591 longissimeque
835 1540 867 1575 a
914 1522 1075 1576 vobis
1122 1524 1454 1577 abscedere.
1507 1524 1654 1593 Ergo
1703 1524 1859 1579 salve

212 1609 356 1662 mihi
390 1616 688 1675 aeternum,
722 1618 778 1663 et
808 1610 951 1663 vale.

286 1698 614 1752 lV.Sustine
642 1698 833 1753 adhuc
865 1698 1193 1769 paululum,
1228 1717 1325 1755 rex
1352 1702 1562 1771 inquit,
1585 1706 1640 1756 et
1670 1702 1861 1773 cogita

211 1786 437 1840 nullam
480 1786 757 1858 imputari
795 1804 964 1857 posse
994 1806 1026 1842 a
1061 1805 1151 1842 me
1178 1790 1280 1843 tibi
1315 1790 1666 1846 calamitatis
1721 1808 1860 1845 meae

209 1881 439 1945 partem
481 1880 582 1929 aut
627 1892 694 1929 eo
744 1877 977 1930 nomine
1024 1876 1268 1948 culpari.
1316 1879 1444 1931 Scio
1493 1878 1648 1933 enim
1703 1878 1857 1933 fatali
1893 1911 1935 1974 Β

205 1970 420 2017 cuncta
440 1964 785 2019 necessitate
803 1966 1585 2036 contingere.Inevitabiliter
1608 1968 1675 2022 ad
1695 1969 1858 2038 quid-

205 2054 295 2106 vis
323 2052 554 2119 horum,
588 2070 714 2124 quae
749 2054 871 2108 fieri
907 2055 1297 2123 videmus,qui
1334 2061 1512 2125 agunt
1549 2056 1857 2126 rapiuntur

208 2141 470 2196 efficacia
499 2142 861 2197 decretorum
897 2148 1266 2198 aeternorum.
1294 2143 1475 2198 Nexui
1510 2144 1852 2199 robustissi-

208 2248 304 2285 mo
338 2231 690 2285 admantinae
723 2237 938 2286 catenae
988 2232 1123 2303 quis
1174 2237 1396 2287 tractus
1446 2235 1711 2288 mortalis
1754 2234 1854 2289 ob-

206 2318 503 2374 luctetur?
556 2320 792 2374 Nullum
848 2320 1044 2392 igitur,
1092 2326 1195 2376 aut
1245 2327 1437 2390 tuum,
1472 2327 1572 2376 aut
1604 2324 1715 2377 mei
1751 2323 1851 2375 filii

203 2410 427 2463 crimen
460 2414 564 2463 est.
600 2409 848 2463 Ministri
898 2411 1093 2465 fuistis
1142 2411 1316 2465 ambo
1367 2428 1480 2466 non
1536 2411 1850 2466 voluntarii

201 2499 650 2568 fatorum,quod
682 2498 865 2553 multo
889 2504 1022 2553 ante
1045 2506 1360 2555 sanxerant
1381 2501 1848 2569 exsequentium.

203 2587 516 2641 Parcarum
553 2604 760 2656 nempe
794 2588 849 2641 in
885 2586 1174 2641 tabulario
1225 2605 1334 2643 tere
1381 2588 1577 2642 incisa:
1630 2590 1851 2643 dudum

201 2683 421 2732 aeterno
474 2681 584 2731 tua:
639 2677 817 2747 prolis
869 2678 1376 2742 mors,exca‘catio
1410 2695 1551 2733 mem
1583 2680 1849 2743 stabant;

200 2766 581 2837 ignoscamus
614 2766 782 2820 nobis
828 2771 1034 2821 mutuo
1082 2767 1339 2822 alienum
1390 2768 1631 2823 crimen.
1686 2771 1851 2833 Veni,

203 2873 313 2911 nec
344 2856 511 2922 time,
546 2858 713 2911 amici
766 2863 831 2911 ut
886 2857 1050 2930 prius
1099 2858 1339 2913 erimus.
1390 2860 1679 2914 Adversus
1733 2860 1852 2914 haec

200 2946 490 3019 psittacus
525 2962 537 3000 :
572 2944 943 3015 Horribilem,
977 2946 1191 3017 inquit,
1234 2948 1500 3012 disseris,
1553 2965 1657 3003 nec
1709 2950 1851 3005 mihi

202 3035 543 3090 credibilem
620 3036 1089 3107 philosophiam;
1156 3054 1262 3108 ego
1330 3038 1631 3107 magistris
1694 3039 1848 3093 haud

202 3124 381 3196 paulo
414 3125 754 3180 melioribus
803 3126 1091 3181 assentior
1140 3145 1151 3181 :
1208 3127 1326 3181 fato
1374 3128 1646 3198 superius
1695 3130 1849 3183 arbi-

197 3216 379 3269 trium
406 3220 669 3270 nostrum
694 3230 823 3269 esse
844 3216 1089 3287 vitaque
1111 3220 1326 3270 sortem
1352 3218 1407 3270 in
1434 3234 1540 3272 sua
1563 3218 1851 3289 cujusque

1965 635 2224 704 opinaris
2253 636 2323 689 de
2356 653 2467 703 me,
2504 638 2849 706 probrosum
2888 639 3120 707 utrique
3151 644 3259 691 est.
3314 642 3607 691 Bonorum

1964 723 2118 775 enim
2170 740 2235 776 ac
2278 724 2609 793 sapientum
2658 732 2743 778 est
2796 725 2851 778 in
2888 731 3169 795 potestate
3203 724 3413 778 habere
3445 724 3609 789 cupi-

1966 812 2195 873 ditates,
2230 828 2332 865 nec
2366 812 2606 883 obsequi
2640 813 2941 867 affectibus
2970 830 3099 867 cum
3135 814 3203 867 ad
3238 812 3453 882 aliquid
3493 813 3605 865 im-

1967 898 2187 968 pellunt
2221 902 2423 955 rationi
2462 919 2572 956 non
2608 908 3097 967 consentaneum;
3124 908 3179 956 et
3209 917 3313 968 ego
3349 902 3525 971 igitur
3554 909 3605 955 et

1964 990 2435 1058 tu,quantumvis
2460 997 2788 1045 recurrente
2817 992 3089 1044 memoria
3115 990 3606 1055 cladium,mutuo

1965 1094 2161 1131 amare
2196 1079 2536 1149 poterimus.
2572 1083 2797 1149 Anceps
2830 1080 3113 1149 (reposuit
3143 1080 3448 1148 psittacus)
3499 1079 3608 1132 ista

1964 1167 2318 1236 experientia
2346 1170 2536 1223 fuerit.
2561 1170 2763 1240 Magna
2795 1169 2951 1222 enim
2984 1170 3067 1222 vis
3099 1174 3185 1221 est
3219 1168 3608 1238 perturbatio-

1966 1256 2423 1319 num,irritante
2468 1258 2674 1327 objecti
2733 1259 3041 1326 praesentia
3089 1258 3389 1310 solitarum
3441 1274 3599 1309 exar-

1966 1344 2222 1410 descere,
2253 1346 2609 1415 rationisque
2644 1346 2867 1399 frenum
2906 1346 2959 1398 in
2995 1352 3138 1399 aestu
3170 1346 3387 1403 furoris
3436 1362 3605 1399 εκιςυ-

1965 1433 2255 1487 tientium.
2289 1436 2448 1498 Quod
2485 1435 2531 1487 si
2565 1435 2696 1505 quis
2730 1435 2779 1487 vi
2816 1436 3086 1489 annitens
3131 1430 3364 1488 summa
3412 1435 3607 1488 mode-

1966 1523 2077 1575 rari
2113 1522 2213 1576 tali
2248 1528 2511 1593 tempore
2543 1523 2638 1576 iraa
2673 1528 2773 1577 aut
2804 1523 2933 1576 odio
2963 1523 3235 1593 potuerit,
3278 1522 3604 1576 molestiam

1963 1613 2156 1663 tamen
2182 1610 2479 1681 ingentem
2505 1611 2734 1677 sentiet,
2760 1628 2863 1666 nec
2887 1628 3021 1681 pace
3045 1616 3142 1664 aut
3185 1610 3609 1681 tranquillitate

1965 1698 2166 1763 animi,
2204 1715 2329 1769 quae
2365 1698 2491 1752 vitae
2527 1698 2862 1753 felicitatem
2913 1699 3168 1762 conficit,
3220 1699 3278 1753 in
3329 1698 3601 1753 conflictu

1964 1791 2081 1840 tam
2134 1788 2460 1841 vehementi
2512 1788 2825 1842 affectuum
2876 1805 3007 1842 cum
3054 1788 3300 1857 judicio,
3348 1789 3596 1843 fruetur.

1966 1880 2110 1929 Nam
2141 1874 2241 1945 qui
2274 1876 2615 1931 vulneratus
2643 1877 2699 1930 in
2738 1877 2881 1946 pede
2914 1878 3097 1930 currit
3130 1886 3344 1941 tamen,
3375 1892 3609 1930 summo

1966 1963 2162 2018 dolore
2193 1964 2509 2031 cruciatur,
2544 1971 2599 2019 et
2629 1966 2723 2035 qui
2771 1965 2965 2036 lippus
3018 1965 3325 2036 palpebras
3376 1969 3608 2035 apertas

1961 2051 2175 2122 objecit
2204 2056 2393 2120 vento,
2428 2053 2535 2107 etsi
2571 2054 2809 2107 minime
2840 2053 2978 2107 velit
3009 2058 3064 2108 et
3108 2058 3309 2107 contra
3358 2058 3605 2124 satagat,

1962 2139 2213 2210 oppletis
2246 2140 2481 2211 pulvere
2514 2141 2700 2196 oculis
2733 2142 2900 2213 plane
2932 2143 3213 2197 caecutiet.
3238 2144 3329 2196 Sic
3362 2160 3601 2197 sensum

1961 2244 2168 2299 gerens
2194 2230 2353 2285 intus
2374 2231 2565 2284 vivum
2591 2232 2780 2302 gravis
2801 2231 3152 2286 incommodi
3178 2232 3607 2303 accepti,quan-

1963 2319 2182 2373 tumvis
2213 2320 2504 2390 imperare
2552 2320 2749 2375 animo
2799 2327 3061 2389 conetur,
3114 2322 3253 2375 dum
3309 2326 3601 2374 auctorem

1961 2408 2049 2461 sui
2102 2407 2298 2463 luctus
2346 2426 2536 2463 coram
2572 2410 2946 2475 videt,oleum
2979 2410 3037 2464 in
3071 2410 3370 2465 flammam
3406 2410 3607 2473 mittit,

1961 2496 2249 2567 cujusque
2280 2498 2491 2551 excitat
2522 2499 2857 2553 incendium
2891 2516 3065 2569 quam
3094 2483 3186 2553 cui
3238 2516 3341 2570 par
3387 2499 3603 2553 exstin-

1959 2587 2190 2655 guendo
2217 2588 2309 2640 sit.
2348 2590 2535 2651 Quare
2567 2588 2786 2643 talibus
2822 2606 2935 2642 una
2966 2589 3222 2643 conditio
3256 2589 3347 2659 pie
3380 2605 3445 2642 ac
3478 2586 3604 2641 feli-

1958 2675 2101 2728 citer
2133 2674 2361 2730 vivendi
2396 2683 2593 2742 restat,
2631 2694 2896 2732 amovere
2945 2695 2977 2732 a
3026 2683 3339 2748 conspectu
3392 2694 3605 2731 monu-

1960 2770 2155 2819 menta
2181 2766 2431 2821 cladium
2458 2784 2698 2821 suarum
2718 2766 3031 2823 etsalutem
3050 2768 3105 2821 in
3122 2766 3436 2821 solitudine
3455 2784 3605 2837 quae.-

1959 2868 2105 2908 rere.
2142 2856 2225 2908 Ad
2260 2856 2409 2909 hanc
2441 2856 2907 2927 amplectendam
2962 2862 3081 2911 toto
3133 2857 3409 2927 deinceps
3459 2857 3609 2910 feror

1956 2941 2180 3014 impetu
2240 2944 2442 3010 studii,
2495 2944 2955 3014 suffragantibus
3012 2945 3067 2998 in
3130 2945 3237 2999 hoc
3290 2944 3601 2999 consilium

1959 3032 2196 3087 monitis
2231 3033 2737 3105 philtiSOphorum,
2769 3051 2916 3104 quos
2948 3033 3182 3089 audisse
3214 3034 3449 3088 memini
3502 3036 3606 3088 do-

1958 3126 2177 3187 centes,
2211 3122 2475 3193 quinque
2509 3123 2683 3177 rebus
2739 3122 3025 3193 perveniri
3073 3124 3144 3178 ad
3201 3124 3417 3178 famam
3470 3122 3607 3179 illu~

1960 3215 2139 3263 strem
2170 3227 2183 3265 :
2219 3211 2573 3279 innocentia,
2605 3212 3037 3283 dortrina,fuga
3070 3213 3473 3284 suspicionum
3510 3214 3609 3266 ad-

197 3320 377 3357 manu
414 3303 688 3374 positam,
724 3308 786 3357 ut
818 3302 1067 3358 felicitas
1095 3321 1161 3359 ac
1212 3306 1469 3371 miseria,
1521 3312 1697 3373 recte,
1750 3312 1851 3361 aut
1883 3278 1925 3343 (ἶ
1964 3316 2289 3364 versarum,
2325 3302 2608 3356 suavitate
2641 3318 2892 3369 morum,
2929 3303 2997 3356 ad
3035 3301 3175 3355 nihil
3213 3308 3405 3355 tamen
3440 3302 3609 3355 inho-

196 3408 372 3446 secus
423 3390 751 3445 voluntaria
812 3392 1067 3445 motione
1126 3392 1531 3448 consultorum
1600 3394 1858 3466 reputari

195 3482 427 3536 fructus
459 3482 728 3536 debeant.
763 3482 925 3547 Quod
961 3481 1008 3535 si
1045 3481 1130 3536 vel
1163 3481 1273 3536 hoc
1306 3483 1646 3537 admiserim
1693 3486 1847 3555 quod

200 3568 475 3638 disputas
510 3568 667 3638 (nam
704 3573 887 3622 fateor
910 3568 967 3621 in
1002 3584 1071 3623 ea
1102 3568 1319 3624 multos
1352 3571 1639 3624 sententia
1673 3570 1851 3625 haere-

202 3661 527 3728 re),tamen
562 3656 778 3712 veritus
813 3674 882 3710 ne
915 3656 970 3711 in
1006 3657 1118 3712 ista
1150 3675 1381 3729 quoque
1414 3660 1664 3713 fatorum
1714 3660 1859 3714 serie

210 3749 396 3801 fixum
428 3747 506 3801 sit
536 3750 592 3801 te
626 3746 768 3800 mihi
802 3746 1101 3817 perjurum
1147 3748 1283 3811 fore,
1311 3764 1425 3803 non
1471 3750 1857 3815 committam,

206 3842 275 3892 ut
306 3836 366 3890 in
419 3852 605 3891 meam
662 3835 971 3905 perniciem
1023 3837 1317 3908 cooperari
1369 3838 1499 3893 fatis
1551 3838 1859 3909 prtebendo

203 3927 313 3980 tibi
374 3925 486 3980 mei
545 3925 825 3996 perdendi
881 3926 1378 3995 opportunitatem
1435 3943 1632 3982 coner.
1701 3926 1859 3982 Veiis

208 4016 411 4087 potius
442 4019 497 4069 et
532 4015 708 4069 remis
755 4030 845 4067 me
896 4014 955 4067 in
1007 4031 1180 4084 quam
1232 4014 1636 4070 diversissima
1672 4018 1855 4086 prori-

208 4107 397 4177 piam,
429 4104 946 4175 interpretansque
970 4104 1024 4157 in
1053 4104 1303 4157 favorem
1329 4120 1523 4158 meum
1551 4106 1854 4175 providen-

206 4195 354 4248 tiam
388 4197 685 4258 aaternam,
725 4191 882 4247 fatali
917 4193 1045 4262 ejus
1078 4192 1203 4262 lege
1234 4198 1470 4247 cautum
1507 4194 1857 4261 arbitrabor,

208 4290 276 4337 ut
306 4300 411 4353 ego
445 4284 502 4336 in
532 4282 677 4337 locis
730 4300 761 4335 a
809 4287 907 4335 tua
955 4282 1173 4336 ditione
1227 4283 1640 4337 remotissimis
1690 4300 1857 4338 secu-

208 4390 334 4428 ram
370 4371 684 4427 incolumis
717 4372 892 4425 vitam
931 4372 1159 4440 degam.
1193 4371 1537 4442 Quanquam
1584 4374 1851 4443 equidem

205 4464 347 4533 (non
410 4461 567 4516 enim
624 4461 889 4514 recedam
947 4477 979 4513 a
1029 4461 1295 4515 doctrina
1348 4461 1582 4531 veriori)
1639 4462 1779 4515 nihil
1827 4481 1857 4516 a

206 4552 345 4606 fatis
394 4555 496 4605 aut
544 4567 715 4622 spero
766 4553 867 4603 aut
916 4550 1115 4603 timeo.
1166 4550 1324 4612 Quod
1382 4566 1475 4603 me
1525 4551 1773 4604 deterret
1825 4568 1856 4604 a

1970 3395 2237 3444 noratum
2274 3390 2680 3458 descendente,
2714 3392 2961 3461 denique
3010 3392 3436 3462 perpetratione
3486 3407 3608 3444 ma-

1968 3493 2217 3549 gnorum
2251 3497 2515 3550 operum.
2550 3482 2807 3545 Quarum
2843 3481 3082 3535 laudum
3118 3498 3253 3535 cum
3305 3480 3609 3535 facultates

1970 3568 2221 3623 solitudo
2271 3570 2701 3634 subministret,
2752 3570 3055 3624 obstacula
3104 3576 3416 3635 removeat,
3468 3570 3610 3623 nihil

1968 3673 2036 3711 ea
2068 3658 2244 3711 videri
2279 3658 2598 3729 optabilius
2621 3660 2869 3730 sapienti
2902 3661 3092 3729 debet,
3126 3676 3274 3730 aegre
3307 3660 3362 3713 id
3398 3675 3607 3713 nomen

1970 3752 2070 3799 aut
2103 3762 2308 3818 parare
2339 3754 2439 3801 aut
2470 3748 2614 3802 tueri
2650 3748 2921 3814 valituro,
2975 3748 3087 3802 nisi
3137 3766 3169 3803 a
3218 3765 3278 3803 se
3323 3748 3449 3818 ipso
3500 3747 3611 3801 sibi

1970 3852 2201 3901 cavens,
2252 3840 2309 3889 et
2368 3838 2675 3907 perdendae
2722 3837 2929 3891 animae
2979 3838 3342 3892 occasionem
3396 3837 3607 3902 vitans,

1969 3942 2003 3979 a
2052 3927 2337 3996 cognatis,
2384 3926 2543 3989 filiis,
2597 3926 2834 3988 divitiis,
2885 3928 3129 3998 ipsaque
3182 3925 3381 3999 procul
3432 3943 3465 3981 a
3514 3943 3610 3997 pa-

1970 4014 2081 4069 tria
2111 4030 2237 4068 sese
2270 4016 2597 4069 removerit.
2634 4016 2890 4070 Patriam
2926 4016 3241 4087 siquidem,
3289 4016 3459 4081 filios,
3512 4033 3607 4070 co-

1970 4104 2331 4174 gnationem,
2359 4120 2497 4174 opes
2531 4110 2892 4159 commutare
2942 4121 3074 4159 cum
3126 4103 3612 4176 tequivalentibus

1970 4193 2202 4263 poterit,
2236 4193 2445 4247 anima:
2481 4197 2763 4261 iacturam
2798 4196 2952 4264 quod
2987 4194 3266 4249 resarciat
3308 4211 3611 4265 nunquam

1968 4281 2241 4336 inveniet.
2295 4283 2624 4351 Adjungam
2676 4288 2732 4337 et
2768 4282 2925 4337 aliud
2960 4284 3292 4355 sapientum
3326 4284 3559 4338 effatum
3598 4301 3610 4338 :

1970 4372 2287 4442 pessimam
2322 4388 2448 4425 esse
2480 4373 2817 4441 percuniam
2850 4389 2976 4442 quae
3010 4388 3123 4426 non
3154 4377 3448 4444 erogatur,
3482 4390 3613 4444 pes-

1964 4460 2177 4514 simam
2216 4477 2451 4514 uxorem
2488 4461 2581 4514 cui
2612 4478 2757 4515 suus
2788 4462 2875 4515 vir
2904 4478 3114 4517 exosus
3144 4467 3255 4527 est,
3289 4462 3609 4532 pessimum

1971 4550 2151 4602 filium
2191 4550 2529 4620 parentibus
2572 4556 2999 4619 contumacem,
3052 4552 3368 4622 pessimum
3418 4568 3606 4619 regem

210 4657 305 4696 me
336 4641 439 4694 tibi
471 4639 916 4701 cornmittendo,
941 4639 1139 4691 odium
1177 4640 1287 4691 mei
1312 4644 1401 4691 est
1423 4640 1573 4708 quod
1613 4639 1856 4709 flagrare
1891 4624 1934 4686 Ῐ)
1967 4640 2063 4706 qui
2102 4638 2344 4693 simulat
2376 4640 2791 4706 innocentiam,
2829 4640 3149 4711 pessimum
3179 4641 3429 4695 amicum
3481 4657 3611 4711 per-

205 4732 264 4784 in
304 4730 475 4783 corde
509 4734 609 4783 tuo
646 4729 967 4781 maximum
1001 4727 1303 4797 suspicor;
1339 4729 1420 4781 vel
1459 4730 1651 4797 potius
1682 4729 1849 4781 intel-

201 4820 319 4885 ligo
351 4837 418 4874 ex
450 4824 605 4873 certa
638 4835 815 4873 causa
848 4817 983 4871 talis
1014 4817 1155 4879 odii,
1191 4818 1493 4882 memoria,
1531 4835 1657 4889 qurc
1693 4818 1748 4871 in
1802 4824 1853 4871 te

196 4910 357 4977 viget
388 4908 587 4963 damni
618 4926 650 4961 a
686 4925 775 4961 me
805 4907 970 4960 illati.
998 4907 1111 4962 Nec
1144 4908 1449 4961 remissior
1484 4908 1748 4961 fortassis
1796 4908 1851 4963 in

196 5015 327 5054 meo
381 5003 615 5068 pectore
673 4997 858 5051 fomes
918 4996 1238 5051 aversionis
1290 5013 1322 5053 a
1371 5001 1427 5049 te
1488 4998 1652 5063 vivit,
1712 4997 1850 5049 dum

199 5088 475 5143 recordor
502 5087 789 5141 interfecti
825 5086 982 5139 domi
1014 5094 1123 5139 tua:
1158 5085 1267 5140 mei
1297 5085 1438 5156 pulli
1476 5104 1508 5140 a
1558 5092 1658 5141 tuo
1711 5086 1851 5147 filio,

193 5197 264 5232 ex
299 5194 427 5231 mea
459 5177 816 5231 conscientia
846 5177 916 5229 de
949 5183 1002 5228 te.
1025 5176 1250 5243 judico,
1304 5175 1594 5246 planeque
1646 5193 1853 5229 censen

196 5285 304 5322 nec
328 5267 431 5321 tibi
456 5267 726 5336 expedire
752 5283 853 5319 nec
883 5266 1024 5318 mihi
1051 5282 1156 5319 nos
1181 5266 1457 5336 deinceps
1484 5282 1597 5318 una
1622 5267 1848 5332 degere.

1965 4728 2264 4790 ﬁdiosum,
2312 4728 2632 4798 pessimum
2685 4728 2977 4783 civitatem
3030 4729 3382 4785 seditionum
3434 4747 3609 4801 appa-

1966 4817 2191 4871 ratibus
2226 4822 2570 4885 tumentem,
2610 4820 2780 4887 cujus
2811 4818 2964 4872 cives
2997 4820 3165 4873 anxie
3210 4820 3396 4875 vivere
3447 4824 3503 4874 et
3550 4820 3608 4874 in

1965 4906 2140 4960 horas
2192 4913 2451 4961 extrema
2498 4909 2808 4962 formidare
2850 4924 3087 4963 necesse
3140 4909 3236 4963 sit.
3287 4909 3379 4963 Sic
3420 4914 3475 4963 et
3504 4926 3609 4979 ego

1963 4997 2113 5066 apud
2148 4999 2202 5050 te
2236 5012 2479 5050 manens
2511 5013 2739 5067 semper
2768 5013 2957 5051 essem
3001 4998 3230 5052 anxius.
3266 4999 3333 5052 Et
3382 4997 3474 5053 his
3523 5000 3608 5052 di-

1965 5086 2071 5138 ctis
2130 5084 2395 5149 evolavit,
2450 5085 2647 5140 relicto
2698 5086 2924 5141 cunctis
2975 5087 3237 5155 exemplo
3285 5088 3506 5142 salubri
3556 5095 3612 5140 et

1966 5176 2429 5245 prudentissimo
2457 5176 2723 5237 consilio,
2764 5194 3061 5247 nunquam
3097 5178 3167 5229 iis
3200 5178 3417 5232 fidendi
3465 5195 3610 5249 quos

1968 5263 2201 5318 lasseris.
