4248 6442
644 398 782 452 1339

2147 400 2542 453 ΔΡΡΕΝΟΙΧ.

3922 404 4069 459 1340

1747 573 2274 633 DISSERTATIO
2319 573 2816 635 PARABOLICA
2861 579 2907 636 X
2922 622 2935 635 .

656 703 944 759 Versatur
966 700 1025 758 in
1056 698 1430 779 explicandis
1453 698 1779 785 fraudibus
1811 698 2280 785 insidiosissimis
2311 698 2653 785 invidorum
2682 702 2906 784 qui/ius
2936 703 3271 763 innocentes
3300 713 3355 763 et
3382 703 3534 785 ﬁdos
3565 704 3803 783 regibus
3847 707 4061 767 minis-

719 790 840 839 tros
883 793 1216 860 pervertere
1265 792 1578 852 conantur,
1635 779 1917 839 indicatis
1964 780 2147 838 simul
2194 779 2521 839 rationibus
2552 782 2626 839 iis
2666 779 3039 857 decurrendi,
3074 794 3126 844 et
3157 784 3219 844 vi
3249 779 3522 845 veritatis
3551 779 4060 846 ac'sanctimoniae

717 880 910 920 omnes
939 861 1184 921 malitia:
1212 870 1456 921 conatus
1484 860 1564 921 ad
1590 874 1913 920 extremum
1946 860 2281 919 eluctantis.

705 997 827 1053 Sub
862 996 981 1051 haec
1008 996 1167 1066 loqui
1199 996 1454 1050 cessanti
1495 995 2018 1067 gymnosOphistee,
2070 1011 2169 1049 rex
2212 1000 2289 1047 A—
2317 997 2371 1063 Α
2403 996 2580 1052 thois.
2614 998 2803 1063 Quare
2831 997 2917 1052 illi
2952 1000 3021 1053 ad
3056 1017 3117 1055 se
3152 1005 3356 1055 vocato
3407 1000 3553 1056 dixit
3604 1017 3618 1055 :

638 1084 960 1149 bessalom,
993 1085 1224 1152 Audivi,
1258 1085 1365 1149 ait,
1394 1089 1451 1139 et
1480 1089 1660 1155 probo
1692 1101 1819 1155 quae
1858 1086 1931 1137 de
1984 1101 2291 1155 nunquam

636 1176 992 1230 resumenda
1022 1175 1276 1245 graviter
1306 1173 1513 1228 offensi
1562 1173 1959 1228 familiaritate
2005 1174 2289 1241 docuisti;

639 1280 914 1335 cuperem
950 1269 1144 1318 autem
1179 1263 1405 1317 discere
1437 1263 1541 1317 abs
1573 1267 1626 1316 te
1658 1280 1730 1317 an
1763 1279 1879 1316 non
1913 1266 2179 1332 oporteat
2212 1263 2293 1317 in-

633 1354 867 1408 terdum
901 1352 1023 1407 dari
1056 1369 1319 1419 operam,
1355 1353 1607 1406 maxime
1638 1369 1671 1407 a
1704 1352 1962 1422 regibus,
2000 1354 2064 1405 ut
2095 1368 2292 1405 recon-

634 1441 1106 1512 cilienturipsis,
1161 1447 1219 1496 et
1269 1442 1328 1495 in
1382 1440 1633 1512 priorem
1682 1441 1880 1511 gratia:
1933 1445 2291 1511 reponantur

629 1532 822 1587 locum
856 1532 894 1584 ii
929 1548 1078 1601 quos
1106 1547 1302 1586 errore
1334 1532 1589 1601 quodam
1641 1529 2121 1584 abalienaverint.
2174 1530 2287 1584 Su-

632 1638 733 1694 per
759 1638 824 1678 eo
857 1625 1201 1693 argumento
1223 1621 1707 1693 gymnosophista
1731 1620 2019 1674 disserere
2042 1619 2197 1673 hunc
2226 1619 2285 1673 in

632 1712 871 1767 modum
901 1716 991 1766 est
1020 1727 1264 1765 exorsus
1298 1728 1311 1764 :

704 1801 747 1857 Ι.
784 1801 914 1856 Fuit
947 1802 1002 1854 in
1038 1800 1290 1870 quadam
1315 1799 1461 1854 silva
1490 1800 1699 1853 referta
1726 1798 1937 1853 belluis
1962 1798 2114 1853 inter
2138 1797 2283 1852 alias

626 1890 761 1945 thos
793 1890 1055 1961 quidam,
1089 1890 1223 1944 vitae
1255 1887 1555 1960 proposito
1586 1887 1752 1942 valde
1783 1888 2051 1943 diversus
2088 1889 2161 1942 ab
2210 1887 2283 1942 iis

627 1981 984 2052 quibuscum
1000 1980 1128 2033 vitae
1143 1994 1209 2035 ao
1227 1982 1446 2033 natura:
1465 1977 1880 2032 communione
1896 1976 2279 2047 jungebatur.

627 2069 781 2124 Mitis
814 2071 969 2123 enim
1003 2072 1127 2123 erat
1179 2073 1236 2123 et
1290 2072 1643 2138 temperans,
1698 2071 1906 2137 praeter
1955 2081 2173 2122 morem
2226 2070 2284 2121 et

627 2160 831 2213 thoum
865 2161 1293 2226 caaterorum,et
1324 2173 1459 2212 cum
1494 2156 1587 2210 his
1622 2154 1823 2227 aliqua
1854 2172 1923 2210 ex
1954 2160 2120 2227 parte
2151 2172 2285 2210 con-

624 2249 984 2303 venientium
1018 2246 1562 2317 vulpium,quorum
1596 2246 1860 2300 omnium
1885 2244 2280 2316 grassationes

3671 1002 3943 1070 Vastum,
3998 1008 4063 1059 ut

2403 1086 2585 1152 vides,
2620 1092 2838 1141 etcum
2874 1088 3270 1154 subditorum,
3307 1096 3432 1145 tum
3467 1091 3836 1161 negotiorum
3873 1108 4055 1162 gene-

2401 1175 2565 1228 ribus
2593 1176 2815 1230 varium
2848 1193 3090 1245 regnum
3126 1176 3234 1232 hoc
3290 1194 3461 1233 .aeum
3496 1185 3605 1241 est,
3641 1182 3790 1235 unde
3822 1182 3892 1234 ad
3929 1182 4062 1249 ejus

2397 1263 2885 1333 gubernationem
2916 1282 3055 1335 egeo
3090 1265 3277 1320 fidelis
3305 1284 3370 1321 ac
3403 1269 3705 1338 prudentis
3738 1285 3914 1338 opera
3952 1270 4062 1325 mi-

2398 1352 2567 1405 nistri
2603 1368 2615 1406 :
2647 1353 2870 1408 dudum
2903 1359 2993 1408 est
3023 1372 3154 1409 cum
3194 1356 3365 1410 talem
3400 1373 3619 1427 quaero,
3653 1364 3707 1411 et
3758 1359 4057 1430 reperisse

2396 1440 2454 1493 in
2488 1444 2542 1494 te
2575 1439 2745 1495 hodie
2778 1442 2919 1496 mihi
2959 1442 3179 1500 videor.
3212 1446 3470 1515 Cogitavi
3503 1463 3637 1515 ergo
3670 1452 3722 1502 te
3754 1450 4055 1517 praeﬁcere

2396 1547 2631 1584 summa
2662 1548 2791 1585 cum
2829 1537 3117 1602 potestate
3148 1536 3647 1591 administrationi
3692 1538 4057 1609 reipublicae,

2393 1636 2576 1691 eoque
2604 1636 2719 1689 me,
2748 1625 2957 1692 praeter
2989 1622 3325 1693 utilitatem,
3360 1626 3619 1681 officium
3654 1626 3904 1697 impellit
3936 1644 4057 1697 quo

2392 1725 2558 1779 reges
2610 1713 2880 1765 tenemur
2934 1713 3222 1769 virtutum
3278 1716 3775 1772 honorandaruni.
3826 1717 4057 1787 Oppre-

2392 1800 2583 1854 brium
2619 1804 2709 1854 est
2741 1800 3024 1870 principis
3058 1818 3191 1856 cum
3226 1804 3357 1873 quis
3388 1804 3500 1873 ipsi
3534 1804 3842 1874 subjectus
3868 1805 4059 1861 laudi-

2391 1888 2501 1941 bus
2528 1887 2815 1945 excellens
2837 1890 2995 1960 jacet
3025 1889 3081 1944 in
3118 1893 3376 1947 tenebris
3404 1909 3469 1946 ac
3502 1894 3775 1951 sordibus
3821 1912 3833 1947 :
3887 1896 4058 1950 dotes

2388 1977 2515 2031 istae
2548 1981 2663 2032 tua:
2696 1977 2983 2047 praeclaras
3019 1980 3291 2050 plurimis
3323 1982 3568 2052 proponi
3602 1982 3673 2038 ad
3716 1983 4056 2056 exemplum

2389 2066 2623 2135 debent,
2658 2067 2945 2141 adeoque,
2983 2073 3046 2123 ut
3072 2070 3194 2125 sint
3242 2072 3416 2141 vulgo
3465 2071 3817 2143 conspicuae,
3870 2072 4055 2127 collo-

2389 2156 2589 2210 caudae
2622 2157 2677 2209 in
2712 2173 2843 2211 arce
2876 2158 3129 2229 quadam
3164 2176 3226 2214 ac
3263 2160 3497 2231 fastigio
3527 2161 3768 2217 excelsa:
3800 2161 4058 2232 dignita-

2389 2246 2483 2300 tis.
2512 2246 2594 2299 Ad
2628 2262 2691 2299 ea
2727 2246 2855 2300 thos
2891 2247 3193 2318 respondit
3229 2266 3241 2305 :
3279 2249 3463 2320 Reges
3492 2250 3759 2309 convenit
3802 2250 4057 2307 volenti-

623 2342 681 2393 et
714 2337 1103 2392 helluationes
1135 2335 1508 2406 quotidianae
1548 2334 1767 2389 innoxii
1820 2333 2128 2405 sanguinis
2180 2334 2355 2435 de—B
2387 2334 2497 2390 bus
2564 2334 2856 2390 ministris
2920 2336 3027 2403 uti,
3087 2337 3320 2409 adigere
3389 2338 3608 2409 quippe
3678 2340 3920 2407 invitos,
3987 2357 4054 2395 ac

623 2429 851 2481 testans
884 2425 1240 2492 intuebalur,
1264 2439 1525 2495 cousque
1561 2440 1672 2477 non
1707 2422 1997 2477 obnoxius
2048 2422 2275 2492 cupidi-

618 2516 845 2571 tatibus
875 2515 1043 2583 gulae,
1078 2520 1140 2569 ut
1166 2515 1316 2569 ultro
1348 2513 1671 2569 abstineret
1702 2513 1942 2567 omnino
1975 2511 2273 2581 carnibus,

614 2610 671 2662 et
702 2605 955 2660 naturali
1005 2604 1273 2683 vescendi
1329 2603 1678 2659 necessitate
1722 2602 1921 2657 herbis
1971 2618 2037 2656 ac
2082 2601 2275 2672 pomis

614 2697 1054 2765 defungeretur.
1088 2699 1209 2749 Hoc
1258 2692 1489 2748 vivendi
1540 2708 1726 2763 genus
1776 2692 1835 2747 in
1910 2690 2100 2747 medio
2151 2695 2272 2745 tam

616 2784 1003 2840 dissimilium
1039 2782 1468 2853 exemplorum,
1492 2780 1757 2836 omnium
1790 2782 1849 2835 in
1883 2780 2041 2835 hunc
2072 2779 2273 2836 oculos

616 2878 673 2930 et
705 2873 1027 2929 multorum
1060 2872 1342 2928 invidiam
1368 2871 1817 2927 convertit.1rati
1842 2870 2058 2943 pariter
2080 2870 2270 2940 thoes,

618 2962 845 3035 vulpes,
880 2962 1005 3034 lupi
1037 2962 1349 3033 ceterique
1404 2960 1668 3033 plurimi,
1718 2977 1874 3016 nunc
1923 2958 2271 3031 singillatim

617 3056 989 3119 conventum,
1026 3068 1181 3107 nunc
1215 3067 1383 3107 manu
1422 3051 1574 3106 facta
1604 3050 2061 3115 circumdatum,
2110 3064 2270 3103 acer-

612 3143 683 3199 be
714 3142 1118 3213 increpabant,
1150 3140 1748 3218 denuntiantes,haud
1783 3138 1904 3211 pati
1937 3154 2065 3195 sese
2098 3154 2271 3211 posse

613 3232 809 3305 ipsum
844 3248 1029 3287 unum
1061 3229 1206 3287 velle
1236 3229 1417 3286 videri
1450 3246 1653 3301 sapere
1686 3229 1817 3301 plus
1850 3246 2025 3301 quam
2073 3228 2268 3285 cuncti

614 3325 888 3392 saperent
918 3320 1343 3388 alii;minantes
1374 3319 1549 3375 etiam
1584 3335 1645 3373 se
1676 3317 1947 3386 illlum,si
1983 3322 2264 3390 pergeret,

614 3428 928 3482 congressu
958 3409 1323 3482 prohibitum
1355 3409 1643 3482 ipsorum,
1673 3424 1775 3480 pro
1807 3408 2084 3479 tranfuga
2116 3408 2265 3464 ritus

609 3500 783 3574 patrii
816 3517 883 3556 ae
916 3500 1191 3571 degeneri
1226 3499 1521 3571 proditore
1554 3498 2008 3570 proscripturos;
2030 3498 2268 3553 omitte-

609 3595 697 3647 ret
728 3591 909 3663 igitur
934 3589 1275 3661 peregrinos
1307 3605 1520 3656 mores,
1569 3593 1627 3643 et
1670 3586 1800 3643 vale
1848 3586 2000 3643 dicto
2050 3587 2263 3643 intem-

608 3680 843 3753 pestivaa
876 3679 1285 3752 philosophiae,
1336 3694 1539 3734 eorum
1590 3678 1867 3733 instituta
1915 3682 2265 3749 sequeretur

2386 2430 2780 2496 repugnantes
2813 2425 3044 2482 trahere
3071 2428 3140 2481 ad
3176 2427 3508 2483 functiones
3554 2430 3957 2500 capessendas
4009 2448 4043 2485 a

2385 2514 2603 2584 quibus
2635 2513 3228 2581 abhorrent,noxium
3254 2517 3503 2587 negotiis
3545 2517 3690 2588 ipsis
3741 2523 3851 2586 est,
3907 2536 4042 2589 quae

2384 2604 2468 2658 sic
2512 2603 2582 2657 ab
2632 2603 2746 2659 alio
2805 2604 3047 2659 attentis
3107 2605 3465 2675 negligenter
3522 2608 4045 2666 transmittuntur.

2383 2694 2574 2749 Meum
2609 2711 2781 2766 porro
2814 2694 3116 2766 ingenium
3149 2695 3410 2752 immane
3442 2703 3731 2768 quantum
3765 2700 4052 2757 abhorret

2381 2802 2414 2841 a
2446 2783 2703 2840 tumultu
2735 2784 2859 2838 vitae
2892 2784 3116 2841 aulicus.
3141 2787 3288 2841 Cum
3320 2802 3456 2858 ergo
3483 2788 3615 2854 tibi,
3648 2806 3765 2853 rex,
3793 2806 3911 2844 non
3948 2790 4050 2844 de-

2380 2873 2647 2940 sint,imo
2679 2873 3005 2942 abundent,
3040 2875 3138 2946 qui
3174 2893 3289 2931 non
3322 2875 3516 2933 solum
3552 2878 3801 2933 libenter
3834 2896 4043 2936 susce«

2381 2963 2537 3035 pturi
2571 2962 2818 3031 sint,sed
2852 2964 2951 3035 qui
2984 2964 3360 3024 vehementer
3388 2971 3593 3038 aptent
3622 2970 3677 3022 et
3702 2967 3900 3039 palam
3925 2986 4051 3025 am-

2377 3052 2546 3109 biant
2575 3053 2845 3125 speciosa
2874 3052 2988 3111 ista
3017 3055 3242 3125 munia,
3273 3054 3424 3113 tales
3472 3056 3754 3113 adhibeas
3803 3074 4047 3125 censeo,

2379 3158 2611 3214 meque,
2641 3141 2797 3213 quod
2828 3141 2978 3214 coepi
3011 3158 3115 3200 nec
3147 3143 3433 3202 hactenus
3466 3145 3889 3218 pmnitet,mihi
3924 3148 4050 3220 pri-

2375 3231 2560 3287 vatim
2593 3231 2756 3288 sinas
2785 3232 2998 3289 vivere.
3033 3231 3296 3300 Minime,
3346 3234 3430 3290 ait
3473 3233 3560 3291 leo
3610 3250 3748 3291 voce
3798 3241 4048 3292 conten-

2376 3321 2532 3391 tiori,
2568 3324 2775 3392 ',eaque
2824 3321 3175 3378 auctoritate
3224 3327 3289 3378 ut
3318 3322 3430 3379 sibi
3466 3323 3620 3379 nolle
3650 3324 3861 3380 obsisti
3895 3326 4045 3381 satis

2373 3408 2730 3475 declararet;
2782 3410 2922 3482 quin
2974 3411 3175 3469 statim
3221 3428 3425 3470 amove
3475 3429 3669 3469 moras
3706 3417 3940 3480 Eomnes
3993 3420 4046 3470 et

2366 3499 2559 3569 jussis
2586 3499 2734 3555 meis
2765 3506 2821 3555 te
2843 3505 3180 3571 promptum
3213 3502 3419 3573 expedi
3446 3501 3655 3575 :plane
3686 3503 3909 3575 quippe
3944 3506 4044 3559 de-

2373 3592 2599 3643 cretum
2635 3587 2780 3644 mihi
2812 3592 2903 3644 est
2933 3593 3237 3645 auctorare
3266 3594 3324 3646 te
3348 3589 3406 3645 in
3454 3590 3714 3648 ofﬁcium
3767 3592 4040 3663 primarii

2374 3677 2652 3746 ministri,
2684 3681 2741 3733 et
2771 3678 3062 3750 dignitate
3094 3696 3125 3732 a
3158 3694 3251 3735 me
3281 3680 3538 3737 secunda
3568 3682 3733 3752 regni
3774 3682 4038 3740 admini-

605 3747 675 3825 ἐς
702 3747 917 3841 quibus
950 3747 1130 3825 natus
1155 3747 1333 3837 esset,
1367 3784 1502 3824 cum
1535 3766 1755 3840 quibus
1782 3747 2016 3821 viveret;
2060 3767 2143 3821 Ad
2191 3783 2260 3824 ea
2290 3747 2335 3818 C
2372 3766 2640 3823 strationi
2672 3747 2988 3838 praeficere.

604 3860 741 3916 thos
771 3859 994 3931 placide
1026 3858 1440 3931 respondebat,
1463 3857 1776 3913 molestum
1808 3856 1955 3928 ipsis
1986 3872 2116 3912 esse
2147 3873 2263 3912 non

609 3951 819 4006 debere
867 3954 1250 4020 conspectum
1301 3947 1391 4004 sui
1444 3947 1543 4019 qui
1593 3947 1888 4002 neminem
1939 3947 2114 4001 verbo
2162 3950 2267 4002 aut

610 4042 764 4096 facto
795 4039 1236 4095 ladereLPorro
1266 4038 1439 4093 istam
1464 4054 1641 4109 quam
1676 4037 2045 4092 minarentur
2066 4053 2269 4092 aman-

609 4130 907 4186 dationem
941 4129 1032 4185 sui
1066 4128 1291 4199 procul,
1325 4128 1469 4183 adeo
1502 4144 1617 4182 non
1650 4127 1722 4182 ab
1755 4125 1883 4198 ipso
1936 4125 2263 4195 formidari,

609 4224 672 4275 ut
696 4225 1215 4291 praeoccupaturus
1240 4217 1392 4274 ultro
1416 4216 1594 4271 fuerit
1614 4221 1669 4271 et
1691 4220 1899 4286 sponte
1929 4215 2265 4271 exsulatum

606 4309 901 4375 abiturus,
934 4309 983 4365 si
1018 4312 1287 4381 putasset
1318 4324 1430 4363 non
1464 4306 1578 4362 alia
1610 4323 1672 4363 se
1716 4306 2049 4361 conditione
2093 4321 2265 4377 posse

605 4400 664 4456 in
696 4399 767 4455 iis
799 4399 944 4455 locis
976 4399 1190 4469 vivere,
1220 4397 1334 4453 nisi
1369 4396 1520 4452 facta
1552 4400 1895 4452 ceterorum
1931 4395 2217 4451 imitando
2251 4410 2267 4452 :

603 4506 665 4546 se
696 4506 853 4555 vero,
886 4506 1020 4544 cum
1055 4487 1227 4560 plane
1260 4487 1617 4542 decrevisset
1648 4485 1945 4541 abstinere
1976 4503 2010 4541 a
2040 4485 2270 4541 latroci-

604 4579 719 4633 niis
752 4582 808 4633 et
839 4578 1122 4648 caedibus,
1159 4575 1308 4631 nihil
1343 4575 1626 4631 interesse
1657 4574 1980 4631 credidisse
2030 4592 2266 4647 peregre

604 4686 676 4724 an
710 4667 767 4722 in
806 4666 991 4740 patria
1023 4665 1424 4721 innocentiam
1456 4664 1821 4720 coleretznec
1853 4665 2007 4719 enim
2044 4664 2267 4721 scelera

602 4758 954 4829 contagione
979 4760 1079 4811 aut
1109 4755 1251 4810 vitio
1285 4756 1674 4818 locorum,sed
1706 4753 1971 4825 nequitia
1997 4754 2262 4809 cordium

601 4846 943 4903 inolescere.
977 4846 1349 4917 Quanquam,
1392 4844 1666 4911 addebat,
1718 4843 1929 4915 potiori
1969 4843 2097 4914 jam
2149 4843 2265 4898 mei

599 4943 797 5010 partes
823 4956 856 4993 a
888 4938 1052 4994 vobis
1083 4935 1528 5007 absum,animo
1560 4933 1785 4991 scilicet
1814 4938 1868 4990 et
1903 4934 2210 4990 affectibus
2234 4952 2267 4990 a

594 5033 787 5085 vestro
819 5046 931 5084 usu
964 5032 1019 5084 et
1068 5025 1341 5083 instituto
1392 5024 1738 5095 longissime
1787 5025 2145 5094 disjunetus.
2204 5025 2264 5080 Si

2440 3856 2540 3911 III.
2573 3854 2844 3911 Nondum
2877 3856 3012 3912 thos
3041 3872 3389 3929 persuasus,
3439 3864 3644 3916 contra
3693 3860 3929 3933 excepit
3975 3862 4036 3917 in

2370 3946 2530 4004 hunc
2562 3947 2803 4004 modum
2838 3965 2849 4003 :
2891 3949 2952 4005 In
2985 3948 3552 4022 isto,domine,quod
3586 3950 3733 4008 mihi
3769 3952 4037 4009 destinas

2372 4036 2700 4094 ministerio
2724 4037 2825 4109 qui
2857 4041 3021 4096 tutus
3053 4038 3269 4096 durare
3299 4040 3504 4111 possit,
3526 4040 3598 4109 is,
3621 4058 3752 4099 meo
3774 4042 4033 4113 judicio,

2373 4127 2622 4183 alterum
2649 4126 2861 4183 horum
2894 4127 2971 4183 sit
3001 4128 3611 4203 oportet:percallidus
3642 4135 3747 4188 aut
3777 4130 4035 4203 insigni~

2370 4221 2458 4272 ter
2490 4216 2902 4273 stultus.Prior
2932 4218 3113 4284 enim,
3134 4218 3472 4276 abundante
3504 4220 3561 4273 in
3597 4220 3841 4277 fraudes
3869 4227 4030 4277 astu-

2372 4305 2473 4374 tia,
2505 4322 2620 4376 qua
2649 4304 3230 4378 dissimulando,qua
3262 4306 3716 4379 largiendo,qua
3747 4309 3903 4365 dolis
3936 4327 4036 4365 va-

2371 4396 2475 4453 riis
2506 4396 2705 4451 fucum
2740 4394 3145 4463 faciendo,hoc
3167 4401 3659 4469 consequetur,ut
3690 4398 4035 4456 invidorum

2371 4502 2600 4558 semper
2632 4486 2996 4544 infensorum
3031 4485 3531 4555 felicibus,minus
3554 4489 4039 4560 appetaturinsi-

2370 4577 2517 4645 diis;
2552 4574 2842 4647 alter,praa
2871 4575 3274 4632 imbecillitate
3308 4576 3523 4632 mentis
3554 4576 3786 4633 irrideri
3824 4595 3887 4633 se
3918 4596 4031 4634 non

2371 4666 2651 4732 sentiens,
2703 4670 2759 4719 et
2816 4664 3075 4719 ludibria
3127 4666 3560 4722 venerationem
3615 4666 4036 4738 interpretans,

2370 4755 2462 4811 sui
2495 4758 2836 4825 contemptu
2868 4753 3151 4809 invidiam
3205 4754 3532 4810 lucrifaciet
3579 4758 4033 4829 exarmabitque

2371 4847 2489 4901 iras
2519 4844 2896 4899 miseratione
2927 4843 3237 4900 fatuitatis.
3271 4845 3414 4916 Ego,
3446 4845 3546 4916 qui
3599 4851 3875 4904 neutram
3930 4848 4034 4903 ho.

2370 4952 2499 4991 rum
2529 4949 2658 4990 esse
2688 4932 2863 4989 velim
2896 4938 2999 4989 aut
3029 4933 3414 4999 haberi,citra
3445 4938 3665 4990 certam
3708 4937 4032 5007 perniciem

2371 5043 2439 5083 ex
2468 5024 2579 5081 hoc
2609 5024 2891 5081 ostentari
2924 5023 3050 5080 loco
3075 5041 3322 5096 nequeo,
3358 5026 3512 5079 unde
3544 5030 3895 5082 cunctorum
3935 5045 4036 5083 un-

600 5135 812 5190 corpus
844 5118 955 5173 hoc
988 5116 1167 5173 etiam
1200 5116 1590 5171 exterminare
1621 5113 1821 5181 vultis,
1852 5130 1965 5169 non
2003 5116 2256 5172 multum
2291 5120 2336 5185 D
2370 5117 2548 5187 dique
2579 5114 2814 5170 virtutis
2844 5114 3220 5170 inimicorum
3253 5114 3389 5170 telis
3418 5116 3796 5187 arcubusque
3844 5118 4037 5174 conti-

596 5208 963 5280 repugnabo,
993 5205 1264 5262 fortassis
1296 5204 1473 5260 etiam
1506 5204 1971 5275 gaudebo.Talia
2003 5221 2135 5259 eum
2170 5204 2255 5259 lo-

601 5305 878 5369 quentem
912 5296 999 5352 vel
1037 5295 1203 5351 inviti
1235 5296 1610 5361 verebantur,
1642 5294 1915 5365 famaque
1947 5295 2016 5349 de
2047 5312 2113 5349 eo
2143 5294 2258 5351 late

600 5388 1071 5443 increbrescebat
1124 5383 1437 5455 ejusmodi,
1484 5386 1548 5438 ut
1594 5383 2027 5439 admirantibus
2076 5384 2253 5441 etiam

601 5478 698 5545 qui
731 5478 993 5546 oderant,
1025 5480 1147 5531 toto
1180 5492 1246 5530 eo
1280 5478 1474 5530 tractu
1502 5473 1689 5527 multa
1720 5478 1874 5529 esset
1904 5474 1963 5528 in
2013 5490 2254 5530 venera-

595 5568 755 5622 tione
784 5582 997 5621 nomen
1029 5566 1177 5635 ejus.

667 5661 740 5713 II.
771 5656 1039 5711 Pervenit
1067 5656 1245 5727 igitur
1273 5655 1343 5709 ad
1378 5655 1627 5721 leonem,
1663 5654 1791 5724 ejus
1825 5652 1983 5708 silva:
2034 5670 2253 5725 regem,

595 5745 1101 5817 rlara,multorum
1137 5743 1789 5817 praedicatione,notitia
1819 5748 1938 5798 tam
1970 5744 2254 5815 sapientis

2368 5221 2652 5277 guus,nec
2682 5208 3004 5277 protectus,
3032 5205 3555 5276 apparerem.Nam
3586 5222 3825 5275 Sperare
3860 5224 4033 5278 posse

2369 5295 2623 5366 aliquem
2658 5295 2716 5349 in
2742 5295 2931 5366 primo
2966 5294 3075 5349 sub
3110 5311 3241 5366 rege
3276 5296 3586 5366 potestatis
3617 5297 3842 5367 gradus
3873 5304 4033 5354 stare

2368 5385 2695 5440 immunem
2731 5385 2847 5440 odii
2883 5384 3202 5457 popularis,
3229 5385 3504 5440 insanum
3539 5386 3800 5457 profecto
3833 5388 4032 5453 sit,si-

2368 5476 2608 5547 quidem
2642 5476 2819 5531 talem
2855 5477 3057 5547 utique
3090 5480 3382 5546 quotquot
3422 5476 3571 5530 clam
3627 5475 3840 5531 infensi
3894 5484 4036 5533 sunt

2369 5566 2486 5636 regi
2547 5566 2698 5638 (quze
2752 5566 3010 5621 maxima
3055 5582 3288 5636 semper
3328 5566 3504 5620 turba
3554 5566 3687 5633 est),
3741 5566 3851 5621 hoc
3906 5570 4033 5639 ipso

2369 5657 2798 5711 aversabuntur
2828 5657 2981 5727 quod
3018 5672 3190 5711 exoso
3217 5656 3327 5710 sibi
3383 5654 3633 5727 principi
3682 5656 3930 5713 charum
3981 5666 4033 5714 et

2368 5746 2551 5800 fidum
2578 5746 2941 5817 videant;qui
2976 5751 3170 5801 autem
3209 5746 3328 5816 regi
3362 5746 4030 5814 studentaemulationis
