4226 6460
182 440 322 494 1341

1194 433 1553 487 ΒΡΕΟῘΜΕΝ
1591 430 1985 485 ΒΛΡΙΕΝΤῙΕ
2023 429 2358 484 INDORUM
2396 431 2559 483 VET.

3445 425 3585 478 13i2

190 562 479 617 instinctu
510 556 734 613 amoliri
768 556 928 611 omni
961 571 1070 627 ope
1100 554 1621 610 oonabuntureum
1655 569 1687 606 a
1719 568 1834 623 quo
1866 559 1917 621 Α
1949 552 2427 624 nocendi,quales
2448 568 2582 606 cum
2616 550 2944 606 innocentia
2959 549 3384 622 prudentiaque
3408 548 3584 603 thois.

190 652 305 706 sibi
340 649 539 704 dolent
570 646 1022 719 prmripigratlaa
1044 644 1238 699 locum
1264 660 1436 714 quem
1471 643 1623 723 apud
1650 642 1830 713 impe-

194 746 418 797 rantem
453 738 566 810 ipsi
600 736 888 791 ambiunt.
940 735 1024 789 Ad
1076 749 1144 788 ea
1176 749 1274 787 rex
1308 750 1320 787 :
1356 730 1512 786 Nihil
1546 736 1774 787 metuas
1803 747 1836 784 a

194 832 341 886 meis
384 829 676 895 subditis;
712 844 845 882 nam
879 831 997 880 tam
1031 826 1226 896 ampla
1266 840 1372 895 ego
1423 828 1476 877 te
1528 822 1834 894 potestatis

188 937 330 975 mea:
346 917 880 973 communicatione
894 914 1411 979 circummuniam,
1427 919 1491 967 ut
1508 929 1620 965 non
1647 909 1833 980 magis

190 1014 398 1064 contra
429 1013 484 1063 te
516 1007 706 1061 moliri
737 1004 1058 1075 quidquam
1083 1020 1258 1075 quam
1284 1006 1489 1057 contra
1517 1017 1609 1055 me
1639 1000 1835 1073 ipsum

185 1099 279 1152 vel
312 1098 567 1152 audeant
595 1096 681 1149 vel
716 1094 964 1166 possint.
1019 1093 1297 1163 Reposuit
1328 1092 1420 1145 his
1448 1091 1580 1144 thos
1618 1089 1711 1144 :Si
1749 1103 1840 1141 me

190 1204 379 1253 amas,
414 1191 476 1240 ut
505 1189 657 1240 certe
691 1185 853 1249 lacis,
886 1183 1140 1249 domine,
1174 1186 1231 1235 et
1252 1196 1318 1233 eo
1364 1180 1598 1234 nomine
1632 1179 1841 1231 debere

198 1294 289 1331 me
319 1277 421 1331 tibi
455 1275 775 1346 plurimum
812 1274 1012 1339 fateor,
1047 1272 1342 1343 quoniam,
1392 1271 1655 1339 inquam,
1716 1283 1844 1320 mea

196 1383 378 1421 causa
411 1367 517 1429 vis,
552 1381 651 1418 oro
683 1364 1041 1431 obsecroque
1082 1365 1146 1414 ut
1195 1360 1409 1413 habeas
1458 1356 1843 1430 persuasissi-

197 1471 388 1519 mum,
420 1452 647 1507 nullum
681 1468 713 1505 a
745 1455 802 1504 te
841 1454 1033 1519 majus
1086 1448 1226 1502 mihi
1277 1464 1445 1513 posse
1494 1446 1842 1500 beneficium

198 1543 536 1612 contingere
567 1557 738 1611 quam
776 1540 822 1593 si
846 1556 936 1591 me
970 1536 1346 1607 relinquasin
1378 1536 1483 1589 hac
1510 1533 1843 1604 tranquilli-

198 1637 318 1687 tate
351 1632 480 1684 vitae
514 1628 844 1683 innocentis
889 1644 953 1681 ac
1009 1627 1265 1697 privatis,
1308 1630 1651 1678 contentum
1714 1638 1848 1693 pro-

198 1721 351 1775 victu
388 1720 545 1773 omni
578 1734 728 1789 aqua
758 1722 815 1771 et
849 1717 1047 1770 herba.
1078 1714 1244 1781 Nam,
1279 1718 1568 1784 quantum
1604 1726 1847 1782 possum

201 1808 551 1879 intelligere,
584 1806 687 1877 qui
714 1805 877 1860 vobis
902 1803 1137 1874 regibus
1160 1799 1655 1872 inserviunt,plus
1676 1800 1848 1853 unico

205 1902 507 1953 momento
538 1911 813 1950 curarum
846 1893 1083 1947 illarum
1107 1897 1163 1946 et
1192 1890 1675 1964 quotidianorum
1702 1890 1845 1959 ipsis

206 1986 621 2043 discriminum
653 1983 886 2054 angoris
921 1981 1290 2051 miseriaeque
1324 1980 1647 2051 patiuntur,
1674 1993 1850 2049 quam

207 2078 321 2133 sibi
357 2075 629 2148 privatim
663 2088 876 2127 vacans
907 2067 1476 2141 totoexperiaturvel
1498 2066 1855 2136 longissima:

208 2166 341 2221 vitae
375 2162 603 2236 spatio;
638 2176 816 2235 quare
850 2160 1029 2213 nimis
1055 2174 1189 2213 caro
1220 2158 1436 2212 emitur
1467 2156 1569 2210 illa
1599 2155 1852 2219 claritas,

209 2260 276 2311 ut
310 2271 423 2307 non
458 2248 998 2321 incomparabiliter
1027 2247 1208 2301 videri
1255 2244 1626 2316 expetibilior
1655 2244 1859 2297 debeat

209 2361 320 2416 pax
351 2348 408 2398 et
440 2340 727 2396 securitas
757 2338 991 2393 obscuri
1026 2342 1202 2408 atque
1233 2334 1469 2405 inglorii
1500 2333 1626 2388 otii.

282 2469 374 2525 IV.
412 2467 495 2521 Ad
528 2483 593 2521 ea
625 2464 712 2520 leo
747 2480 894 2535 pene
928 2462 1114 2517 iratus
1148 2459 1503 2515 recusationi
1537 2464 1656 2513 tam
1682 2458 1857 2529 perti-

208 2558 362 2627 naci,
398 2556 534 2611 Plus
566 2554 710 2609 satis
740 2553 1073 2619 verborum,
1098 2550 1312 2620 inquit,
1346 2553 1435 2605 est
1468 2566 1479 2602 :
1516 2548 1663 2603 nihil
1686 2548 1859 2603 audio

206 2648 385 2710 ultra,
424 2661 618 2700 meum
652 2643 762 2697 erit
794 2640 1095 2712 providere
1147 2643 1211 2693 ut
1259 2643 1384 2694 tuto
1430 2638 1586 2708 apud
1632 2653 1725 2691 me
1756 2636 1859 2691 sis.

206 2739 319 2803 Tu,
355 2736 441 2792 fac
476 2733 632 2805 quod
656 2730 837 2802 jubeo
875 2735 1047 2801 teque
1080 2730 1149 2783 ad
1204 2726 1593 2783 ministerium
1628 2726 1864 2798 accinge

211 2826 369 2897 quod
402 2824 668 2893 injungo.
705 2820 809 2875 Cui
842 2820 976 2874 thes
1020 2835 1032 2871 :
1067 2817 1323 2887 Faciam,
1357 2816 1865 2887 domine,quando

209 2916 300 2971 sic
331 2915 607 2985 imperas.
644 2910 754 2967 Sed
791 2926 860 2965 ne
894 2925 987 2965 me
1019 2907 1283 2963 amando
1314 2906 1547 2977 perdas,
1579 2910 1635 2962 et
1663 2922 1864 2960 verum

211 3008 273 3061 in
307 3020 398 3058 me
431 3000 754 3074 reperiatur
787 2997 934 3053 illud
987 2996 1183 3067 adagii
1236 2994 1497 3069 vulgaris
1529 3014 1542 3064 ;
1595 2994 1865 3050 Amicitia

210 3093 629 3164 intempestiva
661 3108 764 3162 par
795 3090 927 3146 odio
960 3092 1070 3159 est,
1103 3092 1159 3144 te
1180 3087 1443 3144 obtestor
1460 3103 1559 3159 per
1576 3086 1864 3157 quidquid

210 3184 436 3242 esttibi
468 3178 797 3238 venerabile
840 3182 940 3233 aut
971 3178 1243 3249 charum,
1297 3177 1537 3247 dignare
1571 3176 1694 3246 jam
1730 3175 1865 3229 hinc

212 3275 361 3330 mihi
396 3270 678 3344 polliceri,
720 3269 767 3323 si
813 3267 1047 3339 quando
1098 3266 1401 3337 contingat
1448 3282 1540 3321 me
1597 3264 1859 3319 accusari

208 3365 365 3436 apud
400 3367 476 3432 te,
510 3378 624 3416 non
659 3357 1020 3414 crediturum
1063 3361 1118 3411 te
1153 3355 1511 3411 delatoribus
1542 3355 1766 3423 statim,
1803 3358 1861 3409 at

206 3450 695 3523 interpositurum
713 3446 1241 3519 tempusidoneum
1265 3442 1619 3499 discussioni
1642 3447 1700 3498 et
1721 3458 1858 3498 exa-

207 3542 378 3611 mini,
412 3556 513 3596 nec
547 3537 690 3593 mihi
723 3536 836 3592 nisi
880 3535 1143 3590 convicto
1176 3550 1407 3606 pcenam
1460 3533 1861 3587 decreturum.

204 3634 325 3690 Hoc
360 3637 635 3702 praeterea
667 3645 827 3699 rogo,
862 3633 925 3681 ut
956 3626 1070 3682 ista
1102 3626 1287 3681 utaris
1312 3624 1534 3679 ratione
1557 3624 1614 3679 in
1634 3622 1858 3678 delectu

210 3723 618 3779 ministrorum
654 3735 666 3773 :
700 3717 937 3773 attende
968 3716 1133 3788 prius
1165 3712 1767 3787 quemadmodumilli
1802 3713 1859 3767 in

208 3830 270 3869 re
303 3812 527 3883 privata
558 3825 619 3864 se
644 3805 937 3879 gesserint
969 3823 982 3861 :
1016 3806 1087 3860 ab
1119 3822 1184 3860 eo
1208 3804 1364 3860 enim
1394 3802 1493 3874 qui
1515 3820 1635 3858 suae
1658 3802 1858 3857 domui

209 3902 366 3959 male
395 3899 713 3972 praefuerit,
744 3896 1038 3965 quomodo
1070 3910 1304 3967 sperare
1336 3892 1507 3948 liceat
1538 3890 1860 3962 rempubli-

207 4009 340 4049 cam
373 3991 516 4045 bene
548 3988 863 4060 gerendam
885 3985 911 4038 ‘I
944 3984 1118 4039 Porro
1144 3988 1200 4039 te
1222 3982 1647 4054 alloquentium
1667 3986 1723 4036 et
1746 3981 1857 4036 dis-

205 4080 499 4138 cernenda
521 4076 865 4143 eonditio,et
889 4091 989 4147 pro
1016 4074 1294 4130 varietate
1322 4070 1624 4143 qualitatis
1641 4070 1850 4142 agendi

206 4173 399 4226 forma
427 4166 831 4239 temperanda.
857 4164 913 4218 Si
940 4168 996 4218 te
1027 4161 1111 4217 illi
1130 4179 1239 4218 usu
1267 4178 1459 4217 rerum
1491 4166 1548 4216 et
1569 4160 1858 4232 sapientia

204 4262 507 4332 superent,
540 4255 660 4311 illis
690 4256 1073 4323 obtempera;
1106 4251 1154 4306 si
1184 4255 1240 4306 te
1288 4250 1420 4322 plus
1470 4266 1646 4321 quam
1698 4249 1856 4320 ipsos

205 4364 412 4421 sapere
444 4364 510 4402 ao
541 4346 601 4400 in
633 4343 903 4415 praesenti
937 4357 999 4396 re
1027 4340 1223 4398 videre
1277 4340 1382 4394 tibi
1436 4340 1515 4395 sis
1563 4339 1856 4405 conscius,

208 4442 352 4495 doce
386 4437 519 4491 illos
549 4438 606 4490 et
638 4432 961 4488 rationibus
992 4430 1290 4487 convince.
1343 4430 1437 4484 Sin
1486 4428 1755 4501 peritiam
1797 4428 1855 4483 in

204 4529 328 4584 illis
360 4544 425 4583 ac
449 4522 822 4597 prudentiam
858 4520 1014 4576 haud
1057 4524 1157 4575 tua
1200 4520 1483 4589 majorem
1529 4519 1854 4588 deprehen-

206 4620 333 4684 des,
370 4632 471 4671 nec
499 4618 977 4677 contemnas,nec
1008 4609 1205 4664 statim
1227 4609 1503 4664 admittas
1529 4608 1681 4678 quod
1703 4623 1853 4662 asse-

1949 643 2244 697 moderate
2284 642 2483 696 omnia
2529 645 2584 695 et
2623 638 3014 712 plausibiliter
3062 640 3337 709 gerentis,
3391 637 3585 692 nullas

1949 732 2264 786 admodum
2319 731 2505 798 daret,
2567 729 2883 785 incubuere
2932 727 3155 782 malitia
3212 728 3587 798 conspirante

1952 837 2136 892 pravae
2171 826 2393 875 mentes
2415 821 2484 873 ad
2521 835 2731 874 novum
2782 818 3115 872 ministrum
3150 820 3587 888 quomovlocun-

1950 927 2063 980 que
2093 909 2604 964 comminiscendis
2635 908 2948 962 calumniis
2980 909 3375 962 evertendum.

2026 1036 2078 1090 V.
2118 1039 2263 1105 Ergo
2297 1051 2429 1089 cum
2455 1032 2552 1088 diu
2590 1034 2803 1088 frustra
2831 1049 3060 1087 omnem
3112 1032 3167 1086 in
3213 1032 3407 1086 thoem
3444 1031 3593 1103 lapi-

1953 1125 2083 1180 dem
2118 1124 2755 1187 movissent,constanti
2791 1139 2928 1194 erga
2962 1139 3094 1177 eum
3130 1122 3313 1176 leonis
3346 1123 3593 1176 benevo-

1954 1213 2134 1267 lentia
2167 1213 2359 1284 palam
2399 1213 2945 1283 exstanle,quadam
2981 1213 3071 1264 die
3125 1211 3443 1281 conspicati
3476 1211 3591 1264 1(εο-

1959 1318 2087 1356 nem
2122 1302 2326 1372 cupide
2350 1300 2956 1371 jussisseutquaailam
2983 1300 3594 1372 escaipsigrntissima

1957 1391 2067 1445 sibi
2104 1390 2380 1461 postridie
2423 1394 2834 1462 apponeretur,
2894 1406 3020 1443 eam
3082 1390 3196 1460 ipsi
3259 1389 3428 1443 furati
3494 1405 3594 1459 per

1959 1486 2208 1545 noctein,
2241 1480 2298 1533 in
2332 1480 2591 1534 absentis
2626 1480 2769 1533 forte
2810 1484 2947 1533 tunc
2974 1479 3126 1533 thois
3154 1480 3325 1533 domo
3358 1478 3597 1533 abscon-

1958 1571 2188 1624 derunt.
2215 1571 2366 1624 Tum
2402 1570 2487 1623 iie
2522 1577 2751 1640 postera
2784 1568 3097 1639 requirenti
3126 1568 3321 1622 cibum
3346 1566 3597 1639 impera-

1962 1666 2084 1713 tum
2122 1660 2265 1729 regi,
2299 1664 2354 1713 et
2386 1659 2530 1713 irato
2563 1661 2713 1729 quod
2768 1658 2817 1713 is
2868 1675 2980 1712 non
3022 1662 3344 1728 appareret,
3397 1674 3601 1711 omnes

1960 1766 2027 1803 ex
2058 1749 2323 1803 condicto
2357 1753 2668 1819 prmsentes
2692 1747 2792 1819 qui
2825 1747 3024 1802 dolum
3050 1746 3604 1809 instruxerant,nul-

1960 1837 2077 1893 lam
2102 1843 2286 1892 artem
2320 1836 2639 1891 vaferrimai
2673 1836 3006 1891 calliditatis
3058 1835 3385 1891 omiserunt
3423 1851 3599 1906 quem

1884 1930 1929 1994 Β
1961 1927 2081 1984 fore
2113 1928 2314 1983 utilem
2347 1927 2449 1982 tali
2498 1932 2761 1998 tempore
2808 1927 3164 1981 concitandas
3214 1925 3364 1994 regis
3411 1925 3505 1979 iraa
3541 1926 3597 1978 in

1965 2016 2159 2071 thoem
2195 2017 2493 2071 absentem
2527 2020 2784 2071 nossent.
2838 2016 3095 2070 Primum
3144 2016 3276 2070 ticlo
3310 2015 3369 2070 in
3404 2030 3598 2085 regem

1963 2106 2158 2160 studio
2182 2106 2321 2160 dum
2355 2104 2449 2161 ille
2480 2106 2819 2176 indignatur
2847 2110 2902 2158 et
2930 2104 3088 2172 furit,
3123 2104 3290 2175 quasi
3324 2104 3512 2159 territi
3545 2107 3603 2158 et

1965 2195 2197 2251 solliciti
2218 2200 2491 2250 coeuntes
2525 2195 2582 2249 in
2613 2194 3274 2265 _circuluxn,itainvicem
3310 2193 3605 2248 submisse

1966 2286 2450 2353 mussitabant,ut
2481 2284 2743 2340 exaudiri
2779 2289 2968 2340 tamen
3007 2292 3237 2355 possent
3272 2284 3603 2337 studerent-

1966 2391 2099 2445 que,
2132 2378 2249 2430 Cur
2279 2373 2539 2429 celamus
2572 2372 2725 2428 ultra
2766 2375 2919 2445 quod
2967 2374 3237 2427 scimus?
3270 2373 3439 2427 Fides
3472 2390 3609 2443 erga

1970 2464 2289 2536 principem
2325 2480 2427 2518 nos
2453 2464 2608 2533 cogit
2637 2462 2827 2518 labem
2873 2462 2953 2516 illi
2988 2462 3296 2517 entintiare
3328 2463 3603 2517 domesti-

1967 2570 2116 2623 cam,
2148 2553 2277 2607 licet
2305 2559 2506 2607 contra
2546 2558 2806 2623 potentes
2859 2552 3206 2607 veniendum
3243 2554 3319 2607 sit
3350 2559 3405 2605 ct
3436 2556 3611 2623 caput

1968 2642 2364 2713 objiciendum
2396 2647 2551 2697 certo
2585 2641 2932 2698 discrimini.
2989 2642 3298 2696 Prazvaleat
3355 2640 3609 2711 periculo

1969 2738 2021 2787 et
2056 2732 2351 2787 formidini
2385 2733 2613 2803 privata:
2648 2732 2903 2785 charitas
2936 2732 3110 2801 regis,
3154 2735 3209 2785 ct
3243 2748 3359 2803 quo
3393 2730 3443 2785 ei
3476 2748 3610 2785 con-

1970 2822 2235 2877 sulamus
2267 2822 2391 2876 alea
2420 2838 2561 2876 sane
2592 2820 2802 2876 salutis
2830 2826 3037 2876 nostra:
3062 2821 3338 2891 jaciatur.
3382 2821 3478 2875 llis
3510 2839 3609 2875 su-

1970 2912 2216 2968 surratis
2247 2928 2314 2967 ea
2344 2911 2528 2966 leonis
2560 2911 2771 2966 vicinia
2804 2916 2867 2966 ut
2894 2912 2966 2967 ab
2998 2929 3063 2966 eo
3125 2912 3505 2981 sentirentur,
3542 2910 3613 2964 il-

1970 3001 2092 3057 lum
2126 3018 2413 3056 consensu
2462 3001 2699 3068 adeunt,
2759 3006 2815 3055 et
2874 3000 2923 3055 ei
2986 3001 3273 3071 profunde
3342 3005 3616 3069 salutato,

1971 3091 2274 3160 Novimus,
2307 3092 2562 3159 domine,
2617 3091 2910 3161 inquiunt,
2959 3108 3091 3161 qnis
3144 3091 3247 3144 tibi
3299 3090 3609 3161 prandium

1972 3180 2262 3249 averterit,
2315 3181 2798 3252 peccavimusque
2856 3180 3144 3236 hactenus
3194 3181 3347 3251 quod
3403 3180 3611 3235 timore

1973 3270 2531 3327 concitandicontra
2563 3287 2670 3324 nos
2704 3270 2959 3325 ministri
3012 3270 3402 3341 praepotentis,
3453 3269 3613 3323 silui-

1973 3378 2106 3415 mus
2142 3378 2154 3415 :
2190 3377 2325 3414 nam
2353 3360 2438 3413 vel
2473 3365 2673 3415 nostra
2693 3363 2848 3414 certa
2867 3360 3117 3432 pernicie
3143 3359 3252 3413 fuit
3276 3358 3379 3413 tibi
3398 3376 3614 3414 consu-

1970 3449 2208 3505 lendum
2241 3468 2255 3517 ;
2288 3449 2573 3520 quidquid
2606 3465 2743 3519 ergo
2793 3450 3029 3505 demum
3085 3449 3217 3502 inde
3268 3453 3613 3503 secuturum

1970 3539 2067 3605 sit,
2099 3538 2289 3593 officio
2320 3554 2389 3593 en
2415 3543 2612 3592 nostro
2646 3538 2970 3609 fungimur,
3006 3538 3334 3593 indicantes
3366 3538 3494 3607 tibi,
3532 3540 3615 3592 fe-

1968 3628 2107 3683 rinas
2142 3634 2365 3699 partem
2394 3645 2567 3698 quam
2602 3627 2708 3682 tibi
2743 3627 2866 3683 heri
2898 3643 3247 3698 seposueras
3278 3627 3337 3683 in
3372 3632 3606 3699 pastum

1968 3718 2343 3787 hodiernum,
2377 3719 2737 3771 subtractam
2773 3735 2806 3771 a
2837 3718 2972 3771 thoe
3006 3717 3211 3785 fuisse,
3242 3717 3349 3771 hoc
3382 3732 3449 3771 ex
3481 3733 3616 3772 ocu-

1969 3807 2083 3863 lato
2117 3812 2265 3862 teste
2296 3806 2816 3878 comperimus.Sic
2850 3806 3041 3861 locuto
3076 3807 3313 3863 nomine
3344 3806 3611 3862 omnium

1969 3897 2245 3968 primario
2274 3896 2626 3967 interipsos,
2682 3896 2834 3951 alius
2879 3912 3210 3952 sermonem
3262 3896 3603 3968 excipiens:

1969 3986 2085 4040 Etsi
2118 3986 2226 4040 hoc
2259 3985 2355 4056 qui
2404 3985 2547 4039 vidit
2598 3985 2815 4054 retulit,
2850 3990 2907 4041 et
2957 3986 3057 4056 qui
3105 3986 3279 4042 vitam
3326 3985 3479 4041 theis
3513 4003 3604 4040 ar-

1967 4092 2173 4131 canam
2208 4092 2240 4129 a
2271 4076 2462 4146 specie
2484 4076 2925 4130 dversissimam
2950 4076 3604 4147 intrcspcxerunt,haud

1968 4165 2225 4220 alienum
2251 4164 2323 4219 ab
2344 4164 2471 4233 ejus
2504 4164 2646 4218 vafri
2666 4163 3030 4220 simulatoris
3061 4164 3281 4220 occulta
3307 4165 3610 4220 voracitati

1967 4255 2181 4309 factum
2217 4252 2559 4322 intelligant,
2593 4257 2786 4307 tamen
2839 4253 2976 4325 quia
3005 4259 3091 4320 tu,
3145 4254 3404 4321 domine,
3438 4254 3609 4326 longe

1966 4342 2081 4397 alia
2106 4343 2175 4397 de
2207 4342 2341 4397 thoe
2373 4341 2652 4411 opinaris,
2686 4358 2799 4396 non
2848 4342 3100 4414 petimus
3134 4350 3197 4397 ut
3246 4344 3471 4410 credas,
3508 4344 3607 4398 sed

1966 4437 2029 4485 ut
2061 4431 2276 4502 inquiri
2327 4431 2397 4485 de
2448 4446 2507 4484 re
2545 4431 2777 4500 jubeas.
2831 4432 3097 4487 Addebat
3154 4431 3430 4488 alterzSi
3474 4432 3607 4487 thes

1965 4521 2341 4575 convincatur
2370 4519 2547 4589 hujus
2572 4520 3254 4593 criminis,intelligcmus
3278 4539 3407 4577 vera
3430 4523 3606 4577 etiam

1964 4611 2145 4666 fuisse
2178 4628 2305 4681 quas
2337 4611 2523 4667 multa
2554 4613 2622 4665 de
2655 4611 2755 4666 illo
2789 4611 3145 4681 ferebantur,
3180 4630 3293 4668 non
3318 4612 3608 4667 credenti-

206 4712 370 4773 runt,
405 4704 505 4760 sed
538 4700 777 4757 consule
806 4699 861 4753 in
900 4699 1151 4754 medium
1184 4714 1251 4753 ac
1278 4698 1525 4763 discute,
1556 4697 1700 4752 citra
1722 4713 1856 4751 con-
1891 4690 1934 4751 D
1969 4702 2080 4756 bus
2114 4700 2332 4755 multis.
2370 4700 2745 4756 Exclamabat
2776 4701 2926 4755 alius
2961 4719 2973 4755 :
3010 4705 3153 4757 Vere
3188 4703 3267 4757 ita
3297 4708 3422 4771 est;
3448 4706 3610 4757 fmu-

206 4796 531 4855 tentionem
567 4796 927 4859 tamen,nam
963 4788 1087 4843 hac
1118 4791 1175 4843 et
1206 4789 1574 4859 majestatem
1598 4788 1856 4855 dedecet,

205 4894 265 4947 et
297 4886 369 4943 ad
400 4884 518 4941 veri
552 4879 1032 4951 dijudicationem
1068 4878 1261 4933 obstat
1292 4876 1486 4950 potius
1510 4893 1687 4947 quam
1720 4893 1859 4932 con-

206 4980 345 5035 fert.
374 4973 503 5029 Haec
536 4972 873 5025 curaturum
899 4967 1463 5037 observaturumque
1485 4982 1548 5021 se
1578 4981 1709 5037 rege
1732 4983 1859 5038 pro-

200 5068 328 5126 lixe
361 5060 641 5137 pollicito,
674 5058 809 5113 tbos
841 5056 1409 5113 administrationem
1436 5071 1629 5113 rerum
1655 5071 1859 5127 capes-

199 5148 592 5213 sivit.Summi
625 5164 684 5203 se
715 5146 881 5201 illum
918 5146 1121 5202 facere
1153 5145 1243 5201 leo
1276 5146 1469 5219 palam
1503 5144 1855 5211 declarabat,

202 5243 356 5302 nihil
389 5241 540 5297 clam
573 5236 687 5310 ipsi
722 5236 1106 5307 habens,ejus
1137 5236 1445 5291 consilium
1482 5236 1539 5290 in
1570 5235 1730 5291 omni
1754 5253 1859 5291 ne-

204 5334 366 5410 gotio
398 5329 671 5391 audiens,
706 5342 911 5387 omnes
960 5325 1113 5381 infra
1156 5325 1322 5381 illum
1368 5326 1689 5383 aestimans.
1741 5326 1859 5383 Hoc

196 5419 536 5500 spectaculo
586 5434 744 5473 novas
794 5414 949 5471 thois
992 5415 1146 5487 apud
1198 5414 1428 5471 leonem
1478 5416 1679 5488 gratia
1712 5416 1857 5472 aulae

197 5512 389 5572 oculis
423 5507 743 5584 proposito,
777 5504 977 5562 mirari
1010 5521 1218 5561 omnes
1250 5504 1744 5576 sermonibusque
1764 5521 1855 5559 ce-

201 5604 428 5661 lebrare
460 5596 833 5670 inopinatum
856 5610 1061 5650 casum
1089 5612 1102 5661 ;
1138 5594 1423 5665 primores
1448 5600 1643 5651 autem
1676 5595 1858 5651 comi-

203 5699 367 5751 tatus
389 5688 563 5746 tacite
586 5686 734 5755 ringi
758 5684 1681 5755 utriqueintime,dissimulando
1704 5685 1857 5741 haud

214 5780 385 5841 facile
414 5779 593 5834 livore
623 5793 688 5831 ac
727 5774 997 5830 videlicet
1045 5775 1413 5831 inbiabundo
1450 5775 1858 5831 occasionibus

1973 4789 2196 4845 dulenti
2229 4796 2285 4844 et
2319 4789 2469 4844 clam
2516 4790 2766 4863 improbi
2817 4806 3119 4862 nunquam
3164 4792 3235 4846 ad
3286 4796 3610 4847 extremum

1972 4880 2180 4935 latent.
2214 4880 2331 4951 Ego
2364 4878 2517 4934 inter
2546 4878 2680 4935 illos
2713 4880 2790 4934 fui
2818 4880 3035 4935 multos
3086 4881 3186 4952 qui
3213 4880 3405 4937 thoem
3439 4882 3608 4936 inno-

1972 4969 2374 5025 centissimum
2408 4972 2704 5041 putarent,
2736 4974 2793 5023 et
2822 4986 2955 5024 cum
3001 4987 3033 5024 a
3084 4971 3196 5026 fide
3245 4971 3442 5043 dignis
3473 4987 3612 5026 sane

1970 5060 2184 5115 atrocia
2208 5074 2477 5131 peccasse
2500 5058 2694 5130 ipsum
2720 5058 3326 5125 audirem,renuebam
3354 5063 3609 5128 credere;

1970 5166 2125 5204 nunc
2156 5148 2362 5204 ultimo
2402 5148 2509 5203 hoc
2563 5148 2959 5219 experimento
3011 5150 3169 5205 larva
3220 5150 3304 5205 illi
3349 5152 3613 5207 detracta

1970 5245 2077 5293 est.
2110 5238 2275 5293 Alius
2306 5238 2543 5308 quidam
2590 5239 2823 5293 dicebat
2870 5254 2881 5293 :
2934 5239 3076 5294 Cum
3138 5240 3397 5312 primum
3452 5240 3610 5296 hunc

1970 5328 2163 5383 thoem
2199 5327 2340 5397 vidi,
2389 5327 2652 5383 suboluit
2701 5328 2845 5383 mihi
2895 5329 3023 5398 ejus
3077 5330 3336 5399 nequitia
3359 5348 3380 5393 ;
3431 5336 3610 5387 testes

1970 5418 2113 5473 mihi
2142 5422 2281 5472 sunt
2314 5416 2405 5473 hic
2440 5422 2616 5488 atque
2644 5416 2741 5473 ille
2774 5418 3143 5488 (nominabat
3166 5422 3611 5493 certos)quibus

1971 5523 2123 5578 saepe
2148 5505 2287 5574 dixi,
2322 5522 2447 5578 qua:
2482 5506 2539 5561 in
2575 5523 2639 5561 eo
2673 5506 2887 5578 vulgus
2933 5508 3269 5578 miraretur,
3318 5510 3463 5565 nihil
3496 5512 3609 5567 nisi

1970 5596 2296 5670 prazstigias
2328 5602 2382 5649 et
2417 5597 2612 5650 fucum
2644 5612 2771 5651 esse
2827 5597 3267 5670 obductumque
3302 5602 3609 5657 tectorium

1970 5686 2352 5760 improbitati.
2389 5687 2546 5741 Alter
2594 5688 2887 5759 quispiam
2935 5689 3018 5744 sic
3066 5694 3411 5761 erumpebat
3446 5708 3457 5745 :
3495 5692 3611 5748 lloc

1973 5779 2265 5834 enimvero
2300 5794 2410 5831 non
2448 5779 2664 5831 furtum
2712 5777 2898 5832 solum
2935 5782 3047 5839 est.
3080 5780 3177 5835 sed
3213 5780 3610 5853 sacrilegium,
