4226 6460
634 379 770 433 1343

2169 386 2555 440 APPENDIX.

3892 394 4023 450 13H

631 508 730 560 sed
788 506 1169 561 intolerabilis
1221 506 1459 562 licentia
1510 508 1792 563 violandm
1852 526 1998 563 ausu
2052 508 2269 562 nefario
2302 512 2353 575 Α
2385 511 2624 580 Spexisti
2661 513 2829 569 ﬁdem
2864 521 2920 569 et
2953 518 3298 586 probitatem
3335 519 3536 573 thois?
3567 526 3622 574 et
3648 520 3807 574 illum
3842 530 4020 575 tamen

623 613 802 649 sacrie
839 597 1178 663 majestatis.
1219 598 1584 651 Audiebatur
1614 605 1669 651 et
1700 598 1939 650 alterius
1976 598 2094 650 him
2130 615 2230 649 vox
2263 615 2273 650 :

626 684 819 737 Mittat
849 699 947 735 rex
978 684 1075 752 qui
1122 690 1457 738 scrutentur
1510 686 1752 739 domum
1814 686 2009 752 thois;
2059 686 2278 739 cubilia

633 770 871 825 sceleris
914 771 1444 839 deprehendantur,
1491 777 1548 825 et
1599 789 1835 843 corpus,
1888 773 2041 841 quod
2090 773 2275 840 aiunt,

628 862 821 933 ipsum
856 861 1051 914 delicti
1084 863 1396 917 tenebitur.
1436 862 1669 930 Verum,
1710 862 2069 933 adjungcbat
2099 860 2273 926 alius,

625 952 1063 1021 properandum
1091 950 1148 1003 in
1175 952 1278 1005 hoc
1310 956 1629 1012 esset,nam
1669 953 1989 1021 periculum
2026 951 2080 1003 in
2114 967 2275 1004 mora

620 1044 745 1105 est;
781 1044 836 1093 et
888 1039 1063 1101 alius,
1117 1040 1261 1093 Male
1313 1057 1517 1094 vereor
1563 1058 1631 1093 ne
1682 1040 1815 1095 thes
1868 1041 2273 1094 astutissimus

622 1130 921 1183 consuetis
955 1130 1219 1183 artiﬁciis
1253 1130 1501 1184 fascinet
1544 1131 1759 1184 iterum
1815 1146 2029 1199 regem,
2064 1135 2120 1183 et
2151 1134 2270 1183 tam

626 1220 924 1273 manifesti
986 1220 1254 1273 criminis
1333 1221 1595 1273 mendaci
1670 1220 2004 1274 defensione
2076 1224 2269 1271 notam

630 1308 811 1363 eluat.

693 1416 937 1472 Vl.Cum
954 1417 1032 1471 ita
1046 1434 1247 1472 omnes
1265 1418 1719 1472 insidiosissimo
1735 1434 2020 1471 consensu
2044 1417 2268 1471 leonem

626 1504 883 1575 undique
916 1511 1210 1575 urgerent,
1262 1512 1318 1561 et
1368 1507 1563 1577 ipsum
1614 1508 2021 1577 perturbatum
2073 1506 2271 1559 dolore

626 1594 853 1664 prandii
887 1594 1379 1665 subtractijussit
1408 1596 1501 1648 ille
1535 1596 1727 1649 tboem
1764 1596 1957 1648 subito
1992 1594 2271 1654 vocari,et

625 1699 693 1736 ex
726 1683 996 1752 praesenti
1033 1684 1340 1739 minaciter
1371 1689 1747 1754 pereuntatus
1792 1691 1900 1747 est,
1955 1683 2053 1736 ubi
2090 1682 2269 1736 ferina

625 1776 780 1825 esset
796 1787 969 1841 quam
988 1772 1094 1842 ipsi
1112 1773 1455 1827 tradidisset
1472 1773 1656 1843 pridie
1680 1774 2026 1827 servandam
2045 1771 2072 1825 ?
2092 1772 2267 1831 Thes,

628 1862 783 1930 quod
820 1877 912 1914 res
958 1866 1103 1928 erat,
1151 1860 1494 1931 simpliciter
1544 1862 1848 1932 respondit
1901 1878 1962 1915 se
2012 1862 2265 1914 curatori

629 1966 817 2021 penus
848 1950 1241 2020 reponendam
1268 1950 1659 2004 commisisse.
1696 1951 1906 2004 Aderat
1934 1950 2077 2003 forte
2112 1951 2161 2004 is
2216 1954 2272 2004 et

628 2045 1072 2110 praeoccupatus
1102 2056 1135 2092 a
1166 2039 1690 2094 calumniatoribus
1723 2040 1931 2107 fuerat,
1965 2056 2145 2110 quare
2179 2058 2273 2111 pa-

634 2129 750 2183 lam
786 2130 1016 2199 negavit
1050 2146 1111 2183 se
1142 2148 1171 2182 a
1205 2129 1337 2183 thoe
1370 2130 1694 2200 quidquam
1741 2129 2057 2200 accepisse.
2109 2131 2274 2184 Tunc

634 2219 796 2272 misit
844 2234 942 2272 rex
986 2219 1083 2287 qui
1136 2224 1539 2273 scrutarentur
1588 2220 1831 2273 domum
1887 2218 2062 2286 thois,
2113 2220 2275 2290 ipsos

631 2308 1005 2363 commodum
1031 2308 1130 2377 qui
1159 2308 1419 2363 fraudem
1447 2308 1899 2362 adornarant.Hi
1925 2308 2120 2362 statim
2148 2312 2278 2379 post

630 2398 875 2452 ferinam
911 2397 1077 2465 quasi
1128 2396 1282 2467 apud
1335 2397 1530 2451 tboem
1590 2396 1646 2450 in
1697 2396 1939 2450 latebris
1989 2401 2276 2465 repertam

632 2489 782 2543 leoni
818 2486 1382 2541 detulerunt.Adfuit
1406 2488 1555 2541 inter
1580 2487 1836 2556 reliquos
1859 2487 2035 2557 lupus
2058 2487 2276 2551 senior,

628 2575 941 2632 simulator
973 2576 1147 2642 vafer,
1183 2575 1280 2644 qui
1320 2576 1533 2629 famam
1575 2576 1822 2646 justitiae
1856 2592 1918 2629 ac
1950 2576 2279 2629 sanctitatis

631 2667 767 2720 ﬁcta
799 2664 1085 2719 modestia
1113 2664 1447 2735 collegerat.
1481 2665 1533 2717 Is
1564 2664 1814 2734 graviter
1863 2669 1921 2717 et
1972 2664 2281 2735 diligenter

629 2757 808 2809 vitata
834 2754 993 2809 omni
1029 2754 1363 2824 suspicione
1392 2754 1490 2808 iraa
1514 2764 1612 2807 aut
1634 2753 1856 2817 livoris,
1892 2753 2188 2823 suggessit
2218 2752 2277 2805 in

630 2861 831 2899 aurem
867 2842 986 2913 regi
1025 2858 1036 2896 :
1069 2842 1125 2895 Si
1157 2842 1386 2896 veniam
1419 2843 1569 2909 apud
1605 2846 1661 2897 te
1687 2841 1912 2896 invenit
1960 2848 2079 2895 tam
2114 2847 2279 2897 atrox

625 2939 683 2990 et
715 2932 1091 2989 manifestum
1124 2930 1547 2998 scelus,nu|lus
1579 2932 1691 2985 erit
1720 2932 1931 2985 deinde
1962 2931 2059 3002 qui
2086 2932 2277 2986 defer-

628 3042 687 3080 re
720 3022 906 3078 ullum
942 3020 1224 3075 indicium
1259 3021 1475 3076 audeat
1505 3020 1959 3075 machinationis
1991 3020 2277 3091 cujusvis,

635 3111 903 3169 etiamin
953 3114 1129 3180 caput
1176 3114 1368 3165 tuum.
1402 3110 1537 3172 ,Hoc
1586 3108 1677 3165 leo
1726 3109 1927 3165 audito
1979 3109 2279 3181 compingi

625 3204 818 3259 tboem
847 3200 1032 3271 jussit
1061 3200 1121 3254 in
1154 3202 1469 3254 carcerem.
1520 3200 1662 3253 Dum
1697 3199 1751 3253 id
1787 3199 1971 3263 ﬁeret,
2003 3198 2274 3254 adulator

634 3293 871 3366 quidam
904 3308 973 3345 ex
1004 3289 1357 3344 astantibus.
1393 3289 1649 3357 Dudum,
1682 3288 1764 3343 ait
1795 3287 2055 3343 mirabar
2081 3305 2114 3343 a
2144 3306 2271 3343 sce-

631 3383 815 3438 lerato
848 3381 962 3435 isto
996 3379 1194 3433 fucum
1228 3378 1352 3433 ﬁeri
1403 3377 1925 3449 perspicacissimaa
1966 3378 2272 3449 sagacitati

625 3470 847 3527 domini
883 3470 1087 3524 nostri.
1123 3468 1247 3523 Sub
1278 3468 1399 3522 haec
1432 3468 1705 3522 misitleo
1737 3468 1807 3521 ad
1840 3466 2033 3522 tboem
2060 3468 2274 3537 quaesi-

625 3567 781 3617 tores
812 3576 878 3614 ex
911 3559 1113 3613 eadem
1149 3556 1648 3628 sycophantarum
1702 3556 1939 3610 cohorte
1988 3555 2086 3627 qui
2137 3572 2272 3611 eum

624 3652 1052 3719 interrogarent
1076 3648 1131 3701 in
1151 3646 1789 3701 custodia.Conﬁnxeru
1802 3648 1862 3698 nt
1884 3643 1967 3699 illi
1995 3662 2276 3715 responsa

623 3742 750 3813 ejus
785 3739 1159 3796 contumacia
1189 3742 1245 3792 et
1266 3735 1693 3792 contumeliosa
1723 3735 1779 3789 in
1827 3735 2272 3807 principem,cui

624 3836 682 3886 et
712 3847 845 3885 mox
876 3828 1078 3883 eadem
1113 3830 1533 3898 exaggerantes
1566 3824 2028 3879 invidiosissime
2060 3827 2273 3879 retule-

628 3920 939 3986 runt,adeo
974 3926 1035 3973 ut
1065 3916 1137 3971 iis
1162 3916 1378 3971 auditis
1403 3916 1675 3970 efferatus
1696 3914 1784 3970 leo
1802 3915 1997 3969 tboem
2025 3913 2276 3969 interﬁci

630 4008 956 4065 mandaret.
998 4018 1005 4023 ‘

695 4115 821 4171 VII.
852 4112 1120 4169 Pervenit
1148 4110 1385 4166 interim
1413 4111 1480 4165 ad
1512 4115 1753 4163 matrem
1785 4110 1939 4179 regis
1968 4110 2149 4163 totius
2172 4127 2277 4165 no-

621 4206 751 4261 titia
778 4203 1109 4260 calumniae.
1149 4202 1279 4256 Haec
1310 4201 1565 4271 primum
1596 4200 1886 4267 omnium,
1920 4200 2074 4270 quod
2111 4198 2277 4253 facile

624 4297 873 4365 poterat,
910 4295 1145 4361 propter
1176 4288 1581 4344 auctoritatem
1607 4285 2274 4354 summam,dilationem

624 4381 980 4453 interposuit
1012 4378 1324 4450 supplicio.
1358 4377 1507 4431 Tum
1561 4374 1790 4430 leonem
1848 4375 2118 4445 privatim
2177 4391 2275 4445 ag-

624 4490 847 4543 gressa,
880 4474 1065 4536 Quam
1100 4471 1173 4524 ob
1204 4484 1465 4535 causam;
1500 4468 1604 4532 ait,
1640 4466 1742 4531 ﬁli,
1784 4465 2092 4536 capitalem
2145 4483 2274 4520 sen-

621 4562 863 4617 tentiam
894 4561 949 4613 in
981 4559 1175 4613 tboem
1204 4556 1634 4627 pronuntiasti?
1666 4554 1887 4608 Retulit
1910 4553 1996 4608 leo
2022 4572 2147 4623 quae
2172 4572 2276 4607 au-

625 4652 813 4705 dierat
844 4655 899 4703 et
930 4648 1188 4711 viderat;
1223 4650 1280 4701 et
1310 4644 1408 4699 illa
1443 4663 1454 4699 :
1489 4643 1826 4709 Festinasti,
1883 4642 1985 4709 ﬁli,
2023 4644 2271 4697 nimium

622 4741 677 4795 in
717 4758 774 4793 re
809 4737 1043 4793 maximi
1068 4735 1377 4802 momenti;
1412 4738 1466 4788 et
1491 4738 1778 4804 quantum
1815 4733 1869 4785 in
1908 4738 1963 4785 te
1997 4733 2274 4798 fuit,seraz

621 4830 727 4885 tibi
764 4827 1118 4901 poenitentiae
1147 4826 1200 4877 in
1235 4826 1414 4877 vitam
1446 4823 1726 4893 reliquam
1766 4821 1928 4874 triste
1964 4837 2274 4890 argumen-

620 4925 740 4974 tum
777 4915 1154 4988 comparasti.
1180 4913 1481 4967 Sustinere
1511 4918 1847 4983 oportuerat
1878 4917 1934 4964 et
1965 4912 2228 4963 cunctari
2257 4928 2270 4974 ;

621 5027 756 5065 nam
794 5007 1007 5062 mulier
1040 5022 1139 5075 per
1161 5004 1347 5057 virum
1384 5018 1559 5056 suum
1595 5000 1900 5066 stat,ﬁlins
1936 5016 2035 5070 per
2066 5016 2271 5069 paren-

621 5107 730 5159 tes,
765 5096 1093 5166 discipulus
1134 5111 1235 5165 per
1275 5093 1650 5163 magistrum,
1703 5090 1995 5142 exercitus
2030 5106 2130 5159 per
2161 5090 2270 5143 du-

620 5207 765 5250 cem,
803 5186 1053 5257 populus
1078 5202 1179 5252 per
1212 5200 1429 5253 regem,
1483 5196 1581 5234 rex
1634 5197 1734 5249 per
1782 5180 1991 5247 legem,
2036 5178 2126 5231 lex
2174 5196 2273 5249 per

622 5276 1019 5349 prudentiam,
1055 5273 1367 5344 prudentia
1399 5288 1500 5342 per
1548 5269 2024 5329 cunctationem;
2054 5276 2109 5321 et
2156 5268 2268 5320 ini-

619 5370 765 5421 tium
801 5363 1101 5436 sapientiae
1132 5362 1253 5431 regi
1288 5365 1397 5424 est,
1430 5375 1603 5414 nosse
1634 5358 1745 5411 sibi
1773 5357 2171 5426 subjectos,ac
2201 5358 2271 5410 de

617 5472 848 5523 quoque
878 5454 1142 5525 ipsorum
1176 5451 1510 5505 existimare
1546 5451 1719 5519 prout
1743 5462 1932 5500 mores
1963 5447 2089 5515 ejus
2109 5450 2267 5500 sunt.

620 5547 679 5600 Id
715 5545 761 5599 si
800 5545 1038 5609 faceres,
1092 5558 1205 5595 non
1254 5537 1552 5593 mirareris
1606 5536 1819 5606 probos
1869 5533 2192 5605 oppugnari
2239 5552 2269 5589 a

621 5633 1029 5704 nequissimis,
1064 5647 1167 5684 nec
1202 5630 1372 5683 Iidem
1421 5627 1489 5679 iis
1535 5626 1827 5678 tribueres
1882 5624 2099 5693 quibus
2132 5640 2268 5693 sup-

621 5724 795 5795 plicia
826 5722 1309 5776 debebas.Nonne
1342 5715 1671 5770 innumeris
1702 5712 2118 5783 experimentis
2143 5729 2267 5783 per-

2387 604 2503 652 tam
2546 600 2658 655 cito
2718 610 2951 673 propter
3014 607 3573 661 inverisimillimum
3618 610 3838 664 crimen
3886 612 4016 663 sub-

2386 692 2581 741 tractae
2614 694 2965 757 caruncula),
3009 696 3078 749 ad
3111 696 3463 751 delationem
3514 698 3857 751 :emuloruir.
3898 700 4023 767 ejus

2385 776 2602 831 scelere
2634 778 3036 849 flagrantium,
3070 800 3137 837 ex
3171 786 3374 839 fraude
3418 786 3777 857 perﬁdiaque
3806 788 4022 840 conﬂa-

2384 870 2605 933 torum,
2670 871 2841 923 morti
2900 872 3228 927 addixisti‘?
3301 860 3503 929 Nescis
3575 875 3820 945 capitale
3898 892 4020 930 esse

2382 956 2641 1024 regibus,
2676 957 2806 1011 aliis
2839 967 3201 1015 committere
3233 981 3356 1031 quae
3389 980 3589 1031 gerere
3621 982 3719 1035 per
3754 982 3881 1018 sese
3910 966 4019 1035 ipsi

2381 1044 2645 1099 debent?
2674 1046 2799 1101 Non
2836 1049 2994 1103 vides
3028 1052 3126 1119 qui
3161 1051 3362 1106 vinum
3420 1060 3650 1116 emunt,
3705 1071 3878 1122 quam
3932 1056 4018 1107 di-

2377 1131 2625 1203 ligenter
2657 1135 2821 1205 prius
2853 1138 3155 1207 explorent
3188 1139 3462 1204 colorem,
3496 1143 4025 1211 odorem,gustum,

2380 1238 2450 1274 ne
2481 1239 2599 1291 qua
2632 1225 2777 1293 ipsis
2810 1226 2971 1279 fraus
3006 1227 3151 1281 ﬁat?
3187 1234 3406 1297 quanto
3442 1231 3627 1299 magis
3660 1232 3823 1283 decet
3863 1246 4023 1299 reges

2380 1310 2781 1366 curiosissime
2809 1313 3086 1384 indagare
3119 1323 3332 1370 cuncta
3363 1316 3418 1370 in
3446 1320 3678 1387 negotio
3713 1320 3768 1371 in
3793 1334 3908 1387 quo
3937 1320 4023 1371 ni-

2379 1397 2458 1450 hil
2496 1399 2687 1453 minus
2721 1418 2899 1470 quam
2923 1404 3084 1473 regni
3120 1404 3282 1458 salus
3311 1404 3536 1473 agitur!
3574 1406 3840 1459 Minister
3870 1406 4021 1459 ﬁdus

2379 1503 2443 1539 ac
2489 1490 2745 1557 prudens
2789 1490 3094 1545 brachium
3145 1494 3411 1547 dextrum
3469 1494 3776 1564 principis,
3828 1496 4021 1565 reipu-

2380 1574 2541 1628 blicae
2590 1576 3023 1635 ﬁrmamentum
3069 1598 3135 1635 ac
3191 1580 3461 1635 columen
3510 1588 3617 1636 est.
3670 1588 3795 1637 Non
3846 1582 4025 1653 igitur

2378 1666 2679 1741 oportebat
2712 1672 2764 1721 te
2795 1666 2892 1721 alii
2929 1670 3103 1724 ﬁdere
3134 1670 3192 1723 in
3244 1672 3572 1738 cognitione
3623 1672 3755 1725 talis
3812 1688 4021 1739 causae,

2378 1755 2701 1822 ρτωδρτιίω
2734 1772 2889 1825 eum,
2926 1762 2989 1811 ut
3014 1758 3153 1825 dixi,
3191 1758 3352 1814 nulla
3381 1759 3893 1814 verisimilitudine
3916 1760 4020 1814 cri-

2300 1876 2345 1939 B
2381 1859 2508 1895 men
2543 1844 3090 1908 nitatur.0uomodo
3120 1848 3276 1901 enim
3310 1848 3409 1918 qui
3438 1849 3823 1919 temperantia
3846 1866 4021 1919 spon-

2382 1934 2551 1984 tanea
2582 1932 2759 2002 (quod
2792 1934 3069 1988 omnibus
3117 1941 3206 1988 est
3249 1936 3653 2004 notissimum)
3696 1939 3857 1991 omni
3908 1939 4020 1991 sibi

2380 2019 2680 2084 interdixit
2707 2038 2808 2075 esu
2842 2024 3132 2088 carnium,
3165 2025 3322 2079 credi
3348 2028 3530 2094 possit
3554 2026 3799 2079 ferinam
3819 2042 3848 2079 e
3869 2044 4017 2096 penu

2377 2111 2477 2160 tua
2510 2109 2916 2164 subtraxisse?
2948 2111 3123 2182 Finge
3156 2112 3293 2182 gula
3324 2115 3539 2167 victum
3580 2132 3593 2179 ;
3626 2115 3866 2169 deerant
3900 2133 4023 2168 ma-

2378 2195 2524 2251 cella
2570 2197 2869 2267 locupleti,
2914 2201 3159 2255 deerant
3217 2218 3463 2256 munera
3515 2203 3778 2258 certatim
3832 2205 4029 2257 oblata

2379 2291 2744 2355 venatorum,
2779 2305 2882 2357 per
2913 2306 3039 2358 quae
3072 2288 3379 2360 cupiditati
3412 2291 3820 2347 satisfaceret?
3850 2298 3917 2346 At
3944 2293 4029 2345 in-
4074 2290 4079 2296 ’

2382 2375 2553 2425 venta
2584 2373 2741 2426 domi
2772 2374 2900 2443 ejus
2934 2375 3113 2429 ferina
3144 2381 3244 2431 tua
3275 2377 3409 2431 est?
3458 2382 3676 2449 Nempe
3722 2382 3793 2433 ab
3828 2380 3901 2433 iis
3928 2379 4029 2449 qui

2384 2460 2494 2531 ipsi
2529 2462 2959 2528 subtraxerant,
2984 2464 3094 2535 ipsi
3122 2481 3188 2519 eo
3218 2466 3559 2532 intulerant,
3583 2474 3646 2522 ut
3677 2469 3871 2523 tboem
3898 2486 4032 2540 per-

2385 2551 2609 2607 derent.
2645 2557 2724 2608 An
2757 2560 2847 2609 est
2875 2556 3188 2611 obscurum
3235 2574 3440 2612 omnes
3484 2559 3629 2613 istos
3676 2560 3905 2613 invidiae
3937 2577 4029 2614 ra-

2386 2642 2477 2697 bie
2508 2642 2566 2696 in
2600 2659 2733 2697 eum
2770 2645 3003 2699 furere?
3034 2644 3248 2701 Vident
3285 2648 3557 2719 occupari
3606 2649 3676 2701 ab
3726 2666 3793 2703 eo
3839 2648 4034 2702 locum

2387 2747 2559 2800 quem
2592 2732 2703 2786 sibi
2731 2733 3041 2800 ambiunt;
3079 2752 3219 2805 opes
3251 2738 3403 2805 ejus,
3437 2737 3741 2801 honorem,
3778 2738 4037 2792 auctori-

2388 2825 2589 2887 tatem,
2623 2823 2779 2891 apud
2814 2826 2867 2876 te
2896 2822 3168 2893 gratiam,
3203 2824 3436 2895 propria
3471 2826 3821 2880 detrimenta
3854 2826 4042 2881 inter-

2386 2916 2694 2981 pretantur
2722 2954 2737 2979 ,
2771 2918 3033 2983 spectare
3064 2913 3366 2969 ﬂorentem
3416 2915 3577 2971 illum
3626 2922 3813 2971 morte
3865 2917 4039 2988 pejus

2386 3000 2610 3055 ducunt
2643 3017 2655 3054 :
2689 3000 2773 3055 sic
2802 3002 3026 3056 vulturi
3069 3008 3291 3073 partem
3338 3005 3638 3059 cadaveris
3690 3006 3919 3071 ferenti,
3953 3007 4039 3060 sic

2385 3091 2515 3145 cani
2550 3108 2683 3147 osse
2703 3096 2867 3163 rapto
2896 3094 3341 3165 fugienti,multi
3363 3096 3582 3151 circum
3607 3096 3832 3151 instant
3851 3096 4043 3151 vultu-

2387 3198 2479 3235 res
2519 3186 2577 3236 et
2625 3198 2799 3237 canes
2831 3180 2927 3236 alii
2988 3184 3238 3251 praedam
3272 3190 3618 3256 extorquere
3676 3190 4039 3257 satagentes.

2305 3240 2348 3306 C
2388 3271 2450 3324 In
2486 3286 2722 3325 summa
2752 3270 2836 3325 sic
2868 3270 3039 3339 habe,
3075 3272 3289 3328 bellum
3339 3290 3467 3328 esse
3520 3274 3948 3328 internecinum
3984 3278 4040 3329 et

2381 3359 2991 3431 implacabile,natura
3014 3367 3419 3434 comparatum
3450 3367 3624 3434 atque
3643 3364 4036 3417 commissum

2382 3446 2537 3502 inter
2568 3448 2867 3519 improbos
2908 3450 3175 3505 subditos
3220 3455 3278 3505 et
3315 3452 3534 3506 bonum
3583 3450 3932 3522 principem.
3967 3451 4034 3505 ln

2381 3552 2447 3590 eo
2479 3535 2632 3591 bello
2664 3538 2840 3591 cardo
2873 3538 3116 3609 periculi
3137 3542 3194 3593 et
3216 3555 3349 3610 spes
3372 3539 3621 3593 victoria:
3648 3540 3706 3592 in
3733 3539 4036 3593 ministro-

2383 3643 2513 3681 rum
2549 3626 2827 3696 qualitate
2862 3628 3106 3682 vertitur
3143 3646 3155 3683 :
3193 3628 3371 3682 vineit
3406 3630 3676 3698 princeps
3724 3629 3772 3682 si
3810 3628 4035 3681 mordi-

2381 3732 2486 3770 cus
2517 3720 2678 3771 tenet
2709 3714 3074 3771 consiliarios
3107 3717 3402 3788 sapientes
3447 3721 3504 3770 et
3553 3715 3754 3770 ﬁdeles
3787 3736 3801 3781 ;
3838 3716 3886 3769 si
3925 3732 4032 3786 pro

2382 3804 2601 3859 talibus
2634 3804 2933 3860 calumnia
2955 3805 3196 3860 extortis
3220 3811 3375 3861 artes
3396 3805 3666 3877 malignae
3690 3805 4031 3859 invidorum

2380 3893 2679 3965 improbos
2710 3895 3041 3966 inﬁdosque
3072 3894 3377 3950 ministros
3416 3894 3796 3960 obtruserint,
3830 3900 4033 3950 actum

2382 3982 2454 4036 de
2475 3998 2607 4053 rege
2634 3988 2720 4037 est
2753 3998 2765 4036 :
2800 3983 3063 4037 seditiosi
3116 3983 3187 4037 de
3241 3981 3343 4037 illo
3390 3998 3455 4036 ac
3502 3980 3767 4047 rebelles,
3805 3982 4035 4053 ingenti

2383 4071 2716 4141 reipublicae
2766 4074 2952 4139 clade,
3001 4072 3476 4143 triumphabant.
3525 4072 3713 4136 Quare
3759 4071 3817 4125 in
3870 4087 3940 4126 ea
3978 4089 4040 4127 re

2382 4166 2638 4214 extremo
2671 4166 2879 4214 conatu
2922 4160 3331 4229 decertare,sic
3352 4164 3633 4231 tanquam
3654 4176 3755 4231 pro
3778 4160 3899 4215 arie
3925 4178 4036 4232 pu-

2383 4252 2519 4318 gnet
2549 4253 2605 4303 et
2632 4248 2799 4317 focis,
2834 4249 3105 4321 princeps
3145 4249 3380 4321 sapiens
3430 4250 3621 4315 debet,
3676 4265 3747 4304 ne
3802 4250 4040 4305 idoneis

2384 4342 2711 4407 compertos
2743 4338 3111 4393 nocumentis
3136 4339 3346 4408 probos
3397 4354 3461 4392 ac
3506 4338 3751 4393 solertes
3784 4340 4043 4392 admini-

2385 4430 2537 4481 stros
2569 4426 2713 4497 eripi
2746 4427 2856 4481 sibi
2891 4426 3168 4498 patiatur,
3200 4430 3257 4482 et
3288 4432 3350 4481 ut
3382 4426 3439 4480 in
3465 4426 3675 4481 horum
3713 4428 4037 4497 perniciem

2383 4516 2637 4570 intentas
2671 4516 2974 4570 machinas
3010 4516 3408 4587 improbitatis
3458 4515 3712 4587 disjiciat
3760 4534 3825 4570 ac
3880 4518 4036 4571 tran-

2308 4597 2354 4660 D
2387 4610 2507 4676 gat.

2458 4728 2603 4784 VlIl.
2636 4733 2767 4785 meo
2798 4730 3050 4784 maxime
3084 4729 3283 4801 regina
3330 4730 3674 4795 disserente,
3727 4732 3969 4800 quidam
4011 4749 4044 4787 e

2385 4818 2711 4888 conjuratis
2743 4819 3084 4873 auctoribus
3115 4819 3639 4884 calumniae,sontis
3663 4822 4045 4875 conscientia:

2385 4908 2711 4961 convicium
2766 4926 2879 4962 non
2929 4910 3143 4977 ferens,
3204 4909 3454 4978 procidit
3503 4910 3571 4961 ad
3628 4912 3801 4979 pedes
3858 4914 4045 4981 regis,

2388 4998 2607 5065 Fateor,
2643 4996 2936 5067 inquiens,
2962 4998 3218 5059 domine,
3247 4997 3439 5052 scelus
3472 5015 3665 5051 meum
3704 5018 3714 5052 :
3751 5001 4043 5054 innocens

2384 5086 2516 5140 tbos
2549 5092 2636 5139 est
2669 5087 2935 5141 criminis
2967 5087 3241 5157 impacti;
3276 5102 3381 5157 ego
3416 5088 3655 5140 ferinam
3710 5104 3888 5157 quam
3927 5092 4039 5143 tibi

2382 5192 2753 5245 seposueras,
2787 5193 2818 5229 e
2850 5192 2999 5246 penu
3057 5182 3156 5230 tua
3205 5176 3453 5234 iuratus.
3501 5176 3556 5228 in
3610 5177 3739 5245 ejus
3787 5179 4038 5233 domum

2382 5264 2583 5319 detuli.
2620 5266 2737 5331 Ego
2771 5266 2923 5319 idem
2955 5265 3029 5317 ibi
3063 5281 3191 5319 eam
3225 5265 3321 5318 ubi
3355 5265 3779 5319 absconderem
3817 5271 4035 5337 reperi,

2382 5355 2649 5424 produxi,
2687 5360 2749 5407 ut
2788 5359 2863 5419 te,
2917 5356 3069 5424 quod
3123 5354 3386 5423 contigit,
3433 5355 3501 5407 ad
3552 5371 3683 5407 eum
3733 5356 4029 5411 damnan-

2382 5443 2524 5496 dum
2563 5442 2945 5513 impellerem.
2982 5444 3107 5497 Feci
3153 5442 3259 5496 hoc
3307 5449 3365 5496 et
3412 5442 3634 5497 malitia
3683 5446 3921 5515 propria
3968 5452 4033 5500 et

2384 5549 2563 5586 suasu
2616 5532 3017 5601 instinctuque
3067 5532 3479 5600 plerorumque
3537 5532 3857 5587 aulicorum
3924 5538 4028 5605 qui

2382 5622 2575 5674 tboem
2614 5622 2863 5690 pessime
2895 5622 3162 5685 oderunt,
3195 5622 3348 5691 quod
3404 5621 3505 5673 tibi
3557 5621 3793 5687 charus,
3843 5632 3901 5677 et
3935 5629 4032 5678 ni-

2384 5711 2596 5773 mium,
2634 5718 2697 5763 ut
2726 5710 2873 5780 ipsis
2903 5710 3153 5777 videtur,
3206 5710 3341 5764 felix
3381 5716 3469 5764 est
3520 5710 3751 5765 Miranti
3801 5716 3871 5766 ad
3909 5714 4038 5771 haec
