4226 6460
168 403 310 456 1345
1177 392 1537 446 SPECIMBN
1579 388 1984 444 summm
2025 393 2353 446 lNDORUM
2394 395 2550 445 var.
3433 395 3568 448 1346

164 527 312 597 regi,
346 529 402 578 et
435 527 594 577 tanto
628 521 757 589 plus
792 535 978 589 prono
1013 517 1083 571 ad
1121 513 1649 585 obtemperandum
1692 529 1817 566 mo.
1849 517 1898 579 Α
1925 515 2103 581 juriis
2137 515 2356 579 lzesere,
2392 516 2463 569 ab
2493 515 2566 568 iis
2601 532 2749 585 quos
2782 532 2840 570 re
2892 516 3165 570 familiari
3214 517 3562 587 spoliarunt,

167 615 311 669 nitis
347 611 568 678 matris,
607 610 704 663 illa
735 622 1002 663 sermone
1028 609 1351 675 resumpto,
1385 602 1526 656 Huic
1578 601 1812 672 quidem
1923 605 1994 656 ab
2027 604 2098 656 iis
2129 621 2272 672 quos
2295 605 2418 657 sine
2450 620 2628 658 causa
2660 604 2862 658 exsilio
2923 605 3304 669 mulctarunt,
3367 609 3437 661 ab
3494 608 3566 662 iis

167 704 327 758 ultro
361 700 651 772 proﬁtenti
682 697 1108 768 pcenitentiam,
1139 699 1326 765 potes,
1378 692 1585 761 inquit,
1651 692 1812 761 igno-
1924 707 2072 760 quos
2129 693 2477 746 fraudat-unt
2528 695 2791 747 mercede
2845 709 3031 762 opera:
3080 700 3179 746 aut
3229 696 3564 766 stipendiis,

169 808 354 853 scere,
414 794 653 844 caeteros
686 785 816 840 illos
847 800 1099 855 quorum
1150 787 1240 836 est
1296 779 1580 835 scelerata
1609 780 1817 849 depre—
1926 786 2200 850 praeterea
2233 782 2303 835 ab
2338 781 2548 848 avaris,
2592 783 2663 835 ab
2710 782 3176 851 inexplebilibus,
3212 784 3463 854 denique
3498 786 3569 838 ab

1925 866 2042 921 illis
2073 870 2168 937 qui
2203 869 2468 938 publicas
2503 871 2784 924 utilitates
2809 871 3038 940 propria
3061 873 3271 925 damna
3299 879 3571 944 reputan-

1925 957 2354 1026 tes,desperant
2382 976 2445 1012 se
2478 975 2646 1028 posse
2699 960 2842 1027 ﬁeri,
2888 959 2995 1012 nisi
3048 963 3344 1014 communi
3397 962 3572 1014 intor-

1925 1045 2336 1113 tunio,felices.
2375 1048 2486 1101 llos
2517 1064 2722 1101 omnes
2747 1048 3016 1118 princeps
3041 1051 3275 1119 sapiens
3307 1050 3565 1105 hostium

1924 1133 2048 1188 loco
2083 1134 2294 1189 habere
2328 1153 2359 1189 a
2401 1152 2582 1206 seque
2632 1152 2923 1190 removere
2977 1137 3319 1207 longissime
3378 1140 3564 1192 debet.

1927 1221 2043 1275 Etsi
2073 1222 2227 1277 enim
2251 1224 2424 1294 culpa
2455 1230 2662 1278 vacant
2693 1225 2884 1294 priora
2917 1230 3165 1295 quatuor
3206 1243 3442 1297 genera,
3491 1233 3571 1281 ta-

1929 1326 2060 1364 men
2096 1328 2344 1382 magnus
2377 1311 2539 1366 dolor
2568 1329 2636 1367 ex
2666 1314 2881 1366 damno
2915 1315 3069 1383 quod
3104 1321 3243 1368 sunt
3297 1315 3451 1384 passi
3483 1332 3572 1369 ve-

1930 1399 2251 1454 risimiliter
2303 1399 2436 1455 illos
2468 1401 2800 1456 stimularet
2830 1403 2900 1455 ad
2937 1419 3048 1457 non
3076 1403 3484 1467 omittendam,
3521 1403 3570 1456 si

170 882 356 935 hensa
386 877 578 943 coitio,
630 877 697 929 ad
740 890 924 928 unum
984 872 1264 925 interfice.
1317 870 1430 923 Nec
1481 875 1819 923 contemnas

171 966 634 1021 imbecillitatem
672 964 1108 1034 plerorumque,
1160 975 1293 1012 nam
1330 958 1434 1012 etsi
1488 957 1616 1011 fcno
1676 954 1819 1009 nihil

173 1056 485 1119 humilius,
545 1050 1030 1118 nihilinﬁrmius,
1082 1053 1276 1102 tamen
1331 1063 1400 1100 ex
1449 1062 1514 1100 eo
1547 1045 1819 1114 manipu-

171 1145 338 1199 latim
374 1144 584 1197 intorto
619 1141 785 1195 funes
813 1142 1131 1193 nectuntur
1179 1135 1277 1205 qui
1328 1136 1499 1189 etiam
1545 1133 1819 1202 elephan-

173 1239 260 1287 tes
289 1232 568 1301 alligent;
616 1229 809 1283 thoem
843 1243 976 1280 vero
1013 1226 1208 1280 statim
1237 1241 1443 1278 censeo
1477 1223 1532 1276 in
1571 1223 1820 1292 priorem

173 1320 452 1376 restituas
477 1317 718 1374 honoris
750 1317 1023 1387 gradum,
1049 1313 1273 1383 tibique
1304 1312 1462 1366 omni
1497 1327 1603 1382 ope
1637 1310 1824 1364 conci-

173 1410 480 1464 lies.Tunc
512 1407 598 1462 leo
634 1424 646 1460 :
703 1405 932 1460 Faciam
965 1403 1118 1473 quod
1164 1403 1362 1472 jubes,
1407 1406 1611 1464 mater,
1647 1399 1821 1453 etiam

178 1515 311 1554 mea
341 1502 588 1569 sponte;
625 1511 757 1550 nam
802 1498 1045 1564 purgata
1075 1490 1394 1556 calumnia,
1430 1489 1735 1558 revigescit
1769 1488 1822 1540 in

181 1604 313 1642 meo
343 1586 541 1642 animo
574 1583 829 1638 charitas
887 1581 944 1634 in
988 1581 1204 1644 thoem,
1237 1579 1410 1649 cujus
1469 1578 1644 1631 etiam
1697 1593 1826 1645 pro-

173 1675 493 1731 videntiam
529 1673 820 1737 recordor,
856 1671 976 1724 haec
1023 1687 1150 1740 qua:
1196 1669 1571 1737 contigerunt
1623 1665 1823 1736 praevi-

1931 1504 2191 1559 unquam
2227 1497 2576 1552 occurreret,
2635 1496 2735 1544 aut
2777 1491 2953 1546 etiam
3005 1491 3155 1546 ultro
3200 1493 3573 1562 quaerendam

1931 1579 2400 1648 captandamque
2457 1580 2822 1634 occasionem
2882 1580 3143 1636 ultionis.
3201 1581 3338 1636 Sine
3394 1581 3576 1653 igitur

1934 1667 2199 1721 recedere
2231 1683 2323 1721 me
2356 1668 2412 1720 in
2447 1668 2668 1722 dudum
2704 1675 2959 1738 optatam
2994 1669 3398 1736 solitudinem,
3432 1688 3575 1741 prae-

173 1764 392 1831 dentis,
423 1769 481 1818 et
514 1762 654 1817 mihi
688 1759 1057 1831 suggerentis
1094 1756 1262 1811 utilia
1308 1756 1677 1826 praecavendo
1735 1772 1826 1808 er-

1934 1755 2135 1809 sertim
2167 1772 2300 1809 cum
2334 1757 2718 1825 opportunior
2748 1757 3022 1828 deinceps
3055 1775 3230 1828 quam
3268 1759 3429 1828 prius
3482 1775 3574 1812 ca-

173 1855 315 1923 rori,
342 1851 451 1907 nisi
476 1852 616 1906 laeva
649 1867 815 1904 mens
848 1849 1070 1902 fuisset.
1111 1847 1434 1917 Rogaverat
1464 1845 1644 1909 enim,
1682 1848 1745 1897 ut
1777 1843 1824 1896 si
1859 1877 1906 1940 Β
1934 1842 2178 1898 lumniis
2209 1845 2321 1898 sim
2356 1845 2588 1899 futurus
2623 1863 2998 1915 perseverans
3031 1850 3085 1900 in
3123 1847 3466 1902 ministerio.
3494 1848 3582 1902 Si-

177 1945 416 2014 quando
440 1941 675 2012 aliquod
711 1943 840 2010 ejus
869 1937 1086 1992 crimen
1121 1937 1444 1989 deferretur
1476 1936 1542 1988 ad
1583 1950 1828 1995 me,sus-

175 2034 427 2088 tinerem
453 2031 745 2102 judicium
773 2044 953 2097 usque
994 2027 1065 2080 ab
1099 2024 1536 2095 inquisitionem
1575 2022 1826 2091 plenam,

177 2122 362 2193 quod,
388 2120 501 2175 heu
538 2117 662 2174 me!
699 2135 814 2172 non
849 2117 980 2179 feci,
1015 2116 1113 2169 sed
1149 2114 1358 2168 faciam
1393 2113 1440 2167 si
1491 2112 1636 2166 alias
1689 2127 1830 2166 usus

185 2212 408 2266 incidet
441 2226 454 2265 :
489 2209 639 2264 serio
670 2209 825 2262 enim
861 2205 1098 2276 pmnitet
1157 2208 1272 2257 tam
1331 2202 1613 2256 damnose
1671 2200 1830 2254 festi-

183 2316 384 2354 nasse.
415 2299 515 2352 His
544 2297 714 2351 dictis
747 2293 1051 2349 confestim
1086 2292 1197 2347 sibi
1231 2291 1362 2345 sisti
1402 2290 1586 2359 jussit
1637 2289 1832 2343 thoem

183 2388 527 2456 liberum,et
562 2384 892 2455 insignibus
925 2386 1196 2435 ornatum
1231 2379 1536 2448 dignitatis
1553 2377 1830 2448 pristinae;

186 2494 362 2549 quem
401 2476 783 2547 amplectens,
818 2473 1170 2536 Erravimus,
1206 2469 1416 2539 inquit.
1451 2469 1549 2522 sed
1584 2467 1836 2521 circum-

188 2565 352 2621 venti
381 2564 534 2619 dolis
567 2561 756 2616 malis.
793 2561 1097 2632 Sapienter
1122 2576 1155 2612 a
1185 2564 1238 2612 te
1271 2557 1613 2628 praemonita
1645 2557 1838 2608 incon-

189 2655 345 2710 sulte
379 2653 781 2724 negleximus;
814 2666 1015 2704 verum
1049 2648 1146 2701 icti
1175 2648 1606 2718 sapiemus,nec
1639 2647 1707 2699 de
1739 2661 1840 2698 eae-

191 2752 319 2800 tero
371 2743 443 2798 ab
495 2739 830 2796 istiusmodi
891 2738 1120 2792 insidiis
1182 2734 1504 2808 periculum
1565 2735 1666 2788 tibi
1731 2741 1837 2789 est.

191 2839 377 2904 Perge
407 2847 650 2887 securus
685 2827 940 2883 ferendis
963 2843 1027 2880 ac
1052 2824 1373 2897 partiendis
1408 2824 1713 2878 nobiscum
1739 2841 1840 2876 cu-

195 2923 278 2977 ris
307 2918 558 2992 imperii.
589 2918 691 2973 Cui
725 2918 877 2971 thos.
911 2913 1176 2970 Uttalem
1214 2931 1304 2969 me
1355 2915 1582 2986 probes,
1631 2913 1844 2984 inquit,

198 3010 436 3082 qualem
468 3009 581 3063 ista
612 3006 949 3079 dignatione
981 3005 1212 3060 credere
1245 3003 1527 3069 ostendis,
1571 3002 1677 3057 hoc
1737 3007 1847 3072 est,

197 3100 308 3155 tibi
342 3099 524 3153 ﬁdum
565 3101 621 3152 et
671 3095 976 3152 verissime
1037 3093 1400 3161 benevolum,
1453 3092 1591 3146 audi
1652 3109 1846 3146 meum

199 3187 544 3255 consilium,
577 3191 635 3240 et
666 3185 749 3240 sic
798 3184 967 3248 habe,
1004 3181 1147 3237 nihil
1179 3198 1308 3237 esse
1359 3181 1550 3252 magis
1592 3180 1848 3236 salutare

199 3278 440 3348 regibus
473 3292 650 3347 quam
678 3272 1051 3329 subditorum
1084 3271 1306 3326 sincere
1339 3270 1597 3325 ﬁdelium
1632 3270 1847 3324 admit-

199 3372 323 3421 tere
358 3365 539 3419 lihera
569 3362 792 3418 monita
806 3367 862 3416 et
881 3377 1081 3415 eorum
1108 3359 1590 3431 suggestionibus
1604 3359 1844 3414 deferre.

198 3457 330 3522 Aio,
364 3472 477 3510 non
501 3452 768 3524 expedire
798 3451 905 3506 tibi
967 3467 1057 3504 me
1116 3449 1367 3520 amplius
1420 3449 1625 3504 intimo
1684 3449 1848 3503 mini-

200 3545 385 3599 sterio
417 3544 648 3607 habere,
685 3539 831 3594 mihi
882 3538 1136 3608 amplius
1198 3539 1394 3590 ﬁdere.
1458 3537 1637 3606 Reges
1696 3537 1849 3590 enim

200 3638 435 3705 oportet
460 3631 568 3686 sibi
605 3646 805 3685 cavere
839 3629 909 3683 ab
959 3628 1029 3681 iis
1062 3643 1210 3697 quos
1266 3625 1714 3680 vehementibus
1761 3625 1848 3678 in-

1938 1933 2175 2003 quidem
2210 1934 2461 1988 conﬂata
2493 1936 2701 1989 iterum
2736 1936 2913 2005 (quod
2969 1935 3132 1990 vitari
3193 1937 3414 2007 nequit)
3452 1936 3577 2007 pari

1938 2021 2074 2075 huic
2107 2024 2162 2074 in
2199 2038 2286 2076 me
2320 2021 2565 2076 coitione
2606 2023 3005 2093 improborum
3056 2023 3218 2078 falsis
3275 2042 3366 2078 me
3427 2025 3586 2079 testi-

1942 2110 2154 2166 moniis
2185 2111 2920 2181 oppugnantium,accedet
2952 2114 3054 2167 tibi
3089 2131 3238 2168 nova
3267 2126 3448 2170 causa
3478 2115 3582 2169 cri-

1941 2200 2281 2254 minationis
2314 2200 2688 2255 admittenda:
2719 2203 3161 2273 credendisque,
3196 2204 3349 2273 quod
3395 2205 3588 2258 existi-

1943 2306 2102 2343 mare
2137 2290 2342 2344 merito
2376 2290 2589 2361 poteris
2638 2292 2922 2347 memoria
2952 2309 3044 2346 me
3076 2293 3304 2362 injuriae
3337 2300 3581 2364 acceptae

1945 2378 2120 2447 priori
2179 2379 2554 2433 damnatione
2584 2381 2655 2434 ad
2703 2380 2806 2434 tibi
2861 2383 3187 2440 nocendum
3253 2382 3585 2436 incitatum.

1946 2470 2044 2521 llic
2077 2469 2411 2532 rex,iterum
2438 2468 2798 2538 amplectens
2828 2470 3046 2534 thoem,
3081 2473 3242 2539 Vera,
3279 2472 3489 2540 inquit,
3528 2473 3582 2524 in

1947 2556 2076 2610 aliis
2109 2557 2217 2611 ista
2250 2560 2368 2611 sint
2398 2574 2525 2627 qua:
2549 2558 2764 2628 allegas
2794 2576 2806 2612 :
2840 2564 2938 2612 tua
2969 2560 3388 2625 sincerissima,
3417 2561 3580 2614 boni-

1945 2651 2038 2700 tas
2066 2645 2209 2699 mihi
2236 2649 2593 2716 perspectior
2623 2653 2711 2701 est
2749 2665 2920 2718 quam
2973 2654 3036 2702 ut
3085 2665 3435 2719 quocunque
3487 2667 3590 2704 no-

1952 2736 2107 2789 mine
2139 2740 2446 2806 suspectus
2479 2753 2738 2806 unquam
2771 2753 2901 2791 esse
2956 2739 3146 2808 possis
3188 2744 3288 2793 aut
3336 2740 3588 2806 debeas;

1952 2841 2023 2879 ne
2047 2842 2215 2896 porro
2246 2825 2377 2890 ista,
2414 2827 2567 2880 unde
2596 2826 2849 2881 intentas
2885 2827 3027 2881 mihi
3071 2834 3315 2895 metum,
3364 2828 3590 2897 injuriae

1952 2915 2235 2969 memoria
2269 2914 2325 2968 in
2360 2919 2414 2969 te
2463 2916 2731 2982 resideat,
2783 2917 3035 2971 efﬁciam
3088 2917 3385 2972 beneﬁciis
3437 2917 3586 2971 mul-

1954 3003 2286 3073 tiplicandis
2315 3005 2530 3074 quibus
2562 3005 2722 3058 illam
2746 3006 3169 3061 autobliterem
3201 3016 3303 3062 aut
3325 3009 3593 3076 obruam;

1955 3096 2015 3144 tu
2049 3108 2165 3161 qua
2209 3093 2320 3147 ﬁde
2366 3094 2615 3164 cmpisti,
2649 3111 2822 3165 perge
2854 3095 2996 3149 mihi
3029 3100 3085 3150 et
3111 3096 3443 3166 reipublicae
3496 3113 3596 3150 na-

1956 3197 2088 3235 vare
2121 3197 2377 3252 operam,
2412 3182 2620 3253 majori
2645 3184 2818 3238 etiam
2861 3201 3037 3255 quam
3071 3185 3355 3240 hactenus
3386 3184 3597 3240 alacri-

1954 3274 2092 3324 tate.
2125 3271 2454 3326 Restitutus
2485 3273 2619 3326 inde
2646 3272 2779 3328 thos
2810 3280 2902 3328 ost
2933 3273 2992 3328 in
3015 3274 3273 3344 pristinae
3306 3274 3604 3346 fastigium

1959 3358 2286 3428 dignitatis,
2321 3361 2539 3431 ingenti
2571 3365 2627 3416 et
2659 3361 2896 3418 honoris
2939 3369 2996 3417 et
3027 3363 3229 3435 gratiae
3262 3369 3599 3435 augmento,

1961 3448 2184 3518 talique
2210 3449 2472 3521 exemplo
2505 3450 3070 3522 declaratum.posse
3102 3452 3400 3508 interdum
3444 3457 3599 3509 recte

1963 3553 2126 3608 reges
2150 3538 2318 3592 inniti
2353 3555 2592 3595 securos
2624 3541 3006 3596 reconciliatae
3031 3543 3194 3612 prius
3219 3559 3249 3597 a
3281 3559 3342 3597 se
3373 3548 3602 3598 vexato-

1964 3641 2095 3681 rum
2129 3628 2564 3685 benevolentiae.

1309 3880 1467 3939 DIS‘"
1488 3880 1820 3939 ERTATIO
1866 3881 2356 3940 PAHABOLICA
2403 3883 2504 3942 XI.

207 3998 401 4071 Quam
436 4004 613 4073 turpe
639 3993 716 4051 sit
736 3990 979 4068 ingrati
1003 3986 1193 4047 animi
1222 3984 1442 4046 vitium
1473 3987 1529 4044 in
1561 3986 1791 4123 hominis
1834 3996 2125 4076 monstrat
2154 3988 2423 4068 exemplo
2455 3987 2865 4063 bestiarum,et
2895 3991 2969 4051 ab
2999 4011 3062 4051 eo
3104 3991 3363 4052 deterret
3383 4012 3608 4073 prope.

1625 4086 1747 4123 nos:
1781 4086 1815 4123 a
1844 4086 1973 4123 em:
2003 4087 2198 4123 Dama.

1620 4086 1815 4145 posita
1844 4086 1973 4145 ejus
1996 4087 2198 4146 paena.

285 4209 532 4281 Rogavit
568 4209 701 4262 inde
733 4204 1281 4279 gymnosophistam
1305 4217 1401 4254 rex
1423 4198 1865 4266 Abessalomus,

211 4309 278 4353 ut
339 4300 600 4353 indicare
649 4296 759 4351 sibi
814 4312 884 4349 ne
945 4297 1282 4363 gravaretur
1341 4289 1431 4342 cui
1492 4288 1863 4358 potissimum

209 4386 496 4461 goneri,et
529 4401 645 4457 quo
677 4384 929 4440 maxime
950 4383 1239 4447 merito,et
1256 4377 1570 4450 gratificari
1604 4381 1660 4430 et
1689 4377 1865 4430 ﬁdere

212 4495 379 4548 reges
397 4477 665 4530 debeant.
698 4479 884 4544 Super
904 4489 970 4527 eo
1003 4478 1370 4541 argumento,
1405 4472 1705 4537 resumpto
1737 4483 1860 4520 ser-

214 4584 412 4630 mone,
436 4563 922 4636 gymnosophista
951 4561 1274 4631 disputavit
1301 4557 1358 4610 in
1393 4556 1547 4610 hunc
1580 4556 1817 4610 modum
1847 4571 1858 4607 :

1978 4201 2072 4254 ubi
2107 4207 2300 4255 autem
2351 4204 2643 4273 ingratum
2691 4203 2946 4274 aliquem
2998 4221 3096 4259 rex
3145 4204 3615 4275 deprehenderit,

1978 4291 2268 4344 amovebit
2300 4309 2332 4344 a
2364 4292 2607 4345 seillum
2634 4292 2791 4346 omni
2816 4293 3059 4360 ratione,
3083 4293 3382 4364 siquidem
3408 4293 3616 4364 sapiet,

1977 4393 2081 4430 nec
2116 4377 2290 4433 ullam
2325 4397 2583 4451 unquam
2609 4381 2707 4434 tali
2762 4385 2984 4452 partem
3040 4381 3172 4436 ﬁdei
3213 4382 3448 4437 tribuet.
3503 4381 3620 4438 Hoc

1976 4473 2193 4520 natura:
2221 4468 2404 4538 ipsius
2425 4485 2553 4523 esse
2576 4469 2868 4538 judicium
2903 4470 3099 4524 bestia:
3131 4469 3187 4524 in
3222 4469 3329 4525 hoc
3354 4470 3619 4542 exemplo

1975 4557 2241 4610 docuere.
2276 4557 2564 4611 Foderant
2597 4559 2651 4611 in
2688 4576 2824 4629 agro
2856 4559 3108 4629 quodam
3145 4560 3346 4614 rustici
3395 4559 3617 4614 foveam

292 4659 334 4710 l.
372 4635 698 4709 Benelicum
741 4669 872 4707 esse
921 4667 1112 4722 regem
1166 4646 1437 4702 convenit
1465 4645 1520 4698 in
1555 4651 1752 4715 gratos
1810 4650 1866 4697 et
1898 4635 1940 4697 D
1973 4643 2123 4699 leoni
2155 4645 2280 4700 loca
2313 4646 2410 4699 illa
2442 4646 2740 4701 infestanti
2773 4648 3076 4718 capiendo.
3111 4648 3324 4703 Verum
3371 4649 3428 4704 in
3471 4648 3622 4702 hanc

215 4744 502 4801 beneﬁcio
533 4742 768 4814 dignos,
803 4756 1012 4812 neque,
1039 4743 1103 4793 ut
1134 4753 1283 4808 saepe
1312 4733 1707 4804 ﬁt,eﬁ'undere
1740 4733 1866 4788 sine

216 4834 450 4890 delectu
475 4848 614 4902 opes
649 4829 916 4902 publicas
938 4829 998 4882 in
1030 4824 1501 4896 consanguineos
1524 4828 1579 4876 et
1602 4823 1869 4894 privatim

216 4923 331 4980 sibi
367 4922 906 4990 charos,utcunque
931 4919 1057 4989 jam
1092 4916 1146 4970 hi
1171 4914 1289 4970 sint
1319 4912 1550 4978 divites,
1583 4928 1867 4984 pauperes

218 5017 422 5069 autem
464 5015 841 5066 contemnere
877 5025 890 5062 :
923 5022 1124 5061 verum
1173 5021 1241 5058 ex
1283 5002 1377 5056 his
1429 5001 1528 5073 qui
1580 5000 1868 5055 observati

215 5102 442 5159 fuerint
491 5099 716 5170 judicio
769 5095 1009 5168 pollere,
1068 5097 1461 5166 praestareque
1537 5090 1870 5162 prudentia,

211 5190 497 5248 honorari
528 5207 562 5244 a
593 5187 860 5261 principe
884 5184 1178 5256 ditarique
1211 5180 1557 5237 muneribus
1616 5185 1867 5251 oportet.

214 5290 337 5340 Prae
370 5281 595 5336 caeteris
627 5283 825 5333 autem
858 5291 1056 5331 amore
1085 5291 1150 5329 ac
1208 5270 1593 5327 beneﬁcentia
1620 5271 1872 5341 comple-

215 5371 415 5430 ctendi
449 5375 607 5435 sunt,
634 5349 734 5440 qui
767 5384 828 5422 se
864 5366 1031 5420 tactis
1067 5363 1372 5436 probarint
1401 5364 1648 5432 acceptas
1671 5360 1872 5431 gratia:

221 5478 517 5518 memores
547 5464 604 5515 et
634 5459 692 5513 in
725 5455 1030 5513 occasione
1071 5451 1425 5525 rependendi
1481 5450 1670 5505 meriti
1731 5451 1872 5504 ﬁde-

219 5552 356 5607 liter
378 5549 612 5606 sedulos
650 5566 661 5602 :
698 5566 728 5601 ει
759 5545 980 5601 talibus
1025 5543 1179 5598 enim
1234 5549 1491 5612 tempore
1541 5557 1647 5594 suo
1697 5540 1875 5611 duplo

222 5646 563 5713 exspectare
593 5639 776 5692 vicem
811 5634 984 5691 officii
1017 5632 1228 5706 poterit
1278 5631 1364 5701 (ut
1422 5629 1578 5684 enim
1637 5629 1872 5700 quidam

225 5732 309 5788 ait
332 5729 699 5802 sapientum:
724 5725 902 5781 Homo
924 5722 1150 5779 homini
1181 5735 1488 5776 occursum
1523 5718 1831 5787 teneretur)
1859 5739 1873 5788 ;

1982 4734 2216 4788 incaute
2249 4734 2378 4789 illac
2425 4743 2631 4791 euntes
2692 4737 3026 4792 inciderunt
3086 4737 3340 4808 primum
3399 4737 3623 4792 aurifex

1978 4824 2239 4893 quidam,
2275 4824 2484 4879 deinde
2532 4826 2764 4891 simius,
2797 4843 2929 4880 mox
2985 4827 3183 4894 draco,
3217 4831 3514 4898 postremo
3567 4831 3626 4880 et

1981 4929 2240 4983 serpens.
2275 4915 2657 4984 Conspicatus
2689 4914 2745 4968 id
2802 4915 2944 4970 forte
2984 4931 3053 4970 ex
3099 4915 3290 4970 vicina
3337 4914 3463 4971 loco
3505 4913 3621 4969 cel-

1982 5002 2118 5069 lula,
2171 5019 2285 5072 quo
2335 5003 2650 5057 diversorio
2690 5004 2913 5058 dudum
2975 5005 3267 5073 utebatur,
3327 5003 3626 5058 solitarius

1981 5090 2218 5160 aliquis,
2248 5092 2335 5144 vir
2367 5092 2576 5147 bonus.
2614 5093 2716 5162 En,
2752 5092 2963 5163 inquit,
3029 5092 3127 5147 ille
3170 5093 3371 5148 infelix
3429 5092 3625 5161 homo,

1982 5186 2190 5251 praeter
2230 5180 2621 5236 calamitatem
2684 5199 2877 5250 casus,
2910 5182 3084 5236 etiam
3120 5199 3153 5238 ιι
3179 5184 3430 5238 dracone
3452 5187 3627 5253 atque

1983 5285 2174 5340 angue
2205 5271 2490 5324 devolutis
2524 5271 2723 5326 eodem
2759 5269 3158 5341 periclitatur;
3194 5289 3307 5328 non
3358 5272 3628 5328 omittam

1986 5358 2352 5413 occasionem
2386 5360 2683 5414 servandae
2717 5361 2925 5415 animae
2963 5365 3024 5415 et
3071 5362 3356 5417 mercedis
3406 5365 3632 5417 interna

1985 5447 2085 5502 tali
2119 5449 2609 5519 operipropositae
2647 5449 2957 5504 lucrandis.
3016 5449 3098 5504 lta
3154 5449 3251 5505 ille
3311 5466 3510 5506 secum
3566 5465 3634 5504 ac

1989 5553 2118 5592 mox
2150 5542 2386 5592 strenue
2420 5554 2766 5609 progressus
2811 5539 2881 5593 ad
2957 5554 3118 5593 oram
3181 5541 3375 5608 fovere,
3436 5541 3634 5594 funem

1988 5628 2246 5696 demisit,
2275 5628 2598 5684 inclamans
2635 5627 2953 5697 homini,ut
2983 5627 3146 5684 illum
3180 5630 3482 5702 arriperet,
3509 5631 3638 5701 ejus

1992 5733 2098 5789 ope
2131 5717 2664 5775 extrahendus.Sed
2698 5719 3125 5791 praeoccupavit
3153 5717 3308 5776 saltu
3337 5717 3550 5777 simius
3581 5721 3639 5774 et
