4248 6442
636 420 771 473 1347

2163 412 2553 465 APPBNDIX.

3922 409 4060 462 1358

627 542 876 595 eductus
933 540 1160 610 primus
1207 542 1320 606 est,
1382 535 1627 592 secundi
1673 537 1867 603 jactus
1927 531 2281 587 beneﬁcium
2313 535 2366 599 Α
2401 531 2460 584 in
2493 531 2733 585 domum
2760 548 2929 586 suam
2954 530 3814 601 quicorriperent,reperturos
3842 530 3903 585 in
3928 532 4058 599 ejus

629 631 803 684 draco
862 627 1186 699 praeripuit,
1248 630 1311 679 ut
1369 640 1609 695 serpens
1667 622 1861 678 tertii:
1905 637 2033 692 quae
2077 636 2282 675 omnes

629 719 850 773 educta:
884 717 1083 772 bestia
1118 715 1265 769 miro
1298 714 1507 769 affectu
1542 710 1763 783 gratias
1790 710 2046 765 eremitaa
2069 706 2281 763 refere-

629 808 791 873 bant,
837 806 1121 861 addentcs
1167 809 1223 859 et
1272 802 1607 870 consilium,
1665 802 1832 871 cujus
1879 797 1974 853 ille
2028 795 2284 869 neglecti

628 912 832 969 poenas
863 895 999 950 tulit
1034 912 1046 948 :
1079 894 1161 949 Ne
1191 907 1384 959 cures,
1416 891 1785 963 inquiebant,
1822 888 2148 955 hominem,
2179 884 2283 957 qui

632 990 902 1057 superest
935 985 992 1038 in
1023 984 1207 1050 fovea,
1246 981 1478 1048 tollere;
1514 980 1826 1049 malignam
1872 978 2056 1033 viCem
2110 977 2284 1031 bene-

630 1075 761 1130 ﬁcio
795 1074 1158 1129 reddetznam
1187 1089 1293 1127 nos
1318 1071 1480 1126 illum
1500 1069 1971 1141 ingratissimum
1990 1066 2282 1122 novimus.

632 1164 858 1234 Abjecit
888 1180 990 1234 pro
1023 1179 1083 1218 se
1107 1162 1318 1218 simius
1355 1178 1366 1215 :
1401 1161 1518 1231 Ego
1560 1159 1820 1214 diversor
1851 1158 1908 1212 in
1940 1156 2283 1212 suburbano

633 1253 887 1308 civitatis
920 1253 1145 1306 Zanzur
1173 1269 1185 1317 ;
1223 1251 1269 1305 si
1304 1264 1418 1321 qua
1449 1254 1503 1303 te
1536 1246 1674 1303 illuc
1708 1262 1969 1317 unquam
2029 1247 2279 1317 peregri-

630 1347 833 1397 natum
866 1358 1043 1396 eausa
1073 1337 1602 1409 tulerit,cxperiere
1626 1352 1718 1391 me
1735 1345 1847 1391 non
1872 1336 2283 1389 immemorem

630 1430 1037 1504 gratias.Paria
1068 1430 1243 1484 draco
1276 1434 1333 1482 et
1365 1440 1609 1499 serpens
1642 1420 1886 1497 polliciti
1920 1424 2001 1507 (in
2037 1420 2282 1479 domici-

629 1519 776 1574 lium
818 1520 1111 1574 habebant
1148 1517 1206 1571 in
1256 1516 1443 1571 muris
1478 1513 1743 1585 ejusdem
1778 1513 2151 1583 civitatis),ad
2177 1524 2285 1566 sua

633 1608 854 1680 quique
886 1610 1276 1663 recesserunt.
1302 1604 1631 1659 Novissime
1682 1602 1946 1658 omnium
1991 1598 2284 1655 extractus

633 1713 663 1752 e
696 1697 825 1752 lacu
863 1696 1106 1763 aurifex,
1129 1701 1188 1751 et
1217 1696 1343 1766 ipse
1368 1694 1590 1765 gratias
1625 1691 1922 1746 liberatori
1950 1688 2089 1761 egit,
2123 1706 2188 1743 ac
2220 1704 2282 1744 se

633 1787 937 1857 professus
994 1786 1053 1840 in
1104 1785 1248 1839 urbe
1297 1784 1524 1838 Zanzur
1582 1778 1823 1836 domum
1882 1783 1938 1835 et
1995 1769 2280 1834 familiam

2396 620 2670 675 manibus
2693 618 2881 691 spolia
2912 617 3139 691 puellm,
3185 619 3398 675 monile
3426 636 3495 674 ac
3525 618 3884 674 murasnulas
3905 636 4056 690 quas

2396 708 2496 762 illa
2525 709 2721 764 vivens
2753 714 3098 779 gestaverat.

2468 796 2565 853 lll.
2596 798 3069 870 Comprehensos
3090 798 3292 854 fraude
3317 797 3570 870 hospitis
3598 799 3905 854 solitarius
3928 795 4052 869 regi

2395 887 2646 959 sistitur,
2680 889 2779 960 qui
2803 890 2925 944 viso
2959 898 3165 961 torque
3212 887 3269 944 et
3325 886 3576 953 armilis,
3636 887 3845 944 audire
3906 880 4055 943 nihil

2394 975 2695 1031 sustinens
2713 977 2969 1047 torqueri
2986 973 3347 1031 cruciatibus
3360 974 3758 1031 acerbissimis
3773 971 4053 1031 miserum

2388 1064 2590 1134 jussit,
2634 1065 2785 1121 inter
2816 1066 3017 1137 plagas
3048 1071 3103 1121 et
3126 1070 3419 1121 tormenta
3444 1066 3553 1121 hoc
3585 1066 3782 1121 solum
3834 1066 4055 1121 vocife-

2393 1156 2619 1209 rantem
2658 1170 2669 1209 :
2704 1152 2830 1209 Non
2873 1154 2994 1209 haec
3046 1158 3273 1226 paterer
3330 1156 3379 1209 si
3438 1154 3640 1221 simio,
3694 1150 3936 1210 draconi
3997 1152 4054 1209 et

2395 1242 2649 1314 serpenti
2709 1242 3114 1299 credidissem.
3195 1241 3651 1299 Nundinabatur
3708 1245 3861 1299 inter
3931 1244 4053 1298 haec

2394 1348 2637 1403 serpens
2659 1348 2763 1404 per
2780 1332 3012 1387 hortum
3030 1339 3087 1388 et
3114 1333 3262 1387 atria
3279 1332 3477 1404 palatii
3492 1333 3755 1389 omnium
3780 1334 4049 1405 ignarus,

2395 1424 2630 1493 quando
2663 1424 2867 1479 audita
2895 1424 3215 1495 agnitaque
3246 1440 3384 1479 voce
3410 1424 3502 1479 sui
3554 1422 3889 1480 liberatoris
3938 1420 4049 1481 sub

2395 1510 2581 1583 plagis
2612 1514 2972 1568 immanibus
3001 1509 3439 1585 gementis,acri
3472 1530 3649 1569 sensu
3682 1509 3834 1587 grati
3862 1516 4051 1570 animi

2393 1602 2693 1672 quaerebat
2723 1617 3071 1674 secum,qua
3101 1602 3156 1656 vi
3182 1619 3369 1674 quave
3403 1618 3511 1674 ope
3540 1605 3867 1673 autjuvare
3922 1610 4047 1659 tam

2394 1691 2541 1745 bene
2572 1688 2643 1745 de
2675 1707 2737 1747 se
2770 1692 3044 1746 meritum
3079 1694 3186 1746 aut
3229 1691 3431 1746 ulcisci
3463 1696 3583 1747 tam
3619 1689 3767 1747 male
3794 1694 4052 1749 mulcta-

2393 1786 2516 1835 tum
2552 1783 2770 1851 posset.
2808 1781 2868 1835 In
2896 1796 2964 1835 ea
2992 1778 3077 1835 illi
3102 1779 3213 1836 ﬁxo
3240 1774 3564 1852 cura,regis
3594 1776 4048 1851 ﬁliusoecurrit,

631 1876 849 1931 habere
876 1875 1192 1945 oblatoque
1220 1874 1270 1927 si
1302 1888 1477 1928 casus
1508 1868 1671 1925 illum
1722 1868 1875 1925 istuc
1922 1867 2115 1935 ferret,
2174 1868 2280 1922 bo-
2314 1901 2362 1965 Β
2396 1858 2548 1925 malo
2579 1885 2686 1923 suo
2719 1884 2953 1940 magno.
2987 1862 3133 1924 Nam
3166 1886 3299 1924 eum
3346 1869 3578 1924 irrUens
3626 1864 3886 1939 coluber,
3922 1888 4052 1927 mo-

633 1965 808 2036 spitio
839 1970 896 2020 et
927 1956 1369 2034 obsequio,vale
1400 1961 1631 2026 dixit,et
1662 1975 1728 2014 eo
1759 1958 1963 2013 abiens
1995 1957 2107 2011 iter
2139 1956 2287 2011 arri-

634 2053 781 2126 puit.

702 2145 775 2199 II.
810 2142 1079 2199 Eremitas
1111 2142 1319 2197 deinde
1352 2149 1529 2197 causa
1560 2133 1767 2194 incidit
1788 2136 2039 2192 civitatis
2058 2134 2285 2191 Zanzur

631 2234 1123 2304 adeundm.Prope
1154 2231 1318 2287 illam
1352 2238 1722 2301 progressum
1757 2228 2078 2299 agnovitex
2110 2226 2282 2297 longo

631 2323 927 2391 simius,et
958 2322 1319 2394 perofﬁciose
1369 2334 1703 2384 occurrens,
1766 2317 2164 2388 acquiesceret
2222 2310 2280 2368 in

630 2414 843 2469 umbra
873 2411 1176 2484 paululum
1210 2404 1452 2483 rogavit,
1486 2424 1660 2480 seque
1694 2424 1824 2462 mox
1846 2407 2174 2461 redituram
2214 2420 2282 2459 ne

632 2507 977 2574 gravaretur
1005 2499 1413 2572 opperiri.Non
1448 2497 1633 2553 multo
1668 2503 1799 2568 post
1852 2495 2041 2551 adfuit
2088 2495 2281 2549 omnis

630 2592 863 2663 generis
895 2608 1066 2662 poma
1098 2595 1155 2644 et
1187 2603 1367 2644 nuces
1416 2587 1686 2654 atterens,
1750 2584 1965 2657 quibus
2015 2586 2280 2655 jucunde

628 2687 836 2753 pastus
886 2675 1211 2743 solitarius,
1251 2678 1405 2733 ultra
1464 2677 1741 2748 pergebat
1800 2675 1982 2746 portis
2042 2691 2103 2729 se
2154 2676 2276 2743 jam

625 2769 789 2826 urbis
812 2766 1319 2824 admovens.Vidit
1350 2766 1515 2819 illum
1554 2762 1750 2835 procul
1783 2763 1959 2817 draco
1990 2766 2046 2816 et
2077 2760 2276 2815 statim

626 2859 856 2915 obviam
892 2855 1718 2929 procurrens,humanissime
1750 2849 2277 2916 'salutatum,enixo

624 2950 808 3005 oravit
842 2953 905 3002 ut
932 2964 995 3002 se
1024 2944 1323 3017 paulisper
1355 2940 1811 3015 praestolaretur,
1861 2944 2003 2996 dum
2056 2958 2086 2995 e
2138 2958 2276 2994 cavo

625 3056 730 3094 suo
756 3038 1056 3110 quidpiam
1092 3036 1175 3090 illi
1212 3037 1486 3106 portaret.
1526 3034 1656 3087 Mox
1688 3031 1859 3087 rediit
1910 3030 2171 3086 armillas
2220 3035 2277 3084 et

622 3136 893 3199 torquem
929 3127 1081 3181 dono
1124 3125 1371 3179 aiferens
1430 3123 1686 3195 ingentis
1747 3122 1941 3194 pretii,
2001 3139 2128 3192 quas
2179 3120 2276 3175 ille

623 3218 754 3273 ﬁlia:
788 3218 941 3288 regis
973 3234 1005 3270 a
1037 3232 1098 3271 se
1126 3216 1180 3269 in
1212 3214 1381 3269 horto
1405 3210 1563 3283 regio
1588 3211 1695 3267 soli
1730 3216 1968 3283 reperta:
1992 3216 2048 3265 et
2070 3210 2271 3265 occisae
2305 3255 2346 3321 C

764 3312 773 3321 .
854 3307 862 3317 -
1158 3306 1170 3321 ι
1200 3304 1256 3321 ous
1336 3317 1366 3321 ..
1438 3319 1445 3321 λ
1510 3312 1555 3321 A.,
1599 3299 1615 3321 ι
1706 3303 1797 3321 n.3,,
1862 3319 1873 3321 _
1900 3294 2105 3321 -__,,1!-
2156 3320 2163 3321 ,
2226 3319 2233 3321 λ

619 3312 819 3379 erepta
850 3307 909 3360 in
942 3322 1049 3361 suo
1081 3304 1260 3360 cubili
1290 3299 1639 3359 servaverat.
1706 3303 1805 3355 His
1856 3294 2110 3373 acceptis
2147 3319 2269 3356 ere-

620 3399 765 3454 mita
797 3398 1003 3452 urbem
1038 3396 1303 3459 intrat,et
1333 3392 1593 3448 auriﬁcis
1616 3393 1857 3447 domum
1883 3384 2273 3463 inquirit.non

625 3486 1066 3555 dubitansquin
1101 3488 1262 3538 tanto
1300 3480 1623 3537 humanius
1643 3476 2021 3551 excipiendUs
2044 3482 2275 3537 foretab

634 3575 873 3631 homine
912 3574 1020 3629 sibi
1056 3590 1121 3629 eo
1152 3572 1436 3627 beneﬁcio
1485 3568 1765 3625 obstricto
1799 3572 1952 3642 quod
1985 3572 2105 3625 tam
2137 3562 2278 3625 libe-

630 3666 834 3720 raliter
861 3664 1097 3734 rependi
1132 3680 1163 3716 a
1185 3661 1572 3732 participibus
1599 3656 1863 3730 ejusdem
1884 3659 2108 3715 videret
2156 3662 2276 3715 bel-

624 3754 761 3809 luis.
795 3755 902 3809 Sed
925 3770 1060 3823 spes
1079 3768 1212 3805 eum
1238 3751 1409 3821 longe
1427 3750 1656 3820 decepit
1678 3766 1819 3805 sua:
1852 3767 1987 3805 nam
2019 3751 2277 3821 perfidus

624 3845 848 3899 auriiex
880 3846 1078 3913 agnito
1110 3843 1166 3895 in
1206 3858 1381 3895 manu
1414 3841 1727 3894 servatoris
1768 3840 1857 3894 sui
1890 3845 2099 3910 torque
2147 3842 2278 3896 ﬁlia:

622 3935 797 4006 regis,
832 3932 1060 3987 incluso
1092 3930 1193 3985 illo
1225 3929 1383 3985 domi
1418 3946 1557 3995 sum,
1585 3928 1996 3983 denuntiatum
2028 3930 2128 3984 ivit
2159 3941 2280 4001 regi

618 4040 681 4080 se
712 4024 1149 4079 interfectorem
1182 4021 1311 4090 ejus
1336 4018 1466 4073 ﬁliae
1517 4018 1993 4089 deprehendisse,
2028 4020 2283 4076 mitteret

2398 1958 2616 2014 mordit
2646 1959 2703 2014 in
2739 1976 2916 2014 manu
2952 1958 3067 2014 alto
3100 1964 3158 2014 et
3178 1958 3610 2014 .immedicabili
3640 1952 4049 2017 vulnere.Tre-

2397 2040 2636 2119 pidatur
2668 2040 2739 2103 ad
2773 2045 3059 2119 ejulatum
3094 2044 3374 2119 principis
3406 2048 3572 2119 pueri
3596 2052 3715 2104 tota
3733 2048 3923 2120 regia;
3952 2066 4053 2105 rex

2397 2135 2835 2205 maestissimus,
2867 2129 3050 2191 dilata
3079 2137 3399 2206 quastione
3452 2130 3723 2205 solitarii,
3768 2140 4046 2193 accurrit.

2393 2224 2563 2282 Varie
2595 2231 2874 2297 satagunt
2902 2222 3155 2279 ministri
3187 2226 3243 2280 et
3276 2221 3508 2291 medici,
3551 2227 3651 2281 sed
3687 2223 3832 2281 nihil
3865 2228 4052 2300 proﬁ-

2394 2316 2574 2383 ciunt,
2635 2309 2825 2388 quoad
2870 2333 2901 2371 e
2947 2316 3105 2371 brevi
3155 2332 3363 2387 sopore
3422 2332 3567 2387 puer
3607 2318 4047 2388 expergiscens,

2394 2405 2627 2474 Audivi,
2685 2406 2787 2472 ait,
2865 2422 2968 2477 per
3044 2401 3365 2472 somnium,
3446 2424 3558 2461 non
3611 2405 3724 2461 alia
3783 2424 3878 2462 me
3937 2425 4049 2480 Ope

2393 2495 2588 2549 sanari
2638 2510 2810 2565 posse
2863 2512 3039 2566 quam
3097 2495 3369 2565 precibus
3426 2496 3684 2550 eremitas
3718 2502 3818 2551 tuo
3846 2497 4046 2567 jussa,

2394 2588 2575 2655 pater,
2610 2584 2829 2654 injuste
2859 2583 3020 2649 torti,
3052 2585 3334 2639 innocens
3374 2586 3529 2639 enim
3558 2591 3667 2641 est.
3701 2590 4049 2643 Commotus

2391 2674 2499 2728 hoc
2566 2671 2767 2729 audito
2828 2677 3014 2745 pater,
3080 2673 3408 2728 solitarium
3480 2691 3709 2730 carcere
3758 2677 4047 2731 eductum

2392 2768 2580 2834 rogat,
2605 2764 2871 2834 ignoscat
2899 2760 3011 2817 sibi
3045 2780 3147 2833 per
3203 2779 3458 2818 errorem
3517 2761 3704 2834 lapso,
3762 2769 3821 2819 et
3877 2782 4049 2821 orare

2392 2869 2494 2923 pro
2528 2853 2647 2906 ﬁlio
2678 2848 3037 2924 periclitante
3072 2868 3141 2906 ne
3190 2858 3485 2923 gravetur.
3533 2859 3909 2909 Anuuentem
3974 2857 4044 2909 ad

2388 2961 2609 3013 aegrum
2645 2960 2843 2999 secum
2896 2942 3085 2999 ducit.
3146 2943 3353 3013 Magna
3415 2944 3637 2999 circum
3688 2947 3865 3001 turba
3921 2954 4051 3003 erat

2390 3033 2748 3092 familiarum
2784 3033 2937 3108 regis
2961 3054 3027 3091 ac
3046 3053 3379 3108 procerum,
3396 3040 3825 3109 coramquibus
3849 3040 4052 3095 inson-

2387 3131 2501 3181 tem
2552 3144 2614 3181 se
2671 3131 3035 3181 contestatns
3083 3126 3349 3193 eremila,
3418 3127 3671 3198 graviter
3728 3133 4052 3185 accusabat

2387 3215 2855 3286 ingratissimam
2871 3215 3131 3271 auriﬁcis
3150 3215 3696 3287 proditionem,ejus
3719 3221 4050 3290 turpitudi-

2388 3322 2521 3360 nem
2555 3322 2911 3377 exaggerans
2944 3322 3011 3360 ex
3046 3305 3354 3360 bestiarum
3390 3307 3513 3377 pari
3546 3323 3654 3378 ope
3676 3313 4048 3363 servatarum

2386 3395 2443 3448 in
2478 3412 2539 3449 se
2572 3386 2781 3451 ofﬁciis
2812 3394 3178 3465 ingentibus.
3213 3395 3329 3449 Sub
3362 3394 3484 3450 haec
3531 3398 3740 3468 positis
3788 3400 4050 3469 genibus

2386 3490 2680 3555 precatus,
2716 3476 2940 3556 regium
2975 3481 3408 3539 adolescentem
3452 3492 3750 3541 momento
3783 3489 4046 3549 sanavit.

2385 3578 2441 3629 et
2470 3574 2622 3645 patri
2656 3574 2953 3629 laetissimo
2986 3573 3341 3629 incolumem
3380 3575 3658 3631 reddidit.
3693 3576 3833 3643 Rex,
3859 3579 4047 3633 omni-

2393 3665 2504 3718 bus
2537 3664 2811 3735 cognitis,
2848 3663 3151 3718 aurificem
3178 3664 3503 3735 ingratum,
3538 3670 3602 3719 ut
3636 3665 3853 3721 falsum
3903 3669 4062 3722 dela-

2396 3760 2583 3807 torem
2628 3758 2815 3808 morte
2848 3753 3001 3808 afﬁci
3064 3754 3405 3822 mandavit;
3461 3755 3793 3820 eremitam,
3854 3765 4066 3824 praeter

2397 3843 2643 3898 monilia
2702 3844 3019 3913 ﬁlize,quzs
3080 3842 3163 3896 illi
3224 3843 3481 3909 donavit,
3547 3844 3750 3899 multis
3816 3846 4065 3917 insuper

2399 3933 2751 3989 muneribus
2830 3931 3199 3987 cumulatum
3288 3933 3891 3990 honoriﬁcentissime
3978 3937 4063 3991 di-

2399 4022 2581 4077 misit.

1712 4283 2232 4344 DlSSERTATIO
2282 4284 2781 4345 PAHABOLICA
2832 4286 2964 4345 XII.

626 4396 947 4458 Socielatis
978 4390 1384 4477 similitudine
1413 4397 1676 4477 fortuna?
1704 4387 2076 4477 coalescentis
2106 4391 2260 4477 inter
2288 4391 2550 4477 homines
2580 4389 2991 4451 diversissimae
3018 4394 3194 4477 sortis
3224 4396 3556 4475 exemplum
3582 4398 4063 4477 proponiLPIO-

704 4477 989 4539 videmiae
1016 4472 1372 4533 consulentis
1405 4469 1745 4551 hominibus
1772 4489 1979 4530 curam
2012 4471 2329 4551 beneﬁcam
2358 4470 2648 4545 declarat,
2700 4482 2756 4531 et
2806 4492 2935 4532 eam
2983 4492 3099 4534 esse
3144 4469 3510 4537 demonstrat
3556 4469 3615 4537 et
3665 4469 4066 4541 certissimum

703 4558 1157 4637 fundamentum
1203 4553 1443 4632 ﬁducia
1474 4550 1769 4610 humanae.

700 4696 879 4765 Capio
912 4699 968 4749 et
1000 4693 1180 4765 probo
1241 4707 1367 4761 quae
1395 4688 1617 4753 dixisti,
1651 4687 1731 4743 ait
1784 4704 1879 4742 rex
1938 4687 2283 4743 Abessalon]
2320 4694 2366 4755 ι)
2398 4688 2785 4759 providentia,
2820 4689 3113 4760 plurimas
3147 4691 3257 4747 init
3288 4695 3648 4766 easdemque
3709 4694 4066 4767 inopinatis-

624 4788 747 4842 haac
778 4785 973 4840 locuto
1005 4780 1504 4855 gymnosophistae
1531 4798 1543 4847 ;
1578 4777 1784 4833 vellem
1811 4794 1966 4832 nunc
1990 4778 2193 4833 audire
2216 4796 2285 4833 ex

622 4880 699 4943 te,
733 4874 782 4930 si
832 4878 1019 4937 vacat,
1074 4888 1177 4925 nec
1227 4886 1400 4941 grave
1450 4872 1557 4935 est,
1620 4867 1919 4939 quomodo
1978 4868 2284 4940 contingat

628 4964 880 5034 aliquem
908 4978 976 5017 ex
1008 4974 1263 5032 paupere
1295 4956 1533 5012 divitem
1567 4954 1691 5011 ﬁeri
1716 4956 1812 5027 qui
1847 4954 2104 5011 miserex
2125 4955 2288 5012 felice

626 5054 795 5127 prius
828 5051 1099 5107 evaserit.
1133 5049 1215 5103 Ad
1249 5048 1358 5102 hoc
1389 5043 1881 5118 gymnosophista
1912 5061 1925 5099 :

699 5146 743 5200 Ι.
780 5146 945 5213 Rem,
982 5134 1178 5213 inquit
1211 5136 1469 5208 domine,
1506 5137 1773 5210 postulas
1806 5155 1921 5193 non
1956 5142 2075 5193 tam
2108 5137 2290 5209 expli-

625 5243 755 5292 calu
783 5231 1087 5289 difﬁcilem
1120 5226 1613 5295 obscuritate,sui
1634 5244 1811 5299 quam
1830 5228 2293 5299 variaquotidia-

630 5342 839 5382 norum
875 5327 1190 5378 eventuum
1227 5317 1668 5391 multiplicitate
1688 5314 1984 5373 inﬁnitam
2012 5318 2194 5373 dictu.
2221 5317 2295 5375 Ut

630 5416 789 5471 enim
826 5413 1030 5469 multis
1058 5410 1297 5467 fortuna
1340 5406 1617 5480 gravibus
1663 5412 1721 5463 et
1768 5408 1997 5465 acerbis
2056 5406 2295 5464 casibus

638 5500 817 5562 vitam
852 5503 1095 5558 infestat
1123 5502 1473 5567 humanam,
1516 5503 1781 5554 evertens
1813 5490 2009 5553 felices
2060 5499 2294 5570 opibus,

631 5598 689 5650 et
722 5610 840 5648 una
874 5590 1237 5647 revolutione
1271 5592 1409 5641 rotas
1454 5585 1913 5658 superbissimos
1949 5589 2233 5658 tyrannos
2265 5602 2297 5642 e

630 5684 869 5755 fastigio
904 5673 1030 5736 solii
1070 5680 1125 5733 in
1160 5678 1347 5732 imum
1386 5675 1618 5748 pistrini
1654 5673 1947 5747 redigcns,
2006 5676 2084 5729 ita
2144 5676 2295 5755 hanc

635 5750 854 5832 renans
886 5758 1309 5842 corrigensque
1341 5766 1617 5823 Numinis
1665 5765 1864 5823 orbem
1900 5750 2295 5838 gubernantis

2403 4779 2587 4834 simas
2610 4778 2959 4850 plerumque
2987 4780 3267 4851 rationes,
3300 4786 3596 4855 egentium
3654 4786 4068 4854 ditandorum,

2396 4872 2453 4923 et
2482 4867 2801 4923 humilium
2834 4870 3029 4924 subita
3062 4871 3221 4926 orbis
3256 4872 3544 4945 vertigine
3574 4891 3604 4929 e
3629 4873 3753 4930 luto
3788 4875 3847 4930 in
3877 4875 4069 4933 lucem

2402 4974 2465 5012 ac
2496 4956 2698 5029 glorias
2730 4958 2966 5014 culmen
3018 4959 3479 5019 evehendorum.
3532 4966 3607 5018 Ac
3653 4966 3810 5035 quod
3878 4968 4070 5039 magis

2400 5052 2489 5103 est
2508 5042 2749 5115 mirum,
2782 5048 3000 5103 eaedem
3045 5048 3164 5105 illis
3229 5050 3582 5123 plerumque
3634 5056 4072 5112 contrariorum

2402 5141 2714 5192 eventuum
2744 5153 2935 5193 causa:
2967 5144 3127 5209 sunt,
3172 5142 3316 5196 adeo
3376 5146 3441 5197 ut
3498 5142 3719 5214 quibus
3778 5147 4075 5215 potentia,

2405 5226 2622 5300 quibus
2671 5228 2876 5297 forma,
2911 5228 3129 5300 quibus
3162 5246 3258 5286 arc
3291 5248 3397 5287 sua
3428 5237 3605 5304 atque
3637 5234 3944 5292 industria
3971 5254 4069 5293 ca-

2405 5318 2579 5372 dendi
2630 5334 2699 5373 ex
2751 5322 2906 5374 statu
2959 5319 3379 5376 oﬂ'endiculum
3441 5323 3742 5394 objecerit,
3803 5328 4074 5395 eosdem,

2405 5407 2644 5462 ludente
2676 5411 2740 5461 ut
2770 5406 2919 5463 solet
2950 5408 3009 5463 in
3033 5407 3313 5465 humanis
3340 5411 3517 5467 rebus
3531 5412 3826 5483 sapientia
3850 5415 4073 5486 divina,

2406 5514 2515 5553 sua
2552 5497 2853 5568 nobilitas,
2887 5514 2996 5553 sua
3025 5504 3327 5565 venustas,
3358 5516 3504 5556 suus
3536 5500 3705 5557 labor
3727 5504 4073 5578 peritiaque

2406 5587 2653 5642 fortunae
2689 5587 2914 5642 meliori
2939 5588 3271 5643 restituant.
3294 5593 3527 5646 Harunt
3565 5591 3710 5646 adeo
3768 5594 4075 5650 vicissitu-

2409 5677 2617 5732 dinum
2652 5678 2972 5748 specimem
2993 5678 3727 5751 accipeinnarratiuncula
3750 5699 3868 5738 non
3896 5682 4075 5757 longa

2408 5766 2552 5825 satis
2576 5766 3115 5840 inexspectatorum
3168 5785 3537 5840 successum.
3588 5788 3738 5844 quos
3798 5772 4076 5832 homines
