4248 6442
268 437 407 491 1319

1287 445 1645 499 ΒΡΚΟΙΜΕΝ
1683 443 2082 497 ΒΑΡΙΕΝΤῘΑΞ
2122 439 2458 496 INDORUM
2494 440 2653 495 VE’I‘.

3539 439 3674 494 13ῧο

265 570 524 633 quatuor
546 563 698 617 haud
732 563 1011 618 diuturno
1036 571 1166 618 sunt
1200 567 1382 633 spatio
1412 564 1909 638 expetti.Juvenis
1942 573 1995 637 Α
2026 568 2172 618 rent.
2217 564 2376 626 Quod
2413 579 2544 618 cum
2575 569 2728 617 esset
2753 565 3007 618 factum:
3045 563 3152 627 Me,
3216 564 3406 635 inquit
3465 564 3674 617 fozmo-

266 652 422 720 regis
450 651 629 720 ﬁlius,
658 656 818 723 patre
844 658 1097 722 mortuo,
1119 672 1149 707 a
1174 655 1348 709 t'ratrc
1375 658 1597 709 minore
1623 655 1916 708 invidente

267 740 587 794 virtutibus
611 742 759 811 ejus,
784 747 835 796 et
861 744 1062 811 adjuto
1092 759 1265 797 manu
1294 746 1690 809 factiosorum,
1721 749 1914 799 notam

267 829 397 899 ejus
413 831 753 901 aequitatem
775 831 1243 899 formidantium,
1266 850 1442 903 regno
1471 835 1712 903 ejectus;
1734 848 1917 902 vagus

265 935 463 974 errare
496 921 779 990 inopsque
806 921 1141 990 cogebatur.
1179 921 1321 975 lluic
1375 939 1609 994 peregre
1668 920 1920 976 occurrit

265 1009 739 1065 formosissimus
796 1014 852 1063 et
912 998 1255 1080 praenobilis
1306 1012 1666 1076 adolescens,
1744 1027 1916 1082 quem

266 1100 594 1169 suspicacis
654 1100 935 1170 principis
988 1099 1293 1170 zetotypia,
1355 1118 1423 1155 ex
1481 1100 1590 1155 levi
1653 1103 1915 1166 coniectu

264 1189 569 1243 oculorum
600 1187 822 1259 placere
846 1188 1010 1243 illum
1037 1205 1153 1241 suae
1189 1190 1349 1242 uxori
1381 1189 1712 1255 criminata,
1738 1198 1919 1244 extor-

264 1294 387 1349 rem
418 1279 649 1332 l'ecrrat.
684 1278 804 1332 Non
843 1279 939 1331 diu
980 1286 1412 1349 processerant,
1447 1298 1619 1335 casus
1670 1280 1918 1335 invicem

262 1348 639 1422 renarrantes
671 1385 829 1435 suos,
865 1384 998 1422 cum
1032 1368 1104 1419 iis
1126 1385 1185 1423 se
1224 1370 1493 1439 udjttngit
1519 1370 1918 1439 mercatorqoi

266 1473 414 1510 nave
449 1457 651 1525 fracta,
686 1473 804 1527 qua
857 1475 973 1513 rem
1039 1460 1374 1515 universam
1436 1476 1603 1513 suam
1665 1458 1919 1529 ingentis

267 1546 444 1617 pretii
479 1545 742 1612 vehebat,
807 1550 977 1604 modo
1029 1550 1127 1603 vix
1185 1550 1383 1603 salvus
1447 1552 1804 1615 cantaverat,
1865 1552 1921 1602 et

266 1635 620 1689 seminudus
653 1637 945 1706 qumrehat
977 1639 1213 1709 stipem.
1258 1637 1522 1708 Denique
1579 1643 1804 1691 torosur
1864 1642 1921 1690 et

264 1725 456 1777 durus
492 1724 645 1779 lilius
681 1725 864 1796 patris
892 1726 1179 1796 agricolae,
1212 1734 1484 1781 extrusus
1508 1728 1701 1789 domo,
1728 1728 1919 1779 abun-

266 1812 539 1868 dantiam
574 1814 771 1868 sobole
804 1821 1113 1886 parentum
1138 1816 1418 1879 convicia.
1456 1816 1592 1869 dum
1628 1814 1676 1868 ei
1711 1831 1916 1884 ex'pro-

263 1902 787 1969 brant,inertiam,
823 1904 878 1957 ni
927 1909 1087 1959 tanto
1148 1911 1287 1960 natu
1352 1921 1611 1976 pressam
1676 1921 1918 1958 numero

263 1991 555 2046 familiam
587 1992 823 2063 levaret,
848 1996 1116 2049 eamdem
1149 1996 1373 2050 terebat
1418 1994 1595 2061 viam,
1656 2010 1920 2065 qumrens

268 2079 371 2133 ubi
407 2097 639 2150 operam
680 2081 915 2137 locaret.
950 2083 1017 2137 Et
1049 2083 1141 2138 hic.
1203 2088 1446 2153 quartus
1506 2082 1803 2136 admissus
1861 2081 1919 2135 in

270 2170 639 2223 consortium
675 2172 850 2225 trium
901 2174 1188 2241 priorum,
1249 2172 1628 2241 vicissimque
1683 2172 1921 2225 auditus

271 2260 417 2312 dum
453 2277 621 2313 suem
655 2266 705 2313 et
741 2261 864 2330 ipse.
898 2266 1189 2315 toi-tunam
1225 2263 1449 2315 reeitat.
1484 2262 1714 2315 Coaluit
1772 2261 1923 2314 inter

267 2355 525 2419 quatuor
556 2349 968 2404 t'liversissimze
994 2352 1127 2404 licet
1152 2352 1324 2403 sortis
1352 2350 1639 2417 homines,
1663 2366 1923 2405 commu-

270 2438 448 2491 nione
478 2440 787 2493 conciliata
821 2440 1208 2504 necessitatis,
1263 2442 1408 2492 satis
1469 2445 1628 2493 arcta
1685 2443 1740 2491 et.
1789 2454 1924 2491 vera

272 2526 563 2581 charitate
586 2528 983 2596 conglutinata
1004 2533 1273 2591 societas,
1304 2537 1358 2582 ut
1378 2533 1431 2582 et
1451 2528 1638 2581 mutui
1659 2529 1923 2581 libertate

269 2617 567 2670 sermonis
633 2623 841 2671 famem
903 2634 966 2671 ac
1023 2617 1434 2671 lassitudinem
1495 2616 1925 2671 humanissime

269 2706 522 2759 invicem
555 2706 1009 2775 conselarenter,
1031 2713 1085 2759 ιιι
1110 2707 1261 2777 quod
1299 2706 1762 2775 quisquejuvare
1794 2721 1923 2775 pos-

271 2799 384 2859 set,
418 2795 569 2847 haud
605 2796 714 2849 sibi
750 2800 1069 2867 quisquam
1105 2795 1400 2865 privatim,
1435 2797 1532 2849 sed
1567 2799 1834 2848 amanter
1868 2809 1922 2846 In

278 2900 593 2937 commune
627 2886 1018 2940 censulcrent.
1053 2886 1145 2940 Sic
1175 2886 1285 2939 iter
1317 2885 1541 2955 agendo
1573 2887 1928 2940 devenerunt

275 2973 336 3025 in
382 2973 656 3028 viciniam
720 2975 975 3029 civitatis
1034 2992 1281 3043 magna},
1338 2991 1514 3044 quam
1580 2974 1925 3045 priusquam

278 3062 573 3126 subirent,
608 3064 1050 3133 acquiesrentes
1084 3067 1153 3116 ad
1183 3065 1450 3118 umbram
1511 3063 1565 3116 in
1630 3063 1926 3134 crepidine

276 3152 382 3203 via:
416 3152 678 3219 publica),
715 3152 1042 3223 disquirere
1079 3153 1449 3207 l'amilaritate
1509 3152 1681 3207 Solita
1744 3169 1927 3222 ccupe-

277 3247 438 3300 runt.
461 3257 637 3310 quam
659 3242 904 3311 quisque
926 3244 1013 3295 sui
1037 3259 1099 3295 ac
1126 3242 1416 3296 sociorum
1435 3241 1925 3297 sulilevun-itn'utn

275 3345 443 3397 spem
478 3347 542 3383 ar.
577 3334 603 3381 t'.
633 3331 909 3384 cultatem
950 3331 1160 3385 habere
1194 3348 1254 3384 se
1288 3331 1691 3385 arbitraretur.

356 3457 424 3510 ll.
463 3456 624 3522 Mihi,
661 3456 741 3510 ait
774 3457 922 3510 reris
958 3457 1134 3520 (ilius,
1162 3458 1399 3512 conscia
1425 3458 1691 3528 quaid-im
1720 3455 1934 3509 fiducia

280 3546 607 3611 blanditur,
638 3546 901 3599 eamdem
935 3564 1059 3615 qua-
1097 3563 1272 3612 regno
1310 3562 1399 3600 me
1429 3545 1670 3615 privavit
1729 3545 1933 3599 Pr0vi-

280 3634 537 3688 dentiam
578 3635 747 3703 (nihil
783 3635 937 3689 enim
976 3636 1367 3689 humanorum
1395 3635 1517 3690 sine.
1542 3635 1783 3689 consilio
1814 3634 1933 3691 Nn-

276 3727 460 3778 mtuis
493 3726 736 3792 geritur)
770 3725 1253 3791 insuspimbihnn
1284 3742 1421 3778 mea)
1457 3725 1779 3795 prudentiae.
1807 3740 1930 3777 mo-

275 3817 418 3867 dum
477 3816 793 3884 quemdam
854 3814 1216 3868 in~.'v"iilttt'.itn
1279 3815 1618 3868 extrahendi
1687 3831 1775 3867 me.
1840 3813 1932 3867 his

278 3904 579 3965 sordibus;
612 3910 665 3957 et
701 3906 753 3955 in
791 3904 1009 3972 copiae:
1050 3904 1202 3957 unde
1237 3920 1326 3957 me
1365 3920 1427 3956 ac
1454 3920 1612 3957 meos
1640 3903 1929 3969 consoler,

279 3992 624 4062 reponendi.
663 3992 777 4063 Ego
808 4009 963 4051 vero.
999 3993 1245 4057 subjecit
1301 3993 1424 4045 vice.
1477 4010 1583 4046 sua
1639 3994 1931 4046 formosus

274 4081 516 4145 mendis,
552 4082 625 4135 iis
657 4098 803 4151 quas
838 4082 895 4136 in
924 4097 1014 4135 me
1040 4082 1336 4152 prtcdicari
1366 4082 1597 4136 tuetnini
1625 4086 1932 4136 venustate

274 4175 331 4225 et
389 4172 651 4226 claritate
709 4171 991 4226 natalium
1060 4187 1411 4242 magnopere
1471 4173 1719 4225 conlido.
1782 4172 1930 4225 Tum

280 4267 570 4314 mercator
602 4264 924 4329 naufragus
958 4279 970 4316 :
1007 4262 1151 4324 Etsi,
1186 4261 1284 4323 ait,
1341 4278 1461 4314 rem
1521 4278 1708 4314 meum
1773 4276 1932 4315 mare

272 4351 595 4419 absorpsit,
631 4356 825 4404 tamen
861 4351 1149 4404 industria
1181 4367 1307 4420 qum
1362 4368 1478 4403 rem
1510 4352 1743 4414 fecerat,
1808 4366 1929 4403 me-

274 4456 410 4494 cum
437 4456 665 4493 emersa
698 4441 976 4494 fluetibus
1009 4456 1168 4508 spem
1208 4441 1264 4494 in
1301 4440 1431 4493 sinu
1488 4443 1636 4492 t'ovx-t
1692 4443 1932 4492 mutan-

278 4531 365 4581 d:e
403 4528 609 4583 iterum
648 4529 857 4598 inepiaz
890 4530 945 4582 iu
981 4529 1377 4583 conditionem
1414 4531 1590 4581 talem
1639 4545 1756 4597 qua
1815 4545 1930 4581 non

277 4616 423 4671 mihi
459 4618 566 4671 soli
604 4636 813 4689 queam
849 4619 1174 4673 consulere.
1210 4619 1468 4681 Quartus
1502 4617 1783 4677 rusticus,
1817 4616 1931 4671 Vos

2025 669 2127 707 sus
2161 652 2520 722 adolescens,
2556 654 2693 705 ordo
2717 654 2838 721 jam
2877 671 3039 707 meus
3065 658 3220 707 vorai
3261 654 3328 707 ad
3364 654 3671 721 experiun-

2025 742 2164 795 dum
2200 742 2337 812 quid
2371 742 2488 796 haec
2523 743 2726 805 forma,
2762 742 2972 813 quidve
3000 741 3274 796 nobilitas
3303 744 3492 812 posle
3542 746 3664 795 ε-ιίί-

2026 848 2174 886 cere.
2213 832 2308 885 lbo
2342 831 2495 885 intro
2527 831 2585 884 in
2638 831 2864 899 urbem,
2922 836 2976 885 et
3035 833 3077 883 si
3137 831 3275 902 quid
3343 831 3668 884 invenerim

2026 926 2159 974 ante
2191 926 2415 974 noctem
2451 921 2717 973 ret'eram.
2754 919 3094 974 Laudarunt
3133 936 3358 975 omnes.
3418 919 3513 974 llle
3573 937 3673 990 per

2027 1008 2271 1063 celebris
2303 1008 2557 1062 civitatis
2587 1008 2709 1062 loca
2743 1009 2837 1061 diu
2878 1013 3141 1079 vagatus,
3204 1009 3409 1062 incidit
3468 1010 3523 1061 in
3586 1025 3674 1063 sc-

2028 1105 2289 1152 natorcm
2323 1096 2506 1152 otiose
2540 1097 2890 1166 spatiantem
2926 1098 2982 1151 in
3019 1097 3280 1153 basilica.
3327 1102 3380 1152 ls
3441 1116 3507 1151 ex
3560 1098 3631 1151 ad
3657 1128 3671 1134 -

2028 1203 2192 1241 verso
2224 1186 2544 1256 gradientis
2576 1204 2639 1240 os
2672 1192 2727 1239 et
2759 1190 3044 1240 staturam
3078 1187 3178 1240 ditt
3215 1188 3485 1241 intuitus.
3524 1187 3674 1241 Fieri

2027 1292 2139 1329 non
2177 1279 2385 1347 potest,
2420 1291 2619 1330 secum
2651 1276 2866 1347 inquit,
2902 1276 3043 1346 quin
3099 1275 3217 1330 haec
3279 1276 3482 1330 frontis
3542 1294 3671 1330 ma-

2021 1367 2230 1433 jestas,
2253 1365 2344 1419 hic
2369 1366 2565 1435 regius
2586 1366 2850 1419 incessus
2868 1364 3124 1419 indolem
3152 1365 3401 1419 nobilem
3429 1367 3673 1420 abscon-

2027 1455 2168 1520 dat;
2223 1453 2524 1524 explorare
2575 1455 2744 1522 juvat
2795 1454 3117 1509 hominem.
3179 1454 3268 1508 Sic
3326 1472 3674 1525 progressus

2027 1543 2249 1597 obviam
2287 1542 2470 1607 eunti,
2509 1543 2661 1598 Unde
2695 1547 2748 1597 te
2779 1542 3089 1609 habemus,
3116 1542 3327 1614 hospes
3350 1544 3377 1597 ?
3400 1543 3498 1599 ait:
3527 1545 3676 1599 aude

2028 1633 2193 1686 fateri
2226 1633 2360 1703 quis
2385 1632 2488 1696 sis,
2523 1633 2739 1687 senties
2771 1633 2826 1686 in
2887 1649 2954 1686 ea
3010 1632 3133 1687 loca
3186 1638 3240 1687 te
3298 1633 3522 1688 venism
3579 1634 3675 1688 ubi

2028 1721 2279 1793 pretium
2316 1720 2604 1775 nobilitati
2639 1738 2703 1774 ac
2757 1721 2966 1775 merito
3026 1722 3124 1777 sit.
3189 1721 3307 1788 Ille,
3379 1723 3565 1792 patria
3625 1727 3681 1777 ct

2028 1816 2198 1881 gente
2231 1820 2573 1876 memorata,
2608 1810 2975 1881 breviterque
3029 1812 3254 1879 adjecto
3314 1813 3385 1865 de
3444 1812 3679 1865 fortuna

2032 1918 2161 1963 sua,
2195 1904 2477 1971 quantum
2511 1899 2698 1970 primo
2731 1916 2999 1954 sermone
3032 1900 3290 1971 profiteri
3320 1902 3474 1971 apud
3513 1902 3674 1967 igno-

2034 1994 2123 2044 tos
2183 1994 2373 2043 tutum
2434 1992 2523 2042 est
2580 1988 2793 2057 visum,
2847 1987 3089 2043 miritice
3141 1990 3382 2060 patricio
3435 1990 3673 2061 placuit.

2030 2082 2220 2145 Quare
2253 2078 2418 2132 illum
2452 2078 2696 2132 comiter
2726 2094 2901 2132 manu
2930 2078 3305 2147 prehensum,
3339 2079 3447 2133 Tui
3511 2079 3679 2134 simi—

2029 2168 2116 2224 les
2155 2167 2540 2237 hospitionon
2574 2171 2794 2236 carent,
2839 2167 3051 2238 inquit,
3115 2167 3213 2221 ubi
3274 2184 3378 2238 ego
3437 2169 3676 2224 domum

2033 2257 2255 2319 habeo;
2299 2257 2385 2311 sic
2417 2256 2474 2310 in
2510 2257 2661 2310 mdes
2709 2273 2842 2315 eum
2882 2256 3106 2310 inducit
3136 2274 3296 2327 snas,
3348 2258 3679 2328 apponiquc

2034 2363 2295 2401 mensam
2331 2348 2400 2400 de
2431 2347 2521 2400 via
2554 2345 2706 2401 lasso
2756 2364 2896 2399 sane
2956 2345 3175 2401 lautam
3235 2346 3507 2417 imperat.
3556 2348 3676 2400 Sub

2034 2436 2207 2501 hanc,
2262 2436 2389 2504 ejus
2450 2451 2719 2489 sermone
2772 2437 3094 2505 decoreque
3145 2453 3209 2489 ac
3272 2454 3497 2490 Horum
3561 2454 3668 2491 usu

2034 2531 2332 2595 comperta
2361 2524 2647 2595 elegantia
2703 2525 2886 2595 magis
2946 2531 3175 2595 captus,
3236 2526 3292 2578 Si
3330 2525 3433 2578 tibi
3492 2526 3676 2590 urbis,

2035 2614 2138 2680 ait,
2173 2613 2350 2681 huius
2387 2613 2574 2684 placet
2631 2613 3032 2681 commoratio,
3088 2615 3327 2668 domum
3376 2615 3555 2670 habes
3616 2616 3674 2669 in

2035 2720 2173 2773 qua.
2203 2710 2266 2756 ut
2312 2705 2465 2774 apud
2527 2709 2677 2771 tuos,
2735 2703 3021 2757 diversere
3083 2704 3340 2774 quandiu
3409 2704 3678 2763 lubebit;

2037 2793 2126 2845 sin
2163 2793 2276 2847 alio
2314 2793 2561 2862 urgeris,
2598 2794 2943 2847 instructum
2979 2792 3182 2847 viatico
3210 2794 3526 2847 dimittam.
3565 2793 3684 2849 Hoc

2040 2888 2401 2951 postremum
2431 2883 2671 2952 juvenis
2706 2882 2941 2954 terepit,
2977 2885 3373 2937 necessarium
3410 2884 3517 2937 iter
3564 2882 3682 2935 subi

2038 2977 2337 3041 causatus,
2375 2976 2433 3026 et
2461 2976 2694 3043 accepto
2732 2972 2923 3026 viatici
2971 2973 3203 3027 nomine
3260 2973 3404 3029 satis
3461 2990 3673 3044 magn)

2039 3062 2296 3130 peeunirc
2356 3077 2620 3125 numero,
2672 3061 2744 3115 ad
2792 3060 2981 3115 socios
3020 3062 3131 3117 sub
3188 3060 3331 3118 solis
3401 3078 3675 3117 occasum

2037 3150 2209 3206 laetus
2238 3150 2416 3216 venit,
2449 3151 2668 3222 scripto
2723 3155 2779 3205 et
2841 3150 2963 3221 ipse
3023 3151 3079 3207 in
3135 3152 3359 3208 foribus
3415 3151 3675 3208 civitatis

2036 3257 2313 3295 successu
2350 3241 2473 3311 spei
2507 3258 2624 3295 sua:
2660 3240 2717 3294 in
2772 3242 2891 3297 haec
2947 3242 3158 3295 γμνιιειε
3216 3240 3401 3297 Unius
3448 3240 3685 3312 juvenis

1958 3314 2000 3379 C
2043 3330 2229 3384 forma
2262 3330 2599 3401 peregrinos
2631 3334 2883 3400 quatuor
2917 3330 3191 3386 instruxit
3218 3349 3470 3387 annona.

2116 3457 2211 3521 111,
2250 3455 2377 3511 Dies
2401 3456 2527 3524 jam
2553 3455 2778 3527 aliquot
2809 3472 2878 3510 ex
2939 3456 3176 3513 tortuosi
3241 3457 3457 3512 nobilis
3513 3474 3687 3529 pecu-

2042 3545 2593 3615 niajucundissime
2617 3545 2848 3599 sodales
2867 3551 3121 3616 quatuor
3142 3547 3536 3612 convixerant,
3552 3563 3687 3601 cum

2044 3634 2139 3689 illa
2188 3635 2410 3689 sensim
2458 3635 2765 3689 deliciente
2799 3641 3082 3690 mercator
3112 3637 3210 3707 qui
3250 3653 3350 3706 per
3406 3652 3505 3690 eos
3557 3637 3687 3692 dies

2043 3724 2383 3798 paratasibi
2421 3730 2579 3778 veste
2612 3729 2670 3777 et
2700 3732 2864 3794 portu
2896 3725 3054 3779 obito
3100 3724 3312 3796 aliquid
3376 3726 3456 3780 ibi
3517 3730 3685 3780 nota-

2040 3819 2221 3882 verat,
2258 3815 2409 3869 unde
2445 3814 2743 3884 prtnscntis
2777 3814 2920 3868 tueri
2955 3814 3145 3870 otl'erri
3180 3815 3287 3869 sibi
3318 3817 3685 3871 occasionem

2042 3904 2404 3975 opinaretur,
2439 3903 2683 3972 Nempe,
2717 3903 2902 3974 inquit
2957 3906 3027 3959 ad
3087 3905 3299 3973 socios,
3360 3920 3453 3961 me
3501 3904 3689 3959 intue-

2042 3993 2210 4062 mini,
2244 3999 2300 4046 et
2326 3992 2449 4047 vico
2486 4008 2613 4048 mea
2663 3993 3021 4064 promissum
3057 3993 3359 4049 imlustrim
3400 3993 3687 4048 auxilium

2042 4102 2072 4137 a
2134 4098 2226 4136 me
2286 4081 2614 4153 reposcitis.
2680 4082 2802 4136 Non
2867 4082 3178 4153 interpono
3238 4100 3480 4139 moram.
3551 4085 3693 4139 Cras

2043 4188 2212 4225 mane.
2248 4172 2513 4243 prodibo,
2546 4172 2679 4227 etsi
2716 4172 3041 4228 Mercurius
3071 4172 3383 4244 adjuverit,
3431 4189 3549 4230 non
3594 4189 3691 4228 va-

2041 4279 2216 4316 cuum
2252 4277 2341 4315 me
2373 4277 2611 4331 vespere
2643 4261 2952 4330 recipietis.
2989 4261 3103 4317 Nec
3154 4261 3404 4318 mendax
3434 4264 3687 4333 promis-

2040 4368 2174 4406 sum
2208 4351 2317 4405 fuit
2339 4368 2358 4411 ,ο
2388 4351 2498 4404 sub
2525 4367 2726 4404 secum
2760 4350 2871 4404 diei
2897 4358 3142 4422 posterae
3199 4350 3358 4406 mille.
3416 4367 3691 4407 nummos

2043 4442 2114 4496 ad
2148 4441 2339 4496 socios
2373 4441 2590 4506 attulit,
2642 4456 2788 4511 quos
2849 4440 2955 4494 hac
3015 4445 3141 4495 arte
3191 4447 3534 4511 paraverat:
3598 4440 3688 4495 lu-

2041 4531 2283 4585 strando
2316 4530 2472 4584 circa
2504 4536 2705 4600 portus
2753 4529 3115 4600 crepidinem
3176 4531 3429 4586 advenas
3489 4547 3689 4587 naves.

2042 4637 2223 4675 unam
2260 4619 2561 4674 invenerat
2593 4620 2999 4675 recentissime
3030 4619 3364 4691 appulsam,
3393 4636 3461 4675 ex
3516 4620 3691 4690 cujus

275 4688 629 4779 longinqua,
656 4708 867 4778 inquit,
901 4713 957 4763 et
990 4709 1210 4763 incerta
1243 4707 1689 4765 vaticinamini..
1753 4706 1931 4776 Atqui
1964 4688 2010 4751 D
2045 4714 2265 4765 rectore
2318 4709 2712 4778 percontando
2773 4688 3353 4780 quorsum—veniret,
3411 4688 3695 4767 elicueﬂrat

275 4804 445 4866 urget
478 4802 724 4865 esuries,
749 4801 920 4870 cujus
952 4818 1056 4871 ego
1083 4816 1337 4871 prtesens
1371 4800 1427 4853 in
1483 4799 1645 4853 hisce
1703 4798 1933 4852 lacertis

277 4888 618 4960 praesidium
681 4895 869 4943 teneo.
931 4889 1012 4943 Ne.
1066 4889 1294 4949 multa;
1354 4887 1778 4959 praestolamini
1842 4887 1933 4941 hic

277 4978 448 5047 mihi,
478 4978 672 5045 sultis,
710 4996 898 5052 usque
948 4981 1018 5036 ad
1050 4996 1391 5052 vesperum,
1452 4979 1715 5034 at'tleram
1777 4978 1934 5032 unde

279 5084 602 5124 ccencmus.
653 5068 1128 5125 Assentientibus
1188 5063 1440 5135 cunctis,
1517 5067 1749 5122 scandit
1831 5065 1930 5121 sil-

274 5172 484 5211 vosum
544 5164 798 5212 mentea:
857 5159 1037 5213 situm
1092 5159 1149 5212 in
1213 5157 1494 5229 proximo,
1554 5158 1931 5227 congestum-

279 5264 396 5318 quo
455 5246 536 5300 ibi
596 5264 879 5319 magnum
941 5261 998 5304 et
1056 5249 1201 5303 bene
1258 5249 1674 5317 exaggeratum
1743 5245 1932 5315 ligno-

279 5353 414 5391 rum
450 5337 665 5392 fascem
711 5337 969 5393 robustis
1028 5338 1319 5409 inponens
1373 5334 1660 5401 humeris,
1717 5349 1930 5388 venum

278 5424 483 5480 intulit
517 5427 659 5482 l‘oro.
694 5428 929 5499 citoque
973 5426 1306 5482 nummulis
1337 5425 1585 5496 paratis,
1615 5423 1778 5478 cibos
1810 5438 1935 5477 em-

275 5519 410 5586 ptos
443 5516 620 5571 sociis
650 5518 958 5589 gratulans
990 5517 1208 5583 attulit,
1240 5517 1301 5570 in
1330 5519 1495 5585 porta
1525 5512 1781 5569 civitatis
1803 5510 1930 5567 obi-

277 5612 368 5660 ter
393 5606 696 5660 scribens:
730 5607 915 5663 Unius
951 5606 1196 5663 hominis
1224 5605 1386 5660 labor
1415 5608 1664 5674 quatuor
1694 5605 1933 5672 egentes

282 5696 463 5766 pavit.
498 5696 767 5751 Suaviter
826 5695 928 5752 illa
985 5712 1227 5768 vespera
1287 5695 1544 5760 fuerunt,
1607 5690 1931 5763 praesertim

281 5800 415 5839 cum
452 5784 779 5841 abundaret
809 5803 876 5842 ex
908 5786 1152 5859 reliquis
1185 5786 1340 5841 unde
1375 5783 1657 5856 postridie
1683 5781 1932 5853 prande-

2050 4803 2220 4854 certaa
2250 4796 2417 4851 illum
2447 4797 2660 4852 mercis
2692 4800 2839 4851 satis
2867 4814 3011 4852 rara:
3044 4797 3335 4853 desiderio
3367 4796 3572 4864 teneri,
3631 4797 3691 4852 in

2045 4904 2245 4960 quam,
2281 4887 2329 4942 si
2362 4888 2543 4959 proba
2581 4891 2638 4941 et
2695 4885 2902 4942 idonea
2968 4888 3138 4959 cepia
3195 4887 3536 4961 reperietur,
3598 4904 3695 4943 sex

2046 4982 2341 5048 septemve
2374 4992 2756 5032 nummorum
2789 4976 2976 5031 millia
3021 4976 3273 5033 libenter
3301 4976 3692 5047 impenderet.

2044 5066 2220 5122 Porro
2250 5081 2317 5119 ex
2351 5064 2560 5120 amicis
2589 5065 2883 5122 veteribus
2930 5066 3092 5136 (nam
3144 5066 3355 5123 horum
3403 5064 3691 5133 quosdam

2042 5155 2101 5210 in
2135 5155 2307 5210 turba
2339 5155 2486 5209 forte
2525 5159 2734 5210 nactus
2755 5159 2901 5227 erat)
2931 5155 3234 5225 didicerat,
3283 5156 3412 5226 ejus
3455 5155 3692 5227 speciei,

2044 5261 2221 5316 quam
2244 5244 2338 5299 hic
2373 5244 2716 5315 peregrinus
2750 5244 2988 5300 institor
3014 5250 3275 5318 cuperet,
3308 5245 3536 5317 copiam
3593 5261 3691 5300 ex-

2045 5333 2316 5405 spectari,
2374 5351 2408 5387 a
2476 5333 2749 5389 nauelero
2825 5334 3177 5391 adventante
3250 5336 3688 5408 iuportandam.

2042 5426 2211 5478 Hunc
2242 5423 2614 5494 praestolatus
2647 5428 3017 5495 praeoccupat
3052 5424 3280 5494 primus
3310 5422 3604 5487 omnium,
3634 5426 3697 5477 et.

2045 5513 2117 5566 de
2148 5527 2338 5567 merce
2372 5527 2544 5583 quam
2570 5510 2696 5575 ,dixi
2731 5511 2920 5584 pretio
2970 5528 3347 5569 nummorum
3402 5528 3504 5569 sex
3561 5511 3697 5567 mil-

2042 5600 2191 5656 lium
2222 5599 2515 5669 transigit,
2546 5615 2613 5656 ac
2642 5599 2782 5657 dato
2821 5616 2891 5656 ex
2941 5601 3146 5657 amicis
3205 5616 3489 5675 sponsore
3539 5598 3694 5657 solu-

2046 5689 2223 5746 tionis
2279 5690 2437 5745 intra
2493 5689 2649 5745 diem
2730 5692 3231 5762 repraesentandm,
3310 5690 3690 5757 navarchum,

2048 5796 2306 5853 quocum
2339 5783 2557 5852 egerat,
2589 5795 2723 5835 cum
2758 5796 2950 5837 merce
2980 5780 3104 5837 adit
3133 5798 3146 5851 ;
3172 5782 3222 5839 is
3252 5797 3379 5838 eam
3410 5780 3696 5854 qualitate
