4226 6460
657 402 788 456 1351

2157 403 2548 458 ΑΡΡΒΝΒΙΧ.

3922 409 4064 463 1352

653 544 720 583 ac
753 543 996 582 numero
1028 526 1262 598 qualem
1296 529 1534 598 optabat
1565 545 1626 584 se
1674 529 1785 583 cito
1845 532 2082 583 nactum
2131 527 2288 597 gavi-
2320 535 2372 597 Α
2408 529 2566 582 mino
2599 544 2773 599 quem
2796 529 3137 597 extulimus,
3163 531 3322 602 regia
3341 532 3613 587 universa
3639 534 3886 602 familia;
3913 536 4055 603 quid

654 635 778 682 sus,
807 621 1027 686 septem
1055 616 1238 671 millia
1269 622 1577 671 nummum
1603 617 1761 671 haud
1792 623 2026 688 gravato
2055 617 2296 687 pacisci-

655 711 751 759 tur
781 710 836 760 et
865 708 1063 759 statim
1099 705 1296 759 tradit-
1335 705 1435 759 His
1471 712 1666 760 nostcr
1695 706 1952 776 acceptis
2008 723 2177 761 suam
2241 712 2298 759 et

653 794 955 864 eponsoris
989 795 1160 847 ﬁdem
1195 795 1424 861 liberat,
1460 812 1560 849 sex
1593 796 1856 849 millibus
1887 812 1954 849 ex
1984 800 2153 864 pacto
2185 812 2296 847 nu-

656 885 952 940 merandis
980 885 1072 938 cui
1119 885 1384 940 debebat.
1448 886 1695 956 Moxque
1756 886 1826 939 ad
1887 886 2078 940 socios
2137 885 2294 940 festi-

653 990 801 1028 nans
835 976 891 1028 in
927 979 1091 1044 porta
1151 973 1312 1027 urbis
1363 975 1612 1028 carbone
1668 990 1787 1026 suae
1847 979 2295 1028 monumentum

629 1063 835 1132 Opera:
864 1062 1134 1132 signavit,
1168 1062 1252 1117 sic
1283 1063 1546 1117 scribens
1576 1078 1589 1116 :
1621 1062 1919 1117 lndustria
1955 1062 2296 1116 mercatoris

651 1150 811 1205 mille
845 1166 1120 1206 nummos
1146 1167 1260 1205 una
1291 1152 1385 1205 die
1416 1151 1526 1205 sibi
1560 1156 1618 1205 et
1647 1150 1951 1204 sodalibus
1982 1166 2049 1204 ex
2109 1150 2294 1204 nihilo

648 1240 918 1294 confecit.

719 1329 805 1383 IV.
840 1328 1001 1383 Unus
1034 1333 1338 1399 supererat
1399 1329 1553 1399 regis
1616 1328 1821 1396 tilius;
1880 1329 1978 1398 qui
2045 1344 2156 1381 non
2220 1328 2294 1381 ita

647 1418 831 1472 multo
865 1423 1016 1488 post,
1047 1419 1141 1472 die
1172 1423 1361 1488 capto,
1429 1435 1543 1471 non
1599 1417 1767 1472 bonis
1825 1418 2032 1472 avibus
2089 1418 2291 1471 urbem

646 1508 868 1576 ingredi
896 1508 1057 1561 visus
1087 1512 1176 1562 est
1206 1511 1456 1561 stratam
1493 1506 1652 1560 luctu
1693 1524 1706 1572 ;
1742 1523 1872 1560 nam
1908 1522 1974 1559 ea
2008 1506 2098 1560 sui
2141 1506 2294 1576 regis

642 1597 769 1651 sine
799 1595 1002 1651 liberis
1032 1596 1292 1650 defuncti
1328 1596 1504 1649 funus
1540 1603 1743 1649 incesta
1773 1594 2126 1648 celebrabat.
2156 1593 2292 1648 Pro-

641 1702 801 1740 ceres
842 1685 942 1756 qui
976 1685 1401 1755 rempublicam
1427 1685 1946 1749 administrabant,
1973 1683 2073 1737 tali
2098 1699 2288 1736 rerum

643 1773 889 1830 articulo
921 1773 1178 1840 solliciti,
1215 1791 1286 1829 ne
1313 1773 1455 1845 quid
1489 1773 1798 1828 turbarum
1857 1772 2131 1840 oriretur,
2192 1788 2293 1825 cu-

643 1864 865 1918 stodias
896 1863 1339 1934 geminaverant
1371 1867 1697 1932 portarum,
1731 1859 2135 1930 explorarique
2158 1859 2293 1914 sub-

641 1956 850 2005 euntes
875 1952 1204 2021 jusseraut.
1243 1951 1328 2004 Ab
1360 1949 1922 2021 hisianimadversus
1949 1948 2290 2019 peregrinus

634 2039 867 2109 juvenis
899 2040 1135 2110 speciei,
1169 2038 1434 2104 heroicae,
1496 2053 1629 2091 cum
1687 2037 2081 2104 interrogatus
2133 2035 2286 2103 quis,

641 2130 833 2199 cujus,
868 2128 1042 2197 unde,
1076 2144 1178 2181 cur
1209 2126 1455 2194 veniret,
1486 2141 1836 2196 responsum
1866 2123 2018 2177 haud
2066 2128 2287 2178 certum

637 2216 994 2288 expedisset,
1027 2219 1307 2287 supectus
1340 2216 1397 2269 in
1432 2213 1668 2268 vincula
1716 2214 1888 2267 datus
1947 2216 2056 2280 est,
2118 2211 2288 2266 valde

638 2306 1083 2371 miserantibus,
1129 2305 1226 2360 ubi
1287 2321 1408 2360 rem
1472 2319 1814 2374 cognovere,
1877 2307 1993 2356 tam
2055 2300 2283 2356 tristem

639 2413 982 2452 successum
1013 2395 1209 2451 sociis.
1241 2395 1461 2449 Triduo
1487 2397 1620 2465 post
1642 2391 2018 2447 consulentes
2036 2390 2106 2444 de
2133 2390 2286 2462 regis

637 2485 918 2541 electione
976 2488 1300 2552 senatores,
1362 2482 1677 2537 audierunt
1753 2498 1786 2535 a
1864 2479 2282 2550 quaesitoribus

639 2592 764 2645 qua:
819 2573 858 2628 ii
917 2573 1145 2644 captivo
1222 2571 1594 2626 adolescente
1674 2570 2076 2625 resciverant:
2155 2583 2285 2623 esse

636 2664 803 2718 illum
840 2663 992 2734 regis
1026 2651 1230 2717 noti‘et
1256 2661 1508 2732 potentis
1542 2657 2284 2730 primogenitum,factione

637 2752 835 2807 fratris
869 2750 1133 2806 mimoris
1156 2750 1318 2820 regni
1344 2748 1678 2803 haereditate
1698 2748 1988 2816 dejectum
2018 2763 2030 2812 ;
2055 2750 2111 2799 et
2138 2746 2282 2799 forte

637 2842 794 2896 fama
825 2841 905 2896 rei
938 2846 1110 2895 tantae
1147 2840 1206 2893 in
1241 2838 1504 2910 proximo
1563 2842 1736 2908 gestae
1794 2853 1860 2892 eo
1919 2839 2277 2907 pervenerat,

632 2931 937 2990 celebrans
960 2930 1133 2985 etiam
1167 2928 1277 2982 viri
1329 2926 1551 2982 laudes.
1608 2927 1708 2982 His
1761 2924 1980 2980 auditis
2039 2931 2278 2979 senatus

636 3020 929 3090 princeps,
967 3019 1206 3088 Nempe,
1238 3017 1455 3088 inquit,
1481 3019 1702 3081 Patres,
1727 3031 1922 3086 regem
1951 3014 2105 3069 Deus
2133 3016 2280 3068 ultro

635 3109 796 3164 nobis
854 3109 1041 3175 offert,
1103 3123 1219 3177 quo
1275 3107 1577 3161 meliorem
1637 3121 1708 3160 ne
1765 3108 1966 3174 optare
2043 3103 2279 3174 quidem

636 3214 977 3270 possumus.
1009 3196 1332 3264 Exstincta,
1357 3199 1423 3250 ut
1445 3186 1631 3262 scitis,
1658 3197 1748 3250 est
1775 3209 1912 3248 cum
1937 3197 2135 3248 nostro
2175 3193 2278 3247 do-

2403 615 2730 687 elegantius
2761 617 2950 672 facere
2979 618 3114 673 licet
3143 635 3322 689 quam
3382 620 3842 687 nobilissimum,
3894 624 4050 694 opti—

2406 721 2591 771 mum,
2628 723 2732 760 nec
2790 708 2996 761 rudem
3056 709 3338 778 regnandi
3391 711 3604 764 artium
3657 712 3940 777 juvenem
3991 711 4050 764 in

2405 811 2650 848 vacuum
2685 797 2868 849 nostri
2900 797 3061 867 regni
3093 796 3334 851 evehere
3365 797 3579 852 solium
3605 798 3632 851 ?
3653 798 4057 869 Disceptatum

2402 883 2740 952 aliquandiu
2775 885 2844 938 de
2877 901 2956 952 re,
3000 890 3404 954 certatumque
3461 887 3609 940 votis
3668 904 3735 942 ac
3793 888 4054 941 studiis:

2402 972 2640 1027 tandem
2675 973 2951 1027 euntibus
2984 973 3281 1044 plerisque
3338 974 3396 1028 in
3457 977 3813 1029 sententiam
3877 977 4056 1046 primi

2402 1060 2712 1126 senatoris,
2745 1062 2992 1115 eductus
3021 1078 3052 1116 e
3077 1062 3346 1116 custodia
3377 1063 3486 1117 rite
3535 1072 3849 1118 coronatur
3911 1066 4056 1118 ado-

2403 1148 2644 1203 lescens.
2679 1149 2966 1217 Subjiciet
2998 1149 3109 1204 sibi
3153 1151 3406 1220 quisque
3438 1152 3605 1219 facile
3637 1169 3764 1222 quae
3801 1155 4056 1218 novitas,

2405 1253 2650 1307 quaeque
2682 1238 3002 1292 admiratio
3035 1242 3380 1293 cunctorum
3413 1240 3605 1294 fuerit.
3664 1241 3866 1295 Trium
3932 1259 4060 1295 ma-

2400 1327 2554 1380 xime
2585 1327 2718 1394 ojus
2758 1327 3041 1381 comitum
3104 1333 3233 1398 post
3289 1329 3523 1384 anxiam
3556 1331 4054 1400 exspectationem

2403 1415 2613 1485 ingens
2645 1415 2929 1486 gaudium
2962 1420 3018 1470 et
3043 1416 3357 1486 gratulatio
3390 1416 3488 1472 Dei
3517 1417 3691 1472 laude
3732 1420 4056 1489 conjuncta

2401 1504 2643 1557 exstitit.
2678 1504 2877 1574 Neque
2907 1504 3115 1559 horum
3149 1504 3365 1559 oblitus
3414 1506 3472 1559 in
3532 1505 3762 1561 fortuna
3822 1507 4056 1561 meliori

2403 1609 2586 1646 novus
2615 1610 2734 1656 rex,
2761 1593 2961 1646 statim
2994 1609 3093 1648 eos
3125 1596 3390 1658 accersit,
3426 1611 3492 1649 ac
3525 1595 3779 1649 nobilem
3812 1596 4056 1664 quidem

2402 1682 2733 1735 formosum
2761 1681 2928 1736 illum
2965 1681 3222 1752 palatino
3254 1684 3508 1738 maximo
3532 1691 3904 1739 auctoratum
3940 1702 4060 1738 ma-

2398 1772 2646 1839 gistratu
2682 1772 2837 1841 apud
2873 1788 2935 1825 se
2967 1771 3175 1825 habuit
3204 1787 3218 1837 ;
3253 1773 3606 1843 naufragum
3665 1780 4054 1828 mercatorem

2401 1859 2604 1913 aerario
2637 1859 2928 1930 praefecit;
2955 1861 3173 1915 rustico
3195 1861 3447 1931 denique
3464 1861 3732 1916 villarum
3758 1863 4057 1934 regiarum

2400 1948 2866 2018 procurationem
2893 1947 3291 2003 demandavit.
3310 1957 3391 2004 Ac
3412 1950 3565 2019 quod
3594 1949 3724 2005 illos
3747 1951 4060 2021 scripsisse

2399 2039 2455 2092 in
2493 2043 2658 2108 porta
2692 2043 3056 2108 compererat
3087 2037 3344 2110 elogium
3380 2056 3501 2094 suae
3531 2057 3822 2111 quemque
3848 2043 4053 2109 sortis,

2397 2127 2600 2198 etipse
2634 2128 2686 2180 id
2722 2126 3010 2194 imitatus,
3042 2126 3102 2182 in
3140 2128 3328 2182 fronte
3389 2129 3658 2200 propylc'ei
3718 2134 3898 2200 porta
3955 2148 4048 2184 ur-

2399 2216 2490 2270 bis
2525 2215 3022 2287 primariaelooari
3082 2233 3344 2272 marmor
3399 2218 3624 2273 curavit
3680 2221 3772 2273 cui
3829 2219 4049 2274 litteris

2395 2304 2886 2375 quadrantalibus
2917 2305 3110 2360 aureis
3143 2305 3398 2377 insculpi
3457 2309 3715 2377 jnsserat
3748 2326 3759 2363 :
3821 2309 4050 2363 Certior

2397 2393 2755 2464 solidiorque
2787 2395 2946 2448 basis
2976 2394 3200 2448 fiduciae
3277 2396 3545 2450 humanae
3625 2413 3798 2466 quam
3859 2397 4050 2460 labor,

2395 2485 2604 2545 forma,
2664 2482 2978 2546 industria,
3038 2482 3234 2536 divina
3284 2489 3374 2538 est
3430 2485 3815 2555 providentia,
3886 2486 4046 2540 unde

2393 2588 2569 2626 omne
2598 2572 2818 2626 bonum
2853 2571 3130 2641 provenit.
3169 2577 3300 2627 Haec
3328 2572 3533 2627 Genxaa
3578 2573 3658 2643 (id
3717 2573 3766 2627 ei
3824 2591 4045 2628 nomen

2394 2660 2540 2730 erat)
2573 2675 2807 2729 semper
2837 2659 2945 2714 fuit
2975 2661 3196 2730 opinio,
3229 2660 3567 2716 felicissimo
3616 2669 3821 2716 eventu
3877 2680 4039 2717 com-

2395 2750 2656 2819 probata.
2692 2749 2812 2803 Sub
2865 2748 2985 2803 haec
3046 2765 3324 2814 perorans
3377 2751 3866 2822 gymnosophista
3918 2752 4042 2822 regi

2391 2836 2776 2893 Abessalomo
2808 2836 3001 2892 dixit:
3057 2838 3233 2894 Vides
3290 2856 3360 2893 ex
3417 2840 3530 2905 his,
3583 2841 3838 2909 domine,
3897 2859 4044 2912 opes

2391 2925 2700 2997 egentibus
2728 2927 3063 2999 contingere
3101 2943 3300 2998 Opera,
3339 2929 3555 2998 specie,
3601 2945 3835 3000 genere,
3896 2939 4042 2994 arte,

2392 3021 2451 3070 at
2481 3031 2659 3086 super
2688 3016 2907 3082 omnia,
2944 3015 3302 3086 providentia
3337 3023 3396 3071 et
3427 3021 3714 3087 potestate
3773 3020 4042 3090 supremi

2390 3104 2665 3160 Numinis
2688 3110 2898 3160 cuncta
2912 3104 3351 3177 sapientissime
3363 3105 3811 3178 aequissimeque
3836 3108 4012 3163 mode
4030 3141 4046 3148 -

2393 3193 2600 3248 rantis.

1705 3509 2220 3571 DISSERTATIO
2277 3508 2770 3569 PARABOLICA
2816 3508 2974 3566 XIII.

635 3625 833 3686 Docet
869 3632 1023 3683 vices
1052 3642 1262 3700 aqua:
1292 3638 1509 3680 rerum
1539 3629 1781 3679 aeterna
1812 3617 1948 3695 lege
2007 3618 2376 3677 constitutas
2407 3638 2427 3684 ;
2459 3618 2629 3675 unde
2691 3622 3021 3675 conveniat
3083 3636 3208 3675 non
3264 3636 3436 3694 aegre
3485 3625 3658 3695 ferre
3715 3642 3857 3681 cum
3906 3631 4055 3700 quis

2021 3717 2162 3777 quae
2186 3706 2360 3774 fecit,
2391 3704 2669 3774 patitur.

709 3859 864 3915 Dixit
893 3862 1089 3913 autem
1133 3872 1269 3910 rex:
1316 3854 1550 3925 Percepi
1613 3851 1948 3924 parabolam
1998 3850 2173 3905 istam
2233 3855 2289 3905 et
2320 3852 2362 3917 C
2399 3849 2625 3921 cipiunt
2655 3849 3070 3905 abstinendum
3106 3850 3216 3904 sibi
3249 3867 3378 3906 esse
3412 3871 3443 3907 a
3474 3855 3751 3909 vexandis
3804 3873 3906 3926 per
3967 3859 4058 3913 in-

641 3948 781 4019 quid
819 3963 1076 4018 peream
1128 3943 1503 4016 praecipiatur
1563 3941 1876 4013 intelligo;
1935 3956 2091 3994 nunc
2151 3940 2293 3994 doce

643 4054 754 4107 quo
789 4041 956 4107 pacto
989 4037 1091 4089 ﬁat
1122 4040 1185 4087 ut
1218 4032 1386 4087 facile
1417 4029 1693 4086 oblivioni
1727 4030 1922 4083 tradat
1953 4045 2020 4083 ac
2081 4045 2290 4099 parum

641 4131 806 4181 curet
837 4126 1060 4180 alienas
1092 4121 1480 4187 calamitates,
1514 4119 1613 4190 qui
1647 4118 1879 4173 nullum
1942 4119 2066 4187 ipse
2124 4118 2290 4171 dam-

647 4233 787 4271 num
851 4231 1062 4286 passus
1119 4228 1380 4283 unquam
1442 4214 1571 4275 est;
1630 4207 1728 4262 ubi
1788 4211 1981 4261 autem
2045 4205 2292 4276 experiri

643 4306 798 4360 mala
830 4304 1089 4374 coeperit,
1123 4301 1371 4355 aliorum
1425 4298 1510 4352 illi
1578 4297 1796 4362 clades,
1859 4295 2293 4349 admonitiones

639 4413 704 4450 ac
737 4396 1092 4448 documenta
1124 4391 1246 4446 sint
1276 4389 1492 4461 quibus
1515 4388 1584 4441 ad
1607 4385 2075 4457 resipisceudum
2101 4384 2292 4437 addu-

643 4490 828 4540 catur.

713 4576 792 4628 Ad
825 4591 890 4627 ea
915 4589 1107 4626 rosum
1123 4575 1218 4642 ptn
1243 4585 1512 4624 sermone
1535 4563 2023 4637 gymnosophista
2047 4580 2290 4634 respon-

643 4666 727 4718 dit
759 4665 813 4717 in
851 4664 1007 4716 hunc
1042 4662 1318 4713 modum:
1369 4659 1474 4720 Qui
1532 4674 1646 4710 non
1709 4655 1943 4709 dubitat
1998 4653 2145 4708 alios
2204 4653 2296 4706 la!-

643 4756 778 4807 dere
820 4759 881 4805 ut
907 4753 1017 4805 sibi
1055 4754 1240 4820 prosit
1272 4746 1638 4818 ipsi,stultus
1669 4744 2138 4814 imprudensque
2181 4746 2292 4805 est,

645 4843 863 4914 quippe
894 4841 993 4911 qui
1025 4856 1136 4892 non
1172 4838 1386 4907 cogitet
1415 4837 1678 4890 omnium
1711 4849 1842 4888 esse
1877 4837 2141 4887 actorum
2194 4832 2293 4901 ju-

641 4937 762 4984 stas
795 4929 969 4992 vices,
1006 4923 1483 4993 immntahilique
1514 4923 1717 4977 ordine
1741 4935 2148 4976 successuram
2183 4918 2284 4973 ali-

641 5020 877 5088 quando
939 5017 1274 5084 cuicunque
1309 5012 1536 5083 injurize
1568 5027 1764 5082 parem
1799 5010 2105 5074 ultionem,
2141 5013 2294 5063 certe

643 5118 701 5164 ut
727 5107 1070 5178 longissime
1103 5105 1436 5167 difieratur,
1473 5100 1683 5155 ultima
1717 5098 1818 5153 illa
1849 5098 1941 5152 die
1974 5115 2089 5169 qua
2127 5115 2295 5168 aequa

639 5197 942 5253 retributio
976 5193 1229 5258 cunctis,
1266 5196 1441 5263 prout
1486 5189 1754 5251 vixerint,
1820 5188 2116 5242 reddetur.
2178 5189 2292 5242 Hac

639 5304 808 5361 porro
844 5290 1036 5340 mente
1070 5285 1126 5337 in
1160 5282 1527 5337 calamitates
1555 5280 1772 5333 incidet
1805 5275 2289 5345 immedicabiles,

639 5395 703 5431 ac
737 5376 846 5431 nisi
882 5375 1058 5428 vitam
1093 5372 1364 5428 emendet
1394 5371 1452 5424 in
1487 5375 1768 5439 tempore,
1803 5366 2155 5438 poenitentia:
2189 5366 2288 5420 de-

639 5469 816 5536 nique
848 5481 989 5519 serze
1022 5467 1197 5532 atquo
1233 5460 1461 5515 inutilis
1494 5459 1613 5514 acri
1647 5462 1938 5512 tormento
1998 5454 2286 5510 cruciabi-

635 5562 749 5610 tur.
787 5553 1142 5623 Hujusmodi
1175 5557 1371 5605 tamen
1406 5549 1706 5603 interdum
1743 5546 2137 5601 emendantur
2192 5560 2290 5598 ex-

640 5643 922 5717 perientia
951 5642 1241 5696 malorum
1277 5638 1647 5710 propriorum
1681 5656 1694 5702 ;
1729 5641 1784 5690 et
1806 5636 1852 5688 si
1889 5634 2125 5704 quando
2156 5649 2291 5688 sen-

637 5737 788 5791 tiant
814 5733 1032 5788 damna
1060 5731 1134 5787 ab
1165 5731 1320 5797 aliis,
1352 5727 1535 5798 illata,
1569 5726 1896 5797 intelligere
1926 5725 2165 5778 demum
2201 5723 2293 5777 in-

2393 3941 2586 4010 jurias
2617 3939 2771 4004 aliis,
2817 3946 2986 4010 prout
3037 3940 3229 3995 lezenzs
3287 3942 3550 4012 contigit.
3616 3945 3828 4000 Ferunt
3886 3949 4053 4001 enim

2399 4029 2590 4083 leanae
2622 4029 2877 4099 cuipiam
2915 4028 3139 4083 catulos
3169 4031 3316 4085 duos
3351 4031 3704 4102 fuisse,quos
3730 4035 3855 4104 ipsa
3875 4053 4056 4090 vena-

2403 4127 2520 4172 tum
2556 4118 2852 4189 prodiens,
2887 4123 3033 4185 tuto,
3067 4123 3128 4171 ut
3161 4121 3424 4188 putabat,
3469 4120 3593 4175 loco
3659 4123 3930 4193 deposuit
3989 4126 4054 4180 in

2401 4206 2565 4272 silva,
2595 4207 2691 4260 ubi
2727 4222 2827 4260 eos
2855 4206 3114 4260 inventos
3145 4213 3390 4261 venator
3437 4209 3674 4279 quidam
3736 4213 4054 4277 interfecit,

2401 4301 2456 4349 et
2488 4295 2635 4365 pelle
2669 4295 2902 4364 utrique
2935 4296 3197 4349 detracta
3228 4312 3549 4368 secumque
3607 4299 3820 4369 ablata,
3876 4319 4058 4356 exco-

2401 4383 2576 4437 riatos
2611 4389 2665 4437 et
2691 4383 2901 4437 misere
2931 4382 3154 4438 laceros
3188 4383 3446 4455 reliquit.
3481 4388 3682 4442 Redux
3722 4391 3792 4443 ad
3851 4390 4050 4446 locum

2402 4472 2599 4538 leaena,
2633 4477 2691 4527 et
2721 4472 3102 4527 charissimos
3163 4473 3316 4527 fetus
3370 4475 3687 4531 exstinctos
3746 4484 3920 4549 atque
3979 4498 4052 4535 ex

2401 4563 2773 4617 carniﬁcatos
2832 4579 3096 4631 cernens,
3159 4563 3486 4618 incredibili
3540 4564 3766 4620 conﬁxa
3849 4567 4052 4624 dolore

2400 4656 2509 4716 est,
2545 4650 2892 4720 nullumque
2922 4652 3096 4704 ﬁnem
3129 4652 3306 4706 flendi
3337 4669 3402 4706 ac
3459 4653 3817 4709 lamentandi
3881 4657 4056 4711 facie-

2402 4740 2522 4809 bat,
2553 4741 2696 4794 adeo
2731 4745 2794 4793 ut
2823 4739 3109 4810 ejulatum
3143 4741 3274 4810 ejus
3299 4759 3365 4796 ac
3397 4742 3696 4813 planctum
3730 4747 3915 4800 excita
3956 4764 4058 4800 so—

2401 4831 2526 4883 nitu
2555 4828 2745 4883 vicina
2777 4845 2915 4883 ursa
2973 4845 3074 4899 pro
3133 4830 3565 4887 necessitudine
3596 4840 3928 4889 accurreret
3981 4837 4056 4890 ad

2400 4917 2655 4972 amicam
2696 4916 3133 4972 consolandam.
3193 4920 3288 4973 Ait
3343 4936 3480 4992 ergo
3538 4921 3714 4976 simul
3768 4924 4056 4993 pervenit.

2401 5005 2543 5071 Quis
2574 5010 2630 5060 te
2659 5010 2856 5061 tantus
2887 5022 3104 5061 mceror
3132 5009 3390 5073 conficit,
3423 5027 3528 5080 age
3567 5011 3705 5082 quid
3738 5013 4006 5082 quereris
4028 5014 4057 5067 ?

2401 5096 2541 5166 quid
2575 5096 2682 5150 tibi
2715 5096 2870 5166 quod
2905 5095 3090 5150 nolles
3121 5099 3424 5171 contigit?
3472 5099 3794 5167 Enimvero,
3856 5101 4059 5173 inquit

2401 5186 2524 5256 illa,
2589 5186 2882 5257 quomodo
2943 5203 3056 5240 non
3117 5186 3314 5255 fleam,
3377 5189 3622 5255 utulem,
3696 5209 3808 5246 non
3890 5193 4059 5264 plan-

2402 5292 2560 5347 gam,
2631 5293 2756 5346 quis
2831 5275 2979 5330 duos
3046 5276 3273 5332 catulos
3340 5280 3700 5334 amiserim?
3758 5281 3870 5335 Hos
3969 5300 4058 5336 re-

2399 5364 2684 5435 liqueram
2706 5365 3082 5419 absconditos
3106 5366 3163 5420 in
3188 5368 3556 5423 arundineto.
3586 5370 3831 5425 Venator
3852 5377 4058 5427 autem

2399 5454 2639 5524 quidam
2675 5454 2793 5508 illic
2817 5458 3075 5522 repertos
3108 5455 3238 5521 (heu
3275 5457 3415 5511 mihi
3452 5456 3490 5529 Ξ)
3541 5459 3772 5527 occidit,
3832 5465 3889 5514 et
3951 5479 4058 5517 nu-

2399 5546 2669 5598 datarum
2703 5542 2968 5597 carnium
2996 5543 3178 5614 pelles
3234 5548 3504 5602 auferens
3561 5548 3722 5603 abiit.
3787 5549 3942 5604 Dixit
4001 5553 4058 5605 ei

2400 5650 2540 5688 ursa
2574 5649 2585 5684 :
2617 5631 2813 5702 Atqui.
2843 5634 3054 5697 amica,
3088 5634 3237 5690 terre
3271 5642 3323 5689 te
3355 5638 3510 5690 hunc
3543 5654 3741 5693 casum
3785 5655 3852 5693 eo
3900 5657 4051 5694 con-

2401 5721 2658 5778 stantius
2689 5737 2794 5792 par
2823 5727 2932 5791 est,
2966 5723 3122 5793 quod
3153 5741 3287 5780 eum
3321 5728 3555 5782 conscia
3583 5729 3688 5783 tibi
3712 5745 3775 5784 es
3798 5732 4052 5786 merenti
