4226 6460
205 425 348 482 1353
1220 415 1574 472 SPECIMEN
1614 413 1874 467 SAPIEN

1936 415 2014 466 [ΛΕ
2055 415 2128 467 IN
2138 415 2387 471 DORUM
2425 417 2588 471 VET.
3471 414 3605 470 1354

203 552 547 622 contigisse,
582 561 715 602 nam
747 545 947 600 eadem
981 557 1106 612 quae
1140 540 1328 596 fecisti
1363 555 1536 610 passa
1576 554 1655 592 es.
1701 540 1850 600 Quo-
1883 540 1932 602 Α
1967 537 2242 607 profecto,
2296 538 2490 609 inquit
2544 539 2764 605 leaena;
2825 539 2916 594 cui
2994 555 3152 604 ursa,
3211 538 3358 602 Quid
3427 539 3608 611 igitur

201 642 366 697 circa
397 639 632 694 modum
665 650 845 706 ponas
898 630 1151 688 luctibus
1182 645 1411 696 censeo,
1462 643 1526 681 ac
1572 630 1849 696 reputans
1960 641 2144 680 causae
2177 628 2400 694 est,ait,
2433 645 2539 683 cur
2584 627 2804 682 nullius
2855 628 3062 699 patris,
3117 626 3342 682 nullius
3400 631 3606 684 matris

203 735 400 784 tecum
429 742 605 798 quam
629 723 842 780 multas
875 725 930 776 et
962 722 1089 791 ipsa
1140 723 1354 774 matres
1401 717 1570 771 orbas
1624 713 1848 780 feceris,
1960 728 2027 768 ex
2051 719 2170 769 tam
2224 715 2422 771 multis
2470 733 2615 787 quos
2660 717 2868 772 catulis
2916 717 3157 785 orbasti,
3196 716 3452 787 ejulatus
3502 735 3605 773 au-

208 816 708 884 orbitatemjusta
736 811 855 866 vice
903 809 1008 864 tibi
1049 823 1352 878 repensam
1399 805 1534 860 boni
1587 801 1846 868 consule,
1963 803 2243 859 dzamus?
2291 806 2349 859 Si
2402 820 2538 876 ergo
2588 806 2670 860 illi
2701 807 2864 862 taciti
2909 805 3137 861 dolores
3205 823 3344 862 suos
3392 823 3607 863 conco-

209 912 312 962 aut
366 905 651 976 patienter
704 900 911 957 saltem
970 897 1180 953 tolera.
1237 896 1460 951 Usitata
1527 892 1741 964 pateris
1797 895 1853 945 et
1963 899 2174 963 quunt,
2209 899 2506 964 utcunque
2539 895 2800 966 plerique
2833 913 2943 950 non
2978 895 3202 950 meritis
3235 895 3472 966 paribus
3522 897 3606 952 fa-

209 1010 415 1066 aequa:
468 999 680 1048 aeterna
731 990 947 1060 quippe
995 987 1284 1043 sancitum
1331 985 1476 1055 lege,
1523 984 1738 1052 ubique
1786 996 1849 1035 ac
1963 982 2070 1037 ctis
2103 983 2298 1038 clades
2334 1000 2490 1048 suas,
2527 985 2655 1039 vide
2687 1003 2758 1040 an
2784 1002 2896 1040 non
2930 1001 3163 1055 aequum
3199 985 3275 1040 sit
3296 989 3352 1038 te
3386 985 3606 1055 patien-

211 1101 447 1156 semper
492 1082 678 1138 serius
715 1082 879 1135 ocius
927 1079 1025 1143 sit,
1074 1083 1136 1131 ut
1187 1093 1311 1146 quae
1362 1073 1510 1128 male
1543 1072 1676 1142 quis
1709 1071 1852 1124 dixit
1964 1071 2082 1125 tius
2116 1071 2289 1141 paulo
2323 1073 2470 1126 ferre
2516 1075 2729 1142 quibus
2761 1075 2939 1145 digna
2980 1091 3062 1140 es,
3096 1089 3200 1128 nec
3250 1073 3427 1129 nimis
3459 1074 3606 1128 indi-

211 1175 452 1240 audiat;
486 1190 612 1244 qua:
645 1170 797 1239 fecit,
832 1170 1008 1223 ferat:
1062 1182 1189 1237 quas
1239 1161 1613 1219 seminaverit
1654 1164 1850 1225 meiat,
1963 1165 2209 1231 gnanter
2245 1161 2506 1230 excipere
2537 1163 2608 1216 ab
2659 1163 2938 1234 exemplis
2971 1167 3085 1218 ate
3139 1163 3292 1219 datis
3341 1164 3399 1218 in
3433 1169 3600 1219 tuum

212 1279 447 1336 quaque
499 1277 775 1316 mensura
819 1273 1057 1312 mensus
1112 1254 1243 1309 aliis
1284 1252 1476 1314 fuerit,
1508 1251 1710 1304 eadem
1743 1246 1854 1318 ipsi
1963 1250 2142 1304 semel
2196 1254 2370 1320 caput
2413 1251 2689 1322 injuriam
2741 1253 3008 1308 reﬂexam
3038 1254 3064 1308 ‘I
3113 1254 3284 1321 Quin,
3340 1259 3500 1324 puto,
3557 1255 3607 1310 si

209 1353 575 1418 remetiatur;
635 1349 886 1419 denique
934 1347 1032 1416 qui
1095 1345 1338 1406 foveam,
1407 1341 1507 1411 qui
1556 1339 1852 1409 laqueum,
1963 1355 2166 1393 verum
2200 1339 2284 1393 vis
2316 1340 2530 1407 dicere,
2572 1342 2866 1412 fateberis,
2912 1343 3364 1414 haudquaquam
3397 1347 3451 1397 te
3483 1348 3604 1398 tam

210 1445 313 1515 qui
339 1443 539 1498 dolum
573 1437 836 1511 quemvis
865 1437 923 1492 in
957 1436 1239 1489 damnum
1273 1431 1512 1487 alterius
1545 1428 1854 1501 paraverit,
1967 1427 2188 1483 facilem
2243 1429 2300 1483 in
2352 1430 2626 1485 vexandis
2665 1431 2796 1486 aliis
2843 1433 3124 1500 futuram,
3157 1433 3204 1487 si
3256 1449 3606 1502 persuasum

211 1514 511 1588 similibus
543 1527 897 1599 quandoque
956 1521 1445 1577 circumveniatur
1487 1517 1740 1572 insidiis.
1779 1514 1854 1569 Ad
1967 1517 2274 1572 habuisses
2305 1518 2440 1572 hinc
2466 1526 2810 1575 eventurum
2845 1524 2910 1576 ut
2940 1525 3000 1575 tu
3025 1537 3257 1591 quoque
3289 1522 3609 1592 aliquando

212 1639 282 1677 ea
312 1621 495 1675 leaena
541 1633 674 1672 vero
726 1616 898 1678 victa,
948 1613 1135 1680 Recte,
1175 1609 1386 1679 inquit,
1437 1623 1660 1662 mones.
1707 1605 1855 1659 Tum
1968 1607 2130 1678 paria
2163 1612 2443 1678 paterere.
2478 1608 2580 1664 His
2611 1610 2831 1665 auditis
2882 1610 3084 1680 leaena,
3135 1615 3411 1682 reputans
3454 1612 3608 1682 apud

215 1727 379 1779 ursa,
409 1708 532 1776 Dic,
560 1706 767 1761 amabo
822 1708 898 1770 te,
931 1705 1073 1771 quot
1122 1715 1393 1754 numeras
1443 1699 1572 1751 vitae
1629 1694 1859 1749 annos?
1970 1712 2115 1760 sese,
2152 1697 2367 1767 proprii
2402 1697 2656 1768 seipsam
2691 1699 2782 1752 sui
2814 1715 3051 1754 causam
3077 1699 3381 1754 infortunii
3406 1701 3608 1766 fuisse,

213 1801 370 1855 Sane
420 1797 654 1864 multos,
704 1795 784 1849 ait
832 1793 1048 1859 leaena;
1103 1794 1158 1845 et
1207 1805 1366 1856 ursa,
1435 1787 1550 1840 Hoc
1605 1799 1855 1855 quoque,
1970 1785 2183 1839 seriam
2242 1785 2368 1839 vita:
2414 1787 2623 1855 prioris
2675 1789 3071 1858 pcenitentiam
3113 1789 3397 1858 concepit,
3433 1795 3613 1844 certa-

217 1888 329 1944 nisi
364 1902 535 1958 grave
598 1888 705 1951 est,
741 1896 1023 1948 memora,
1057 1895 1168 1948 quo
1207 1876 1394 1931 victus
1439 1891 1649 1945 genere
1696 1877 1860 1927 tanto
1892 1911 1938 1975 Β
1969 1889 2082 1944 quo
2127 1875 2576 1941 emendationis,
2622 1876 2894 1948 deinceps
2951 1892 3052 1932 esu
3108 1877 3368 1932 carnium
3432 1879 3613 1934 absti-

216 1981 479 2047 tempore
528 1973 610 2028 sia
669 1988 796 2038 usa,
851 1969 990 2040 quid
1041 1972 1126 2022 tot
1170 1966 1299 2022 istis
1349 1964 1519 2020 annis
1559 1963 1861 2017 comedere
1895 1963 1936 1975 “’
1972 1963 2119 2030 nuit,
2181 1964 2468 2019 t'ructibus
2543 1965 2820 2020 arborum
2892 1967 3066 2020 vitam
3144 1966 3420 2022 tolerans.
3483 1968 3614 2022 Post

215 2064 611 2122 consueveris.
644 2061 864 2131 Nempe
913 2057 1087 2121 nosti,
1128 2056 1209 2111 ait
1253 2054 1372 2119 illa,
1407 2053 1560 2108 vesci
1612 2068 1703 2106 me
1736 2068 1862 2106 car-
1974 2069 2098 2122 qua:
2127 2053 2453 2122 subjunxit,
2487 2055 2832 2126 compendio
2863 2055 3018 2110 dicta
3059 2055 3336 2126 colligens
3369 2073 3615 2127 gymno-

217 2156 396 2210 nibus
445 2149 834 2208 animantium
885 2146 1088 2202 solere.
1136 2146 1306 2209 Sane,
1340 2143 1420 2198 ait
1454 2158 1862 2207 ursa;rursus
1973 2142 2272 2212 sophista:
2333 2142 2436 2211 ,Sic
2496 2143 2665 2212 habe,
2725 2160 2822 2199 rex
2903 2145 3168 2214 maxime,
3247 2145 3346 2215 qui
3420 2145 3616 2201 dolore

216 2243 367 2298 illud
396 2255 612 2313 qurero:
637 2239 777 2302 Quis
805 2235 910 2291 tibi
943 2233 1305 2290 carnesistas
1328 2229 1864 2287 subministrabat?
1974 2231 2253 2302 pungitur
2301 2232 2522 2303 accepti
2591 2233 2813 2299 damni,
2863 2233 2962 2288 ubi
3035 2234 3210 2288 simul
3262 2235 3618 2306 cognoverit,

214 2331 508 2396 Venabar,
555 2327 767 2399 inquit,
802 2325 1061 2397 quotidie
1113 2323 1170 2376 in
1214 2326 1431 2387 monte,
1463 2325 1517 2374 et
1570 2336 1718 2391 quas
1762 2321 1859 2373 be-
1973 2319 2131 2374 istud
2165 2319 2292 2374 ideo
2325 2338 2388 2375 se
2423 2322 2537 2391 pati
2572 2322 2710 2392 quia
2758 2322 3029 2378 similiter
3073 2324 3130 2378 in
3164 2323 3308 2379 alios
3342 2341 3615 2396 peccave-

216 2422 366 2478 stias
417 2419 672 2490 arripere
722 2419 985 2488 poteram
1052 2413 1351 2468 vorabam.
1418 2411 1642 2465 Rursus
1702 2426 1862 2476 ursa,
1975 2409 2068 2474 rit,
2103 2415 2158 2463 et
2185 2407 2403 2464 malum
2439 2409 2666 2466 illatum
2719 2412 2861 2467 feret
2891 2412 3095 2480 levius,
3129 2417 3184 2468 et
3228 2414 3621 2468 deterrebitur

216 2510 367 2578 Quid
398 2507 502 2563 tibi
533 2504 1016 2574 videtur,inquit:
1073 2501 1352 2557 animalia
1378 2499 1478 2554 illa
1501 2504 1620 2553 tam
1654 2497 1858 2562 multa,
1973 2498 2029 2550 in
2060 2503 2358 2568 posterum
2388 2499 2460 2554 ab
2492 2499 2643 2569 aliis,
2677 2500 2931 2558 reditura
2954 2502 3012 2556 in
3044 2504 3624 2576 auctoremlquando-

217 2615 348 2671 quae
377 2595 615 2666 vorasti,
648 2593 940 2667 genitores
973 2607 1087 2648 non
1112 2588 1486 2646 habuerunt?
1519 2589 1862 2643 Habuerunt
1975 2602 2088 2657 que
2120 2587 2356 2659 injuria,
2392 2587 2697 2646 violandis.

1891 2744 1962 2758 ...ο

1369 2849 1840 2907 DISSERTATIO
1874 2849 2314 2907 PARABOLICA
2347 2849 2489 2907 XIV.

228 2961 457 3023 Tradit
487 2957 744 3019 modum
769 2954 1170 3015 discernendi
1199 2956 1470 3014 consilia
1502 2955 1695 3011 utilia
1726 2952 1802 3090 alb
1823 2952 2154 3110 lgnanibua,
2189 2955 2408 3029 qualia
2426 2957 2703 3013 maxime
2730 2963 2881 3014 sunt
2912 2955 2982 3015 id
3009 2957 3347 3017 suadentia
3382 2969 3628 3022 tentare

1614 3051 1758 3110 quoc
1875 3037 1968 3091 eri
2001 3038 2240 3109 nequit.

1614 3037 1780 3110 quod
1823 3037 1968 3110 ﬁeri
2001 3038 2240 3109 nequit.

295 3176 527 3248 Optima
557 3180 608 3229 et
639 3177 694 3229 te
727 3173 925 3244 digna,
956 3185 1053 3225 rex
1085 3170 1185 3238 ait,
1214 3168 1500 3240 nobisque
1532 3166 1752 3222 utiliter
1783 3183 1872 3221 re-
1985 3167 2333 3237 posteriores
2393 3167 2606 3224 habere
2663 3169 2903 3226 soleam.
2967 3173 3161 3241 Quare
3222 3176 3396 3246 agite,
3447 3177 3628 3234 libere

221 3267 467 3323 colenda
496 3264 833 3336 disputasti;
869 3278 1024 3316 nunc
1057 3261 1128 3315 de
1159 3257 1507 3315 consiliariis
1541 3273 1685 3328 quos
1707 3255 1872 3311 adhi-
1985 3257 2277 3327 suggerite
2309 3258 2512 3327 siquid
2547 3261 2797 3316 occurrit
2833 3262 2996 3317 vobis
3025 3268 3415 3335 opportunum
3450 3267 3627 3322 factu.

221 3359 360 3412 bere
389 3370 552 3424 reges
598 3353 831 3421 debent,
891 3351 1078 3420 deque
1129 3349 1363 3404 illorum
1397 3346 1622 3402 delectu
1658 3350 1714 3400 et
1762 3362 1871 3400 usu
1986 3347 2134 3400 Faxo
2166 3363 2234 3401 ne
2268 3362 2359 3401 me
2397 3348 2628 3404 tardum
2663 3349 2720 3404 in
2771 3351 3152 3418 admittendo,
3205 3370 3343 3408 neve
3389 3372 3630 3427 segnem

223 3443 581 3517 perlibenter
612 3441 828 3511 aliquid
863 3441 1147 3495 audirem.
1986 3435 2042 3489 in
2076 3437 2625 3508 exsequendo,quod
2659 3438 2772 3494 tale
2822 3443 3245 3513 proposueritis
3294 3447 3456 3516 queri
3494 3463 3634 3518 pos-

301 3529 1019 3603 I.Tumgymnosophista
1042 3529 1191 3584 hanc
1215 3531 1303 3583 est
1327 3526 1584 3582 fabulam
1609 3540 1870 3581 exorsus:
1917 3597 1948 3603 Α
1987 3523 2135 3578 sitis.
2168 3526 2249 3578 Ad
2311 3541 2377 3579 ea
2415 3526 2726 3593 Creborus,
2777 3529 3038 3586 certatim
3099 3533 3402 3600 adjutante
3462 3534 3633 3590 Lino-

225 3623 368 3678 Erat
394 3638 489 3677 rex
525 3597 779 3676 m'urium
812 3597 1166 3689 'I‘roglodyta
1199 3617 1452 3684 nomine,
1486 3617 1690 3670 urbem
1731 3615 1876 3668 bene
1906 3597 1951 3665 Ο
1993 3615 2155 3680 rodo,
2205 3630 2487 3685 generosa
2527 3614 2638 3672 ista
2667 3620 2723 3672 et
2753 3617 3100 3688 dignissima
3153 3597 3414 3694 principe
3463 3623 3634 3679 indu-

232 3711 602 3768 munitamin
627 3711 856 3765 deserta
880 3714 934 3763 et
954 3707 1324 3777 aviaregione
1343 3722 1575 3761 summa
1597 3703 1880 3774 tranquil-
1989 3706 2178 3759 ctione
2209 3705 2387 3759 animi
2433 3705 2688 3772 laudata,
2739 3708 3257 3766 incalescebantin
3310 3714 3636 3782 suadendo,

229 3803 398 3858 litate
455 3801 748 3863 obtinens,
824 3798 1285 3868 imperitansque
1356 3795 1579 3866 ingenti
1637 3809 1880 3848 numero
1993 3799 2054 3848 ut
2084 3795 2553 3851 conscriberetur
2584 3813 2758 3866 quam
2792 3801 3318 3856 numerosissimus
3349 3804 3637 3860 exercitus

233 3907 502 3946 suorum.
535 3889 674 3943 Tres
707 3887 858 3943 circa
890 3903 951 3941 se
983 3886 1252 3942 assiduos
1286 3885 1539 3939 habebat
1585 3888 1882 3939 senatores
1992 3889 2184 3954 posset
2215 3901 2281 3939 ex
2311 3889 2449 3939 tunc
2482 3886 2818 3944 abundante
2852 3889 3157 3958 juventute
3205 3892 3430 3961 gentis;
3457 3893 3637 3949 duces

236 3982 455 4055 gentis,
491 3980 707 4051 quibus
739 3979 1036 4034 deferebat
1068 3977 1414 4049 plurimum;
1447 3981 1502 4031 et
1554 3980 1719 4032 erant
1752 3973 1884 4029 lecti
1992 3975 2126 4030 inde
2157 3973 2301 4046 ipsis
2335 3977 2757 4047 praeponendos
2790 3993 2962 4049 quam
3009 3980 3553 4051 experientissimos
3581 3987 3638 4037 et

231 4087 442 4127 omnes
465 4070 824 4140 expertique:
851 4067 950 4123 sed
983 4067 1209 4122 cunctis
1228 4066 1550 4121 antistabat
1583 4065 1885 4121 intervallo
1995 4065 2366 4130 fortissimos,
2391 4071 2517 4122 tum
2569 4067 2862 4124 fortunam
2886 4071 3253 4139 tentandam,
3277 4088 3406 4142 quas
3444 4072 3638 4128 utdici

233 4159 518 4228 maximo,
552 4157 651 4230 qui
694 4157 1074 4228 Tyrophagus
1121 4156 1457 4222 vocabatur,
1518 4155 1801 4210 Creoboro
1834 4159 1889 4209 et
1996 4156 2160 4222 solet,
2196 4157 2471 4212 audentes
2494 4157 2697 4226 juvat:
2733 4174 2845 4215 non
2879 4163 3096 4216 temere
3143 4160 3322 4216 videri
3357 4178 3638 4234 magnum

239 4247 532 4303 Linorodo
564 4245 830 4317 (nomina
864 4245 982 4300 hac
1015 4249 1180 4300 erant
1211 4245 1394 4299 duum
1428 4243 1697 4312 aliorum)
1731 4242 1888 4298 haud
1996 4261 2062 4300 ex
2095 4244 2207 4300 isto
2239 4249 2448 4300 conatu
2482 4261 2670 4317 operae
2701 4246 2954 4318 pretium
2986 4250 3368 4320 sperandum.

237 4337 418 4409 paulo
450 4336 814 4407 prudentior.
851 4335 916 4390 Hi
951 4349 1156 4390 omnes
1200 4335 1453 4404 quadam
1504 4333 1596 4388 die
1639 4332 1891 4387 circum-
2072 4335 2143 4388 Il.
2178 4334 2343 4389 Talia
2373 4335 2501 4388 istis
2529 4335 2981 4407 disserentibus,
3013 4338 3331 4395 dormitare
3351 4344 3453 4396 aut
3483 4340 3645 4398 aliud

239 4429 465 4481 stantes
489 4439 707 4495 regem,
741 4423 791 4478 ei
815 4427 870 4478 et
902 4423 1146 4478 invicem
1195 4421 1645 4493 gratulabantur
1691 4438 1891 4492 pacem
2001 4439 2168 4494 agere
2194 4422 2574 4494 Tyrophagus
2621 4424 3300 4497 videbatur,admirante
3333 4445 3502 4500 rege;
3547 4430 3649 4501 qui

240 4517 301 4569 et
332 4513 778 4584 prosperitatem
811 4529 1030 4580 rerum,
1065 4529 1241 4583 quam
1288 4511 1461 4566 unica
1494 4512 1775 4565 duntaxat
1805 4511 1893 4565 in-
2003 4513 2237 4567 tandem
2272 4513 2654 4582 postlongum
2684 4513 2814 4584 ejus
2838 4513 3344 4583 silentium,Miror
3370 4523 3425 4573 te
3457 4518 3650 4586 hodie,

241 4603 582 4674 terpellaret
612 4603 945 4658 sollicitudo
979 4603 1414 4657 abincursibus
1471 4602 1695 4669 felium,
1758 4619 1898 4672 quo-
2001 4603 2365 4674 'l‘yrophage,
2415 4601 2472 4656 in
2519 4602 2762 4658 consilio
2811 4607 3002 4660 tacere
3048 4610 3258 4676 praeter
3290 4623 3531 4664 morem.
3571 4613 3657 4664 An

245 4710 382 4749 rum
403 4697 556 4750 esset
588 4694 814 4748 dudum
849 4694 1111 4765 ipsorum
1145 4693 1340 4763 generi
1367 4697 1422 4747 et
1443 4691 1755 4746 multitudo
1782 4693 1896 4746 for-
2007 4693 2243 4747 dubitas
2276 4708 2429 4746 nunc
2449 4691 2702 4762 primum
2725 4697 2823 4747 tua
2845 4693 2980 4748 huic
3003 4695 3176 4749 coetui
3201 4696 3663 4752 sensacommit—

247 4783 561 4849 midolosa,
584 4788 640 4838 et
683 4783 772 4837 vis
807 4799 870 4837 ac
903 4781 1218 4838 crudelitas
1272 4781 1680 4836 intolerabilis.
1715 4785 1900 4844 Quare
2008 4787 2149 4847 tere,
2183 4799 2306 4853 qua:
2341 4785 2482 4847 tam,
2517 4798 2667 4853 saepe
2695 4783 3091 4854 suspeximus,
3127 4786 3296 4855 quasi
3331 4787 3658 4858 periculum

246 4872 366 4928 duo
426 4873 704 4943 postremi
763 4876 995 4943 tempus
1055 4888 1182 4926 esse
1214 4871 1470 4938 aiebant,
1522 4873 1578 4926 in
1621 4871 1729 4926 hoc
1765 4872 1902 4925 flore
2012 4872 2085 4927 sit
2118 4876 2219 4926 aut
2252 4888 2322 4926 ne
2354 4869 2492 4925 talia
2533 4871 2800 4942 sintquae
2831 4874 3027 4944 sperni
3069 4880 3307 4944 queant,
3343 4881 3464 4944 aut,
3498 4876 3584 4932 vel
3613 4876 3664 4934 ai

251 4962 501 5017 fortunas
535 4961 798 5034 publica,
843 4961 1192 5032 dispiciendi
1251 4978 1393 5016 num
1454 4962 1594 5031 quid
1648 4959 1903 5031 expediri
1937 4959 2149 5038 unid
2208 4958 2442 5013 afferres
2497 4958 2650 5028 quod
2706 4975 2821 5014 non
2883 4962 3248 5031 probaretur,
3281 4962 3354 5018 ad
3412 4964 3668 5020 dedecus

256 5050 707 5123 consiliiposset
733 5052 802 5106 ad
838 5051 1013 5107 semel
1046 5052 1488 5122 defungendum
1521 5050 1692 5106 taedio
1722 5055 1778 5105 et
1811 5067 1906 5121 pe-
2019 5051 2374 5105 damnumve
2407 5047 2696 5119 pertinere
2729 5048 2784 5102 id
2835 5051 3002 5104 tuum
3065 5048 3184 5106 ullo
3235 5051 3407 5108 modo
3468 5057 3671 5125 posset

255 5139 446 5197 riculo
480 5145 601 5196 tam
628 5140 1906 5213 diuturnaztamqueimportunatyrannidis.
2021 5139 2220 5211 utique
2261 5153 2389 5192 cum
2441 5137 2679 5208 plenum
2730 5142 2786 5192 et
2834 5137 3083 5194 liberum
3136 5142 3390 5197 senatori
3445 5147 3674 5199 constet

264 5230 351 5284 Ad
381 5247 448 5285 ea
477 5230 872 5302 Troglodytas:
908 5231 1044 5286 Post
1078 5231 1489 5298 necessariam,
1523 5229 1624 5298 ait,
1687 5246 1910 5298 curam,
2023 5228 2256 5299 quidvis
2298 5228 2452 5298 quod
2506 5228 2721 5282 sentiat
2765 5230 3143 5299 expromendi
3186 5231 3308 5301 jus,
3357 5237 3415 5288 et
3465 5237 3675 5289 nostra

261 5336 328 5375 ac
361 5321 604 5375 tutelam
640 5319 753 5376 mei
786 5320 1018 5390 capitis,
1055 5321 1147 5375 cui
1189 5321 1368 5376 etiam
1402 5337 1513 5375 non
1551 5336 1679 5374 meo
1713 5336 1911 5382 causa,
2025 5319 2472 5375 deliberationes
2521 5319 2990 5388 impenetrabilis
3039 5322 3234 5377 arcani
3280 5322 3556 5393 religione
3589 5339 3680 5379 se-

263 5409 368 5465 sed
403 5410 735 5466 communis
774 5409 984 5465 salutis
1017 5415 1307 5482 respectu,
1339 5408 1605 5479 consulo,
1641 5409 1915 5481 equidem
2028 5409 2287 5481 piantur.
2321 5407 2404 5461 Ad
2438 5422 2505 5462 ea
2534 5408 2954 5479 Tyrophagus:
2994 5409 3202 5466 Nullus
3229 5412 3364 5467 talis
3400 5414 3470 5470 de
3504 5419 3557 5469 te
3586 5417 3689 5469 aut

262 5497 414 5554 nihil
447 5498 631 5555 habeo
661 5499 963 5571 antiquius
997 5516 1172 5570 quam
1201 5499 1600 5570 subjectorum
1636 5515 1764 5554 meo
1811 5499 1918 5554 im-
2029 5500 2102 5554 de
2134 5497 2279 5552 meis
2309 5496 2469 5552 hisce
2505 5496 2741 5569 collegis
2775 5503 2992 5565 metus,
3028 5499 3207 5570 hujus
3239 5501 3376 5572 mei,
3412 5503 3568 5575 quod
3599 5519 3690 5560 re-

269 5587 430 5660 perio
464 5589 764 5645 securitati
800 5606 865 5645 ac
896 5589 1224 5645 rationibus
1251 5589 1601 5660 prospicere,
1639 5590 1780 5644 adeo
1801 5592 1923 5660 qui-
2033 5587 2369 5661 prehendis,
2435 5586 2692 5657 domine,
2728 5586 2951 5643 silentii
2988 5605 3167 5645 causa
3224 5596 3333 5659 est,
3374 5609 3596 5662 verum,
3631 5598 3697 5648 ut

271 5678 433 5744 dem,
469 5682 531 5733 ut
563 5678 818 5734 filiorum
848 5683 905 5734 et
937 5679 1508 5751 consanguineorum
1541 5679 1702 5750 ipsos
1733 5682 1923 5734 tener-
2035 5681 2220 5734 fatear
2276 5677 2547 5746 ingenue,
2601 5691 2762 5732 mera
2792 5675 2993 5750 inepia
3043 5679 3381 5751 verborum,
3417 5689 3474 5738 et
3522 5681 3699 5754 quasi

270 5767 455 5822 rimos
477 5767 720 5824 atfectue
748 5768 1032 5824 charitate
1060 5769 1261 5840 populi
1284 5785 1434 5826 curae
1455 5785 1599 5824 meae
1621 5768 1926 5824 commissi
2039 5767 2300 5840 quaedam
2341 5763 2589 5822 infantia
2611 5782 2788 5838 super
2809 5772 3160 5840 argumento
3188 5770 3490 5843 inopinato
3523 5775 3702 5844 atque

561 5888 828 5950 Paraoa.
880 5887 988 5949 Ga.
1039 5887 1304 5951 CXLIII.
3341 5891 3422 5950 43
