4226 6460
605 402 747 458 1355
1350 398 1740 453 APPENDIX.
1780 424 1851 439 —
1886 398 2248 453 BPECIMEN
2285 398 2686 455 SAPIENTIE
2725 399 3053 455 INDORUM
3094 401 3260 454 VET.
3881 395 4026 452 1356

598 524 921 597 improviso
976 521 1119 577 mihi
1169 520 1460 587 maxime;
1496 521 1565 574 de
1617 537 1754 590 quo,
1805 520 1856 574 si
1910 536 2151 577 necesse
2184 520 2261 575 sit
2290 522 2344 589 Α
2377 537 2478 591 per
2508 522 2800 578 somnium
2835 522 3153 595 ingressos,
3186 521 3446 578 abfuisse
3475 535 3608 577 vero
3650 520 3835 577 multo
3890 520 4029 576 lon-

611 612 976 677 dicere,illud
1013 628 1193 666 unum
1231 626 1397 665 mens
1441 609 1725 679 suggerit,
1753 623 1881 664 esse
1913 609 2070 664 istud
2105 611 2258 682 quod
2374 611 2505 681 gius
2537 613 2608 666 ab
2641 612 2758 668 ullo
2786 612 2842 667 in
2878 628 2999 667 rem
3032 612 3363 667 istiusmodi
3398 618 3676 683 apparatu
3694 614 4026 666 autconatu

611 704 723 759 mei
756 702 986 772 collegae
1020 716 1372 771 proposuere
1407 699 1709 769 negotium
1757 697 2125 768 hujusmodi,
2158 700 2262 754 de-
2380 701 2738 756 meditando.
2771 702 2988 757 Contra
3020 717 3087 757 ea
3118 718 3250 757 cum
3284 700 3609 756 Creoborus
3628 704 3683 755 et
3703 699 4035 754 Linorodus

613 808 730 863 quo
763 808 865 845 nec
893 790 1147 860 cogitare
1179 789 1431 859 amplius
1465 804 1567 841 nec
1600 786 1754 857 loqui
1800 804 2055 857 unquam
2090 805 2264 859 opor-
2378 788 2525 843 nihil
2559 790 2869 845 hiscerent.
2905 807 3024 861 rex,
3075 791 3291 847 tacitus
3347 789 3647 845 admirans
3694 785 4042 859 Terphagi

616 885 756 936 teat.
791 878 1061 935 Omnium
1094 878 1310 949 quippe
1340 892 1534 930 rerum
1583 892 1707 947 qua:
1740 874 1797 930 in
1851 876 2268 932 deliberatione
2379 878 2625 934 solidam
2661 880 2890 936 consilii
2926 880 3064 947 vim,
3106 884 3320 936 emtum
3352 878 3600 935 dimisit.
3637 878 3824 933 [labes
3856 876 4043 932 infor-

615 972 926 1025 versantur
952 967 1140 1038 prima
1160 966 1259 1021 illa
1284 966 1568 1035 uniceque
1590 964 1876 1036 requisita
1896 965 2151 1020 conditio
2182 982 2272 1033 est
2381 973 2601 1025 matam
2636 970 2741 1025 hoc
2775 971 2923 1026 facto
2954 970 3167 1036 ideam,
3199 969 3455 1038 domine,
3489 968 3666 1024 ofﬁcii
3707 967 3844 1022 boni
3877 965 4036 1037 regis

615 1064 681 1114 ut
712 1058 943 1129 possint
969 1056 1118 1112 effici
1146 1072 1157 1122 ;
1193 1055 1485 1110 debellare
1539 1058 1731 1109 autem
1765 1070 1830 1108 ac
1883 1055 2149 1110 funditus
2175 1072 2270 1110 ex-
2378 1057 2439 1112 in
2473 1059 2863 1115 discernenda
2889 1060 3363 1116 consiliariorum
3390 1062 3447 1113 et
3468 1057 3853 1114 consiliorum
3886 1071 4041 1128 qua-

618 1147 918 1219 stinguere
975 1150 1207 1217 gentem
1256 1143 1480 1212 felium,
1512 1149 1675 1197 extra
1705 1146 1991 1210 nostram,
2028 1143 2271 1215 quamli-
2381 1146 2566 1204 litate.
2594 1151 2728 1214 Quae
2762 1166 2903 1205 sane
2934 1149 3209 1205 discretio
3241 1153 3485 1205 eatenus
3517 1151 3607 1203 est
3638 1143 3890 1218 principi
3934 1159 4044 1199 ne-

620 1240 719 1293 bet
749 1241 1109 1307 satagamus,
1167 1232 1501 1288 facultatem
1553 1249 1701 1298 esse,
1752 1232 1913 1298 satis,
1948 1237 2012 1288 ut
2051 1249 2144 1289 res
2176 1250 2277 1304 per
2386 1237 2661 1305 cessaris,
2731 1243 3025 1310 quatenus
3088 1237 3446 1310 experientia
3517 1237 3905 1300 demonstrat,
3977 1248 4052 1288 ea

620 1343 683 1382 se
714 1328 928 1381 taceret
959 1324 1109 1395 ipsa,
1142 1324 1348 1377 docere
1400 1338 1507 1377 nos
1540 1324 1738 1392 posset
1775 1322 2057 1379 memoria
2088 1324 2276 1394 majo-
2386 1326 2658 1383 adhibita
2697 1328 3149 1385 commoditates
3183 1327 3498 1397 maximas,
3530 1324 3799 1397 neglecta
3830 1324 4054 1378 damna

621 1432 782 1484 rum,
817 1430 965 1486 quos
998 1411 1355 1485 potentiores
1386 1415 1442 1465 et
1474 1410 1861 1482 sapientiores
1894 1412 2085 1479 nobis,
2121 1430 2278 1468 nun-
2386 1415 2647 1487 ingentia
2681 1417 2856 1475 rebus
2886 1416 3141 1489 publicis
3173 1415 3399 1473 inferri.

623 1520 795 1576 quam
826 1507 1026 1560 tamen
1057 1502 1233 1558 fando
1276 1499 1611 1557 audivimus
1669 1500 1730 1555 in
1762 1500 1939 1556 talem
1989 1517 2154 1574 spem
2185 1502 2277 1559 vel

1780 1733 2257 1791 DISSERTATIO
2289 1735 2739 1794 PARABOLICA
2768 1739 2895 1795 XV.

1177 1836 1467 1912 Castigat
1502 1839 1825 1895 curiosum
1854 1834 2242 1895 desiderium
2275 1838 2779 1917 longinquarum
2809 1850 2869 1901 et
2900 1842 3239 1901 inutilium
3264 1856 3507 1899 rerum.

703 1962 805 2018 [lic
835 1978 932 2017 rex
972 1959 1390 2016 Ahessalomus
1439 1958 1935 2031 gymnosophistze
1990 1959 2109 2015 ait:
2148 1960 2284 2016 Per-
2318 1963 2364 2028 B
2395 1979 2615 2033 vereor,
2650 1965 2751 2035 ait,
2807 1982 2880 2022 ne
2937 1964 3135 2036 patria:
3195 1963 3359 2035 prius
3412 1959 3779 2017 obliviscaris
3836 1958 4062 2029 lingua:

631 2054 756 2126 οθρί
789 2051 980 2107 {Fuci-l1
1025 2050 1204 2104 animi
1264 2065 1477 2120 magno
1529 2065 1656 2120 quae
1706 2048 1962 2104 docuisti
2014 2049 2203 2104 multa
2234 2054 2292 2104 et
2401 2072 2579 2126 quam
2614 2056 2788 2112 istius
2821 2055 3141 2128 peregrinae
3174 2070 3351 2109 usum
3385 2050 3702 2123 paraveris.
3733 2048 3941 2120 Spissa
3964 2064 4067 2103 res

636 2143 935 2215 ρτωοιδτίι,
969 2141 1194 2211 tibique
1237 2140 1386 2209 iam,
1424 2142 1486 2193 ut
1536 2142 1624 2193 est
1674 2138 2015 2209 VBPiSimile,
2049 2139 2295 2195 dicendo
2402 2150 2510 2213 est,
2537 2150 2771 2217 experto
2804 2146 2994 2213 crede,
3030 2161 3136 2200 nec
3158 2143 3334 2200 istius
3365 2142 3554 2197 aetatis
3585 2144 3684 2195 aut
3718 2136 4071 2210 occupatio-

639 2236 818 2297 fesso,
859 2230 1140 2286 molestus
1187 2244 1315 2284 esse
1367 2228 1659 2294 desinam,
1712 2228 1811 2282 ubi
1863 2246 2048 2284 unum
2106 2230 2297 2285 adhuc

643 2323 907 2390 audiero,
941 2321 1081 2392 quid
1116 2335 1355 2374 censeas
1388 2334 1451 2372 ac
1488 2318 1786 2388 prcecipias
1815 2318 1969 2374 circa
2001 2320 2298 2375 curiosam

652 2412 1013 2484 pruriginem
1051 2410 1444 2481 quorumdam
1488 2406 1911 2463 fastidientium
1938 2414 2300 2479 parata,con-

653 2506 935 2557 sentanea
983 2499 1126 2570 ipsis
1174 2502 1229 2552 et
1260 2496 1492 2551 abunde
1516 2496 1892 2563 sufficientia,
1945 2496 2300 2551 inhiantium

654 2608 787 2646 vero
822 2587 1227 2660 Ionquinquis,
1260 2585 1483 2652 arduis,
1518 2584 1855 2639 inutilibus.

726 2678 979 2734 [Ultimi
1032 2693 1210 2747 super
1250 2693 1316 2729 ea
1369 2690 1427 2727 re
1478 2674 1767 2729 sermonis
1817 2674 2306 2745 gymnosophista

651 2771 756 2825 hoc
790 2768 1022 2823 initium
1060 2766 1225 2820 fecit:
1266 2764 1393 2818 Fuit
1425 2764 1581 2834 apud
1638 2779 1743 2818 nos
1776 2767 1971 2817 asceta
2002 2763 2305 2834 religionis

649 2864 705 2914 et
728 2857 1049 2930 prudentia:
1076 2854 1319 2924 insignis
1345 2852 1683 2923 quidam,ad
1713 2854 1885 2923 quem
1912 2853 2125 2924 hospes
2149 2852 2305 2907 haud

653 2948 809 3019 paris
844 2946 1141 3018 sapientia:
1172 2944 1635 3009 divertcns,sane
1668 2942 2006 2997 humaniter
2035 2948 2309 3014 exceptus

651 3043 758 3093 est.
792 3037 946 3093 Inter
974 3051 1197 3090 ccenam
1233 3049 1333 3103 pro
1370 3032 1679 3103 prazbentis
1706 3031 2078 3103 philosophia
2112 3032 2309 3104 fruga-

654 3126 791 3191 Iem,
829 3128 998 3195 cujus
1048 3129 1208 3179 totus
1265 3126 1584 3192 apparatus
1631 3137 1802 3191 pane,
1834 3122 2107 3193 dactylis,
2160 3139 2313 3193 aqua

651 3212 1203 3283 constabat,hospes
1234 3210 1486 3281 gustatis
1515 3209 2069 3280 dactylis,Suavem,
2094 3211 2309 3282 inquit,

2405 2237 2496 2291 nis
2528 2241 2679 2291 tuae:
2716 2253 2820 2292 nec
2853 2234 3213 2291 contentioni
3246 2229 3798 2287 aerumnossissimae
3830 2245 3938 2299 par
3981 2241 4072 2281 re-

2406 2326 2721 2397 sponderet
2778 2326 3024 2381 fructus.
3084 2322 3367 2387 Quocirca
3406 2324 3727 2375 metuerem
3783 2315 4068 2387 equidem

2406 2432 2478 2470 ne
2507 2416 2611 2469 tibi
2648 2414 2902 2470 eveniret
2925 2413 3078 2485 quod
3114 2428 3283 2468 corvo
3317 2410 3501 2466 aiunt.
3550 2412 3625 2474 Is,
3682 2406 4072 2477 conspicatus

2406 2504 2726 2575 aliquando
2742 2502 2994 2575 perdicis
3014 2503 3335 2568 incessum,
3358 2503 3566 2572 captus
3582 2497 3752 2569 quasi
3784 2493 4076 2567 praeclara

2409 2594 2624 2665 specie,
2657 2593 2867 2648 statuit
2898 2592 3167 2648 omittere
3198 2589 3527 2646 naturalem
3547 2603 3748 2656 suum,
3772 2600 3955 2656 seque
3987 2581 4072 2638 la-

2410 2684 2640 2739 boriose
2671 2683 2769 2737 diu
2804 2697 3078 2737 exercens
3112 2680 3170 2735 in
3203 2678 3490 2733 librandis
3523 2676 3822 2748 passibus,
3854 2678 3911 2728 et
3955 2671 4072 2727 cir-

2411 2772 2778 2844 cumagendo
2829 2771 2899 2826 ad
2958 2768 3226 2840 singulos
3287 2780 3547 2837 corpore,
3600 2761 4076 2830 alternandaque

2413 2862 2802 2933 propensione
2822 2860 2880 2914 in
2912 2858 3066 2915 latus
3098 2863 3432 2927 utrumque,
3457 2854 3612 2909 hunc
3632 2851 3799 2907 stulti
3819 2853 4079 2905 conatus

2412 2956 2683 3007 eventum
2716 2949 2943 3018 habuit,
2979 2954 3043 3004 ut
3084 2962 3188 3003 nec
3246 2943 3500 3017 perdicis
3556 2956 3852 3013 gressum,
3885 2951 4071 3009 quem

2414 3040 2825 3105 aemulabatur,
2860 3041 3296 3108 assequeretur,
3329 3050 3435 3089 nec
3492 3030 3794 3087 corvinum
3845 3030 4075 3083 teneret

2416 3131 2691 3202 amplius,
2750 3127 3194 3197 ludibriumque
3242 3124 3479 3194 utrique
3546 3118 3744 3193 generi
3793 3120 3951 3173 esset
4004 3131 4075 3170 ac

2414 3237 2483 3276 ex
2517 3221 2673 3274 omni
2707 3220 2928 3288 ejectus
2962 3222 3136 3282 emta,
3172 3215 3292 3270 risu
3328 3211 3550 3284 passim
3584 3213 3933 3266 cunctorum
3960 3208 4082 3259 tra-

648 3308 730 3361 ila
759 3323 847 3359 me
880 3309 1029 3359 Deus
1071 3308 1250 3367 amet»
1300 3301 1493 3355 Cibum
1523 3301 1533 3353 Ῑ
1573 3300 1744 3354 ῒωάθῐ
1795 3317 1887 3354 me
1923 3303 2045 3370 la”!
2083 3302 2302 3370 Ρῑιὶΐίῑε,
2337 3322 2378 3387 C
2420 3312 2749 3364 duceretur.
2775 3313 2904 3362 Haec
2928 3322 3098 3377 poena
3116 3301 3489 3373 estinquietae
3506 3295 3943 3372 prurigninisin
3962 3309 4084 3349 non

651 3412 775 3465 qna:
805 3393 949 3448 tales
975 3408 1088 3447 non
1118 3390 1307 3461 gignit
1334 3390 1560 3444 fructus
1587 3405 1598 3442 :
1627 3388 1757 3442 licet
1781 3390 2302 3456 uvarum,fieuum,

654 3500 873 3539 nucum
907 3499 972 3536 ac
1006 3495 1308 3551 pomorum
1337 3478 1529 3531 omnis
1552 3477 1781 3547 generis
1805 3476 1961 3531 ferax
1986 3479 2308 3548 sit,quibus

660 3573 893 3626 abunde
927 3584 1141 3625 mensze
1176 3568 1552 3621 instruuntur
1583 3566 1734 3636 apud
1774 3582 1901 3632 nos,
1937 3572 2131 3621 tamen
2168 3566 2309 3621 mihi

657 3662 859 3714 videor
892 3676 1003 3714 non
1041 3673 1209 3728 posse
1236 3658 1357 3727 jain
1405 3656 1529 3709 sine
1580 3654 1672 3708 his
1704 3655 1931 3721 vivere;
1969 3672 2148 3726 quare
2179 3656 2308 3710 volo

654 3752 867 3807 referre
916 3750 1155 3803 domum
1202 3762 1401 3801 semen
1449 3751 1547 3799 aut
1597 3744 1897 3800 surculum
1930 3745 2154 3801 arboris
2204 3747 2310 3800 da-

653 3842 837 3914 ctylos
871 3839 1130 3904 ferentis,
1164 3855 1231 3892 ex
1265 3854 1380 3907 qua
1431 3836 1775 3891 viridarium
1827 3853 2133 3893 conseram
2162 3856 2176 3907 ;
2209 3842 2311 3893 aut

653 3938 808 3987 certe
843 3932 995 4002 quod
1032 3928 1355 3999 expeditius
1389 3927 1535 3980 forte
1572 3927 1761 3993 fuerit,
1798 3928 1854 3980 in
1909 3928 2055 3981 hane
2092 3932 2307 3981 terram

653 4019 1011 4075 domicilium
1048 4019 1420 4071 transferam.
1456 4014 1734 4069 .\rriiiens
1762 4014 1856 4069 his
1890 4020 2107 4086 asceta,
2139 4015 2312 4071 Juvat

652 4127 768 4177 me,
795 4109 1008 4179 inquit,
1046 4107 1261 4161 habere
1295 4121 1396 4159 nos
1455 4103 1679 4174 aliquid
1738 4122 1851 4159 non
1890 4106 2130 4161 insuave
2162 4107 2305 4173 tibi;

652 4205 877 4264 tamen,
912 4198 955 4250 si
994 4213 1084 4250 me
1120 4194 1265 4249 sinis
1318 4194 1531 4262 dicere,
1567 4209 1782 4263 magna
1815 4211 1947 4265 pars
1975 4196 2310 4267 tranquilli-

650 4290 787 4344 tatis
817 4292 994 4341 vitam
1030 4283 1256 4339 beantis
1288 4283 1344 4337 in
1382 4282 1640 4337 tinienda
1669 4284 1967 4338 concessis
1988 4301 2052 4338 ac
2076 4285 2312 4355 parabi-

650 4380 805 4433 lilius
840 4376 1158 4447 cupiditate
1192 4372 1306 4429 sita
1360 4376 1483 4428 est:
1540 4371 1641 4442 qui
1691 4374 1917 4443 appetit
1970 4373 2309 4445 longinqua,

645 4470 732 4523 vel
759 4467 1059 4538 sequendo
1083 4460 1482 4534 fatigatur,vel
1506 4463 1757 4517 carendo
1783 4462 2054 4533 angitur;
2083 4469 2306 4519 utram-

644 4576 757 4629 que
789 4557 1116 4612 molestiam
1150 4554 1521 4616 lucrifecerit,
1547 4553 1642 4623 qui
1677 4554 1802 4609 suis
1849 4558 2158 4610 contentus
2191 4572 2304 4610 non

642 4648 881 4703 inhiarit
915 4646 1145 4703 alienis.

2421 3399 2535 3455 sibi
2562 3414 2821 3468 congrua
2889 3393 3332 3467 prosilibundae.
3385 3386 3788 3446 Meministine
3846 3388 4083 3457 patrem

2421 3496 2591 3544 tuum
2647 3492 2747 3542 aut
2792 3491 3137 3557 patruorum
3188 3482 3472 3552 aliquem,
3514 3478 3603 3534 vel
3652 3477 3825 3533 fando
3868 3475 3926 3529 in
3977 3478 4084 3527 tua

2421 3577 2646 3633 familia
2678 3576 2815 3631 ferri
2847 3572 3118 3630 audivisti
3152 3573 3222 3627 de
3255 3586 3496 3627 avorum
3523 3566 3803 3640 quopiam
3836 3563 3938 3635 qui
3976 3562 4088 3617 lin-

2421 3684 2595 3735 guam
2630 3681 2891 3736 unquam
2924 3662 3296 3719 Chaldaicam
3331 3657 3646 3715 calluerit?
3675 3657 3821 3711 Cum
3856 3654 4082 3723 hospes

2424 3760 2713 3827 negasset,
2748 3758 2942 3810 asceta
2972 3752 3289 3824 excipiens,
3321 3750 3527 3822 Igitur,
3552 3745 3801 3807 addidit,
3844 3756 4094 3813 magno-

2422 3863 2555 3917 pere
2586 3850 2789 3901 auctor
2818 3845 2926 3900 tibi
2959 3859 3092 3899 sum
3124 3858 3240 3897 non
3270 3836 3619 3910 erumpendi
3656 3838 3817 3889 extra
3857 3828 4091 3886 cancel-

2420 3937 2509 3991 los
2557 3936 2933 3990 familiarium
2984 3932 3411 4003 exemplorum,
3462 3927 3562 3983 sed
3613 3921 3865 3980 coercita
3911 3918 4085 3975 inani

2422 4026 2781 4091 curiositate,
2814 4021 3225 4095 ucquiescendi
3256 4017 3551 4075 concessis
3574 4032 3608 4071 a
3627 4017 3839 4069 natura
3859 4014 3916 4067 et
3935 4010 4084 4065 edu-

2421 4116 2669 4170 cationis
2701 4118 2877 4171 sorte.
2924 4117 3216 4169 Hactenus
3277 4104 3767 4181 gymnosophista
3817 4100 4082 4165 locutus,

2421 4211 2478 4260 et
2508 4205 2846 4260 adoratione
2876 4200 3315 4258 demississima
3338 4201 3652 4252 veneratus
3688 4206 3910 4263 regem,
3962 4192 4084 4243 Re-

2420 4296 2655 4365 spondi,
2691 4294 2951 4361 domine,
2985 4293 3199 4362 inquit,
3233 4294 3297 4344 ut
3328 4288 3490 4360 potui
3523 4300 3626 4356 pro
3669 4278 4083 4337 mediocritate

2422 4384 2718 4440 facultatis
2752 4400 2914 4449 meae,
2944 4382 3015 4437 ad
3050 4386 3149 4437 tua
3179 4380 3293 4435 ista
3322 4375 3569 4448 quaesita
3588 4371 3774 4428 multa
3807 4374 3862 4426 et
3890 4368 4080 4422 varia:

2420 4477 2478 4529 in
2512 4492 2648 4545 quo,
2682 4490 2900 4545 quaeso,
2923 4473 2972 4527 si
2994 4468 3385 4527 eruditionem
3403 4465 3601 4521 minus
3620 4465 3804 4533 potes,
3838 4474 3958 4529 qua
3981 4470 4080 4512 me

2421 4564 2772 4619 destitutum
2797 4562 3010 4618 idonea
3042 4564 3107 4615 ut
3137 4557 3324 4615 sentio
3355 4556 3441 4611 sic
3489 4552 3643 4609 ultro
3676 4550 3882 4613 fateor,
3914 4550 4076 4601 certe

2420 4653 2783 4709 voluntatem
2835 4650 3102 4724 parendi,
3162 4653 3218 4703 et
3266 4641 3631 4716 obsequendi
3681 4636 4072 4704 alacritatem,

720 4738 785 4792 ll.
820 4738 1112 4807 Castigata
1148 4734 1357 4789 leniter
1407 4732 1658 4805 hospitis
1703 4732 1911 4788 levitas
1941 4736 2303 4805 acquievisse
2334 4701 2379 4765 D
2833 4701 3652 4811 ξῇξεῖξιῖοιῖέαέῃ,ωἱιριροιί
3701 4733 3756 4783 te
3784 4724 3983 4791 velim,
4017 4701 4077 4778 et

640 4833 926 4899 prmeepto
960 4824 1209 4895 sapienti
1234 4824 1564 4885 videbatur,
1600 4824 1837 4892 quando
1864 4824 2075 4879 iterum
2110 4827 2303 4896 erupit

639 4920 700 4973 in
749 4916 1166 4989 appetitionem
1216 4912 1691 4983 intempestivam
1749 4912 1995 4968 alterius
2043 4915 2295 4985 generis.

632 5009 997 5079 Allegaverat
1031 5007 1175 5060 forte
1200 5006 1693 5072 asceta,provecto
1731 5001 1789 5055 in
1825 5002 1984 5057 varia
2003 5019 2296 5072 sermone,

632 5096 983 5154 sententiam
1018 5110 1085 5148 ex
1120 5093 1264 5147 libro
1294 5090 1630 5161 Chaldaico,
1665 5107 1836 5162 quam
1874 5090 2297 5163 interpretatus

633 5189 1015 5244 disseruerat.
1072 5182 1297 5237 Placuit
1341 5181 1561 5252 hospiti
1611 5180 1907 5241 eruditio;
1955 5186 2033 5249 et,
2078 5184 2294 5240 Amabo

628 5283 686 5334 te
720 5277 930 5347 inquit,
974 5274 1189 5329 iterum
1240 5277 1456 5343 repete,
1510 5271 1666 5341 quod
1718 5270 2001 5340 recitasti,
2032 5274 2293 5331 testimo-

631 5369 837 5431 nium;
887 5380 977 5418 me
1028 5362 1280 5418 delectat
1329 5362 1437 5417 iste
1470 5377 1650 5416 sonus
1693 5376 1806 5414 non
1860 5359 2291 5420 intellectarum

629 5458 768 5513 licet
800 5470 1032 5520 vocum,
1065 5470 1128 5507 ac
1162 5452 1407 5507 decerno
1460 5452 1599 5505 dare
1651 5466 1891 5520 operam
1923 5451 2291 5509 addiscendm

628 5546 727 5601 isti
757 5545 994 5615 linguae,
1048 5546 1297 5614 petoque
1354 5558 1423 5596 ne
1456 5541 1716 5612 graveris
1763 5539 1943 5610 hujus
1966 5540 2090 5611 jam
2135 5562 2291 5601 nunc

624 5634 927 5692 idiomatis
960 5633 1249 5690 elementa
1280 5633 1426 5688 mihi
1458 5633 1709 5689 tradere.
1743 5630 1846 5687 Cui
1876 5647 2074 5701 senex,
2119 5635 2291 5700 Atqui

2415 4849 2506 4888 me
2538 4832 2598 4887 in
2630 4848 2876 4887 numero
2910 4830 3016 4885 tibi
3050 4825 3615 4890 addictissimorum,
3648 4815 3863 4874 favoris
3884 4814 4075 4868 inter-

2410 4924 2551 4978 dum
2584 4922 2669 4977 tui
2703 4920 2849 4992 regii
2881 4920 3273 4989 beneliczeque
3305 4912 3508 4987 gratias
3530 4902 4071 4981 significationibus

2410 5027 2738 5084 aspergere.

2480 5080 2605 5157 llas
2630 5099 2967 5171 quindecim
2999 5094 3445 5153 dissertationes
3506 5087 3742 5161 sapiens
3800 5080 4069 5138 medicus

2407 5196 2649 5246 Perzoes
2670 5207 2738 5246 ex
2774 5189 2976 5245 indica
3024 5188 3083 5242 in
3117 5184 3409 5241 Persicam
3471 5179 3735 5251 linguam
3768 5190 3801 5228 a
3834 5186 3897 5227 se
3927 5186 4066 5227 con-

2404 5296 2603 5335 versas
2637 5279 2758 5350 regi
2781 5278 3022 5333 Chosroi
3054 5274 3287 5341 obtulit;
3318 5272 3451 5327 inde
3482 5268 3699 5324 eaedem
3731 5279 3801 5318 ex
3833 5258 4067 5315 Persico

2406 5369 2465 5423 in
2496 5347 2814 5424 Arabio-um
2846 5366 3145 5423 translata:
3177 5375 3509 5419 sermonem
3535 5358 3707 5423 sunt;
3727 5368 3798 5409 ex
3820 5347 4066 5406 Arabico

2403 5474 2537 5513 vero
2572 5459 2847 5514 idiomate
2880 5457 3011 5513 illas
3043 5472 3149 5527 ego
3179 5458 3428 5525 Symeon
3463 5446 3743 5518 magister
3767 5446 3820 5496 et
3870 5435 4069 5511 philo—

2403 5549 2628 5619 sophus
2661 5551 3050 5620 cognomento
3076 5545 3236 5615 Seth,
3281 5537 3616 5598 communis
3648 5528 3929 5590 utilitatis
3968 5540 4071 5598 spe

2402 5638 2659 5707 illectus,
2691 5638 2889 5695 Graece
2920 5654 3055 5695 sum
3085 5634 3530 5706 interpretatus.

1766 5757 1916 5816 Laus
1948 5761 2065 5816 Deo
2087 5761 2356 5820 bonorum
2386 5766 2641 5823 omnium
2670 5765 2917 5823 Auctori.
