1909 3073
143 112 172 144 il
681 114 883 145 EPIIRKEMH
903 114 1208 147 CIIRONOGRAPIII
1725 116 1759 148 1?.

139 171 281 202 nondum
299 170 432 202 fortasse
447 173 510 201 tum
527 170 714 210 acephalum
734 171 866 210 legerit;
883 180 997 211 paucas
1016 176 1122 203 autem
1140 173 1307 204 varietates
1326 174 1394 213 ipse
1411 172 1596 204 exscribens
1612 172 1763 204 effecerit.

139 221 285 252 Profecto
310 231 382 252 cum
414 221 528 252 folium
563 222 785 251 tantummodo
804 221 942 260 primum
969 230 986 252 a
1011 222 1120 253 codice
1145 224 1242 261 absit,
1260 223 1292 254 in
1314 232 1380 262 quo
1403 232 1520 254 nomen
1536 223 1678 253 auctoris
1694 231 1765 253 esse

139 273 266 310 debuit,
291 273 381 304 valde
397 273 545 311 suspicor
562 276 633 311 post
653 272 760 302 Allatii
788 277 912 304 aetatem
931 273 963 305 id
977 274 1149 311 excidisse,
1168 283 1240 305 cum
1252 276 1352 306 codex
1371 276 1428 306 Pio
1446 277 1485 306 VI
1508 279 1663 315 regnante
1675 275 1765 313 cujus

140 333 226 355 nunc
242 328 408 355 stemmata
425 324 518 362 gerit.
535 331 551 353 a
572 322 757 362 bibliOpego
773 327 958 362 compactus
979 323 1054 355 fuit.
1081 325 1117 355 Et
1136 333 1213 356 sane
1245 325 1326 356 mihi
1346 330 1488 361 narrant,
1521 326 1620 357 multa
1647 326 1765 365 hujus-

142 377 225 407 modi
247 377 360 407 damna
375 376 413 406 ab
433 383 604 414 operarum
626 375 755 406 inscitia
772 376 935 406 Vaticanis
961 376 1137 414 codicibus,
1172 378 1345 416 prtesertinz
1366 378 1495 414 Giazcis,
1510 378 1675 408 accidisse.
1705 377 1764 407 Sed

139 428 179 458 de
197 427 305 458 codice
322 427 488 457 hactenus.
506 427 574 455 Jam
595 433 666 454 cum
689 433 794 464 neque
809 425 957 462 Allatius,
979 430 1014 456 ut
1033 426 1114 462 dixi,
1144 435 1252 466 neque
1278 427 1331 458 alii
1360 427 1491 465 eruditi,
1522 427 1698 467 quidquam
1727 428 1766 458 de

141 479 327 519 Ephrremio
345 476 590 516 ehronographo
608 485 738 507 narrare
756 477 943 513 videantur;
968 477 1045 508 mihi
1063 478 1194 517 quidem
1208 480 1247 509 de
1268 479 1337 509 viro
1355 479 1413 509 hoc
1427 479 1587 518 qualt‘enti
1606 487 1764 510 Occurre-

142 531 193 560 bat
211 528 412 568 Ephrzemius
430 527 497 563 ille,
518 535 613 566 quem
632 526 773 557 Joannes
786 527 843 557 XII
859 527 1035 566 patriarcha
1049 528 1438 568 Constantinopolitanus,
1454 532 1526 560 ante
1541 538 1659 560 sacram
1674 538 1764 559 suam

141 580 341 619 dignitatem,
359 580 514 618 legitimis
531 579 654 618 nuptiis
675 579 809 618 genuit;
827 579 865 610 de
883 577 946 618 quo
968 579 1157 610 nominatim
1171 581 1353 620 Ephreeniio
1373 583 1467 612 verba
1495 582 1571 612 facit
1592 582 1767 620 Pachyme-

142 639 193 661 res
211 630 244 660 in
264 630 402 669 praedicti
423 630 613 669 patriarcha}
632 632 744 661 notitia
764 634 785 660 t.
803 631 842 666 ll,
860 629 916 661 lib.
933 639 977 664 tv.
998 631 1074 661 dum
1105 632 1160 665 ait,
1190 632 1358 671 episcopos
1381 634 1467 662 inter
1497 638 1625 662 crateras
1654 631 1764 662 erimi-

142 683 289 713 nationes
306 682 520 721 patriarcbam
547 682 811 722 reprehendisse,
828 681 912 721 quod
929 681 1010 712 bona
1024 682 1165 713 ecclesiae
1180 683 1360 722 Ephrtemio
1374 683 1440 714 lilio
1459 691 1520 714 suo
1549 682 1766 721 dispensanda

144 733 354 772 relinqueret,
372 741 437 763 non
469 733 642 763 constituto
662 736 754 772 prout
773 732 1213 772 legesjubebant(Beonomo.
1242 735 1362 773 lteapse
1378 738 1409 764 et
1436 738 1545 764 nosler
1569 733 1763 771 chronogra-

141 787 225 824 phus
242 784 275 815 in
294 783 544 822 patriarcharum
561 784 705 822 catalogo
723 787 880 814 memorat
893 784 1072 814 masculum
1101 785 1235 815 Joannis
1265 786 1323 816 Xll
1354 786 1470 821 ﬁlium,
1502 786 1555 816 sed
1589 785 1627 815 de
1641 793 1676 814 se
1692 784 1764 823 ipso

141 837 225 867 haud
242 837 361 867 diserte
382 836 470 875 loqui
486 836 661 876 signiticet.
677 838 712 866 Et
727 841 830 867 tamen
849 841 924 866 mtas
939 836 1084 875 apprime
1102 837 1252 876 congruit
1271 849 1277 867 :
1296 845 1436 876 namque
1463 837 1515 867 hic
1540 838 1680 866 Joannes
1712 845 1766 874 pa-

141 889 349 919 triarehatum
370 889 503 918 retinuit
524 896 627 927 usque
642 888 678 918 ad
701 887 818 919 Christi
834 895 955 917 annum
973 887 1070 924 130k;
1101 893 1211 918 noster
1224 892 1331 919 antem
1361 887 1563 926 Ephriemius
1589 886 1766 916 Chronico"

140 947 235 970 suum
253 947 339 969 anno
354 938 431 968 i313
442 938 619 968 concludit.
637 939 703 967 Jam
721 946 780 977 ego
793 937 898 967 fontes
929 938 1140 976 Ephraamicm
1176 939 1397 977 ehronoloaim
1424 947 1481 968 con
1499 938 1579 977 peri,
1611 938 1764 967 Zonaram

146 991 395 1029 quidemusque
420 991 455 1020 ad
488 989 591 1020 Alexii
618 989 800 1020 lComneni
825 990 964 1025 obitum;
984 990 1125 1020 Nieetam
1142 990 1329 1020 Choniatam
1352 999 1454 1029 usque
1470 991 1506 1021 ad
1532 990 1724 1020 Bahlninum
1741 988 1763 1022 Ι,

141 1043 388 1081 imperatorem;
405 1040 522 1070 deinde
542 1049 615 1070 vero
631 1039 806 1078 Georgium
825 1039 1053 1078 Acropolitnm.
1069 1041 1136 1078 Age
1155 1048 1230 1070 vero
1252 1042 1338 1079 quod
1369 1040 1568 1078 Ephrremius
1597 1039 1764 1070 histeriain

143 1093 268 1132 poetico
286 1096 387 1122 metro
403 1090 646 1128 conscripserit,
670 1098 765 1120 neruo
783 1098 977 1128 magnopere
1003 1089 1182 1126 irascatur;
1207 1091 1310 1129 primo
1335 1092 1410 1130 quia
1437 1098 1564 1120 carmen
1591 1089 1764 1119 iauibiruni

142 1143 337 1174 narrationis
355 1139 577 1181 perspicuitati
597 1140 807 1180 peridoneum
828 1144 887 1176 est,
905 1143 935 1171 et
953 1139 1138 1170 memoriam
1157 1140 1333 1179 legentium
1351 1141 1496 1180 apprime
1509 1141 1617 1180 juvat;
1647 1138 1766 1168 deinde

144 1193 221 1233 quia
238 1191 361 1223 Pisidas
382 1191 490 1226 etiam,
507 1189 738 1220 Constantinus
751 1191 928 1224 Manasses,
950 1193 1046 1228 atque
1061 1190 1193 1220 Tzetzes
1209 1190 1344 1228 impune
1358 1199 1432 1221 suae
1447 1189 1598 1220 historias
1617 1189 1765 1218 versibus

141 1246 416 1283 composuerunt;
438 1242 494 1282 qui
513 1241 617 1272 nihilo
636 1241 743 1271 minus
760 1243 919 1275 auctores,
937 1239 1165 1278 praecipueque
1182 1241 1326 1277 Tzetzes,
1349 1247 1463 1278 magno
1482 1239 1556 1270 usui
1587 1239 1671 1278 apud
1687 1246 1766 1269 eru-

140 1294 224 1324 ditos
243 1295 331 1323 sunt.
349 1293 453 1331 Atque
470 1299 529 1330 ego
545 1290 717 1330 Ephrmmii
730 1290 860 1328 quidem
877 1290 1073 1327 iHisloriam,
1095 1294 1222 1328 propter
1233 1299 1323 1320 suam
1344 1290 1495 1321 eximiam
1524 1289 1695 1320 utilitatem
1727 1289 1766 1318 ad

144 1343 286 1373 Latinam
305 1342 589 1375 consuetudinem.
607 1341 711 1370 soluta
732 1346 837 1371 tamen
855 1339 1018 1376 oratione,
1039 1340 1186 1370 transtuli
1205 1348 1212 1369 :
1230 1339 1289 1370 etsi
1315 1340 1399 1370 enim
1418 1339 1495 1370 olim
1520 1339 1675 1378 poeticam
1702 1346 1765 1368 non

143 1392 282 1432 neglexi,
301 1401 388 1424 nunc
406 1396 510 1423 tamen
527 1392 771 1431 pangendorum
790 1399 945 1421 versuum
965 1390 1036 1430 plus
1059 1390 1169 1420 decem
1192 1390 1338 1421 millibus
1356 1390 1458 1420 otium
1487 1389 1564 1420 mihi
1596 1389 1765 1420 voluntas-

142 1452 206 1483 que
219 1442 331 1474 defuit.

149 1544 1753 1554 -—___._.__—____—.._————_—_——_.

322 1621 945 1712 ΕΦΡΑΙΜΙΟΥ
1009 1619 1602 1708 ΧΡΟΝΙΚΟΥ

739 1758 1175 1827 ΚΑΙΣΑΡΕΣ.

265 1975 842 2065 ΕΡΗΒᾸΕΜΙΙ
929 1970 1019 2064 Cl

929 1967 1640 2064 CHRONOLOGI

717 2134 1194 2216 GJESARES.

531 2354 586 2365 ν.
1282 2346 1477 2383 ιβιδ)

396 2400 499 2429 CAIUS
519 2398 620 2426 ANNIS
638 2397 683 2427 Ν.

1248 2393 1346 2420 ΓΔ1οΣ
1365 2395 1432 2420 E'l'll
1448 2393 1481 2422 Δ’.

144 2450 245 2478 Deinde
260 2448 443 2476 Romanorum
461 2445 603 2480 imperium
624 2443 711 2470 tenuit

1088 2438 1153 2467 Εἶτα
1167 2440 1282 2475 κατέαχε
1295 2440 1324 2466 τὸ
1342 2441 1441 2474 κράτος
1456 2440 1511 2466 τῶν
1523 2439 1662 2471 Αὐσόνων,

143 2498 233 2527 (latius,
252 2495 304 2522 vita
317 2494 450 2528 Epicurus
465 2490 507 2517 vel
525 2490 613 2525 potius
627 2489 723 2519 Satan,

1087 2487 1164 2518 Γαῐης
1179 2486 1338 2520 Ἐπίκουρος
1351 2486 1367 2520 ἢ
1381 2485 1468 2511 Σατὰν
1483 2486 1591 2520 τρόπω,

143 2550 223 2577 supra
239 2542 384 2568 humanam
403 2541 525 2563 naturam
540 2535 673 2562 extollens
689 2537 774 2560 seruet

1091 2533 1179 2567 ’Υπὲρ
1194 2531 1276 2564 φύσιν
1289 2531 1407 2566 βρότειον
1422 2531 1502 2557 αὑτὸν
1517 2531 1663 2565 σεμνύνων.

144 2576 315 2620 divinatnque
328 2584 467 2614 aﬂ‘retans,
479 2582 622 2608 vilissimus
637 2581 769 2611 mortalis,

1087 2578 1122 2604 Ἣ
1137 2578 1183 2603 καὶ
1197 2576 1333 2611 οεουργῶν
1349 2577 1365 2610 ἡ
1384 2577 1572 2608 sentiment»;
1589 2577 1668 2610 φύσις

145 2633 306 2667 impudiuis,
325 2629 468 2661 molestus,
483 2627 673 2662 sanguinei-ins
689 2637 695 2653 :

1051 2626 1068 2652 5
1094 2626 1175 2659 Ἀνὴρ
1190 2624 1318 2659 ἀσελγὴς,
1335 2624 1472 2658 ἀποφρὰς,
1487 2624 1626 2658 μιαιφόνος
1637 2631 1644 2638 ·

146 2681 196 2708 sub
215 2686 270 2714 quo
289 2678 374 2712 prima
393 2675 547 2709 Stephanus
559 2674 645 2709 gloria
664 2677 811 2708 martyrum

1092 2672 1150 2706 Ἐφ’
1166 2669 1196 2697 οὗ
1212 2670 1346 2705 Στέφανος
1364 2670 1605 2706 πρωτομαρτύρων
1621 2669 1697 2700 κλέος

182 2748 219 2783 (t)
237 2746 316 2783 Deest
346 2745 372 2771 in
392 2745 484 2783 codice
500 2744 616 2783 [liti-"luit."
639 2742 744 2783 folium,
771 2741 927 2783 quodJn‘lii
981 2742 1071 2769 minus
1086 2741 1308 2783 -q.i_ti'i_iqnaginta‘,
1336 2746 1364 2767 nt
1393 2742 1550 2783 paginarum
1570 2742 1637 2783 ratio
1659 2741 1769 2781 deumn-

145 2776 275 2812 Cu-‘sarisj.
303 2780 426 2814 Augusti,
454 2784 481 2806 et
501 2776 603 2805 Tiberii
632 2779 754 2804 notitiam
780 2776 926 2814 continuit.
981 2784 1060 2804 stral.
1085 2777 1269 2809 Nihil‘tatuen
1291 2777 1457 2811 incognitum
1475 2778 1500 2803 in
1523 2776 1571 2802 hac
1587 2776 1683 2802 lamna
1697 2776 1767 2801 anti-

145 2817 336 2845 Desiderantur
349 2812 436 2850 igitur
451 2822 483 2842 ex
500 2814 626 2841 universo
644 2822 724 2848 opere
741 2820 834 2839 versus
847 2812 927 2847 paulo
981 2813 1048 2840 sisse
1062 2821 1109 2839 nos
1124 2818 1196 2846 puto.
