1909 3073
151 170 184 202 31
704 166 907 198 EPHR.’EM[I
928 167 1234 200 CIIRONOGRAPHI
1740 167 1778 199 52

151 228 184 253 ad
199 225 302 260 imperii
321 225 477 260 dignitatem
494 224 545 251 fuit
557 222 711 251 subvectus.

150 272 323 307 Caeteroquin
340 272 396 306 ipse
407 278 517 305 regnum
533 271 672 304 respuebat
684 287 693 301 ,

149 318 249 346 Christi
262 325 291 345 se
302 317 431 344 famulum
449 323 509 343 esse
527 316 634 348 dicens,

150 370 232 398 atque
244 363 362 390 ethnicis
382 362 514 389 militibus
526 361 724 396 imperaturttnt
739 367 853 394 negans.

151 409 182 436 Hi
199 417 261 437 vero
279 416 340 436 cum
358 408 534 436 Christicolas
549 415 579 434 se
593 406 798 437 iuclamassent,

151 462 215 483 tunc
233 455 375 490 imperium
388 453 517 481 Iovianus
533 453 637 487 recepit
649 452 783 483 protinus.

151 502 184 528 Et
200 509 265 537 pace
283 509 344 528 mox
357 501 505 535 composita
515 508 575 531 euut
587 499 666 526 Persa
681 506 755 534 rege,

150 553 232 582 atque
248 547 419 574 Antiochiam
441 546 553 573 retlucto
565 545 696 578 exercitu,

148 594 256 620 exsules
270 593 369 619 dudum
386 592 521 627 principes
537 595 658 625 pastores

150 639 183 665 ad
198 646 261 667 suos
277 646 373 674 greges
388 638 479 666 edicto
497 638 645 669 revocavit,

149 693 217 718 quos
235 686 302 712 inter
311 686 489 712 Athanasium
508 684 627 712 divimun
644 684 785 719 pra‘sulcm
799 702 807 716 ,

147 732 308 767 cunctisque
326 732 447 759 exhibuit
462 731 626 758 Christianis

149 786 197 805 ver
214 778 387 812 tranquillum
402 782 428 804 et
444 777 612 804 orthodoxiaa
626 776 727 802 lumen.

150 823 200 851 llic
209 823 363 851 Galatarum
375 824 509 858 Ancyram
523 822 636 854 delatus,

149 870 185 896 ibi
203 869 349 903 improviso
366 869 440 895 obitu
449 868 567 895 excessit
583 868 674 899 terris,

149 916 315 947 recentibus,
334 921 362 943 tit
377 916 445 942 fama
461 920 513 947 est,
522 915 624 943 voratis
639 914 740 947 fungis,

149 961 220 988 haud
237 961 378 996 plusquam
391 966 451 988 octo
467 960 604 988 mensibus
629 968 711 995 regno
726 959 834 986 fruitus.

149 1008 251 1034 l'ielate
267 1007 300 1038 is.
315 1011 345 1033 ut
356 1007 423 1040 dixi,
442 1007 493 1034 fuit
505 1007 632 1040 inclytus.

149 1051 244 1084 bonus,
259 1052 427 1086 tranquillus,
445 1051 592 1079 benevolus
610 1058 671 1086 erga
684 1049 816 1080 subditos,

147 1103 306 1132 statumque
322 1098 443 1132 corporis
458 1105 568 1131 procera
589 1097 698 1128 lucens;

147 1145 246 1172 litteris
257 1147 337 1172 etiam
353 1146 521 1172 mediocriter
538 1145 677 1175 eruditus;

148 1193 201 1219 vini
217 1198 305 1219 tamen
324 1197 403 1226 atque
417 1191 661 1218 amorisillt-cehris
675 1190 820 1217 obnoxius.

150 1237 234 1272 llujus
248 1237 364 1264 cadaver
377 1238 445 1272 apud
463 1236 620 1272 Byzantium
631 1236 724 1262 urbem

148 1283 176 1311 in
189 1289 283 1311 sancto
300 1284 488 1319 Apostolorum
504 1283 602 1317 templo
615 1287 656 1309 est
672 1281 821 1309 conditum.

337 1341 519 1368 VALENTN
529 1340 612 1367 \NUS
627 1339 681 1367 AN.
696 1339 751 1372 XI;

291 1388 377 1420 SlV'ls‘,
402 1387 445 1415 UT
464 1387 531 1414 ALll
547 1386 662 1418 AlUNT,
678 1385 736 1414 AN.
755 1384 791 1412 Χ.

150 1434 213 1462 Post
229 1434 300 1461 hunc
312 1434 411 1460 insedit
423 1433 523 1468 regiam
540 1432 697 1466 dignitatem

148 1479 263 1508 Justitizn
275 1480 353 1506 simul
367 1478 570 1511 clementiaeque
585 1475 724 1509 exemplar

151 1524 352 1552 Valentinianus
366 1523 583 1551 Christianorum
600 1522 692 1552 llt'CllS,

149 1569 190 1595 vir
202 1573 341 1602 strenuus,
356 1569 495 1594 animost
504 1575 535 1594 ac
551 1566 687 1597 robustus,

148 1615 253 1649 generis
267 1623 298 1642 ex
312 1614 451 1642 Pannonia
465 1614 577 1647 stirpem
595 1612 704 1639 trahens
718 1619 726 1643 ;

150 1663 273 1696 princeps
287 1662 371 1689 bonus
390 1666 415 1688 et
430 1661 556 1696 providus
569 1667 631 1694 erga
647 1659 778 1689 subditos,

149 1707 194 1742 qui
210 1708 366 1742 peregrinas
378 1710 513 1741 quomlum
527 1707 553 1733 iu
566 1706 699 1738 regiones.

150 1757 240 1787 utpote
250 1753 421 1781 Christianus
437 1753 572 1786 Deumque
588 1750 724 1778 Christurn
741 1749 847 1781 colens,

150 1801 184 1827 ab
193 1804 313 1834 apostata
325 1798 431 1826 .luliauo
448 1798 541 1832 pulsus
561 1797 665 1828 fuerat;

152 1855 223 1873 nunc
238 1845 319 1873 redux
334 1846 366 1873 ad
381 1844 540 1876 exercitum,
564 1843 686 1870 tribunus
699 1845 768 1869 erat.

152 1893 177 1920 Is
193 1892 237 1919 tthi
251 1899 405 1926 supremam
420 1889 574 1923 dignitatem
589 1889 666 1920 adiit,

152 1939 257 1974 imperii
271 1938 374 1966 Sociunt
391 1937 501 1964 fratrem
516 1935 611 1962 ascivit
628 1941 717 1965 suum,

151 1991 333 2012 aerumnosum
348 1982 494 2014 Valentem,
510 1981 565 2008 Arii
579 1980 723 2012 asseclam,

154 2031 195 2058 cui
210 2035 298 2065 partes
313 2028 433 2056 Orientis
448 2027 578 2062 regendas
593 2022 704 2054 tradidit
719 2035 726 2054 :

153 2077 211 2110 ipse
221 2083 285 2104 vero
297 2075 425 2103 Occitluis
440 2074 482 2107 pie
497 2073 617 2108 prtefuit,

154 2122 198 2150 ubi
213 2122 330 2156 trophzea
348 2120 446 2148 nobilia
460 2120 494 2147 de
510 2117 658 2146 barbaricis

153 2168 279 2202 gentibus
291 2168 376 2195 victor
391 2166 485 2194 statuit
501 2173 552 2199 ope
568 2164 703 2192 Numinis.

155 2214 203 2241 llic
216 2214 306 2241 omnia
318 2213 380 2240 boni
395 2211 481 2240 oﬂicia
500 2218 660 2246 expromeus
674 2209 803 2246 principis

154 2259 321 2294 justititeque
337 2266 430 2286 amore
448 2258 598 2293 praesertim
615 2256 744 2292 ﬂagrans,

153 2305 368 2333 orthodomrum
380 2305 538 2339 dogmatum
552 2303 691 2334 defensor.

154 2351 301 2386 spatiosum
319 2352 380 2378 vita:
395 2350 562 2377 curriculum
578 2356 704 2377 emensus
717 2351 768 2381 est,

154 2403 182 2426 ct
196 2405 276 2425 cursu
289 2398 351 2424 vitm
367 2402 394 2424 et
407 2398 522 2424 termino
536 2397 631 2424 beatus
648 2396 731 2426 vistts,

154 2445 271 2480 expletis
285 2448 402 2479 quatuor
420 2451 500 2478 supra
515 2443 639 2477 octogina
659 2441 736 2468 anuis

155 2499 262 2520 summo
283 2492 308 2518 lll
322 2490 414 2518 favore
428 2489 551 2517 Numinis
568 2489 750 2522 heatitateque
765 2496 772 2519 ;

155 2546 188 2565 ex
201 2545 253 2572 qtto
268 2537 409 2572 imperium
422 2540 577 2570 susceperat
592 2535 670 2562 annis
683 2534 818 2561 undecim.

158 2584 207 2611 llic
221 2585 283 2626 dum
297 2586 322 2611 in
342 2583 437 2611 Galliis
451 2583 571 2618 degeret,
584 2586 699 2608 mortem
713 2579 791 2612 obiit,

156 2630 287 2658 Gratiano
305 2629 358 2657 lilio
369 2629 511 2664 imperium
529 2627 685 2661 relinquens

157 2676 217 2704 viro
232 2679 366 2702 rectorum
381 2674 536 2709 dogntatum
553 2672 700 2700 defensori.

344 2728 481 2756 VALENS
495 2727 550 2756 AN.
569 2727 613 2761 Ill,
628 2725 692 2754 SEU
711 2724 753 2754 IV.

159 2777 278 2805 Orientis
292 2776 400 2803 interim
416 2779 543 2809 regnator
559 2773 659 2800 Valens

160 2823 324 2851 Arianorum
343 2822 448 2849 deditus
461 2819 586 2852 vesaniae,

1101 221 1148 254 Εἰς
1169 222 1307 258 βασιλείας
1319 222 1350 250 τδ
1361 222 1462 258 κράτος
1477 222 1629 258 προεκρίθη
1643 231 1651 239 ·

1022 266 1074 294 475
1100 267 1128 294 '0
1144 267 1166 293 δ’
1181 265 1215 303 ἧν
1231 268 1345 302 ἀπειθὴς
1360 268 1428 303 πρὸς
1453 267 1483 294 τὸ
1510 267 1638 300 δέξασθαι
1662 266 1779 304 κράτος,

1093 314 1212 349 Χριστοῦ
1230 314 1280 349 μὲν
1293 314 1376 341 αὐτὸν
1387 314 1499 349 οἰκέτην
1512 312 1582 342 εἶναι
1594 315 1693 349 λέγων.

1094 361 1151 386 Καὶ
1168 360 1205 395 μὴ
1222 361 1389 396 κραταρχεϊν
1403 360 1518 392 ἀσεδοῦς
1535 360 1651 396 στρατοῦ
1666 360 1754 387 θέλειν
1765 367 1774 375 ’

1093 405 1202 433 Τούτων
1217 406 1245 433 δὲ
1260 406 1378 441 Χριστὸν
1391 406 1606 440 ἀνακραξάντων
1620 406 1721 440 σέϐειν,

1095 452 1184 483 Εὐθὺς
1195 451 1353 484 ἀνεζώσσιτο
1375 452 1423 488 τὴν
1438 453 1611 488 κραταρχξαν
1621 461 1629 468 ·

1022 498 1074 525 ιὸο
1093 498 1148 525 Καὶ
1160 497 1302 524 σπένδεται
1325 498 1352 524 δὲ
1368 497 1406 533 τῷ
1422 498 1570 533 κρατοῦντι
1588 497 1718 533 Περσίδος
1729 506 1738 514 σ

1091 544 1147 570 Kal.
1165 544 1214 570 σὺν
1231 544 1344 578 στρατιᾷ
1357 543 1406 579 τὴν
1428 543 1566 578 Ἀντιόχου
1582 543 1687 577 φθάσας

1095 590 1166 620 Τοὺς
1187 590 1252 624 πρὶν
1267 589 1391 624 φυγάδας
1405 589 1555 625 ἀρχιθύτας
1569 590 1702 624 ποιμένας

1093 635 1138 665 El;
1154 635 1229 669 σφῶν
1245 636 1402 670 ἐπανήγαγε
1420 644 1463 662 ποι
1469 636 1631 670 μεναρχιας,

1095 680 1167 707 Μεθ’
1177 677 1214 707 ὧν
1235 681 1395 708 Ἀθανάσιον
1409 681 1501 708 ἔνθεον
1519 681 1614 716 θύτην,

1026 726 1079 754 485
1098 726 1153 752 Καὶ
1167 728 1251 753 πᾶσιν
1265 727 1414 763 ἑϐράϐευσε
1427 729 1486 759 τοῖς
1498 726 1705 762 Χριστωνύμοις

1098 770 1168 805 Ἔαρ
1183 771 1301 805 γαληνὸν
1316 772 1472 807 ὸρθοδοξίας
1483 772 1564 806 φάος.

1096 816 1144 847 Εἰς
1159 817 1300 852 Ἄγκυραν
1314 817 1342 844 δὲ
1358 818 1508 852 πεφοακὼς
1530 817 1666 850 Γαλατίας

1099 864 1174 890 Ἐκεῖ
1187 864 1300 901 τελευτᾷ
1313 865 1414 900 διάγων
1429 865 1558 899 ἐξαπίνης

1095 909 1192 944 Φαγὼν
1209 910 1334 946 μύκητας
1351 912 1503 947 ἀρτιφυείς,
1519 912 1557 943 ὠς
1571 912 1664 945 λόγος,

1020 955 1073 982 490
1099 955 1186 983 Ὀκτὼ
1202 957 1347 991 κατασχὼν
1374 959 1462 992 μῆνας
1481 957 1569 993 ἀρχὴν
1591 958 1638 984 καὶ
1655 957 1751 991 μόνους
1763 963 1775 973 ο

1101 1001 1240 1038 ’Υπῆρχεν
1254 1000 1331 1035 οὗτος
1347 1003 1461 1038 εὐσεϐὴς
1477 1003 1537 1038 μὲν,
1553 1003 1591 1034 ὡς
1607 1003 1686 1038 ἔφην,

1092 1048 1218 1083 Χρηστδς
1236 1048 1352 1083 γαληνὸς
1368 1048 1487 1084 εὐμενὴς
1504 1048 1649 1082 ὑπηκόοις,

1098 1092 1265 1129 Ἀναδρομὴν
1279 1093 1406 1128 σώματος
1418 1095 1526 1130 εὐμήκη
1545 1096 1647 1130 φέρων⁹

1092 1139 1148 1165 Καὶ
1164 1139 1337 1174 γραμμάτων
1354 1139 1382 1166 δὲ
1397 1141 1516 1176 μετρίως
1529 1142 1695 1176 γεγευμένος
1709 1151 1717 1160 ο

1023 1183 1076 1212 495
1096 1184 1217 1219 Ἠττητο
1233 1185 1256 1211 δ’
1269 1186 1341 1212 οῐνου
1360 1185 1409 1212 σὺν
1423 1186 1626 1222 ἐρωτοληψίαις
1639 1196 1646 1204 ·

1093 1231 1149 1257 Καὶ
1161 1231 1234 1258 τοῦδ’
1252 1232 1266 1258 ὁ
1282 1233 1378 1266 νεκρὸς
1392 1233 1421 1259 ἐν
1436 1233 1512 1259 πόλει
1529 1232 1670 1266 Βυζαντίδι

1098 1277 1142 1303 Ἐν
1159 1278 1254 1311 εὐαγεῖ
1265 1278 1382 1305 τέθαπτο
1397 1279 1525 1315 κηρύκων
1535 1279 1622 1315 δόμῳ.

1040 1333 1347 1361 ΟΥΛΛΕΝῚΊΝΙΑΝΟΣ
1361 1336 1415 1362 ΕΤ.
1433 1335 1484 1364 IA'.
1499 1337 1533 1363 Ol
1548 1338 1600 1364 AE.
1615 1337 1671 1366 ET.
1687 1337 1715 1365 l'.

1091 1422 1158 1451 Εἶτα
1173 1424 1313 1459 παρῆλθεν
1328 1425 1367 1456 είς
1383 1425 1520 1460 βασίλειον
1535 1426 1635 1462 κράτος

1094 1471 1284 1506 Δικαιοσύνης,
1296 1473 1449 1506 πραότητος
1463 1471 1496 1499 αὗ
1511 1472 1598 1505 τύπος

1020 1514 1073 1543 500
1092 1516 1314 1548 Οὗαλεντινιανδς
1335 1517 1454 1543 εὐσεὸῶν
1475 1517 1564 1550 κλέος,

1095 1561 1226 1592 Γεννάδας
1242 1562 1322 1597 ἀνὴρ,
1339 1562 1478 1597 εὐσθενὴς,
1493 1562 1646 1597 ῥωμαλέος,

1104 1607 1151 1633 Ἐκ
1165 1607 1298 1639 Πανονίας
1316 1609 1435 1643 ἀρχῆθεν
1445 1608 1623 1644 ὡρμημένος,
1652 1639 1653 1643 η

1094 1653 1213 1689 Κράτωρ
1226 1653 1340 1688 ἀγαθὸς,
1353 1654 1478 1689 κηδεμὼν
1493 1655 1632 1691 ὑπηκόων,

1096 1700 1142 1731 El;
1155 1700 1310 1735 ἀλλοδαπὴν
1324 1700 1473 1736 ὲξορισθείς
1488 1710 1538 1728 που
1557 1702 1640 1737 χθόνα

1025 1746 1078 1774 505
1103 1746 1148 1778 Ὠς
1163 1747 1326 1781 Χριστιανὸς
1338 1748 1383 1774 καὶ
1394 1748 1459 1774 Θεὸν
1474 1749 1592 1783 Χριστὸν
1604 1748 1691 1775 σέεων

1104 1791 1248 1818 Ἰουλιανοῦ
1264 1792 1331 1826 πρὸς
1347 1792 1509 1827 Παραϐάτου
1527 1793 1611 1820 πάλαι
1624 1800 1632 1809 ⁸

1097 1837 1155 1865 Εἶτ’
1169 1838 1334 1872 ἀνακληθεὶς
1348 1839 1513 1874 χρηματίζει
1523 1839 1668 1874 τρεσοῦνος
1679 1847 1688 1856 δ

1102 1885 1148 1916 Ὠς
1162 1884 1209 1911 οὖν
1223 1884 1380 1915 ἁνεζώσατο
1395 1885 1444 1920 τὴν
1458 1886 1640 1920 κραταρχίαν,

1101 1930 1238 1957 Κοινωνδν
1251 1930 1339 1965 ἀρχῆς
1354 1930 1485 1964 σύγγονον
1502 1931 1706 1965 προσλαμὸά-.·σι

1026 1975 1078 2003 510
1099 1975 1208 2002 ’Δολιον
1226 1975 1363 2003 Οὐάλεντα
1380 1975 1485 2011 μύστην
1506 1977 1612 2010 Ἀρείου
1626 1985 1632 1992 ·

1097 2021 1151 2047 Καὶ
1166 2021 1265 2055 μοῖραν
1282 2020 1357 2054 αὐτῷ
1373 2021 1512 2055 παραδοὺς
1527 2021 1576 2056 τὴν
1590 2021 1640 2056 τῆς
1653 2021 1720 2055 Ἕω,

1095 2068 1182 2100 Αὐτὸς
1191 2068 1332 2103 κατῆρχεν
1348 2068 1469 2099 εὐσεϐῶς
1484 2069 1535 2103 τῆς
1558 2070 1704 2104 Ἑσπέρας,

1098 2114 1240 2149 Περιφανῆ
1254 2115 1370 2150 τρόπαια
1388 2115 1457 2141 κατὰ
1471 2115 1622 2151 Βαρϐάρων

1098 2161 1153 2188 Καὶ
1167 2161 1245 2192 νίκας
1261 2161 1337 2191 ἱστὰς
1351 2162 1384 2196 τῇ
1397 2161 1464 2187 Θεοῦ
1480 2162 1624 2197 συμμαχῖᾳ
1634 2170 1641 2178 ⁶

1031 2207 1083 2235 515
1103 2208 1158 2234 Καὶ
1172 2207 1262 2234 πάντα
1278 2208 1363 2233 ποιῶν
1383 2205 1424 2238 οἷς
1440 2208 1601 2242 σεμνύνεται
1618 2209 1740 2244 κράτιυρ,

1099 2251 1281 2287 Δικαιοσύνης
1300 2253 1328 2284 ἐς
1342 2252 1378 2278 τὰ
1392 2253 1513 2287 μάλιστα
1530 2254 1619 2287 φίλος,

1099 2299 1154 2325 Kal.
1166 2298 1310 2332 δογμάτων
1323 2299 1466 2334 πρόμαχος
1479 2299 1644 2334 όρθοδοξίας,

1101 2344 1238 2379 Πολυετής
1253 2352 1296 2376 τις
1314 2345 1464 2379 ἀναφανεὶς
1478 2345 1507 2371 ὲν
1521 2345 1582 2381 βίῳ,

1101 2391 1155 2416 Καὶ
1171 2390 1340 2425 μακαριστὸς
1356 2391 1402 2417 τοῦ
1420 2391 1479 2425 βίου
1496 2391 1545 2418 καὶ
1559 2392 1605 2418 τοῦ
1621 2391 1724 2425 τέλους,

1029 2436 1081 2464 520
1100 2437 1180 2468 Βιοὺς
1191 2436 1359 2472 ὀγδοήκοντα
1377 2437 1426 2472 τῆς
1439 2437 1512 2472 ζωῆς
1527 2437 1640 2472 χρόνους

1101 2484 1173 2518 Πρὸς
1187 2483 1315 2519 τέτρασιν
1330 2481 1363 2510 αὖ
1373 2483 1483 2516 ὲνοέωῖ,
1499 2483 1677 2518 εὐδαιμόνως.

1106 2529 1166 2563 Ἀφ’
1182 2526 1219 2556 ὧν
1239 2528 1374 2563 κατῆρξεν
1387 2528 1483 2555 ἕνδεκα
1501 2529 1670 2564 κραταρχίας
1682 2537 1690 2546 ·

1100 2572 1185 2606 οὗτος
1202 2574 1316 2609 τελευτᾷ
1329 2574 1429 2608 διάγων
1443 2575 1471 2600 ἐν
1486 2574 1624 2608 Γαλλίαις,

1101 2620 1157 2655 Υίῷ
1171 2619 1301 2651 λελοιπὼς
1316 2620 1460 2654 Γρατιανῷ
1476 2620 1506 2646 τὸ
1516 2620 1627 2655 κράτος,

1031 2670 1083 2698 525
1109 2669 1198 2704 Ἀνδρὶ
1215 2668 1349 2703 προμάχῳ
1365 2668 1510 2703 δογμάτων
1523 2668 1708 2704 ὀρθοφρόνων.

1112 2726 1251 2753 ΟΥΛΛΗΣ
1268 2725 1322 2753 ΕΤ.
1340 2725 1378 2752 Γ’.
1396 2725 1450 2762 (17)
1467 2726 1498 2752 01
1516 2725 1556 2752 ΔΕ
1568 2725 1621 2753 ΕΤ.
1638 2727 1674 2752 Δ’.

1109 2773 1138 2799 '0
1151 2773 1173 2798 δ’
1186 2770 1219 2799 αὖ
1232 2771 1340 2807 Οᾶόιλης
1359 2771 1509 2806 βασιλεύων
1524 2771 1574 2806 τῆς
1587 2771 1655 2803 Ἕω,

1104 2818 1160 2845 Καὶ
1175 2817 1359 2852 καθυπαχθεὶς
1371 2815 1521 2852 ’Λρειανῷν
1537 2815 1631 2852 μανία,

197 2883 254 2919 (l7)
274 2865 398 2918 Intelligo
416 2886 471 2910 tres
484 2880 526 2909 vel
543 2885 660 2916 quatuor
675 2888 760 2908 annos
776 2885 836 2915 post
851 2880 1034 2910 Valentiniani
1054 2879 1146 2908 fratris
1161 2878 1274 2906 ohitum.
