1909 3073
128 176 163 206 2:3
688 172 889 203 EPHRﬂiMll
909 172 1208 205 CIlliONOGRAl‘III
1715 173 1750 206 84

126 229 242 258 Muclus
258 233 346 256 autem
364 233 391 255 et
404 228 495 256 Caesar
508 227 674 262 Nicephorius

126 286 213 313 picem
229 277 366 304 oculorum
385 275 480 303 merito
492 275 650 302 amiserunt.

126 323 177 350 Sed
191 322 384 350 Constantinus
396 321 558 355 procedente
573 324 696 353 tempore

127 373 219 392 curam
241 364 398 399 reipublicae
410 364 455 392 uni
470 364 520 391 sibi
534 364 682 395 vindicans,

127 411 316 438 comumnione
335 410 439 445 imperii
456 414 567 436 malrcm
584 409 737 440 submovet,

130 457 212 490 titque
227 463 321 488 reapse
336 461 429 483 contra
445 454 487 481 fas
501 454 645 480 monarcha
661 461 668 480 :

127 509 186 536 quae
204 509 247 528 res
263 504 393 528 malorum
411 500 511 527 mundo
522 499 658 527 cohortem
674 499 774 533 peperit

128 547 318 582 ingratumque
331 546 436 573 facinus
451 546 503 580 piis
519 545 640 576 auribus,

128 593 200 627 quod
219 593 341 627 quamvis
355 592 483 626 tragicam
500 592 562 618 vicit
580 589 749 624 tragoediam,

129 645 260 672 reumque
273 637 361 671 ipsum
377 637 463 664 oculis
474 644 579 664 cassum
594 638 678 665 dedit.

130 683 207 710 lrene
223 683 294 709 enim
313 682 411 708 doloris
429 682 595 716 impatientia

130 733 157 755 cl
173 727 317 762 recipiendi
333 727 438 761 imperii
454 735 546 754 amere
559 729 660 762 percita

130 774 243 801 calicem
260 774 314 801 lilio
328 779 405 809 parat
418 781 484 801 sane
501 781 623 800 amarum

132 820 304 855 mulsumque
316 820 411 847 miscet
425 826 509 846 morte
525 823 702 853 temperatum
716 829 722 846 :

132 866 254 894 conscios
268 866 369 893 habens
385 865 437 893 doli
456 873 487 892 ac
501 866 638 892 ministros

132 912 204 946 quod
221 912 376 939 muneribus
395 915 502 945 ceperat
516 916 542 938 et
557 912 696 945 promissis

133 957 215 984 duces
231 957 397 983 exercituum
409 962 435 983 et
456 960 593 983 senatores
607 965 615 989 ;

134 1002 233 1037 quibus
247 1001 335 1035 adiuta
352 1002 435 1029 ﬁliuni
455 1002 567 1036 imperio
582 1001 675 1035 dejicit
701 997 703 999 ’

135 1048 215 1083 eique
231 1048 375 1082 exstinguit
389 1047 488 1074 lumina
505 1048 655 1075 oculorum.

137 1095 193 1122 lleu
209 1094 272 1129 quid
287 1102 338 1122 non
349 1095 424 1129 cogis
439 1095 569 1127 homines,
588 1094 708 1125 ambitio.

136 1148 329 1175 maleficiorum
345 1147 446 1174 socium
467 1147 588 1181 praebens
599 1147 729 1175 fascinum
741 1147 749 1174 !

136 1199 163 1221 te
189 1194 256 1221 nihil
271 1193 370 1221 habent
387 1194 523 1221 daemones
541 1193 691 1220 exitiosius.

136 1242 213 1268 Tunc
231 1241 271 1268 sol
288 1247 390 1268 tantum
404 1249 455 1268 non
471 1241 606 1268 sustinens
617 1240 707 1267 videre
720 1239 833 1271 crimen,

137 1287 246 1315 nonnisi
261 1287 382 1314 hebetem
394 1287 480 1314 lucem
494 1287 691 1320 obscuramque
706 1285 799 1312 emisit

138 1333 250 1368 diesque
259 1333 381 1361 exhibuit
396 1334 519 1360 noctibus
541 1331 688 1366 persimiles
704 1339 711 1362 ;

137 1384 218 1413 atque
229 1378 266 1405 ita
287 1381 444 1404 manserunt
455 1377 569 1404 tenebrae
580 1376 613 1403 ad
631 1376 719 1410 plures
736 1375 804 1401 dies.

140 1424 186 1452 Sic
206 1431 272 1459 ergo
291 1423 431 1458 imperium
447 1430 540 1449 rursus
555 1422 587 1449 ad
605 1421 711 1448 lrenem

139 1477 285 1505 rerumque
301 1470 452 1500 arbitrium,
468 1473 538 1496 metu
557 1471 670 1501 remoto,
684 1467 773 1494 rediit.

138 1517 198 1545 lam
215 1516 351 1544 Hadriano
367 1523 431 1551 papa
445 1514 537 1542 Romae
551 1518 668 1545 mortuo,

137 1563 181 1590 vir
191 1562 353 1590 venerabilis
368 1561 592 1594 houoraudusque
608 1559 664 1587 Leo

138 1607 320 1642 pontificalem
339 1607 390 1633 rite
406 1605 549 1639 occupavit
563 1605 653 1631 sedem
668 1613 676 1637 ;

140 1652 184 1679 cui
199 1651 318 1679 seditiosi
331 1650 468 1685 invidique
481 1649 604 1676 homines

140 1697 248 1725 oculum
265 1696 336 1724 haud
352 1695 489 1723 lethalilcr
504 1695 691 1725 volnerarunt,

140 1751 188 1778 spe
201 1751 260 1777 sua,
274 1743 381 1770 volente
398 1742 437 1768 sic
457 1742 519 1773 Dco,
539 1740 670 1768 frustrati.

140 1791 167 1818 ls
184 1797 249 1817 vero
261 1790 295 1817 ad
313 1796 402 1823 regem
414 1787 581 1814 Francorum
597 1786 724 1814 Carolum

141 1837 272 1871 confugit,
289 1836 424 1870 tutiusque
438 1842 488 1869 ope
502 1833 600 1867 recepit
616 1832 718 1863 sedem,

144 1883 327 1917 unalelirisque
347 1882 468 1909 meritam
485 1880 582 1908 inﬂixit
597 1886 716 1914 pinnam.

143 1929 233 1963 Quare
249 1930 270 1956 is
281 1928 406 1956 Carolum
422 1931 562 1954 stemmate
576 1924 658 1960 regali
675 1923 792 1954 ornavit,

143 1982 258 2010 eumque
280 1975 371 2001 nonnae
387 1973 575 2007 imperatorem
593 1970 666 1998 fecit.

144 2019 213 2046 llinc
228 2024 372 2047 tenuerunt
388 2017 499 2044 Romam
514 2015 610 2043 Franci
627 2013 744 2045 barbari,

144 2068 191 2101 qui
206 2066 400 2094 Germanorum
420 2070 517 2097 genere
530 2061 636 2089 oriundi
648 2065 736 2091 erant,

146 2112 218 2146 quod
235 2119 278 2138 me
289 2110 414 2145 superius
430 2108 538 2136 memini
551 2108 606 2143 jam
620 2107 751 2135 scribere.

146 2159 220 2185 Gens
234 2157 292 2184 haec
308 2157 371 2184 olim
387 2162 435 2183 sua
453 2155 545 2182 relicta
560 2153 648 2189 patria

148 2204 216 2231 lines
233 2202 316 2230 Italiae
329 2201 454 2236 primitus
470 2201 589 2235 ingressa
602 2203 653 2232 est,

147 2257 261 2284 eamque
277 2248 359 2275 armis
373 2254 473 2281 susque
487 2247 573 2280 deque
587 2251 760 2276 concursans,

147 2295 253 2329 inclytae
267 2292 414 2328 praesertim
429 2291 520 2318 Romae
538 2290 649 2318 molesta
666 2294 733 2317 erat.

148 2341 202 2367 Sed
220 2340 290 2366 enim
308 2339 456 2373 imperante
467 2336 557 2363 Leone
570 2335 688 2363 Isaurico

149 2385 331 2418 hmresimque
343 2383 459 2414 lovente,
475 2381 567 2416 utjam
581 2380 709 2412 diximus,

151 2432 243 2460 Romae
258 2429 357 2457 veteris
374 2427 476 2463 primas
495 2431 522 2453 et
534 2426 662 2452 sacerdos

150 2476 297 2513 Gregorius
307 2475 341 2503 ab
351 2482 380 2502 se
392 2473 486 2507 repulit
503 2471 630 2499 divinitus

149 2525 243 2561 jugum
260 2522 365 2557 imperii
379 2526 405 2548 et
418 2527 523 2548 sacrant
541 2517 769 2548 communionem,

151 2575 180 2598 et
192 2578 252 2598 cum
266 2573 379 2596 externo
394 2574 492 2602 genere
503 2565 679 2594 Francorum,

153 2616 254 2644 omisso
271 2614 351 2646 bello,
371 2620 463 2646 pacem
480 2611 622 2644 foedusque
636 2609 704 2636 iniit.

155 2661 274 2694 Denique
289 2659 338 2686 sub
355 2659 431 2686 lrcne
447 2656 678 2689 Constantinoque
694 2653 815 2688 regibus,

153 2709 223 2735 intra
237 2706 357 2733 Romana
373 2704 468 2731 Inceniu
487 2702 603 2729 Francos
613 2700 678 2733 Leo,

155 2752 252 2780 Carolo
263 2755 402 2782 coronato,
421 2755 449 2777 ut
466 2749 531 2781 dixi,
546 2747 652 2782 excepit
665 2754 672 2778 ;

155 2798 201 2832 qui
218 2798 257 2825 sic
270 2797 351 2824 totius
366 2794 448 2822 Italia;
460 2798 607 2821 evaserunt
622 2791 734 2819 domini.

155 2844 269 2872 Carolus
285 2847 345 2878 post
359 2845 496 2876 receptam
512 2846 638 2867 coronam
653 2838 754 2873 regiam

155 2889 259 2925 legatos
276 2889 348 2917 misit
366 2887 398 2915 ad
413 2887 518 2915 lrenem
533 2884 681 2920 principem

1076 227 1106 254 Ὅ
1126 228 1243 263 Μωσηὶὲ
1257 227 1286 254 δὲ
1304 227 1351 254 καὶ
1362 227 1520 262 Νικηφόρθς
1535 227 1647 261 Καῖσαρ

1072 272 1127 307 Τὴν
1142 273 1277 307 ὀμμάτων
1294 273 1420 307 πήρωσιν
1435 273 1514 307 ἔσχον
1524 273 1564 304 εἰς
1575 272 1665 306 δίκην.

1077 318 1106 345 ’0
1117 319 1320 349 Κωνσταντϊνος
1334 326 1365 343 συ
1371 318 1512 352 μπροῑόντι
1523 317 1613 352 χρόνῳ

985 365 1054 392 1910
1073 365 1189 400 Θαρῤὦν
1204 364 1293 399 ἑαυτῴ
1309 363 1479 399 πραγμάτων
1495 363 1544 397 τὴν
1563 363 1704 397 φροντίδα,

1073 409 1224 440 Κοινωνίας
1241 408 1343 435 ἔπαυσε
1356 407 1464 442 μητέρα
1482 407 1611 440 κράτους.

1073 454 1128 481 Καὶ
1141 455 1277 480 δείκνυται
1292 454 1434 488 μόναρχος,
1447 453 1477 479 οὗ
1492 452 1583 484 καλῶς
1598 451 1712 487 δράσας,

1075 499 1107 527 '0
1124 501 1265 534 συμφορᾶς
1278 500 1377 534 ἦνεγκε
1394 499 1432 533 τῷ
1451 499 1500 533 βίῳ
1517 498 1610 532 βάρος,
1644 523 1647 526 ,

1071 545 1126 571 Καὶ
1141 546 1232 580 δρᾶμα
1249 545 1348 580 πικρὸν
1365 546 1462 574 ἀκοαῖς
1477 544 1660 577 εὐγνωμόνων

987 592 1054 618 1915
1076 592 1169 618 Πᾶσαν
1181 592 1317 625 τραγικὴν
1333 590 1449 616 ὲκνικῶν
1465 588 1631 624 τραγῳδίαν,

1073 639 1153 674 Αὖτῷ
1166 639 1195 665 δὲ
1209 638 1247 673 τῷ
1259 638 1390 674 δράσαντι
1409 637 1499 671 φωτδς
1516 636 1618 670 ζημίαν
1631 643 1640 651 ο

1073 683 1147 719 Αὕτη
1163 684 1218 719 γὰρ
1235 684 1265 710 οὺ
1277 683 1399 718 φέρουσα
1415 682 1509 718 πράως
1525 682 1575 717 τὴν
1593 681 1682 716 λύπην

1073 729 1221 763 Φιλαρχῖας
1236 729 1318 765 ἔρωτι
1333 729 1379 755 καὶ
1397 728 1514 763 κράτους
1532 727 1624 762 σχέσει
1639 747 1646 758 ,

1075 775 1156 802 Παιδί
1176 774 1280 808 σκύφον
1300 774 1411 810 κίρνησι
1427 773 1526 808 μεστόν
1538 774 1652 807 πικρῑας

989 820 1271 848 1920-Καὶκυκεῶνα
1288 820 1406 848 θανάτου
1421 818 1628 854 πεπλησμένον,

1075 866 1240 902 Συνίστορας
1257 866 1356 900 ἔχουσα
1371 868 1418 892 καὶ
1434 866 1534 900 ρἑτας
1553 865 1630 891 δόλου

1067 912 1122 945 Οὓς
1137 913 1252 948 δωρεαῖς
1267 912 1375 939 ἔπεισεν
1389 911 1487 946 ἁϐραῖς
1502 911 1549 938 καὶ
1561 911 1652 944 λόγοις

1075 959 1147 989 Τοὺς
1160 958 1358 993 ταγματάρχας
1371 957 1500 991 στρατιᾶς
1511 955 1576 987 τούς
1592 955 1617 982 τ’
1628 957 1657 982 ὲν
1669 955 1755 987 τέλει,

1075 1003 1115 1030 Δι’
1129 1000 1166 1030 ὧν
1181 1003 1296 1038 συνέσχε
1311 1002 1433 1029 καθελὼν
1448 1002 1523 1028 τόνδε
1539 1001 1670 1035 κράτους,

990 1049 1059 1078 1925
1079 1048 1134 1076 Καὶ
1149 1048 1239 1082 φωτὸς
1252 1047 1420 1083 ἠμαύρωσεν
1437 1046 1518 1073 αὑτοῦ
1536 1045 1584 1076 τὰς
1605 1045 1707 1079 κόρας⁶

1076 1095 1129 1122 Φεῦ
1144 1092 1187 1121 οἵα
1206 1094 1293 1125 ποιεῖς
1310 1094 1358 1119 καὶ
1372 1092 1511 1127 τυρεύεις,
1522 1089 1544 1118 ὦ
1559 1091 1655 1125 φθόνε,

1076 1140 1192 1174 Τελχῖνα
1204 1138 1343 1174 συνέριθον
1357 1137 1450 1172 αὐχῶν
1466 1136 1577 1168 κακίας,

1079 1187 1113 1213 Ἣ
1127 1186 1263 1221 δαιμόνων
1277 1185 1407 1212 κάκιστον
1419 1182 1657 1217 ἁνθρωποκτόνονῐ

1079 1231 1141 1259 Τόθ“
1157 1232 1231 1267 ἥλιος
1247 1231 1305 1265 φῶς
1323 1229 1360 1265 μὴ
1375 1229 1466 1264 φέρων
1481 1228 1591 1263 βλέπειν
1605 1227 1699 1261 μύσος,

993 1279 1060 1306 1950
1085 1278 1220 1313 ’Δμυδρδν
1234 1277 1370 1310 ἐξέλαμπε
1384 1276 1431 1301 καὶ
1450 1274 1617 1309 βεϐυσμένον

1079 1323 1134 1355 Τὰς
1152 1323 1260 1358 ἡμέρας
1271 1321 1342 1356 δρῶν
1360 1320 1418 1352 νυξὶ
1434 1319 1669 1354 παρεικασμένας,

1080 1369 1136 1396 Καὶ
1146 1368 1226 1395 τοῦτο
1238 1367 1343 1393 πολλῶν
1357 1366 1468 1401 ἡμερῶν
1485 1364 1651 1398 παρατάσει.

1079 1415 1158 1441 Οὕτω
1175 1414 1224 1448 μὲν
1239 1412 1317 1443 αὖθις
1328 1412 1428 1446 Εἰρήνη
1443 1410 1614 1445 κραταρχίαν

1080 1461 1134 1487 Καὶ
1151 1459 1323 1494 πραγμάτιον
1337 1460 1468 1492 πρόνοιαν
1486 1457 1564 1492 ἔσχεν
1578 1458 1704 1491 ἀφόϐως*

994 1508 1063 1535 1955
1080 1506 1133 1533 Τοῦ
1147 1505 1169 1532 δ’
1181 1504 1325 1540 Ἀδριανοῦ
1345 1504 1424 1543 πάγια
1442 1503 1569 1535 θανόντος
1586 1502 1708 1538 Ῥώμης,

1079 1553 1183 1584 Αῐδοῖος
1197 1551 1269 1586 ἀνὴρ
1279 1550 1328 1576 καὶ
1342 1549 1490 1583 σεϐάσμιος
1505 1549 1582 1575 Λέων

1083 1596 1233 1633 Προεδρίαν
1247 1596 1341 1630 εἴληφε
1354 1595 1458 1629 ταύτης
1469 1594 1590 1628 ὲννόμως
1599 1601 1606 1609 ’

1081 1645 1130 1671 Ὃν
1146 1643 1310 1670 στασιασταὶ
1325 1640 1503 1671 συλλαϐόντες
1519 1640 1551 1666 ὲκ
1570 1639 1668 1674 φθόνου

1084 1691 1182 1725 Ὀμμα
1194 1690 1217 1716 τ’
1233 1687 1406 1722 ἐλωϐήσαντο
1422 1685 1494 1712 τοῦδ’
1511 1686 1562 1712 οὐκ
1585 1686 1623 1715 ei;
1642 1683 1723 1718 βάθος

994 1739 1061 1766 1910
1081 1736 1237 1770 Σφήλαντος
1251 1734 1344 1764 αὐτοῖς
1359 1732 1406 1759 τοῦ
1422 1732 1490 1758 Θεοῦ
1504 1730 1553 1762 τὰς
1567 1729 1687 1759 ἐλπίδας.

1083 1781 1165 1808 ’Ὅθεν
1179 1779 1313 1814 Καρούλῳ
1327 1777 1479 1813 προσφυεὶς
1498 1775 1564 1812 ρηγὶ
1576 1775 1722 1808 Φράγγων,

1082 1826 1185 1853 Τούτου
1201 1824 1331 1859 συνάρσει
1348 1822 1482 1858 λαμϐάνει
1497 1821 1579 1847 πάλιν
1595 1819 1704 1854 θρόνον,

1084 1873 1139 1899 Καὶ
1155 1871 1219 1902 τοὺς
1235 1869 1366 1904 ὑϐριστὰς
1381 1866 1566 1901 ἁνταμύνεται
1579 1865 1641 1901 δίκῃ
1651 1873 1658 1880 ·

1087 1919 1136 1944 Ὃν
1148 1917 1195 1944 καὶ
1207 1915 1292 1943 διαδεῖ
1311 1913 1439 1950 βασιλικῇ
1453 1912 1557 1947 ταινίᾳ,

999 1965 1068 1992 19ίῦ
1090 1963 1292 1998 Ἀναγορεύσας
1309 1961 1501 1996 αὑτοκράττιρα
1521 1958 1645 1993 Ῥώμης⁴

1091 2010 1150 2042 Ἀφ’
1161 2005 1192 2036 οὗ
1207 2009 1339 2042 κατέσχον
1352 2006 1485 2041 βάρϐαροι
1500 2005 1621 2039 Φράγγοι
1640 2001 1762 2037 Ῥώμην,

1087 2056 1136 2082 Ἐκ
1153 2053 1301 2089 Γερμανῶν
1312 2052 1437 2082 ἕλκοντες
1455 2050 1558 2077 ἀνωθεν
1573 2049 1661 2084 γένος,

1094 2102 1138 2133 Ὠς
1156 2100 1252 2127 ἀνὸπιν
1274 2100 1369 2134 εἴρητο
1384 2096 1570 2131 συγγράφοντί
1583 2104 1639 2130 μοι.

1093 2146 1213 2176 Ἰταλίας
1227 2144 1276 2177 μὲν
1296 2145 1352 2173 τοῖς
1364 2143 1437 2177 ὅροις
1450 2141 1601 2175 είσεφθὰρη

1006 2193 1072 2220 19λο
1091 2192 1204 2227 Πρῶτον
1215 2191 1294 2224 γένος
1310 2189 1384 2223 σφῶν
1400 2186 1510 2214 ὲκλιλιτδν
1521 2187 1571 2221 τὴν
1586 2186 1717 2221 πατρίδα,

1093 2238 1149 2264 Καὶ
1163 2237 1213 2271 τὴν
1233 2234 1342 2262 Ἰταλῶν
1353 2235 1409 2265 τοῖς
1421 2233 1515 2263 ὅπλοις
1532 2232 1713 2266 κατατρέχον,

1095 2283 1205 2317 Ῥώμην
1222 2280 1419 2316 μεγαλώνυμον
1439 2279 1503 2313 ἡνία
1523 2278 1614 2305 πλέον.

1089 2327 1143 2355 Τοῦ
1158 2327 1180 2354 δ’
1196 2326 1320 2361 Ἰσαύρου
1333 2325 1447 2356 Λέοντος
1469 2324 1598 2359 ἄρχοντος
1612 2323 1733 2358 κράτους

1095 2374 1150 2400 Καὶ
1163 2371 1370 2402 δυσσεϐοὓντος,
1383 2370 1420 2402 ὡς
1433 2370 1485 2403 ἔφη
1499 2369 1605 2404 φθάσας
1615 2369 1705 2402 λόγος,

1004 2420 1074 2448 i955
1098 2419 1210 2453 Ῥώμης
1225 2417 1345 2448 παλαιᾶς
1358 2417 1372 2443 ὁ
1385 2416 1516 2450 πρόεδρος
1534 2415 1581 2441 καὶ
1596 2413 1678 2448 Θύτης

1098 2465 1301 2499 ’Δποστατήσας
1311 2463 1461 2498 Γρηγόριος
1474 2462 1575 2492 ὲνθέως

1094 2511 1184 2545 Ζυγοῦ
1199 2519 1228 2537 τε
1248 2509 1365 2545 κράτους
1379 2509 1454 2544 ἱερᾶς
1472 2507 1617 2539 κοινωνίας

1094 2557 1215 2589 Ἔξωθιν
1226 2556 1282 2582 ὄντι
1295 2554 1439 2581 σπένδεται
1455 2554 1590 2588 Φράγγων
1614 2552 1698 2586 γένει,

1093 2603 1147 2629 Kal
1162 2602 1213 2637 τὴν
1229 2601 1298 2636 πρὸς
1311 2599 1412 2631 αὐτοὺς
1428 2599 1615 2633 συγκαταλύει
1632 2599 1732 2633 μάχην.

1008 2649 1077 2677 1960
1097 2649 1160 2675 Ἐπὶ
1171 2648 1194 2674 δ’
1208 2647 1334 2674 ἀνάκτων
1350 2646 1469 2681 Εἰρήνης
1482 2645 1687 2671 Κωνσταντίνου

1099 2695 1209 2730 Ῥώμης
1219 2694 1295 2720 Λέων
1307 2692 1431 2719 ἔντοσθεν
1445 2692 1545 2722 αὐτοὺς
1559 2691 1666 2724 εἰσάγει

1096 2741 1151 2767 Καὶ
1166 2740 1265 2766 ταινιοϊ
1281 2739 1433 2773 Κάρουλον,
1443 2736 1482 2768 ὡς
1495 2736 1564 2772 ἔφην
1581 2736 1648 2767 ἂνω,

1095 2785 1248 2813 Κάντεῦθεν
1263 2784 1352 2819 ἧρξαν
1372 2783 1422 2818 τῆς
1439 2783 1502 2818 ὅλης
1518 2782 1645 2813 Ἰταλιας.

1100 2831 1239 2866 Κάρουλος
1255 2829 1331 2860 οὗτος
1344 2828 1471 2860 ἀξιωθεὶς
1488 2828 1535 2855 τοῦ
1554 2827 1669 2861 στέφους

1010 2878 1079 2906 1965
1099 2863 1223 2904 "Ereti/.2
1239 2876 1368 2912 πρέσϐεις
1388 2874 1457 2910 πρὶς
1469 2873 1625 2910 κρατοῦσαν
1638 2863 1758 2908 Εἰρήνην
