1909 3073
149 131 184 162 95
881 131 977 162 CESA
983 131 1065 164 RES.
1753 135 1789 165 9‘»

262 188 374 224 Γάμους
392 188 482 223 ἑαυτῷ
501 187 643 224 μνώμενος
660 188 806 223 βασιλίδος,

260 234 317 261 καὶ
334 234 400 269 τῇδε.
418 235 500 269 τυχὸν
517 234 680 268 στερκτέους
696 234 861 268 πεφηνότας.

263 280 320 307 Καὶ
335 279 397 315 τάχ’
413 280 446 306 ἂν
461 277 513 315 ἧκε
529 279 597 313 πρὸς
613 279 700 314 πέρας
717 279 752 306 τὰ
769 279 823 305 τῶν
838 279 945 314 γάμων,

262 326 348 360 Εἰμὴ
366 324 437 359 μέγα
453 334 495 357 τις
510 326 538 352 ἐν
556 325 702 359 βασιλείοις
714 325 825 352 σπᾶδων

170 371 243 398 ,9ῖο
262 367 300 406 τῼ
318 371 416 404 κλῆσις
439 371 544 402 Ἀέτιος
563 370 664 405 ἰσχύων
678 370 751 402 τότε,

262 418 353 450 Κῆδος
369 417 399 443 τὸ
415 417 484 451 πρὸς
503 416 644 451 Κάρουλον
661 416 754 451 ἴσχυσε
768 415 874 448 σϐέσαι,

266 463 360 489 Πάντα
372 462 488 496 κινήσας
505 461 588 492 λίθον,
605 461 642 491 ὡς
656 461 804 496 παροιμία,

262 509 308 542 Τῷ
324 508 483 543 παρενεῖραι
497 508 531 542 τῇ
545 507 701 542 κραταρχίᾳ
717 506 805 533 θέλειν

261 555 365 581 Λέοντα
377 553 541 588 κασίγνητον
552 552 666 579 ἄνευθεν
680 552 776 587 φόῦου.

151 631 353 659 ΝΙΚῘΗΟΡΟΣ
374 632 395 658 Ο
419 631 570 657 ΓΕΝΙΚΟΣ
599 630 656 667 ('53)
684 630 737 658 ET.
753 630 792 658 Θ.
822 631 944 658 ΕΤΕΡΟΙ

509 677 549 704 ΔΕ
568 677 612 704 μ’.

171 746 243 774 1975
263 746 346 772 Ὅθεν
363 745 469 779 βασιλὶς
481 745 539 776 τοῖς
552 744 623 775 ὅλοις
638 742 790 778 μισουμένη

262 792 423 818 Ἐκπτωσιν
437 790 569 825 ὑπέμεινε
593 789 644 823 τῆς
660 788 820 823 μοναρχίας,

262 837 362 864 ’Δλλου
380 836 637 871 παρεισφρήσαντος
651 834 720 869 αὐτῇ
739 834 788 860 σὺν
805 833 872 868 δόλῳ

260 882 315 909 Τοῦ
333 882 481 916 λογοθέτου
491 880 603 914 γενικοῦ
617 879 791 915 Νικηφόρον,

260 928 369 964 ’Δνδρδς
384 926 486 962 μιαροῦ
505 926 660 960 κακοήθους
678 925 741 956 τοὺς
760 925 888 960 τρόπους,

171 975 243 1003 1980
261 973 505 1009 Ἐρασιχρημάτου
519 980 548 998 τε
564 972 611 998 κα)⁴
625 969 806 1005 φιλαργύρου,

263 1019 358 1053 Πάσης
370 1017 484 1052 ταμείου
499 1015 599 1047 κακίας
615 1014 768 1049 ἀπληστίας

262 1065 412 1099 Ἐφορκον,
430 1063 560 1090 ὰὸιὸαιον
577 1061 723 1095 αὐχοῦντας
738 1060 850 1093 τρόπον.

260 1106 344 1139 οὗτος
359 1107 450 1142 τεμὼν
470 1107 552 1142 ὅρκια
562 1106 595 1140 τῇ
611 1104 728 1139 βασιλίδι

263 1154 348 1188 Δῆλον
361 1153 473 1188 τιθείσῃ
487 1151 637 1187 χρημάτων
652 1149 840 1185 άποκρύφωνε

173 1198 243 1227 £985
263 1199 408 1233 Θησαυρὸν
423 1198 506 1232 άῡρον
521 1197 584 1231 τῇδέ
599 1205 652 1222 που
668 1195 882 1230 κεκρυμμένων,

262 1243 364 1278 Ἀχαρι
381 1243 462 1278 μηδὲν
479 1241 609 1277 μηδαμῶς
623 1240 805 1268 πεπονθέναι·

261 1289 394 1324 Ἐπείπερ
416 1289 557 1321 ὑπέδειξεν
581 1287 654 1322 αὺτῷ
674 1286 767 1322 μυρία,

261 1336 310 1367 Εἰς
322 1334 404 1369 νῆσον
422 1335 560 1369 ἐξόριστον
577 1333 717 1368 ἐκπέμπει
730 1332 776 1368 βίᾳ

258 1381 437 1415 Ἐπωνυμίαν
454 1380 609 1414 Πριγκίπου
627 1380 812 1413 κεκτημένην.

172 1428 244 1457 5990
265 1425 331 1454 Εἶτα
349 1426 530 1462 μετατίθησιν
549 1426 590 1456 είς
607 1426 690 1460 νῆσον
706 1423 826 1455 Λέσϐον,

265 1475 376 1508 Ὀρκων
387 1472 487 1499 ἑαυτοῦ
501 1471 604 1506 μηδένα
615 1470 701 1502 τιθεὶς
713 1469 792 1503 λόγον
803 1477 810 1484 ⁸

262 1519 349 1546 Ἔνθα
366 1518 492 1554 περαίνει
506 1517 553 1543 τὸν
569 1516 670 1551 δρόμον
687 1515 783 1542 τούτου
800 1514 870 1550 βίου.

261 1564 444 1598 Πανοπερμία
462 1563 484 1589 δ’
498 1562 535 1589 ὢν
550 1561 727 1595 παντοδαπῆς
744 1559 843 1591 κακίας

261 1609 429 1644 ’Δπληστίας
448 1608 566 1643 μάλιστα
580 1606 629 1641 τῆς
645 1604 771 1639 ὀλεθρίας

166 1655 241 1683 1995
260 1654 361 1681 Κακῶν
375 1654 498 1688 ὑπῆρξεν
514 1651 629 1687 εὑρετὴς
646 1649 845 1684 τελεσμάτων,,

262 1699 562 1733 Καπνικαλληλέγγυον
575 1696 720 1731 εἴσπραξιν
735 1694 812 1722 νόθον

256 1747 424 1780 Ἐπινοήσας
444 1744 594 1780 συπριὸὴν
609 1742 755 1778 ὑπηκόοις.

259 1793 314 1819 Καὶ
329 1792 409 1819 τοῦτο
423 1791 524 1826 δεῖγμα
538 1790 587 1824 τῆς
605 1788 704 1816 ἑαυτοῦ
717 1787 817 1819 κακίας

261 1839 309 1869 Ὠς
325 1837 441 1864 εκπλέου
460 1837 564 1870 γένοιτο
580 1835 672 1870 γεῦμα
685 1834 733 1861 τοῦ
753 1833 844 1860 πίθον.

168 1884 241 1913 εοοο
261 1884 347 1919 Ἀνὴρ
361 1882 572 1917 παλιγκάπηλος
585 1881 697 1915 ἀφνειὸς
710 1879 782 1907 πάνυ

262 1930 334 1965 Πρὸς
351 1929 429 1956 τοῦδε
445 1928 567 1963 κληθεὶς.
584 1926 743 1959 ἐκϐιάζεται
764 1925 860 1960 λέγειν

261 1976 392 2011 Ἀριθμὸν
407 1975 481 2010 αὐτῷ
492 1974 540 2001 τοῦ
557 1973 706 2009 προσόντος
728 1973 852 2008 χρυσίου.

261 2022 317 2049 Καὶ
337 2022 457 2056 φάμενον
471 2020 528 2053 τὸν,
546 2020 596 2046 οὐκ
610 2018 755 2054 ἀληθεύειν
767 2018 868 2052 φάναι..

262 2068 360 2094 Τοίνυν
375 2067 480 2098 ἐπιθεὶς
492 2066 541 2100 σὴν
556 2065 662 2100 κεφαλῇ
680 2073 730 2099 μου
745 2064 815 2099 χέρα

168 2114 241 2142 2005
264 2115 380 2149 Ὄμνυε,
397 2112 476 2147 φησὶ,
493 2113 565 2138 κατὰ
586 2111 688 2146 ταύτης
702 2111 743 2142 είς
762 2111 839 2138 τόσα.

265 2159 294 2185 '0
309 2158 332 2186 δ’
351 2159 416 2192 ἔδρα
428 2157 536 2192 βληθεὶς
550 2157 638 2192 δειλίᾳ
654 2157 705 2192 τὴν
718 2157 843 2191 καρδίαν,

267 2205 359 2231 Εἰπὼν
374 2204 486 2235 δεκάκις
499 2204 611 2238 χρυσίου
626 2202 720 2237 λίτρας
737 2203 816 2235 δέκα,

262 2251 311 2281 'A;
328 2250 375 2276 καὶ
390 2248 556 2283 κομισθῆναί
573 2257 605 2282 γε
622 2248 787 2283 προστάττει
804 2249 885 2284 τάχος
896 2257 902 2264 ·

259 2292 366 2330 Ὠνπερ
378 2295 445 2322 δέκα
456 2295 528 2327 δοὺς,
538 2292 596 2329 εἶχε
611 2294 708 2325 λοιπὰς
721 2296 735 2321 ό
747 2294 870 2331 κράτωρ,

169 2342 243 2369 2010
262 2342 300 2369 Οῡ
314 2342 355 2368 δεῖ
367 2340 509 2373 τοσούτου,
531 2341 664 2375 φάμενος,
683 2340 726 2367 σοὶ
744 2340 868 2375 χρυσίου.

259 2384 343 2418 οὗτος
356 2387 417 2413 κατ’
433 2386 540 2422 ἐχθρῶν
558 2386 762 2421 ἐκστρατεύσας
776 2385 940 2421 Βουλγάρων

259 2432 472 2466 Δεηλατούντων
486 2432 635 2458 δυτικὰττα
647 2431 745 2466 χωρία,

259 2477 356 2512 Μάχην
370 2477 473 2512 συνῆψε
485 2477 623 2512 καρτερὰν
637 2477 797 2508 ἀντιπάλοις
806 2485 814 2493 ο

258 2522 315 2549 Καὶ
329 2522 437 2558 πρῶτον
454 2523 587 2558 εὐτύχησε
605 2522 677 2549 κατὰ
693 2522 860 2557 Βαρὸἀρων·

166 2568 240 2595 2015
258 2568 323 2595 Εἶτα
341 2569 462 2601 νικᾶται,
474 2569 611 2595 κτείνεται
629 2568 698 2603 πρὸς
710 2569 743 2602 τῇ
761 2569 849 2603 μάχῃ·

261 2614 473 2648 Προσκτείνεται
486 2614 514 2641 δὲ
529 2613 716 2649 μυριάριθμον
730 2614 824 2649 στίφος

259 2660 376 2695 Ἀνδρῶν
386 2660 558 2694 στρατηγῶν,
573 2659 691 2694 εὐγενῶν
706 2658 761 2685 τῶν
774 2660 803 2686 ὲν
818 2659 903 2687 τέλει.

257 2705 314 2740 Τῆς
329 2705 358 2732 ὁὶ
371 2705 503 2741 στρατιᾶς
516 2705 572 2732 οὐδ’
587 2704 774 2741 ἇριθμήσαιτό
786 2713 838 2736 τις.

959 193 984 221 Α
1001 195 1029 217 ut
1041 190 1092 217 sibi
1106 189 1264 217 conciliaret
1280 189 1402 223 ejusdem
1420 188 1538 223 nuptias,

1000 243 1059 267 quae
1077 243 1121 262 res
1135 235 1184 270 ipsi
1200 235 1299 270 reginae
1314 235 1392 261 valde
1413 234 1524 269 placuit.

1001 281 1034 308 Et
1045 281 1144 316 nuptiae
1160 281 1266 315 quidem
1281 280 1396 308 fortasse
1408 280 1565 315 peragendae
1579 284 1666 312 erant,

1001 327 1051 353 nisi
1069 327 1095 353 in
1110 326 1170 352 aula
1193 325 1275 360 regali
1291 326 1373 364 spado
1387 326 1511 361 quidam,

1000 372 1107 399 nomine
1123 372 1226 404 Aetius,
1247 377 1310 398 tunc
1329 373 1463 406 praecipue
1481 375 1632 406 praepotens

999 417 1153 444 aﬂinitatem
1169 418 1257 445 Caroli
1273 417 1466 451 impedivisset,

998 471 1117 495 omnem,
1138 468 1166 490 ut
1184 468 1225 491 est
1241 464 1266 489 in
1283 464 1435 497 proverbio,
1453 469 1563 490 movens
1578 463 1691 496 lapidem
1707 471 1715 494 ς

999 515 1094 542 nempe
1110 512 1139 534 ut
1158 508 1241 535 tutius
1256 507 1372 535 Leonem
1390 508 1498 534 fratrem
1512 515 1603 538 suum,

998 554 1068 586 quod
1088 553 1139 580 sibi
1153 558 1211 580 erat
1227 553 1252 580 in
1267 553 1348 586 votis,
1364 553 1479 587 imperio
1494 553 1662 580 ohtrmlerel.

1031 631 1250 660 NICEPHORUS
1264 630 1459 659 GENERALIS
1477 630 1532 657 AN.
1550 631 1595 662 IX,
1613 629 1678 657 νει
1696 629 1745 658 U1}

1215 677 1281 704 ALH
1298 676 1415 710 AIUNT,
1431 676 1486 703 AN.
1505 675 1573 703 Vill.

1034 748 1104 782 Ergo
1120 748 1209 783 regina
1227 747 1301 775 Irene
1313 748 1398 775 invisa
1410 747 1541 775 omnibus

997 792 1168 819 amissionem
1181 793 1286 825 imperii
1299 800 1426 828 perpessa
1438 798 1488 823 est.

995 838 1049 865 alio
1061 845 1108 873 per
1123 838 1242 866 fraudem
1262 843 1411 873 occupante
1425 843 1563 872 sceptrum

994 885 1114 918 generali
1127 893 1223 920 nempe
1249 885 1383 920 logotlieta
1401 885 1573 919 Nicephoro;

994 931 1053 958 viro
1069 931 1196 962 nefando,
1218 932 1330 965 praedito
1348 931 1426 958 malis
1441 930 1575 960 moribus.

994 977 1114 1010 pecuniae
1128 977 1236 1012 cupido,
1254 981 1336 1012 atque
1350 985 1429 1011 opum
1443 976 1557 1007 amasio.

992 1022 1068 1049 omni
1087 1022 1189 1049 malitia
1210 1022 1299 1057 pleno.
1315 1021 1487 1051 avarissimo.

995 1068 1113 1095 instabili
1130 1068 1292 1103 perjuroque
1310 1072 1337 1095 et
1359 1072 1448 1094 mente
1458 1073 1486 1094 et
1500 1067 1603 1101 lingua.

995 1114 1044 1141 llic
1053 1115 1169 1149 obligata
1185 1113 1346 1148 imperatrici
1362 1113 1413 1140 llde

995 1167 1062 1193 opes
1081 1160 1236 1186 reconditas
1250 1159 1302 1186 sibi
1321 1158 1464 1189 revelanti,

996 1206 1151 1232 thesaurum
1168 1205 1296 1238 grandem
1318 1212 1396 1239 quem
1410 1209 1578 1238 seposurrat,

995 1250 1061 1277 nihil
1081 1249 1221 1277 molestum
1237 1249 1295 1277 fore
1311 1254 1499 1284 experturam;

994 1300 1136 1329 postquam
1156 1295 1199 1322 illa
1219 1294 1338 1322 ostendit
1355 1295 1412 1321 auri
1431 1302 1570 1325 acervum,

995 1341 1117 1375 protinus
1132 1340 1252 1368 exsulem
1266 1339 1367 1375 pepulit
1381 1339 1407 1366 in
1424 1339 1538 1366 insulam

995 1393 1075 1420 quam
1096 1385 1174 1421 vulgo
1187 1386 1296 1413 nomine
1308 1385 1451 1419 indigitant
1462 1384 1596 1418 Prim-ipis
1612 1393 1619 1411 :

995 1431 1058 1459 inde
1069 1432 1102 1458 ad
1115 1431 1195 1458 aliam
1217 1431 1331 1458 insulam
1354 1430 1468 1458 Lesbum
1485 1431 1633 1463 transtulit,

995 1477 1068 1504 nulla
1084 1477 1248 1504 sacramenti
1267 1476 1370 1504 ratione
1392 1476 1495 1509 habita,

968 1536 979 1553 ρ
996 1521 1040 1548 ubi
1057 1521 1100 1549 illa
1113 1522 1174 1548 vitae
1189 1528 1245 1549 suat
1260 1528 1368 1548 cursum
1385 1521 1492 1548 clausit.

994 1566 1054 1602 ipse
1068 1571 1212 1595 concretus
1226 1567 1306 1594 ltomo
1323 1568 1422 1594 malitia
1435 1568 1576 1602 omnigena

994 1612 1040 1640 sed
1056 1612 1168 1639 avaritia
1183 1612 1209 1638 in
1227 1612 1322 1647 primis
1336 1613 1462 1646 pestifera

994 1664 1123 1684 novorum
1138 1656 1297 1684 tributorum
1308 1657 1431 1684 inventor
1446 1658 1564 1689 exstitit,

993 1701 1066 1729 velut
1082 1702 1227 1735 illegitimte
1243 1703 1360 1736 capnicae
1374 1702 1511 1737 pensionis

992 1747 1156 1782 excogitatio
1169 1747 1284 1775 subditis
1295 1747 1503 1775 molestissima.

992 1790 1049 1825 Age
1059 1790 1115 1824 jam
1129 1791 1262 1826 proferam
1281 1791 1459 1826 improbitatis
1475 1791 1628 1826 specimen.

992 1841 1024 1864 ut
1042 1842 1117 1872 gutta
1139 1838 1222 1865 totius
1240 1837 1302 1865 dolii
1315 1842 1409 1873 gustus
1428 1838 1474 1866 sit.

991 1884 1040 1911 Vir
1051 1883 1227 1911 dardanarius
1235 1888 1262 1911 et
1277 1883 1397 1918 apprime
1415 1884 1490 1912 dives

993 1937 1008 1956 ο
1025 1936 1086 1964 rege
1104 1928 1253 1956 accersitus
1263 1928 1338 1956 eﬂ'ari
1355 1929 1461 1964 cogitur

991 1978 1120 2009 quantam
1142 1974 1199 2001 auri
1215 1975 1267 2001 vim
1285 1979 1402 2010 gestaret
1416 1975 1442 2002 in
1459 1974 1568 2003 loculis.

991 2019 1018 2047 Is
1033 2019 1118 2052 dicit;
1132 2027 1178 2047 rex
1194 2027 1287 2047 verum
1307 2020 1409 2048 dixisse
1423 2025 1511 2055 negat.

991 2065 1077 2094 Porro
1096 2069 1180 2097 tuam,
1199 2065 1296 2100 inquit,
1318 2066 1397 2100 capiti
1414 2074 1473 2093 meo
1487 2073 1594 2093 manum

991 2111 1142 2145 imponens,
1156 2110 1217 2145 jura
1230 2117 1279 2146 per
1300 2110 1370 2138 hanc
1384 2116 1512 2145 quantum
1528 2111 1640 2142 habeas.

991 2155 1016 2183 ls
1034 2156 1135 2191 paruit,
1147 2156 1265 2182 animum
1277 2156 1416 2190 quatiente
1428 2159 1498 2182 metti
1512 2165 1520 2189 ;

956 2205 978 2233 1)
992 2201 1112 2236 dixitque
1125 2198 1232 2229 centum
1248 2201 1306 2227 auri
1318 2208 1348 2227 se
1366 2201 1466 2228 habere
1478 2201 1561 2228 libras
1577 2210 1584 2228 :

991 2254 1060 2281 quas
1077 2247 1148 2274 illico
1159 2246 1193 2274 ad
1207 2254 1236 2274 se
1255 2246 1345 2273 aﬂ'erri
1363 2254 1410 2274 rex
1439 2247 1576 2274 mandavit
1590 2255 1610 2280 ;_

991 2292 1113 2327 datisque
1128 2293 1234 2324 decem,
1254 2292 1372 2327 reliquas
1385 2300 1431 2320 rex
1448 2292 1579 2326 retinuit;

994 2337 1070 2366 Haud
1094 2345 1163 2373 opus
1178 2343 1221 2366 est
1237 2342 1311 2366 tanto
1326 2338 1384 2371 tibi,
1401 2339 1504 2371 dicens,
1520 2346 1603 2367 auro-

991 2383 1041 2412 llic
1051 2388 1177 2419 suscepta
1190 2385 1215 2411 in
1232 2383 1363 2418 Bulgaros
1377 2385 1559 2420 expeditione,

992 2430 1038 2465 qui
1054 2431 1177 2465 regiones
1188 2430 1326 2465 hesperias
1341 2431 1517 2459 incursabant

991 2483 1100 2512 gravem
1117 2483 1178 2504 cum
1193 2476 1314 2504 hostibus
1339 2484 1454 2511 pugnam
1471 2478 1605 2505 commisit
1614 2486 1628 2505 :;

991 2526 1018 2549 el.
1031 2521 1145 2556 primum
1161 2522 1269 2556 quidem
1286 2521 1412 2550 Barbaris
1427 2522 1551 2556 superior
1567 2523 1638 2558 fuit;

990 2575 1049 2595 mox
1066 2567 1163 2599 victus,
1175 2567 1257 2595 vitam
1275 2567 1364 2594 amisit
1379 2567 1404 2594 in
1426 2568 1526 2602 prtrlio.

990 2613 1074 2641 Periit
1086 2613 1166 2640 simul
1179 2617 1285 2640 caterva
1299 2612 1412 2647 plurima

989 2659 1101 2693 dueum,
1118 2659 1295 2691 nobilium.et
1309 2663 1478 2687 senatorum.

991 2703 1059 2732 Nam
1076 2703 1260 2739 gregariorum
1274 2710 1417 2731 numerum
1431 2711 1511 2734 neruo
1530 2705 1647 2735 lnirerit.

185 2803 244 2839 (33)
255 2802 346 2832 Codex
363 2803 492 2832 mendose
506 2803 586 2831 habet
607 2803 634 2831 in
663 2802 742 2830 titulo
763 2800 899 2830 rubricata
919 2809 933 2829 ο
948 2801 995 2830 τοῦ
1016 2802 1136 2837 γενικοῦ.
1169 2801 1222 2830 Sed
1245 2801 1406 2832 emendatur
1429 2811 1444 2832 a
1463 2807 1538 2833 textu
1562 2803 1689 2832 mendum
1704 2809 1776 2832 mar-

152 2837 236 2871 Bittis.
