1909 3073
105 106 152 139 137
821 106 1009 137 ΟΕΞΑΗΕΞ.

115 163 184 190 διξο
205 163 303 195 Ἄλλος
316 162 474 198 Νικηφόρος
487 171 528 194 τις
543 162 735 198 Βοτανειάτης,

206 209 255 240 Ὃς
269 208 318 235 καὶ
338 208 458 244 κατῆρξε
471 207 520 234 τοῦ
536 209 653 242 κράτους
667 209 722 234 τῶν
739 208 867 235 Αὐσόνων
880 214 887 222 ⁸

204 253 258 279 Σὺν
271 250 314 284 οἷς
333 253 414 287 λιμός
430 261 460 279 τε
475 254 522 280 καὶ
535 253 642 288 βροτῶν
655 252 746 287 φθίσις

202 299 308 334 Βαρεῖα
324 300 478 334 κατέτρυχε
492 300 556 330 τοὺς
570 299 719 334 ὑπηκόους,

205 345 259 371 Καὶ
273 353 317 376 τις
333 345 426 379 φόρων
444 344 589 379 εἴσπραξις
606 343 773 378 ἀδικωτάτη.

114 391 185 418 5425
204 390 361 424 Ταῦταιμὲν
376 390 448 416 οὔτω
466 389 652 424 συμϐέϐηκεν,
665 389 703 420 ὡς
716 389 795 423 ἔφην.

177 435 377 462 ΝΙΚΗΦΟΡΟΣ
396 436 416 461 0
431 434 672 461 ΒΟΤΔΝΕΙΑΤΗΣ
691 434 746 462 ET.
767 433 804 460 Γ.

206 481 357 515 Φημίζεται
370 481 398 506 δὲ
412 479 593 515 Βοτανειάτης
608 480 732 515 κράτωρ,

209 527 263 553 Καὶ
278 526 408 554 διαδεϊται
425 526 552 561 βασιλικῇ
566 525 655 560 ταινίᾳ
665 534 674 542 ⁸

207 573 264 599 Καὶ.
276 571 431 606 τηνικαῦτα
447 572 607 607 φιλοτιμίαν
622 571 701 606 ξένην

209 617 266 652 Τὴν
275 617 330 644 τῶν
343 617 434 652 χρεῶν
446 617 548 644 ἅπασιν
561 617 682 653 ἐκτομὴν
694 616 771 651 νέμει

116 663 189 690 5450
210 664 393 698 Χρεωκοπιαν
408 663 538 698 δημόσιον
553 663 701 694 θεσπίσας-

207 709 292 743 Ἀνὴρ
306 709 410 743 ἱλαρὸς,
424 707 538 741 ἁπαλὸς,
551 709 671 744 χρηστὸς
689 708 820 742 τρόπους,

209 755 312 786 Ἄλλως
326 755 355 781 (Σὲ
371 755 471 790 νωθὴς,
484 754 594 790 χαῦνος,
608 755 799 790 ἐκλελυμένος,

206 801 279 835 Πρδς
295 802 468 836 πραγμάτων
483 802 613 835 πρόνοιαν
625 801 677 828 οὐκ
689 801 720 828 εὖ
737 811 795 833 πως
810 801 891 837 ἔχων·

207 846 245 872 Τὸ
256 846 277 872 δ’
291 844 325 873 αὖ
341 846 411 873 ἑτῶν
423 846 507 881 μήκει
522 854 552 872 τε
565 845 613 872 καὶ
628 847 721 881 γήρως
732 846 820 875 νόσοις
829 854 837 862 ο

113 891 190 919 5455
209 891 291 918 Ὀοεν
307 891 448 926 παραδοὺς
463 891 542 927 ἡνίας
557 891 649 922 ἄλλοις
663 891 792 927 κράτους,

207 937 294 969 Αὐτὸς
309 938 428 972 τρυφαῖς
445 936 538 972 ἔχαιρε
556 938 602 963 καὶ
620 936 782 969 συσσιτίοις,

206 982 338 1017 Λουτροίς
352 981 523 1016 πανημέροις
537 988 567 1008 τι
581 980 630 1007 καὶ
644 980 827 1012 πανδαισίαις.

213 1028 243 1054 '0
259 1027 371 1062 Μιχαὴλ
385 1027 414 1053 δὲ
429 1026 534 1060 γίνεται
550 1027 737 1062 μελαμφόρος,

206 1072 261 1099 Εἶτ’
279 1072 430 1108 ἀρχιθύτης
444 1074 493 1098 καὶ
507 1072 638 1107 πρόεδρός
652 1073 678 1107 γ’
693 1071 820 1106 Ἐφέσου·

117 1120 189 1147 5320
209 1118 312 1145 Τούτου
329 1118 452 1153 συνεύνῳ
471 1118 539 1153 πρὸς
554 1118 644 1153 γάμου
662 1118 806 1145 κοινωνίαν

208 1165 389 1199 Βοτανειάτης
405 1165 436 1190 οὺ
450 1163 542 1196 καλῶς
555 1163 700 1199 συνεζύγη.

215 1211 400 1242 Ἀποστασίας
415 1209 438 1236 δ’
457 1209 541 1236 εἰσέτι
561 1209 718 1243 Βρυεννίου,

215 1254 379 1290 Τυραιινίδος
394 1254 419 1280 τ’
435 1254 469 1280 αὖ
487 1254 518 1280 οὐ
541 1253 632 1285 καλῶς
649 1253 804 1288 ἑξημμένου
815 1273 823 1286 ,

211 1302 266 1328 Καὶ
283 1302 322 1336 μὴ
341 1301 430 1327 θεῖναι
443 1301 558 1335 δωρεαῖς
575 1300 770 1334 πεπεισμένου,

117 1347 191 1374 Ξμὸ
211 1347 319 1373 manu
333 1346 395 1374 κατ’
410 1345 494 1373 αὐτοῦ
509 1346 637 1381 βασιλεὺς
654 1345 702 1377 τὰς
715 1345 856 1381 δυνάμεις,

209 1392 322 1427 Ἀλεξίῳ
336 1392 400 1424 δοὺς
413 1391 548 1427 Κομνηνῷ
560 1391 663 1423 ταύτας
679 1391 756 1426 ἄγειν
766 1399 773 1406 ·

211 1439 257 1469 '0;
275 1437 448 1472 συμπλακεὶς
461 1438 562 1472 ἥττησε
577 1437 709 1472 τύραννον
727 1436 813 1472 μάχῃ,

213 1485 270 1510 Καὶ
286 1483 375 1518 φωτὸς
393 1483 542 1518 ὲστέρησεν
557 1482 640 1508 αὑτὸν
653 1482 798 1517 ὀμμάτων.

212 1531 284 1565 Πρὸς
299 1530 322 1556 δ’
345 1528 380 1557 αὖ
399 1530 610 1564 τυραννήσαντα
626 1529 672 1555 καὶ
687 1529 843 1564 Βασιλάκην

119 1575 192 1601 5450
213 1575 353 1610 Πεμφθεὶς
361 1575 515 1608 Κομνηνδς,
522 1574 692 1608 συμπλακεις
699 1574 724 1599 οί
732 1574 797 1609 πρὸς
807 1575 897 1608 μάχην

219 1621 305 1655 ’Πττᾷ
323 1621 462 1655 κραταιῶς
472 1619 520 1646 κα).
541 1621 681 1654 στερίσκει
697 1619 744 1645 τοῦ
762 1620 859 1654 φάους*

213 1668 267 1694 Kay.
282 1667 437 1702 Βαρὰγγων
452 1665 580 1701 σύστημα
593 1665 640 1692 τοῦ
654 1667 826 1701 στεφηφόρου

210 1713 425 1745 Κατεξαναστὰν
438 1712 607 1747 ηὐτρέπιστο
623 1711 690 1746 πρὸς
705 1713 806 1748 μάχην

211 1757 444 1792 ’Λντιπαρατάξει
457 1757 485 1783 δὲ
501 1757 592 1793 χειρὸς
616 1756 755 1791 δυσμάχου

123 1804 193 1830 ὃίῦὸ
215 1804 413 1837 ιίαϐυπεκὶλῡη
427 1804 473 1829 καὶ
489 1803 676 1837 συνέγνωσται
687 1803 780 1830 πάλιν.

211 1850 347 1876 ’Υστατον
367 1849 493 1884 ἀνταίρει
514 1849 543 1875 δὲ
565 1849 733 1884 Βοτανειάτῃ

213 1895 354 1929 Κομνῃνὺς
378 1894 496 1926 Ἀλέξιος
512 1895 721 1928 τυραννοκτόνος
734 1901 742 1909 ⁸

215 1943 262 1972 ’ος
281 1940 448 1968 καταλαῦὼν
469 1939 612 1975 ’Δδριανοῦ
625 1941 674 1975 τὴν
693 1940 782 1973 πόλιν,

215 1986 333 2022 Στρατόν
350 1987 373 2012 τ’
387 1986 512 2022 ἀγείρας,
531 1986 722 2013 ἀναδείκνυται
735 1987 859 2020 κράτωρ,

126 2033 200 2060 3460
223 2034 276 2058 Καὶ
292 2032 444 2067 βασιλικοῖς
461 2032 600 2059 ἀναδεῖται
618 2031 776 2065 συμϐόλοις,

216 2077 283 2103 Ilzb'
307 2074 344 2103 ὧν
360 2077 471 2111 ἀπάρας
488 2077 538 2111 τὴν
555 2076 760 2103 Κωνσταντίνου
773 2075 881 2109 φθάνει,

215 2123 271 2149 Καὶ
286 2122 360 2157 τήνδ’
376 2121 446 2148 ἐλὼν
465 2123 539 2157 μάχῃ
550 2129 579 2147 τε
594 2121 642 2147 καὶ
659 2120 812 2157 στρατηγίᾳ

215 2170 336 2195 Εἱσεισιν
351 2168 426 2199 ἐντὸς
439 2168 493 2194 τῶν
508 2167 653 2202 βασιλείων
667 2167 768 2202 δόμων.

216 2216 250 2240 Ἀ
257 2223 328 2240 natat
341 2213 363 2240 δ’
380 2213 471 2240 αὐτῶν
491 2213 673 2246 Βοτανειάτης
684 2212 776 2247 τάχος.

124 2260 196 2287 3465
217 2261 272 2286 Καὶ
287 2259 368 2294 τρίχα.
387 2259 484 2294 καρεὶς
503 2258 684 2293 ἀμφιέννυται
710 2258 792 2292 ῥάκος

214 2306 261 2332 Ἐν
277 2305 491 2340 Μητρανὰνδρου
508 2305 540 2339 τῇ
555 2303 623 2338 μονῇ
643 2302 838 2337 περιδλέπτου,

216 2352 301 2378 Ἔνθα
316 2350 404 2377 θανὼν
422 2350 501 2384 ἔτυχε
518 2355 603 2384 τιμης
613 2348 734 2383 ἐντίμου.

232 2396 378 2423 ΑΛΕΞΙΟΣ
395 2397 416 2422 0
437 2394 630 2422 ΚΟΜΝΗΝΟΣ
643 2394 699 2421 ΕΤ.
715 2395 776 2421 AZ’.

215 2445 294 2469 ουτω
308 2444 357 2477 μὲν
373 2441 492 2473 Ἀλέξιος
508 2440 607 2476 εὕρατο
622 2441 730 2475 κράτος,

221 2490 269 2520 Ὃς
282 2489 330 2514 καὶ
341 2488 501 2514 τεταινιωτο
515 2486 581 2522 παρ’
595 2486 753 2521 ἁρχιθύτου·

123 2535 196 2563 5470
217 2534 333 2569 [ipa-«op
347 2533 447 2567 ἀγαθὸς
461 2534 508 2559 καὶ
524 2532 676 2568 στρατηγὸς
687 2530 829 2566 γεννάδας,

219 2582 334 2616 Φρικτδς
347 2581 396 2616 μὲν
417 2581 534 2615 ἐχθροῖς,
549 2579 666 2614 εὐμενὴς
683 2578 706 2604 δ’
722 2577 868 2612 ὑπηκόοις,

220 2627 303 2661 Ἀνὴρ
316 2625 482 2660 περιδέξιος.
502 2625 565 2657 ὀξὺς
582 2626 611 2650 ὲν
629 2625 742 2659 μάχαις,

222 2672 297 2703 Εἶδος
310 2671 473 2706 προδεικνὺς
487 2671 562 2702 ἀξιον
575 2669 744 2705 τυραννίδος,

220 2719 276 2745 Καὶ
288 2718 375 2752 πρᾶον
387 2714 453 2752 ἦθος
466 2717 514 2742 καὶ
531 2715 701 2750 φιλαγάθους
715 2713 846 2750 τρόπους.

130 2766 204 2795 5ι75
225 2765 322 2795 Γένους
334 2763 406 2798 ἔχων
421 2761 462 2796 εὖ,
481 2762 607 2798 σώματός
622 2761 647 2788 τ’
663 2760 828 2796 εὐρυθμίας,

223 2810 335 2844 Ἔργων
351 2808 518 2843 στρατηγίας
531 2816 562 2834 τε
577 2807 624 2834 καὶ
638 2805 728 2843 μάχης
738 2805 809 2841 ῐδρις
821 2824 831 2839 ,

236 2856 376 2886 PnPOL.
393 2857 452 2886 Gn.
467 2854 594 2889 CXLI“,

901 166 924 194 Α
939 162 1057 197 denique
1067 161 1234 197 Nicephorus
1248 160 1317 188 alius
1327 159 1477 192 Botaniata,

941 208 986 241 qui
1001 212 1028 235 et
1043 207 1184 242 imperium
1205 206 1353 234 Romanum
1371 205 1499 233 obtinuit.

941 252 1029 280 Pestis
1045 258 1174 287 praeterea
1189 252 1383 286 hominumque
1397 250 1454 278 lues

941 299 1031 333 gravis
1048 297 1142 325 afﬂixit
1155 297 1268 333 populos
1283 297 1399 332 imperii,

941 349 968 370 et
981 345 1156 378 iniustissima
1171 344 1340 378 vectigalium
1359 343 1472 370 exactio.

942 388 989 417 Sic
1003 396 1068 423 ergo
1087 397 1131 416 res
1149 390 1273 416 humanae
1287 394 1351 416 tunc
1362 396 1390 416 se
1402 387 1548 416 habebant.

1049 434 1268 463 NICEPHORUS
1285 433 1482 461 ΒΟΤΑΝΙΑΤΑ
1503 434 1559 462 AN.
1576 435 1623 463 Ill.

942 479 1012 516 Ergo
1026 481 1177 516 appeilatur
1191 488 1238 507 rex
1254 480 1391 507 Botaniata

942 531 1023 560 atque
1036 526 1150 553 solemni
1166 531 1309 554 stemmate
1327 530 1494 554 exornatur:

941 574 988 607 qui
1004 572 1045 600 sui
1062 572 1180 600 nominis
1195 571 1348 599 celebrandi
1364 573 1477 606 cupidus

942 622 1067 645 cunctam
1080 617 1178 644 aerario
1193 617 1311 644 debitam
1326 617 1466 651 pecuniam

943 662 1060 696 remisit,
1075 670 1157 690 novas
1173 662 1277 689 tabulas
1293 662 1438 689 instituens
1452 670 1460 688 :

943 708 984 735 vir
1000 707 1086 740 laetus,
1107 707 1194 734 facilis
1205 707 1380 742 moribusque
1395 698 1555 740 commodis,

927 758 1070 795 ’caeterum
1085 753 1185 787 segnis,
1201 753 1279 786 levis,
1291 753 1449 785 dissolutus.

943 806 1032 834 neque
1047 800 1080 826 ad
1095 800 1160 833 reip.
1177 806 1270 826 curam
1287 799 1417 831 idoneus;

945 852 1007 873 nam
1025 849 1052 872 et
1065 849 1175 872 senecta
1190 849 1216 871 et
1229 843 1331 871 morbis
1346 843 1536 878 premebatur:

943 890 1120 925 quamobrem
1135 889 1203 917 alios
1219 889 1286 924 reip.
1300 896 1468 923 praeponens.

947 935 1003 969 ipse
1017 934 1119 962 deliciis
1130 934 1216 969 epulis
1236 941 1268 961 ac
1282 933 1385 961 balneis

946 980 1171 1008 comissabundus
1187 979 1306 1014 quotidie
1321 979 1486 1014 indulgebat.

946 1026 1061 1054 Michael
1077 1032 1166 1053 autem
1180 1025 1296 1054 clericus
1316 1026 1452 1059 tondetur,

946 1073 1008 1100 etin
1022 1073 1049 1099 tit
1060 1073 1160 1106 primas
1170 1072 1269 1107 Ephesi
1285 1072 1447 1106 episcopus:

947 1119 1024 1153 cujus
1040 1126 1150 1146 uxorem
1165 1118 1216 1145 sibi
1235 1118 1409 1145 consociavit,

947 1165 1019 1192 haud
1036 1164 1207 1192 laudabiliter
1226 1164 1377 1192 Botaniata.

948 1210 1008 1238 Jam
1018 1211 1167 1238 rebellante
1178 1215 1271 1245 postea
1289 1209 1426 1245 Bryennio

949 1257 1174 1292 tyranuidemque
1188 1256 1291 1291 perﬁde
1302 1256 1457 1290 affectante,

950 1310 1038 1337 neque
1052 1310 1082 1329 se
1096 1303 1173 1330 donis
1189 1302 1324 1337 placidum
1341 1303 1492 1338 praebente,

950 1349 1032 1377 mittit
1044 1348 1071 1376 in
1087 1349 1173 1384 ipsum
1187 1349 1280 1385 copias
1291 1349 1440 1384 imperator

949 1395 1065 1430 bellique
1075 1395 1170 1424 ducem
1186 1396 1355 1424 Comnenum
1369 1390 1506 1429 Alexium,

949 1441 996 1475 qui
1014 1448 1101 1476 pugna
1119 1445 1263 1475 tyrannum
1279 1445 1384 1475 patrata
1398 1440 1475 1474 vicit,

950 1491 1030 1521 atque
1040 1486 1178 1514 oculorum
1191 1487 1291 1514 lumine
1302 1487 1439 1521 spoliavit.

949 1531 1015 1560 Item
1027 1534 1156 1560 adversus
1169 1533 1319 1560 Basilacem
1336 1533 1463 1561 rebellem

949 1579 1050 1606 missus
1063 1579 1227 1612 Comnenus,
1245 1579 1376 1606 consertis
1390 1577 1513 1606 manibus

949 1624 1057 1651 fortiter
1070 1624 1133 1651 vicit
1145 1623 1272 1658 illumque
1289 1624 1445 1651 exczecavit.

949 1669 1019 1702 Quin
1036 1674 1064 1697 et
1077 1669 1192 1704 Varangi
1209 1669 1344 1703 coniurati
1358 1669 1383 1696 in
1396 1669 1533 1698 Ciesarem

949 1715 1056 1750 publice
1065 1714 1098 1742 ad
1115 1721 1189 1742 arma
1208 1714 1336 1742 seditiosa
1349 1715 1456 1742 ivcrunt
1472 1723 1480 1742 :

950 1762 996 1788 sed
1009 1767 1089 1787 manu
1105 1760 1167 1786 forti
1182 1760 1306 1794 protinus
1322 1760 1476 1794 perdomiti,

950 1805 1056 1832 veniam
1074 1804 1220 1832 moliminis
1240 1811 1303 1832 mox
1319 1805 1508 1839 impetrarunt.

950 1851 1040 1885 Ipsum
1058 1855 1194 1886 postremo
1211 1850 1379 1878 Botaniatam
1395 1850 1552 1886 aggreditur

949 1898 1119 1934 tyrannicida
1133 1898 1288 1926 Coumenus
1302 1897 1414 1925 Alexius
1431 1905 1438 1924 :

949 1948 1029 1978 atque
1044 1949 1174 1979 occupata
1193 1944 1320 1971 Hadriani
1333 1944 1400 1972 urbe

949 1989 1124 2024 collectisque
1140 1990 1235 2025 copiis,
1252 1990 1282 2017 [lt
1293 1990 1451 2024 imperator,

950 2037 1030 2066 atque
1046 2033 1182 2067 regalibus
1195 2039 1306 2061 ornatur
1315 2034 1475 2067 insignibus.

949 2076 996 2105 Sic
1010 2085 1076 2113 ergo
1087 2079 1218 2106 accedens
1233 2079 1267 2105 ad
1285 2079 1454 2107 Constantini
1467 2079 1574 2114 urbem.

948 2122 1021 2158 cepit
1031 2123 1101 2151 hanc
1112 2124 1204 2158 prtelio
1217 2129 1244 2151 et
1254 2124 1352 2158 peritia
1369 2124 1476 2156 bellica.

910 2175 936 2204 ι)
949 2175 974 2196 et
988 2170 1089 2203 regiam
1106 2169 1192 2204 ipsam
1212 2170 1354 2203 occupavit
1368 2169 1496 2202 domum;

950 2223 1003 2248 qua
1019 2215 1178 2243 festinanter
1188 2216 1282 2242 exiens
1296 2215 1451 2248 Botaniata,

952 2261 1076 2288 monachi
1093 2261 1223 2294 tunicam,
1243 2266 1321 2288 tonsa
1333 2268 1420 2293 coma,
1435 2261 1522 2289 induit

951 2307 978 2333 in
995 2307 1159 2334 monasterio
1174 2306 1332 2334 venerandae
1352 2305 1482 2342 Virginis.

951 2351 1042 2386 ibique
1056 2351 1173 2377 moriens
1184 2350 1312 2385 sepelitur
1329 2350 1481 2385 magniﬁce.

1033 2393 1185 2421 ALEXIUS
1204 2393 1393 2422 COMNENUS
1419 2394 1479 2423 AN.
1507 2393 1640 2423 XXXVII.

952 2440 998 2467 Sic
1016 2447 1080 2475 ergo
1090 2440 1202 2467 Alexius
1216 2445 1311 2467 nactus
1327 2444 1370 2468 est
1384 2439 1542 2475 imperium,

951 2486 1016 2520 quin
1029 2490 1055 2513 et
1072 2493 1087 2513 a
1102 2493 1208 2513 summo
1222 2486 1334 2521 pnesule
1348 2491 1491 2514 coronatus
1509 2493 1517 2514 :

952 2532 1039 2559 bonus
1056 2531 1203 2566 imperator
1217 2536 1245 2559 et
1259 2531 1314 2558 dux
1326 2536 1466 2564 strenuus,

953 2577 1023 2604 hosti
1036 2577 1202 2610 tremendus,
1218 2576 1322 2604 civibus
1336 2576 1490 2610 benivolus,

953 2623 1078 2658 egregius
1093 2624 1146 2657 vir,
1162 2623 1276 2658 impiger
1291 2623 1317 2651 in
1333 2623 1447 2659 praeliis.

954 2669 1058 2696 vultum
1073 2676 1128 2704 pra:
1144 2677 1172 2697 se
1181 2669 1273 2696 terens
1288 2669 1402 2704 imperio
1413 2669 1535 2704 dignum,

953 2715 1046 2742 mitem
1061 2715 1283 2742 consuetudinem
1301 2715 1482 2750 bouestOSque
1494 2722 1596 2744 mores.

954 2758 1045 2793 Stirpe
1059 2765 1119 2786 erat
1133 2759 1228 2791 nobili,
1241 2765 1354 2793 c0rpore
1366 2759 1484 2793 decenti,

954 2804 1043 2841 operis
1055 2804 1145 2846 bellici
1160 2806 1277 2833 maxime
1290 2805 1393 2840 peritus
1409 2814 1416 2834 :

1559 2853 1579 2884 5

1675 101 1726 135 183
