1909 3073
140 178 191 211 m
352 192 377 214 τε
681 181 885 212 span/sun
905 181 1209 213 CHRONOGRAPIII
1709 177 1758 209 “8

140 237 185 271 qui
199 227 328 264 ιῑιίὲιιιῗιὴι
345 232 448 272 imperii
462 236 541 265 ‘valde
556 231 631 266 auxit
645 247 652 270 ;

140 288 246 316 semper
262 281 288 308 in
304 282 387 309 armis
396 289 446 316 pro
459 283 546 310 salute
559 283 674 318 publica,

140 326 243 353 alienas
254 327 335 354 urbes
350 327 489 355 vindicans
502 328 625 363 imperio.

139 371 263 405 consilio,
281 372 381 405 verbis,
395 380 476 407 opera
493 378 521 400 et
532 378 590 400 arte
602 373 709 405 bellica,

140 416 228 444 victor
241 417 388 451 sa’pissime
402 418 519 445 hostium
535 418 725 452 plurimorum,

139 469 188 489 ceu
199 463 334 497 quondam
351 463 434 491 David
451 463 543 491 hostes
559 463 734 498 propulsabat

139 516 219 543 prece
235 509 290 543 pia.
305 509 366 536 forti
387 516 476 542 manu,
495 509 589 543 peritia
605 509 692 537 ducis.

140 553 224 588 Hujus
237 555 364 582 victorias
381 555 473 583 dicere
488 556 529 583 vel
545 557 638 590 praelia

137 600 324 635 virtutumque
339 609 483 630 numerum
495 607 522 631 et
535 608 672 637 ornatum,

137 647 240 674 rhetori
256 655 360 682 quoque
378 656 484 676 summo
496 657 639 684 operosum
655 652 700 679 sit.

138 691 193 719 Nos
210 700 242 719 ex
259 693 361 728 ingenti
377 702 476 722 acervo
491 703 576 730 pauca
596 697 737 725 sumimus.

139 735 188 764 llic
205 743 335 773 occupato
351 740 461 773 paciﬁce
474 741 587 775 imperio

136 780 251 815 largitus
266 787 306 810 est
325 783 441 811 honores
458 790 573 818 cognato
583 785 675 820 generi

137 827 297 862 cunctisque
312 827 407 855 tribuit
421 837 469 862 pro
484 829 618 864 dignitate
639 838 750 859 munera
771 841 777 858 :

137 878 235 906 nempe
246 874 369 907 gerendis
384 875 450 908 reip.
468 874 562 902 ofﬁciis

137 916 301 950 propinquos
311 917 362 943 sibi
377 919 507 952 sanguine
521 920 691 954 przeposuiM

138 958 170 986 Hi
183 967 248 987 vero
261 960 311 994 ipsi
324 961 458 995 conjurali
478 963 505 990 in
522 971 613 998 regem

136 1005 266 1032 exitiosas
284 1006 433 1034 moliuntur
450 1008 561 1036 insidias

136 1050 217 1084 paulo
234 1057 294 1084 post
310 1052 406 1079 initum
424 1054 458 1081 ab
477 1054 522 1081 illo
539 1055 690 1090 imperium.

136 1095 224 1130 Atque
237 1095 278 1123 his
294 1097 347 1124 dux
364 1102 422 1125 erat
441 1101 592 1134 peragendo
605 1101 678 1135 operi

136 1141 209 1174 regis
221 1148 347 1175 germana
360 1150 439 1170 soror
456 1145 580 1180 princeps
598 1146 686 1172 Anna.

135 1184 254 1217 Quorum
272 1194 331 1214 cum
345 1194 435 1217 essent
450 1190 561 1218 detecta:
575 1191 689 1223 insidize,

140 1231 240 1258 nullius
252 1239 351 1267 corpus
367 1234 495 1262 violatum
511 1236 571 1268 fuit,

136 1275 184 1302 sed
199 1276 361 1309 patrimonia
377 1282 482 1307 tantum
500 1286 563 1307 sunt
581 1287 674 1316 erepta
690 1290 698 1308 :

134 1323 217 1354 atque
231 1321 286 1348 haec
298 1323 354 1356 ipsa
371 1324 451 1359 paulo
465 1330 525 1359 post
540 1327 646 1354 restitui

138 1365 207 1390 mira
222 1365 366 1400 imperavit
381 1367 471 1395 Caesar
486 1369 639 1403 clementia.

134 1410 239 1437 cunctis
254 1411 394 1439 remittens
409 1414 530 1441 criminis
548 1421 651 1443 reatum
665 1425 672 1450 ;

137 1460 251 1487 parcens
263 1456 289 1483 in
307 1457 402 1491 primis
421 1459 536 1494 principi
553 1463 653 1494 sorori,

135 1499 239 1535 ipsique
252 1509 316 1536 opes
333 1510 380 1537 pro
394 1503 522 1539 dignitate
540 1507 662 1536 reddens.

134 1545 162 1572 ld
176 1548 309 1580 quomodo
320 1548 354 1575 sit
372 1555 488 1584 gestum,
505 1553 578 1580 lubet
595 1554 693 1583 dicere.

133 1592 199 1619 Auri
215 1597 297 1628 atque
313 1597 416 1630 argenti
431 1605 492 1625 vasa
507 1607 680 1635 gemmasque
699 1602 798 1629 nitidas

136 1642 163 1664 et
179 1638 253 1665 multi
267 1641 375 1674 generis
390 1646 490 1670 vestem
507 1649 590 1679 atque
605 1647 749 1682 insignem,

135 1683 246 1710 maximi
259 1685 338 1718 pretii
353 1694 427 1721 opes,
446 1689 470 1715 in
488 1693 605 1724 quadam
619 1692 699 1719 domo

133 1729 234 1756 sororis
244 1737 301 1758 sua:
313 1731 443 1768 principis
460 1736 592 1769 repositas

133 1772 224 1800 Caesar
235 1776 373 1809 spectabat
389 1785 448 1806 cum
465 1779 567 1809 Joanne
578 1782 672 1810 Axnch
692 1791 699 1816 ;

133 1818 203 1850 Quin
216 1821 372 1850 etiamtunc
385 1824 424 1852 sic
438 1825 528 1854 ferunt
545 1828 662 1856 locutum
677 1839 685 1857 :

135 1863 200 1893 llem
215 1870 244 1893 ut
257 1869 364 1901 generis
382 1870 433 1897 mei
449 1878 508 1899 sors
521 1877 563 1899 est
575 1876 723 1903 conversa!

134 1915 216 1944 utque
229 1911 341 1940 inimica
356 1915 420 1942 mihi
435 1924 506 1944 nunc
520 1923 561 1945 est
573 1921 707 1954 cognatio,

133 1959 161 1982 et
170 1955 215 1989 qui
232 1957 346 1985 benivoli
358 1959 434 1991 olim,
452 1969 520 1990 nunc
535 1969 597 1990 sunt
611 1965 726 1993 malivoli
741 1970 747 1993 ι

134 2000 316 2034 Quamobrem
333 2004 416 2038 jubeo
432 2013 578 2040 praesentes
593 2017 658 2043 opes

134 2054 163 2075 nt
180 2049 226 2076 tibi
237 2058 340 2084 sumas,
354 2049 448 2081 Axuc’lt
471 2055 637 2084 dulcissime.

132 2093 158 2122 ls
170 2095 275 2123 liberali
288 2098 345 2132 regi
361 2104 450 2134 grates
468 2101 522 2135 agit
536 2111 543 2135 ;

134 2140 181 2166 sed
197 2140 270 2174 licet,
291 2142 387 2177 inquit,
404 2151 501 2173 sensus
517 2153 592 2175 meos
612 2148 719 2176 dicerel

131 2185 205 2222 Rege
215 2193 362 2222 annuente,
378 2191 503 2219 sicnrsus
517 2197 559 2219 est
573 2193 644 2228 loqui
661 2202 667 2220 :

131 2231 288 2268 Quanquam
305 2235 430 2270 injustam
446 2238 500 2264 vim
515 2243 541 2265 et
556 2239 666 2266 insidias

131 2284 223 2306 ccutia
238 2284 273 2312 te,
289 2281 389 2314 Cmsar.
403 2291 480 2311 soror
493 2289 535 2311 est
551 2286 652 2318 molita,

130 2328 156 2349 et
167 2324 302 2351 abdicavit
318 2325 395 2353 factis
414 2328 621 2362 fraternitatem,

129 2375 224 2396 natura
239 2375 329 2398 tamen
345 2372 409 2400 facit
422 2376 662 2411 consanguineam.

129 2417 252 2444 Vincesis
269 2417 349 2452 igitur
361 2419 514 2448 Christiana
529 2422 670 2450 cletuentia

132 2463 232 2490 malum
245 2465 347 2492 sororis
363 2466 482 2493 animum
498 2473 525 2494 et
541 2468 681 2502 injurium;

130 2509 221 2544 illique
237 2510 294 2538 lucc
307 2511 398 2539 omnia
411 2512 511 2548 largire
524 2514 649 2543 benivole

130 2556 162 2582 ad
182 2564 261 2591 quant
280 2563 391 2592 paterno
407 2560 490 2594 magis
502 2560 562 2594 jure
576 2561 718 2595 pertinent.

130 2604 179 2632 llis
191 2612 292 2632 morem
307 2612 403 2639 gerens
419 2608 529 2634 monitis
543 2608 634 2635 Caesar

130 2657 228 2679 cuncta
244 2653 359 2681 libenter
371 2655 466 2681 tribuit
481 2656 579 2682 sorori.

129 2698 248 2732 Etenim,
264 2698 360 2733 inquit.
379 2707 461 2735 regno
474 2701 524 2727 sim
538 2701 676 2735 indiguus,

129 2744 150 2770 si
168 2751 228 2771 meo
243 2745 334 2778 generi
350 2745 439 2773 minus
455 2746 505 2773 sim
522 2747 674 2779 benivolus,

131 2797 212 2823 quam
229 2795 270 2823 tu,
288 2790 334 2825 qui
351 2791 418 2817 lucri
433 2793 561 2826 prodigus
578 2798 750 2828 contemptor

167 2851 222 2883 (‘59)
249 2851 420 2880 Sinmltatcm
445 2860 520 2879 snam
549 2854 677 2881 adversus
705 2854 826 2885 fratrem,
843 2854 916 2880 dnlo-

126 2892 245 2928 .reuique
259 2888 329 2922 quod
350 2889 372 2914 is
385 2888 527 2923 imperium
546 2889 671 2916 castincti
691 2890 808 2925 parentis
831 2898 912 2916 Ut’t‘n-

939 238 963 268 Α

929 2235 954 2264 D

994 239 1064 268 5710
1085 241 1260 275 Κραταρχιας
1278 237 1409 266 τάλαντον
1425 236 1548 271 αὐξήσας
1561 235 1645 270 μέγα,

1086 286 1142 311 ’Δεὶ
1156 284 1343 320 στραταρχῶν,
1362 282 1522 317 ὑπεραθλῶν
1538 281 1585 308 τοῦ
1604 279 1732 314 κράτους,

1078 330 1173 362 Πόλεις
1188 329 1299 361 ἐθνικὰς
1311 328 1472 356 ὑποτάσσων
1491 326 1530 361 τῷ
1539 326 1645 360 κράτει,

1077 375 1190 407 Γνώσει,
1202 375 1285 410 λόγῳ,
1301 374 1453 408 πράγματι,
1467 373 1513 399 καὶ
1527 372 1609 407 πείρᾳ
1622 371 1723 406 μάχηςς

1077 422 1244 455 Μυριόνικος
1261 420 1420 451 πλειστάκις
1435 418 1616 453 δεδειγμένος,

987 468 1058 495 5715
1084 468 1127 499 Ὠς
1142 468 1207 502 πρὶν
1222 468 1236 494 ὸ
1254 467 1335 494 Δαϐὶδ
1354 466 1414 493 κατ’
1429 464 1533 500 ἐχθρῶν
1551 463 1711 498 ἅντιμάχων

1076 514 1184 547 Λιταῖς,
1202 513 1376 549 στρατηγίαις
1393 520 1422 538 τε
1439 511 1488 538 σὺν
1501 510 1664 545 εὐανδρίαις·

1076 555 1114 585 Οὗ
1131 559 1194 589 τοὺς
1206 558 1314 592 ἀγῶνας
1327 558 1375 583 καὶ
1385 557 1463 588 νίκας
1476 556 1649 589 καταλέγειν,

1075 604 1136 630 Τῶν
1151 605 1257 638 ἀρετῶν
1269 603 1292 629 θ’
1308 602 1402 638 ὅμιλον
1418 600 1462 633 αἷς
1474 599 1509 637 ἦν
1526 601 1686 636 ἐκπρέπων,

1078 649 1132 675 Καὶ
1143 649 1237 683 ῥήτορι
1254 646 1351 680 γένοιτ’
1366 646 1398 673 ἂν
1419 647 1501 681 ἔργον
1514 646 1609 680 ὲξόχῳ.

987 692 1057 721 5720
1075 693 1161 728 Μίκρ⁷
1175 693 1243 720 ἄττα
1253 693 1274 719 δ’
1290 693 1356 727 ἡμῖν
1371 693 1401 719 ὲκ
1418 691 1554 727 περιττῶν
1565 691 1685 718 λεκτέον·

1077 736 1161 771 Οὗτος
1178 738 1323 772 κατασχὼν
1340 738 1469 772 ἀσφαλῶς
1485 737 1656 772 κραταρχίαν

1078 785 1169 819 Τιμὰς
1187 784 1374 816 ἑπεβράΰευσε
1390 784 1445 814 τοῖς
1461 783 1494 809 ἐκ
1503 782 1551 809 τοῦ
1570 783 1676 816 γένους,

1074 831 1130 858 Καὶ
1144 831 1227 857 πᾶσιν
1243 829 1334 860 ἁπλῶς
1352 828 1456 863 δωρεὰς
1472 828 1632 861 ἀναλέγους.

1079 875 1184 908 Κοινῶν
1200 875 1352 910 προμηθεῖς
1368 874 1506 905 ἀποτάξας
1516 874 1686 908 πραγμάτων

992 921 1062 950 5725
1086 921 1134 948 Ἐκ
1151 921 1204 948 τῶν
1219 921 1280 948 καθ’
1293 917 1363 954 αἷμα
1379 920 1426 946 καὶ
1439 919 1702 954 προσῳκειωμένων·

1076 967 1243 1003 Σύστρεμμα
1259 966 1327 1001 τῷδε
1344 966 1449 1001 βασιλΞί
1468 965 1521 991 τῶν
1538 966 1570 991 ὲκ
1590 965 1686 998 γένους

1077 1014 1232 1042 Καττύεται
1250 1013 1361 1048 σκέμμα
1374 1021 1404 1039 τε
1421 1011 1610 1046 Θανατηφόρον

1076 1060 1154 1087 Μετά
1165 1068 1197 1094 γε
1210 1059 1314 1094 βραχὺν
1328 1058 1377 1093 τῆς
1393 1057 1561 1093 κραταρχιας
1576 1056 1681 1091 χρόνον.

1075 1106 1257 1140 Πρωτουργὺν
1269 1105 1328 1138 ἅμα
1343 1104 1391 1131 καὶ
1405 1103 1587 1138 στρατηγέτιν
1604 1102 1666 1137 ἔχον

986 1152 1056 1180 5730
1075 1152 1215 1186 Ὀμαιμον
1224 1150 1305 1177 αὑτοῦ
1317 1150 1364 1184 τὴν
1375 1150 1565 1183 Καισᾱρισσαν
1575 1149 1675 1174 Ἄνναν
1686 1147 1741 1183 (49)

1074 1197 1131 1224 Καὶ
1150 1196 1333 1230 φωραθέντων
1349 1195 1402 1221 τῶν
1419 1193 1606 1221 συνιστώντων
1623 1193 1711 1228 λόχον,

1081 1242 1185 1272 Ἀεικὲς
1199 1240 1286 1272 οὐδεὶς
1298 1241 1337 1271 είς
1350 1240 1435 1274 δέμας
1447 1238 1565 1265 πέπονθέ
1584 1246 1622 1270 τι,

1076 1288 1137 1313 Ὅτι
1151 1294 1183 1320 γε
1201 1286 1239 1321 μὴ
1252 1285 1365 1320 ψίλωσιν
1377 1284 1475 1311 οὐσιῶν
1489 1285 1579 1319 μόνον,

1079 1333 1127 1363 “Ac
1140 1332 1286 1359 ἀποδοῦναι
1305 1330 1436 1365 βασιλεὺς
1460 1329 1642 1363 κεκτημένοις

989 1378 1060 1405 5755
1077 1378 1155 1405 Merci
1169 1385 1199 1411 γε
1215 1377 1301 1412 βραχὺ
1324 1375 1508 1411 προστέταχεν
1521 1375 1630 1407 ὲνοέως,

1076 1423 1172 1454 Αἰτίοις
1188 1423 1267 1457 ἀφεὶς
1283 1425 1350 1448 πᾶσι
1366 1421 1611 1456 προσκεκρουκόσι,

1075 1470 1262 1504 Σπεισάμενος
1277 1468 1417 1503 πρώτιστα
1439 1469 1472 1502 τῇ
1487 1467 1661 1503 Καισαρίσσῃ

1074 1515 1130 1541 Καὶ
1145 1515 1258 1541 πλοῦτον
1274 1515 1342 1549 αὐτῇ
1360 1513 1517 1544 συνεπιδοῦς
1533 1512 1606 1547 ἀξίᾳ.

1079 1561 1174 1593 Ὅπως
1185 1560 1214 1587 δὲ
1225 1560 1303 1587 τοῦτο
1319 1559 1476 1594 συμϐέϐηκε
1492 1558 1637 1593 φραστέον·

987 1607 1058 1634 5740
1077 1606 1134 1640 Τὴν
1148 1606 1177 1632 ὲν
1193 1604 1380 1640 χρυσαργύρῳ
1395 1612 1424 1630 τε
1439 1603 1655 1638 λιῦομαργάροις

1079 1649 1231 1684 Ἐσθήμασί
1246 1657 1276 1674 τε
1296 1647 1427 1678 ποικίλοις
1440 1647 1602 1682 τιμαλφέσιν

1073 1696 1175 1723 Οὐσίαν
1185 1694 1324 1729 ἀμύθητον
1341 1695 1370 1720 ἓν
1387 1702 1440 1720 τινι
1453 1694 1541 1728 δόμων

1073 1741 1128 1776 Τῆς
1142 1740 1308 1774 κασιγνήτου
1319 1739 1509 1773 Καισαρίσσης
1521 1738 1651 1772 κειμένην

1073 1787 1157 1819 Ἀναξ
1170 1785 1327 1812 ἐπισκοπῶν
1344 1783 1378 1819 ἦν
1395 1784 1443 1810 σὺν
1459 1783 1555 1818 ’Λξοὺχ
1575 1783 1697 1818 Ἰωάννῃ·

985 1834 1054 1862 5745
1079 1833 1177 1860 Ἦνίκα
1191 1831 1265 1859 τόνδε
1279 1831 1324 1858 καί¹
1339 1830 1398 1856 ταδὶ
1414 1830 1497 1864 φάναι
1509 1829 1597 1862 λόγος·

1082 1879 1125 1910 Ὠς
1134 1878 1210 1910 τάξις
1225 1877 1411 1911 ἀντέστραπτο
1429 1875 1513 1910 κάμοὶ
1530 1874 1577 1901 τοῦ
1592 1874 1687 1909 γένους
1701 1875 1707 1900 !

1074 1925 1130 1952 Καὶ
1145 1923 1277 1958 συγγενὲς
1296 1923 1344 1958 μὲν
1360 1922 1510 1957 δύστροπόν
1537 1930 1582 1957 μοι
1611 1920 1751 1955 τυγχάνει,

1079 1968 1230 2004 ’Δλλότριον
1241 1968 1263 1994 δ’
1279 1968 1373 1995 εὔνουν
1393 1977 1422 1994 τε
1436 1968 1482 1994 καὶ
1498 1966 1677 1999 πεφιλμέιονί

1073 2014 1156 2040 Ὅθεν
1169 2014 1272 2041 κελεύω
1293 2014 1329 2040 τὰ
1345 2014 1512 2048 προκείμενα
1522 2013 1585 2040 τάδε

984 2059 1054 2086 5750
1073 2059 1203 2086 Φὶλτατον
1227 2059 1323 2094 Ἀξοὺχ
1340 2059 1528 2094 προσ”.α6ὁντα
1544 2059 1680 2093 κατέχειν.

1078 2105 1108 2132 '0
1123 2105 1147 2131 δ’
1161 2106 1318 2141 εὐχαριστεῖ
1331 2105 1378 2136 τῆς
1396 2104 1609 2139 μεγαλοψυχίας.

1072 2151 1151 2178 Μετὰ
1163 2151 1190 2177 δέ
1207 2152 1233 2185 γ’
1246 2152 1334 2177 εἰπεῖν
1348 2151 1459 2185 λιπαρεῖ
1475 2151 1622 2184 δεδογμένα
1637 2158 1643 2164 ·

1077 2197 1129 2224 Καὶ
1140 2197 1186 2223 τὸν
1199 2197 1316 2223 λαϐόντα
1330 2196 1376 2223 τοῦ
1391 2196 1482 2230 λέγειν
1495 2195 1630 2228 ἐξουσίαν·

1072 2247 1103 2272 Et
1119 2246 1165 2272 καὶ
1181 2244 1274 2278 βιαίων
1288 2244 1388 2271 ἀδίκων
1400 2252 1429 2270 τε
1448 2243 1619 2278 πραγμάτων

985 2294 1055 2321 5755
1075 2291 1231 2327 Κατῆρξεν,
1250 2291 1327 2322 ἄναξ,
1342 2291 1375 2325 σὴ
1388 2290 1552 2324 κασίγνητος
1567 2290 1660 2322 φάναι,

1074 2339 1186 2372 Ἔργοις
1199 2337 1222 2363 τ’
1239 2336 1407 2370 ἀπωμόσατο
1423 2335 1608 2369 φιλαδελφῖαν,

1076 2382 1146 2408 Ἀλλ’
1163 2383 1179 2416 ἠ
1192 2381 1273 2415 φύσις
1285 2381 1415 2415 σύναιμον
1433 2380 1517 2414 αὐτὴν
1533 2379 1660 2406 δεικνῦει·

1071 2429 1193 2464 Νίκησον
1211 2428 1309 2455 οὐκοῦν
1326 2428 1533 2463 χριστομιμήτῳ
1549 2427 1642 2462 τρόπῳ

1072 2475 1187 2509 Γνώμην
1203 2475 1322 2508 ὁμαίμου
1334 2473 1467 2507 δυσμενῆ,
1484 2473 1662 2507 καχεργάτιν,

985 2521 1054 2549 5760
1074 2521 1128 2547 Καὶ
1140 2521 1172 2547 τά
1188 2520 1248 2546 κατ’
1262 2519 1322 2554 δψιν
1335 2519 1424 2545 πάντα
1440 2518 1483 2549 δὸς
1501 2518 1571 2545 κατά
1585 2519 1677 2552 χάριν,

1075 2565 1167 2602 Ταύτῃ
1180 2565 1344 2599 διαφέροντα
1363 2564 1462 2598 μᾶλλον
1478 2563 1624 2598 πατρόθεν.

1072 2610 1164 2646 Ταύτῃ
1183 2618 1215 2644 γε
1231 2609 1351 2639 πεισθεὶς
1368 2608 1494 2642 βασιλεὺς
1509 2608 1677 2643 παραιφάσει

1070 2656 1162 2683 Πάντα
1177 2653 1324 2689 προθύμως
1336 2653 1511 2688 Καισαρεστῃ
1527 2653 1674 2687 προσνέμει

1068 2703 1134 2737 Εῖην
1153 2702 1198 2732 ἂν,
1215 2700 1311 2732 είπὼν,
1327 2699 1374 2725 τοῦ
1387 2698 1523 2734 βασιλείου
1542 2699 1659 2734 κράτους

979 2749 1048 2776 5765
1066 2748 1214 2774 Παντάπαν
1228 2745 1347 2778 ἀνάξιος,
1369 2745 1392 2770 εί
1405 2745 1467 2780 περὶ
1485 2745 1564 2778 γένος

1071 2793 1177 2828 Tobpr
1192 2793 1315 2827 κριθείης
1334 2792 1528 2826 εὐμενέστερος
1544 2791 1574 2816 σύ
1589 2799 1628 2824 γε,

970 2855 1098 2887 pavissct,
1112 2855 1178 2882 satis
1197 2854 1363 2881 demonstrat
1380 2853 1435 2887 ipsa
1461 2851 1536 2879 Anna
1564 2851 1699 2878 Coutncna
1719 2851 1746 2878 in

967 2890 1106 2918 Alexiadis
1119 2896 1173 2917 sua:
1189 2889 1272 2916 calce.
