1909 3073
159 151 211 184 151
712 158 918 190 EPHli/EMII
940 162 1244 199 CHRONOGRAPIII
1734 177 1788 210 152

157 211 188 234 ut
203 207 230 234 in
243 205 374 234 Romanis
387 207 467 235 terris
480 208 601 237 occiduis

156 251 218 287 pagi
233 258 260 279 et
276 253 390 280 coloniae
415 258 477 281 tunc
495 255 529 282 de
548 256 589 282 his
604 255 732 284 Barbaris

158 297 281 325 conﬂata:
292 298 392 326 fuerint
406 304 432 326 et
447 308 521 328 nunc
536 301 625 329 adhuc
647 308 785 339 maneant,

158 342 258 376 quibus
278 347 305 371 et
326 345 414 379 gentis
427 345 540 373 inditum
558 352 600 374 est
619 355 731 375 nomen.

157 388 211 415 Alii
228 390 374 425 conscripti
388 397 451 419 sunt
464 393 610 421 auxiliares

161 439 243 470 atque
259 436 387 466 Romanis
403 439 511 467 admiin
530 442 705 470 exercitibus.

157 480 282 514 Magnam
300 483 353 509 vim
374 491 481 518 quoque
497 486 547 513 sub
564 494 664 514 corona
681 489 802 515 vendidit

155 526 244 553 victor
257 528 392 556 exercitus
410 537 475 557 auro
492 531 672 561 licitantihus.

156 571 237 598 Paulo
252 579 312 607 post
325 574 414 601 Caesar
427 577 509 604 armis
526 585 620 606 rursus
635 581 715 608 motis

154 622 248 643 contra
263 617 396 646 Triballos
414 620 543 650 barbaros
559 629 600 650 est
618 625 766 659 profectus,

157 661 233 688 ﬁdem
247 662 367 697 juratam
381 666 482 699 perﬁde
497 667 640 702 fallentes;

154 714 222 741 quos
240 709 388 737 debellatos
407 711 524 740 violento
540 721 625 743 marte

155 751 242 779 denuo
258 760 353 787 pacem
370 754 459 783 facere
477 759 564 793 coegit
587 769 593 786 :

153 803 268 832 cumque
283 801 424 828 manubias
440 801 514 830 illinc
532 804 681 840 abegisset,

153 841 265 869 militem
279 845 416 879 proprium
431 847 519 880 prada
535 851 657 884 rep'evit,

152 886 245 920 spoliis
259 887 418 926 innumeris,
436 892 532 926 opibus
547 895 676 929 copiosis.

152 933 293 967 Captivum
308 940 398 963 autem
418 939 514 974 vulgus
526 941 595 968 ultra
612 942 712 970 fretum

153 980 290 1008 transtulit
304 981 330 1008 iu
345 982 509 1018 Bithyniam,
527 987 607 1022 eique
618 991 696 1017 sedes

153 1023 223 1051 haud
242 1027 336 1059 procul
353 1029 419 1057 urbe
431 1029 586 1059 Nicomedia
601 1035 734 1063 attribuit.

151 1066 268 1103 indeque
282 1073 379 1104 partim
394 1074 493 1102 milites
509 1078 682 1112 conscripsit,

151 1115 249 1147 partim
265 1116 331 1150 reip.
352 1117 416 1146 fecit
430 1121 585 1157 vectigalvs.

151 1158 249 1187 Istrum
265 1163 359 1190 aestivo
373 1169 494 1198 tempore
509 1172 670 1204 transgressi

149 1204 238 1232 llunui
253 1214 383 1242 ceperunt
397 1211 490 1239 urbem
506 1213 696 1249 Branitzoheu,

149 1251 228 1285 cujus
241 1254 354 1288 dejeclis
372 1258 478 1285 cunctis
492 1260 627 1294 aadiiici‘is,

149 1296 252 1331 lapides
264 1299 346 1326 etiam
360 1300 507 1336 Zengmion
527 1304 645 1334 tulerunt
661 1317 670 1334 :

150 1397 205 1420 tum
218 1395 299 1423 etiam
316 1404 408 1432 agrum
424 1399 597 1430 incursarunt
609 1402 738 1432 Sardiczc.

148 1438 232 1473 Igitur
244 1440 285 1468 his
300 1449 444 1471 occurrens
457 1446 605 1480 imperator

149 1483 220 1511 inter
234 1486 344 1519 paludes
357 1488 445 1516 valido
461 1497 520 1517 cum
541 1493 626 1520 milite

149 1528 219 1557 haud
233 1532 324 1565 procul
341 1533 409 1560 Istro
422 1534 544 1564 hostibus
557 1545 718 1573 congressus

146 1575 248 1602 claram
264 1577 297 1604 de
311 1577 437 1607 Barbaris
452 1581 541 1608 retulit
559 1583 697 1613 victoriam
710 1596 718 1620 ;

147 1624 175 1646 et
192 1620 355 1650 Chrasmum
368 1625 508 1659 cepitcqu
526 1627 737 1664 Erancochorio,

148 1673 208 1700 quae
219 1674 281 1701 pars
295 1668 409 1698 l‘moniaa
418 1675 589 1706 praestantior
601 1681 669 1705 erat.

148 1710 313 1742 Tum—etiam
326 1714 446 1752 Zeugmii
469 1722 567 1748 mamia
581 1726 754 1759 expugnavit,

148 1757 278 1793 illincque
292 1762 408 1794 pradam
424 1764 534 1793 abstulit
549 1757 737 1804 innumeram,

148 1805 284 1833 manubiis
299 1806 355 1840 ipse
373 1809 496 1842 plurimis
512 1812 612 1841 ditatus

147 1849 281 1884 simulque
294 1853 382 1880 omnis
398 1853 536 1885 Romanus
554 1860 701 1888 exercitus.

146 1894 216 1922 Pace
229 1903 290 1923 cum
308 1897 415 1927 Hunnis
432 1900 555 1930 barbaris
566 1906 726 1940 composita,

147 1940 174 1967 in
188 1941 319 1970 orientem
337 1947 476 1974 transtulit
490 1950 641 1977 exercitum
653 1960 661 1984 ;

145 1983 253 2022 perque"
262 1988 392 2024 Bithynos
416 1994 550 2022 transiens
565 2000 592 2023 et
604 1995 789 2034 Paphlagonas

144 2031 226 2058 celeri
243 2040 322 2061 cursu
340 2038 461 2070 pervenit
472 2037 671 2074 CastamonemI

145 2075 269 2112 hancque
281 2079 404 2108 Romano
419 2083 565 2111 vindicavit
581 2091 698 2120 sceptro,

145 2119 238 2155 (quam
251 2122 436 2153 Persarmeuii
445 2126 607 2163 jampridem
627 2119 762 2169 tenebant)

145 2168 225 2195 scalis
241 2174 267 2197 et
284 2171 417 2199 machinis
430 2173 610 2203 arietantibus

143 2214 177 2241 ad
195 2217 266 2242 hanc
280 2218 438 2251 capiendam
454 2220 560 2248 naviter
572 2229 647 2251 u8us.

144 2258 209 2287 Post
223 2261 290 2293 haec.
305 2265 425 2298 captivos
436 2264 566 2299 plurimos
579 2267 683 2297 dttcens

143 2313 190 2333 rex
204 2311 285 2342 atque
298 2310 416 2342 praedam
430 2311 662 2347 innumerabilem,

144 2351 245 2384 regiam
261 2353 294 2379 ad
310 2354 404 2380 urbem
426 2357 516 2383 retulit
531 2359 626 2391 pedem
691 2390 693 2392 ,

144 2401 276 2431 exceptus
290 2398 431 2433 plausibus
447 2402 493 2435 qui
506 2403 602 2431 decent
623 2406 754 2435 victorem
774 2417 780 2435 ς

143 2446 225 2476 atque
239 2443 273 2469 ob
288 2449 423 2472 recentem
442 2453 519 2474 suam
535 2449 676 2478 victoriam

144 2488 230 2516 media
243 2489 352 2518 deduxit
364 2491 429 2520 urbe
444 2493 623 2529 triumphum.

143 2534 287 2563 Adoruans
302 2537 375 2564 enim
387 2538 502 2567 artiﬁcio
518 2540 627 2569 insolito

144 2587 252 2607 currum
268 2588 380 2617 argento
395 2591 514 2620 auroque
529 2586 670 2622 fulgidum,

142 2631 222 2658 quem
241 2625 381 2655 uiveorum
397 2630 525 2665 quadriga
541 2639 673 2667 equortnn

143 2674 205 2704 apte
223 2676 250 2698 et
265 2672 391 2700 decenter
400 2674 556 2709 iunctorum
573 2679 707 2712 trahebat,

142 2716 206 2744 huic
221 2718 401 2746 venerandam
419 2720 547 2755 imposuit
560 2723 648 2751 (Ia-sar

142 2759 276 2789 inviolatae
291 2761 411 2798 Dciparte
425 2765 583 2802 imaginem;

178 2850 233 2886 (50)
249 2853 277 2879 ln
293 2855 395 2885 codicis
410 2859 531 2893 margine
549 2867 593 2892 γρ.
612 2861 754 2894 Ζςὲγμιον.

1109 220 1153 252 Ὠς
1170 223 1239 250 κατὰ
1252 225 1355 260 δυσ-μὴν
1374 225 1539 263 Ῥωμαϊκοῖς
1554 229 1583 256 ἐν
1597 231 1690 264 τόποις

1108 266 1154 294 Ἐκ
1166 268 1247 295 τῶνδε
1264 270 1359 304 κώμας
1372 273 1418 299 καὶ
1431 275 1569 308 συνοικίας
1582 277 1646 308 ὅλας

1102 313 1156 339 Καὶ
1174 316 1339 351 συσταθῆναι
1357 320 1403 345 καὶ
1422 321 1594 356 παραμένειν
1609 323 1661 356 ἔτι,

1108 357 1284 396 Ἐπωνυμίαν
1299 362 1327 396 ἐξ
1343 363 1437 397 ἔθνους
1452 368 1639 403 κεκτημένας.

1011 401 1080 429 3830
1099 403 1226 439 Τὰγμασι
1240 407 1264 434 δ’
1279 408 1376 441 ἄλλους
1392 401 1556 448 συμμάχους
1570 416 1598 441 ἐν
1607 417 1665 448 ταῖς
1682 417 1785 453 μάχαις

1101 451 1295 488 Καταλεγῆναι
1321 456 1490 491 Ῥωμαϊκοῖς
1499 460 1547 486 καὶ
1564 461 1682 496 στίχαις·

1102 496 1208 532 Μοίρας
1223 499 1251 525 δὲ
1268 500 1369 534 πολλὰς
1385 503 1534 531 ἀποδόσθαι
1546 507 1660 540 χρυσίου

1105 540 1173 568 ’Υπὺ
1189 546 1320 578 στρατιᾶς
1336 546 1412 580 σφῶν
1430 548 1512 575 πάλιν
1531 550 1691 585 ᾑρημένοις.

1099 586 1176 613 Μετὰ
1193 588 1220 614 δὲ
1232 589 1330 624 μικρὸν
1349 590 1465 626 ὕστερον
1480 594 1562 621 πάλιν
1575 596 1643 629 ἄναξ

1011 631 1081 658 3855
1106 633 1338 668 Ἐπιστρατεύσας
1353 639 1408 669 τοῖς
1423 639 1570 674 Τριϐαλοτς
1583 642 1734 678 βαρὸάροις

1101 678 1204 713 Ὀρκια.
1222 682 1386 716 συγχέουσιν
1402 685 1434 711 ὲκ
1449 687 1622 722 κακουργίας

1099 724 1174 756 Σφᾶς
1189 725 1339 762 ἐκνικήσας
1354 729 1382 755 ἐν
1399 729 1473 767 μάχῃ
1487 732 1557 759 κατὰ
1574 733 1675 768 κράτος

1096 768 1132 794 Τὸ
1145 769 1284 805 βάρῦαρον
1301 773 1409 808 τίθησιν
1424 775 1569 803 ἐνσπονδον
1589 778 1684 805 πάλιν·

1096 812 1178 840 Λεὶαν
1193 814 1216 840 δ’
1232 815 1337 842 ἐκεῖθεν
1349 817 1490 849 ἀπελάσας
1506 821 1606 855 μυρίαν

1010 855 1079 882 5810
1097 856 1207 891 Πλήσας
1219 867 1248 885 τε
1261 859 1291 885 τὸ
1306 862 1466 896 στράτευμα
1479 863 1533 889 τῶν
1550 864 1748 898 σκυλευμάτων

1098 903 1198 931 ’Ὀλεου
1214 914 1242 932 τε
1258 907 1356 933 πολλοῦ
1376 909 1422 935 καὶ
1437 908 1567 944 λαφύρων
1582 911 1698 946 μυρίων·

1096 951 1201 986 Πλῆθος
1216 952 1385 987 δορυάλωτον
1400 955 1440 986 είς
1456 955 1594 992 ἐπαρχίαν

1095 997 1151 1032 Τὴν
1164 998 1219 1023 τῶν
1235 997 1355 1026 Βιθυνῶν
1366 999 1436 1026 κατὰ
1453 1000 1501 1035 τὴν
1517 1001 1693 1037 Νικομήδους

1099 1042 1268 1074 Διαδιὸάσας
1283 1045 1468 1078 ὲγκατοικίζει
1493 1046 1595 1081 φέρων.

1007 1087 1076 1114 5815
1096 1088 1151 1114 Καὶ
1163 1089 1326 1121 τῶνδε-τοὺς
1345 1091 1393 1124 μὲν
1409 1093 1523 1127 στρατιᾷ
1539 1093 1696 1127 καταλέγει,

1100 1133 1170 1165 Τοὺς
1181 1134 1205 1158 δ’
1222 1134 1257 1161 αὖ
1281 1135 1390 1170 παρῆκε
1405 1137 1543 1164 συντελεῖν
1556 1138 1638 1172 κοινῷ
1667 1139 1777 1174 φόρους.

1099 1179 1194 1206 Οὖννοι
1209 1181 1254 1206 τὸν
1273 1181 1380 1215 Ἴστρον
1392 1182 1593 1216 ἒκπεράσαντες
1609 1185 1703 1219 Θέρους

1096 1225 1325 1260 Κατακρατοῦσιν
1341 1227 1445 1258 ἄστεως
1464 1228 1662 1264 Βρανιτζόϐης,

1094 1270 1149 1296 Καὶ
1163 1270 1241 1304 τῆσδε
1256 1271 1348 1303 πάσας
1367 1272 1578 1307 κατερείψαντες
1592 1274 1684 1308 βάρεις

1006 1314 1077 1342 5850
1097 1316 1260 1351 Μετήγαγον
1277 1317 1345 1352 πρὸς
1360 1317 1508 1353 Ζεύγμινον
1521 1318 1575 1354 (50)
1590 1320 1636 1346 καὶ
1651 1320 1712 1351 τοὺς
1729 1319 1771 1345 λί-

1689 1365 1774 1402 [θους,

1097 1406 1308 1442 Ἐπιδραμόντες
1322 1409 1370 1435 καὶ
1385 1409 1519 1444 Σαρδικῆς
1535 1409 1633 1445 χωρία.

1092 1451 1196 1478 Οὐκοῦν
1210 1453 1256 1479 ἐπὶ
1273 1453 1344 1487 σφᾶς
1364 1454 1569 1488 ἐκστρατεύσας
1581 1455 1594 1480 ὁ
1606 1455 1718 1490 κρὰιωρ

1096 1496 1141 1523 Ἕν
1153 1497 1314 1532 ὑγροχέρσῳ
1331 1499 1387 1533 (51)
1406 1499 1453 1524 καὶ
1469 1500 1588 1535 σθεναρᾷ
1603 1500 1718 1535 δυνάμει

1092 1541 1172 1567 Κατὰ
1183 1541 1229 1568 τὴν
1246 1542 1353 1578 Ἵστρον
1367 1543 1541 1577 συμπλακεὶς
1560 1545 1719 1575 ἀντιπάλοις

1004 1586 1073 1614 5835
1094 1587 1199 1621 Ἵστησι
1215 1587 1346 1622 λαμπρὰν
1363 1591 1432 1616 κατὰ
1448 1590 1596 1625 βαρϐάρων
1609 1591 1699 1625 νίκην·

1091 1633 1146 1658 Καὶ
1159 1633 1292 1667 Χράσμον
1305 1631 1361 1660 εἷλε
1375 1634 1423 1661 σὺν
1436 1636 1475 1670 τῷ
1483 1636 1696 1672 Φραγγοχωρίῳ,

1089 1678 1142 1712 Γῆς
1159 1679 1281 1705 Παιόνων
1290 1681 1436 1715 κράτιστον
1452 1682 1574 1717 ὑπάρχον
1590 1684 1683 1718 μέρος·

1090 1724 1162 1758 Πρὸς
1179 1724 1201 1750 δ’
1211 1724 1245 1752 αὖ
1266 1727 1457 1761 παρεστήσατο
1471 1729 1559 1762 τεῖχος
1572 1730 1734 1765 Ζευγμίνου,

1090 1770 1151 1796 Κάκ
1166 1770 1242 1797 τοῦδε
1256 1770 1331 1797 λείαν
1344 1771 1467 1806 ἀπήλασε
1483 1774 1594 1807 μυρίαν,

1001 1814 1071 1842 5860
1091 1816 1145 1842 Καὶ
1161 1816 1259 1852 λάφυρ¹
1275 1817 1410 1853 ἐκτήσατο
1423 1819 1470 1845 καὶ
1487 1819 1601 1847 πλεῖστα
1618 1821 1715 1852 σκύλσ,

1088 1861 1176 1894 Αὐτός
1189 1861 1227 1888 τε¹
1236 1863 1283 1889 καὶ
1298 1863 1458 1899 στράτευμα
1480 1864 1626 1900 Ῥωμαίων
1641 1867 1714 1893 ἅπαν

1089 1908 1275 1944 Σπεισάμενος
1290 1908 1312 1936 δ’
1327 1909 1424 1936 ἔπειτα
1440 1909 1588 1945 βαρϐάροις
1605 1912 1716 1944 Οὗννοις

1088 1953 1160 1988 Πρὸς
1175 1954 1225 1987 τὴν
1233 1953 1271 1980 ἓω
1282 1954 1443 1989 στράτευμα
1456 1955 1628 1990 διαδιδάσας,

1086 1999 1135 2030 Διὰ
1148 1999 1269 2025 Βιθυνῶν
1284 2001 1403 2035 χωρίων,
1418 2001 1603 2036 Παφλαγόνων

997 2045 1066 2072 5865
1091 2045 1252 2080 Ἐφίσταται
1264 2046 1380 2082 τάχιστα
1395 2049 1427 2083 τῇ
1449 2049 1618 2084 Καπαμόνι,

1086 2093 1141 2119 Καὶ
1158 2092 1231 2127 τήνδ’
1247 2093 1407 2120 ὲπανέσωσε
1418 2095 1451 2130 τῇ
1472 2094 1605 2130 Ῥωμαῖδι

1086 2137 1303 2173 Περσαρμενίοις
1314 2139 1524 2174 κεκρατημένην
1535 2141 1631 2173 mihi,

1087 2183 1267 2217 Χρησάμενος
1281 2183 1403 2218 κλίμαξι,
1416 2185 1604 2220 τειχομαχίαις

1085 2229 1132 2259 Εἰς
1146 2228 1226 2262 τῆσδε
1243 2228 1292 2262 τὴν
1307 2228 1406 2256 ἅλωσιν
1420 2230 1457 2262 ὡς
1469 2231 1641 2266 εὑμηχάνω;.

998 2273 1069 2300 5870
1085 2273 1204 2300 Τοιαῦτα
1220 2273 1321 2308 δράσας
1338 2275 1518 2310 αἰχμαλώτων
1535 2285 1564 2303 τε
1576 2277 1670 2312 στίφος

1084 2319 1138 2346 Καὶ
1154 2319 1229 2346 λείαν
1240 2320 1380 2356 ἀμύθητον
1392 2322 1510 2356 εἰληφὼς
1520 2323 1586 2355 ἄναξ

1086 2365 1156 2400 Πρὸς
1172 2365 1295 2400 βασιλίδα
1311 2367 1359 2401 τὴν
1374 2367 1451 2394 πόλιν
1465 2369 1631 2404 ὑποστρέφει

1093 2408 1144 2436 υἷα
1161 2412 1274 2447 νικητὴς
1285 2412 1464 2448 ἀναδούμενος
1478 2415 1595 2449 κρότοις·

1085 2457 1161 2484 Kritz!
1173 2458 1296 2493 τροπαίῳ
1312 2460 1460 2494 προσφάτῳ
1477 2461 1520 2487 καὶ
1536 2462 1568 2496 τῇ
1585 2461 1647 2498 νίκῃ

998 2502 1067 2530 5875
1087 2503 1234 2538 Κατήγαγε
1247 2504 1379 2538 θρίαμϐον
1395 2506 1423 2531 ὲν
1439 2506 1510 2542 μέσῃ
1527 2507 1612 2535 πόλει.

1086 2549 1190 2582 Τεύξας
1202 2551 1256 2585 γὰρ
1268 2550 1344 2585 ἆρμα
1357 2552 1404 2578 σὺν
1415 2555 1577 2589 τεχνουργίᾳ
1593 2554 1667 2586 ξένον

1084 2595 1273 2630 Χρυσαργύρῳ
1288 2596 1417 2624 κάλλιστα
1431 2598 1621 2634 διειλημμένον

1085 2641 1118 2668 ’Ὁ
1131 2641 1262 2675 χιονώδης
1276 2643 1425 2677 τετρακτὺς
1442 2645 1582 2680 συστοιχία

1082 2687 1188 2713 Ἵππων
1200 2695 1243 2719 τις
1260 2686 1350 2714 εἷλκεν
1360 2688 1468 2723 εὐφυῶς
1485 2690 1685 2726 ζευγνυμένων·

993 2732 1064 2760 5880
1090 2733 1133 2759 Ἐν
1145 2733 1212 2768 τῷδε
1230 2734 1334 2770 σεπτὴν
1351 2735 1513 2767 ἀναὸιὸάίει
1530 2739 1643 2773 κράτωρ

1081 2778 1138 2813 Τῆς
1158 2779 1366 2815 μητρανάνδρου
1382 2781 1522 2814 Παρθινου
1533 2783 1583 2818 τὴν
1599 2784 1701 2818 εἰκόνα,

1006 2867 1061 2901 (51)
1081 2869 1117 2896 Dc
1132 2869 1182 2897 hoc
1199 2871 1330 2900 vocabulo
1344 2873 1464 2906 judicent
1479 2874 1634 2902 llBllOlliSlLE.
