1909 3073
233 183 289 210 Καὶ
306 183 377 216 σφᾶς
393 181 442 216 μὲν
458 180 531 216 εἶχεν
546 180 562 216 ὴ
584 172 691 207 Βενετία
706 179 766 205 τότε
779 186 788 195 δ

237 230 310 255 Μετᾶ
324 229 352 255 δὲ
369 228 475 263 μακρὸν
486 226 682 262 ηὐτρεπικότες
698 225 789 251 στόλον

232 275 342 309 Νὴσους
356 274 474 300 ἐκάκουν
488 273 650 302 ἐκπλέοντες
663 270 801 304 εὐδρόμως
811 276 818 284 ·

230 319 302 346 Ἀλλ’
320 318 492 352 ἀντίπρωρος
507 316 633 342 Αὐσόνων
648 314 755 346 σταλεὶς
769 313 861 344 στόλος

143 366 214 392 4550
237 364 306 390 Πλοῦ
322 365 393 398 σφᾶς
406 362 519 397 ἀπεῖρξε
537 360 699 396 πειρατικοῦ
713 360 758 386 καὶ
774 359 876 394 μάχης,

233 411 328 436 Τοίνυν
342 408 510 438 ἀποστάντες
526 415 556 440 γε
573 407 620 433 τοῦ
634 407 679 434 διὰ
702 407 792 441 μάχης

233 454 363 488 Ἐχοροὺς
376 452 470 483 κακῶς
483 452 550 487 δρᾷν
564 451 716 486 ἀμύνεσθαι
731 450 754 476 τ’
767 447 801 477 αὗ
816 450 914 484 στόλῳ,

236 500 306 533 ιιρὲς
323 498 396 533 ρἧα
408 497 552 524 συνέθεντο
566 496 616 530 τῆς
632 495 761 526 Σικελίας

233 545 337 579 Ὂρκια.
349 543 435 569 πιστὰ
453 542 604 577 συμϐάσεις
616 550 646 568 τε
661 541 753 576 φιλίας
765 549 771 556 ·

147 592 218 618 4355
239 590 273 616 '0
288 589 369 623 γνοὺς
384 588 511 623 βασιλεὺς
525 589 539 614 ὁ
552 586 714 622 προμηθεὺς
724 586 852 612 Αὐσόνων

237 637 290 662 Καὶ
303 635 352 666 τὰς
365 635 413 660 ἐπὶ
425 634 498 668 λύμῃ
515 642 546 667 γε
559 632 610 667 τῆς
629 631 780 667 Ῥωμαῖδος

235 681 403 716 Συμφωνίας
419 679 496 713 σφῶν
511 679 687 712 ἐννοούμενος
704 677 784 703 λῦσαι
835 681 840 685 ”

237 729 285 756 'A;
302 727 368 761 ρηγὶ
385 723 558 760 συνέπραξαν
569 723 678 758 ἀμύνης
692 723 784 758 κάρινο

235 772 430 804 ’Δνεξικάκως,
448 769 583 806 εὐμενῶς,
597 770 761 804 εὐμηχάνως

148 820 217 846 4560
239 818 309 852 Πρὸς
325 815 418 851 φιλίαν
434 815 559 841 εἵλκυσεν
580 814 679 845 αὐτοὺς
692 814 743 849 τὴν
763 812 860 844 πάλαι,

236 858 404 897 Ἀμνηστῖαν
419 860 480 890 δοὺς
495 860 549 886 τῶν
567 860 642 893 σφίσι
659 859 860 892 πεπραγμένων
871 865 878 872 ·

239 909 307 943 Πρὸς
320 907 342 934 δ’
356 905 390 933 αὖ
407 906 455 940 ἔθη
471 906 578 932 δίδωσιν
591 905 684 935 αὐτοῖς
698 904 733 930 τὰ
748 903 831 929 πάλαι
842 910 849 918 σ

236 956 289 981 Καὶ
304 954 381 987 σφῶν
394 953 465 979 ὅσων
481 952 575 986 εἴληφε
590 951 687 985 τοπρὶν
701 950 794 976 οὐσίαν

244 1001 297 1026 Καὶ
308 999 388 1032 τήνδε
407 997 543 1032 βασίλειος
558 997 687 1031 ἐφρούρει
702 994 795 1027 στέγη,

151 1046 222 1073 6565
241 1046 300 1074 'l'oi,
317 1043 472 1074 Βενετίκοις
487 1041 613 1068 ἀπέδωκε
629 1040 792 1075 προφρόνως

236 1090 364 1116 Γενναίαν
373 1088 442 1120 ἄναξ
456 1088 548 1114 οὑτοσὶ
561 1086 684 1113 πλουτῶν
702 1085 794 1120 φύσιν,

237 1133 402 1170 ὀξὺρῤσπός
419 1133 442 1159 τ’
458 1132 496 1158 ὢν
510 1133 538 1158 ὲν
553 1131 655 1166 μάχαις
667 1131 833 1163 ἀντιπάλωνί

238 1179 406 1216 Δριιστήριός
422 1186 452 1205 τε
466 1186 501 1204 κα
506 1176 760 1213 ρτερόψυχος.λίαν,

242 1225 295 1250 λαὶ
308 1222 456 1258 διενεργῶν
470 1221 504 1248 δι’
522 1221 621 1248 ἑαυτοῦ
636 1221 686 1253 τὰς
705 1221 806 1256 μάχας,

153 1272 224 1299 6570
244 1271 349 1305 Δεῆσαν
362 1270 446 1296 ἵππον
459 1267 603 1295 ἀνέϐαινεν
615 1266 724 1300 αὐτίκα,

243 1318 297 1345 Καὶ
307 1318 357 1352 τῆς
374 1317 503 1351 στρατιᾶς
513 1313 548 1350 ἦν
561 1313 713 1349 προμαχῶν
727 1312 864 1348 εὐθύμως.

242 1364 346 1396 Ἐξεισι
359 1360 451 1389 τοίνυν
468 1362 540 1388 κατὰ
555 1360 701 1388 σουλτάνου
720 1358 801 1386 πάλιν

239 1409 460 1444 Κατατρέχοντος
475 1406 618 1442 Ῥωμαϊκὰ
632 1405 731 1441 χωρία,

243 1456 296 1482 Καὶ
312 1455 420 1489 γίνεται
433 1452 466 1488 δὴ
483 1453 553 1486 πρὸς
565 1451 637 1486 θέμα
651 1450 797 1486 Δορυλὲου,

157 1501 227 1529 1375
247 1500 331 1527 Ἐιιῡα
348 1498 481 1535 χρονίζων
495 1496 526 1524 εὖ
537 1495 679 1528 ἀνακτίζει
692 1495 752 1522 τόδε

242 1546 334 1580 Τείχει
342 1545 366 1570 τ’
380 1543 472 1578 ὀχυρῴ
488 1542 534 1569 καὶ
547 1541 694 1576 περιτείχῳ
707 1540 776 1574 ξένῳ

246 1589 405 1625 ιΙεριὸαλὼν
418 1587 448 1614 εὖ
462 1585 656 1622 κατοχυρώσας
669 1584 692 1612 θ’
709 1585 767 1620 ἅμα
777 1593 784 1599 ·

245 1638 300 1663 Καὶ
312 1636 375 1668 δοὺς
392 1634 516 1669 φυλακὴν
535 1633 573 1664 ὡς
589 1632 652 1666 ὲνῆν
669 1630 732 1666 τῷδ’
745 1629 835 1662 ἀξίαν,

244 1683 343 1718 Μερῶν
359 1681 527 1709 ἀπανίστατο
544 1678 598 1705 τῶν
613 1675 745 1712 Δορυλέου
758 1684 765 1691 ·

144 1730 228 1758 4580
247 1729 408 1762 Ἐφίσταται
419 1726 448 1752 δὲ
463 1724 586 1760 φρουρίῳ
602 1722 642 1758 τῷ
656 1721 782 1756 Σουὸλὲῳ
793 1729 801 1736 ·

248 1772 358 1800 Κώιείν*
374 1771 475 1806 ὁμοίως
486 1769 635 1800 ἀνακτίσας
649 1767 685 1799 ὡς
703 1767 774 1797 δέον,

246 1822 301 1846 Καὶ
314 1820 404 1846 πάντα
420 1818 476 1848 θεὶς
490 1814 532 1849 εὖ,
553 1815 621 1850 πρὸς
638 1814 715 1840 πόλιν
736 1811 904 1846 ὑποστρίφει
917 1816 926 1825 ’

247 1867 351 1900 Βριχὺς
367 1864 466 1899 ἐφεξῆς
482 1861 655 1897 παρελήλυθε
667 1860 775 1896 χρόνος,

247 1912 301 1937 Καὶ
313 1910 372 1937 καθ’
387 1910 502 1940 ἑαυτοὺς
518 1907 646 1942 βασιλεὺς
666 1906 715 1933 καὶ
730 1903 873 1934 σουλτάνος

163 1960 231 1987 4555
257 1959 432 1992 Ὑπέσμυχον
447 1956 504 1989 πῦρ
523 1957 553 1982 ὲν
570 1954 665 1989 σποδιᾷ
677 1952 792 1987 καρδίας

253 2005 395 2038 Ἐναυσμα
411 2003 496 2038 βραχὺ
513 2000 699 2036 μνησικακίας
712 1999 803 2035 χόλου,

252 2053 305 2078 Καὶ
318 2049 391 2077 τοῦτ’
405 2049 506 2082 ἀνάψαι
519 2047 705 2074 κατέσπευδον
718 2047 758 2078 είς
769 2044 856 2080 φλόγα
867 2052 874 2059 ·

259 2096 403 2130 Ἐκάτερος
415 2094 479 2129 γοῦν
491 2093 614 2127 ἐγκαλῶν
622 2091 756 2127 ἑκατέρῳ,

258 2141 381 2176 ’Υπῆρχε
396 2138 489 2173 σαφῶς
504 2138 551 2164 καὶ
567 2136 700 2172 διηπείλει
715 2136 805 2170 μέγαο

165 2189 233 2217 4590
253 2189 286 2214 ’⁷0
306 2196 335 2213 εν
348 2186 476 2221 βασιλεὺς
487 2185 538 2214 τὰς
558 2183 679 2214 ὑπούσας
694 2182 824 2216 δυνάμεις

250 2234 341 2264 (Idea;
353 2231 482 2266 ἁῧροίσας
492 2229 530 2261 ὡς
544 2229 609 2264 ἐνῆν
626 2227 796 2263 πανταχόθεν

253 2279 350 2310 Ἀλλας
363 2279 388 2303 τ’
405 2277 448 2303 ἐπ’
464 2276 558 2306 ἄλλαις
574 2273 736 2308 συναγαγὼν
751 2273 788 2304 ὡς
801 2272 861 2299 δέον

251 2325 296 2358 Ἐξ
307 2323 420 2350 Ἰταλῶν
433 2330 462 2347 τε
479 2321 526 2348 καὶ
542 2319 653 2346 Σκυθῶν
670 2316 841 2352 παριστρίων

253 2373 305 2398 Καὶ
318 2368 509 2404 συγκροτήσας
522 2365 707 2401 μυριάρυθμον
722 2364 817 2398 στίφος

168 2419 235 2446 4595
254 2417 407 2451 Ἀφανίσων
421 2414 514 2441 ἀπεισι
530 2411 665 2448 Περσικὸν
681 2409 777 2444 φῦλον,

255 2464 307 2490 Καὶ
321 2460 494 2495 κατερείψων
509 2459 621 2485 Ἰκόνιον
635 2457 675 2488 είς
685 2456 757 2487 ἕδος,

254 2509 323 2542 Πρὺς
340 2507 363 2533 δ’
379 2505 414 2532 αὖ
429 2514 460 2538 γε
476 2504 657 2539 Περσάνακτα
665 2501 789 2534 καθέξων
801 2500 849 2536 βίᾳ

259 2554 311 2579 Καὶ
323 2551 526 2586 συμπατήσων,
540 2549 577 2580 ὡς
599 2547 673 2579 ἔθος,
691 2547 753 2573 κατ’
769 2546 896 2580 αὐχένος·

261 2599 380 2632 ’Δπάρις
392 2595 488 2622 οὐκοῦν
501 2595 533 2620 ἐκ
546 2593 693 2625 Βυζαντίου
712 2591 794 2626 τάχος

169 2646 239 2672 4ίο0
257 2646 334 2672 Μετὰ
346 2641 475 2678 στρατιᾶς
491 2641 534 2667 διὰ
550 2639 671 2675 Φρυγίας
687 2638 785 2673 μέσης,

256 2691 299 2721 Et;
315 2689 412 2719 Χώνας
426 2685 508 2723 ἦλθεν
525 2684 554 2714 εὖ
568 2686 645 2713 πόλιν
658 2685 816 2721 ᾠκισμένην
827 2692 834 2700 ·

258 2735 392 2762 Κάκεῖθεν
410 2734 569 2768 ἐξώρμησεν
582 2733 621 2764 είς
636 2731 727 2768 ἔρυμά
742 2739 770 2757 τι

259 2778 292 2816 ᾯ
309 2779 520 2815 Μυριοκέφιιλον
535 2776 569 2813 ἦν
583 2778 680 2813 κλῆσις
697 2776 793 2807 πάλαι,

259 2827 317 2860 Ἀφ’
335 2823 422 2859 οὗπερ
438 2824 598 2859 εἰσήλαυνεν
610 2823 675 2850 εὐθὺ
687 2821 819 2857 Περσίδος

311 2873 429 2901 Parnm
438 2891 447 2901 .
465 2871 520 2900 Gn.
540 2869 655 2900 CXLIII

842 115 1031 153 CKESARES.
1545 157 1548 160 ἢ

927 181 950 208 Α
964 178 1062 213 Sicque
1079 176 1200 205 Venetiis
1216 175 1324 203 interim
1340 177 1510 202 manserunt;
1531 169 1535 172 ’

965 223 1049 251 Multo
1066 227 1128 258 post
1144 228 1234 250 tamen
1249 221 1372 249 ordinata
1387 220 1484 251 classe,

965 269 1038 296 facili
1054 276 1134 296 cursu
1153 268 1316 295 infestabant
1327 266 1429 294 insulas
1442 274 1449 293 :

967 322 1058 342 rerum
1071 314 1194 349 oppesita
1210 311 1395 340 Romanorum
1413 308 1510 337 classis

966 359 1110 387 cohibebat
1125 358 1186 385 illos
1199 365 1214 384 a
1233 364 1282 384 suo
1296 355 1451 384 latrocinio.

965 402 1056 435 Quare
1071 401 1184 428 dimisso
1198 400 1353 428 decertandi
1369 398 1460 426 studio

967 454 1054 482 neque
1065 446 1121 481 jam
1136 446 1209 474 hosti
1226 445 1339 473 navibus
1353 449 1493 475 nocentes,

965 500 1028 523 cum
1045 499 1107 527 rege
1120 490 1213 518 Siculo
1228 490 1407 518 conventione
1422 490 1493 516 facta

967 539 1045 565 tidem
1059 538 1177 572 juratam
1193 539 1314 571 pangunt
1328 535 1464 562 amicitiae.

966 583 1081 618 Cognita
1097 589 1137 616 re,
1154 582 1244 609 Caesar
1257 581 1361 616 imperii
1382 585 1466 612 tutor,

967 629 1000 656 ad
1012 629 1196 656 Romanorum
1212 627 1308 654 damna
1321 626 1492 661 conjuratam

910 680 913 686 '
967 675 1132 703 deliberavit
1145 674 1251 702 solvere
1267 673 1388 700 amicitia

967 728 1046 754 quam
1060 720 1150 747 studio
1166 719 1277 746 ultionis
1292 726 1352 746 cum
1366 724 1428 752 rege
1443 716 1608 752 pepigerant.

967 766 1069 802 Nempe
1086 767 1230 801 patienter,
1249 765 1355 797 callide,
1373 762 1505 791 benevole

970 813 1030 841 illos
1045 812 1078 840 ad
1094 817 1214 840 veterem
1233 811 1316 838 traxit
1330 809 1489 842 amicitiam,

932 848 953 875 Β
968 857 1031 886 facti
1047 857 1166 892 cujusvis
1181 856 1316 891 impertita
1331 855 1423 883 venia.

969 903 1081 937 Insuper
1096 903 1184 937 prisca
1199 902 1340 937 privilegia
1359 900 1484 928 indulsit:

968 955 996 977 et
1011 948 1140 983 quidquid
1158 947 1265 974 Venetae
1280 947 1317 974 rei
1334 950 1441 981 captum
1455 945 1543 973 fuerat

970 1001 998 1023 et
1013 996 1040 1022 in
1057 993 1204 1029 quaestorio
1222 993 1383 1020 servabatur
1400 991 1487 1026 regio,

969 1040 1086 1068 reddidit
1098 1040 1166 1074 ipsis
1183 1039 1275 1065 animo
1290 1037 1399 1065 libente.

970 1086 1018 1113 Hic
1033 1090 1087 1113 tam
1106 1085 1215 1120 egregio
1228 1083 1359 1118 praeditus
1373 1081 1482 1117 ingenio

969 1132 1071 1162 Caesar,
1087 1130 1122 1158 ad
1137 1136 1242 1165 pugnas
1257 1129 1347 1156 alacer
1358 1127 1523 1163 pangendas,

971 1175 1078 1209 eiﬁcax,
1096 1175 1187 1203 animo
1205 1175 1350 1202 admodum
1367 1177 1522 1204 constante,

971 1227 998 1251 et
1014 1229 1063 1257 per
1081 1228 1111 1249 se
1126 1221 1184 1256 ipse
1197 1220 1265 1248 bella
1278 1219 1437 1251 conﬁciens,

972 1269 1017 1296 ubi
1037 1275 1106 1303 opus
1122 1272 1192 1300 erat,
1206 1266 1296 1294 statim
1309 1273 1378 1301 equo
1394 1266 1523 1294 inscenso

972 1315 1077 1350 primus
1091 1314 1118 1342 in
1134 1314 1194 1341 acie
1208 1317 1318 1340 strenue
1327 1312 1476 1347 perstabat.

971 1361 1072 1391 Iterum
1088 1367 1154 1396 ergo
1169 1360 1257 1395 pergit
1270 1359 1297 1386 in
1313 1359 1451 1386 sultanum

972 1416 988 1436 a
1005 1416 1060 1444 quo
1073 1407 1201 1435 Romana:
1217 1406 1425 1434 incursubantur
1444 1409 1534 1438 terra,

972 1458 1000 1482 et
1015 1460 1100 1487 usque
1117 1453 1151 1480 ad
1166 1452 1255 1480 thema
1273 1451 1396 1486 pervenit
1413 1450 1529 1485 Dorylei.

937 1515 959 1545 ο
975 1499 1014 1527 lbi
1026 1499 1175 1527 subsistens
1189 1497 1353 1525 instauravit
1369 1497 1464 1524 urbem

975 1545 1071 1572 validis
1085 1543 1220 1572 mcenibus
1233 1543 1356 1578 miroque
1370 1543 1442 1570 vallo

974 1591 998 1618 ei
1017 1590 1220 1625 circumposita,
1237 1597 1298 1617 cum
1311 1588 1540 1624 propugnaculis:

976 1635 1156 1671 impositaque
1174 1635 1270 1663 idoneo
1285 1634 1413 1670 praesidio

975 1688 1007 1708 ex
1022 1688 1087 1715 agro
1102 1680 1209 1716 Dorylei
1223 1687 1312 1707 castra
1331 1680 1424 1712 movit,

976 1730 1057 1761 atque
1071 1725 1171 1753 Subleo
1184 1724 1270 1753 adfuit
1286 1725 1416 1753 castello:

976 1774 1088 1808 ipsoque
1100 1773 1202 1808 pariter
1217 1777 1279 1807 apte
1294 1773 1469 1805 communito,

976 1825 1003 1848 et
1018 1819 1129 1854 reliquis
1144 1818 1294 1853 dispositis,
1311 1818 1345 1845 ad
1360 1818 1455 1845 urbem
1472 1817 1554 1844 redit.

979 1864 1032 1892 Sed
1049 1863 1125 1891 brevi
1141 1863 1247 1898 requies
1264 1861 1406 1890 intervallo
1424 1862 1494 1890 fuit:

979 1910 1094 1938 invicem
1107 1909 1205 1944 quippe
1219 1908 1310 1936 Caesar
1325 1913 1352 1936 et
1378 1907 1503 1935 sultanus

979 1956 1068 1991 ignem
1082 1955 1209 1983 fovebant
1223 1955 1273 1982 sub
1286 1954 1377 1982 cordis
1392 1953 1541 1986 cineribus,

980 2000 1100 2028 fomitem
1115 2004 1269 2035 promptum
1287 1999 1423 2026 meditatae
1436 1999 1558 2032 ultionis,

981 2051 1063 2081 atque
1076 2051 1237 2081 erupturum
1255 2045 1381 2080 protinus
1396 2044 1423 2071 in
1441 2044 1589 2071 flammam.

980 2092 1102 2127 Uterque
1116 2091 1221 2119 scilicet
1237 2091 1404 2119 accusabant
1418 2090 1534 2118 invicem

981 2137 1100 2172 qnerelis
1113 2135 1264 2163 manifestis
1281 2135 1416 2170 minisque
1433 2136 1573 2168 gravibus.

942 2182 969 2213 D
982 2183 1162 2216 Quamobrem
1178 2180 1269 2208 Caesar
1283 2181 1355 2208 vires
1370 2180 1512 2208 universas

983 2228 1101 2262 undique
1117 2226 1296 2258 contraliens,
1315 2225 1413 2260 bisque
1429 2225 1617 2260 supplementa

981 2273 1034 2301 alia
1049 2276 1131 2307 atque
1146 2272 1211 2304 alia,
1226 2275 1316 2306 utpar
1329 2277 1400 2304 erat,
1419 2271 1520 2299 addens

982 2326 1015 2346 ex
1028 2317 1106 2346 Italis
1120 2321 1203 2352 atque
1218 2316 1327 2352 Scythis
1341 2316 1374 2346 ad
1390 2316 1491 2344 Istrum
1505 2315 1611 2351 positis,

983 2367 1199 2398 congregatoque
1219 2362 1362 2389 innumero
1375 2361 1507 2393 exercitu,

985 2408 1122 2436 Persicam
1140 2407 1227 2442 pergit
1242 2415 1291 2435 cett
1305 2407 1442 2435 deleturus
1456 2412 1573 2442 gentem,

984 2454 1159 2488 Iconiumque
1174 2453 1249 2481 humi
1265 2457 1464 2488 prostraturus,

985 2500 1099 2534 ejusque
1112 2507 1203 2534 regem
1218 2499 1328 2534 insuper
1344 2503 1483 2534 capturus,

986 2551 1014 2572 nt
1031 2547 1099 2580 pede
1115 2545 1225 2576 collum,
1239 2547 1272 2572 de
1289 2551 1372 2575 more,
1390 2544 1517 2571 calcaret.

986 2592 1071 2627 Igitur
1087 2591 1183 2625 raptim
1200 2589 1335 2625 profectus
1350 2588 1480 2624 Byzantio

987 2645 1048 2664 cum
1067 2636 1122 2664 suis
1136 2635 1221 2669 copiis
1236 2634 1380 2668 Phrygiam
1397 2633 1592 2668 pertransiens,

987 2682 1095 2710 Chonas
1109 2680 1218 2708 devenit
1233 2679 1382 2714 elegantem
1400 2678 1505 2704 urbem.

990 2729 1067 2755 Illinc
1083 2728 1117 2754 ad
1133 2730 1253 2754 castrum
1269 2725 1403 2759 quoddam
1421 2728 1463 2751 est
1479 2731 1635 2760 progressus

989 2775 1032 2802 cui
1048 2781 1144 2802 nomen
1162 2777 1237 2799 vetus
1250 2775 1307 2798 crat
1323 2770 1538 2805 Myrinccplmlon
1553 2779 1560 2797 :

991 2821 1060 2848 unde
1074 2819 1192 2854 pervasit
1209 2818 1235 2844 in
1251 2817 1381 2844 ditionem
1394 2815 1530 2842 Persicam

1569 2861 1589 2891 6

1695 111 1749 147 170
