1909 3073
160 146 212 180 γιι
685 119 907 174 trituretur

1030 142 1235 174 'NOGRAPIII
1735 146 1784 180 172

162 205 277 233 tendens
291 203 325 231 ad
339 201 439 231 mania
455 201 551 237 inclyti
564 200 659 233 lconii.

162 258 224 278 cum
239 248 360 277 exercitu
376 247 477 281 valido,
491 246 655 274 fortisssimo

161 300 190 324 et
204 303 265 324 cum
281 293 401 329 expertis
415 293 557 329 praeliandi
574 292 696 323 ducibus,

161 341 268 369 itineris
282 340 414 368 stationes
430 339 578 374 prudenter
594 338 707 365 metiens

161 391 274 422 propter
285 387 409 421 jumenta
425 384 560 412 machinis
573 389 670 411 onusta

160 441 221 461 cum
236 431 386 460 artiﬁcibus
401 431 458 459 suis
474 429 625 457 inermibus

164 486 251 514 neque
267 477 376 512 gerendi
394 476 456 504 belli
469 475 574 510 peritis.

161 525 217 554 Nec
233 532 298 552 vero
318 523 442 552 sultanus
458 529 511 550 non
526 522 640 556 cogebat
658 522 758 556 copias,

165 572 220 599 itno
235 570 350 606 gentiles
364 569 518 597 accersebat.
529 568 673 604 suppetias,

158 623 186 645 et
201 617 384 645 defensionem
403 620 514 644 strenue
528 616 685 650 apparabat.

157 663 259 690 Tamen
276 661 378 696 legatos
395 661 468 689 misit
484 661 518 688 ad
533 660 667 688 Ctesarem

154 702 277 737 iuratum
296 706 384 735 foedus
397 707 444 742 qui
461 711 656 738 memorarem,

163 754 298 788 ﬁdemque
314 758 400 780 ratam
417 760 477 781 esse
491 753 669 788 postularent.

158 800 212 827 Sed
225 799 296 827 enim
315 799 392 826 irrita
410 798 513 826 foedera
529 805 646 826 cernens

159 845 299 878 Sultanus,
312 845 386 873 locos
402 848 516 880 occupat
531 843 655 872 diﬂicilcs

158 897 241 926 atque
252 890 357 918 viarum
372 890 478 918 obsidet
489 891 640 926 angustias,

157 936 312 964 clausuram
325 936 389 963 olim
406 936 507 964 dictam
526 935 695 967 Tzibritzcn,

156 989 206 1017 per
224 989 305 1017 quam
322 981 460 1010 Romanus
475 990 536 1010 cum
551 982 658 1009 Caesare
673 980 810 1008 exercitus

158 1035 303 1062 gressurus
322 1032 378 1056 ezst
396 1028 508 1056 veniens
523 1027 732 1063 Illyriocephalo.

157 1073 223 1101 llluc
237 1073 359 1101 sultanus
373 1080 435 1101 suas
451 1073 543 1107 copias
559 1073 670 1107 conjicit

156 1127 232 1147 more
247 1119 388 1147 barbarico
403 1119 489 1147 latens
502 1120 528 1146 in
543 1119 659 1151 insidiis,

157 1170 186 1192 ut
205 1172 267 1192 mox
285 1164 379 1193 dolose
395 1159 534 1193 Romanos
547 1164 698 1192 invaderet.

157 1211 204 1238 Est
215 1215 304 1239 autem
320 1211 395 1238 locus
411 1211 530 1245 undique
542 1215 703 1245 praeruptus,

157 1257 296 1291 Angustus
313 1256 393 1284 valde
407 1261 434 1284 et
448 1263 560 1291 prorsus
577 1256 738 1290 impervius,

158 1302 288 1330 Tmnarus
301 1302 435 1334 infernus,
449 1301 593 1330 Cltarontis
610 1309 733 1336 campus,
755 1327 758 1330 .

157 1347 236 1375 vallis
248 1347 372 1375 diﬂ‘tciles
389 1348 490 1375 ducens
505 1349 531 1374 in
547 1348 697 1375 anfractus.

158 1392 257 1427 Illapso
272 1393 354 1426 igitur
368 1393 395 1420 itt
413 1393 554 1427 angustias
566 1393 702 1424 exercitu,

157 1437 254 1464 velites
267 1437 374 1471 quidem
388 1441 415 1464 et
425 1437 550 1464 ordinum
564 1438 698 1472 pratfecti,

159 1482 237 1516 queis
253 1482 422 1516 praecedendi
439 1483 544 1510 caloris
559 1490 624 1509 cura
640 1483 712 1517 data,

158 1533 351 1563 prtnlert‘unlcs
368 1528 426 1556 sine
443 1528 542 1556 damno
557 1528 645 1556 locum

158 1573 191 1598 ad
209 1572 327 1606 spatiosa
345 1573 394 1600 tuli
410 1573 590 1601 devenerunt.

156 1617 192 1644 Δι
207 1617 354 1650 imperator
373 1617 400 1644 in
419 1623 540 1645 extremo
557 1619 676 1653 agmine,

159 1665 219 1696 post
231 1661 288 1696 jam
302 1666 409 1690 cxortos
423 1662 528 1691 insidiis
542 1662 677 1692 Barbaros

161 1707 268 1742 telaque
281 1707 307 1735 in
322 1707 410 1743 ipsum
428 1716 547 1744 saxaque
559 1710 701 1746 iacientes,

162 1758 254 1787 utpote
267 1753 361 1781 acclivi
377 1761 410 1781 ex
427 1759 541 1789 utroque
556 1755 650 1789 latere,

159 1805 208 1824 nec
225 1799 276 1825 iter
292 1800 416 1834 persequi
432 1800 509 1828 facile
524 1806 642 1836 poterat,

160 1850 210 1869 nec
227 1844 385 1877 propulsare
400 1852 414 1871 a
427 1851 513 1872 semet
528 1847 678 1881 periculum
694 1855 701 1873 :

160 1896 208 1914 nec
223 1889 366 1922 quisquam
380 1889 481 1924 aliquid
494 1898 574 1924 agere
587 1892 612 1918 in
630 1893 752 1921 exercitu

161 1933 246 1960 milite
260 1934 368 1967 dignum
384 1940 579 1970 strenuumque
595 1942 712 1972 poterat,

160 1977 293 2010 turribus,
311 1977 407 2012 bobus,
423 1980 609 2015 machinisque
625 1982 738 2016 bellicis,

160 2023 263 2056 aggeris
279 2023 364 2050 instar
380 2024 451 2051 viam
469 2025 687 2059 impedientibus.

160 2068 181 2092 Λ
203 2074 277 2102 tergo
291 2073 379 2095 autem
393 2069 519 2098 Persicus
533 2072 670 2099 exercitus

162 2114 313 2140 nimborqu
333 2114 418 2141 instar
430 2115 520 2149 jacula
537 2117 686 2150 conjicicns

161 2160 274 2183 arduum
291 2164 403 2191 prorsus
421 2159 548 2186 reddebat
567 2168 728 2196 regressum.

161 2201 279 2228 (ludebat
291 2210 354 2237 ergo
369 2203 416 2230 bos
429 2212 489 2231 cum
506 2205 622 2233 bubulco
637 2215 696 2241 suo,

161 2255 223 2273 eum
238 2255 306 2282 equo
323 2255 404 2283 eques
417 2250 572 2284 exspirabat
586 2252 684 2280 misere

163 2292 303 2320 l'ct-sarum
320 2294 380 2321 tblis
395 2296 519 2323 confixus
534 2297 705 2330 mortiferis;

163 2344 245 2372 atque
263 2340 398 2366 turmatim
415 2341 590 2369 cmdebantur
603 2351 710 2375 omnes,

163 2389 290 2416 tanquam
306 2383 444 2411 brutarum
458 2393 523 2419 grex
537 2386 701 2420 belluarum,

162 2433 188 2453 t-t
203 2428 373 2456 circumclusi
389 2429 556 2458 feriebantur
568 2433 660 2460 cuncti

163 2472 302 2506 impert-iis
317 2473 342 2499 iu
360 2473 443 2501 furcis
455 2479 481 2502 et
497 2476 556 2503 sine
579 2478 652 2504 exitu
666 2487 673 2505 :

162 2523 188 2544 et
203 2518 289 2552 plenae
301 2519 384 2546 valles
402 2526 481 2548 erant
495 2522 676 2551 cadaveribus

164 2564 307 2599 Lucesqtte
323 2566 427 2594 hiantes
445 2568 575 2595 montium
592 2573 618 2596 et
633 2577 775 2598 caverna:

165 2608 214 2634 rivi
229 2611 334 2637 cruoris
349 2612 538 2647 decurrebant,
555 2614 605 2641 heu
620 2615 626 2641 l

164 2655 245 2682 tttislo
263 2655 405 2693 brutorum
420 2658 612 2694 lto‘tnittutnque
629 2661 774 2695 sanguine,

164 2705 262 2727 ettueta
276 2707 354 2728 erant
369 2702 445 2736 plena
461 2705 577 2733 miseriae
590 2711 615 2734 et
633 2708 792 2741 getuituum.

163 2744 250 2779 Atque
269 2747 326 2774 haec
343 2746 441 2775 ﬁebant
453 2749 559 2778 Caesare
575 2757 714 2786 spectante

165 2794 209 2827 qui
227 2795 284 2820 suis
301 2794 400 2822 nullam
416 2795 486 2823 ferre
499 2804 577 2831 opem
597 2803 711 2832 poterat.

164 2840 234 2872 Quin
248 2848 353 2870 summo
366 2842 425 2878 ipsc
438 2847 496 2870 crat
507 2843 533 2869 itt
548 2843 723 2884 discrimine:

961 203 984 232 Α
1017 199 1088 227 4405
1107 199 1212 235 Τειχῶν
1226 199 1337 226 Ἰκονίου
1355 208 1384 226 τε
1399 199 1446 227 τοῦ
1460 201 1623 236 περικλυτοῦ

1101 247 1179 273 Μετὰ
1193 247 1322 282 στρατιᾶς
1337 247 1479 279 εὐοθενοῦς
1496 248 1641 283 ρωμαλέας
1654 257 1661 264 ·

1102 292 1157 318 Kal
1173 293 1376 328 ταγματαρχῶν
1389 294 1509 328 ἀρεῖκῶν
1527 295 1556 320 έν
1570 295 1682 330 μάχαις,

1102 339 1243 372 Σταθμοϋς
1258 339 1392 373 ἀπάρσεις
1407 344 1540 375 νουνεχῶς
1557 340 1603 367 καὶ
1619 341 1667 367 σὺν
1679 341 1748 377 λόγῳ

1103 385 1158 415 Τὰς
1178 385 1238 410 καθ’
1250 385 1309 411 ὁδὸν
1321 385 1393 419 δρῶν
1407 385 1487 420 χάριν
1502 384 1658 420 ὑποζυγίων

1012 427 1084 456 4410
1107 429 1140 455 *Α
1159 429 1282 463 μηχανὰς
1292 429 1325 456 ἂν
1337 427 1394 464 εἷχε
1411 430 1459 456 καὶ
1477 430 1551 464 σφῶν
1571 431 1695 466 τεχνίτας

1105 475 1203 505 Ὀντας
1220 475 1336 506 ἀόπλους
1351 475 1444 507 ἁδαεῖς
1462 484 1492 502 τε
1505 476 1554 511 τῆς
1567 477 1657 512 μάχης
1671 486 1677 493 ’

1103 520 1175 555 Πλὴν
1188 521 1243 546 οὐδ’
1260 521 1274 546 ὸ
1287 520 1401 547 σουλτὰν
1413 521 1509 555 ἡμέλει
1524 522 1746 557 στρατευμάτων,

1102 566 1280 601 Συμμαχικὸν
1300 566 1322 592 δ’
1340 567 1469 602 ἤθροισεν
1484 568 1515 594 ἐκ
1528 569 1582 594 τῶν
1600 569 1747 603 συμφύλων

1104 611 1176 646 Πρὸς
1191 612 1405 647 ἀντιπαράταξιν
1419 613 1649 648 ηὐτρεπισμένον.

958 655 966 666 ’
1015 657 1086 684 4H5
1107 657 1239 692 ηρέοὸεις
1253 657 1276 684 δ’
1288 658 1363 692 ὅμως
1379 658 1509 692 πέπομφε
1520 658 1588 693 προς
1603 658 1728 692 βασιλέα,

1102 703 1190 729 Αίτῶν
1204 703 1332 738 ἐνόρκους
1347 703 1439 738 φιλίας
1456 705 1503 730 καὶ
1515 704 1676 738 συμϐάπεις,

1105 749 1246 782 Ἐξάνυσίν
1260 757 1289 775 τε
1304 748 1409 784 βασιλεῖ
1424 749 1588 785 βουλητέων.

1105 796 1182 821 Ἐπεὶ
1198 795 1220 821 δ’
1233 794 1307 829 ἐώρα
1330 795 1481 829 συμὸάσεις
1497 785 1658 831 ἀνηνύτους,

1104 840 1183 874 Αἱρεῖ
1202 839 1361 874 προφθάσας
1378 840 1522 871 σουλτάνος
1539 840 1691 876 δυσχωρίας

1013 885 1085 914 4420
1103 887 1157 914 Kal
1179 887 1242 917 τοὺς
1259 887 1416 917 στενωποὺς
1440 887 1572 921 ἀτραπῶν
1594 888 1781 922 πορευσίμων,

1099 932 1268 967 Κλεισούρας
1282 932 1298 967 ἢ
1316 932 1432 966 κέκλητο
1447 932 1593 967 Τζιερίτζη
1608 933 1692 959 πάλαι
1702 941 1709 948 ·

1099 979 1139 1004 Δι’
1156 975 1190 1014 ἧς
1207 978 1322 1012 στρατιὰ
1341 978 1486 1014 Ῥωμαῖκὴ
1504 979 1550 1005 καὶ
1566 979 1676 1014 κράτωρ

1099 1023 1249 1050 Ἐσπεὺδον
1263 1024 1350 1050 ἐλθεῖν
1363 1026 1395 1050 ὲκ
1409 1026 1617 1060 Μυριοκεφάλου
1632 1035 1639 1042 ·

1099 1069 1136 1098 UB
1150 1070 1286 1106 παραΰύει
1303 1072 1448 1104 σουλτάνος
1465 1071 1514 1104 τὰς
1527 1072 1670 1108 δυνάμεις,
1692 1093 1696 1100 ,

1012 1115 1081 1143 4425
1099 1116 1185 1151 Λόχον
1200 1117 1315 1148 καθίσας
1330 1117 1367 1148 ὡς
1382 1117 1442 1150 έθος
1456 1119 1512 1149 τοῖς
1527 1118 1689 1154 Βιρϐἁροις,

1106 1162 1149 1192 Ὧς
1162 1163 1195 1188 ἂν
1209 1163 1394 1189 ἐπεισπέσωπι
1416 1164 1561 1198 Ῥωμαίοις
1576 1164 1654 1198 δόλῳ.

1100 1208 1180 1235 Ἔστι
1197 1208 1244 1234 δ’ὁ
1261 1209 1349 1244 χῶρος
1365 1209 1541 1244 ἀπόκρημνος
1557 1210 1674 1237 εἰσάπαν

1099 1253 1196 1285 Στενὸς
1210 1254 1308 1289 κομιδῆ
1320 1254 1511 1286 δυσστίὸευτός
1528 1264 1557 1282 τε
1574 1256 1664 1288 πλέον,

1100 1297 1235 1332 Ταίναρον
1249 1298 1313 1334 ᾅδου
1328 1299 1373 1324 καὶ
1389 1299 1532 1334 Χαρώνεια
1546 1301 1624 1332 πέδα,

1011 1342 1082 1370 4430
1101 1343 1196 1369 Λὺλὼν
1212 1345 1343 1379 προήκων
1357 1344 1542 1380 δυσπόρευτον
1557 1346 1596 1377 εἰς
1610 1347 1715 1380 τρίϐον.

1107 1388 1262 1424 ’Ᾱψαμένης
1279 1390 1324 1416 οὖν
1340 1392 1469 1424 στρατιᾶς
1480 1391 1644 1427 δυσχωρίας,
1664 1419 1674 1423 ρ

1099 1435 1295 1469 Στρατεὺματα
1311 1436 1361 1470 μὲν
1378 1437 1424 1462 καὶ
1435 1437 1545 1471 λοχαγοὶ¹
1560 1438 1709 1472 ταγμάτων

1098 1477 1146 1512 Οἷς
1159 1478 1193 1516 ἦν
1210 1481 1344 1515 προάγειν
1361 1483 1491 1516 στρατιᾶς
1506 1483 1673 1518 τεταγμένον

961 870 982 897 Β

957 1531 978 1560 c
1101 1524 1315 1559 Διεκδραμόντες
1329 1526 1444 1557 ἀπαθεῖς
1457 1527 1549 1553 κακῶν
1560 1528 1653 1561 τόπον,

1014 1569 1085 1595 4435
1106 1570 1152 1601 El;
1167 1570 1268 1602 πλάτος
1284 1571 1452 1606 ηὐλίσθησαν
1471 1572 1523 1605 ἔξω
1543 1573 1667 1600 κινδύνου
1683 1583 1690 1590 ·

1102 1615 1203 1650 ’Λγχοῢ
1216 1616 1245 1642 δὲ
1257 1617 1369 1652 κράτωρ
1385 1617 1491 1653 παριὼν
1506 1619 1640 1653 οὐραγίας

1101 1660 1336 1688 Ἐπεισπεσόντων
1349 1663 1378 1696 ἐξ
1393 1664 1504 1698 ἐνέδρας
1516 1664 1677 1700 Βαρϐάρων,

1101 1706 1171 1741 Βέλη
1186 1708 1211 1733 τ’
1226 1708 1270 1734 ἐπ’
1285 1709 1366 1735 αὑτὸν
1379 1710 1514 1743 ἀφιέντων
1529 1711 1576 1737 καὶ
1588 1711 1678 1742 λίθους

1106 1753 1151 1785 Ὠς
1165 1754 1234 1780 κατὰ
1248 1754 1368 1789 πρανοῦς
1384 1755 1414 1787 ἐξ
1427 1755 1560 1790 ἐκατέρου
1577 1756 1678 1792 μέρους

1011 1797 1082 1826 4440
1101 1799 1157 1825 Οὐκ
1171 1799 1228 1834 ἔχει
1242 1800 1329 1834 ῥᾷστα
1343 1800 1392 1835 τὴν
1405 1800 1463 1826 ὁδὸν
1478 1803 1619 1836 παριέναι,

1104 1844 1206 1878 Ἤγουν
1220 1845 1309 1880 ἑαυτῷ
1325 1846 1503 1873 κινδυνεύοντι*
1523 1847 1651 1882 ἀμύνειν·

1104 1890 1174 1917 Ἀλλ’
1189 1890 1249 1917 οὐδὲ
1266 1891 1347 1918 πάλιν
1358 1892 1390 1917 ἐκ
1411 1893 1540 1927 στρατιᾶς
1556 1902 1597 1925 τις
1609 1893 1708 1929 δρᾶσαι

1101 1936 1226 1963 Γενναῖον
1242 1937 1356 1971 ὴδύνατο
1371 1940 1478 1974 μαχητῇ
1496 1939 1609 1974 πρέπον,

1101 1982 1186 2016 Βοῶν,
1203 1982 1325 2017 ἁμαξῶν,
1341 1985 1512 2019 τειχομάχων
1528 1985 1663 2019 ὁργάνων,

1014 2027 1086 2055 4445
1112 2028 1155 2060 Ὣς
1170 2029 1348 2064 ἁντίφραγμα
1361 2031 1410 2065 τῆς
1422 2030 1483 2057 ὁδοῦ
1497 2031 1688 2066 προκειμένων
1698 2039 1704 2047 ⁸

1103 2074 1157 2100 Kal
1173 2074 1242 2101 κατὰ
1258 2075 1341 2101 νώτου
1355 2076 1477 2112 Περσικὴ
1493 2076 1598 2111 φάλαγξ
1611 2077 1690 2103 πάλιν

1102 2119 1193 2146 Βελῶν
1209 2121 1321 2154 νιφάδας
1335 2122 1446 2156 ἀφιεῖσα
1459 2123 1564 2158 μυρίων

1104 2166 1322 2202 Παλινδρόμησιν
1336 2168 1458 2204 χαλεπὴν
1474 2169 1539 2205 ἔδρα
1556 2171 1636 2198 πάνυ.

1104 2212 1224 2239 Ἐπιπτε
1235 2213 1325 2240 τοίνυν
1340 2214 1404 2249 βοῦς
1418 2215 1476 2250 ἅμα
1494 2216 1623 2253 βοηλάτῃ,

1014 2256 1085 2284 4450
1109 2256 1221 2290 Ἱππεὺς
1236 2259 1284 2286 σὺν
1298 2260 1374 2294 ἵππῳ
1393 2262 1583 2298 συναπέψυχον
1598 2263 1642 2298 βίᾳ
1666 2269 1672 2275 ’

1099 2302 1143 2328 Ἐν
1156 2303 1284 2340 Περσικῷ
1298 2305 1419 2340 βλήματι
1438 2306 1629 2343 θανατηφόρψ,

1099 2349 1155 2375 Kal
1171 2350 1271 2382 πάντες
1290 2351 1456 2385 ἐσφάττοντο
1472 2355 1543 2380 κατὰ
1559 2354 1685 2388 πληθύας

1106 2395 1150 2426 Ὧς
1164 2396 1248 2432 ἀγέλη
1261 2406 1302 2429 τις
1318 2398 1493 2434 θρεμμάτων,
1509 2401 1574 2434 est?!
1589 2403 1705 2437 ἀλόγων,

1100 2440 1157 2467 Kal
1169 2441 1269 2474 πάντες
1284 2443 1442 2479 ἐφθείροντο
1461 2447 1704 2483 συγκεκλεισμένοι

1011 2484 1082 2513 4455
1101 2487 1145 2513 Ἐν
1158 2486 1333 2524 δυσπορεὺτῳ
1346 2489 1471 2526 δυσϐάτῳ
1487 2499 1516 2517 τε
1532 2493 1625 2528 χωρίῳ
1638 2499 1646 2508 ⁸

1099 2531 1160 2557 Τῶν
1176 2534 1344 2568 νεκριμαίων
1361 2536 1496 2570 σωμάτων
1507 2539 1535 2565 αἱ
1548 2539 1669 2572 κοιλάδες

1101 2577 1198 2612 Τέμπη
1215 2586 1243 2604 τε
1260 2579 1305 2604 καὶ
1319 2579 1458 2614 σήραγγες
1475 2583 1599 2619 ὑπῆρχον
1615 2585 1694 2612 πλέαι
1705 2594 1711 2600 ·

1097 2622 1276 2656 Προῠόιινον,
1291 2625 1364 2659 οἴμοι
1375 2645 1383 2658 ,
1405 2627 1507 2661 ρὑκες
1524 2629 1632 2664 λύθρων
1646 2631 1706 2658 ὅλαι

1098 2667 1142 2700 Ἐξ
1159 2668 1265 2702 ἀλόγων
1280 2670 1407 2705 αἵματος,
1421 2674 1453 2699 ὲκ
1468 2673 1571 2709 βροτῶν
1587 2675 1656 2710 ἅμα,

1009 2711 1080 2739 4460
1099 2713 1154 2739 Kal
1165 2714 1254 2741 πάντα
1271 2717 1357 2750 μεστὰ
1371 2720 1515 2753 συμφορᾶς
1527 2718 1560 2754 ἦν
1573 2721 1621 2747 καὶ
1632 2721 1713 2756 γόων.

1098 2759 1154 2785 Kal
1165 2759 1241 2786 ταῦτ’
1254 2760 1350 2796 ἐδρᾶτο
1365 2764 1499 2798 κράτορος
1513 2764 1671 2799 δεδορκότος

1098 2805 1152 2832 Καὶ
1167 2807 1369 2842 συμπαρόντος,
1386 2809 1423 2844 μὴ
1452 2810 1593 2843 σθένοντας
1613 2812 1635 2838 δ’
1650 2812 1774 2847 ἀμύνειν.

1104 2853 1148 2878 Ἐν
1165 2853 1221 2887 χρῷ
1237 2854 1264 2880 δέ
1281 2855 1381 2889 μᾶλλον
1395 2856 1517 2882 κινδύνου
1536 2857 1688 2891 πεφυκότος
