1926 3071
181 165 249 200 ~1'75
734 166 918 198 EPHREMI
924 166 941 196 ι·
955 166 1260 197 CHRONOGRAPIII
1754 165 1808 196 176

192 235 252 256 cum
267 226 418 255 interiectis
431 226 704 258 variis'animalibus,

180 273 268 308 equis
282 280 313 300 ac
329 273 423 306 bobus,
433 272 528 305 asinis,
545 272 679 302 mulabus.

191 320 268 354 quasi
282 319 309 346 in
319 319 454 346 communi
469 317 585 345 conditis
595 317 731 351 sepulcro.

190 365 247 393 lmo
258 370 317 392 erat
333 364 471 391 hominum
489 363 690 396 cmmeterium,

188 412 212 439 si
227 411 267 438 fas
283 411 318 438 ita
335 411 420 444 loqui,
435 409 558 438 admistis
569 408 678 436 belluis.

188 455 303 483 Romani
317 463 382 483 sane
396 456 533 490 perierunt
545 454 664 490 plurimi,

187 510 257 537 quos
268 502 338 529 inter
350 502 444 536 ingens
457 502 538 536 regiae
556 503 650 536 stirpis
663 509 801 531 numerus.

187 550 276 583 Atque
287 549 345 576 haec
359 549 439 575 talem
461 548 612 576 habuerunt
626 549 740 576 exitum.

188 595 338 629 Imperator
348 598 438 621 autem
451 594 515 622 dum
535 599 650 622 conatur
667 594 777 629 assequi

189 639 311 674 legiones
327 647 400 673 suas,
419 643 449 666 ut
464 640 531 673 dixi,
551 640 747 674 prsecedentes.

188 693 203 711 a
214 684 310 712 Turcis
327 685 468 712 vetabatur
481 685 594 712 ulterius
609 684 745 718 progredi,

188 738 238 758 nec
257 730 389 758 acervatis
408 731 496 758 minus
509 731 700 758 cadaveribus.

187 776 289 804 Tamen
304 775 428 804 diiIiciles
437 776 572 804 eluctatus
590 776 675 808 locos,

189 829 239 849 nec
258 825 378 849 torrente
392 827 521 856 superato
537 821 618 848 ﬂuvio
632 841 640 853 ,

187 866 241 894 alio
256 871 282 894 et
297 866 424 900 adjuncto
441 866 624 893 Romanorum
639 865 719 900 globo
731 885 738 898 ,

186 913 268 944 viam.
281 916 310 939 ut
322 916 439 947 poterat,
455 912 612 939 absolvebat
627 911 768 945 reliquam.

186 958 271 991 Quem
285 962 470 985 transeuntem
487 957 641 991 conspicata
662 956 779 991 phalanx

185 1004 305 1030 Arabum
319 1003 441 1038 equitum
451 1002 592 1037 splendide
599 1007 757 1035 ornatorum
771 1019 780 1032 ,

185 1050 240 1076 ruit
254 1050 281 1077 in
295 1049 383 1084 ipsum
395 1048 514 1076 violento
528 1056 610 1076 cursu

185 1100 215 1121 ut
231 1095 307 1129 quasi
322 1095 412 1130 praeda
428 1095 562 1130 potiretur
575 1094 659 1121 illico.

185 1141 211 1168 ls
228 1149 291 1168 vero
309 1141 433 1168 hortatus
447 1140 554 1167 animos
570 1147 685 1167 suorum

186 1188 359 1214 barbaricum
373 1186 538 1221 manipulum
552 1186 617 1213 vicit
634 1185 725 1213 facile.

186 1233 319 1260 Paulatim
332 1238 423 1260 autem
439 1232 564 1266 lentaque
582 1231 761 1266 progrediens

186 1280 265 1306 modo
277 1283 391 1306 cruenta
409 1285 498 1313 pugna
509 1278 653 1305 decertans
663 1297 670 1308 ,

186 1325 267 1352 modo
277 1324 359 1351 etiam
374 1324 452 1351 hoste
464 1323 546 1355 liber,
559 1322 592 1350 ad
606 1327 758 1349 extremum

185 1378 283 1405 magno
295 1378 356 1398 cum
372 1368 469 1404 gaudio
484 1369 516 1396 ad
532 1376 596 1396 suos
610 1368 732 1402 pervenit
748 1377 754 1394 :

185 1418 229 1450 qui
243 1417 352 1450 quidem
363 1415 430 1442 nihil
443 1414 551 1449 gravius
561 1414 706 1446 dolebant,

186 1471 265 1498 quam
280 1463 342 1496 quia
359 1468 419 1488 cum
436 1460 503 1495 ipsis
520 1467 573 1487 non
587 1460 696 1487 adesset
705 1459 808 1491 Ca-sar,

185 1514 349 1541 summoque
363 1510 441 1534 erant
455 1509 527 1532 metu
539 1505 662 1532 solliciti.

186 1555 256 1581 Ante
271 1560 352 1588 quam
369 1556 459 1578 autem
475 1551 636 1578 misceretur
650 1550 709 1578 suis

186 1599 292 1626 Manuel
306 1598 379 1625 rivos
393 1597 571 1625 decurrentes
588 1601 684 1623 nactus

133 1659 135 1662 ι
187 1653 255 1680 aqua
271 1646 360 1673 levare
371 1644 530 1679 depoposcit
545 1643 619 1671 sitim
635 1651 641 1669 :

186 1699 301 1726 cumque
314 1693 338 1719 ei
353 1691 484 1725 quispiam
502 1698 599 1724 aquam
615 1689 768 1721 obtulisset,

187 1739 237 1765 hac
253 1737 457 1764 summislabris
471 1735 567 1763 leviter
581 1741 698 1770 gustata,

186 1784 278 1811 statim
293 1790 326 1810 ex
342 1790 389 1809 ore
405 1782 536 1815 reliquam
553 1782 667 1816 projecit
678 1803 686 1814 ,

188 1837 236 1856 ceu
252 1828 274 1854 si
292 1831 371 1862 potus
385 1827 430 1853 ille
446 1834 497 1853 non
514 1827 690 1853 descenderet

188 1875 227 1902 ad.
237 1875 318 1901 ituutn
336 1873 504 1901 stomachum
518 1872 652 1900 renitente
661 1873 820 1908 msopliago.

187 1920 247 1948 Mox
265 1920 308 1946 tibi
322 1919 430 1952 agnovit
446 1918 558 1945 tinctam
576 1925 672 1952 aquam
686 1918 761 1950 tabo,

193 1965 334 1998 ingemuit,
351 1964 402 1991 sibi
419 1964 489 1990 haud
504 1963 639 1997 placuisse
654 1963 748 1990 dicens

187 2018 285 2043 aquam
311 2009 466 2036 Christiano
478 2008 608 2043 sanguine
622 2008 757 2035 foedatam.

187 2054 255 2081 Tum
271 2054 377 2087 quidem
392 2059 508 2087 praesens
523 2053 702 2086 importunus,
717 2051 815 2084 audax,

188 2100 330 2134 impudens
345 2098 448 2125 blatcro
463 2102 490 2125 et
507 2097 596 2132 lingua
613 2097 812 2131 intemperans,

188 2145 276 2173 Semel
292 2143 413 2171 novellus
427 2143 575 2170 conviciari
589 2142 698 2173 solitus,

186 2192 228 2220 sic
249 2191 353 2218 chrislo
371 2188 475 2216 Domini
490 2188 572 2222 caepit
592 2187 753 2215 maledicere
769 2195 776 2213 :

187 2237 262 2264 Haud
276 2243 345 2263 nunc
360 2235 488 2270 primtlm,
505 2234 552 2261 sed
569 2238 646 2260 antea
661 2240 743 2267 saepe,

187 2283 294 2317 plenum
308 2285 414 2308 cratera
427 2279 643 2318 Christianorum
663 2277 794 2313 sanguine

186 2327 288 2360 bibisti,
303 2325 425 2354 subditos
436 2325 566 2351 divexans
581 2324 706 2359 populos.

187 2378 311 2400 maturus
327 2372 409 2399 veluti
424 2378 550 2398 racemus
566 2370 767 2403 comprimitur,

186 2426 234 2454 per
246 2418 408 2445 tributorum
420 2415 542 2450 gravium
553 2415 709 2442 exactiones

186 2467 284 2497 potans
298 2461 405 2487 illorum
421 2459 592 2486 abundanter
607 2458 777 2492 sanguinem.

186 2506 261 2533 Tulit
277 2505 411 2540 patienter
427 2503 517 2531 Caesar
533 2503 601 2529 hanc
616 2503 767 2534 vesaniam,

187 2559 236 2578 nec
247 2553 340 2578 contra
358 2548 464 2584 quidem
481 2547 627 2582 quidquam
642 2547 794 2573 mussitavit

186 2595 260 2621 initis
274 2594 431 2625 monarcba,
451 2599 499 2620 nec
513 2590 662 2619 infrenduit
675 2590 812 2618 dentibus.

187 2645 285 2671 lterum
299 2642 390 2669 Ciesar
407 2641 470 2668 dum
482 2641 587 2667 videret
605 2639 727 2668 sacculos

187 2687 287 2724 publici
304 2687 406 2713 nummi
425 2685 550 2712 custodes
568 2685 648 2718 diripi

188 2743 203 2762 a
220 2733 439 2769 persequentium
460 2731 640 2759 Barbarorum
658 2731 769 2767 impetu,

188 2787 269 2816 atque
285 2781 317 2807 ad
334 2779 445 2807 tutelam
462 2780 618 2806 hortaretur
631 2786 705 2810 suos,

189 2834 283 2862 nempe
296 2832 322 2853 nt
334 2826 422 2853 aliena
436 2825 514 2860 pulsa
529 2825 553 2851 vi
570 2829 710 2852 servarent

189 2871 305 2898 loturam
322 2871 388 2906 ipsis
403 2869 498 2897 utilem
511 2869 651 2903 pecuniam
665 2875 675 2895 :

988 229 1014 256 Α
1044 226 1114 254 4520
1133 226 1187 253 Καὶ
1201 226 1370 261 θνησιμαίων
1381 225 1559 252 παντοδαπῶν
1572 225 1688 260 ἀλόγων,

1131 273 1251 304 Ἵππων,
1267 272 1346 307 βοῶν,
1363 272 1431 298 ὄνων
1446 281 1476 298 τε
1496 273 1545 299 σὺν
1559 272 1697 307 ἡμιόνοις,

1131 318 1223 351 Τάφον
1238 326 1267 344 τε
1285 317 1374 344 κοινὸν
1386 319 1442 349 τοῖς
1456 318 1527 349 ὅλοις
1544 319 1724 353 χρηματίσαι,

1135 365 1242 392 Μᾶλλον
1256 366 1446 400 πολυάνδριον,
1462 366 1486 392 εί
1502 366 1591 401 χρεὼν
1603 367 1698 400 φάναι,

1130 411 1179 438 Ἐκ
1194 412 1319 446 γηγενῶν
1340 411 1499 446 πάμμικτον
1515 413 1620 446 ἀλόγων
1633 412 1656 438 θ’
1673 411 1742 446 ἅμα.

1043 458 1115 485 4525
1136 458 1303 485 Πεπτώκασι
1318 459 1428 490 πλείους
1442 459 1471 485 δὲ
1490 459 1636 493 Ῥωμαίων
1654 459 1729 494 μάχῃ

1131 503 1188 529 Kal.
1204 503 1289 529 τῶνδε
1304 503 1414 534 πλείους
1429 504 1476 530 τοῦ
1495 503 1633 538 βασιλείου
1649 503 1758 537 γένους.

1131 549 1187 575 Kal.
1197 548 1286 575 ταῦτα
1307 549 1358 584 μὲν
1377 549 1523 584 πέπρακτο
1539 549 1613 575 τόνδε
1629 549 1674 575 τὸν
1689 549 1790 583 τρόπον
1804 556 1811 562 ·

1138 594 1167 620 '0
1180 594 1202 620 δ’
1220 594 1410 629 αὐτοκράτωρ,
1425 594 1464 626 ὼς
1476 594 1554 629 ἔφην,
1576 595 1742 628 ἀπειγμένος

1132 638 1219 670 Ἴλαις
1233 638 1372 665 συνελθεῖν
1384 639 1444 669 ταῖς
1459 638 1718 674 προηγησαμέναις.

1045 685 1116 713 4530
1136 683 1271 719 Τούρκοις
1283 684 1398 718 πορείας
1413 685 1537 720 εἴργεται
1553 684 1602 719 τῆς
1616 685 1656 716 εἰς
1670 683 1775 717 πρόςω,

1131 730 1215 758 Οὐδὲν
1231 730 1260 757 δὲ
1279 731 1355 764 μεῖον
1372 730 1421 757 καὶ
1439 731 1569 762 κολωνοῖς
1584 730 1741 764 πτωμάτων

1135 778 1232 812 Ὅμως
1247 775 1360 803 διελθὼν
1376 777 1529 812 δυσπόρους
1547 776 1624 812 μόλις
1640 777 1742 808 τόπους

1132 823 1188 850 Kal.
1200 823 1247 849 τὸν
1261 822 1454 857 παραρρέοντα
1465 823 1618 857 χειμάρρου
1636 823 1697 857 ῥόον

1132 869 1189 895 Kal.
1205 868 1298 902 στῖφος
1310 868 1374 894 ἄλλο
1395 867 1548 902 Ῥωμαϊκὸν
1562 868 1656 900 ἁλίσας

988 903 1013 921 Ἡ
1043 914 1115 942 4555
1141 914 1185 946 Ὠς
1203 912 1273 948 εἶχε,
1289 914 1399 949 διήνυτε
1416 914 1466 949 τὴν
1481 915 1688 950 προκειμένηνο

1133 960 1182 986 “Ov
1198 959 1331 994 παριόντα
1351 958 1506 994 βαρϐαρική
1522 968 1564 990 τις
1579 960 1687 994 φάλαγξ

1133 1004 1243 1035 Ἵπποις
1264 1004 1407 1039 ὁπλισμοῖς
1424 1005 1567 1040 ἐκπρεπὴς
1585 1005 1742 1041 ’Λρῤαίοις

1132 1049 1238 1082 Ίδοῦσ¹,
1256 1050 1299 1076 ἐπ’
1316 1049 1398 1076 αὑτὸν
1413 1050 1545 1085 ὲμμανῶς
1558 1059 1617 1081 πως
1630 1051 1747 1082 συνέθει,

1141 1095 1185 1126 Ὡς
1203 1095 1317 1130 θήραμα
1331 1095 1484 1122 σπεύδουσα
1501 1096 1570 1123 τόνδ’
1586 1097 1657 1123 ἑλεῖν
1671 1097 1753 1132 τάχα.

1043 1139 1115 1167 4540
1138 1140 1168 1166 '0
1184 1139 1206 1166 δ’
1222 1139 1381 1175 ἀρῤενώσας
1396 1140 1451 1166 τῶν
1464 1140 1598 1167 συνόντων
1615 1141 1664 1172 τὰς
1676 1142 1780 1176 φρένας

1136 1185 1300 1217 Ὀδοστάτας
1311 1185 1413 1220 ἥττησε
1428 1186 1516 1220 ῥᾷστα
1535 1185 1705 1222 Βαρὸἀρους.

1130 1231 1212 1258 Κατὰ
1225 1231 1313 1267 βραχὺ
1327 1231 1356 1258 δὲ
1375 1231 1535 1266 συμπροῖὼν
1548 1232 1595 1258 καὶ
1615 1232 1700 1268 βάδην

1131 1276 1187 1304 Νῦν
1204 1278 1254 1312 μὲν
1282 1278 1356 1312 νόμῳ
1381 1277 1472 1313 μάχης
1486 1286 1515 1304 τε
1531 1279 1580 1305 καὶ
1601 1278 1660 1312 μεθ’
1676 1278 1813 1313 αἷμάιων,

1137 1323 1262 1359 Ἐνιαχοῦ
1276 1323 1304 1350 δὲ
1320 1324 1368 1350 καὶ
1390 1324 1481 1359 μάχης
1495 1324 1578 1351 πάλιν
1592 1324 1654 1359 δίχα

1041 1369 1112 1397 4545
1131 1369 1320 1404 Τρισάσμενος
1339 1369 1459 1404 μέμικτο
1474 1370 1532 1401 τοῖς
1547 1369 1738 1404 ποθουμένοις,

1130 1413 1169 1441 Οὐ
1187 1414 1288 1449 μᾶλλον
1299 1414 1390 1441 αὐτῶν
1404 1414 1611 1450 δυσχεραίνουσι
1625 1415 1706 1450 χάριν

1129 1460 1220 1495 Ἤπερ
1235 1459 1268 1486 δι’
1284 1459 1366 1486 αὑτὸν
1384 1459 1421 1495 μὴ
1446 1459 1568 1495 παρόντα
1585 1460 1644 1491 ταῖς
1658 1460 1742 1491 ῐλαις,

1136 1503 1289 1538 Ἀγωνιῶσι
1307 1504 1353 1530 καὶ
1369 1503 1501 1531 δεδοικόσι
1515 1504 1629 1540 σφόδρα.

1131 1549 1223 1584 “ﬁmo
1239 1549 1268 1575 δὲ
1282 1550 1338 1580 τοῖς
1352 1548 1482 1584 τάγμασιν
1494 1549 1633 1584 συμμίξας
1647 1549 1770 1584 κράτωρ,

1042 1593 1112 1621 4550
1129 1594 1200 1620 Ἀλλ’
1216 1594 1245 1620 ἐν
1260 1594 1448 1629 παραρρέοντι
1467 1594 1612 1630 χειμάρρῳ
1627 1594 1717 1621 πέλων

1130 1639 1206 1666 Πιείν
1220 1639 1292 1674 ὕδωρ
1306 1639 1391 1674 ᾔτησε
1411 1639 1528 1675 διψήσας
1543 1641 1615 1675 μέγα
1627 1649 1634 1656 ·

1128 1685 1184 1711 Καί
1195 1693 1238 1716 τις
1250 1684 1321 1720 ὕδωρ
1338 1686 1453 1720 ἤνεγκεν
1469 1686 1545 1721 αὐτῷ
1559 1687 1628 1722 πρὸς
1639 1688 1717 1714 πόσιν
1730 1696 1737 1702 ·

1130 1731 1242 1761 Σπάσας
1256 1731 1285 1757 δὲ
1299 1731 1376 1757 τοῦδε
1388 1731 1435 1758 καὶ
1450 1732 1619 1766 περικλύσας
1633 1734 1720 1769 στόμα

1131 1775 1168 1802 Τὸ
1185 1775 1279 1803 λοιπὸν
1293 1776 1325 1802 ὲκ
1341 1776 1476 1811 στόματος
1487 1778 1564 1812 ἐκχεῖ
1578 1779 1627 1805 σὺν
1641 1779 1729 1814 τάχει,

1041 1821 1113 1848 4553
1138 1820 1182 1852 Ὣς
1198 1821 1246 1847 τοῦ
1261 1821 1390 1853 ποθέντος
1403 1822 1442 1857 μὴ
1455 1823 1694 1858 κατωλισθηκότος

1130 1869 1170 1895 Δι’
1184 1869 1334 1903 οἰσοφάγον
1351 1870 1419 1905 πρὸς
1431 1870 1465 1897 τὰ
1480 1870 1555 1898 κάτω
1570 1871 1684 1903 κοιλίας.

1133 1912 1201 1940 Εἶτα
1220 1914 1301 1942 ποτὸν
1325 1916 1405 1949 γνοὺς
1422 1917 1653 1953 συμπεφυρμένον
1667 1917 1758 1952 λύῦρῳ

1136 1960 1272 1995 ᾭμωξεν,
1289 1960 1375 1988 είπὼν
1391 1962 1422 1988 οὐ
1439 1962 1529 1993 καλῶς
1542 1964 1705 1996 γεγευκέναι

1136 2005 1346 2041 ’Υδατοφύρτων
1358 2007 1532 2042 Χριστιανῶν
1548 2009 1684 2042 αἱμάτων.

1042 2050 1112 2078 ιδδο
1131 2051 1186 2077 Καί
1199 2060 1241 2082 τις
1257 2052 1402 2087 παρεστὼς
1422 2053 1518 2088 ἰταμὸς
1533 2054 1635 2088 θρασὺς
1651 2055 1724 2087 τότε,

1133 2097 1188 2131 Τὴν
1202 2097 1325 2131 γλῶτταν
1340 2098 1500 2131 ἀκόλαστος,
1516 2099 1638 2134 ἀναιδὴς,
1656 2100 1747 2132 λάλος,

1131 2142 1212 2169 Κατὰ
1225 2143 1323 2178 Σεμεεὶ
1336 2143 1465 2179 λοιδορεῖν
1477 2145 1643 2179 εἰθισμένος,

1130 2188 1242 2223 Χριστῷ
1258 2189 1362 2224 Κυρίου
1377 2189 1581 2224 λοιδορούμενος
1593 2190 1683 2224 λέγει·

1131 2234 1188 2260 Οὐκ
1196 2233 1257 2269 ἄρτι
1270 2234 1397 2268 πρώτως,
1411 2235 1478 2262 ἀλλὰ
1489 2236 1628 2270 πολλάκις,
1641 2229 1720 2270 ἄναξ,

1042 2277 1113 2304 6565
1132 2278 1227 2313 Πλήρη
1244 2279 1371 2314 κρατῆρα
1384 2280 1558 2315 Χριστιανῶν
1576 2282 1702 2317 αιμάτων

1134 2324 1270 2360 Ὑπήκοον
1284 2326 1338 2352 πᾶν
1351 2325 1550 2360 καλαμώμενος
1565 2327 1651 2359 πίνεις
1664 2337 1672 2344 ·

1132 2371 1168 2397 Ἦ
1181 2370 1230 2397 καὶ
1244 2370 1392 2406 πεπείρους
1405 2371 1477 2398 καθὰ
1492 2372 1642 2399 συνθλίὸων
1658 2373 1756 2408 βότρυς

1128 2415 1296 2451 Εζσπρὰξεσι
1309 2417 1401 2452 φόρων
1417 2424 1447 2443 τε
1465 2417 1512 2443 καὶ
1525 2417 1611 2443 τελῶν
1628 2418 1707 2453 βάρει

1127 2462 1249 2497 Αἵματος
1264 2462 1355 2488 αὐτῶν
1371 2463 1480 2498 ὲμφορῇ
1494 2463 1666 2498 κατακόρως.

1040 2507 1110 2534 4570
1135 2508 1164 2533 'o
1177 2507 1197 2533 δ’
1213 2507 1326 2542 ἡμέρως
1342 2507 1442 2542 ἤνεγκε
1458 2508 1508 2543 τὴν
1525 2509 1680 2544 παροινίανν

1135 2552 1317 2584 Ἀνεξικάκως
1332 2553 1500 2588 τονθορύσας
1515 2555 1649 2589 μηδόλως,

1127 2597 1196 2632 Μηδ’
1213 2598 1258 2623 ὑπ’
1269 2597 1362 2624 ὀδόντα
1375 2598 1478 2632 γρύξας
1491 2600 1504 2626 ό
1520 2599 1609 2636 πραῢς
1624 2601 1700 2633 ἄναξ.

1128 2642 1182 2667 Καὶ
1200 2641 1281 2668 πάλιν
1294 2641 1376 2668 αὑτοῦ
1395 2643 1566 2678 καθορῶντος
1583 2646 1717 2676 θυλάκους

1127 2686 1198 2718 Τοὺς
1214 2687 1261 2713 τοῦ
1277 2688 1377 2722 χρυσοῦ
1394 2689 1518 2724 φύλακας
1530 2691 1752 2726 ὲκρηγνυμένους

1039 2731 1108 2758 4575
1133 2731 1179 2757 Ἐκ
1193 2732 1362 2767 θρασύτητος
1379 2735 1424 2761 καὶ
1436 2734 1496 2769 βίας
1510 2736 1559 2769 τῆς
1573 2737 1734 2772 Βαρϐάρων,

1126 2778 1180 2803 Καὶ
1195 2780 1257 2810 τοὺς
1267 2779 1365 2806 ἑαυτοῦ
1379 2781 1544 2816 ρωννὺοντος
1561 2784 1598 2815 ὠς
1614 2785 1673 2811 δέον

1133 2823 1323 2851 Ἐπεισπεσεῖν
1338 2826 1368 2852 τέ
1379 2834 1455 2860 σφισι
1467 2829 1515 2855 καὶ
1536 2831 1653 2856 κτΞσἿαι
1668 2831 1733 2858 τάδε

1128 2869 1255 2902 Ἄμεινον
1275 2871 1374 2904 αὐτῶν,
1390 2876 1603 2911 συμφερώτερον
1618 2878 1700 2908 πάνυ,
