1926 3071
178 161 232 193 179
732 156 934 187 EPIIB/EMII
954 156 1258 187 CURONOGRAPHI
1763 153 1811 185 180

176 217 214 244 ibt
230 214 372 251 permultis
385 213 503 249 perstitit
517 213 625 241 diebus.

176 261 252 289 illinc
269 261 418 296 prtemissis
433 259 536 287 nuntiis
550 258 720 294 Byzantium,

177 313 285 334 omnem
296 305 335 332 rei
350 310 432 340 gestae
446 304 569 332 ordinem
582 304 704 338 exponit,

177 356 207 379 et
219 351 307 380 dirum
325 358 418 378 casum
432 350 521 378 verbis
539 357 594 378 non
612 349 760 377 imminuit.

178 397 247 425 Tum
263 397 326 432 quia
345 396 488 423 Dorilzeum
501 403 556 423 non
571 396 703 429 diruerat,

178 443 257 478 cujus
270 443 375 472 eversio
391 447 448 470 rata
460 445 519 470 erat
532 442 644 475 foedere,

179 488 364 523 misitlegatos
376 486 501 515 sultanus
513 488 547 514 ad
561 487 708 519 Caesarem,

179 535 226 570 qui
243 535 276 562 de
289 534 382 569 jurata
397 534 576 561 admonerent
589 533 652 560 fide.

179 581 272 610 Cresar
284 581 386 608 coactis
401 587 455 608 non
466 580 593 608 standum
607 579 713 611 dicens,

180 672 284 705 legatos
299 678 330 698 re
347 670 446 698 infecta
463 669 496 697 ad
511 676 574 697 eum
589 668 704 696 remisit.

181 717 263 745 Persa
278 716 382 748 furens,
395 716 495 743 iterum
507 714 622 743 collecto
637 713 772 746 exercitu,

181 762 277 798 viginti
291 766 407 797 quatuor
419 766 587 789 armatorum
606 760 726 788 millibus

181 816 215 836 ex
228 808 363 835 validiore
378 807 542 835 delectorum
558 812 683 837 numero.

182 860 343 888 praeponens
357 852 424 886 ipsis
439 851 512 880 bello
526 850 646 886 gerendo
661 849 757 877 ducem

184 900 218 926 de
230 899 287 926 suis
305 897 440 926 nobilibus
455 897 572 932 satrapis
587 903 680 928 unum,

184 945 267 972 mittit
279 945 305 972 in
321 948 420 973 nostrai
431 944 544 972 ditionis
557 944 638 971 urbes

183 998 245 1023 qua;
258 991 291 1017 ad
308 990 472 1017 Maeandrum
482 989 583 1017 ﬂumen
600 994 663 1016 sunt
676 988 781 1023 positae.

183 1037 210 1064 ls
223 1038 276 1065 dux
293 1035 399 1065 Tralles
416 1036 511 1063 urbem
528 1035 580 1063 sibi
600 1034 732 1066 vindicat,

184 1087 271 1113 Luma
287 1089 314 1112 et
326 1082 501 1111 Antiochiam
515 1083 541 1109 in
558 1080 676 1116 Phrygia
694 1080 787 1111 sitam,

183 1133 249 1160 item
267 1131 428 1160 Pentachira
445 1137 506 1158 cum
521 1129 640 1157 castellis
654 1128 767 1162 aliquot,

185 1184 268 1214 atque
277 1178 431 1205 maritimos
443 1176 589 1212 populatur
606 1182 703 1210 pagos.

186 1226 240 1253 Sed
256 1225 348 1253 Caesar
362 1224 453 1251 missis
468 1222 526 1250 suis
537 1220 716 1250 exercitibus,

188 1271 285 1299 multis
295 1269 448 1304 legionibus
463 1275 524 1295 cum
534 1266 652 1302 egregiis
667 1264 798 1295 ducibus,

188 1319 283 1346 hostes
300 1315 446 1351 praevalida
461 1321 542 1342 manu
553 1312 666 1343 cecidit;

190 1370 305 1399 quorum
321 1370 355 1389 ex
373 1365 449 1388 tanto
463 1366 576 1386 numero
588 1356 745 1392 paucissimi

188 1409 266 1438 necis
276 1413 395 1436 cruentas
407 1407 490 1434 fatum
504 1405 624 1434 vitarunt
634 1412 644 1430 ι

188 1455 358 1489 multamque
371 1452 465 1480 attulit
478 1451 674 1479 recrealionem

188 1501 271 1529 rebus
287 1499 417 1527 Romanis
435 1498 540 1525 facinus
557 1503 690 1533 presens,

189 1547 317 1582 quoniam
334 1545 478 1572 Persarum
493 1543 573 1577 fregit
589 1542 741 1570 audaciam.

190 1591 244 1619 Sed
257 1595 286 1618 et
298 1588 482 1623 Claudiopolis
495 1588 546 1615 sub
560 1587 631 1614 idem
647 1591 754 1620 tempus

190 1638 226 1665 ab
237 1636 370 1672 Agareuis
380 1639 482 1662 tentata
497 1638 539 1661 est
550 1632 690 1660 Barbaris.

190 1683 304 1718 Cognita
319 1689 366 1715 re,
382 1681 488 1709 Manuel
500 1679 626 1714 expedite
641 1677 785 1704 admodum

192 1735 274 1764 atquo
285 1736 300 1756 e
311 1727 423 1761 vestigio
436 1724 526 1753 itineri
550 1731 580 1751 se
595 1722 741 1752 commisit.

192 1774 252 1802 sine
261 1772 345 1807 regali
360 1771 441 1804 lecto,
457 1771 517 1798 sine
531 1770 643 1801 culcita,

192 1828 227 1848 ne
242 1819 378 1855 proprium
396 1817 504 1852 quidem
517 1816 608 1844 ferens
625 1814 786 1844 tentorium,

192 1866 257 1894 dum
272 1866 432 1892 obsessores
445 1862 545 1896 satagit
556 1864 730 1896 praevertere.

192 1911 289 1945 Itaque
305 1913 400 1936 noctes
413 1907 510 1942 agebat
525 1907 674 1934 insomnes.

193 1961 223 1985 et
235 1956 285 1983 vias
295 1955 378 1982 duces
387 1952 535 1980 adhibebat
549 1951 690 1985 lampadas

194 2009 246 2037 per
259 2001 440 2035 Bithynorum
455 2005 566 2032 asperas
581 1996 708 2031 regiones

196 2048 275 2075 valde
291 2047 424 2075 festinans
438 2044 605 2073 destinatum
621 2043 683 2070 iter.

196 2092 291 2121 Sicubi
305 2091 412 2126 corpori
427 2090 506 2125 quies
519 2089 660 2117 tribuenda
678 2092 756 2119 erat.

197 2140 347 2167 Scamnum
362 2137 552 2173 praestabatad
569 2134 740 2163 residendum
756 2133 849 2165 tellus,

196 2185 431 2218 stramineumque
442 2183 611 2218 supponebat
622 2181 732 2208 lectum.

195 2233 270 2268 Ergo
283 2231 450 2266 quandoque
463 2233 560 2257 ruente
575 2228 675 2264 pluvia,

197 2278 284 2307 sicubi
297 2285 345 2305 rex
360 2277 518 2305 decreverat
530 2276 661 2308 dormire,

198 2325 321 2353 molesta:
335 2324 451 2359 desuper
465 2323 626 2358 pet-luebant
637 2325 720 2356 guttae

200 2376 229 2399 et
236 2371 331 2399 subter
342 2370 417 2397 rivus
430 2377 507 2404 aqua;
521 2369 694 2396 decurrebat.

201 2417 332 2444 Attamen
345 2415 438 2443 Caesar
451 2414 536 2449 magis
549 2414 592 2441 his
602 2412 747 2448 gaudebat,

202 2470 285 2498 quam
301 2463 324 2490 si
341 2461 425 2496 regali
440 2463 573 2488 stremate
587 2459 700 2493 supinus

201 2509 332 2542 curisque
345 2507 413 2534 liber
423 2506 527 2534 somnis
541 2505 703 2540 indulgeret.

202 2554 322 2580 Tandem
342 2558 505 2588 progressus
520 2557 603 2586 prope
617 2549 814 2584 Claudiopolim

205 2599 340 2626 Barbaros
353 2597 451 2624 Persas
461 2596 579 2630 coniecit
590 2597 616 2623 in
633 2595 736 2629 fugam,

205 2644 340 2678 simulque
356 2644 460 2670 civibus
472 2647 499 2669 et
519 2642 576 2678 agri
590 2642 686 2670 incolis

204 2690 331 2718 fiduciam
347 2689 438 2716 attulit
452 2694 479 2715 et
494 2688 584 2716 lumen
603 2687 712 2714 lmtitize.

206 2737 257 2765 llic
269 2737 414 2771 imperator
427 2735 527 2762 struxit
545 2735 573 2762 in
588 2733 738 2769 Catascepe

207 2785 241 2811 ad
257 2785 314 2818 ipsa
330 2782 408 2810 Ponti
419 2782 487 2809 ostia
503 2782 698 2809 monasterium

207 2830 267 2856 duci
282 2829 402 2856 fidelium
421 2828 544 2855 Michaeli
559 2827 722 2860 arcliangelo

210 2880 291 2910 atque
305 2874 408 2903 militia:
421 2873 551 2909 spiritalis
563 2873 677 2908 principi
696 2881 704 2900 :

983 215 1005 241 A
1128 212 1216 238 Κάκεῖ
1228 210 1385 243 διατέτριφε
1398 209 1498 244 συχνὰς
1515 209 1634 244 ἡμέρας’

1122 256 1183 289 Ἀφ’
1195 252 1226 282 ού
1243 254 1397 289 πεπομφὼς
1412 254 1545 288 ἀγγέλους
1559 248 1718 286 Βυζαντίοις

1125 302 1165 328 Τὰ
1178 301 1370 336 συμὸεὸηκότα
1383 309 1414 335 γε
1430 301 1520 328 πάντα
1534 299 1642 335 μηνύει,

1037 348 1070 374 40
1079 347 1108 374 i0
1127 347 1182 374 Καί
1195 346 1222 381 γ’
1235 346 1404 382 ὲκτραγῳδεῖ
1417 346 1563 381 συμφορᾶς
1576 345 1660 379 δγκον
1671 344 1754 378 λόγῳ.

1131 393 1208 419 Ἐπεὶ
1219 393 1249 419 δὲ
1268 392 1416 427 Δορύλαιον
1429 392 1459 418 οὐ
1475 391 1650 425 κατεσκάφη,

1124 439 1326 473 Καταστροφῆς
1345 446 1378 472 γε
1389 437 1519 472 κειμένης
1533 437 1561 463 ἐν
1576 436 1692 472 δρκίοις,

1129 483 1319 518 Πρεσὸεύεται
1333 483 1365 518 δὴ
1376 483 1444 518 πρὸς
1459 481 1615 517 κρατοῦντα
1638 480 1791 512 σουλτάνος,

1126 530 1182 558 Kal
1194 529 1247 556 τῶν
1264 529 1332 564 πρὸς
1345 529 1427 555 αὐτὸν
1441 528 1596 562 ἀνέμνησεν
1612 526 1723 561 όρκίων.

1039 577 1108 604 4635
1132 576 1162 602 '0
1180 575 1202 601 δ’
1217 575 1248 602 οὺ
1266 573 1426 609 προσίσχειν
1445 574 1502 605 τοῖς
1515 572 1576 599 κατ’
1597 571 1721 607 ἀνάγκην
1739 571 1796 606 φρά

1735 616 1810 652 [σας.

1128 668 1263 704 Πρέσὸεις
1278 668 1437 703 ἀπράκτους
1453 665 1645 698 ἐξαποστέλλει
1662 663 1756 690 πάλιν.
1814 655 1828 707 ξ

1128 713 1231 745 Μανεὶς
1245 713 1268 739 δ’
1282 713 1296 739 ὁ
1309 713 1418 747 Πέρσης
1435 709 1566 746 στρατιὰν
1591 709 1743 744 ἀποκρίνας

1131 759 1202 794 Πρὸς
1216 759 1303 785 εἴκοσι
1316 758 1450 792 τέτταρας
1468 755 1675 792 άριθμουμένην

1135 805 1179 837 'E;
1189 804 1311 840 χιλιάδας
1329 803 1446 837 εύσθενῆ
1465 803 1624 837 ρωμαλέαν,

1043 852 1113 879 4650
1131 851 1186 878 Καὶ
1200 849 1401 884 ταγματάρχην
1416 848 1474 884 τῇδ’
1486 847 1638 882 ἐπιστήσας
1651 846 1698 872 ἕνα

987 890 1006 917 Β
1130 896 1191 923 Τῶν
1205 896 1250 930 ὑφ’
1262 895 1359 922 ἑαυτὸν
1379 893 1527 929 ἐκπρεπῶν
1545 892 1730 927 μεγιστάνων,

1129 942 1196 968 Κατ’
1214 941 1318 968 ἀστέων
1332 941 1461 975 πέπομφε
1471 940 1520 973 τῆς
1538 937 1690 972 Ῥωμαῐδος

1128 987 1190 1016 Τῶν
1202 985 1271 1021 πρὸς
1284 985 1432 1019 Μαιάνδρῳ
1443 984 1482 1018 τῷ
1500 983 1615 1018 ποταμῷ
1629 981 1777 1015 κειμένοιν.

1132 1033 1179 1063 '0;
1200 1032 1246 1058 καὶ
1266 1031 1461 1066 παρεστήσατο
1474 1029 1608 1064 Τράλλεις
1624 1027 1673 1062 τὴν
1690 1026 1782 1057 πόλιν,

1041 1079 1110 1106 4055
1131 1073 1226 1112 Δοῦμά
1241 1076 1264 1103 τ’
1283 1076 1449 1111 ’Λντιόχειαν
1460 1075 1510 1109 τὴν
1528 1074 1595 1109 πρὸς
1610 1071 1726 1107 Φρυγίᾳ,

1130 1123 1186 1150 Καὶ
1202 1122 1371 1156 Πεντὰχειρα
1388 1120 1437 1147 σὺν
1454 1119 1590 1154 ἐρύμασιν
1604 1119 1689 1149 ὅσοις,

1131 1169 1235 1203 Κὼμας
1248 1166 1399 1198 σκυλεύσας
1418 1166 1464 1193 καὶ
1480 1164 1726 1200 παραθαλαττίους.

1135 1214 1217 1241 Ἀλλὰ
1244 1213 1371 1249 βασιλεὺς
1389 1211 1582 1246 ἐκπεπομφὼς
1597 1210 1726 1244 δυνάμεις

1133 1260 1208 1292 Ἰλας
1222 1268 1251 1286 τε
1270 1259 1371 1294 συχνὰς
1385 1259 1433 1285 καὶ
1446 1258 1544 1289 καλοὺς
1562 1254 1764 1291 στρατηγέτας,

1044 1308 1114 1336 46150
1141 1306 1275 1341 Ἦμύνατ·
1294 1305 1410 1340 ἐχθροὺς
1425 1302 1527 1330 ἀνελὼν
1543 1302 1615 1329 κατὰ
1629 1300 1741 1336 κράτος-

1141 1351 1185 1383 Ὧς
1200 1352 1233 1378 ὲκ
1248 1350 1382 1377 τοσούτων
1409 1349 1518 1385 ἰσχύσαι
1540 1347 1729 1384 βραχυτάτους

1136 1395 1189 1423 Τὸν
1204 1396 1237 1422 ἐκ
1254 1395 1350 1430 ξίφους
1364 1394 1480 1421 Θάνατον
1496 1392 1709 1428 ἐκπεφευγέναι·
1719 1391 1726 1401 ’

1136 1442 1242 1478 Πολλὴν
1258 1441 1288 1468 δὲ
1301 1441 1379 1468 τουτὶ
1393 1440 1443 1475 τὴν
1455 1439 1613 1475 ἀνάρῤωσιν
1628 1439 1707 1474 φέρει

1137 1488 1202 1518 Τοῖς
1213 1487 1340 1514 Αὐσόνων
1355 1487 1503 1522 πράγμασι
1515 1484 1630 1521 τοῦργον
1641 1484 1680 1519 τῷ
1692 1485 1766 1516 τότε,

990 1551 1012 1582 C
1048 1533 1118 1561 ωδε
1135 1533 1265 1568 Φρόνημα
1280 1533 1395 1568 Περσῶν
1406 1532 1560 1560 κατασαλὺν
1574 1532 1620 1558 καὶ
1635 1531 1749 1565 θράσος.

1135 1579 1237 1606 Τούτου
1252 1579 1417 1616 κρατοῦντος
1431 1578 1477 1605 καὶ
1487 1577 1566 1609 πόλις
1580 1578 1597 1612 ὴ
1612 1575 1748 1603 Κλαυδίου

1137 1626 1262 1661 Ἔπασχε
1278 1626 1372 1656 κακῶς
1387 1624 1543 1660 Βαρδάροις
1557 1625 1614 1655 τοῖς
1629 1622 1660 1655 ἐξ
1680 1623 1784 1656 Ἀγαρ’

1137 1674 1170 1700 Ὃ
1183 1673 1264 1707 γνοὺς
1274 1671 1414 1707 Μανουὴλ,
1432 1670 1571 1702 εὐσταλῶς
1582 1669 1645 1705 μάλ’
1665 1669 1767 1697 αὐτίκα

1141 1720 1184 1750 Ὠς
1199 1717 1272 1754 εἶχεν
1285 1717 1446 1753 ἐξώρμησεν
1458 1717 1523 1743 εὐθὺ
1538 1716 1681 1752 φρουρίου,

1051 1766 1121 1794 4670
1146 1764 1343 1800 ’Δνακτορικὴν
1358 1763 1388 1790 οὐ
1408 1763 1514 1798 κλίνην,
1529 1763 1559 1789 οὺ
1579 1762 1719 1794 στοιὸἁδα,

1143 1811 1215 1839 Ἀλλ’
1230 1811 1293 1837 οὐδὲ
1309 1809 1447 1845 βασίλειον
1462 1809 1579 1836 αὐλαίαν
1594 1809 1686 1844 φέρων

1145 1859 1189 1885 Ἐν
1204 1857 1243 1892 τῷ
1263 1855 1422 1892 προφθάσαι
1442 1855 1670 1891 τειχομαχοῦντος
1688 1854 1787 1880 Θέλειν.

1142 1902 1250 1930 οὐκοῦν
1267 1903 1349 1928 ἰαύων
1369 1901 1493 1932 ἀΰπνους
1511 1900 1618 1931 καὶτὰς
1632 1899 1734 1930 νύκτας

1145 1950 1260 1984 Ἐχρῆτο
1287 1947 1358 1982 φωτὶ
1374 1947 1443 1982 πρὸς
1458 1946 1571 1980 πορείαν
1583 1944 1734 1981 λαμπάδων

1053 1997 1120 2024 46ῖῆ
1139 1997 1187 2022 Διὰ
1200 1994 1320 2021 Βιθυνῶν
1334 1992 1523 2027 δυσστιεήτων
1539 1991 1647 2026 χωρίων

1140 2041 1269 2076 Σφοδρῶς
1280 2039 1400 2066 ἐλαύνων
1414 2039 1460 2065 τὸν
1475 2038 1658 2073 προκείμενον
1667 2036 1779 2071 δρόμον.

1142 2089 1229 2114 Ὅπου
1245 2087 1269 2113 δ’
1285 2086 1370 2122 ἐχρῆν
1387 2094 1420 2120 γε
1435 2084 1622 2112 διαναπαῦσαι
1638 2084 1735 2118 δέμας,

1141 2133 1196 2159 'Hv
1210 2133 1331 2167 καθέδρα
1346 2131 1478 2166 τοῠδαφος
1493 2130 1568 2165 αὐτῷ
1585 2130 1634 2157 καὶ
1650 2128 1752 2160 κλίσις,

1147 2179 1231 2205 Πάλιν
1243 2177 1360 2212 φορυτὸς
1375 2176 1547 2210 ύπεῦἐῦλητο
1557 2175 1647 2209 κλίνη.

1003 2225 1023 2252 D
1057 2224 1126 2252 4080
1147 2223 1376 2259 Καταρραγέντος
1389 2221 1469 2249 ὑετοῦ
1485 2221 1544 2248 ποτ’
1556 2220 1603 2247 οὖν
1615 2219 1719 2254 λάϐρου

1151 2270 1196 2296 Ἐν
1212 2265 1288 2304 ᾧπερ
1302 2267 1402 2295 ύπνοῦν
1418 2266 1587 2301 ηὐτρέπιστο
1600 2264 1703 2299 χωρίῳ,

1147 2315 1213 2346 Ταῖς
1232 2314 1360 2348 σταγόσιν
1377 2313 1480 2340 ἄνωθεν
1496 2311 1611 2346 ὠχλεῐτο
1624 2309 1738 2343 σφόδρα,

1148 2362 1203 2388 Καὶ
1219 2359 1342 2387 κατιόντι
1356 2358 1474 2393 ῥεύματι
1490 2357 1566 2383 κάτω
1577 2354 1685 2386 κλίνης·

1153 2407 1182 2434 '0
1194 2406 1217 2433 δ’
1233 2398 1377 2441 ύπερήσθη
1391 2402 1576 2438 συμϐεϐηκότι
1592 2399 1674 2427 πλέον

1061 2454 1132 2480 4085
1149 2453 1185 2479 Ἢ
1204 2451 1351 2487 βασιλικῶν
1367 2449 1536 2484 στρωμάτων
1552 2448 1577 2474 οἱ
1597 2445 1731 2480 κειμένων

1148 2498 1319 2528 Ἀνακλιθεὶς
1335 2497 1474 2523 ὓπνωττεν
1486 2494 1539 2527 ἔξω
1556 2492 1715 2529 φροντίδων.

1149 2546 1245 2579 Ὅμως
1261 2542 1388 2577 ὲφθακὼς
1402 2540 1516 2576 πλησίον
1527 2540 1577 2574 τῆς
1592 2539 1727 2566 Κλαυδίου

1148 2591 1272 2624 Φυγάδας
1286 2588 1432 2624 εἰργάσατο
1450 2587 1557 2621 Πέρσας
1582 2585 1750 2620 Βαρϐάρους,

1151 2635 1352 2665 Ἄστυπολίταις
1363 2634 1410 2660 καὶ
1425 2632 1584 2668 προσοίκοις
1598 2632 1621 2658 δ’
1635 2630 1669 2657 αὖ
1679 2631 1761 2657 πάλιν

1064 2683 1133 2710 4600
1154 2682 1260 2716 Θάρσος
1278 2679 1400 2715 παρέσχε
1415 2678 1463 2705 καὶ
1479 2679 1547 2713 φάος
1562 2677 1708 2712 Θυμηδίας.

1153 2725 1236 2758 Οὗτος
1250 2726 1332 2761 μονὴν
1344 2726 1456 2761 ἧγειρεν
1473 2725 1503 2751 ὲν
1520 2723 1690 2757 Κατασκὲπῃ

1154 2773 1221 2801 Κατ’
1239 2772 1305 2799 αύτδ
1317 2772 1415 2798 πόντου
1430 2770 1562 2804 κειμένην
1574 2777 1626 2795 που
1642 2768 1671 2794 τὸ
1690 2767 1779 2803 στόμα

1153 2819 1199 2854 Τῷ
1215 2818 1269 2845 τῶν
1283 2818 1374 2845 άῢλων
1388 2815 1523 2852 στρατιῶν
1540 2814 1684 2850 ἀρχηγέτῃ

1154 2867 1261 2893 Πιττῶν
1273 2865 1294 2892 δ’
1309 2863 1398 2900 ὁδηγῷ
1419 2861 1525 2897 Μιχαὴλ
1543 2861 1744 2896 πρωταγγέλῳ,
