1926 3071
128 131 176 162 183

143 187 213 214 4800
231 187 323 220 Ψιλῆς
335 188 457 219 ἐπινοίας
467 197 499 221 γε
511 188 558 214 καὶ
574 188 727 223 στυγητέας

232 232 303 258 Θεὸν
319 232 433 267 καλοίην
449 232 555 267 ἀτρεκῆ
573 231 690 266 κτίστην
704 231 781 258 ὅλων.

240 277 271 303 '0
286 277 309 303 δ’
327 277 364 308 ὠς
379 277 523 309 πεπονθὼς
536 278 655 312 ἐσχάτην
673 276 817 311 παροινίαν

240 322 384 349 Ὀνείδεσιν
403 323 499 350 ἑπλυνε
517 323 579 355 τοὺς
590 323 740 357 ἀρχιούτας

235 367 350 402 Κόσμου
367 368 402 394 τὰ
416 368 497 404 μωρὰ
509 369 605 395 τούσδε
623 368 712 395 καλῶν
727 367 843 401 ἀλόγως·

150 411 224 440 5805
241 411 317 439 Κάπὶ
330 413 452 448 μεγάλης
464 413 626 441 δικάσασθαι
644 413 754 440 συνόδου

233 458 305 493 Πρὸς
319 458 408 484 τούσδ’
421 458 543 484 ἀπειλῶν
560 459 693 493 ὲμμανῶς
716 458 864 494 ἐκεκράγει

233 504 316 531 nam
328 504 465 539 παρόντος
483 504 539 531 τῶν
559 504 752 538 προκειμένων
772 504 862 538 χάριν.

236 550 330 585 Ὅμως
345 550 432 584 θυμοῦ
447 550 589 585 λήξαντος,
602 551 616 577 ό
629 550 720 584 πραῢς
737 550 804 582 ἄναξ

234 595 342 630 Σπουδῇ
363 595 496 630 προέδρου
522 595 604 630 τῆσδε
628 596 677 630 τῆς
697 595 916 627 Κωνσταντίνου,

145 641 219 670 ιδιο
238 641 284 676 Τῷ
300 641 450 673 Θετταλίας
467 641 602 677 ἁρχιθὺτῃ
619 641 740 676 συνέσῃ

239 688 348 717 Ἐνδοὺς
363 687 398 715 τά
409 688 434 714 οἱ
452 688 567 720 δόξαντα
585 688 668 722 φάναι
690 687 863 722 προφρόιων

234 733 318 764 Τέλος
334 733 356 759 δ’
373 733 496 760 ἐπειπὼν
510 734 557 760 καὶ
574 733 701 768 βασιλεὺς
712 732 801 759 τοιάδε

240 779 285 810 Ὧς
301 780 343 806 δεῖ
358 781 440 814 σοφόν
451 788 480 806 τε
493 780 604 806 συνετὸν
623 780 766 814 πεφυκότα

234 824 327 858 Μηδὲν
340 825 513 860 παρακαίρια
530 825 620 851 λαλεῖν
634 826 757 859 θρασέως

148 869 222 897 4815
241 853 318 905 Miles
340 853 504 905 πρζσάλλέιν
520 872 621 906 ῥήματ’
643 853 898 907 οὶισχρὰ’καοάπαξ,
934 853 956 881 Β

236 916 290 943 Τοῦ
307 917 406 951 μηνιᾷν
418 916 523 943 ἔπαυσε
539 917 608 952 πρὸς
621 917 668 944 τὴν
683 917 812 953 ποιμέναθ

237 962 316 989 Οὕτω
341 962 391 997 μὲν
402 963 536 997 ἐξήνυστο
549 963 605 990 τάδ’
617 964 656 996 ὼς
668 964 701 990 ἂν
716 964 794 999 ἔφην’

235 1009 276 1036 Τὰ
292 1009 414 1044 δῧγματα
425 1009 448 1036 δ’
461 1009 563 1044 ὥριστο
576 1010 639 1045 τῇδε
656 1010 756 1045 συνόδῳ

239 1054 283 1085 Ὧς
298 1054 352 1080 τῶν
365 1054 476 1089 βιϐλίων
492 1055 629 1090 ἀπαλειφῇ
640 1056 794 1089 παντάπαν,

145 1099 214 1129 3820
236 1109 245 1125 ι
274 1099 402 1135 ’Ᾱνάοεμ’
413 1101 456 1135 εἴη
469 1100 509 1135 τῷ
522 1100 581 1135 Θεῷ
595 1101 643 1128 τοῦ
655 1100 776 1136 Μωάμεθ
791 1110 798 1118 ·
820 1111 829 1128 ι

243 1146 433 1181 Ἀντεγγραφῇ
445 1146 478 1178 δ’,
494 1155 503 1172 ι
520 1146 658 1182 Ἀνάοεμα
672 1147 711 1182 τῷ
727 1147 847 1181 Μωάμεο

238 1190 291 1217 Καὶ
308 1193 342 1226 τῇ
361 1192 455 1228 διδαχῇ
468 1191 546 1219 τοῦδε
563 1193 612 1219 καὶ
627 1192 702 1230 πάσῃ
718 1193 818 1229 πλάνῃ.
838 1202 846 1218 ι

240 1238 296 1264 Καὶ
309 1237 389 1264 τοῦτο
405 1238 584 1274 κυρώσαντες
603 1239 627 1265 oi
642 1238 692 1274 τῆς
705 1239 820 1265 συνόδου

240 1283 301 1310 Τῶν
315 1284 433 1311 συνόδων
453 1284 567 1319 λήγουσι
583 1285 631 1311 καὶ
650 1284 705 1311 τῶν
719 1284 865 1318 συλλόγων.

152 1331 224 1358 ιδεὸ
245 1329 407 1365 Περιπεσὼν
419 1330 447 1356 δὲ.
466 1329 596 1364 βασιλεὺς
610 1329 683 1365 δεινῇ
700 1330 770 1364 νΰσῳ

239 1375 292 1403 Καὶ
305 1377 386 1410 γνοὺς
401 1376 499 1403 ἑαυτὸν
524 1375 710 1410 πλησιάζοντα
722 1375 809 1410 μόρῳ,

241 1422 372 1458 Σκῆπτρα
384 1422 509 1457 παριδὼν
523 1421 570 1448 καὶ
581 1421 614 1448 τὰ
628 1421 745 1457 λαμπρὰ
760 1420 807 1448 τοῦ
821 1421 891 1456 βίου,

245 1468 346 1495 Ἐλθών
361 1477 392 1495 τε
410 1467 506 1495 κακῶν
519 1469 560 1500 εἰς
576 1467 755 1502 συναίσθησιν
767 1467 848 1499 ὅλων,

239 1515 276 1543 τὸ
294 1515 349 1542 τῶν
367 1516 492 1551 μοναχῶν
505 1515 687 1550 ἀμφιέννυται
708 1514 803 1549 ῥάκος·

146 1561 216 1590 4350
236 1558 294 1589 Εἶτ’
307 1561 453 1588 ἀπολείπει
468 1561 513 1588 τὸν
529 1560 587 1596 βίον
603 1560 690 1587 καὶτὸ
705 1559 820 1595 κράτος,

244 1607 332 1634 Ὀκτὼ
343 1607 484 1643 κατάρξας
509 1608 556 1634 καὶ
571 1607 720 1643 τριάκοντα
740 1605 865 1641 χρόνους,

239 1654 342 1689 Tangat;
357 1654 474 1689 πατρῴᾳ
490 1653 558 1689 πρὸς
575 1654 643 1688 μονῇ
661 1652 796 1687 σεϐασμίᾳ

238 1700 339 1735 Κλῆσιν
364 1700 486 1735 φερούσῃ
501 1699 724 1734 παντοκράτορος
745 1698 845 1733 Λόγου,

237 1743 350 1781 Ἥσπερ
365 1745 494 1780 δομήτωρ
513 1745 640 1780 βασιλεὺς
653 1744 793 1780 Ἰωάννης,

150 1793 222 1822 4855
239 1793 353 1819 Γυναικὶ.
365 1791 454 1819 λιπὼν
469 1793 516 1819 σὺν
528 1791 612 1826 ἀώρῳ
624 1792 726 1826 τεκνίῳ

237 1839 419 1875 Κραταρχίαν
438 1847 468 1865 τε
483 1838 531 1865 καὶ
550 1838 685 1873 διοίκησιν
699 1838 779 1864 ὅλων.

136 1907 350 1935 ΑΝΔΡΟΝΙΚΟΣ
370 1909 391 1934 0
411 1906 601 1937 ΚΟΜΝΗΝΟΣ
631 1906 697 1934 ΣΥΝ
725 1905 849 1941 ΑΔΕΞΙῼ
879 1905 923 1940 Tt)

168 1955 225 1990 ἸΊῼ
249 1953 420 1982 ΜΑΝΟΥΗΛ
438 1953 492 1980 ΕΤ.
503 1952 543 1986 A’,
562 1952 620 1980 ΚΑΙ
636 1951 753 1980 ΜΟΝΟΣ
771 1951 825 1979 ET.
848 1950 885 1977 B'.

243 2022 458 2057 Ἐπισεὸηκότος
475 2021 503 2048 δὲ
515 2023 565 2057 τῆς
583 2021 734 2056 αὑταρχίας

237 2068 337 2100 Παιδὸς
352 2068 485 2103 Μανουὴλ
502 2067 551 2094 σὺν
566 2067 686 2103 τεκούσῃ
699 2068 815 2104 φιλτάτῃ

242 2115 367 2142 Ἡλικίαν
385 2115 498 2148 ἄγοντος
516 2114 626 2148 ἁπαλὴν
637 2113 689 2147 ἔτι,

151 2162 219 2190 ιειο
244 2162 397 2198 ’Δκοσμίας
420 2161 561 2197 πέπληστο
581 2161 728 2196 Ῥωμαίων
742 2163 849 2197 πράγη,

237 2209 290 2238 Καὶ
306 2208 477 2244 πλημμελῶς
494 2208 598 2243 ἔπασχε
616 2209 663 2235 καὶ
678 2208 771 2243 σφόδρ’
784 2208 920 2241 ἀτάκτως,

236 2255 290 2283 Καὶ
306 2256 396 2291 χεῖρον
408 2255 480 2291 ἥπερ
493 2255 604 2282 Φαέθων
616 2256 681 2286 παῖς
703 2255 794 2282 Ἦλῖου

238 2300 298 2328 ”οτ’
311 2299 345 2335 ἦν
365 2299 464 2330 ἐπιϐὰς
482 2299 701 2334 χρυσοκολλήτου
716 2299 822 2334 δίφρου,

245 2344 288 2376 Ὧς
304 2345 390 2380 μῦθος
401 2344 488 2380 αἱρεῖ,
504 2343 552 2370 καὶ
570 2343 600 2370 τὸ
614 2345 669 2370 πᾶν
684 2343 853 2379 ἐφθαρκότος

148 2388 220 2417 ιειδ
243 2389 406 2423 ’Λπαλότητι
419 2388 466 2414 καὶ
478 2387 561 2414 πλέον
572 2389 598 2422 γ’
606 2387 730 2423 ἀπειρίᾳ,

239 2434 321 2467 ὒῖιτος
337 2437 391 2470 γὰρ
403 2434 522 2468 ’Δλέξιος
532 2434 635 2466 ἁπαλὸς
647 2435 758 2469 κράτωρ

241 2481 419 2515 κυνηγεσίοις
435 2480 629 2516 προστετηκὼς
643 2481 775 2512 ἐκτόπως,

244 2527 431 2562 Ἰππηλασίαις
442 2527 490 2555 καὶ
503 2526 595 2562 μίμοις
609 2527 655 2554 καὶ
669 2528 806 2561 παιγνίοις

239 2573 343 2599 Κοινῶν
355 2572 436 2607 ὀλίγα
448 2571 596 2607 φροντίδων
612 2581 643 2606 γε
659 2572 796 2606 προὺνόει.

146 2618 219 2646 4850
235 2619 335 2654 Μήτηρ
349 2618 378 2645 δὲ
395 2619 476 2646 πάλιν
488 2618 534 2644 καὶ
550 2617 656 2652 βασιλὶς
672 2618 765 2652 Μαρία

237 2665 367 2699 Opim-rion
383 2665 483 2692 κοινῶν
499 2664 631 2691 ἀναθεῖσα
645 2665 817 2700 πραγμάτων

238 2711 464 2746 Πρωτοσεϐαστῷ
479 2710 720 2746 πρωτοὸεστιαρίῳ

240 2758 387 2793 Ἀφροντις
400 2758 513 2792 ἐξήνυεν
525 2756 594 2791 αὐτὴ
607 2757 652 2783 τὺν
665 2756 733 2792 βίον.

237 2804 333 2831 Τοίνυν
343 2804 530 2837 ἀπεπνίγοντο
545 2804 600 2834 τοῖς
616 2803 786 2837 τελουμένοις

146 2850 218 2881 4855
236 2850 268 2878 υἱ
289 2850 336 2884 τῆς
350 2848 495 2885 γερουσίας
507 2857 536 2875 τε
553 2848 598 2875 καὶ
610 2848 661 2876 τῶν
679 2849 707 2875 ιν
727 2848 807 2882 τέλει,

847 131 1034 161 C/ESARES.

929 189 950 216 Α
967 187 1013 213 vili
1031 185 1130 213 mentis
1140 189 1218 220 partu
1237 189 1264 212 et
1276 185 1445 218 detestando,

1700 123 1748 157 186

967 234 1050 261 Deum
1060 233 1176 261 dicerem
1189 232 1307 260 omnium
1320 237 1480 260 creatorem.

966 280 1000 306 At
1017 279 1106 306 Ca-sar
1115 283 1198 306 oestro
1215 277 1335 312 percitus
1352 277 1449 305 insano

966 324 1105 360 probrosis
1118 323 1207 350 verbis
1221 323 1312 350 obruit
1328 323 1481 358 episcopos.

968 374 1059 400 mundi
1073 373 1233 407 quisquilias
1248 371 1346 400 stolide
1362 371 1518 406 appellans;

966 427 1050 454 seque
1067 419 1235 447 meumenica
1251 417 1404 444 minabatur
1418 415 1521 451 synodo

967 465 1191 499 diseeptaturum.
1206 463 1310 489 furiose
1326 461 1488 493 inclamans.

967 518 1044 545 papre
1062 509 1221 544 interposito
1234 508 1267 535 de
1280 508 1321 535 his
1333 507 1447 542 judicio.

967 556 1029 584 Mox
1045 556 1084 583 ira
1096 556 1207 587 omissa,
1221 559 1379 581 mansuetus
1392 553 1492 584 (ἔωσεν,

968 602 1091 636 praesulis
1101 609 1183 636 opera
1197 600 1353 637 Byzantium
1370 600 1446 627 urbis

969 655 1029 674 cum
1047 646 1180 675 Thessalo
1191 651 1299 681 pastore
1313 653 1406 681 pacem
1422 645 1497 678 fecit,

970 692 1008 720 illi
1019 692 1170 719 concedens
1185 691 1298 719 liberam
1308 691 1488 726 sententiam.

969 736 1110 765 Postremo
1126 736 1153 764 id
1170 743 1280 771 quoque
1289 736 1356 763 dixit
1370 736 1529 770 imperator,

971 785 1041 820 frugi
1055 789 1082 813 et
1099 784 1257 819 prudentem
1269 784 1357 811 virum
1373 791 1426 811 non
1443 783 1540 810 decere

969 837 1063 864 aspere
1077 829 1221 864 quidquam
1235 828 1462 863 inhonestumque
1475 827 1559 862 loqui,

971 883 1021 903 nec
1035 876 1123 910 turpia
1139 875 1221 903 verba
1237 882 1349 910 prorsus
1363 875 1473 902 eﬁ‘utire
1490 883 1498 902 ι

971 925 1053 956 atque
1065 921 1093 948 in
1109 925 1245 955 pastorem
1262 920 1356 948 furere
1370 921 1477 948 desivit.

971 966 1021 994 llic
1037 967 1087 994 fuit
1102 966 1168 993 dicti
1184 966 1274 994 exitus
1290 966 1401 1000 negotii.

972 1012 1072 1039 Tamen
1094 1012 1119 1038 in
1132 1013 1235 1048 synodo
1253 1011 1392 1039 deﬁnitum
1406 1011 1457 1038 fuit

971 1063 1000 1084 ut
1015 1065 1030 1084 e
1041 1057 1139 1085 libellis
1156 1064 1266 1092 prorsus
1280 1057 1438 1084 delerentur

971 1104 1065 1137 verba,
1082 1112 1092 1130 ι
1113 1103 1155 1130 Sit
1170 1103 1313 1130 anathema
1329 1102 1507 1129 Mohamethis
1521 1102 1585 1134 Deo,

971 1150 1018 1177 sed
1035 1149 1210 1182 scriberetur,
1230 1157 1240 1175 ι
1263 1148 1428 1176 Mohamethi
1443 1147 1586 1175 anathema

971 1196 1084 1230 ejusque
1100 1194 1255 1230 magisterio
1267 1199 1294 1222 et
1308 1194 1381 1221 omni
1395 1194 1493 1222 errori.
1513 1203 1522 1220 ι

971 1242 1059 1276 Atque
1077 1241 1127 1268 hoc
1140 1241 1290 1275 perscripto
1306 1241 1414 1267 decreto
1433 1239 1527 1267 Patres

973 1287 1094 1314 iecerunt
1110 1293 1229 1314 coetuum
1242 1286 1393 1322 synodique
1406 1286 1498 1313 linem.

973 1333 1068 1361 Postea
1087 1333 1178 1361 Caesar
1192 1333 1267 1368 gravi
1285 1333 1380 1360 morbo
1392 1331 1540 1367 implicitus

972 1386 1056 1414 seque
1068 1379 1122 1414 jam
1139 1379 1220 1406 morti
1236 1378 1388 1413 proximum
1397 1385 1574 1412 cognoscens,

973 1429 1110 1459 sceptrum
1122 1429 1301 1452 contemnens
1317 1424 1545 1460 splendoremque
1556 1423 1648 1451 mundi

972 1471 1169 1506 praeteritaeque
1183 1469 1309 1505 vittejam
1327 1469 1473 1504 paenitens,

934 1515 957 1547 C
973 1524 1118 1552 pauperem
1131 1516 1219 1543 induit
1235 1515 1360 1543 monachi
1376 1516 1542 1548 tuniculam;

972 1568 1089 1595 moxque
1103 1568 1165 1589 cum
1186 1566 1295 1596 sceptro
1309 1561 1391 1588 vitam
1408 1562 1526 1588 deseruit

973 1611 1034 1642 post
1045 1614 1132 1634 annos
1144 1607 1218 1641 regni
1236 1611 1296 1634 octo
1309 1612 1335 1634 et
1345 1607 1467 1642 triginta,

972 1653 1092 1688 sepultus
1105 1661 1184 1681 sacro
1201 1653 1286 1687 patris
1303 1654 1479 1687 monasterio,

971 1699 1159 1734 omnipotente
1173 1699 1216 1726 eui
1234 1706 1330 1726 nomen
1344 1707 1358 1725 a
1372 1697 1473 1731 Verbo,

972 1745 1078 1773 Caesare
1092 1749 1204 1772 auctore
1221 1744 1327 1771 aedilicii
1344 1743 1456 1771 Joanne.

972 1791 1094 1826 Reliquit
1106 1795 1196 1818 autem
1208 1789 1313 1817 Manuel
1330 1789 1474 1825 imperium

973 1838 1051 1865 uxori
1069 1842 1095 1865 et
1109 1837 1158 1865 ιενὶ
1175 1836 1259 1864 teneri
1275 1835 1368 1863 ﬁliolo.

1026 1906 1248 1934 ANDRONICUS
1275 1905 1461 1935 COMNENUS
1487 1905 1557 1935 CUM
1578 1905 1705 1935 ALEA‘O

973 1952 1150 1982 MANUELIS
1183 1951 1273 1980 FlLIO
1295 1952 1353 1981 AN.
1378 1952 1400 1986 l,
1436 1952 1480 1980 ET
1507 1951 1617 1981 SOLUS
1647 1952 1702 1980 AN.
1725 1951 1756 1979 υ.

973 2021 1040 2048 Cum
1054 2020 1184 2048 Manuelis
1197 2021 1268 2049 ﬁlius
1281 2021 1314 2049 ad
1331 2021 1474 2056 imperium

973 2073 1034 2094 cum
1050 2074 1100 2094 sua
1117 2067 1215 2095 dilecta
1231 2073 1319 2095 matre
1334 2067 1505 2101 pervertisse:

973 2117 1095 2140 teneram
1109 2114 1199 2141 adhuc
1211 2114 1322 2148 exigens
1335 2118 1454 2145 aetatem,

974 2158 1095 2186 Romana
1108 2166 1152 2186 res
1165 2166 1213 2186 sus
1229 2159 1316 2193 deque
1329 2159 1489 2193 perturbata

975 2204 1090 2239 pessime
1105 2205 1221 2232 habebat
1237 2204 1372 2238 valdeque
1387 2204 1576 2239 incomposite,

973 2250 1059 2285 magis
1075 2257 1155 2284 quam
1169 2257 1230 2277 cum
1248 2249 1386 2277 Phaethon
1405 2249 1470 2277 solis
1483 2249 1553 2276 ﬁlius

973 2303 1085 2324 aureum
1098 2302 1206 2330 regens,
1222 2295 1303 2323 veluti
1317 2299 1359 2322 est
1374 2294 1400 2321 in
1416 2294 1526 2327 fabulis,

973 2349 1082 2370 currum
1097 2342 1233 2369 mundana
1248 2345 1344 2369 cuncta
1360 2341 1502 2374 exurebat,

973 2388 1008 2416 ob
1024 2387 1154 2422 puerilem
1169 2394 1247 2416 suam
1264 2387 1439 2423 imperitiam.

972 2435 1082 2462 Alexius
1093 2435 1138 2462 hic
1147 2439 1223 2462 tener
1238 2435 1385 2469 imperator

973 2482 1090 2509 assiduis
1102 2490 1202 2510 vacans
1215 2482 1319 2517 perdite
1335 2482 1486 2514 venatibus,

973 2529 1146 2563 equitationi,
1161 2529 1262 2561 mimis,
1276 2533 1302 2555 et
1317 2528 1376 2555 aliis
1391 2528 1515 2560 ludicris,

973 2579 1081 2602 tenuem
1097 2574 1254 2608 reipublicae
1265 2581 1356 2601 curam
1367 2574 1486 2609 gerebat.

973 2619 1055 2647 Maria
1071 2621 1134 2647 item
1149 2619 1267 2654 genitrix
1283 2621 1375 2654 regina

972 2666 1142 2701 negotiorum
1158 2666 1303 2693 commisso
1318 2665 1447 2700 regimine

972 2712 1159 2746 protosebasto
1174 2711 1393 2746 protovestiario.

971 2763 1108 2792 expertem
1124 2758 1199 2785 curis
1214 2758 1297 2784 vitam
1311 2758 1441 2792 agitabat.

971 2804 1182 2832 SulTocabautur
1197 2804 1304 2831 interim
1322 2803 1431 2832 tributis

971 2850 1059 2880 cuncti
1075 2851 1218 2886 optimates
1233 2858 1264 2879 ac
1281 2855 1441 2886 senatores;
