1926 3071
143 158 195 191 193
861 157 1046 187 CIESI‘RES.
1719 157 1768 189 194

246 211 351 246 Σπουδῇ
367 211 390 238 δ’
407 211 504 237 ἔπειτα
516 211 648 246 φρατρίας
661 211 844 246 Ἀνδρονίκου,

245 256 281 281 Συ
287 256 465 290 μϐασιλεύίιν
485 255 654 290 Ἀνδρόνικος
671 256 825 291 προύκρίοη

244 301 306 335 Νέῳ
324 302 431 335 βασιλεί
443 302 490 327 καὶ
505 302 604 336 κράτος
620 302 783 329 συνδιέπειν.

156 347 229 375 5055
249 349 304 374 Καὶ
320 348 485 375 καταλαϐὼν
496 347 542 374 τὸν
557 347 624 375 Θεοῦ
644 349 731 383 μέγαν
748 349 830 385 δῦμον

245 394 300 419 Kal.
318 393 482 426 ταινιωθεὶς,
495 393 533 424 ὡς
544 392 605 424 ἔθος
619 394 813 428 στεφηφόροις,

248 439 348 472 Ἀρτον
365 437 465 472 δεῆσαν
483 438 609 473 οὐράνιον
621 437 756 472 λαμϐάνει
769 444 777 452 ε

246 484 302 509 Καὶ
321 483 391 510 κατὰ
404 483 526 518 φρικτῶν
544 482 639 518 ὀμνύει
656 482 817 517 μυστηρίων

244 525 282 553 Ἦ
297 527 349 562 μὴν
365 527 496 560 φυλάξειν
508 527 547 561 τῷ
562 527 614 562 νέῳ
628 526 793 561 στεφηφόρῳ

154 571 226 598 5040
247 570 342 596 Πίστιν
353 569 508 605 ἀκραιφνῆ,
521 569 569 596 καὶ
584 570 677 603 νεμεῖν
693 569 769 595 τοῦδε
781 569 877 604 κράτει

245 617 295 649 τὴν
309 616 427 649 δυνατὴν
444 614 584 650 σύναρσιν,
601 615 638 645 ὡς
654 615 745 649 πατὴρ
762 615 848 648 φίλος.

251 660 330 686 Ἐπεὶ
346 659 367 686 δ’
381 659 436 685 Eat.)
449 659 555 693 γένοιτο
571 659 623 685 τῶν
638 659 797 694 ἀνακτόρων

248 705 453 739 Ἀ-καγορευθεὶς
469 704 593 739 βασιλεὺς
606 705 787 739 αὐτοκράτωρ

252 751 389 786 Ἐφορκος
403 751 572 785 Ἀνδρόνικος
588 750 702 786 αἱμύλος
714 750 806 784 φύσει,

153 795 225 824 50όό
243 796 364 831 Μνήμην
378 795 469 830 φέρων
484 795 596 821 ἔναυλον
607 795 708 830 ὁρκίων
722 795 776 826 ἔτι,

249 840 293 870 Ὧς
315 840 367 875 θὴρ
381 841 492 876 ἐφορμᾷ
504 841 544 875 τῷ
560 841 613 876 νέῳ
631 841 805 876 στεφηφόρῳν

948 215 970 240 Α
987 210 1045 237 Mox
1061 211 1206 245 ronjuratta
1221 220 1277 239 sum
1294 211 1422 240 fut-tionis
1433 213 1522 239 studio

985 256 1077 283 socius
1090 257 1194 290 imperii
1210 257 1268 284 And
1275 258 1383 284 ronicns
1403 259 1511 288 dicitur,

985 305 1013 326 ιιι
1026 300 1126 334 juvene
1144 308 1204 328 cum
1223 309 1285 336 rege
1305 311 1359 329 rem
1375 311 1510 330 summam
1526 308 1643 337 gCI'CI‘i‘I.

984 346 1068 380 Igitur
1083 347 1260 382 progrediens
1273 348 1298 374 in
1318 349 1444 382 templum
1466 349 1626 382 maximum,

984 399 1059 419 more
1075 392 1201 424 solemni,
1219 393 1361 420 redimitur
1377 398 1532 427 stemmate,

982 442 1064 471 atque
1079 438 1181 466 coelesti
1201 439 1251 466 rite
1263 446 1331 473 pane
1346 441 1464 466 vescitur
1481 449 1488 455 -

982 482 1074 516 ibique
1091 483 1269 511 formidandis
1282 484 1308 511 in
1327 485 1465 519 mysteriis

988 527 1064 562 jurat
1075 535 1105 555 se
1118 528 1197 556 [idem
1213 529 1377 557 adolescenti
1395 530 1450 564 regi

982 572 1121 600 immotam
1135 579 1316 607 servaturum,
1333 575 1445 610 ejusque
1460 575 1573 610 imperio

982 625 1031 651 pro
1044 619 1146 646 viribus
1161 619 1298 657 fanturum
1316 625 1344 647 ut
1362 626 1465 655 patrem
1484 622 1572 648 decet.

981 662 1084 691 Deinde
1100 664 1202 698 regium
1219 666 1356 700 ingressus
1369 666 1497 699 palatium

981 709 1200 746 acclamatusque
1214 719 1261 739 rex
1275 717 1302 739 et
1316 713 1463 747 imperator

980 755 1090 789 perﬁdis
1103 756 1274 784 Andronicus
1289 757 1428 785 blanditiis
1444 766 1518 789 ttsns,

981 806 1116 828 recentem
1130 803 1294 830 sacramenti
1310 803 1467 830 memoriam
1481 811 1586 839 gerens,

980 846 1053 874 illico
1069 854 1158 882 regem
1172 847 1298 881 juvenem
1315 849 1483 883 aggreditur,

246 886 302 912 Kal.
317 874 387 912 τόνδ’
400 874 571 922 ἐθοινῆαατο,
591 874 642 921 ερεῦ
657 874 768 920 οἰκτροο
781 874 907 917 Ἶπάθουςι
942 874 964 903 Β
979 899 1006 919 ει

803 884 907 917 ςάθουςι
942 874 964 903 Β
979 899 1095 928 eumque
1110 897 1218 926 mactat,
1233 894 1301 928 proh
1315 894 1427 928 lugubre
1444 894 1563 921 timidus!

243 932 326 964 Τόξου
343 933 398 967 γὰρ
412 933 492 959 αὐτὸν
507 934 642 968 πνιγμονῇ
654 934 752 968 νευρᾶς
766 932 875 967 νύκτωρ

245 979 308 1004 Βίου
326 979 462 1014 παρόντος
479 980 620 1014 δυστυχῶς
633 979 776 1012 ὑπεξάγει,

154 1024 225 1051 5050
243 1024 480 1050 Ἐπεισπεσόντων
494 1025 561 1059 τῷδὲ
577 1033 658 1051 τινων
674 1023 786 1055 ἀδίκως.

243 1070 297 1096 Καὶ
315 1070 395 1105 σῶμα
409 1071 459 1105 μὲν
469 1070 561 1097 δίδωσι
575 1069 709 1105 θαλάττης
723 1069 811 1104 βάθει,

242 1116 298 1151 Τὴν
313 1115 335 1141 δ’
353 1114 388 1142 αὖ
400 1116 523 1151 κεφαλὴν
539 1116 665 1150 σώματος
680 1116 857 1150 τετμημένην

240 1162 287 1188 'Ev
301 1162 470 1197 παραϐύστῳ
484 1162 677 1193 καταποντεςει
689 1161 746 1196 (62)
759 1162 846 1196 τόπῳ.

243 1208 337 1239 Οὒτως
352 1207 473 1240 Ἀλεξίου
490 1208 518 1234 δὲ
533 1208 657 1239 λιπόντος
673 1208 730 1243 βίον

153 1253 225 1281 5055
241 1253 413 1289 Ἀνδρόνικος
429 1254 565 1289 μόναρχος
581 1253 658 1288 ὤφθη
682 1253 729 1279 τοῦ
744 1252 872 1288 κράτους,

242 1300 336 1332 Πολιὸς
351 1300 433 1335 ἀνὴρ,
451 1299 590 1335 ἀποφρὰς,
602 1299 694 1326 κακῶν
711 1299 823 1334 ῥέκτης,

242 1346 360 1382 ’Δνδρῶν
375 1347 484 1381 ὲριννὺς
498 1347 546 1372 καὶ
559 1345 722 1380 φιλαίματος
736 1345 822 1376 κύων,

240 1391 354 1425 Δράκων
366 1390 501 1424 δαφοινὸς,
520 1389 651 1424 σκορπίος
666 1389 853 1424 βροτοκτόνος,

239 1436 332 1463 Κακόν
348 1445 375 1462 τι
386 1436 543 1471 τερμέριον,
559 1434 625 1470 ᾅδης
639 1435 802 1469 παμφάγος,

151 1482 222 1509 5060
241 1482 312 1514 Στὺξ
324 1481 473 1516 συμφορῶν
486 1481 610 1515 γέμουσα
624 1480 763 1516 δακρύων,
780 1481 863 1514 γόων,

238 1527 335 1559 Φέναξ,
352 1527 480 1562 σοῦαρὸς,
496 1527 639 1561 ἀγέρωχος
656 1527 702 1552 τον
712 1527 824 1560 τρόπον,

247 1572 480 1606 ’Δπατεὼν,θὼψ,
501 1572 633 1602 ποικίλος,
649 1572 817 1606 χκμαιλέων,

240 1619 300 1645 Τῶν
311 1619 373 1645 καθ’
386 1618 484 1645 ἑαυτὸν
496 1618 678 1652 ὀργιλώτατος
691 1619 791 1653 γέρων,

238 1666 295 1692 Καὶ
312 1666 461 1701 μισοφαὴς,
478 1665 615 1700 δυσμενὴς
629 1665 773 1698 ὑπηκόοις,

150 1713 219 1739 5065
237 1713 339 1747 Δήμιος
349 1712 455 1746 ἀνδρῶν
472 1712 593 1746 εὐγενῶν
609 1713 756 1747 ἀριστέων,

239 1761 294 1786 Καὶ
306 1759 445 1794 βασιλείου
460 1759 507 1785 τοῦ
520 1759 614 1793 γένους
628 1759 774 1793 ἀναιρέτης

243 1807 292 1836 Ὃς
308 1804 476 1840 παραλαϐὼν
491 1805 540 1838 τὴν
556 1804 623 1831 ὅλων
636 1805 799 1839 αὺταρχίαν,

237 1852 350 1886 Μνηστῇ
366 1851 490 1886 συνήφοη
506 1850 573 1886 πρὸς
590 1851 695 1885 γάμους
720 1851 839 1884 Ἀλεξίου

237 1898 305 1924 Λὶαν
323 1897 452 1930 ἁθέσμως
465 1895 627 1930 φιλόπορνος
637 1896 674 1922 ὢν
689 1897 788 1931 γέρων.

152 1943 220 1970 5070
243 1942 405 1977 Ἔκλιπαρεῖ
418 1941 446 1967 δὲ
461 1941 636 1976 πατριάρχῃν
648 1942 782 1976 ποιμένας

238 1987 288 2014 Τοῦ
308 1988 375 2022 πρὸς
390 1986 519 2022 Μανουὴλ
531 1987 625 2022 ὀρκίου
641 1987 735 2013 λαϐεῖν
748 1987 827 2014 λύσιν
843 1997 850 2004 ·

238 2035 269 2060 0t
286 2034 310 2060 δ’
324 2034 362 2065 ὡς
381 2034 416 2060 τὰ
433 2034 521 2060 πάντα
536 2033 602 2068 πρὸς
615 2033 694 2068 χάριν
713 2035 760 2060 καὶ
777 2035 868 2068 φιλίαν

235 2082 348 2115 Δεσμεῖν
362 2088 391 2106 τε
412 2079 488 2105 λύειν
499 2079 568 2114 πρὸς
584 2079 652 2105 Θεοῦ
666 2080 831 2114 δεδεγμένοι,

241 2126 409 2161 Ἀμνηστίαν
427 2125 540 2160 ἔνειμαν
551 2126 639 2160 ὴνομη
645 2125 744 2159 μένων,

149 2172 218 2199 50Ἱῦ
237 2172 293 2198 Καὶ
303 2171 382 2197 λύσιν
397 2172 487 2206 ὅρκων
508 2170 646 2196 δυσλύτων
662 2170 700 2204 τῷ
715 2178 748 2196 πε
754 2171 849 2206 μπέλῳ
859 2179 865 2186 ·

236 2217 289 2243 Καὶ
304 2217 405 2251 φαῦλον
421 2216 498 2250 ἔσχον
513 2215 686 2250 ἀντιμισθίαν
701 2216 795 2251 γέρας,

235 2263 309 2296 Σφᾶς
331 2262 514 2296 συνεδρεύειν,
529 2261 553 2287 ει
568 2261 655 2296 τύχοι,
669 2262 827 2297 καθημένῳ.

234 2308 337 2334 Τούτου
353 2308 580 2342 τυραννήσαντος,
596 2307 634 2339 ὡς
648 2307 700 2342 ἔφη
713 2307 802 2342 λόγος,

244 2353 439 2380 Ἀποστατοῦσι
453 2353 500 2378 τοῦ
521 2353 639 2388 κράτους
659 2353 714 2378 τῶν
728 2354 866 2384 Αὐσόνων,

149 2398 218 2426 5080
237 2399 327 2425 Είκειν
341 2399 465 2433 τυράννῳ
481 2398 518 2432 μὴ
530 2398 664 2425 θέλουσαιι
678 2398 746 2433 πρδς
761 2399 835 2433 βίαν,

238 2444 350 2477 "potica
363 2452 393 2470 τε
407 2444 456 2470 καὶ
469 2443 573 2471 Νίκαια
591 2444 711 2470 Βιῆυνῶν
728 2445 830 2476 πόλεις.

239 2489 376 2524 Στρατιὰν
390 2488 487 2515 οὐκοῦν
513 2489 681 2522 Ἀνδρόνικος
693 2489 817 2522 ὁπλίσας,

240 2536 310 2562 Εύῧὺ
326 2536 443 2566 Νικαίας
457 2536 526 2561 ἵεται
540 2535 627 2570 Θυμοῦ
641 2536 741 2566 πνέων,

237 2582 292 2609 Καὶ
306 2581 383 2616 τήνδ’
396 2581 466 2607 ἑλεῖν
483 2580 596 2606 ἔσπευδε
610 2582 799 2616 τειχομαχίαις

147 2628 221 2656 5085
240 2627 294 2654 Καὶ
312 2628 447 2662 μηχαναῖς
461 2635 493 2660 γε
509 2627 556 2653 καὶ
569 2626 669 2661 μάχαις
683 2626 874 2661 πολυτρόποις.

236 2675 321 2701 Οὺδὲν
332 2674 415 2700 πλέον
431 2672 453 2700 δ’
468 2673 549 2708 ἧνυεν
570 2673 646 2704 ἱστὰς
660 2673 709 2708 τὴν
728 2674 828 2708 μάχην,

240 2719 310 2747 Ἀλλ’
321 2719 356 2755 ἦν
374 2719 478 2753 ἀσινὴς,
495 2718 638 2749 ἀτινακτος
650 2719 666 2752 ἡ
680 2718 766 2751 πόλις,

236 2766 303 2798 Ταῖς
321 2765 457 2801 μηχαναῖς
473 2772 502 2790 τε
518 2764 565 2790 καὶ
577 2763 661 2799 βελῶν
678 2765 737 2795 ταῖς
751 2764 869 2798 νιφάσιν.

166 2847 223 2881 (62)
238 2847 304 2875 Cod.
319 2847 520 2880 κατακοντιζει.

979 938 1084 966 Etenim
1098 946 1178 966 arcus
1191 947 1273 966 nervo
1287 946 1365 967 noctu
1386 940 1546 973 strangulat,

978 984 1072 1018 sicque
1087 984 1221 1012 infelicem
1237 986 1300 1012 vitae.
1317 985 1428 1019 imponit
1446 987 1535 1018 linem,

979 1037 1045 1056 usus
1060 1030 1092 1056 ad
1107 1030 1133 1057 id
1147 1032 1325 1064 quorumdam
1341 1031 1432 1064 iniquo
1448 1031 1545 1058 omcio.

978 1075 1011 1102 Et
1025 1083 1124 1110 corpus
1141 1076 1250 1110 quidem
1264 1077 1362 1111 mergit
1376 1077 1509 1110 profundo
1527 1078 1606 1110 mari,

979 1121 1102 1148 avulsum
1118 1126 1209 1148 autem
1232 1121 1385 1149 cervicibus
1401 1127 1481 1155 caput

977 1171 1082 1194 secreto
1096 1166 1156 1194 loco
1175 1166 1360 1202 sepeliendum
1374 1169 1475 1196 curat;

979 1212 1024 1239 Sic
1038 1220 1102 1247 ergo
1112 1212 1207 1240 Alexio
1220 1213 1360 1241 desereute
1375 1214 1467 1245 vitam,

977 1258 1051 1286 solus
1068 1258 1210 1294 itnperium
1225 1260 1312 1286 tenuit
1324 1259 1514 1294 Andronicus“

977 1305 1019 1331 vir
1031 1312 1125 1337 canus,
1140 1306 1315 1333 detestandus
1331 1311 1358 1334 et.
1374 1307 1523 1341 maleﬁcus,

977 1351 1078 1378 civium
1094 1351 1222 1385 Erinnys,
1241 1352 1362 1386 cmdique
1376 1354 1509 1381 anhelans
1527 1355 1612 1386 mntis,

977 1397 1059 1423 draco
1075 1402 1214 1430 cruentus,
1231 1398 1409 1432 scorpiusque
1422 1397 1540 1429 lethifer,

977 1441 1141 1468 horrendum
1157 1447 1319 1476 monstrum,
1335 1451 1416 1471 orcus
1433 1444 1607 1473 insatiabilia.

977 1486 1042 1522 Styx
1061 1487 1138 1522 plena
1151 1489 1282 1522 miseriis,
1297 1489 1452 1523 gemitibus,
1465 1486 1602 1525 lacrym'is,

939 1546 960 1577 α
977 1530 1099 1562 delusus.
1118 1533 1243 1566 tetricus,
1263 1534 1385 1560 moribus
1397 1534 1530 1567 superbis,

977 1577 1114 1610 deceptor,
1129 1583 1297 1610 assentator,
1317 1579 1480 1612 versipt-ll‘is,
1499 1579 1606 1610 varius,

976 1629 1060 1650 senex
1077 1631 1189 1651 suorutn
1207 1627 1358 1659 temporum
1375 1624 1584 1656 futiosissimns,

975 1668 1120 1703 lucifugus,
1137 1669 1199 1696 etin
1213 1669 1334 1697 subditos
1348 1670 1387 1697 ira
1403 1670 1512 1704 plenus,

976 1719 1101 1742 natorum
1118 1715 1178 1742 loco
1193 1715 1276 1742 nobili
1292 1716 1411 1743 virorum
1431 1716 1565 1747 carnifex,

975 1760 1090 1795 denique
1103 1761 1182 1795 regite
1196 1761 1344 1788 exstinctor
1359 1761 1504 1795 prosapia.

975 1806 1024 1839 Qui
1040 1813 1147 1833 sntnmo
1161 1813 1250 1833 rerum
1267 1812 1397 1841 occupato
1417 1807 1530 1840 imperio

974 1852 1059 1880 Alexii
1076 1859 1201 1886 sponsam
1219 1853 1269 1880 sibi
1287 1853 1495 1888 unptiis‘junxit,

973 1896 1075 1923 scelere
1090 1896 1233 1924 manifesto
1249 1902 1383 1924 scortator
1397 1906 1491 1925 senex.

973 1941 1042 1974 Quin
1059 1943 1220 1970 sacramenti
1235 1942 1352 1970 Manueli
1370 1944 1481 1977 praestiti

973 1994 987 2013 a
1005 1987 1160 2021 patriarcha
1177 1987 1258 2022 petiit
1273 1992 1355 2022 atque
1371 1989 1506 2024 episcopis

972 2033 1167 2061 absolutionem
1183 2042 1189 2060 :
1207 2034 1253 2068 qui
1270 2034 1419 2062 servientes
1435 2037 1528 2069 gratia:

972 2086 1020 2114 pro
1034 2087 1082 2106 suo
1095 2079 1194 2113 ligandi
1207 2080 1381 2114 solvendique
1393 2080 1508 2107 arbitrio

972 2127 1101 2154 divinitus
1115 2134 1255 2159 concesso,
1272 2129 1403 2154 dederunt
1421 2128 1540 2158 veniam.

971 2175 1025 2198 tam
1042 2172 1116 2205 gravi
1131 2177 1303 2200 sacramento
1320 2173 1454 2200 solventes
1467 2180 1558 2200 senem
1577 2181 1585 2200 :

934 2209 957 2236 Ῑ)
971 2217 1169 2252 ridiculumque
1183 2218 1332 2245 retulerunt
1347 2219 1495 2251 praemium,

971 2270 1067 2298 nempe
1083 2267 1112 2290 ut
1131 2271 1192 2291 cum
1209 2265 1266 2295 ipso
1281 2264 1416 2292 interdum
1431 2265 1614 2292 considerent.

972 2310 1029 2338 Hoc
1044 2313 1198 2342 exercente,
1214 2314 1243 2336 ιιι
1265 2310 1395 2343 diximus,
1416 2309 1597 2345 tyrannidem,

971 2364 986 2383 a
1005 2357 1186 2384 Romanorum
1204 2356 1328 2384 defecere
1343 2358 1468 2392 imperio,

971 2406 1112 2438 propterea
1128 2403 1199 2437 quod
1214 2408 1329 2438 tyranno
1341 2410 1438 2438 parere
1450 2403 1567 2436 nollent,

971 2449 1052 2475 urbes
1069 2448 1202 2483 Bytbiniae
1216 2448 1300 2476 Prusa
1315 2454 1342 2477 et
1357 2449 1457 2476 Nicaea.

971 2493 1055 2528 Igitur
1072 2494 1242 2521 Andronicus
1258 2495 1390 2522 instructo
1403 2495 1525 2522 exercitu

969 2539 1061 2566 statim
1077 2538 1192 2566 Nicaeam
1205 2539 1290 2574 pergit
1305 2541 1372 2567 iram
1390 2541 1508 2574 spirans,

970 2591 1050 2618 quam
1067 2584 1202 2611 nitebatur
1213 2591 1311 2618 capere
1326 2585 1425 2612 mtenia
1441 2585 1577 2620 quatiens,

969 2635 997 2657 et
1013 2629 1147 2657 machinis
1164 2634 1191 2657 et
1204 2630 1283 2656 vario
1298 2636 1394 2664 pugnae
1410 2637 1521 2665 genere.

969 2674 1024 2702 Nec
1043 2680 1131 2702 tamen
1146 2676 1214 2703 bene
1226 2677 1315 2702 evenit
1330 2678 1503 2712 oppugnatio,

962 2721 1016 2760 sed
1033 2721 1109 2748 firma
1125 2723 1189 2749 urbs
1200 2723 1339 2756 perstabat
1356 2727 1435 2758 atque
1451 2724 1595 2753 int'oltlmlI

972 2767 1111 2795 matbinas
1128 2771 1222 2794 contra
1236 2767 1405 2803 telorumque
1421 2769 1541 2798 nimbos.
