1926 3071
121 124 170 159 201
847 135 880 163 (ιι

993 131 1034 167 is.
1702 147 1753 178 201

133 185 204 212 5265
229 186 431 222 Ἀρχαιρεσιῶν
449 189 552 224 προῖκα
563 190 782 225 παρεσχημένων

222 231 322 259 Πασῶν
340 233 499 269 ἀριστίνδην
515 243 544 261 τε
557 236 604 261 καὶ
616 236 678 262 κατ’
693 236 784 269 ἀξίαν,

220 277 303 303 Οὐδὲν
318 277 348 304 δὲ
363 279 526 315 πλουτίνδην
537 289 568 314 γε
578 282 633 312 τοῖς
645 282 677 307 ὲκ
692 282 818 317 τριόδων.

219 321 259 359 ’ᾘ
271 324 355 350 Δαὸὶδ
366 324 464 351 οὐκοῦν
477 326 605 360 ἐμμελῶς
616 326 727 361 ψάλλων
743 327 829 362 λέγει,

223 369 417 404 Δικαιοσύνης,
438 370 506 406 πρὸς
519 371 548 397 δέ
563 371 589 406 γ’
610 373 725 408 εἰρήνης
740 374 820 408 χάρις

137 413 206 440 5270
226 413 373 448 Συνῆλθον,
393 416 557 449 ἠσπάσαντο
571 417 669 452 φιλίως
681 419 752 445 τότε.

224 460 303 493 Ἕοος
314 462 336 488 δ’
352 463 449 497 ἐναγὲς
463 463 511 489 καὶ
528 464 686 499 παράνομον
698 463 760 492 λίαν

221 507 277 534 Καὶ
292 507 394 543 πρᾶξιν
406 508 593 544 ἀπάνθρωπον
605 510 777 546 ἀδικωτάτην

220 555 282 581 Τῶν
299 555 478 589 ναυαγουσῶν
495 557 631 592 φορτίδων
646 558 717 584 κατά
733 558 834 590 τόπους

223 599 272 625 Ἕκ
286 601 451 634 τωευμὰτων
468 601 530 636 βίας
545 609 574 628 τε
585 602 633 629 καὶ
648 603 809 638 καταιγίδος

129 644 199 672 5275
219 646 273 672 Καὶ
289 646 495 681 συντριϐεισῶν,
510 645 560 674 εἴτ’
572 648 669 680 ἀκταῐς
680 649 858 685 ἐρριμμένων

225 692 390 727 Ἀγωγίμων
405 694 568 729 σκύλευσιν,
586 695 728 731 ἁρπαγὴν,
742 696 820 723 λύσιν

222 739 294 773 Πρὸς
305 739 361 765 τῶν
376 740 532 775 προσοίκων
547 740 656 772 ἀσεϐῶς
671 741 850 777 τελουμένας,

218 785 354 820 Ἔστησεν
367 782 448 818 οὗτος
463 787 649 820 ἀντιπνεύσας
664 789 702 820 ὡς
717 790 830 825 κράτωρ

217 829 352 865 Σφοδραῖς
367 831 508 865 ἀπειλαῖς,
520 835 687 868 προσταγαῖς
703 835 862 879 ἐμσριςὶέσιν

128 873 199 902 5280
221 875 407 912 ’Δσυμπαθῶς
423 878 540 906 θάνατον
551 879 622 912 ἕξειν
635 880 749 916 ζημίαν,

217 922 310 949 Πάντα
325 924 536 959 παραϐαίνοντα
551 927 793 962 προστεταγμένα,

214 969 435 1004 Παρεγγυώσαις
452 972 499 998 καὶ
514 972 666 1006 κυρούσαις
678 974 806 1001 εἰσάπαν·

214 1012 249 1039 Εἴ
261 1022 303 1046 τις
331 1016 399 1050 γὰρ,
413 1014 485 1048 εἶπε,
499 1017 606 1053 χωρίων
620 1019 762 1054 παραλίων

213 1060 317 1096 Κύριός
329 1062 405 1088 ἐστιν
418 1063 552 1097 εὐγενῶν,
569 1065 713 1100 ἐριτίμων,

128 1105 198 1134 5285
219 1107 254 1134 Ἦ
270 1107 337 1143 παρ’
349 1108 418 1143 ἐμοῦ
435 1110 559 1144 πέφυκεν
574 1112 662 1147 ἀρχὴν
677 1112 778 1139 διέπων

210 1153 347 1189 Πρώτισθ¹
363 1156 471 1189 ἑαυτὸν,
490 1155 541 1183 εἷθ’
557 1157 686 1194 ὑπηκόων
700 1159 792 1194 στίφος

216 1198 417 1234 Καταρτισάτω
428 1201 495 1237 πρὸς
509 1202 578 1228 Θεοῦ
593 1204 664 1230 θεῖον
677 1204 758 1238 φόϐον

215 1244 386 1281 Ύποσῖολήν
399 1255 429 1273 τε
439 1248 489 1282 τῆς
502 1248 574 1284 ἐμῆς
590 1251 772 1286 κρατχρχίας·

225 1293 263 1319 Ἢ
278 1293 413 1330 δεσπότης
422 1296 476 1327 πᾶς
487 1296 627 1332 κτήματος
640 1299 774 1333 παραλίου

121 1337 194 1366 5⁸390
218 1339 372 1376 Ἐπαρχίας
385 1341 480 1378 ἄρχων
497 1351 539 1376 τε,
562 1345 615 1371 κᾶν
660 1345 770 1379 τιμίων,

213 1384 244 1411 '0
259 1387 339 1422 παρά
356 1388 430 1422 νηῶν
444 1391 625 1423 ναυαγουσῶν
639 1391 786 1426 λαμόάνων

220 1431 386 1468 ’Δγωγίμων
398 1443 426 1461 τι
443 1436 570 1471 φανερῶς
584 1438 746 1471 γινωσκέτω

210 1478 369 1514 Πρόστιμον
383 1480 454 1513 ἕξων
465 1482 511 1509 τὸν
526 1483 644 1510 θάνατον
656 1485 779 1517 ἐνδίκως.

211 1523 302 1561 Κᾶνῇ
321 1526 371 1561 μὲν
389 1527 471 1560 αὐτὸς
489 1528 610 1564 καθαρὸς
625 1531 659 1566 τῇ
677 1532 788 1568 καρδία,

118 1571 189 1600 δὲθὸ
213 1572 301 1608 Χερσὶ
313 1574 336 1600 δ’
351 1574 440 1607 ἀθῶος
456 1575 611 1610 ἀμέθυκτος
625 1577 650 1604 τ’
664 1579 793 1612 είσάπαν,

208 1618 240 1644 Ol
257 1618 281 1644 δ’
295 1619 348 1645 ὑπὸ
363 1620 445 1655 χεῖρα
463 1621 573 1656 κάτοχοι
591 1625 653 1655 ταῖς
668 1625 784 1657 αίτίαις’

207 1664 339 1700 ’Δρχοντι
354 1666 401 1693 καὶ
415 1667 470 1702 γὰρ
483 1667 639 1700 ἐξισοῦσθαι
651 1671 793 1707 προστάτῃ

204 1711 308 1739 Εῑωθεν
321 1712 396 1740 ᾶπαν
408 1714 563 1750 ὑποχείριον
576 1716 675 1745 θέλειν.

206 1757 284 1784 Τίσει
298 1758 327 1785 δὲ
339 1759 443 1795 πότμον
455 1761 573 1792 ἐντολῶν
589 1763 763 1799 παραϐάτης,

112 1800 184 1829 5300
202 1803 354 1838 Φρικαὶέον
367 1814 398 1832 τε
416 1806 465 1834 καὶ
477 1807 664 1843 ὁυσήκουστον
680 1812 762 1846 τάχα,

207 1849 309 1878 Παθὼν
324 1853 499 1889 κρεμάθραν,
517 1855 651 1882 ἀνάτασιν
665 1857 690 1883 τ’
706 1857 814 1891 ἀθλίαν,

202 1895 283 1929 Nati);
295 1897 339 1931 ἐφ’
363 1899 439 1925 ίστοῦ
456 1901 647 1937 συντριϐείσης
659 1903 699 1938 τῷ
712 1904 795 1940 σάλῳ.

203 1941 307 1969 Τοιόνδ’
319 1944 463 1977 ἑπισείσας
475 1954 506 1980 γε
520 1947 645 1982 σύμπασι
658 1949 728 1981 δέος,

202 1986 356 2022 Θεοστυγὲς
372 1992 497 2017 πέπαυκε
518 1993 659 2028 κρατῆσαν
673 1994 744 2026 ἐοος⁹

113 2031 184 2060 5305
201 2033 256 2060 Καὶ
267 2034 361 2061 λοιπὸν
373 2034 424 2062 οῦκ
439 2034 472 2072 ἦν
484 2037 604 2074 καθορᾷν
616 2039 664 2070 τὰς
680 2040 807 2074 φορτίδας

201 2079 410 2114 Περιπεσοὼας
426 2083 458 2110 ἐκ
472 2084 555 2111 σάλου
570 2087 704 2123 ναυαγίῳ,

207 2125 369 2161 ’Δγοιγίμων
383 2128 528 2156 σκύλευσιν
542 2131 738 2168 ὑφισταμέναςσ

205 2172 278 2198 Ἀλλ’
291 2171 326 2208 ἦν
341 2174 463 2211 γαλήνην
479 2177 511 2204 ὲκ
525 2179 674 2214 τρικυμίας
684 2180 794 2216 βλέπειν

198 2218 375 2252 Διαγε).ὦσαν
391 2223 576 2256 ναυαγούσαις
590 2224 715 2253 ὁλκάσιν·

112 2261 181 2290 5310
201 2261 311 2292 Ἦνκαὶ
322 2267 461 2303 κολαστὴς
482 2271 651 2308 χειροδίκαις
666 2273 790 2309 ἀνδράσι,

200 2310 300 2346 Ποινήν
316 2322 347 2339 τε
360 2314 447 2346 τιθεὶς
463 2316 585 2344 ἀδικοῦσι
604 2320 652 2346 καὶ
663 2320 753 2356 δίκην,

199 2358 260 2385 Kiv
271 2357 307 2395 ἦν
320 2360 424 2388 ἀδικῶν
437 2362 566 2398 εὐγενῶν,
577 2364 713 2401 λαμπρῶν
727 2369 812 2404 γένει,

204 2403 249 2436 Ὠς
265 2406 304 2441 μὴ
319 2408 382 2434 κατ’
397 2407 470 2442 ὄψιν,
486 2410 555 2437 ἀλλὰ
569 2412 681 2446 δικαίως
697 2415 808 2449 κρίνων,

198 2449 252 2476 Καὶ
263 2452 336 2478 κατὰ
352 2454 452 2489 μικρὸν
495 2464 562 2490 φασι
574 2458 677 2485 καὶτὸν
693 2460 792 2494 μέγαν.

924 194 945 221 Α
962 194 1025 228 quia
1043 197 1129 230 gratis
1146 206 1243 234 nempe
1259 200 1394 229 dabantur
1409 199 1553 236 dignitates

963 246 1066 268 cunctae
1080 244 1176 278 ouique
1187 245 1290 279 optimo
1303 253 1335 273 ac
1350 248 1475 280 merenti,

964 287 1063 314 nemini
1075 289 1185 323 Indigna
1201 291 1247 325 qui
1265 292 1379 326 pecunia
1396 299 1510 322 emeret.

961 332 1042 368 Ergo,
1066 338 1093 361 ut
1108 336 1276 364 carminibus
1289 338 1389 373 psaltes
1402 339 1486 367 David
1500 341 1611 374 cecinit,

957 381 1063 415 justitia
1075 383 1155 410 simul
1171 389 1198 412 et
1215 391 1327 414 venusta
1343 395 1395 422 pax

961 431 1025 454 tunc
1040 429 1188 464 conjuratae
1205 433 1293 460 amice
1308 433 1511 463 osculabantur.

959 472 1074 509 Insuper
1089 483 1191 504 morem
1209 478 1335 512 impium,
1355 480 1591 514 scelestissimum,

958 519 1065 548 I‘acinns
1076 521 1253 552 inhumanum
1272 525 1493 561 injustissimum.

959 573 1055 601 nempe
1071 567 1108 594 uti
1128 576 1210 597 naves
1230 570 1327 599 alicubi
1344 572 1482 609 naufraga:

957 617 1098 642 ventorum
1117 617 1243 644 violentia
1261 624 1288 646 et
1304 621 1473 654 tempestatis

957 659 1113 694 confractzc,
1128 666 1155 689 et
1174 669 1233 690 mox
1247 664 1280 691 ad
1298 664 1389 693 littora
1405 667 1533 701 projects

955 706 1069 734 sarcinae
1084 707 1266 744 direptionem
1283 719 1315 739 ac
1332 713 1481 747 perniciem

955 756 1052 778 contra
1070 751 1111 780 fas
1127 761 1207 782 omne
1223 756 1258 783 ah
1272 757 1373 786 accolis
1386 763 1552 793 paterentur,

955 797 1064 825 sustulit
1075 799 1247 829 Andronicus
1263 803 1337 838 regio
1349 809 1416 831 nutu
1436 812 1443 830 :

919 859 943 890 Β
955 844 999 877 qni
1014 846 1088 878 gravi
1098 844 1176 879 jussu
1192 854 1224 874 ac
1242 848 1321 877 ruinis
1338 851 1543 882 vehementibus

952 893 1054 917 certam
1071 892 1213 920 constituit
1228 900 1344 923 mortetn
1361 904 1392 925 ac
1405 900 1567 935 supplicintn

952 934 996 961 his
1008 935 1053 970 qui
1069 936 1208 966 decretunt
1222 939 1358 969 violarent
1373 934 1462 978 suum,

952 979 1033 1015 idque
1050 988 1112 1009 cum
1125 991 1205 1018 ptena
1219 990 1351 1014 internum
1369 993 1512 1025 ratumque
1528 991 1623 1020 voluit.

952 1025 1045 1062 Siquis
1062 1028 1194 1063 locorum,
1211 1031 1309 1067 inquit,
1325 1035 1522 1064 maritimorum

951 1081 1094 1108 possessor
1109 1080 1152 1104 est
1166 1077 1198 1105 de
1212 1085 1312 1114 genere
1326 1081 1509 1116 optimatium,

951 1128 998 1149 seu
1012 1123 1200 1158 magistratum
1221 1126 1348 1154 traditum
1364 1136 1378 1155 ιι
1396 1137 1439 1157 me
1454 1138 1563 1166 gerens,

951 1170 1037 1204 primo
1052 1179 1082 1199 se
1095 1171 1182 1206 ipsum
1195 1174 1255 1202 dein
1268 1175 1451 1212 subditorum,
1464 1180 1585 1209 ordinetn

951 1217 984 1243 ad
1001 1215 1049 1244 Dei
1063 1223 1187 1246 sanctum
1202 1220 1326 1248 timorem
1345 1222 1481 1256 instituat,

948 1266 1031 1297 atque
1042 1264 1076 1290 ad
1091 1264 1196 1300 imperii
1212 1267 1296 1294 nostri
1312 1271 1505 1299 reverentiam.

947 1307 1016 1334 Tum
1033 1309 1126 1343 praedii
1144 1310 1249 1346 siquem
1265 1312 1405 1342 dominum
1422 1317 1549 1345 maritinti

947 1355 1129 1390 provincizeve
1142 1358 1297 1392 praesidem,
1309 1363 1433 1396 quamvis
1445 1363 1575 1398 nobilem,

946 1403 980 1429 de
996 1402 1189 1439 naufragarum
1208 1406 1316 1434 navium
1333 1409 1472 1444 quidpiam
1490 1412 1606 1441 sarcinis

947 1449 1104 1484 percepisse
1120 1456 1196 1479 certo
1209 1453 1344 1481 constabit
1362 1455 1473 1489 indicio,

947 1495 1018 1522 Intnc
1039 1501 1130 1523 manet
1144 1497 1234 1525 dirum
1247 1500 1343 1528 merito
1360 1502 1521 1537 supplicium
1536 1514 1544 1536 ;

905 1532 928 1563 ο
946 1537 1051 1565 etiamsi
1065 1538 1134 1568 forte
1146 1541 1259 1576 ipsemet
1271 1550 1361 1573 mente
1374 1532 1459 1581 purus

945 1590 1081 1620 manuque
1094 1593 1205 1620 prorsus
1221 1588 1452 1621 incontatninatus
1466 1594 1556 1631 fuerit,

944 1629 966 1656 si
989 1634 1079 1659 tamen
1094 1633 1153 1668 ejus
1167 1634 1270 1663 subditi
1290 1644 1320 1665 se
1333 1645 1395 1667 reos
1410 1639 1544 1677 fecerint;

944 1677 1162 1712 quandoquidem
1178 1682 1277 1709 rectori
1289 1685 1496 1721 praesidentique

942 1722 1042 1750 subditi
1058 1725 1151 1752 cuncti
1162 1726 1327 1756 conformari
1345 1731 1444 1760 solent.

943 1767 1247 1804 Trausgressor.autem
1264 1774 1332 1810 legis
1349 1779 1514 1813 perpetietur

942 1813 1088 1843 inauditam
1103 1816 1175 1845 illico
1189 1818 1349 1849 horrendam
1363 1829 1491 1859 mortem,

943 1860 1019 1888 triste
1030 1869 1125 1897 nempe
1137 1866 1313 1900 suspendium
1327 1871 1568 1910 extensionemque

942 1907 968 1933 in
985 1908 1055 1936 malo
1068 1910 1144 1938 navis
1161 1912 1299 1950 naufraga:
1317 1919 1483 1954 experietur.

939 1951 1006 1980 Cum
1024 1953 1102 1982 talem
1121 1958 1225 1987 cunctis
1241 1951 1402 1992 incussisset
1415 1971 1527 2001 metunt,

941 1998 1081 2028 inveterati
1100 2004 1183 2031 moris
1198 2008 1315 2036 cessavit
1331 2011 1429 2041 scelus.

939 2043 1070 2081 Exinjam
1086 2050 1151 2077 nulli
1165 2053 1339 2088 contingebat
1356 2058 1418 2086 navi

939 2096 968 2119 ut
982 2094 1143 2128 spoliaretur
1156 2105 1263 2127 onerea
1276 2103 1458 2139 pradonibus,

938 2139 960 2166 si
976 2138 1048 2168 forte
1063 2141 1089 2168 in
1104 2144 1171 2171 mari
1188 2144 1289 2174 Iaceret
1303 2149 1474 2186 naufragium
1492 2162 1499 2180 :

896 2209 924 2241 υ
937 2184 983 2212 sed
1000 2189 1152 2222 tempestati
1167 2191 1300 2220 serenitas
1315 2184 1486 2226 successerat

1171 2235 1182 2241 -

937 2231 1154 2266 periclitantibus
1168 2235 1264 2265 favens
1281 2242 1424 2271 onerariis.

935 2277 1050 2313 Insuper
1061 2280 1234 2310 Andronicus
1249 2284 1366 2320 injustas
1383 2288 1505 2319 homines

934 2332 1013 2359 poena
1031 2326 1165 2357 alliciebat
1178 2330 1323 2367 debitaque
1338 2335 1451 2370 ultione,

932 2374 1109 2406 quantumvis
1129 2383 1191 2404 retts
1206 2378 1306 2408 nobilis
1320 2381 1464 2418 clarusque
1481 2385 1548 2415 foret
1564 2398 1570 2415 :

933 2418 1037 2447 scilicet
1052 2421 1122 2449 haud
1135 2430 1183 2457 pro
1194 2432 1319 2461 persona,
1332 2430 1378 2456 sed
1389 2430 1461 2466 juste
1473 2434 1609 2470 judicans,

932 2468 959 2492 et
971 2470 1077 2494 tenuem
1090 2473 1172 2503 atque
1184 2479 1309 2506 magnum
1328 2477 1439 2510 perinde
1455 2481 1603 2514 aestimans.

107 2493 177 2522 5515
197 2497 253 2523 Καὶ
267 2498 323 2524 τῶν
352 2502 558 2536 τεσσαράκοντα
585 2505 706 2540 Χριστοῦ
732 2509 864 2544 μαρτύρω

196 2542 268 2560 Na)“.
284 2544 457 2560 —enu!..........
470 2547 517 2560 1.3
526 2551 570 2560 .3,
596 2550 611 2560 ιν

1063 2493 1075 2494 η
1128 2493 1171 2503 ,η
1184 2493 1309 2506 ..η-δην...
1328 2493 1439 2510 γωιιιυσ
1455 2493 1522 2508 uzsttt

762 2509 881 2544 ιρτύρων
932 2510 956 2538 Is
971 2512 1052 2540 etiam
1067 2513 1167 2543 Christi
1183 2518 1360 2554 quadraginta
1374 2529 1522 2560 martyrum

195 2542 268 2569 Ναὸν
284 2544 457 2581 περιώνυμον
470 2547 651 2586 ἠγλαϊσμένον

193 2589 292 2624 Χρόνῳ
304 2591 498 2621 παλαιωθέντα
512 2595 558 2622 καὶ
570 2599 730 2633 κεκμηκότα

198 2634 322 2663 Ἀνανεοῖ
339 2638 469 2666 κάλλιστα
481 2640 622 2675 πλείσταις
636 2644 780 2679 δαπάναιςο

190 2679 231 2709 OB
243 2684 292 2710 καὶ
306 2685 408 2720 δόμους
422 2686 519 2724 ἤγειρε
536 2691 603 2725 προς
615 2693 769 2728 κατοικίαν,

104 2723 171 2753 5520
190 2727 300 2762 Δεῆσαν
317 2730 406 2758 ἐλθεῖν
422 2733 491 2768 πρὸς
501 2723 569 2761 νεὼν
582 2737 635 2762 τῶν
652 2723 799 2775 μαρτύρων

190 2774 354 2808 ﬂuitarent;
370 2780 417 2804 καὶ
433 2779 571 2813 ποικίλους
585 2783 667 2820 τέχνῃ
682 2774 786 2820 ξένους.

188 2821 244 2848 Καὶ
259 2822 381 2858 autem;
397 2825 425 2851 δὲ
440 2827 495 2853 τῶν
513 2827 599 2862 λόγων
617 2833 664 2858 καὶ
689 2834 754 2866 τοὺς
777 2835 874 2871 Myso;

189 2868 277 2902 Οὗτος
292 2869 424 2904 βασιλεὺς
437 2872 530 2906 ἀξίους
540 2875 625 2908 τιθεὶς
637 2878 718 2912 λόγου

243 2920 384 2950 ΡΑτιιοῑ..
407 2921 462 2951 Gtt.
483 2923 598 2955 CXLIII

931 2559 1037 2587 celebre
1057 2561 1134 2590 valde
1151 2564 1276 2599 templum
1292 2572 1319 2593 et
1333 2559 1548 2608 ornatissimum,

931 2610 993 2632 tunc
1008 2606 1136 2636 laborans
1152 2611 1279 2645 temporis
1292 2613 1400 2649 injuria,

930 2651 1091 2681 instauravit
1104 2655 1205 2690 optimc
1221 2657 1340 2692 impensa
1357 2661 1473 2696 plurima
1489 2675 1496 2693 :

930 2699 1020 2732 ibique
1037 2701 1107 2728 a-des
1119 2703 1151 2729 ad
1166 2703 1340 2735 habitandum
1355 2711 1465 2744 struxit,

927 2745 1060 2779 siquando
1073 2749 1105 2774 ad
1122 2749 1223 2777 dictum
1238 2753 1366 2787 templum
1383 2756 1441 2790 ipse
1451 2761 1602 2798 accederet,

927 2792 1002 2819 vario
1022 2795 1139 2822 artilicto
1153 2801 1367 2834 sumptuosoque
1389 2803 1482 2831 miras.

927 2838 1039 2874 Insuper
1056 2842 1159 2869 litteras
1177 2851 1238 2870 cum
1254 2847 1310 2874 suis
1330 2849 1529 2882 professoribus

926 2886 968 2912 hic
985 2887 1132 2922 iutp‘t‘atot‘
1150 2890 1257 2924 plurimi
1273 2894 1426 2930 testimavit,

1494 2944 1509 2976 7
