1926 3071
139 144 196 176 9.25

243 201 298 228 Καὶ
313 200 346 235 δὴ
362 200 432 235 μετά
453 208 485 234 γε
495 199 544 232 τὰς
558 200 626 236 πρὸς
637 200 766 235 ἀλλήλους
783 199 892 235 σχέσεις

244 249 300 276 Καὶ
315 247 486 282 φιλονείκους
497 247 625 280 διενέξεις
637 249 684 275 καὶ
699 249 800 283 μάχας,

244 293 398 320 Βασιλικῶν
413 301 443 320 τε
456 293 577 328 ῥηγιιιῶν
591 302 621 320 τε
639 294 787 327 ταγμάτων

154 339 226 366 5955
248 338 411 374 ’Δλαμανῶν
427 339 584 373 στράτευμα
600 338 722 373 πορθμὸν
733 339 821 374 διέϐη,

244 385 299 412 Καὶ
319 385 388 420 πρὸς
397 384 590 419 Φιλαδέλφειαν
606 382 659 421 ἦκε
675 385 724 420 τὴν
739 385 816 411 πόλιν
831 391 838 399 ·
890 386 894 390 ”

243 431 290 457 Διὰ
301 431 330 457 δὲ
344 431 464 465 Φρυγίας
487 439 517 456 τε
533 430 698 462 Λαοδικείας

252 477 410 509 Ἐςίστατιι
427 477 544 511 τάχιστα
558 476 707 512 Ψιλομιλίρ

245 522 290 548 Ἑν
341 522 430 558 μάχην
443 523 534 557 ἵστησι
550 522 601 558 me
613 523 680 558 πρὸς
692 523 837 550 σούλτανον
849 531 858 540 '

159 567 231 594 5.1160
249 568 302 594 Καὶ
317 567 391 594 τόνδε
405 568 468 602 νικᾷ
487 567 533 594 καὶ
543 568 641 602 κρατεί
653 568 804 603 πολιχνίου,

244 613 333 648 Ὅπερ
354 612 504 644 σκυλεύσας
519 614 751 649 ὲμπιμπρᾷ⁶μετ3ι
770 615 843 641 τόδε.

245 656 310 684 Εἶτα
326 658 473 692 πεφοακὼς
491 658 625 686 Ἰκονιέων
635 661 723 693 πόλιν,

248 705 300 730 Καὶ
313 704 384 739 τήνδ’
405 704 472 731 ἐλὼν
487 704 580 736 ὅπλοις
591 713 621 731 τε
637 706 684 733 καὶ
703 706 792 742 μάχης
804 707 880 742 νόμῳ

245 750 354 777 Ὤδευσε
366 751 458 777 λοιπον
472 752 521 788 τὴν
537 752 723 788 προκειμένην
739 752 832 788 τρίϐον
846 761 854 768 ·

156 798 227 824 5965
245 797 290 828 Εἰς
307 797 329 824 δ’
345 797 484 832 Ἀντιόχου
500 798 550 833 τὴν
566 798 643 825 πόλιν
653 799 821 834 ἠπειγμένος

246 842 440 877 Ἐναπεπνίγη,
459 843 510 878 φεῦ
529 843 598 870 Θεοῦ
614 844 669 870 τῶν
684 845 845 880 κριμᾶτωνί

244 888 458 923 Ἐναποληφθεὶς
473 890 533 921 ταῖς
547 889 636 921 δίναις
650 890 705 917 τῶν
717 891 821 918 ὑδάτων

247 934 306 965 Yib;
321 934 458 961 δ’ὲκείνου
473 935 503 961 τὸ
517 935 619 970 κράτος
630 935 792 971 δεδεγμένος

251 981 302 1006 Καὶ
320 981 415 1015 μέχρις
438 981 523 1016 αὐτῆς
543 982 711 1017 ’Δντιοχείας
723 982 830 1016 φθάνει,

157 1027 228 1055 5970
248 1028 382 1054 Κάκεῖθεν
393 1028 469 1063 ἥκων
486 1028 624 1063 Sapiam;
642 1028 709 1063 πρὸς
721 1028 813 1059 πόλεις

251 1073 402 1107 Ἐλευθεροί
418 1073 520 1104 ταύτας
533 1082 565 1108 γε
579 1074 634 1101 τῶν
650 1075 682 1101 ἐκ
696 1074 746 1109 τῆς
764 1075 855 1109 Ἅγαρ
867 1083 874 1090 ν

246 1119 334 1145 Πολλὰ
346 1120 373 1145 δὲ
387 1118 485 1153 καμὼν
499 1119 622 1154 κλήσεως
635 1119 755 1155 Χριστοῦ
770 1121 861 1156 χάριν,

248 1165 323 1192 Ἐκεῖ
335 1165 506 1192 καταλέλυκε
524 1166 624 1197 καύτὸς
638 1166 684 1192 τὸν
698 1165 767 1200 βίον.

249 1214 279 1239 υἱ
289 1212 310 1238 δ’
328 1212 477 1247 ’Δλαμανοὶ
492 1212 572 1238 ναυσὶ
589 1212 657 1247 πρὶς
672 1212 722 1247 τὴν
738 1212 858 1248 πατρίδα

155 1258 225 1286 5975
245 1258 325 1289 Δῦθις
341 1257 535 1293 ἐπανήχθησαν
550 1256 579 1285 εὖ
601 1258 786 1292 σεσωσμένοι·

244 1305 298 1331 Καὶ
323 1303 464 1339 Φραγγίας
493 1303 544 1340 ρὴξ
568 1303 718 1339 Γερμανῶν
729 1303 786 1339 (07)
801 1304 825 1330 τ’
837 1303 931 1340 ἄρχων

778 1349 872 1386 [πάλιν

250 1396 353 1423 Ναυσὶν
364 1395 481 1431 ἐπῆλθον
494 1394 602 1422 ὁπλῖται
617 1396 672 1427 τοῖς
688 1395 717 1428 ἐξ
730 1395 821 1431 ’Δγαρ
837 1403 843 1410 ·

245 1443 302 1469 Οὐκ
318 1442 432 1476 ῐσχυσιν
447 1442 520 1476 ὅμως
533 1442 560 1468 δὲ
572 1441 641 1468 Σιὼν
659 1441 741 1476 ἁγίας

250 1488 325 1522 Σφᾶς
336 1487 463 1519 ὲξελᾶσαι
477 1488 524 1514 καὶ
538 1486 632 1522 νέμειν
644 1486 843 1522 χριστωνύμοις
854 1495 861 1501 ·

158 1533 228 1562 δθδο
247 1533 359 1568 ᾯχοντο
376 1532 404 1558 δὲ
421 1531 479 1567 πλῷ
493 1532 540 1558 καὶ
554 1533 635 1558 πάλιν
650 1533 678 1563 ὲ;
696 1531 823 1567 πατρίδα.

255 1579 284 1605 Ὀ
297 1579 319 1604 δ’
332 1578 472 1612 Ὶγκλίνων
493 1577 544 1613 ph:
566 1578 689 1614 κατάρας
702 1578 730 1609 ὲς
753 1577 804 1614 τὴν
819 1577 931 1612 Κύπρον

248 1625 356 1659 Ταύτης
371 1633 401 1651 τε
420 1625 518 1659 κρατεῖ
531 1625 587 1656 τοῖς
599 1624 690 1656 ὅπλοις
705 1624 775 1651 κατὰ
790 1625 891 1660 κράτος
901 1632 909 1641 ο

247 1672 349 1705 Δεσμεῖ
361 1671 390 1697 δὲ
404 1669 514 1705 συσχὼν
528 1670 576 1697 καὶ
590 1669 720 1706 τύραννον
737 1672 786 1706 τῆς
800 1670 913 1706 Κύπρου

251 1717 394 1752 Κομνηνδν
411 1716 526 1743 Ἰσάκιον
541 1716 598 1753 (68)
616 1716 729 1751 Ἔχετον
742 1717 858 1752 τρόπους
870 1724 878 1733 ο

159 1765 229 1794 5985
244 1765 298 1792 Καὶ
313 1763 506 1794 καταπλεύσας
521 1763 589 1797 πρὸς
615 1762 798 1798 Παλαιστίνης
815 1763 914 1795 τόπους

249 1810 410 1845 Στρὰτευμα
423 1809 570 1836 κατέλιπεν
587 1809 685 1835 οίκεῖον
702 1807 810 1843 Κύπρῳ

253 1857 285 1884 '0
297 1855 445 1891 Γερμανῶν
467 1854 517 1890 ρὴξ
526 1854 626 1890 δηλαδὴ
640 1853 694 1880 τῶν
714 1853 861 1887 Ίγκλίνων,

250 1902 306 1928 Καὶ
324 1901 401 1934 τῆσδ’
411 1899 572 1935 ἐκυρίευσεν
587 1899 623 1930 ὡς
639 1898 774 1934 υπηκόου,

246 1946 322 1981 Ζωῆς
336 1946 359 1972 δ’
369 1945 497 1980 ἀφορμὰς
510 1944 621 1971 αὐτόθεν
635 1944 814 1980 κεκτημένος.

161 1993 229 2021 5990
254 1993 299 2019 Ἐν
315 1991 354 2027 τῷ
366 1991 477 2027 μέλλειν
491 1991 519 2018 δὲ
531 1991 598 2026 πρὸς
612 1990 719 2026 πατρίδ’
734 1990 845 2018 ἀπιέναι

256 2039 335 2074 Ῥηγὶ
353 2038 466 2073 Κύπρον
483 2037 582 2064 δέδωκε
598 2037 646 2071 τῆς
661 2037 844 2072 Παλαιστίνης

249 2086 341 2112 Οίκείν
354 2093 385 2111 τε
403 2083 520 2118 ταύτην,
535 2084 558 2110 εί
574 2082 672 2118 σχολὴν
683 2082 746 2117 ἄγει
760 2083 863 2118 μάχης,

250 2131 306 2158 Καὶ
321 2130 462 2165 κυριεύειν
475 2130 523 2156 καὶ
538 2129 650 2164 κρατεῖν
664 2129 715 2162 τῆς
732 2129 876 2164 Κυπρίων,

256 2178 303 2209 Ὠς
316 2177 363 2204 ὑπ’
379 2176 484 2203 ἐκείνου
501 2175 740 2212 προσνεμηθείσης
753 2176 829 2211 πόθῳ

163 2224 232 2252 5995
248 2224 389 2258 Ζωηφόρῳ
405 2223 528 2258 μνήματι
540 2221 580 2257 τῷ
596 2221 643 2248 τοῦ
660 2221 775 2256 Κυρίου,

251 2270 305 2297 Καὶ
321 2268 503 2303 συναφθείσης
519 2269 576 2300 τοῖς
595 2267 672 2303 ὅροις
687 2267 885 2303 Παλαιστίνης.

250 2317 353 2350 ’Δγων,
368 2314 504 2349 μετάγων,
516 2313 651 2349 συγχέων,
664 2313 844 2348 μετατρέπων

254 2361 424 2397 Ἀνορὼπινα
439 2360 499 2386 θεῖά
512 2368 541 2386 τε
557 2360 711 2395 πράγματα
725 2359 838 2395 κράτωρ

251 2408 305 2434 Καὶ
316 2405 544 2442 δραματουργῶν,
559 2405 596 2436 ὡς
610 2405 724 2432 δέδοκτο·
736 2406 760 2431 οἱ
776 2405 860 2440 μόνῳ,

163 2454 232 2482 6000
253 2453 340 2484 Εὐθὺς
353 2451 464 2488 ἐρείσας
480 2451 525 2478 τὸν
539 2450 608 2477 πὸδα
625 2450 790 2486 κραταρχίᾳ.

250 2500 302 2526 Τὸν
318 2497 491 2533 πατριάρχην
501 2496 547 2523 τοῦ
559 2496 656 2532 θρόνου
671 2497 820 2532 παραλύει,

250 2545 302 2571 Τὸν
317 2543 486 2579 Καματηρὸν
497 2542 634 2569 Βασίλειον
651 2542 762 2574 ἀδίκως-

252 2591 304 2616 Τιν
317 2589 481 2624 Μουντάνην
496 2589 524 2615 δὲ
540 2588 664 2624 Νικήταν
677 2588 847 2622 ἀντεισάγει,

251 2635 442 2672 Τριπέμπελύν
453 2644 481 2662 τε
494 2635 542 2661 καὶ
553 2635 640 2670 χρόνῳ
657 2634 837 2670 παρειμένον

180 2763 236 2799 (67)
253 2762 290 2790 Ita
308 2761 453 2799 codex._Et
468 2761 576 2799 quidem
589 2761 670 2799 intra
682 2761 852 2799 Ephrgemius
878 2760 927 2799 de:

145 2795 232 2825 cla'mt'
243 2799 395 2826 Germanos
411 2797 460 2824 hoc
475 2798 575 2832 locorse
589 2795 738 2832 intelligere
748 2796 857 2832 Anglos,
878 2795 925 2832 qni

145 2835 208 2860 olim
235 2833 341 2860 scilicet
371 2833 398 2859 in
426 2831 619 2860 Britanniume
651 2831 801 2860 Germania
818 2831 930 2860 comun-

147 2874 303 2902 graverant.

862 142 885 172 Ο
892 141 967 171 .ESA
974 144 1054 174 llES.

944 205 964 230 Α
982 201 1050 228 Exin
1067 201 1237 229 alternabant
1254 202 1328 229 vario
1339 203 1448 236 affectu,

980 246 1091 280 insuper
1105 247 1306 274 contendebant
1319 249 1538 283 dimicabant-Ine

981 293 1051 327 regis
1063 293 1182 327 praedicti
1198 293 1368 329 Caesarisque
1383 295 1492 328 milites,

980 339 1065 366 donec
1081 339 1262 367 Alamannum
1276 348 1370 375 agmen
1389 340 1487 368 fretum
1506 341 1626 374 transiit,

980 388 1007 411 et
1030 384 1194 419 Philadelphi
1214 394 1298 420 usque
1314 387 1347 412 :ul
1365 388 1458 414 urbem
1475 388 1549 414 venit
1561 387 1575 413 ε’

980 430 1192 464 praeteriensque
1218 430 1363 466 Phrygiam
1381 437 1408 458 et
1420 431 1594 463 Laodiceam,

980 475 1061 502 celeri
1075 483 1155 502 cursu
1170 477 1293 509 pervenit
1310 476 1511 512 Philotnelimn,

981 518 1024 545 ubi
1038 526 1084 545 rex
1099 526 1214 553 pugnam
1231 526 1290 545 cum
1303 519 1410 547 sultano
1424 520 1486 552 ciet,

981 571 1067 598 eoque
1083 565 1166 596 vieto.
1179 565 1280 600 potitur
1296 566 1432 600 oppidulo,

980 609 1062 645 idque
1075 611 1208 644 direptum
1225 612 1362 639 consumit
1379 612 1515 645 incendio.

981 656 1072 692 Pergit
1086 657 1184 685 deinde
1199 659 1232 684 ad
1247 657 1369 687 Iconium
1385 658 1492 690 urbem,

981 711 1060 738 quam
1079 708 1223 739 postquam
1239 705 1402 739 expugnavit
1420 705 1520 731 virtute
1536 703 1645 738 bellica,

982 750 1148 784 propositum
1165 750 1215 777 sibi
1232 751 1448 785 prosequebatur
1461 751 1530 778 iter:

979 794 1091 830 jamque
1105 797 1136 822 ad
1155 796 1278 823 Antiochi
1296 798 1391 824 urbem
1408 797 1581 831 properabat,

981 849 1042 868 cum
1060 840 1207 869 sull'oratus
1220 848 1272 875 est,
1287 850 1303 868 o
1323 841 1369 869 Dei
1384 841 1507 877 judicia!

945 880 966 907 Β
983 887 1082 921 rapidis
1099 889 1179 916 undis
1197 889 1316 919 ﬂuminis
1331 893 1471 927 abreptus.

980 933 1068 969 Ipsius
1084 941 1175 963 autem
1191 937 1262 964 Iilius
1277 943 1406 972 suscepto
1423 939 1538 972 imperio

980 987 1065 1014 usque
1076 982 1109 1008 ad
1125 981 1249 1009 Antiochi
1263 976 1435 1018 progreditur
1445 985 1557 1012 urbem:

981 1026 1053 1054 unde
1066 1027 1099 1054 ad
1114 1028 1240 1063 Syriacas
1260 1037 1374 1064 pergens
1386 1030 1524 1063 civitates,

980 1072 1167 1107 Agarenorum
1180 1073 1276 1109 jugum
1291 1076 1325 1102 ab
1336 1075 1389 1102 illis
1398 1076 1502 1110 depulit
1516 1085 1524 1103 :

980 1119 1137 1154 Christique
1168 1128 1251 1148 causa
1272 1121 1418 1156 plurimum
1436 1122 1574 1155 laborans,

982 1165 1004 1192 is
1020 1172 1128 1200 quoque
1142 1166 1205 1193 vita:
1218 1167 1360 1194 terminum
1381 1167 1437 1194 illic
1452 1168 1557 1195 habuit.

981 1209 1049 1237 Tum
1062 1210 1203 1238 Alamanni
1217 1212 1333 1240 navibus
1345 1213 1479 1241 inscensis

981 1257 1082 1284 reversi
1098 1257 1201 1285 suntin
1217 1259 1332 1293 patriam
1351 1258 1512 1287 incolumes.

982 1392 1040 1420 Rex
1055 1401 1162 1428 quoque
1173 1393 1268 1420 Galliae
1285 1399 1310 1420 et
1328 1393 1476 1420 Britttnnite
1489 1393 1614 1421 dominus

982 1447 1043 1466 cum
1062 1439 1192 1466 classibus
1205 1439 1316 1465 armatis
1337 1443 1576 1473 supervenerunt;

981 1491 1095 1520 eumque
1106 1484 1245 1519 Agarenos
1260 1484 1359 1518 pellere
1374 1491 1406 1512 ex
1424 1484 1489 1511 urbe
1501 1488 1594 1511 saneta

944 1546 967 1576 α
984 1530 1085 1558 frustra
1100 1533 1261 1564 tentassent,
1279 1536 1307 1557 ut
1320 1529 1483 1557 Christianis
1499 1529 1649 1561 traderent,

983 1576 1090 1604 marino
1111 1583 1219 1603 rursum
1233 1583 1316 1603 cursu
1330 1576 1355 1602 in
1368 1575 1481 1610 patriam
1496 1574 1622 1601 redeunt.

982 1621 1068 1649 Antea
1088 1627 1176 1649 tamen
1194 1622 1221 1648 in
1235 1622 1353 1657 Cyprum
1372 1621 1552 1649 exscenderat

983 1667 1130 1703 Anglorum
1146 1675 1205 1701 rex,
1218 1673 1245 1695 et
1272 1666 1357 1694 insula
1373 1667 1474 1701 politus
1487 1666 1585 1699 fuerat,

982 1713 1095 1748 ejusque
1109 1713 1205 1740 vinclis
1226 1718 1368 1748 tyrannum
1382 1713 1532 1740 tradiderat

982 1759 1149 1786 Conmenunt
1166 1757 1308 1790 lsaacium,
1328 1758 1463 1785 novellum
1485 1757 1627 1785 Ecbelum.

983 1803 1052 1832 Tum
1069 1804 1231 1832 Palaestinas
1246 1803 1376 1838 navigans
1390 1803 1423 1830 ad
1442 1808 1539 1836 terras,

983 1851 1138 1886 praesidium
1154 1858 1233 1878 suum
1250 1849 1276 1877 in
1290 1850 1378 1885 Cypro
1393 1849 1542 1885 reliquerat

983 1897 1219 1931 Germanicorum,
1243 1897 1362 1931 inquam,
1379 1905 1426 1924 rex
1442 1896 1600 1931 Anglorum,

983 1943 1096 1978 ejusque
1107 1943 1245 1970 dominum
1258 1951 1287 1970 se
1302 1943 1414 1977 gerebat
1425 1942 1531 1976 insulae,

983 1993 1012 2016 et
1029 1994 1208 2017 commeatum
1225 1989 1303 2016 militi
1317 1988 1380 2016 hinc
1397 1988 1576 2016 subvehebat.

983 2034 1083 2063 Verum
1100 2036 1126 2062 in
1143 2035 1257 2071 patriam
1277 2042 1437 2063 reversurus
1451 2041 1544 2069 postea

983 2082 1100 2118 Cyprum
1117 2081 1226 2109 donavit
1240 2080 1384 2108 Palmstino
1404 2080 1471 2115 regi,

984 2133 1013 2155 ut
1027 2127 1081 2154 illic
1096 2127 1170 2161 pacis
1187 2131 1307 2161 tempore
1319 2127 1402 2154 vitam
1416 2127 1537 2160 degeret,

983 2179 1011 2201 et
1026 2173 1187 2208 Cypriorum
1203 2179 1291 2207 regem
1308 2177 1394 2200 semet
1412 2177 1528 2207 gereret,

949 2214 972 2244 D
986 2220 1057 2254 quod
1073 2218 1124 2253 ipsi
1136 2225 1248 2253 regnum
1262 2217 1357 2245 tribuit
1377 2217 1474 2244 alTectu
1486 2218 1531 2251 pio

990 2270 1101 2301 propter
1115 2264 1251 2292 viviﬂcum
1273 2263 1377 2291 Domini
1394 2263 1560 2298 sepulcrum,

987 2313 1050 2348 quia
1066 2318 1148 2346 prope
1164 2310 1314 2338 Palaestina:
1328 2309 1393 2337 lines
1404 2314 1474 2337 erat.

986 2358 1095 2385 Interim
1105 2358 1252 2390 imperator
1264 2363 1312 2384 sus
1325 2356 1411 2390 deque
1429 2355 1527 2390 agebat

985 2408 1082 2431 cuncta
1097 2404 1212 2430 humana
1229 2407 1255 2429 et
1272 2402 1361 2429 divina
1383 2401 1484 2432 ferens.
1503 2401 1622 2436 rapiens,

987 2442 1169 2481 commutans,
1185 2453 1214 2475 ut
1229 2448 1257 2475 ﬁt
1273 2448 1299 2475 in
1311 2448 1412 2481 scenis,
1423 2455 1471 2482 pro
1482 2455 1531 2475 suo
1543 2447 1667 2482 arbitrio,

987 2502 1092 2522 summa
1110 2493 1234 2521 videlicet
1248 2493 1334 2521 fretus
1349 2498 1492 2528 potestate.

989 2541 1059 2568 Sede
1073 2540 1170 2575 deiecit
1184 2539 1282 2574 injuste
1299 2539 1433 2567 sententia
1535 2573 1537 2575 _

989 2587 1161 2615 Camaterum
1179 2585 1307 2612 Basilinm
1323 2585 1505 2619 patriarcham
1521 2593 1529 2612 :

995 2630 1192 2664 substituitque
1205 2629 1326 2657 Nicetam
1341 2628 1499 2656 Montanum

991 2677 1031 2705 vel
1047 2677 1135 2712 potius
1145 2676 1338 2710 dt‘polllalluﬂl,
1351 2673 1506 2703 conlectum
1524 2676 1602 2705 senio
1616 2684 1626 2710 ;

1023 2760 1079 2797 (68)
1096 2760 1162 2788 Cod.
1181 2760 1314 2797 _’A).é$:ov,
1330 2759 1472 2797 manifesro
1485 2766 1588 2797 errore,
1604 2766 1686 2797 quem
1702 2766 1781 2787 coar-

982 2794 1040 2832 guit
1051 2796 1169 2832 Hicetas,
1180 2795 1235 2832 into
1249 2797 1362 2832 ipsemet
1375 2795 1554 2828 Epitrtentius,
1564 2796 1614 2832 _qu_i
1628 2795 1661 2822 de
1677 2794 1781 2823 [saucio

983 2829 1065 2867 Cypri
1081 2835 1195 2867 tyranno
1211 2831 1237 2858 in
1253 2829 1440 2866 superioribus
1462 2831 1541 2858 verba
1560 2829 1636 2857 fecit.
