1926 3071
182 100 235 133 231
743 100 945 134 EI’Hlt/Ellll
965 99 1266 131 cnnomamrnt
1762 99 1818 132 232

182 159 216 186 ad
235 158 402 194 puuitionem
417 158 520 194 justam
535 159 796 194 corrcctionemque,

183 205 228 240 qui
245 204 293 232 Dei
310 204 497 233 misericordis
513 212 570 233 mos
587 212 650 234 esse
663 206 751 240 solet;

182 250 230 278 sed
245 251 307 286 quia
320 250 415 278 Brana:
430 251 597 286 tyrannidem
610 256 719 279 secutus
731 257 790 279 erat

182 297 352 324 Christianus
373 297 489 333 populus
508 298 621 333 imperio
634 298 775 331 deficiens,

182 343 285 370 idcirco
299 343 340 370 his
358 351 418 371 esse
437 343 596 378 implicitum
613 344 705 372 aiebat
719 344 810 371 malis.

183 389 204 416 0
218 396 303 416 scaeva
319 389 425 423 ingenia
442 389 580 424 stultaque
591 388 708 417 consilia

182 434 266 469 siquis
283 437 353 462 hanc
371 438 489 462 mentem
505 434 576 470 gerit
590 439 617 462 et
634 434 812 466 sententiam,

182 480 288 515 piorum
303 487 400 515 nempe
412 480 569 509 innumeras
583 488 599 507 a
615 480 671 508 Deo
687 486 813 508 catervas

182 526 303 554 barbarae
315 526 389 562 genti
403 526 436 554 ad
449 526 589 554 interitum
610 527 685 554 tradi

181 572 326 606 quamlibet
341 577 450 607 propter
465 573 568 600 erroris
579 572 729 604 insaniam.

182 625 234 652 qua
246 618 328 646 lassus
341 620 377 646 sit
392 619 508 647 fortasse
522 619 646 646 mortalis
659 618 785 646 dominus
801 618 808 645 i

181 664 252 697 Quin
267 665 335 692 adeo
350 665 531 693 universalem
549 665 736 693 monarchiam
753 664 805 692 sibi

182 711 332 739 vaticinans
347 711 508 746 spondebat,
518 716 546 739 et
562 711 738 738 Palaestinam

179 756 246 791 jugo
262 757 425 785 subtractam
441 757 608 785 redditurqu
621 764 649 784 se
668 756 780 791 imperio
799 764 806 789 ;

182 808 209 830 et
221 810 251 830 se
266 803 307 830 lac
327 803 486 838 populorum
498 803 673 834 ebibiturutn,

182 849 292 876 divitias
307 853 475 881 voraturum,
491 854 518 876 et
531 849 720 884 pinguedinem

183 895 308 922 medullis
321 896 527 927 exhausturum,
544 900 571 922 ut
585 895 622 922 ait
638 895 780 930 propheta.

182 940 303 968 Ellutivit
317 940 399 968 etiam
413 941 500 976 palam
516 941 542 968 in
560 941 689 968 concione

182 985 291 1013 disertis
309 986 409 1019 verbis,
425 993 537 1013 romano
551 985 735 1013 Andronicum

184 1031 356 1066 prmfuturum
371 1032 448 1059 annis
465 1032 577 1065 imperio
594 1039 710 1065 novem;

183 1079 208 1105 ni
224 1078 373 1113 redegisset
390 1078 459 1105 Deus
476 1078 509 1105 ad
527 1078 688 1108 triennium,

182 1131 214 1151 ex
230 1131 283 1158 quo
301 1123 473 1151 Andronicus
488 1127 595 1158 sceptro
614 1122 688 1150 abuti
703 1127 822 1158 cmperat
838 1131 844 1149 :

181 1169 349 1196 subtractum
365 1174 455 1196 autem
471 1168 627 1196 Andronico
641 1168 811 1200 sexennium,

183 1223 231 1242 ceu
244 1221 371 1250 purpura:
391 1219 561 1250 segmentum
579 1214 602 1242 ri
623 1214 768 1248 direptum,

182 1261 215 1287 ad
232 1261 273 1287 sui
287 1261 371 1287 fuisse
386 1261 520 1295 adjectum
535 1260 609 1295 regni
627 1261 743 1294 spatium
764 1269 770 1287 :

182 1313 266 1341 seque
278 1312 421 1341 propterea
435 1307 515 1341 perid
527 1307 686 1334 sexennium

183 1351 300 1379 fortasse
314 1352 522 1388 haudquaquam
535 1352 591 1379 fore
607 1360 719 1386 prorsus
736 1354 878 1387 optimum.

185 1396 284 1425 Verum
300 1405 335 1425 ne
348 1397 447 1433 elapsis
462 1399 569 1433 quidem
585 1398 720 1433 praedictis
735 1400 813 1428 annis

183 1443 257 1470 visus
269 1448 309 1470 est
325 1451 414 1471 mores
426 1451 489 1471 suos
502 1443 626 1471 conferre
645 1445 669 1471 in
686 1445 791 1473 melius.

183 1487 345 1516 Blaclwrum
364 1496 429 1524 gens
437 1489 493 1524 jam
509 1494 567 1516 erat
585 1490 773 1522 intolerabilis,

182 1535 313 1562 Romanis
329 1535 422 1570 spoliis
439 1536 629 1571 manubiisque
647 1537 721 1563 divus

183 1581 344 1615 eximiisque
358 1581 453 1615 opibus
472 1582 605 1609 instructa
619 1584 651 1609 ad
669 1582 765 1610 bellum
784 1591 792 1611 :

183 1634 266 1660 «piare
280 1626 429 1654 lloruanam
448 1627 591 1655 ineursans
607 1629 775 1663 provinciam

184 1673 312 1706 oppidum
331 1673 446 1699 Varnam
464 1674 535 1708 cepit
549 1681 610 1701 cum
628 1675 772 1708 Auchialo,

183 1725 210 1746 et
227 1718 373 1746 'friaditza:
388 1727 495 1755 quoque
511 1720 610 1748 invasit
627 1728 732 1756 agrum,

183 1765 310 1794 Naismun
327 1767 429 1795 delevit
446 1767 562 1802 denique
578 1776 638 1795 cum
655 1769 790 1805 Stumpio,

184 1811 313 1839 abductis
329 1813 391 1841 inde
408 1813 558 1842 innumeris
575 1815 722 1848 manubiis,

183 1858 250 1885 viris
265 1866 326 1885 cum
345 1859 467 1893 feminis,
485 1865 511 1888 et
526 1861 651 1896 gregibus
664 1863 826 1897 omnigenis.

182 1903 334 1932 Conclusus
351 1911 416 1940 ergo
431 1913 638 1940 quaquaversus
654 1908 776 1936 hostibus

185 1957 235 1977 nec
249 1950 304 1984 jam
323 1951 391 1978 tueri
407 1953 492 1979 vietos
509 1952 602 1981 valens
619 1953 721 1986 Cmsar,

183 1996 332 2023 exercitqu
349 1997 472 2025 bifariam
490 1999 582 2027 divisit
597 2000 726 2033 ducibus,"

186 2043 284 2076 partim
303 2043 336 2070 ad
350 2043 424 2070 locos
436 2044 532 2079 jubens
546 2045 622 2073 abire
639 2046 790 2082 hesperios,

185 2088 282 2122 partial
296 2089 329 2116 ad
348 2095 433 2117 terras
448 2097 550 2125 nupero
566 2091 683 2120 aﬂlietas
694 2092 764 2121 bello
783 2102 790 2120 :

188 2133 360 2170 Val-namque
377 2135 539 2164 instauravit
555 2145 614 2164 cum
630 2139 774 2172 Auchialo,

185 2182 363 2217 idoneumque
378 2182 504 2217 imposuit
520 2183 560 2212 his
575 2184 744 2219 praesidium.

185 2226 244 2261 Ipse
257 2229 395 2262 prolectus
413 2229 499 2257 denuo
517 2229 723 2265 Philippopolim

185 2272 331 2300 bltesorum
349 2281 381 2300 ac
396 2273 557 2310 Scytharum
572 2277 700 2310 repressit
715 2277 844 2312 impetum

184 2321 212 2344 et
225 2325 272 2344 sua
291 2320 435 2353 praesentia
451 2325 474 2347 et
488 2319 603 2348 ducibus
619 2322 795 2355 pugnacibus.

183 2364 303 2397 Cutqu
318 2363 450 2392 Τιὶὺαιιιιε
467 2366 590 2400 princeps
610 2366 767 2400 Senpiorum
789 2369 881 2397 urbem

184 2416 244 2435 cum
259 2409 384 2436 universo
399 2418 464 2445 agro
480 2412 664 2446 popularetur,

184 2454 311 2489 impetum
330 2456 393 2482 iecit
410 2457 501 2483 Caesar
514 2464 574 2484 eum
588 2459 708 2485 exercitu

183 2499 311 2535 illumque
327 2502 642 2537 triumphaliprostravit
658 2505 759 2539 praelia.

183 2545 250 2572 Exin
270 2547 427 2579 prmteriens
440 2554 567 2576 cunctum
583 2549 669 2577 Naissi
682 2559 787 2586 agrum,

183 2599 394 2627 progressusque
405 2595 438 2622 ad
453 2595 532 2630 aiupl-
546 2595 645 2623 ﬂuentia
662 2596 736 2631 Stvi,

183 2638 218 2665 ibi
237 2639 262 2665 in
279 2646 453 2675 Congressum
471 2642 544 2669 venit
557 2651 619 2669 cum
632 2651 696 2670 caro
713 2651 821 2677 socero.

182 2684 224 2710 eui
238 2683 307 2712 Bel-.e
320 2694 417 2713 nomen
432 2693 502 2720 erat,
516 2687 640 2723 ngariaa
656 2697 734 2724 rege;

181 2730 260 2765 cujus
275 2731 409 2766 colloquio
425 2732 533 2766 fruitus,
550 2740 629 2769 atque
646 2739 674 2762 ut
691 2735 780 2764 decuit

184 2775 299 2803 invicem
317 2777 461 2812 impertitis
476 2780 577 2807 amoris
592 2780 687 2814 signis,

184 2819 257 2849 illinc
276 2829 401 2851 reversus
416 2829 469 2858 est,
484 2830 598 2854 vocante
613 2825 711 2859 cilicio,

983 163 1005 189 Α
1129 158 1199 192 Πρὸς
1220 156 1411 192 σωφρονισμὸν
1427 156 1600 192 μαστίγωσιν
1616 157 1743 192 μετρίαν,

1130 199 1224 238 ⁷ῌπερ
1239 201 1396 235 φιλοίκτου,
1415 200 1576 236 συμπαθοῦς
1587 200 1655 228 Θεοῦ
1665 201 1756 236 νόμος·

1043 248 1114 276 6125
1133 248 1195 275 Ὀτι
1210 247 1233 273 δ’
1249 246 1337 273 ὀπίσω
1354 246 1401 281 τῆς
1421 246 1512 281 Βρανᾶ
1528 245 1689 281 τυραννίδος

1138 293 1260 330 Ὑπῆρξε
1278 293 1353 325 λαὸς,
1371 292 1442 319 τοῦδ’
1460 292 1582 324 ἀποστὰς
1595 291 1642 318 τοῦ
1662 292 1794 328 κράτους,

1130 341 1251 368 Τοιοῐσδε
1266 340 1362 370 κακοῖς
1377 349 1381 359 ι
1393 338 1549 365 ἐκδεδόσθαι
1561 338 1673 374 συνέϐη.

1130 387 1163 412 Ὤ
1177 386 1230 412 τῶν
1245 384 1364 419 πονηροῦ
1382 384 1552 419 σκεμμάτων
1569 385 1616 410 καὶ
1627 384 1794 420 σπερμάτων
1807 385 1814 412 !

1129 432 1161 458 Εἰ
1177 430 1266 457 ταῦτά
1284 430 1356 461 τινές
1368 431 1436 456 είσιν
1449 429 1641 465 ὑπειληφότες,

1041 477 1109 506 6150
1133 477 1179 509 Ὠς
1193 476 1326 512 μυριάδας
1343 475 1465 502 εὐσεὸὦν
1477 475 1574 507 ἐκδοὺς
1589 475 1648 511 ἔχει

1126 524 1191 555 Θεὸς
1204 523 1272 558 πρὸς
1288 521 1427 549 ἀπώλειαν
1443 521 1514 548 ἔθνει
1530 521 1674 558 βαρϐάρῳ,

1128 569 1292 596 Οὑτινοσοῦν
1307 569 1456 603 ἀντίψυχον
1470 567 1617 604 παροινίας

1127 616 1224 646 Ὂντος
1238 614 1300 642 καθ’
1313 615 1389 650 ἡμᾶς
1405 614 1453 641 τοῦ
1466 614 1562 645 κακῶς
1579 613 1757 645 πεπονθότος.

1125 661 1195 696 Πρὸς
1212 660 1298 687 τοῖσδε
1314 659 1515 695 προὺφοίσαζεν
1528 661 1565 692 ὡς
1581 660 1732 695 μοναρχίαν

1037 707 1106 735 6155
1125 707 1327 742 Περιϐαλεῐται,
1336 707 1384 734 καὶ
1393 707 1577 741 Παλαιστίνην
1589 706 1670 734 πάλιν

1130 753 1335 789 Ἐλευθερώσας
1350 754 1502 789 προσνεμεῖ
1517 754 1690 788 κραταρχίᾳ·

1131 800 1186 827 Kal
1198 799 1270 834 γάλα
1286 799 1308 826 δ’
1324 799 1409 827 ὲθνῶν
1422 799 1536 835 θηλάσει
1552 800 1623 826 κατὰ
1638 801 1730 835 κόρον,

986 839 1010 870 Β
1134 846 1189 872 Καὶ
1204 846 1322 873 πλοῦτον
1337 846 1429 873 αὐτῶν
1444 846 1564 881 φάγεται
1582 846 1631 872 καὶ
1644 847 1679 872 τὰ
1698 846 1773 882 πάχη

1136 892 1282 928 Ἐκμυελεῖ
1295 894 1366 920 κατὰ
1385 893 1434 929 τὴν
1451 893 1593 921 θεοπτίαν.

1042 939 1071 966 61
1082 939 1112 966 ίί)
1132 940 1187 967 Kal
1197 939 1271 966 τοῦτ’
1284 940 1399 975 ἀμαθῶς
1417 939 1556 974 συλλόγων
1568 939 1724 974 ὴλισμένων

1131 987 1257 1022 Ἔφασκε
1273 987 1419 1023 λαμπρῶς,
1434 987 1472 1018 ὠς
1496 985 1666 1021 Ἀνδρόνικος
1681 985 1787 1020 χρόνων

1130 1033 1264 1069 Ἐμελλεν
1280 1033 1372 1070 ἄρξειν
1386 1033 1485 1061 ἐννάδα
1507 1032 1670 1068 Ῥωμαῖδος·

1126 1080 1191 1112 Θεὸς
1204 1080 1233 1106 δὲ
1245 1080 1415 1107 συνέστειλεν
1429 1080 1469 1112 είς
1483 1080 1532 1115 τὴν
1549 1080 1658 1116 τριάδα,

1128 1126 1221 1153 Κακοῦ
1240 1127 1370 1161 φανέντος
1394 1127 1564 1162 Ἀνδρονίκου
1580 1128 1619 1163 τῷ
1632 1128 1740 1164 κράτει.

1041 1170 1110 1198 6145
1135 1172 1168 1198 Ἦ
1188 1172 1211 1198 δ’
1228 1171 1291 1205 ἑξὰς
1302 1172 1373 1208 αὕτη
1396 1173 1450 1200 τῶν
1466 1174 1570 1209 χρόνων
1592 1175 1761 1210 Ἀνδρονίκου

1133 1217 1178 1250 Ὠς
1193 1219 1322 1255 πορφύρᾳ
1339 1220 1422 1255 ῥάκος
1433 1229 1460 1247 τι
1471 1221 1671 1257 διερῤηγμένον

1134 1264 1329 1301 Ἐπιῦἐὸληται
1343 1266 1420 1293 τοῦδε
1437 1268 1469 1301 τῇ
1486 1267 1643 1303 κραταρχίᾳ
1657 1275 1664 1284 ο

1126 1311 1182 1337 Kal
1194 1312 1265 1339 κατὰ
1282 1312 1392 1344 τούτους
1405 1314 1456 1340 οὐκ
1466 1313 1567 1347 ἀγαθὸς
1579 1314 1642 1345 τοὺς
1657 1313 1772 1349 χρόνους

1129 1358 1230 1386 Γένοιτ’
1247 1358 1281 1385 ἂν
1297 1358 1362 1390 ῐσως
1377 1358 1438 1386 οὐδὲ
1457 1359 1569 1394 βελτίων
1585 1360 1668 1387 πάνυ.

1038 1406 1107 1434 6150
1133 1406 1209 1433 Ἐπεὶ
1220 1405 1248 1432 δὲ
1266 1405 1441 1440 παρέδραμεν
1455 1405 1517 1437 ἑξὰς
1529 1406 1584 1432 τῶν
1597 1406 1710 1441 χρόνων,

1129 1453 1215 1484 Αὐτὸς
1226 1451 1309 1478 πάλιν
1317 1449 1350 1487 ἦν
1364 1451 1413 1486 οὺχ
1431 1451 1528 1478 ἑαυτοῦ
1545 1451 1668 1487 βελτίων.

1132 1497 1245 1533 Βλάχων
1259 1496 1382 1532 ὑπῆρξεν
1397 1496 1585 1524 ἀνυπόστατον
1603 1497 1687 1532 φῦλον

1130 1542 1255 1579 Πλησθὲν
1269 1543 1400 1578 λαφύρων
1430 1542 1592 1578 Ῥωμαϊκῶν
1607 1544 1656 1571 καὶ
1671 1545 1780 1572 σκύλων

1128 1589 1183 1616 Kal
1195 1588 1313 1616 πλοῦτον
1327 1589 1412 1624 ἁϐρὸν
1428 1589 1538 1616 ὲνδυθὲν
1554 1590 1621 1625 πρὸς
1640 1590 1688 1626 τῆς
1703 1592 1808 1626 pm:

1038 1634 1108 1661 6l55
1127 1634 1223 1661 Τοίνυν
1238 1634 1493 1670 ὲπῄειῬωμαῖκοῖς
1511 1635 1633 1671 χωρίοις,

1127 1678 1182 1705 Καὶ
1196 1678 1304 1713 Βάρνιν
1319 1675 1375 1706 εἷλε
1390 1682 1439 1707 σὺν
1459 1681 1596 1717 Ἀγχιάλῳ
1608 1681 1701 1714 πόλεις

1127 1724 1181 1750 Kal
1198 1723 1360 1759 Τριαδίτζης
1373 1725 1530 1761 κατέδραμε
1544 1727 1607 1758 τοὺς
1623 1727 1715 1762 ὅρους,

1126 1769 1181 1795 Kal
1192 1769 1276 1796 Νίσον
1287 1769 1406 1804 ἠφάνισε
1419 1771 1468 1798 σὺν
1479 1771 1518 1807 τῷ
1526 1772 1685 1808 Στουμττίῳ,

1126 1814 1210 1842 Λείαν
1222 1816 1328 1843 ἐκεῖθεν
1344 1817 1490 1852 ἀπαγαγὸν
1507 1818 1609 1854 μυρίαν

1038 1861 1109 1888 6160
1135 1860 1264 1896 ’Δνδρῶν,
1280 1863 1429 1897 γυναικῶν,
1441 1864 1623 1891 παντοδαπῶν
1636 1866 1753 1900 ἀλόγων.

1128 1909 1322 1945 Κυκλούμενος
1349 1910 1415 1944 γοῦν
1429 1912 1485 1942 τοῖς
1496 1911 1607 1947 ἐχθροῖς
1623 1913 1807 1947 πανταχόθεν,

1128 1955 1183 1982 Καὶ
1198 1956 1236 1990 μὴ
1253 1956 1354 1983 σθένων
1366 1957 1517 1993 πάσχουσιν
1530 1959 1644 1993 ἀμύνειν
1655 1960 1735 1994 ἄναξ,

1127 2001 1176 2032 Εἰς
1191 2002 1255 2033 τοὺς
1272 2004 1444 2038 στρατηγοὺς
1460 2005 1590 2039 στρατιὰν
1603 2007 1787 2041 κερματὶσας,

1126 2045 1182 2080 Τὴν
1196 2046 1246 2081 μὲν
1262 2047 1342 2082 μέρει
1358 2048 1490 2083 πέπομφε
1503 2049 1573 2085 πρὸς
1589 2051 1720 2086 ἑσπέραν,

1042 2090 1113 2118 6165
1133 2091 1220 2128 Ἀλλῃ
1234 2092 1262 2119 δὲ
1276 2093 1355 2129 τήνδε
1371 2095 1440 2129 πρὸς
1457 2096 1556 2122 πονοῦν
1573 2097 1683 2129 πάντως
1709 2100 1806 2135 μέρος,

1126 2137 1181 2164 Καὶ
1198 2137 1306 2173 Βάρναν
1323 2139 1449 2167 ἀνέκτισε
1468 2142 1517 2168 σὺν
1542 2142 1688 2178 Ἀγχιάλη),

983 2186 1010 2218 υ
1129 2182 1184 2208 Kal
1198 2183 1289 2210 ταῖσδε
1303 2186 1425 2220 φρουρὰν
1439 2186 1533 2222 ἱκανὴν
1551 2187 1708 2222 ὐπεισάγει·

1132 2227 1219 2260 Αὐτὸς
1233 2229 1256 2256 δ’
1269 2230 1385 2261 ἐπιστὰς
1396 2233 1429 2267 τῇ
1442 2232 1576 2260 Φιλίππου
1594 2235 1641 2260 καὶ
1659 2235 1740 2262 πάλιν

1127 2274 1229 2301 Μυσῶν
1246 2283 1275 2302 τε
1293 2276 1405 2304 Σκυθῶν
1418 2279 1573 2314 ἁνεχαίτιζε
1595 2281 1690 2315 στίχας

1041 2319 1110 2346 6170
1130 2320 1184 2346 Kal
1199 2320 1233 2347 δι’
1246 2322 1343 2348 ἑαυτοῦ
1360 2323 1407 2350 καὶ
1421 2325 1582 2360 στρατηγῶν
1594 2326 1726 2354 nidulo»-

1129 2367 1186 2394 Kal
1196 2368 1384 2404 τριόαλάρχου
1399 2371 1598 2408 καταεῃοῦντος
1612 2372 1689 2399 πόλιν

1127 2412 1180 2439 Σὺν
1193 2414 1250 2445 τοῖς
1265 2415 1344 2450 πέριξ
1360 2415 1447 2442 ἆπασι
1459 2416 1507 2453 τὴν
1522 2417 1576 2444 τῶν
1591 2418 1716 2445 Σκοπίων
1727 2438 1734 2450 ,

1131 2459 1222 2494 Ὀρμᾷ
1236 2460 1296 2487 κα;’
1309 2461 1393 2488 αὐτοῦ
1411 2461 1539 2495 βασιλεὺς
1550 2465 1598 2491 σὺν
1609 2464 1734 2500 δυνάμει,

1126 2504 1303 2538 Συμπλακεὶς
1313 2506 1430 2541 ἥττησεν
1440 2509 1520 2535 αὐτὴν
1532 2510 1666 2545 ἐσχάτως.

1040 2549 1109 2576 6175
1129 2550 1227 2585 Χῶρον
1245 2551 1422 2587 παραλλάξας
1435 2554 1464 2581 δὲ
1479 2554 1569 2582 πάντα
1583 2555 1629 2582 τοῦ
1644 2556 1730 2583 Νίσου

1132 2597 1187 2623 Kal
1201 2597 1267 2631 πρὸς
1284 2599 1405 2626 Σάουὸον
1425 2602 1574 2635 πεφθακὼς
1590 2603 1734 2639 βαθυδίνην

1127 2641 1233 2670 Ἐκείσε
1253 2645 1378 2679 συνέμιξε
1399 2647 1516 2684 κηδεστῇ
1532 2649 1602 2685 φίλῳ

1126 2688 1266 2723 Οΰγγρίας
1282 2691 1348 2726 ρηγὶ
1360 2692 1397 2727 τῷ
1412 2693 1483 2729 Bal;
1494 2695 1657 2732 κεκλημένῳ
1666 2716 1674 2730 ,

1126 2735 1181 2762 Καί
1197 2736 1221 2762 οξ
1236 2737 1458 2772 προσαγόρευσιν
1472 2740 1630 2769 ἀποτιννύει

1037 2779 1107 2807 6180
1127 2780 1183 2806 Kal
1198 2782 1248 2816 τὴν
1263 2783 1395 2819 πρεπὼδη
1411 2784 1537 2817 δεξίωσιν
1552 2789 1600 2814 καὶ
1617 2788 1719 2824 σχέσιν·

1104 2832 1105 2837 ‘
1125 2827 1231 2854 Ἐπειέ
1248 2829 1351 2866 ἐκεῖθεν
1363 2830 1521 2867 ἀπαναστὰς
1535 2833 1572 2867 ὡς
1586 2834 1644 2862 δέον
1654 2855 1662 2866 .
