1926 3071
128 119 182 152 237

856 111 1039 157 οὲελῐιὲς,
1076 162 1079 163 ν
1703 124 1753 160 9‘23

145 177 219 205 6295
237 177 308 205 Μεθ’
324 178 433 214 ἡμέρας
449 179 472 206 δ’
488 180 582 207 εἴσεισι
599 181 645 207 καὶ
661 164 771 216 κράτωρ
790 181 866 208 πόλιν
878 202 884 213 ,

857 192 884 213 υ,
935 193 956 218 Α
973 184 1037 211 Post
1055 184 1111 212 dies
1128 184 1232 220 aliquot
1246 182 1338 214 Gaesar
1355 194 1462 222 quoque
1480 187 1506 215 in
1525 185 1617 215 urbem

236 224 275 251 Οὐ
291 225 376 251 πᾶσιν
391 226 526 258 ἀσπάσιος
539 224 576 252 ὧν
591 226 672 262 χάριν
687 227 752 262 ἕδρα

234 271 281 302 Είς
297 271 430 305 σύγγονον
446 272 524 307 φίλον
541 281 569 299 τε
584 274 632 300 καὶ
649 273 776 308 βασιλέα,

235 317 268 344 Οἳ
282 319 330 344 καὶ
344 319 570 354 παρεφθέγγοντο
584 320 720 354 δήπουθεν
735 321 797 347 τάδε
808 341 815 351 ,

243 363 293 390 Ἂν
307 362 380 391 οἶδεν
396 363 468 400 ὕδωρ
482 366 545 396 τοὺς
559 366 724 396 πεπωκότας
745 367 862 400 πνίγειν,

168 409 220 436 500
241 409 273 435 Τί
288 410 382 436 λοιπὸν
402 410 466 437 ἄλλο
480 411 527 437 καὶ
542 411 611 438 πιὼν
631 412 745 446 ζήσαιτό
766 420 826 445 τις;

232 454 263 480 Εἰ
276 454 299 480 δ’
311 454 342 480 οὐ
354 454 502 490 λυτροῦται
514 455 560 482 τὸν
579 455 712 491 σύναιμον
726 457 851 483 κινδύνου

237 499 268 526 Ὀ
284 500 360 534 φίλος
376 501 553 536 αὺτάδελφος,
566 503 669 537 οἴχεται
683 502 772 536 φύσις.

236 546 332 580 Ὅμως
347 547 492 582 παρελθὼν
505 549 545 580 είς
557 548 624 575 νεὼν
638 549 704 575 Θεοῦ
722 551 808 584 μέγαν

243 594 299 620 Καὶ
309 595 464 626 ταινιωθεὶς
480 596 542 621 ταῖν
557 596 649 630 χεροῖν
663 595 812 630 ἀρχιούτου
823 615 830 628 ,

141 637 215 666 6505
237 639 358 671 Ἐξεισιν
369 638 447 672 αὖθις
462 640 499 672 ὡς
512 640 571 672 ἔθος
585 642 780 676 στεφηφόροις·

231 687 331 718 Ἵππος
350 687 492 722 προσήχθη
508 687 612 722 γαῦρος
627 688 668 719 είς
686 687 820 714 ἱππασίαν

227 733 375 764 Φατνιστὸς
388 732 544 768 Ἀρρἀσιος,
561 733 591 760 εὖ
603 734 770 769 ἠσκημένος·

232 779 279 809 Ὦς
294 778 344 806 οὖν·
354 779 471 813 ἐπῆλθεν
485 779 665 814 ἐγκαθιζῆσαι
679 780 768 816 δίφρῳ
779 802 786 813 ,

232 826 332 857 Ἵππος
350 826 526 860 φριμάσσων,
548 826 671 861 γαυριῶν
687 824 721 861 ἦν
734 827 874 859 ἐκτόπως,

140 871 211 899 6310
238 873 439 908 Ἐμπροσθίους
455 872 477 898 δ’
492 871 596 899 ἄνωθεν
609 873 719 906 ἀνυψῶν
734 873 817 904 πόδας

229 917 283 944 Καὶ
299 917 449 952 βλοσσυρόν
467 925 492 943 τι
509 917 557 944 καλ⁸
574 917 709 952 μανιῶδες
724 917 848 952 βλέπων,

227 962 264 988 Τὸ
276 962 391 989 δάπεδον
403 961 425 988 δ’
440 962 514 994 ὄνυξι
528 963 636 988 κόπτων
653 963 782 997 συχνάκις
791 982 798 993 ,

226 1007 278 1033 Τὸν
292 1008 433 1042 ἀναϐάτην
451 1008 586 1034 ἀπεσείετ⁷
602 1008 714 1043 ἐξόχως·

228 1053 306 1080 Ἐπεὶ
321 1054 350 1081 δὲ
363 1053 453 1081 λαθὼν
467 1043 619 1089 ὲμὸεὸήκει
635 1055 673 1089 τῷ
688 1054 775 1088 δίφρῳ

136 1100 207 1127 6515
233 1100 312 1127 Ὴνία
328 1100 418 1127 λασὼν
433 1102 461 1126 ὲν
470 1101 560 1136 χεροῖν
576 1101 766 1135 αὐτοκράτωρ,

224 1147 281 1182 Οὐχ
295 1144 378 1181 ἦττον
393 1147 478 1178 ἵππος
494 1147 635 1182 ἀγέρωχος
650 1147 766 1182 ὴτάκτει

223 1193 310 1224 Πόδας
327 1193 438 1227 ἁνυψῶν
457 1194 504 1220 καὶ
521 1193 657 1228 κροαίνων
673 1193 777 1228 ἀγρίως

223 1238 291 1265 Μετ’
307 1239 478 1272 ὲξακοὺστων
494 1239 712 1274 χρεμμετισμῶν
727 1238 773 1265 καὶ
787 1239 903 1274 κρότων·

225 1284 281 1311 Καὶ
297 1285 383 1312 ταῦτα
398 1285 482 1312 ποιῶν
496 1286 547 1312 οὐκ
561 1284 641 1320 ἔληξε
656 1286 806 1320 παράπαν,

132 1329 204 1356 6320
222 1330 296 1362 Ἕως
309 1332 431 1366 κεφαλῆς
449 1332 496 1359 τοῦ
515 1333 680 1368 κρατοῦντος
698 1333 729 1359 τὸ
743 1333 840 1366 στέφος

223 1375 320 1410 Χαμαὶ
338 1378 432 1403 πεσεῖν
449 1377 565 1412 δέδρακε
576 1398 583 1409 ,
600 1378 648 1404 καὶ
665 1377 763 1403 τούτου
781 1378 851 1412 μέρη

219 1421 340 1456 Θραῦσίν
355 1431 385 1448 τε
402 1422 497 1449 παθεῖν
507 1443 515 1456 ,
529 1423 649 1450 δυσκλεᾶ
663 1424 687 1450 τ’
706 1424 859 1459 ἀκοσμίαν,

218 1467 305 1499 Atii-.6;
319 1468 341 1494 δ’
356 1469 557 1507 ἀπεσφαίριστο
571 1471 627 1506 (70)
644 1471 708 1507 μάλ’
724 1472 874 1507 ὲφεστρίδι.

221 1513 320 1540 Ἵππον
333 1515 356 1540 δ’
371 1516 474 1548 ἁναὸὰς
490 1517 570 1544 ἄλλον
584 1519 598 1544 ὁ
612 1518 785 1554 στεφηφόρος

129 1558 202 1586 65ῗὸ
223 1561 340 1595 Πομπὴν
356 1562 507 1590 ἐπεισόδιον
521 1561 595 1599 εἶχεν
609 1564 713 1595 ἀνύσας

220 1607 273 1632 Σὺν
287 1607 326 1641 τῷ
340 1609 451 1634 πεσόντι
467 1610 515 1635 καὶ
528 1609 726 1646 τεθραυσμένῳ
741 1611 845 1646 στέφει·

219 1652 363 1685 ’Λπαίσιος
377 1654 399 1680 δ’
412 1654 502 1687 ἔδοξεν
514 1655 607 1688 οῐωνὸς
624 1656 695 1684 τόδεε

225 1700 365 1735 ’Υπῆρχεν
377 1698 455 1733 οὗτος
471 1702 574 1736 ἀγαθῖις
588 1703 708 1737 τρόπους
724 1705 836 1740 κράτωρ
847 1725 854 1736 ,

217 1746 347 1782 Μείλιχος
357 1769 364 1779 ,
383 1748 511 1782 ἡσύχως,
527 1749 597 1783 ἠπία
611 1749 708 1783 φύσις,

126 1792 200 1820 6550
225 1793 345 1829 Ἰλαρδν,
360 1795 538 1822 εὺέντευκτον
550 1794 615 1831 ἦθος
629 1794 659 1823 εὖ
674 1797 765 1832 φέρων
776 1819 784 1830 ,

216 1839 400 1871 Ηετιδοτικδς
414 1841 462 1868 καὶ
476 1841 674 1878 φιλοικτίρμων
690 1843 772 1870 πλέον
782 1863 789 1875 ,

215 1886 288 1912 [lict
303 1887 432 1921 προσιτδς
442 1908 449 1920 ,
465 1887 583 1923 εὐμενὴς
601 1889 751 1923 ὑπηκόοις,

221 1932 304 1964 Ἦδίις
315 1953 323 1963 ,
342 1934 464 1968 χαρίεις.
481 1935 623 1970 εὐπρεπὴς
639 1935 701 1970 ὖψιν
716 1937 799 1970 ἄγαν,

215 1978 328 2012 ⁷οροιος
338 1999 344 2011 ,
361 1979 456 2014 εὐῆλῐξ
471 1989 500 2006 τε
510 2001 517 2012 ,
536 1981 638 2016 Νιρεύς
653 1989 694 2013 τις
711 1982 769 2014 νέος
779 2003 786 2015 ,

125 2023 194 2051 6535
215 2024 315 2051 Οὔτινα
331 2025 436 2060 βλάψας
452 2027 492 2058 εὶς
506 2026 607 2061 δέμας,
623 2028 664 2059 εἰς
678 2028 788 2061 οὐσίαν,

214 2068 279 2095 οῦτ“
295 2068 329 2095 αὖ
346 2071 507 2106 νεοχμῶσας
523 2080 550 2098 τι
565 2072 614 2108 τῆς
630 2072 809 2109 Ἐκκλησίας,

210 2116 248 2142 Οὐ
265 2117 391 2148 καινίσας
407 2117 490 2152 ἔθιμα
505 2119 554 2153 τῆς
569 2120 738 2155 κραταρχίας
751 2127 760 2136 ⁸

211 2162 309 2188 Μισῶν
323 2163 465 2194 διαϐόλους
481 2172 510 2190 τε
529 2164 623 2196 θῶπας
638 2166 768 2199 καθάπαξ
782 2175 788 2182 ·

209 2208 359 2244 Αίσθητική
372 2217 414 2240 τις
426 2209 524 2244 καρδία
539 2208 587 2243 σὴς
601 2209 713 2241 ὀστέων,

122 2253 192 2281 6540
210 2254 269 2288 Τῆς
281 2254 320 2286 είς
338 2254 453 2289 ἀδελφὸν
469 2255 562 2282 ἀδίκου
579 2255 723 2290 παροινίας

209 2301 255 2326 Ἐν
271 2300 402 2336 συντριϐῇ
420 2301 576 2334 πνεύματος
594 2301 624 2327 εὖ
637 2301 792 2336 ᾐσθημένος

209 2347 264 2373 Καὶ
279 2348 426 2380 nanti-.353:
440 2347 555 2382 καρδίας
568 2347 728 2382 δακρυχέων
738 2355 745 2362 ⁵

209 2391 268 2426 Ἐφ’
281 2389 312 2419 οὖ
323 2393 393 2427 γυνή
409 2398 450 2424 τις
461 2393 510 2419 οὐκ
525 2392 612 2428 ἐφάνη
627 2393 749 2428 γαμέτου

217 2439 266 2465 Ἐκ
275 2438 354 2465 τοῦδε
368 2439 463 2469 κακῶς
475 2439 516 2471 εἰς
529 2439 615 2474 δέμας
625 2441 802 2474 πεπονθότος,

119 2485 187 2512 6545
207 2485 328 2519 Πιρειέις
343 2485 517 2520 ἀμφίδρυφος
529 2485 546 2520 ἦ
561 2486 607 2512 καὶ
617 2485 751 2521 λυσίθριξ,

207 2532 268 2558 Οὐδ’
285 2531 435 2562 ἀπελαθεὶς
447 2529 522 2558 ὦπτό
538 2541 580 2563 τις
596 2532 726 2567 πατρίδος
737 2541 745 2549 ⁸

208 2577 281 2612 Πλὴν
294 2577 415 2612 νωχελὴς
427 2575 460 2612 ἦν
477 2578 523 2604 καὶ
540 2578 662 2613 μαλακὸς
674 2579 724 2613 τὴν
741 2578 832 2613 φύσιν,

206 2624 269 2650 Οὐδ’
287 2622 316 2650 εὖ
334 2623 468 2658 πεφυκὼς
486 2624 554 2658 πρὸς
569 2624 705 2659 διοίκησιν
721 2624 801 2656 ὅλων,

211 2670 259 2695 Ἐκ
278 2670 328 2703 τῆς
343 2670 463 2704 φυσικῆς
474 2670 643 2705 νωθρότητος
660 2670 813 2706 συντρόφου

117 2715 186 2741 6πῖΞο
207 2717 260 2742 Καὶ
274 2716 324 2751 τῆς
341 2716 496 2751 τρυχούσης
515 2718 578 2748 τοῦς
595 2717 676 2749 πόδας
691 2717 832 2752 καχεξίας.

202 2761 287 2794 Οὗτός
305 2772 336 2798 γε
363 2764 455 2790 τοίνυν
478 2763 610 2798 ἀσφαλῶς
629 2764 701 2800 σχὼν
716 2765 747 2792 τὸ
771 2765 882 2801 κράτος,

133 2843 492 2877 (τοιεοι1,ὲπεσφαῐριπτο.

971 229 1039 256 haud
1058 231 1163 258 cunctis
1180 235 1274 265 gratus
1291 233 1364 260 venit
1378 233 1412 259 ob
1428 241 1504 260 suutu
1522 233 1626 261 facinus

969 280 1061 302 contra
1081 283 1239 310 germanum
1259 277 1370 305 i'ratrem
1389 286 1523 314 suumque
1540 281 1688 308 dominum.

967 321 1054 354 Atque
1071 322 1227 349 convicians
1245 323 1343 358 aliquis
1361 325 1400 351 sic
1418 324 1487 353 forte
1504 325 1594 353 aiebat
1610 335 1616 352 :

969 365 995 392 Si
1013 366 1132 394 bibentes
1145 368 1253 402 quidem
1270 370 1399 403 prmfocat
1413 377 1493 405 aqua,

967 411 1028 445 quis
1038 412 1093 446 jam
1108 413 1161 441 alio
1178 419 1241 448 potu
1257 415 1339 442 vitam
1356 416 1471 444 toleret?

967 461 993 483 et
1008 457 1031 484 si
1046 457 1157 485 fratrem
1173 467 1225 486 non
1240 460 1373 488 redimita
1388 462 1546 490 discrimine

966 509 1111 536 germanus
1126 504 1218 539 frater,
1234 507 1313 541 periit
1327 512 1432 535 natura.

966 547 1090 576 Attamen
1107 557 1265 585 progressus
1279 551 1311 578 ad
1329 553 1455 587 templum
1474 561 1611 588 magnum,

964 598 990 621 et
1004 595 1164 629 patriarcha:
1179 598 1327 625 corOna'tus
1340 599 1473 632 manibus,

964 639 1030 666 exiit
1044 640 1076 667 ad
1091 648 1216 676 pompam
1231 642 1382 670 Ctesaribus
1395 645 1502 671 solitam
1519 652 1526 672 :

960 684 997 723 ,ad
1013 692 1093 719 quem
1110 686 1244 719 sublimis,
1259 693 1286 714 ut
1303 689 1442 721 insidi-ret,
1455 690 1562 717 ducitur

963 739 1050 766 equus
1064 732 1152 760 Arabs
1165 734 1198 760 de
1211 735 1374 768 prmsopibus
1388 740 1415 763 et
1432 738 1500 763 bene
1515 737 1647 764 exercitus
1663 744 1670 765 ι

963 776 1055 802 'verum
1071 777 1134 804 (lunt
1149 777 1239 805 Caesar
1254 779 1280 806 in
1296 780 1451 815 Ephippium
1468 782 1562 813 insilit.

962 822 1115 850 subsullans
1129 830 1214 858 equus
1228 825 1359 860 valdeque
1375 827 1517 860 ferociens,

927 872 947 898 Β
963 875 1048 902 seque
1062 871 1213 899 anteriores
1229 873 1349 906 arrigetts
1364 874 1390 900 in
1407 876 1500 909 pedes.

963 916 1047 942 torvis
1063 919 1090 943 et
1103 916 1241 945 iracundia
1256 919 1365 947 sttii‘usis
1381 921 1476 954 oculis,

961 965 988 986 et
1003 960 1186 995 pavimentum
1200 963 1305 998 ungulis
1319 971 1388 1000 saepe
1401 967 1535 1000 quatiens,

961 1005 1029 1032 miro
1043 1013 1177 1034 sessorem
1194 1009 1336 1037 recusabat
1351 1011 1410 1038 nisu
1425 1020 1431 1038 :

960 1051 1006 1078 sed
1023 1059 1083 1079 cum
1100 1059 1211 1088 repente
1226 1056 1382 1090 ephippium
1397 1063 1558 1091 occupasset

960 1098 1202 1134 preheutlissetque
1216 1101 1320 1129 l‘reuum
1336 1103 1492 1137 imperator.

959 1143 1043 1170 nihilo
1061 1149 1147 1172 tamen
1162 1146 1310 1176 l'ctociebat
1323 1150 1412 1178 minus

958 1196 1043 1223 equus
1057 1191 1135 1219 elatis
1151 1194 1272 1227 pedibus,
1287 1200 1441 1233 terramque
1456 1200 1611 1233 verberans.

957 1236 1118 1271 sonorisque
1134 1238 1283 1268 hinnitibus
1298 1250 1387 1270 acrem
1405 1246 1558 1280 complens;

957 1288 1045 1316 neque
1058 1289 1073 1309 a
1087 1282 1178 1312 furore
1194 1285 1349 1321 hujusmodi
1364 1289 1438 1324 pritts
1456 1293 1569 1326 destitit,

956 1334 1036 1360 quam
1054 1329 1142 1363 capite
1157 1338 1287 1360 coronant
1301 1336 1421 1363 excussit
1434 1336 1532 1365 Caesari

956 1375 1028 1402 ltttmi
1043 1377 1204 1411 projectam,
1216 1380 1293 1415 cujus
1307 1382 1388 1410 etiam
1404 1390 1496 1418 partes

954 1421 1100 1450 confracta:
1113 1430 1177 1451 sunt
1187 1425 1303 1454 infausta
1318 1433 1400 1463 atque
1414 1430 1539 1460 indecore
1554 1440 1560 1460 :

954 1472 1046 1495 SCSSOI‘
1060 1474 1149 1497 autem
1165 1475 1250 1499 strato
1263 1475 1367 1501 COTfUil
1382 1480 1527 1511 purpureo.

954 1513 1134 1547 Quamobrem
1152 1516 1205 1545 alio
1221 1518 1345 1547 inscenso
1357 1521 1447 1549 Ctesar
1460 1531 1530 1558 equo

953 1559 1179 1597 qualemcumque
1203 1564 1310 1592 dcmtttn
1326 1567 1440 1594 absolvit
1457 1575 1580 1605 pompam

951 1612 1011 1631 cum
1026 1611 1167 1635 stemmate
1182 1610 1320 1639 contracto
1335 1617 1362 1639 et
1373 1613 1504 1649 deciduo;

950 1651 1020 1683 quod
1035 1650 1133 1679 laevum
1149 1661 1227 1682 omen
1241 1657 1328 1684 visum
1344 1664 1385 1686 est
1398 1664 1593 1694 spectantibus.

951 1695 1016 1724 Erat
1032 1697 1078 1726 hic
1091 1699 1184 1728 Caesar
1199 1701 1290 1730 indole
1303 1704 1372 1732 bona
1386 1708 1524 1742 praeditus,

949 1743 1044 1776 comis,
1057 1746 1226 1780 tranquillus,
1239 1757 1380 1778 mansueto
1398 1753 1514 1789 ingenio,

951 1789 1055 1822 hilaris,
1067 1798 1179 1820 accessu
1196 1794 1332 1831 aliamque
1346 1798 1445 1833 facilis,

949 1834 1083 1864 clemente
1099 1845 1200 1871 animo.
1214 1848 1295 1868 manu
1310 1842 1426 1878 liberali,

948 1889 1107 1912 cunctorum
1124 1888 1248 1921 precibus
1264 1895 1369 1924 patens,
1381 1899 1408 1920 et
1423 1894 1589 1926 benevolus:

949 1929 1075 1965 blandus,
1087 1935 1229 1969 gratiosus,
1243 1936 1432 1975 formosusque
1444 1943 1600 1978 admodum.

948 1983 1089 2010 procerus,
1103 1979 1207 2008 virente
1222 1988 1311 2016 :ctate,
1324 1986 1393 2013 alter
1407 1987 1514 2017 Nireus.

946 2020 1068 2051 Nominis
1082 2024 1125 2052 hic
1141 2028 1248 2062 corpori
1263 2030 1334 2058 reive
1349 2033 1450 2064 nocuit,

947 2075 1035 2102 neque
1048 2069 1074 2096 in
1091 2070 1211 2099 Ecclesia
1225 2075 1371 2110 quidquam
1389 2078 1537 2112 innovavit.

946 2121 995 2140 nec
1011 2116 1153 2151 obrogavit
1165 2119 1228 2146 item
1246 2121 1351 2156 imperii
1370 2124 1487 2158 legibus;

945 2162 1137 2191 assentatiOttis
1152 2173 1228 2199 aeque
1244 2172 1269 2193 et
1281 2169 1423 2197 calumnia:
1438 2179 1510 2199 osor.

945 2206 1066 2242 Cumque
1081 2216 1153 2237 eSSet
1168 2215 1262 2240 tenero
1277 2213 1395 2242 imbutus
1411 2218 1510 2253 auium,

942 2252 1044 2280 crimen
1060 2255 1188 2284 adversus
1203 2258 1323 2292 fratrem,
1337 2265 1365 2287 ut
1380 2263 1480 2289 cariem
1497 2252 1611 2299 ossium,

941 2300 1094 2328 exulcerata
1112 2302 1192 2330 ﬁxum
1209 2305 1317 2339 gerebat
1334 2314 1433 2341 mente,

940 2347 1140 2383 gemitibusque
1155 2355 1182 2377 et
1196 2350 1321 2387 lacrymis
1336 2355 1471 2389 expiabat.

940 2392 1000 2427 ipso
1017 2400 1148 2429 regnante
1162 2397 1233 2425 nulla
1251 2406 1367 2434 unquam
1385 2402 1481 2430 mulier

939 2444 1050 2474 propter
1064 2442 1153 2470 mariti
1169 2444 1319 2473 mutilatum
1334 2454 1433 2482 corpus

939 2487 981 2514 vel
998 2487 1127 2516 laceravit
1140 2497 1223 2525 genas
1237 2492 1278 2519 vel
1293 2493 1373 2521 solvit
1386 2502 1506 2528 comam,

939 2540 989 2561 nec
1004 2535 1149 2570 quisquam
1165 2540 1251 2572 patria
1269 2540 1362 2574 pulsus
1379 2541 1404 2568 in
1422 2543 1556 2571 exsiliunt.

937 2579 1070 2608 Caeterum
1084 2589 1177 2611 socors
1193 2585 1359 2620 remissoque
1372 2588 1489 2623 ingenio,

937 2633 1026 2661 neque
1039 2627 1073 2655 ad
1087 2631 1281 2665 rempublicam
1295 2634 1440 2668 regendam
1456 2635 1567 2663 idoneus

938 2677 1047 2708 propter
1059 2680 1153 2702 natura
1171 2676 1278 2705 insitam
1295 2680 1447 2715 segnitiem,

937 2724 962 2746 et
978 2721 1040 2754 quia
1057 2721 1170 2756 pedibus
1183 2724 1265 2751 etiam
1279 2725 1430 2754 laborahaz.

936 2766 1047 2800 Quietus
1059 2775 1124 2803 ergo
1140 2770 1282 2799 moderans
1297 2771 1410 2807 imperio
