1926 3071
199 113 252 143 Ξ30
746 105 949 138 ΕῬΗΒΑΞΜΙΙ

1059 105 1277 137 JNOGRAPHI
1770 105 1819 138 240

193 174 275 204 atque
289 167 317 195 in
333 167 415 203 regali
431 166 556 195 desitlcus
569 165 669 200 palatio

194 214 327 249 plurimos
341 214 419 241 donis
433 213 543 248 largiter
556 213 658 240 ditabat

195 260 357 296 eximiisque
373 259 489 294 augebat
503 258 690 295 dignitatibus.

193 306 222 334 lu
239 306 371 333 orientem
385 310 476 340 postea
494 312 555 332 cum
571 305 656 339 copiis
673 303 779 331 transiit
793 312 800 329 :

193 351 296 379 audivit
312 352 396 385 enim,
408 352 496 378 denuo
511 350 636 378 rebellem

192 398 318 425 A’lexium
334 398 476 432 quemdam
492 397 518 424 in
536 395 812 432 provinciaCilicnru,

194 445 278 480 (illius
291 445 401 472 nomine
420 443 523 472 scilicet
534 448 674 477 assumpto

195 492 281 519 Alexii
297 491 403 519 Caesare
420 489 544 517 Manuele
561 488 627 524 nati)

193 545 276 574 pagos
292 538 400 564 incursu
414 537 548 571 urbesque
564 536 732 570 perturbare.

193 583 234 611 Ad
247 583 440 618 Melangiorum
455 589 520 616 ergo
536 581 660 616 praesidia
676 586 801 616 pergens,

193 635 276 665 atque
290 629 344 656 illic
357 629 437 656 etiam
454 627 587 656 salutatus
600 627 727 655 dominus

194 685 321 706 reversus
334 681 376 705 est
389 677 414 704 in
429 676 524 705 urbem
540 677 697 711 imperator.

192 724 324 753 Obortum
340 728 382 752 est
397 723 495 751 deinde
509 723 633 750 Romano
650 720 764 756 imperio

194 772 336 799 molestum
354 775 504 798 lllOﬂSll‘llm
520 774 602 803 atque
614 771 830 802 Inexspectatum

194 823 323 852 tyrannus
339 815 386 843 ille
399 815 558 851 Cypriorum
575 813 690 846 lsacius;

191 864 236 898 qui
253 863 284 890 ad
300 863 436 890 sultanum
451 867 562 897 repente
577 861 734 896 profugiens

192 915 272 942 atque
286 908 321 935 ἰιιί
336 912 431 934 nactus
446 907 591 933 auxiliares
606 906 712 940 copias,

192 954 329 982 [hmanas
345 959 431 982 terras
445 956 580 988 urbesque
595 953 751 980 divexabat.

192 1001 246 1029 Sed
260 1001 332 1028 enim
348 1000 443 1027 ambos
459 1006 531 1026 mors
542 997 677 1033 oppressit
693 999 814 1025 detuutu.

191 1048 283 1076 Caesar
294 1047 327 1074 de
340 1046 421 1074 terris
437 1045 557 1073 occiduis
572 1044 705 1071 sollicitus

191 1093 306 1129 peritum
322 1092 416 1119 ducem
433 1095 612 1125 cognomento
625 1089 763 1124 Aspietam

190 1147 252 1167 eum
269 1144 413 1166 numeroso
427 1138 570 1171 validoque
585 1137 707 1164 exercitu

191 1187 322 1214 adversus
337 1184 436 1212 Mtesos
449 1183 580 1211 barbaros
593 1183 687 1210 hostes
700 1182 793 1210 misit:

191 1241 282 1261 verttm
298 1231 398 1259 infelici
415 1229 562 1257 commisso
577 1229 680 1262 praelia,

191 1283 286 1313 captus
300 1282 341 1304 est
355 1285 368 1303 a
384 1274 505 1303 barbaris
520 1274 627 1309 Aspieta
641 1274 742 1302 Moesis.

192 1324 342 1352 I‘lurimam
358 1329 453 1349 rursus
468 1321 559 1348 Caesar
572 1327 668 1354 gerens
684 1328 776 1347 curam

191 1369 301 1397 occidua
307 1376 364 1395 rum
378 1367 483 1394 urbium
501 1366 671 1398 afﬂictarum,

192 1416 319 1446 lsacium,
332 1413 374 1440 cui
389 1412 535 1440 tradiderat
549 1411 631 1439 filiam
645 1412 750 1448 unplui,

193 1463 439 1490 sebastocratorem
453 1461 596 1495 dignitate,
610 1460 684 1488 misit

193 1509 281 1537 denuo
293 1515 353 1535 cum
370 1506 512 1542 prmvalido
527 1507 634 1542 ingente
647 1506 767 1534 exercitu
783 1515 790 1533 :

193 1553 240 1582 sed
255 1553 289 1581 ab
302 1553 389 1580 Asane
405 1557 498 1587 captus
512 1557 537 1579 et
553 1553 596 1579 hic
612 1551 739 1584 barbaro,

195 1600 285 1628 vincla
301 1599 428 1626 diuturna
444 1603 470 1626 et
484 1605 620 1625 carcerem
635 1605 791 1633 perpessus,

194 1647 293 1675 ibidem
307 1646 424 1673 violenta
439 1649 525 1672 morte
537 1645 613 1673 obiit.

193 1694 293 1722 Verum
308 1697 335 1720 et
349 1692 406 1727 ipse
422 1692 553 1719 barbarus
566 1691 639 1719 Asan
655 1691 736 1727 periit

194 1748 275 1767 manu
290 1739 430 1774 cujusdam
446 1739 521 1767 Μωεί
536 1739 627 1766 Ibanci
642 1739 783 1771 domitus;

194 1785 344 1822 Petrusque
356 1785 473 1813 obtinuit
487 1785 586 1813 Mtesiae
603 1785 793 1821 principatum.

195 1881 248 1910 Sed
263 1890 322 1909 cum
337 1881 381 1908 ltic
395 1880 475 1908 etiam
491 1880 580 1914 gladio
594 1879 689 1907 fuisset
702 1887 797 1912 caesus,

195 1929 320 1962 princeps
334 1926 479 1954 Mmsorum
496 1926 596 1953 exstitit
609 1925 726 1954 Joannes

193 1975 267 2002 Petri
281 1972 434 2007 Asauisque
448 1972 542 2005 frater,
555 1972 661 2007 ingenio
676 1971 805 2006 pessimo.

193 2025 221 2048 et
231 2020 414 2048 Romanarum
429 2017 535 2045 urbium
551 2017 694 2052 pernicies.

195 2067 312 2094 lbaueus
329 2069 417 2092 autent
431 2066 464 2091 ad
480 2064 614 2092 Caesarem
630 2064 786 2098 confugiens

195 2118 277 2147 alque
292 2111 390 2139 libente
404 2110 494 2137 animo
510 2115 632 2144 receptus

195 2158 325 2186 Romanis
341 2156 464 2192 partibus
477 2156 569 2184 utilem
586 2163 615 2184 se
632 2157 757 2192 praebuit,

194 2204 305 2232 floridus
319 2210 416 2237 nempe
428 2201 545 2236 juvenis,
559 2201 622 2229 forti
638 2211 730 2237 manu,

194 2250 241 2278 sed
257 2250 289 2277 ad
304 2248 461 2276 smnendam
478 2248 545 2275 iram
561 2249 759 2282 paratiSsimus.

194 2296 263 2324 lluic
279 2294 422 2322 collocavit
437 2293 528 2321 Cmsar
543 2294 570 2321 in
586 2295 794 2322 matrimonium

193 2342 222 2369 in
239 2340 326 2368 aulam
346 2339 498 2366 advenienti
513 2343 620 2373 neptem
635 2347 723 2372 suam,

193 2393 221 2416 at
236 2387 424 2423 praefecturam
440 2386 549 2414 tradidit
564 2385 791 2421 Philippopoleos.

194 2437 221 2465 ls
235 2441 323 2464 autem
339 2440 433 2463 contra
448 2434 548 2462 Mimos
563 2440 589 2462 et
605 2439 698 2463 contra
716 2435 838 2470 Scythas-

194 2484 302 2511 firmum
318 2481 431 2510 Romani
449 2481 555 2516 imperii
571 2481 707 2510 munimen
722 2487 793 2509 erat.

194 2528 254 2557 Jam
270 2536 330 2556 cum
346 2527 437 2555 Sicilia
452 2528 486 2555 ab
499 2526 658 2555 Alamannis
670 2527 794 2555 barbaris

197 2574 313 2610 turpiter
325 2578 397 2601 esset
412 2573 524 2606 domita,
536 2578 601 2601 tunc
615 2573 639 2601 in
656 2572 760 2600 Italiam

197 2621 223 2648 vi
238 2621 378 2656 deportata
392 2625 434 2648 est
446 2627 494 2648 cen
509 2619 599 2655 prada
614 2619 678 2647 belli

197 2665 250 2694 filia
265 2673 371 2702 quoque
385 2666 501 2694 Caesaris
514 2666 626 2699 lsaacii;

196 2720 224 2739 et
240 2712 311 2748 regis
327 2712 494 2740 Alamanniae
509 2719 638 2747 germano
652 2712 727 2738 fratri

197 2757 320 2793 Philippo
332 2758 426 2793 juncta
439 2763 480 2785 est
495 2758 606 2794 nuptiali
621 2757 735 2790 foedere,

233 2836 289 2873 (τι)
303 2836 368 2865 Cod.
381 2835 477 2872 λαϐὴν.

997 167 1019 194 Α

1141 163 1196 189 Kal
1210 162 1358 198 βασιλείοις
1373 161 1547 197 ὲνδιατρίψας
1563 161 1666 198 δόμοις,

1139 211 1192 236 Καὶ
1209 210 1326 245 δωρεαῖς
1340 210 1403 241 τοὺς
1421 209 1566 241 πλείστους
1582 209 1758 241 καταπιὰνας

1141 256 1196 282 Καὶ
1213 255 1365 290 φιλοτίμοις
1384 255 1475 288 ἀξίαις
1495 254 1664 289 καθηδύνας,

1051 302 1122 329 6355
1143 299 1218 328 Μετὰ
1234 302 1364 337 στρατιᾶς
1380 302 1486 337 ἐκπερᾷ
1503 301 1571 336 πρὸς
1585 302 1635 337 τὴν
1651 301 1687 327 ἓω
1702 309 1707 315 ·

1142 349 1280 375 Ἢκουστο
1296 349 1343 375 καὶ
1360 348 1414 384 γὰρ
1436 348 1474 379 ὡς
1493 348 1650 382 ἀποστάτης
1667 348 1750 374 πάλιν

1140 395 1259 428 ’Λλέξιός
1271 404 1314 427 τις
1329 395 1450 422 Κιλίκων
1463 395 1600 430 ἐπαρχίας

1142 441 1337 476 Προσηγορίαν
1357 441 1458 470 ὑποδὺς
1471 441 1591 472 Ἀλεξίου

1095 503 1100 508 -
1140 484 1235 522 υῦτιερ
1249 488 1346 518 τοκεὺς
1365 485 1398 522 ἦν
1413 487 1543 521 Μανουὴλ
1559 487 1750 522 αὐτοκράτωρ,

1051 532 1121 559 0560
1143 532 1246 568 Κώμας
1262 533 1348 559 ἐπιὼν
1365 534 1469 559 ἀνέσειε
1482 533 1532 565 τὰς
1546 533 1651 565 πόλεις.

1143 579 1239 605 Τοίνυν
1253 580 1368 611 ἐπιστὰς
1387 580 1528 616 φρουρίοις
1542 580 1736 614 Μελαγγείων,

1088 630 1092 633 ‘
1140 627 1196 653 Καὶ
1208 627 1265 657 τοῖς
1279 627 1369 652 ἐκεῖσε
1386 626 1513 661 βαςιλεὺς
1531 627 1717 662 αὐτοκράτωρ

1143 673 1352 709 Ἀναγορευθεὶς
1369 674 1438 709 πρὸς
1456 674 1532 700 πόλιν
1544 675 1711 710 ὑποστρέφει
1724 684 1730 690 ⁸

1140 717 1196 746 Εἶτ’
1209 720 1314 755 ἀνεφύη
1332 720 1483 754 Ῥωμαῖδος
1499 721 1538 756 τῷ
1553 721 1651 755 κράτει

1053 765 1124 793 6565
1145 766 1238 793 Κακόν
1254 775 1281 793 τι
1296 768 1442 802 τερμέριον
1458 767 1573 794 ἄελπτον
1588 768 1681 795 πάλιν.

1139 812 1258 844 ’ἰσάκιος
1269 813 1401 848 τύραννος
1415 814 1528 849 αἰσχρὸς
1543 815 1689 850 Κυπρίων.

1142 859 1190 890 Ὃς
1208 858 1343 893 ἐξαπίνης
1357 861 1507 895 προσρυεὶς
1521 860 1561 895 τῷ
1578 861 1722 897 σουλτάνῳ-

1142 904 1279 931 Κάκεῖθεν
1291 903 1380 940 εὑρὼν
1394 906 1571 941 συμμαχικόν
1585 914 1613 932 τι
1629 906 1723 941 στῖφος

1139 948 1239 984 Χώρας
1257 950 1359 977 ἐκάκου
1375 951 1423 977 καὶ
1435 951 1529 983 πόλεις
1546 951 1710 986 Ῥωμαῖδος.

1051 996 1122 1024 6570
1144 996 1275 1023 Ὠλλυντο
1289 996 1313 1024 δ’
1328 997 1413 1032 ᾶμφω
1430 998 1682 1034 παραπεμφθέντες
1695 1001 1783 1035 μόρῳ;

1136 1042 1269 1077 Φροντίδα
1284 1042 1370 1074 τιθεὶς
1386 1043 1507 1072 δυτικῶν
1522 1044 1621 1080 χωρῶν
1635 1045 1714 1078 ἄναξ,

1138 1089 1215 1115 Μετὰ
1229 1090 1362 1125 στρατιᾶς
1379 1089 1476 1125 ἱκανῆς
1492 1090 1640 1126 εὐκαρδίου

1141 1135 1244 1170 Ἀνδρα
1256 1136 1411 1171 στρατηγὸν
1428 1136 1580 1172 τούπίκλην
1601 1137 1750 1173 Ἀσπιέτην

1139 1181 1218 1209 Κατὰ
1239 1182 1342 1209 Μυσῶν
1368 1183 1515 1218 πέπομφεν
1528 1183 1636 1218 ἐχθρῶν
1656 1183 1823 1220 βαρϐάρων·

1049 1228 1119 1256 05Ἰὸ
1141 1228 1322 1263 Χρησάμενος
1338 1229 1366 1256 δὲ
1381 1230 1418 1265 μὴ
1434 1229 1550 1262 δεόντως
1565 1232 1600 1266 τῇ
1614 1231 1700 1266 μάχῃ,

1137 1275 1234 1307 Δὺτοϊς
1250 1276 1322 1303 ἑάλω
1338 1276 1487 1312 βαρϐάροις
1505 1277 1677 1312 άντιμάχοις.

1139 1322 1305 1357 Ποιούμενος
1317 1323 1396 1356 λόγον
1411 1323 1439 1349 δὲ
1456 1324 1568 1352 πλείονα
1580 1324 1662 1351 πάλιν

1138 1369 1260 1404 Κράτωρ
1275 1369 1392 1396 δυτικῶν
1407 1370 1514 1398 ἀστέων
1528 1373 1720 1408 κακουμένων,

1145 1415 1286 1443 ἰσαάκιον
1294 1416 1423 1452 γαμϐρὸν
1438 1419 1477 1449 είς
1493 1418 1635 1454 θυγατέρα

1049 1460 1119 1501 6580
1138 1462 1191 1489 Τὸν
1205 1462 1449 1498 σεϐαστοκράτορα
1465 1464 1571 1499 πέμπει
1585 1466 1722 1498 δευτέρως

1140 1507 1193 1534 Σὺν
1209 1507 1368 1543 δυσαρίθμῳ
1384 1509 1500 1544 στρατιᾷ
1516 1510 1646 1546 ῥωμαλέᾳ
1656 1519 1664 1528 ο

1140 1553 1274 1584 Κάκεῖνος
1291 1553 1373 1580 Ἀσὰν
1389 1554 1531 1589 συσχεθεὶς
1545 1554 1584 1590 τῷ
1597 1554 1735 1591 βαρϐάρῳ

1139 1600 1241 1636 Χρόνια
1252 1599 1340 1636 δεσμὰ
1355 1601 1404 1628 καὶ
1415 1600 1556 1636 κάθειρξιν
1569 1601 1666 1634 ὑπέδυ,

1146 1646 1189 1673 Ἐν
1203 1643 1245 1679 οἷς
1258 1645 1408 1681 ὲναπέψυξε
1423 1647 1502 1682 βιαίῳ
1518 1647 1604 1683 μόρῳ.

1051 1692 1123 1720 6ὅ85
1143 1693 1217 1728 Πλὴν
1232 1693 1301 1719 ἀλλὰ
1312 1694 1360 1720 καὶ
1379 1693 1518 1729 βάρϐαρος
1532 1694 1617 1721 nam
1629 1695 1734 1731 ἐφθάρη

1139 1738 1245 1773 κλῆσιν
1261 1739 1382 1774 Ἰϐαγκῷ
1397 1747 1451 1766 τινι
1466 1740 1570 1768 Μυσῶν
1585 1741 1617 1767 ἑκ
1632 1741 1728 1774 γένους
1738 1750 1745 1757 ·

1141 1785 1197 1813 Καὶ
1220 1785 1326 1821 Πέτρος
1349 1785 1438 1820 ἀρχὴν
1460 1785 1510 1819 τὴν
1526 1786 1629 1814 Μυσῶν
1654 1787 1746 1815 λαϐὼν
1762 1789 1830 1823 (71)·

1716 1833 1783 1861 ἐντι.

1717 1833 1727 1852 ε

1140 1876 1196 1903 Καὶ
1210 1876 1287 1904 τοῦδε
1299 1877 1393 1909 κακῶς
1411 1878 1630 1910 ἁποκτανθέντος
1643 1833 1746 1914 ξίφεὲ,χ

1144 1923 1272 1958 Ἰωάννης
1289 1922 1409 1950 δέδεικτο
1427 1924 1659 1960 μυσαρχητέτης,.

1052 1969 1123 1997 6590
1143 1967 1227 1996 ’Δσὰν
1238 1968 1342 2005 Πέτρου
1359 1969 1503 2005 σύναιμος,
1529 1970 1672 2005 αἴσχιστος
1687 1971 1818 2005 τρόπους,

1138 2015 1200 2042 Τῶν
1219 2014 1382 2050 Ῥωμαϊκῶν
1397 2016 1502 2043 ἀστέων
1515 2016 1694 2052 καθαιρέτης.

1144 2062 1174 2089 Ὀ
1187 2062 1210 2088 δ’
1222 2060 1268 2089 οὖν
1283 2062 1408 2096 Ίϐαγκὸς
1421 2063 1572 2098 προσρυεὶς
1583 2064 1749 2099 στεφηφόρῳ

1141 2109 1197 2134 Καὶ
1210 2108 1287 2143 παρὰ
1299 2108 1378 2136 τοῦδε
1401 2109 1577 2145 προσδεχθεὶς
1591 2110 1655 2145 μάλ’
1681 2111 1819 2146 ἀσμένως,

1143 2155 1288 2190 Χρήσιμος
1306 2151 1382 2182 ὢπτο
1394 2155 1432 2191 τῷ
1449 2155 1527 2190 μέρει
1543 2156 1598 2182 τῶν
1613 2156 1750 2188 Αὐσόνων,

1053 2199 1122 2228 6395
1148 2201 1279 2236 ’Δκμαῖος
1295 2200 1333 2228 ὢν
1346 2209 1389 2233 τις
1402 2202 1449 2228 καὶ
1463 2201 1545 2237 χέρας
1562 2201 1715 2238 ῥωμαλέος..

1146 2247 1313 2283 Ὀξύῤῥοπος
1328 2247 1351 2274 δ’
1364 2247 1410 2273 οὖν
1421 2247 1490 2283 πρὸς
1507 2247 1593 2284 θυμὸν
1610 2247 1658 2274 καὶ
1670 2247 1781 2283 μανίαν,

1137 2291 1231 2328 Τούτῳ
1243 2293 1421 2329 κατηγγύησε
1439 2294 1508 2329 προς
1525 2294 1667 2321 συνοικίαν

1137 2339 1192 2373 Τὴν
1207 2338 1373 2374 θυγατριδῆν
1389 2339 1516 2374 βασιλεὺς
1527 2340 1684 2375 ἀφιγμένῳ,

1144 2385 1287 2421 ’Ὑπαρχον
1304 2385 1390 2422 ἀρχὴν
1405 2386 1453 2420 τῆς
1466 2386 1599 2413 Φιλίππου
1616 2386 1750 2421 χειρίσας,

1052 2431 1123 2458 6400
1144 2433 1191 2464 ’ος
1207 2430 1240 2468 ἦν
1257 2433 1434 2468 ἐπιτείχισμα
1448 2433 1551 2464 Μυσοῖς
1566 2433 1614 2460 καὶ
1625 2432 1755 2465 Σκύθαις,

1139 2478 1271 2514 Τειχῆρες
1285 2479 1411 2506 Αὐσόνων
1427 2479 1456 2506 δὲ
1472 2480 1579 2515 χωρίων
1593 2480 1681 2515 μέρει.

1139 2526 1201 2557 Τοῖς
1218 2526 1382 2560 Ἀλαμανοῖς
1396 2526 1546 2562 βαρϐάροις
1561 2526 1686 2558 Σικελίας

1138 2572 1265 2607 Αἱσχρῶς
1285 2571 1412 2608 ἁλούσης,
1426 2574 1455 2599 ἐν
1477 2573 1578 2608 Ἰταλίᾳ
1595 2573 1657 2600 τότε

1139 2619 1313 2653 Δορυάλωτος
1331 2620 1493 2655 συναπήχθη
1509 2621 1578 2655 πρὸς
1596 2620 1673 2655 βίαν,

1052 2665 1122 2694 0405
1144 2665 1199 2692 Καὶ
1216 2665 1340 2700 θυγάτηρ
1353 2666 1469 2699 ἄνακτος
1481 2666 1630 2699 Ὶσαακίου,

1139 2712 1195 2738 Καὶ
1211 2712 1370 2746 κασιγνήτῳ
1386 2712 1470 2747 ρηγὸς
1483 2712 1651 2748 ’Δλαμανίας

1141 2758 1268 2793 Φιλίππῳ
1285 2757 1450 2790 συνέζευκτο
1465 2759 1534 2794 πρὸς
1552 2759 1644 2794 γάμου
1660 2758 1766 2793 σχέσιν,
