1926 3071
86 164 133 197 241
804 165 846 195 ἘΑ

952 166 995 196 εδ.
1660 161 1712 194 ate

191 223 275 249 Πόσιν
290 221 391 257 ἑαυτῆς
409 221 586 249 ἀποϐαλοῦσα
604 221 679 256 μόρῳ

189 269 245 296 Τοῦ
259 269 382 296 Σικελῶν
399 268 533 304 ἄρξαντος
548 268 606 294 υίὺν
624 268 678 303 πρὸ
692 268 797 303 χρόνων
809 275 818 284 θ

99 316 170 343 διιη
194 316 231 342 Ἦ
246 315 375 343 κυκεῶνα
393 315 507 349 πικρίας
522 314 648 350 ἀψινθίου

191 362 329 396 Ποτήριον
340 361 364 388 δ’
378 361 426 396 οὐχ
442 358 525 397 ἦττον
539 361 626 396 ὀργῆς
641 361 747 396 Κυρίου

200 407 339 443 Ὀλέθριον
355 407 466 443 κίρνησι
481 408 515 443 τῇ
528 407 684 439 Βυζαντίδι.

192 453 310 488 [liqu
323 453 358 480 τὰ
371 445 558 487 τοῦσώματος
569 453 660 488 ἄρθρα
672 452 719 480 καὶ
735 452 823 488 βάθρα

189 500 228 525 Οὔ
245 499 366 535 συνεχῶς
382 499 433 534 μὲν
447 500 494 526 καὶ
509 499 554 526 διὰ
572 498 631 534 βίου
647 499 772 534 κράτωρ,

101 545 173 572 διιε
195 545 274 572 Κατὰ
288 546 318 573 δὲ
334 546 454 578 κύκλους
471 545 519 572 καί
535 554 612 577 τινας
629 545 773 580 περιόδους

191 593 244 618 Ἐκ
255 601 328 624 τινος
344 592 411 627 ὕλης
430 592 560 627 σώματος
573 591 718 627 καχεξίας,

196 638 309 670 nam;
324 635 382 673 εἶχε
403 639 450 665 καὶ
464 637 664 669 δυσυποίστους
679 637 788 669 πόνους,

198 685 410 720 Ἐπεισρυέντος
423 683 471 711 τοῦ
487 684 575 711 κακοῦ
590 684 639 710 καὶ
651 683 699 710 τοῦ
715 683 830 716 πάθους,

194 732 296 767 Ἐαρος
311 731 410 758 οὐκοῦν
422 731 563 767 τηνικαῦτ’
574 731 728 766 ἀφιγμένου

95 779 173 806 6420
195 778 290 809 Πόνοις
306 777 431 812 νικηθεὶς
445 778 492 804 καὶ
508 777 713 813 περιωδυνίαις,

192 825 287 859 Τολμᾷ
298 834 325 851 τι
346 825 465 859 πρᾶγμα
479 823 643 855 κινδυνῶδες
658 823 705 851 καὶ
720 823 806 856 ξένον,

192 871 325 905 ὐλεθρον
341 870 417 906 αὐτῷ
430 869 579 906 προξενοῠν
592 870 756 905 παραϐόλως
768 877 776 885 ⁸

192 917 307 952 Σιδήρια
319 916 375 952 γὰρ
392 916 610 950 πυρακτωθέντα
632 917 735 952 σφόδρα

193 963 306 990 Σκελοῖν
320 963 476 997 ἐπιτίθησιν
490 963 592 997 ἀμφοῖν
607 963 652 989 καὶ
665 962 786 998 βάθροιν,

100 1011 174 1038 6523
195 1011 251 1037 Καὶ
267 1011 336 1045 πρὸς
352 1009 434 1045 βάθος
446 1010 561 1044 δέδρακε
578 1009 703 1044 καυτῆρα
721 1009 804 1043 μάλα.

194 1056 250 1083 Καὶ
270 1056 339 1091 πρὸς
353 1056 442 1091 βραχὺ
462 1055 512 1090 μὲν
536 1055 690 1091 ῥαῖσάντων
704 1055 759 1081 τῶν
774 1053 876 1087 πόνων,

192 1103 262 1130 Μεθ’
280 1102 388 1137 ὗὸρεων
402 1102 523 1133 ἅπαντες
544 1101 743 1136 Ἀσκληπιάδαι

190 1150 311 1185 Mutin
333 1149 524 1184 ἀπηλαύνοντο
541 1147 677 1183 κράτορος
691 1148 764 1183 λόγῳ
779 1155 786 1163 ·

194 1196 274 1223 Μετὰ
286 1196 315 1223 δὲ
327 1196 407 1222 τοῦτο
424 1196 577 1231 φλεγμοναὶ
595 1194 750 1230 καυτηρίας

97 1242 174 1269 6350
192 1242 369 1277 Κατέτρυχον
382 1241 537 1277 κρατοῦντα
555 1241 603 1268 καὶ
617 1241 772 1275 ποδαλγίαι,

196 1290 252 1315 Καὶ
267 1290 322 1320 πᾶς
339 1289 432 1324 ἰατρὸς
449 1288 612 1323 εἰσκέκλητο
630 1289 678 1314 σὺν
692 1288 769 1322 τάχει
781 1295 789 1303 ι

195 1336 250 1362 Καὶ
265 1336 368 1367 πάντας
385 1335 556 1370 ὑπέθραττεν
573 1335 603 1361 οὐ
621 1333 724 1369 φαῦλον
737 1333 808 1365 δὲος,

889 229 912 258 Α
927 222 1054 257 quoniam
1068 222 1187 257 priorem
1202 222 1253 257 ipsi
1267 229 1339 250 mors
1353 221 1503 250 abstulerat

926 277 1056 303 sponsum
1072 269 1173 296 Siciliae
1186 269 1321 304 quondam
1338 269 1409 304 regis
1425 268 1519 295 lilium.

927 313 989 342 lltcc
1002 314 1101 342 femina
1116 315 1254 343 conditum
1271 323 1366 343 amaro
1380 314 1517 342 absinthio

927 360 1122 397 Dominicaque
1136 366 1264 396 tanquam
1279 361 1318 388 ira
1335 361 1442 396 plenum

926 407 1037 435 calicem
1053 408 1207 443 propinavit
1219 408 1312 442 patria:
1327 415 1395 435 suae.

926 453 1044 482 Pedibus
1059 459 1086 481 et
1099 454 1243 482 arthrilide
1259 454 1386 482 laborans
1395 453 1492 482 Caesar

928 500 1000 528 haud
1014 500 1121 535 quidem
1136 500 1197 527 sine
1210 500 1303 534 requie
1315 500 1356 527 vel
1374 499 1527 531 intervallo,

926 546 973 573 sed
990 546 1156 580 temporibus
1171 546 1254 574 certis
1269 553 1299 572 ac
1314 545 1446 581 periodis,

928 597 1038 627 propter
1050 593 1177 620 vitiosum
1193 593 1315 628 corporis
1328 592 1470 621 humorem

928 638 1035 666 dolores
1050 639 1204 674 patiebatur
1219 639 1415 673 intolerabiles,

927 683 991 711 dum
1007 692 1036 712 se
1051 692 1099 719 per
1110 692 1210 720 corpus
1224 685 1334 713 morbus
1348 686 1556 721 circumageret.

924 729 1011 764 igitur
1025 738 1107 758 verno
1121 735 1184 759 tunc
1199 731 1320 759 instante
1336 736 1469 765 tempore,

927 784 988 804 cum
1004 781 1149 812 angeretur
1163 777 1252 805 solitis
1265 777 1418 812 doloribus,

924 830 1027 850 novum
1044 823 1175 851 audacter
1192 823 1307 851 tentavit
1322 825 1485 858 remedium,

924 869 1001 905 quod
1017 869 1068 904 ipsi
1084 877 1220 897 summum
1237 870 1328 897 attulit
1339 871 1485 899 discrimen
1500 879 1509 899 :

894 902 915 931 Β
930 902 1048 942 fervidae
1062 916 1134 943 enim
1149 916 1295 944 admodum
1313 916 1378 944 ferri
1394 917 1511 945 laminas

929 961 1037 996 utrique
1051 962 1124 989 cruri
1141 967 1166 989 et
1183 962 1295 996 pedibus
1312 963 1455 997 imponens

929 1009 1029 1036 inussit
1044 1016 1127 1043 grave
1140 1009 1269 1037 carnibus
1282 1010 1445 1037 cauterium.

928 1054 961 1082 Et
977 1055 1080 1083 sedatis
1096 1055 1204 1090 quidem
1222 1063 1366 1091 parumper
1384 1055 1525 1083 doloribus

925 1109 983 1128 non
1001 1102 1060 1129 sine
1077 1101 1208 1129 conviciis
1223 1109 1319 1130 omnes
1333 1100 1511 1136 Asclepiades

930 1147 1021 1180 procul
1040 1154 1054 1173 a
1072 1154 1101 1174 se
1116 1147 1252 1174 facessere
1265 1146 1378 1182 jubebat
1393 1147 1485 1174 Caesar
1498 1155 1505 1174 :

930 1200 1024 1220 verum
1038 1193 1152 1220 cauterii
1169 1193 1295 1227 posthinc
1313 1193 1491 1221 inﬂammatio

929 1240 1059 1275 dolorque
1077 1240 1173 1275 pedum
1191 1240 1325 1268 Ctesarem
1339 1241 1492 1273 cruciabat;

928 1287 1104 1321 revocatiqne
1121 1286 1217 1313 medici
1234 1290 1297 1313 sunt
1315 1286 1452 1320 celeriter,

929 1340 997 1366 quos
1013 1339 1107 1360 omnes
1122 1333 1192 1360 haud
1212 1340 1296 1361 vanus
1315 1332 1413 1359 invasit
1432 1333 1522 1366 timor,

195 1381 302 1416 Μήπως
325 1381 470 1416 ἁνειρχθὲν
497 1380 612 1408 καθόδου
634 1380 686 1414 τῆς
701 1380 770 1415 πρὸς
796 1379 880 1410 πόδας
931 1387 955 1406 nt

796 1379 880 1410 πόδας
931 1387 964 1406 ne
980 1378 1134 1414 prohibitus
1150 1378 1296 1413 quominus
1312 1378 1338 1405 in
1355 1378 1436 1412 pedes
1451 1377 1546 1405 flueret

195 1427 299 1458 Εὲωθέις
311 1424 381 1461 αἷμα
397 1428 446 1454 σὺν
464 1427 516 1463 ὕλῃ
533 1426 710 1461 καταῤῥέειν,

100 1474 175 1501 6355
201 1473 358 1508 Ἐνσκῆψαν
370 1474 410 1505 είς
424 1474 520 1508 καίρια
536 1473 660 1508 σώματος
678 1471 745 1507 μέλη

194 1521 271 1547 (licet
281 1520 430 1555 κρατάρχη
445 1520 562 1546 θάνατον
584 1519 754 1554 παραυτίκα,

195 1565 401 1592 Μεταπεσεῖται
415 1566 438 1592 δ’
452 1564 571 1600 ἀλλαχοῦ
586 1565 754 1599 κραταρχία.

195 1611 306 1638 Τούτων
317 1611 395 1646 λόγος
412 1611 530 1646 μάλιστα
544 1612 578 1646 τῇ
596 1610 725 1645 βασιλίδι,

199 1657 361 1692 κληροῦχον
374 1657 433 1683 υίὺν
447 1657 497 1683 οὐκ
513 1656 614 1692 ἐχούσῃ
631 1657 679 1682 τοῦ
697 1656 826 1691 κράτους,

103 1703 178 1730 suo
196 1704 290 1738 Μάνην
305 1703 440 1738 ξυνωρίδα
458 1703 486 1730 δὲ
500 1703 554 1730 τῶν
568 1703 740 1737 θυγατέρων,

197 1752 284 1787 Χῆτιν
299 1750 355 1786 (72)
371 1750 514 1777 παθουσῶν
531 1749 585 1776 τῶν
599 1749 735 1775 συνευνῶν
752 1748 804 1783 πρδ
818 1748 882 1783 χρύ-

761 1795 827 1831 [νων
837 1802 843 1808 ⁸

200 1843 251 1871 Ὧν
268 1844 375 1879 Εἰρήνη
392 1843 442 1878 μὲν
455 1843 472 1878 ἡ
487 1842 577 1878 χρόνῳ
595 1842 773 1878 πρεσῦυτέρα

198 1891 325 1925 Συνῆπτο
340 1889 433 1921 καλῶς
447 1889 516 1925 πρὸς
531 1889 622 1924 γάμου
639 1888 782 1915 κοινωνίαν

199 1936 431 1971 Κοιντοστεφάνων
448 1936 480 1962 ὲκ
494 1935 590 1969 γένους
605 1934 779 1969 Ἀνδρονίκῳ,

105 1984 181 2012 6Η5
199 1984 284 2018 Μόρῳ
299 1982 413 2018 μαλακῷ
428 1981 612 2010 καταλύσαντι
627 1981 685 2016 βίον
698 1989 705 1996 ·

204 2031 237 2057 Ἡ
249 2030 365 2063 δευτέρα
379 2029 402 2055 δ’
421 2029 507 2059 Ἅννα
521 2036 553 2062 γε
568 2027 684 2062 συνῴκει
700 2028 780 2054 πάλιν

205 2076 334 2109 Ίσαακέῳ
349 2073 527 2109 Κομνηνιάδῃ
540 2072 592 2107 νέῳ

200 2120 303 2146 Μυσῶν
316 2119 457 2154 καθείρξει
468 2118 514 2147 τὸν
526 2117 582 2153 βίον
594 2117 742 2149 λελοιπότε,

204 2165 249 2197 Ὠς
266 2165 382 2201 ἱστορῶν
397 2164 519 2200 ἔφρασεν
534 2163 632 2191 ἀνόπιυ
645 2162 735 2197 λόγος.

110 2212 181 2239 65513
203 2212 299 2239 Ταῦτα
316 2212 365 2246 μὲν
377 2211 451 2237 οὕτω
468 2210 508 2245 τῷ
522 2210 628 2245 βασιλεῖ
645 2208 760 2243 συνέϐη.

203 2259 300 2293 Ὀμως
316 2258 428 2293 ῥαΐσας,
443 2257 552 2292 ἀπάρας
566 2255 741 2289 Βυζαντίδος,

207 2305 370 2339 Ἦφίσταταί
385 2311 417 2338 γε
429 2302 618 2338 Θεσσαλονίκῃ
635 2302 723 2335 πόλει¹

202 2351 340 2377 Κάκεῖθεν
358 2350 433 2384 ὁρμᾷ
447 2348 518 2375 κατὰ
532 2348 642 2383 Χρύσου
668 2346 716 2374 τοῦ
732 2347 849 2382 Βλάχου,

203 2398 252 2428 Ὃς
264 2394 436 2431 παραλαϐὼν
447 2393 658 2429 Στρούμμιτζαν
669 2395 717 2421 σὺν
727 2396 782 2426 τοῖς
793 2395 885 2430 πέριξ,

107 2443 183 2470 6555
202 2443 258 2469 Καί
274 2451 301 2468 τι
312 2440 460 2476 κατασχὼν
477 2441 516 2472 είς
528 2440 688 2475 τυραννείου
704 2440 783 2475 λόγον

204 2489 378 2524 Ὑπερφυὲς,
391 2488 530 2523 τειχῆρες,
547 2487 670 2514 αἰπεινὸν
683 2487 743 2514 λίαν

202 2537 327 2571 Ἔρυμα,
345 2534 443 2566 δεινὸν,
461 2533 604 2568 Πρόσακον
618 2534 796 2569 κεκλημένον,

207 2584 243 2608 Ὃ
263 2580 471 2616 συνδραμοῦσαι
485 2579 566 2614 φύσις
579 2580 636 2614 ἅμα
651 2580 698 2607 καὶ
714 2579 796 2615 τέχνη

209 2627 407 2663 Ἀπρόσμαχόν
418 2627 442 2652 τ’
458 2626 564 2660 ἄμαχον
579 2625 744 2660 είργάσαντό
760 2634 830 2659 πως,

108 2676 180 2704 6560
201 2675 256 2702 'llv
281 2675 448 2708 Ῥωμαϊκοῖς
461 2673 662 2707 γειτνιάζουσιν
679 2673 753 2708 ὅροις

199 2724 280 2757 Μέγα
295 2731 322 2748 τι
336 2721 422 2748 κακὸν
437 2718 609 2753 ἀφανίζουσα
623 2718 707 2754 λύμη,

201 2771 300 2796 Τοίνυν
317 2767 432 2797 ἐπιστὰς
446 2765 573 2801 βασιλεὺς
587 2764 625 2798 τῷ
639 2765 774 2801 Προσάκῳ

201 2816 282 2843 Μετὰ
296 2814 429 2849 στρατιᾶς
444 2811 611 2845 αξιαγάστου
628 2811 698 2845 λίαν,

144 2898 194 2934 κῖὲ)
214 2898 243 2926 ιιι
262 2897 388 2932 margine
404 2895 494 2930 glossa
512 2893 648 2930 στέρησιν.

931 1425 1026 1452 solitus
1043 1426 1138 1452 humo:-
1152 1424 1293 1459 sanguinis
1310 1429 1337 1452 et
1355 1425 1450 1457 saniei,

932 1472 958 1498 iu
975 1471 1098 1506 corporis
1114 1470 1258 1504 praecipuis
1272 1475 1411 1505 stagnaret
1426 1471 1561 1506 partibus,

931 1525 1086 1552 aegrumque
1101 1517 1242 1544 subitanea
1260 1522 1348 1544 morte
1367 1518 1546 1552 opprimeret,

894 1582 916 1611 ο
933 1567 1014 1598 atque
1029 1563 1061 1590 ad
1078 1568 1223 1590 extraneas
1238 1568 1374 1598 sceptrum
1390 1564 1478 1590 abiret
1494 1571 1602 1593 manus.

933 1607 1029 1635 Sermo
1045 1608 1087 1634 hic
1105 1608 1185 1635 fiebat
1202 1607 1272 1642 apud
1291 1608 1410 1643 reginam
1426 1608 1556 1642 maxime,

931 1662 990 1689 qua:
1005 1653 1154 1682 masculum
1172 1653 1305 1681 hazredem
1321 1653 1391 1681 haud
1411 1659 1565 1688 pepererat,

930 1701 976 1727 sed
997 1699 1159 1726 feminarum
1175 1703 1279 1726 tantum
1298 1707 1347 1733 par
1362 1699 1497 1731 filiarum,

931 1753 1045 1780 quarum
1058 1746 1114 1780 jam
1130 1749 1188 1773 erat
1206 1750 1321 1780 utraque
1339 1752 1439 1780 sponso
1453 1745 1544 1772 vidua.

929 1841 1009 1868 lrcne
1026 1845 1090 1868 natu
1109 1841 1195 1876 major
1210 1840 1302 1876 juncta
1322 1840 1410 1868 fuerat

932 1887 1079 1923 splendidis
1095 1895 1161 1915 sane
1176 1888 1280 1922 nuptiis
1296 1888 1461 1921 Andronico,

933 1934 1089 1968 progeniem
1105 1941 1183 1962 suam
1201 1934 1318 1962 trahenti
1334 1935 1367 1962 de
1380 1934 1623 1970 Contoslephanis;

933 1982 981 2010 sed
997 1982 1019 2009 is
1034 1982 1144 2018 abrupit
1156 1984 1238 2011 vitam
1260 1984 1295 2012 ob
1309 1992 1384 2012 suam
1405 1984 1558 2012 mollitiem.

932 2028 1029 2056 iunior
1042 2036 1118 2064 aeque
1132 2034 1214 2064 nupta
1230 2030 1317 2058 fuerat
1332 2030 1409 2058 Anna

930 2075 1134 2104 Comnenorum
1149 2077 1259 2104 surculo
1279 2078 1402 2109 lsaacio,

934 2122 980 2156 qui
994 2122 1064 2157 apud
1083 2122 1184 2150 Mocsos
1198 2123 1266 2150 obiit.
1282 2123 1309 2150 in
1329 2124 1452 2156 vinculis,

935 2173 964 2196 ut
978 2174 1074 2196 nostra
1092 2169 1206 2197 historia
1226 2170 1343 2205 desuper
1359 2172 1488 2197 narravit.

935 2216 1024 2250 Atque
1044 2215 1080 2242 ita
1097 2214 1213 2242 thsaris
1229 2222 1258 2242 se
1276 2223 1319 2243 res
1340 2216 1494 2244 habebant:

898 2252 922 2279 ὓ
937 2261 981 2296 qui
1001 2262 1072 2289 male
1088 2261 1182 2289 firmus
1196 2261 1284 2289 adhuc
1302 2261 1431 2297 Byzantio
1449 2263 1582 2290 excedens

936 2308 1156 2336 Thessalonicam
1173 2308 1287 2335 contulit
1302 2315 1331 2334 se
1345 2308 1371 2335 in
1386 2309 1479 2335 urbem
1494 2315 1501 2335 :

936 2353 998 2380 inde
1017 2353 1134 2386 perrexit
1151 2358 1244 2380 contra
1258 2353 1394 2388 Cbrysum
1409 2353 1538 2381 Blacbum

936 2399 981 2434 qui
997 2398 1173 2425 Strummitza
1192 2403 1323 2433 occupatu
1339 2406 1399 2426 cum
1419 2399 1529 2432 vicinia,

936 2449 1086 2479 tenensque
1101 2444 1247 2479 quoddam,
1265 2443 1347 2472 veluti
1364 2445 1464 2480 regiam
1480 2453 1568 2480 suam,

938 2491 1123 2526 peridoneum,
1136 2490 1344 2517 munitissimum
1359 2495 1385 2518 et
1398 2492 1514 2519 sublime

940 2539 1034 2571 ingens
1052 2537 1191 2565 castellum
1207 2537 1249 2564 cui
1269 2545 1366 2564 nomen
1381 2537 1529 2571 Prosacon,

938 2584 1008 2618 quod
1025 2591 1070 2610 ars
1084 2583 1208 2610 certatim
1227 2591 1286 2609 cum
1304 2587 1399 2610 natura
1414 2583 1544 2612 cll'ecerat

939 2629 1101 2656 bellantibus
1117 2628 1286 2659 inaccessum
1306 2629 1523 2664 inexpugnabile,

938 2673 1068 2703 Romanae
1085 2673 1141 2700 illic
1156 2673 1286 2708 proximis
1302 2674 1413 2703 ditionis
1431 2676 1530 2705 finibus

939 2727 1020 2754 grave
1037 2719 1195 2747 imminebat
1211 2720 1309 2747 malum
1323 2725 1350 2748 et
1365 2721 1487 2751 exitium.

935 2766 1074 2793 Accedens
1088 2772 1153 2800 ergo
1167 2765 1304 2794 Prosacon
1321 2766 1469 2802 imperator

938 2819 1000 2840 cum
1021 2811 1135 2840 ﬂorente
1153 2812 1272 2840 exercitu
1288 2817 1315 2840 et
1329 2815 1461 2849 permiro,
