1926 3071
204 178 257 216 243
757 175 960 207 EPHR/EMII

1066 174 1212 206 DNOGRA
1217 173 1284 204 ΡΗῙ
1775 163 1826 195 244

203 240 383 270 consertaque
401 234 475 270 gravi
493 241 554 262 cum
569 233 661 262 Moesis
675 240 776 269 pugna.

202 283 229 310 vi
246 282 384 310 nitebatur
401 280 538 309 debellare
552 279 698 315 Chrysum,

203 329 316 364 ejusque
331 335 422 355 arcem
436 326 518 354 armis
534 333 680 362 occupare.

206 376 271 403 Post
288 375 400 402 multam
416 379 505 401 autem
523 373 623 400 eadem
639 380 671 400 ac
687 372 806 399 laborem

207 422 240 449 ad
255 422 330 456 pacis
346 421 516 449 conditiones
533 420 651 454 respexit
665 419 800 453 Chrysus,

206 476 236 497 se
252 468 353 496 Ctesari
371 467 498 495 nimirum
519 467 576 494 fore
591 466 747 498 subditum,

209 515 233 545 si
254 514 372 543 retinere
386 514 456 543 hanc
471 513 520 541 sibi
536 512 629 542 liceret
645 518 747 544 arcem,

208 565 235 587 et
249 561 271 588 si
287 560 397 587 daretur
412 558 483 594 regia
499 559 533 587 de
548 558 634 592 stirpe
650 565 729 585 tutor.

208 606 255 634 Sic
269 613 299 634 re
315 606 439 633 conlecta
455 604 547 633 Caesar
559 604 701 631 discedens
715 603 843 633 Prosaco.

208 659 350 687 regressus
365 656 405 680 est
421 652 454 679 ad
471 652 564 679 urbem
584 649 766 677 Constantini.

210 699 277 726 Exin
293 698 415 726 Romano
431 698 545 733 imperio
563 697 643 724 ﬁdem
659 696 740 730 fregit

211 744 322 780 perfuga
338 745 454 772 lbancus
470 744 496 771 in
511 743 627 778 Philippi
645 743 723 776 urbe,

212 790 437 825 tletriuzentisque
451 790 543 818 affecit
556 794 663 818 nostros
678 789 800 825 plurituis
812 797 820 817 :

214 844 275 863 nam
291 841 318 864 et
334 836 392 863 acie
406 843 478 871 swpe
493 836 619 864 discessit
634 836 732 868 victor,

213 881 369 917 Camniytze
385 889 491 916 quoque
506 886 584 916 capto
600 884 804 915 protostratore,

213 932 241 953 ιιι
258 927 406 955 incursavit
422 932 522 960 nostrae
539 925 648 952 ditionis
662 925 744 954 urbes

214 980 275 1006 qum
288 977 351 1000 sunt
369 972 484 1006 Boleron
500 979 594 1000 versus
613 979 701 1005 usque
717 970 876 1002 Xanthiam,

215 1019 306 1045 omnia
324 1019 376 1045 late
392 1018 533 1052 diripiens.
550 1025 645 1052 agens,
659 1016 770 1044 ferens:

215 1065 258 1092 vir
273 1065 331 1091 sine
349 1064 430 1091 dubio
446 1064 575 1098 praeditus
590 1063 678 1090 ferino
694 1062 786 1094 corde,

216 1111 305 1142 rabidi
320 1111 396 1138 cauis
415 1111 503 1138 instar
522 1110 659 1137 Romanos
681 1109 834 1140 allatraus;

217 1158 263 1194 qui
284 1165 317 1186 eo
337 1158 453 1185 vesunite
468 1157 621 1191 l‘nrorisque
635 1155 732 1187 evasit,

219 1209 248 1231 ut
263 1204 363 1231 milites
381 1203 517 1236 Romanos
534 1203 559 1229 in
577 1202 667 1237 prtt'lio
685 1206 778 1235 captos

219 1251 358 1278 frustatim
373 1257 439 1277 ense
454 1249 569 1277 caederet
586 1248 613 1275 in
631 1248 766 1275 convivio.

219 1297 309 1330 Quare
326 1297 472 1330 imperator
486 1295 580 1322 abiens
596 1293 724 1329 Byzantio

221 1346 307 1370 semet.
323 1341 426 1368 Orestis
444 1340 558 1371 contulit
573 1339 606 1366 ad
622 1340 734 1371 urbem:

220 1395 335 1422 cumque
351 1386 479 1423 rebellem
495 1391 619 1418 cerneret
632 1385 730 1418 fortem
745 1384 899 1422 admodum,

221 1434 358 1462 Romanos
372 1437 461 1460 autem
478 1436 565 1459 semet
582 1431 743 1463 comitantes

221 1481 314 1516 praelio
328 1480 477 1508 abhorrere
491 1482 573 1513 atque
591 1482 664 1505 metu
683 1476 831 1508 exanimes,

222 1527 300 1562 inops
318 1526 422 1554 consilii
438 1526 512 1553 curis
526 1524 670 1554 aestuabat.

222 1574 308 1609 Igitur
322 1572 491 1601 conditiones
507 1571 600 1600 rebelli
620 1570 730 1603 obtulit,

224 1627 359 1648 armorum
376 1626 524 1654 pugnaeque
540 1618 647 1645 interim
663 1626 714 1645 nou
730 1617 889 1647 immemor;

224 1667 428 1701 exercitumque
440 1672 548 1692 omnem
564 1671 655 1692 secum
673 1663 784 1690 trahens

225 1713 337 1742 contulit
350 1721 379 1740 se
396 1713 423 1739 in
439 1711 607 1747 provinciam
629 1709 854 1744 PhilippopoleOs.

226 1759 318 1794 ibiqttc
338 1764 457 1786 castrum
477 1759 549 1791 cepit
566 1756 591 1784 vi
607 1756 823 1786 Stenimachum,

229 1806 272 1834 ubi
287 1805 471 1833 Barbarorum
490 1809 549 1833 erat
568 1804 663 1837 ingens
681 1809 824 1834 numerus,

228 1861 296 1886 quos
314 1853 406 1880 urbem
423 1852 566 1887 populatus
577 1849 734 1885 captivavit.

230 1899 331 1926 Deinde
346 1903 425 1933 capto
442 1897 517 1929 falsis
530 1896 758 1932 pruinissionibus

229 1945 332 1972 crudeli
350 1944 459 1976 lbauco,
481 1942 597 1977 pessimo
616 1939 783 1977 adversario,

229 1993 316 2021 victor
336 1998 463 2018 reversus
477 1994 519 2017 est
536 1986 809 2021 Constantinopolim.

231 2038 371 2072 ltegnante
383 2037 477 2064 Alexio
490 2036 523 2063 de
539 2035 685 2062 Comueuis
702 2031 822 2067 Angelis,

229 2083 333 2111 Joanne
351 2088 440 2110 autent
455 2082 599 2113 Catuatero
616 2079 742 2107 Ecclesia:

231 2137 340 2159 sacrum
357 2133 464 2156 tenente
479 2128 577 2160 soliqu
599 2126 764 2162 Byzantium,

231 2184 331 2204 novum
348 2175 460 2203 emersit
476 2175 654 2209 spuriumque
668 2173 777 2207 dogma,

231 2223 309 2258 cujus
325 2223 455 2258 magister
469 2225 529 2249 erat
543 2225 571 2248 et
585 2224 692 2250 creator

233 2272 383 2297 monachus
395 2269 504 2303 quidam
523 2267 609 2298 dictus
622 2265 759 2295 Sicidites.

234 2318 326 2344 intima
345 2322 406 2342 vere
420 2315 558 2342 blaterans
572 2317 599 2340 et
617 2313 811 2346 ventriloquus.

233 2362 301 2389 Nam
319 2359 504 2391 controversia
520 2363 614 2386 exorta
632 2363 722 2385 utrum
741 2357 833 2384 dicere

234 2408 290 2439 i.no
307 2412 333 2434 et
344 2407 447 2434 diserte
459 2406 571 2433 credere
584 2412 632 2432 nos
649 2407 784 2438 oporteat,

235 2462 333 2489 corpus
346 2453 516 2482 Domiuicum
534 2452 561 2478 in
575 2451 714 2485 mysteriis
729 2454 867 2483 sumptum

236 2501 450 2535 incorruptivum
466 2505 538 2530 esse,
556 2501 585 2524 ut
599 2501 659 2531 post
673 2496 827 2531 passionem

235 2549 479 2581 admirandamque
496 2544 664 2576 anastasim;
687 2550 721 2570 au
737 2542 923 2576 corruptivum

236 2595 315 2629 quale
328 2598 391 2621 ante
405 2598 520 2621 mortem
537 2591 626 2619 fuerat
641 2597 672 2617 ac
687 2589 839 2624 passionem
853 2596 860 2620 ;

237 2640 323 2666 altera
341 2646 404 2673 pars
419 2638 508 2665 aiebat
521 2635 748 2671 incorruptivum,

237 2686 307 2713 t'reta
320 2685 452 2712 doctrinis
464 2689 545 2718 atque
566 2682 730 2710 testimoniis

239 2731 292 2760 cati
306 2731 398 2767 Cyrilli
411 2735 437 2757 et
453 2730 540 2758 Patris
554 2728 750 2765 Chrysostomi,

239 2778 421 2813 Eutychiique
436 2776 578 2812 Byzantini
593 2775 729 2811 praesulis,

239 2830 267 2852 et
282 2824 464 2859 Nyssenorum
481 2823 626 2858 pliospbori
643 2822 779 2856 Gregorii.

240 2869 286 2904 qui
303 2869 405 2904 scripto
422 2877 470 2897 suo
485 2869 601 2896 suadent
616 2868 783 2904 magisterio,

241 2917 315 2954 istud
333 2923 348 2944 a
365 2915 444 2947 nobis
462 2920 599 2950 sumptum
618 2915 645 2944 in
662 2914 798 2950 mysteriis

1005 232 1030 260 Α

1149 230 1205 257 Kal
1221 227 1411 264 συγκροτήσας
1427 224 1564 261 καρτερὴν
1580 223 1686 254 Μυσοῖς
1703 221 1793 257 μάχην

1063 277 1134 305 6465
1154 275 1275 311 Σπουδὴν
1288 273 1372 301 ἐτίθει
1385 272 1431 299 τοῦ
1443 270 1553 307 Χρύσου
1568 267 1744 303 κατισχύσαι,

1156 323 1243 350 Ἐλεῖν
1257 330 1288 348 τε
1303 320 1351 347 καὶ
1370 318 1501 354 φρούριον
1514 315 1596 343 αὑτοῦ
1612 316 1671 346 τοῖς
1689 313 1790 344 ὅπλοις.

1150 369 1227 398 Μετά
1242 368 1322 403 φόνον
1336 366 1402 402 γοῦν
1414 365 1461 393 καὶ
1473 365 1596 399 κάματον
1611 361 1708 397 μυρίον

1152 417 1198 447 Et;
1210 411 1527 450 συμϐάσεις,βλέψαντος
1550 408 1624 443 αὐτῷ
1649 407 1697 434 τοῦ
1721 404 1829 441 Χρύσου

1153 462 1206 489 Τοῦ
1223 460 1400 488 καθυπείκειν
1416 457 1521 493 βασιλεῖ
1528 455 1573 482 διὰ
1586 454 1654 490 βίου,

1066 510 1136 539 6470
1157 509 1270 544 Ἔρυμα
1285 506 1413 541 κατέχειν
1430 502 1536 539 βασιλεῖ
1548 502 1592 529 διὰ
1609 500 1677 535 βίου,

1154 554 1210 582 Kal
1226 552 1345 586 σύξυγον
1359 551 1434 586 σχεῖν
1451 549 1483 577 ἐκ
1499 547 1637 583 βασιλείου
1652 546 1761 579 γένους,

1156 599 1243 632 Ἀναξ
1258 598 1394 634 μεταστὰς
1406 597 1461 623 τῶν
1478 595 1568 631 μερῶν
1582 592 1629 620 τοῦ
1642 593 1797 627 Upon-aueo.

1156 647 1276 674 Εῐσεισιν
1296 644 1375 675 αὖθις
1387 644 1436 677 τὴν
1450 641 1527 668 πόλιν
1546 637 1764 666 Κωνσταντίνου.

1163 693 1325 728 Ἀφίσταται
1340 689 1370 716 δὲ
1380 689 1428 716 τού
1446 687 1563 724 κράτους
1583 684 1734 720 Ῥωμαῖδος

1070 741 1140 769 6H5
1160 738 1289 775 Πρόσφυξ
1303 735 1426 770 ἰὃαγκδς
1439 734 1477 761 ὢν
1498 734 1527 759 ὲν
1541 731 1676 758 Φιλίππου
1693 729 1781 760 πόλει,

1158 787 1213 814 Ka‘t
1226 785 1339 812 πλεῖστα
1354 781 1449 809 δεινῶν
1470 779 1594 810 Αῠσονας
1609 775 1801 810 κατειργάκει,

1160 831 1216 858 Kal
1232 829 1363 864 στρατιὰν
1378 828 1501 863 ἥττησεν
1515 823 1606 851 αὐτῶν
1623 821 1766 851 πολλάκις,

1164 877 1249 904 Ἑλὼν
1267 872 1508 910 πρωτοστράτωρα
1525 867 1696 904 Καμμύτζην
1711 865 1801 901 μάχῃ·

1159 921 1334 958 Ἐπίδραμὼν
1349 921 1378 947 δὲ
1393 919 1440 946 καὶ
1451 917 1541 948 πόλεις
1549 914 1699 949 Ῥωμαῒδος

1075 971 1144 1000 6480
1160 970 1215 1002 Τὰς
1231 969 1300 1003 πρὸς
1313 966 1428 1001 Bolspr
1445 965 1543 1000 μέχρις
1559 962 1642 996 αὐτῆς
1653 958 1795 990 Ξανθείας,

1165 1016 1221 1044 Kal
1237 1016 1324 1043 πάντα
1347 1013 1452 1049 μυσῶν,
1503 1018 1580 1045 φασι,
1593 1008 1669 1034 λείαν
1684 1006 1804 1041 δράσας·

1169 1063 1253 1098 ’Δνὴρ
1267 1059 1388 1096 ἀτεχνῶς
1403 1056 1558 1092 αἱμοχαρὴς
1571 1053 1683 1089 καρδία,

1162 1110 1243 1136 Κύων
1263 1107 1375 1143 μανικὺς
1391 1102 1570 1132 καθυλακτῶν
1594 1101 1736 1128 Αὐσόνων

1167 1156 1215 1187 Ὃς
1232 1156 1259 1186 ἐς
1271 1152 1384 1180 τοσοῦτο
1400 1151 1496 1186 μανίας
1512 1148 1650 1182 ὲληλάκει,

1077 1203 1147 1231 6485
1172 1202 1216 1233 Ὧς
1229 1199 1408 1236 συσχεθέντας
1421 1197 1547 1224 Αὐσόνων
1563 1194 1632 1222 κατὰ
1653 1192 1752 1227 μάχην,

1166 1249 1281 1282 Τέμνειν
1297 1245 1410 1281 μεληδὸν
1424 1245 1452 1269 ἐν
1468 1242 1542 1276 πότῳ
1557 1239 1689 1274 ξιφειδίῳ.

1167 1295 1249 1322 Ὅθεν
1266 1292 1392 1329 βασιλεὺς
1408 1290 1517 1324 ἀπάρας
1530 1285 1691 1318 Βυζαντίδος

1171 1339 1332 1376 Ὀρεστιάδα
1347 1336 1552 1370 καταλαμϐάνει
1570 1334 1647 1361 πόλιν
1657 1341 1664 1349 ·

1176 1388 1264 1424 Ὀρῶν
1279 1386 1436 1417 ἀποστάτην
1451 1383 1479 1410 δὲ
1492 1381 1629 1416 δύσμαχον
1646 1378 1728 1409 πάνυ,

1079 1437 1147 1466 6490
1166 1436 1223 1464 Καὶ
1239 1434 1319 1462 συνὸν
1333 1431 1407 1467 αὺτῷ
1430 1429 1584 1464 Ῥωμαϊκόν
1597 1436 1623 1453 τι
1638 1425 1731 1459 origo;

1168 1483 1239 1515 [lqu
1254 1479 1415 1515 συμπλοκὴν
1429 1477 1543 1511 φρίσσον
1555 1483 1583 1501 τε
1593 1473 1640 1500 καὶ
1651 1472 1766 1507 θνῆσκον
1779 1469 1851 1502 δέει,

1172 1528 1348 1563 Ἐξηπορεῐτο
1363 1523 1485 1560 φροντίσι
1500 1520 1686 1557 προσανέχων.

1172 1575 1245 1608 Πλὴν
1260 1572 1440 1608 προύκαλεῖτο
1455 1569 1524 1603 προς
1538 1567 1631 1602 φιλίαν
1650 1563 1793 1596 ἐνστάτην,

1176 1621 1253 1656 Μηδὲ
1271 1618 1401 1654 στρατιᾶς
1417 1614 1526 1650 ἀμελῶν
1545 1612 1654 1646 καὶτῆς
1670 1609 1776 1644 pater

1116 1668 1150 1693 ‘J‘i
1172 1667 1227 1694 Kal
1243 1663 1411 1700 παραλαϐὼν
1427 1662 1476 1693 τὰς
1491 1659 1620 1694 δυνάμεις
1635 1657 1684 1687 τὰς
1699 1656 1762 1686 ὅλας

1169 1713 1224 1740 Kal
1238 1713 1286 1748 τῆς
1298 1710 1432 1738 Φιλίππου
1445 1708 1495 1743 τὴν
1512 1705 1648 1740 ἐπαρχίαν
1662 1703 1778 1738 φθάσας,

1173 1759 1338 1794 Στενίμαχον
1353 1755 1482 1791 φρούριον
1498 1750 1570 1780 εἷλεν
1582 1753 1614 1778 ἐκ
1630 1750 1729 1785 μάχης,

1175 1805 1261 1832 Ἔνθα
1280 1803 1396 1838 συνῆκτο
1422 1800 1568 1836 βαρὸἀρων
1595 1798 1721 1824 πλεῖστον
1743 1794 1854 1828 στίιριις,

1173 1851 1226 1883 Οὓς
1242 1848 1476 1879 κατεδουλώσατο,
1494 1844 1634 1880 πορθήσας
1649 1842 1726 1869 πόλιν
1737 1848 1743 1855 ·

1086 1903 1155 1932 0500
1177 1901 1294 1927 Ἔπειτα
1310 1896 1416 1932 συσχὼν
1432 1895 1535 1930 ἀπάτῃ,
1549 1890 1720 1927 ψευδορκίοις

1181 1947 1305 1980 Ὶῦαγκδν
1319 1943 1403 1978 ὠμὴν,
1419 1942 1569 1975 δύσμαχον,
1588 1936 1773 1972 κακεργάτην,

1175 1993 1279 2020 Εἴσεισι
1293 1991 1449 2019 καλλίνικος
1465 1987 1514 2021 τὴν
1527 1982 1746 2012 Κωνσταντίνου.

1175 2039 1278 2065 Τούτου
1290 2035 1456 2072 κρατοῦντος
1474 2027 1787 2068 Κομνηναγγελωνύμοιι
1793 2044 1800 2057 ,

1184 2085 1307 2111 ἰιμιιάννου
1325 2083 1352 2110 δὲ
1366 2078 1540 2116 Καρ-ατηροῦ
1554 2078 1599 2104 τὸν
1614 2076 1708 2112 θρόνον

1088 2133 1157 2160 6505
1179 2129 1360 2158 Βυῖαντιάδος
1377 2126 1478 2154 ἰθύνειν
1494 2123 1644 2158 εἰληχότος,

1177 2178 1260 2211 Δόγμ¹
1277 2174 1381 2209 ὰνεφύη
1397 2170 1561 2205 καινοφανὲς
1575 2169 1621 2196 καὶ
1636 2167 1723 2198 νόθον,

1183 2221 1336 2257 Γεννήτορά
1350 2229 1378 2246 τε
1395 2219 1441 2245 καὶ
1455 2215 1617 2245 διδάσκαλον
1635 2215 1717 2248 φέρον

1180 2270 1247 2296 Τινᾶ
1261 2268 1378 2303 μοναχὸν
1390 2264 1527 2298 Σικιδίτην
1543 2261 1702 2295 τοὺπίιιλην,

1179 2315 1308 2343 Λαλοῦντ⁷
1324 2312 1432 2347 ἀληθῶς
1445 2310 1500 2338 ἀπὸ
1515 2309 1566 2344 γῆς
1580 2308 1626 2334 καὶ
1642 2306 1757 2337 κοιλίας.

1089 2364 1158 2393 0510
1178 2363 1321 2398 Ζητήσεως
1337 2359 1419 2393 οὔσης
1435 2358 1489 2393 γὰρ
1507 2357 1530 2383 εί
1546 2355 1599 2390 χρὴ
1615 2355 1661 2380 καὶ
1676 2353 1766 2386 λέγειν

1178 2409 1258 2435 Νοεῐν
1275 2415 1305 2433 τε
1322 2403 1414 2439 σαφῶς
1441 2403 1522 2437 σῶμα
1537 2399 1655 2435 Χριστοῦ
1673 2398 1822 2428 Δεσπότου,

1182 2456 1214 2481 Ὃ
1230 2453 1332 2489 ληπτύν
1345 2454 1418 2478 ἐστιν
1436 2451 1500 2485 ἡμῖν
1517 2450 1545 2475 ἐν
1563 2446 1724 2483 μυστηρίοις

1180 2499 1335 2534 Ἀφθαρτον
1350 2495 1428 2528 εἶναι,
1447 2495 1574 2527 καθάπερ
1588 2492 1658 2528 μετὰ
1673 2491 1759 2522 πάθος

1184 2548 1239 2574 Kal
1255 2546 1330 2573 θείαν
1343 2544 1503 2574 ἀνάστασιν,
1518 2543 1535 2576 ἢ
1551 2540 1671 2576 φθαρτὸν
1687 2539 1777 2572 λέγειν

1093 2593 1162 2622 6515
1186 2593 1293 2620 ὐποτον
1308 2589 1341 2625 ἦν
1356 2590 1409 2625 πρὸ
1427 2589 1541 2615 Θανάτου
1557 2588 1604 2614 καὶ¹
1620 2586 1668 2613 τοῦ
1681 2585 1784 2615 πάθους

1183 2636 1338 2670 Ἀφθαρτον
1353 2637 1376 2662 οί
1402 2635 1452 2670 μὲν
1467 2634 1644 2661 ἀπεδείκνυον
1661 2632 1732 2663 τόδε,

1182 2682 1390 2712 Διδασκαλικαῖς
1406 2680 1543 2716 χρώμενοι
1561 2678 1727 2715 μαρτυρίαις

1182 2728 1268 2763 Σοῳοῦ
1284 2727 1420 2762 Κυρίλλου
1434 2727 1482 2753 καὶ
1494 2725 1597 2760 πατρδς
1615 2723 1821 2760 Χρυσοστόμου,

1184 2774 1314 2808 Εὐτυχίου
1327 2781 1357 2799 τε
1374 2772 1500 2807 ποιμένος
1515 2770 1685 2803 Βυζαντίδος,

1095 2821 1164 2848 65ἓο
1185 2819 1239 2846 Kal
1251 2817 1402 2852 Γρηγορίου
1420 2817 1567 2851 φωσφόρου
1582 2814 1732 2846 Νυσσαέων
1745 2820 1753 2828 ’

1185 2865 1272 2898 Οἴπερ
1292 2863 1487 2900 παριστάνουσι
1502 2861 1691 2891 διδασκαλίαις

1186 2910 1290 2939 Ἐκεῖνο
1307 2910 1385 2945 σῶμα
1396 2909 1531 2936 Δεσπύτου
1549 2906 1714 2943 πεῳυκέηναΗ
