1926 3071
135 153 187 181 2η

242 207 368 232 "Anum
383 204 462 239 νικᾷν
476 204 606 239 τραγικὸν
622 203 688 238 πρὸς
702 203 732 229 τὴ
745 202 848 229 κλαίειν

239 251 294 278 Καὶ
307 250 517 286 δραματουργὸν
532 249 679 284 συμφορῶν
692 248 878 284 ἀνθρωπίνων,

154 296 229 325 6640
248 294 308 323 Οἶοί
327 305 381 332 περ
393 297 474 327 ὄντες
489 296 672 329 τυγχάνουσιν
687 296 810 324 ἐκτόπως

240 343 397 378 Σοφοκλεῖς.
422 341 551 377 Αἱσχύλοι
568 349 597 367 τε
613 342 662 367 σὺν
677 340 848 372 Εὑριπίδαις·

240 390 358 420 Πίσυνος
372 388 411 415 ὣν
423 389 500 423 ὅμως
516 387 545 414 δὲ
559 387 639 421 κάγὼ
649 386 687 422 τῷ
703 387 787 421 λόγῳ,

240 435 329 462 Αὑτοῦ
346 435 475 466 διδόντος,
488 433 575 468 ἐξερῶ
584 442 610 460 τι
627 433 694 468 πρὸς
713 433 818 462 σθένος.

235 481 367 510 Καθείλεν
382 481 501 514 Ἀλέξιος
519 479 660 514 Κομνηνδς
676 478 788 513 κράτωρ

149 529 221 556 6645
243 529 378 564 Σύναιμον
393 528 511 555 Ἰσάκιον
521 529 635 564 ἀρχικοῦ
646 528 743 562 θρόνου
755 534 763 542 ·

239 576 292 601 Καὶ
304 575 366 609 τάχ’
378 573 414 601 ἂν
431 574 503 608 ὑπῆν
519 574 660 609 συμφέρον
680 574 847 610 κραταρχίᾳ,

240 621 272 648 Εἰ
290 620 366 647 τοῦδε
384 620 467 655 μηδὲν
479 620 606 655 φυλακῆς
619 619 781 655 κατημέλει.

237 667 306 694 Νυνὶ
323 668 350 694 δὲ
365 668 488 701 διάγοντι
503 667 567 702 τῷδ’
585 668 696 703 Ἰσακίῳ

242 714 318 741 Κατά
328 722 359 747 γε
379 713 492 740 διπλοῦν
510 713 589 741 κίονα
601 714 800 748 Προποντίδος,

240 761 401 787 Ἀνεύῠυνον
422 760 564 795 ξύμπασιν
580 759 615 796 ἦν
634 762 780 796 προσιέναι

240 805 293 832 Καὶ
303 806 476 841 καθομιλεῖν,
493 806 583 832 πάντα
600 814 634 832 τε
651 807 719 841 δρᾷν
729 807 836 843 ἀνέδην.

239 851 378 882 Διακόνοις
394 850 441 878 οὖν
461 851 571 882 Ἰταλοῖς
586 852 769 886 κεχρημένος,

239 897 365 932 ’Δνδράσι
389 897 490 932 φίλοις,
505 898 652 933 γράμματ’
668 899 905 934 ὲκπέμπειλάθρα

237 945 302 979 Φίλῃ
320 945 439 979 θυγατρὶ
452 946 484 980 τῇ
509 945 631 981 συνεύνῳ
648 946 784 974 Φιλίππου

149 990 219 1017 6655
239 990 399 1024 Ἀλαμανῶν
415 990 547 1025 ἄρχοντος
564 991 685 1026 εὐτυχῶς
702 992 761 1018 τότε

238 1034 340 1070 Δηλοῦν
354 1035 388 1062 τά
398 1036 423 1062 οἱ
435 1035 582 1070 ξύμπαντα
599 1036 791 1073 συμϐεϐηκότα
805 1047 812 1053 ·

237 1081 377 1108 Κάκεῖθεν
392 1081 551 1116 ἀντίγραφα
569 1082 818 1117 προαδεδεγμένος,

239 1126 346 1160 Πέμπει
363 1126 431 1162 πρὺς
448 1127 534 1163 αὐτὴν
557 1128 676 1161 ’Δλέξιον
694 1129 766 1161 υἱέα,

242 1173 290 1198 ’ον
305 1172 351 1198 καὶ.
361 1172 450 1199 λιπεῖν
462 1172 558 1207 ἤλπιζε
571 1173 722 1209 κληροῦχον
735 1175 859 1209 στέφους,

148 1217 217 1255 6660
238 1217 362 1245 Λαθόντα
376 1218 427 1253 τὴν
441 1219 570 1253 αἴσθησιν
586 1217 627 1251 οἷς
642 1219 740 1246 τούτου
760 1220 850 1255 λόγος.

241 1263 332 1295 Ὅπως
349 1263 376 1290 δὲ
391 1264 481 1290 λαθὼν
499 1264 640 1300 διέδρασε,
656 1266 781 1292 λεκτέον·

240 1307 322 1341 Οὗτός
333 1318 364 1343 γε
384 1310 518 1342 συνέξεισι
530 1311 570 1346 τῷ
593 1312 758 1348 στεφηφόρῳ

237 1356 400 1391 Στράτευμα
415 1357 559 1390 κινήσαντι
575 1358 646 1384 κατὰ
660 1358 828 1396 Καμμύτζη’

235 1401 281 1433 El;
292 1401 314 1428 δ’
329 1400 375 1428 οἷν
389 1403 596 1437 Δαμοκράνειαν
611 1404 800 1441 ὲσκηνημένου

148 1449 219 1478 6665
239 1449 374 1484 Ἀπῴχετ⁷
388 1450 469 1482 αὐτὸς
482 1450 604 1485 ἀποδρὰς
621 1451 689 1486 πρὸς
707 1452 835 1488 Ἀθύραν.

243 1495 383 1529 Ἐφόλκιον
403 1496 432 1522 δὲ
442 1496 506 1531 νηὸς
520 1497 629 1532 εὐρείας
647 1497 718 1524 πάνυ

241 1541 465 1576 Ἑλλησποντίαις
484 1544 584 1576 πηγαῖς
601 1543 834 1581 καθωρμισμένης

235 1585 287 1618 Ἶίς
302 1587 420 1622 ἡγεμὼν
435 1586 471 1622 ἦν
491 1588 524 1614 ὲκ
541 1589 666 1615 Λατίνων
681 1590 813 1622 Πισααῖος

239 1632 476 1667 Ηροευτρεπισθὲν
490 1635 529 1665 εἰς
542 1633 624 1669 δοχὴν
641 1634 689 1661 τοῦ
704 1635 852 1670 δραπέτου,

147 1679 216 1707 6670
241 1679 316 1706 Ἐκεῖ
335 1680 459 1715 κατάραν
479 1680 639 1716 ἐξεπίτηδες
668 1682 741 1713 τότε,

239 1725 382 1760 Ἠρπακὸς
397 1725 543 1757 ἐξέπλευσε
562 1725 607 1752 τὸν
623 1727 743 1760 νεανία-,ι⁹

235 1771 290 1797 Kal
303 1771 372 1806 πρὸς
396 1771 460 1806 μέγ’
473 1772 613 1806 ἀπήνεγκε
630 1772 722 1798 πλοῖον
742 1774 871 1801 Λατίνου.

241 1817 319 1844 Ἐπεὶ
331 1817 358 1843 δὲ
373 1817 494 1852 δρασμὸς
516 1817 663 1852 διέγνωστο
677 1818 725 1844 τοῦ
741 1819 813 1852 νέου,

237 1863 349 1894 Στείλας
363 1863 465 1898 ἐρευνᾷ
483 1863 614 1898 βασιλεὺς
641 1864 734 1890 πλοῖον
753 1865 835 1898 μέγα·

149 1909 217 1936 6675
236 1909 318 1936 Οὐδὲν
330 1909 359 1935 δὲ
375 1909 422 1936 καὶ
439 1909 593 1944 δράσαντες
612 1910 832 1944 ἀπεσταλμένοι,

236 1955 417 1991 Παλίνδρομοι
433 1955 566 1990 φθάνουσι
580 1956 650 1991 πρὸς
676 1956 802 1991 βασιλέα.

235 2002 406 2036 Κειράμενος
420 2001 476 2036 γὰρ
493 2001 602 2036 εὐφυῶς
622 1999 701 2033 οὗτος
721 2002 821 2038 κόμην,

239 2046 391 2080 Ἑσθήμασί
405 2054 436 2072 τε
453 2045 654 2080 σχηματισθεὶς
669 2045 802 2079 Λατίνων,

232 2091 397 2126 Είλούμενός
412 2090 435 2117 τ’
453 2088 487 2117 αὖ
503 2089 606 2125 ἀναμὶξ
625 2089 715 2116 αὐτῶν
738 2090 820 2126 ὄχλῳ,

148 2138 216 2164 66⁸0
237 2138 394 2171 Ἀγνωστος
409 2135 445 2172 ἦν
459 2136 546 2164 ἅπασι
564 2136 612 2162 καὶ
629 2137 686 2168 τοῖς
710 2136 819 2164 εἰδόσιν.

232 2183 327 2216 Οὕτως
337 2183 460 2219 ἀποδρὰς
487 2182 618 2215 Ἀλέξιος.
640 2183 677 2214 ὡς
694 2182 775 2218 ἔφην.

235 2229 306 2263 Πρὸς
324 2231 496 2265 κασιγνήτην
513 2230 542 2255 ὲν
558 2229 670 2264 Σικελίᾳ⁴
685 2228 773 2262 πλέει,

235 2277 288 2303 Καὶ
301 2276 359 2312 τῇδ’
373 2276 504 2310 ὲποφοεὶς
522 2275 690 2310 ἐκτραγῳδεῖ
712 2275 745 2302 τὰ
758 2275 843 2310 πάθη·

239 2323 270 2349 Ἢ
286 2323 309 2349 δ’
322 2323 470 2358 ἐκλιπαρεί
483 2322 529 2349 τὸν
543 2321 673 2349 σύνευνον
688 2322 792 2356 ἀμῦναι

145 2369 213 2397 (683
231 2368 302 2403 «Ιιίλῳ
314 2377 343 2394 τε
355 2369 441 2403 πατρὶ
462 2367 604 2403 δυστυχῶς
621 2367 776 2401 πεπραγότι

231 2416 286 2441 Καὶ
305 2414 428 2450 συγγόνῳ
444 2414 559 2449 πλάνητι
575 2413 672 2449 γυμνῷ
684 2414 708 2440 τ’
723 2414 843 2450 ἀστέγῳ.

232 2461 325 2488 Ταῦτα
339 2462 389 2496 μὲν
405 2460 476 2487 οὕτω
488 2460 637 2495 συνέκυρσε
651 2459 690 2494 τῷ
702 2459 774 2486 τότε·

236 2507 324 2541 ’Υπῆν
343 2507 367 2534 δ’
386 2508 493 2541 ἐριννὺς
518 2507 657 2542 φθαρτικὴ
684 2509 731 2535 καὶ
746 2509 812 2541 πρὶν
829 2507 915 2540 πόλει,

235 2554 343 2588 Ἐρίκος
367 2563 410 2586 τις
422 2554 568 2587 Δανδυυλος
583 2555 645 2589 δοὺξ
660 2555 798 2588 Βενετίας,

239 2601 323 2636 Ἀνὴρ
332 2601 458 2636 ἀγύρτης
473 2602 519 2627 καὶ
532 2602 647 2634 παλαιὸς
663 2603 772 2635 κακίαν,

231 2647 313 2682 Ἄδερ
325 2648 476 2682 ἁλιτήριος,
493 2647 529 2674 At:
536 2648 617 2674 τόνων
629 2648 713 2683 λύμη.

233 2696 280 2725 ὐς
296 2693 444 2727 ὑποτύφων
461 2692 586 2727 ζώπυρον
598 2693 749 2728 βασκανίας

233 2739 400 2774 ¹Εναὺσματ⁹
417 2739 453 2766 αὖ
474 2740 582 2773 μήνιδος
597 2740 705 2766 ἔνδοθεν
727 2741 818 2776 φέρων

233 2786 277 2817 Ὠς
288 2786 318 2811 ὲν
337 2785 438 2820 σποδιᾷ
450 2786 498 2819 τῆς
514 2785 608 2812 ἑαυτοῦ
627 2785 738 2821 καρδίας

144 2832 211 2859 6695
232 2833 288 2866 Τῆς
300 2832 394 2867 δῆθεν,
409 2832 449 2862 ὡς
462 2831 591 2865 Ερασκεν,
612 2833 652 2864 εἰς
664 2832 842 2867 συμφυλέτας

234 2879 302 2916 Παρ’
316 2878 447 2906 Αὐσόνων
462 2878 525 2914 πρὶν
540 2878 640 2914 ζημίας
658 2878 813 2914 παροινίας,

145 2602 213 2628 ϋίίυυ

857 146 957 176 (ΙεΕΞΑ
963 146 1034 177 RES

1715 145 1769 177 250

948 203 972 230 Δ
988 205 1032 238 qui
1051 205 1174 240 quemvis
1184 210 1324 239 superaret
1342 204 1473 239 plorando
1490 203 1622 237 tragicum

939 869 962 900 Β

935 1540 956 1570 C

934 2217 956 2244 D

982 253 1218 286 humanarumque
1235 256 1353 278 actorem
1373 251 1545 278 miseriarum
1559 258 1566 282 ;

978 298 1074 332 quales
1090 297 1199 324 fttcruttt
1217 297 1322 324 scilicet
1338 297 1375 323 illi
1394 295 1487 323 eximii

979 343 1125 379 Sophocles
1138 342 1339 378 [Escbylusquc
1351 347 1432 376 atque
1447 340 1596 374 Euripides.

979 389 1079 417 Verum
1098 394 1125 416 et
1136 397 1186 423 ego
1207 389 1292 417 frettts
1306 388 1440 416 facundiae
1457 387 1572 420 viribus,

979 436 1075 464 barunt
1091 443 1142 470 ope
1154 435 1255 470 aliquid
1269 435 1388 462 conabor
1401 434 1464 460 fari.

977 483 1134 511 Conmenus
1150 482 1242 510 Caesar
1255 482 1396 516 expulerat
1410 481 1520 508 Alexius

978 537 1136 565 germanum
1151 529 1282 556 lsaacium
1298 527 1381 563 regali
1396 527 1510 560 throno;

979 577 1059 612 idque
1072 576 1186 603 fortasse
1200 575 1290 602 fuerat
1303 574 1417 609 imperio
1431 574 1509 606 utile,

978 624 1029 651 nisi
1043 623 1194 651 custodiam
1207 621 1277 657 pulsi
1293 621 1466 656 neglexisset.

977 670 1054 697 Nunc
1065 677 1126 697 cum
1143 669 1260 695 Isaacius
1277 668 1386 695 domum
1403 667 1536 694 habitaret

977 716 1010 744 ad
1024 716 1091 743 duas
1103 715 1242 742 columnas
1261 714 1340 741 sitam
1354 714 1379 740 in
1395 712 1572 748 Propontide.

976 766 1036 790 erat
1048 761 1147 796 cuique
1163 761 1277 788 liberum
1292 761 1434 792 accedere,

976 807 1111 842 colloquia
1127 811 1207 842 atque
1225 807 1331 841 negotia
1348 806 1479 833 audacter
1497 812 1588 840 agere.

981 854 1052 888 Ergo
1066 853 1187 881 lsaacins
1205 860 1269 880 usus
1282 852 1413 879 ministris
1428 851 1503 878 Italis

978 900 1074 928 amicis
1088 900 1138 927 sibi
1154 899 1230 931 viris,
1249 906 1363 926 arcanas
1380 898 1484 925 litteras

978 947 1060 974 tnittit
1078 946 1110 973 ad
1128 945 1209 973 filiam
1226 952 1305 972 suam
1326 943 1442 978 Pbilippi
1459 950 1569 970 uxorem

978 997 1041 1020 tunc
1051 991 1209 1019 Alamannis
1226 990 1385 1026 imperantis
1403 989 1527 1016 feliciter.

977 1039 1007 1065 In
1024 1038 1066 1066 his
1084 1037 1255 1072 significabat
1272 1036 1407 1063 lortunam
1424 1042 1501 1062 suam
1517 1043 1524 1061 :

980 1084 1151 1119 receptisque
1164 1083 1238 1110 illinc
1253 1082 1373 1109 vicissim
1390 1081 1490 1108 litteris

980 1130 1088 1157 ntittere
1100 1128 1224 1156 Alexium
1241 1128 1325 1154 filium
1337 1127 1370 1154 ad
1385 1128 1468 1161 ipsam
1481 1126 1587 1158 statuit,

979 1176 1070 1211 (quem
1090 1180 1116 1202 el
1129 1175 1257 1210 sperabat
1268 1172 1342 1208 regni
1357 1173 1490 1199 ltzeretlem
1508 1169 1642 1206 linquere)

977 1223 1046 1250 clam
1061 1221 1113 1249 illis
1126 1221 1229 1248 scilicet
1245 1220 1289 1254 qui
1307 1218 1487 1246 observabant
1499 1218 1637 1252 juvenem.

977 1268 1028 1295 Sed
1045 1273 1074 1294 ut
1088 1266 1199 1294 latuerit
1217 1265 1289 1300 fuga,
1303 1263 1380 1299 juvat
1394 1263 1498 1298 eloqui.

977 1314 1120 1341 Profectus
1137 1313 1179 1340 hic
1194 1319 1255 1339 cum
1269 1311 1376 1338 Caesare
1394 1317 1478 1345 nuper
1495 1308 1584 1336 fuerat

977 1360 1077 1388 bellum
1092 1359 1263 1393 Caunnytzm,
1282 1362 1311 1384 ut
1324 1357 1450 1388 diximus,
1467 1354 1594 1382 inferenti
1611 1362 1618 1381 :

977 1412 1039 1432 cttm
1055 1408 1144 1431 autem
1158 1401 1344 1430 Damocranite
1355 1409 1430 1429 mora
1447 1401 1533 1432 ﬁeret,

976 1451 1038 1486 fuga
1060 1450 1218 1478 adolescens
1234 1448 1349 1476 contulit
1363 1456 1393 1475 se
1405 1447 1548 1483 Atltyram.

976 1498 1097 1531 Cumque
1112 1496 1228 1524 famulos
1244 1495 1348 1523 letnbus
1362 1494 1480 1530 ingentis
1493 1493 1570 1520 navis

973 1543 1050 1578 cujus
1062 1543 1214 1570 navarcltus
1230 1547 1289 1570 erat
1305 1542 1422 1569 Pisanus
1437 1540 1516 1571 civis,

972 1590 1005 1616 ad
1019 1588 1183 1622 llellcsponti
1195 1593 1277 1622 caput
1288 1594 1449 1623 progressus
1465 1591 1547 1619 esset,

972 1641 1083 1671 paratus
1095 1642 1190 1670 nempe
1205 1634 1238 1662 ad
1254 1634 1440 1668 excipiendum
1454 1632 1597 1668 profugum
1610 1640 1619 1665 ;

972 1687 1085 1714 repente
1100 1682 1225 1709 admotus
1239 1681 1349 1716 Athyras
1364 1680 1502 1707 littoribus

973 1733 1085 1763 recepto
1103 1728 1274 1756 adolescente
1289 1727 1372 1755 altunt
1391 1727 1488 1760 tenuit,

971 1778 1052 1807 atque
1069 1773 1102 1800 ad
1116 1771 1204 1799 Pisoni
1220 1779 1314 1799 navem
1329 1772 1453 1800 eutndem
1468 1771 1617 1799 transtulit.

972 1819 1024 1847 Sed
1037 1826 1098 1846 mox
1116 1822 1146 1846 ut
1159 1818 1221 1853 fuga
1239 1817 1356 1845 innotuit
1373 1817 1567 1850 adolescentis,

970 1866 1106 1901 navigium
1120 1873 1247 1900 magnum
1267 1864 1359 1892 Cmsar
1373 1864 1491 1892 scrutari
1506 1864 1589 1899 jussit

970 1913 1110 1941 ministros
1125 1920 1139 1939 a
1156 1919 1186 1940 se
1202 1912 1319 1945 missos;
1338 1910 1385 1939 sed
1407 1910 1450 1938 isti
1466 1915 1556 1937 tamen

970 1960 1003 1987 ad
1019 1966 1080 1986 eum
1095 1958 1199 1986 reversi
1213 1963 1276 1986 sunt
1290 1958 1398 1993 negotio
1413 1957 1522 1984 infecto.

970 2006 1075 2034 Etenim
1092 2010 1154 2040 apte
1170 2010 1247 2032 tottso
1259 2003 1357 2039 capillo
1370 2002 1479 2037 juvenis

970 2052 1187 2085 vestimentoque
1207 2050 1340 2078 simulans
1357 2056 1386 2076 se
1400 2048 1539 2081 Latinum,

970 2105 1073 2125 cumse
1086 2096 1292 2131 permiscuisset
1305 2095 1390 2122 turba:
1404 2096 1530 2125 nauticae.

969 2144 1076 2172 cunctis
1090 2143 1130 2170 vel
1147 2142 1329 2170 familiaribus
1341 2141 1391 2168 l'ttit
1407 2141 1570 2175 incognitus.

971 2188 1015 2216 Sic
1031 2188 1093 2223 fuga
1109 2188 1227 2222 elapsus,
1241 2191 1270 2214 ut
1284 2187 1383 2213 dictum
1397 2190 1449 2217 est,
1468 2185 1578 2212 Alesius

970 2237 1003 2262 ad
1016 2242 1138 2262 sororem
1155 2234 1260 2262 confert
1273 2240 1302 2261 se
1316 2233 1342 2260 itt
1360 2232 1495 2264 Siciliam,

971 2289 1051 2317 atque
1060 2282 1129 2316 apud
1142 2281 1214 2308 illam
1228 2287 1307 2307 casus
1318 2280 1363 2308 ﬂet
1377 2279 1564 2312 domesticos;

970 2337 1029 2364 qua:
1041 2336 1168 2362 sponsum
1184 2327 1308 2355 exoravit
1324 2332 1352 2354 ut
1367 2327 1461 2354 vindex
1476 2328 1552 2355 ﬂeret

969 2375 1074 2410 parenti
1090 2382 1139 2402 suo
1154 2380 1207 2401 tam
1224 2374 1354 2408 gravibus
1368 2382 1499 2409 oppresso
1513 2374 1602 2408 malls,

970 2421 1101 2456 fratrique
1115 2421 1197 2454 nudo,
1210 2421 1296 2448 exsuli
1311 2425 1337 2448 et
1347 2421 1406 2448 sine
1417 2420 1526 2448 laribus.

969 2467 1036 2494 Dum
1053 2468 1109 2495 luce
1124 2467 1322 2502 peragebantur
1333 2489 1340 2501 ,
1356 2466 1472 2503 Erinnys
1489 2467 1541 2494 alia

968 2515 1080 2541 exitiosa
1100 2514 1256 2550 Byzantime
1270 2514 1328 2542 urbi

968 2560 1020 2586 dux
1035 2559 1211 2587 Venetiarum
1229 2565 1288 2587 erat
1303 2559 1398 2587 Ericus
1413 2559 1563 2591 Datttlulus,

968 2606 1008 2632 vir
1024 2605 1222 2639 fraudulentus,
1237 2610 1371 2632 veterator
1385 2606 1529 2640 pessimus,

967 2652 1039 2678 Ader
1062 2652 1252 2685 exsecrandus,
1272 2652 1377 2686 imperii
1393 2651 1488 2686 pestis,

967 2697 1012 2732 qui
1026 2704 1152 2724 arcanam
1168 2697 1302 2724 flammam
1317 2698 1441 2724 nutriens
1456 2697 1548 2726 livoris

967 2749 1048 2778 atque
1070 2744 1124 2771 odii
1139 2743 1260 2771 fomitem
1278 2745 1380 2779 jamdiu
1397 2752 1495 2780 gerens

969 2795 1096 2822 tanquam
1110 2790 1159 2816 sub
1174 2790 1273 2817 metttis
1289 2790 1380 2817 cinere
1402 2791 1561 2825 rcposilunt,

967 2836 1001 2862 ob
1021 2836 1079 2864 suis
1093 2836 1178 2870 illata,
1195 2841 1223 2862 ut
1239 2837 1338 2869 aiebat,
1352 2837 1457 2864 civibus

967 2888 982 2907 a
994 2880 1069 2908 nobis
1085 2881 1246 2909 detrimenta
1260 2886 1340 2917 atque
1355 2882 1477 2918 injurias,
