1926 3071
141 153 192 184 253

246 211 403 246 Σύμπλουν,
419 212 617 248 ὁμοτράπεζον,
636 213 750 248 ἀλήτην,
767 213 855 246 ξένον,

245 256 359 290 Ὀρκοις
373 257 552 284 ἀναπείθουσι
570 258 716 285 συνθέσθαι
732 259 837 292 σφίσιν,

157 302 227 330 6755
246 303 280 329 ’Δ
302 303 436 338 μηδαμῶς
455 304 562 337 πέφυκε
579 304 706 338 δέξασθαι
724 306 822 342 πέρας·

246 349 284 375 Οὐ
298 348 353 383 γὰρ
368 349 508 381 θαλάσσας
520 351 667 378 κατένευσε
691 354 842 389 χρημάτων

245 394 357 426 Τούτοις
375 396 542 430 παρασχεῖν,
560 396 628 422 ἀλλὰ
652 398 700 424 καὶ
718 399 895 434 συμμαχίδας

244 439 321 473 Nic;
333 441 455 475 τριήρεις
470 441 633 476 πεντήκονθ’
647 443 695 478 ἅμ’
712 444 837 476 ὁπλίταις

245 486 314 512 Κατ’
341 487 501 522 Ἀγαρηνῶν
518 488 658 515 ἀπόπλουν
675 490 860 525 ποιουμένοις*

155 531 227 560 6760
248 532 320 566 Πρὸς
327 532 409 559 τοῖσδ’
425 534 622 568 ἐπηγγείλατο,
636 536 687 570 φεῦ
700 536 822 570 ἀμαθίας
837 537 910 572 (75)!

253 578 341 606 ἘΘῶν
353 579 528 606 ἀνακαίνισιν
544 580 667 616 ἀρχαίων
683 582 775 614 πάντα,

250 624 319 659 Ἐθη
334 624 492 659 νεοχμῶσαι
505 634 533 652 τε
546 626 595 660 τῆς
610 626 789 661 Ἐκκλησίας,

248 671 305 697 Καὶ
322 670 439 702 πίστεως
452 670 480 697 δὲ
503 674 691 708 παραποίησιν
705 675 804 709 δρᾶται

249 718 300 744 Ἦν
317 718 467 753 στερκτέαν
483 717 604 752 κρίνουσι
619 721 712 750 παῖδες
726 721 858 749 Λατίνων,

156 764 228 791 6765
249 764 330 790 Ἀλλὰ
349 763 383 790 τὰ
404 765 567 800 πρυμνήσια
584 765 695 797 λύσαςδ
715 767 811 798 στόλος

249 811 319 843 Πρὸς
335 810 444 846 Ίάδαρα
464 810 515 846 τὴν
530 811 660 846 πολίχνην
676 813 809 848 κατάρας,

256 855 384 890 Ἐμάχετ’
400 857 504 888 αὐτοῖς,
519 857 598 884 τοῦτο
612 858 690 890 δόξαν
713 859 862 894 Δανδούλῳ.

250 901 294 933 Ὠς
309 902 331 928 δ’
342 901 388 928 οὖν
407 903 604 938 παρεστήσατο
617 904 761 938 φρούριον,
775 906 866 937 στόλος

247 947 434 981 Ἐπιδαμνίων
453 948 682 983 ὲγκαΘώρμισται
701 951 788 976 πόλει·

159 992 230 1020 6770
250 993 302 1019 Καὶ
319 994 401 1020 τοῖσδ¹
413 995 582 1029 ἀνηγόρευτο
598 995 744 1030 Ῥωμαίων
758 996 825 1029 ἄναξ

249 1039 370 1072 ’Λλὲξιος
386 1041 453 1072 παῖς
468 1042 580 1074 Ἰταλοῖς
595 1043 608 1068 ό
628 1042 788 1076 συμπλέων.

245 1085 338 1112 Ταῦτα
353 1087 449 1121 σαφῶς
464 1088 546 1120 γνοὺς
557 1089 570 1114 ό
587 1089 746 1124 κρατάρχης
772 1089 899 1116 Αὐσόνων

249 1132 371 1167 Ἠρξατο
386 1133 490 1168 caepa;
509 1135 556 1161 καὶ
574 1135 694 1167 παλαιὰς
712 1135 750 1171 τῷ
764 1136 853 1171 χρόνῳ

247 1177 324 1211 Νῆας
338 1180 466 1213 τριήρεις
480 1180 668 1212 ἀνακαινίζειν
680 1182 773 1217 τέχνῃ,

157 1222 229 1250 6775
247 1223 296 1255 El;
312 1224 414 1251 εἴκοσιν
433 1225 510 1260 μόλις
527 1227 778 1262 ἀναριθμουμένας·

247 1268 355 1303 Ὀρμου
370 1269 392 1295 δ’
407 1270 539 1305 ἀναχθεὶς
553 1271 583 1305 ἐξ
603 1272 769 1307 Ἐπιδάμνου
787 1274 879 1306 στόλος

249 1315 348 1350 Τυχὼν
362 1317 497 1352 ἐπιφόρου
510 1327 539 1344 τε
552 1319 704 1354 πνεύματος
722 1321 781 1348 λίαν

248 1362 342 1398 Αὔρας
355 1372 384 1390 τε
397 1364 529 1400 λαμπρᾶς
545 1365 576 1392 ἐκ
593 1366 721 1402 πρύμνης
743 1369 896 1400 ποντιάδος,

247 1408 408 1442 Ἐφίσταται
424 1410 538 1445 τάχιστα
554 1413 586 1447 τῇ
609 1413 816 1442 Κωνσταντὶνου

157 1455 232 1483 6780
250 1456 455 1483 Ἀστυπολιτῶν
469 1457 582 1493 μήτινος
599 1459 754 1491 κατειδότας

247 1500 345 1535 Σχεδὸν
360 1502 520 1529 κατάπλουν
539 1503 648 1530 Ἰταλῶν
675 1505 814 1532 ἐναντίων*

248 1547 300 1573 Καὶ
311 1547 337 1573 τί
352 1556 386 1582 με
404 1547 444 1574 δεῖ
456 1548 597 1584 γράφοντα
614 1549 744 1584 μηκύνειν
761 1551 860 1585 λόγονς

249 1593 361 1623 Γνόντες
385 1594 494 1621 Λατῖνοι
506 1595 609 1621 δειλίαν
621 1595 675 1622 τῶν
688 1596 816 1623 Abs/mu»:

248 1635 296 1670 Οἷς
315 1647 387 1673 σφας
401 1638 497 1674 ἐώρων
514 1640 553 1675 τῷ
566 1640 621 1667 δέει
635 1641 803 1675 τεθνηκότας

156 1685 230 1711 6785
252 1684 397 1712 Πιτνοῦσιν
410 1686 506 1717 ἀκταῖς
520 1685 643 1721 εὐχερῶς
659 1686 711 1719 ἔξω
728 1688 822 1722 φόϐου·

251 1730 414 1765 Στράτευμα
429 1730 451 1756 δ’
461 1731 607 1765 ἐξάγουσιν
620 1732 659 1763 εἰς
672 1733 724 1767 γῆν
742 1733 859 1760 ἱππέων·

247 1777 320 1812 Νῆες
331 1776 359 1803 δὲ
372 1777 454 1804 πλοῖα
472 1778 520 1804 καὶ
535 1777 676 1812 δρόμωνες
689 1778 726 1806 αὖ
743 1780 825 1808 πάλιν

250 1821 321 1858 Πρδς
337 1823 439 1850 κόλπον
453 1824 533 1855 εὐθὺς
544 1825 702 1853 είσπλέουσι
714 1826 760 1852 τὸν
777 1827 882 1863 πρόσω.

257 1868 393 1900 Ἀλύσεως
408 1869 436 1895 δὲ
450 1869 653 1904 προσϐαλόντες
668 1872 791 1905 φρουρίῳ

156 1916 228 1943 6791i
246 1915 363 1942 Ἐνάλιοί
377 1924 407 1941 τε
423 1915 471 1942 καὶ
485 1915 586 1950 χθόνιοι
601 1917 743 1949 κυκλόθεν,

247 1959 301 1991 Οὓς
318 1960 369 1994 μὲν
387 1959 517 1993 φυλάκων
534 1961 701 1996 εὶργάσαντο
719 1962 843 1996 φυγάδας

248 2007 301 2038 Οὓς
312 2007 335 2033 δ’
356 2007 390 2033 αὖ
407 2006 546 2042 θαλάσσης
569 2008 757 2043 παρέπεμψαν
774 2008 812 2043 τῷ
826 2009 913 2044 βάθει,

248 2053 322 2080 Κατὰ
336 2053 428 2088 μάχην
445 2053 599 2084 κτείναντες
612 2054 836 2089 ἀνθισταμένους.

254 2098 391 2130 Ἀλὺσεως
407 2098 431 2125 δ’
445 2098 539 2125 ἔπειτα
551 2099 682 2133 ῥαγείσης
709 2101 791 2134 μέσον

157 2146 230 2173 (i795
251 2144 397 2181 Είσρύεται
413 2145 465 2176 πᾶς
476 2144 595 2180 εὐχερῶς
608 2145 682 2172 ἔνδον
698 2146 801 2178 στόλος,

249 2191 301 2218 Καὶ
316 2192 401 2217 κακὸν
418 2191 581 2217 ἀνύποιστον
593 2189 627 2226 ἧν
643 2192 790 2227 ἀργαλέον·

249 2239 411 2273 Στράτευμα
425 2237 517 2264 λοιπὸν
533 2238 646 2265 ἱππικὸν
658 2238 742 2271 πεζόν
755 2239 779 2266 θ’
800 2240 858 2274 ἃμα

248 2284 299 2311 Καὶ
315 2284 369 2315 πᾶς
381 2283 532 2318 προσέσχον
548 2283 586 2318 τῷ
603 2284 740 2320 Κοσμιδίῳ
755 2286 858 2318 στόλος.

249 2329 368 2363 Στρατὺς
386 2329 409 2355 δ’
425 2330 484 2355 ἐκεῖ
496 2329 605 2364 χάρακα
626 2330 707 2362 πεζὸς
727 2331 857 2366 πηγνύει.

157 2378 200 2402 es:
214 2378 232 2402 υ
251 2375 316 2402 Ἐπὶ
334 2375 487 2409 πεφυκότος
503 2383 533 2408 γε
555 2374 637 2410 χώρῳ
652 2375 786 2410 γηλόφου·

249 2422 352 2456 Τάφρῳ
368 2421 528 2456 περιδρόμῳ
548 2430 578 2448 τε
597 2421 791 2458 διειλημμένον

249 2466 436 2502 Σταυρώμασί
454 2475 482 2492 τε
499 2466 613 2499 ξυλίνοις
631 2468 660 2494 ἐν
679 2467 718 2502 τῷ
733 2469 822 2503 μέρει”

248 2512 310 2547 Ἀφ’
328 2510 358 2539 οὗ
370 2512 455 2539 Θεατὰ
466 2513 499 2538 τὰ
512 2512 636 2547 βασίλεια
651 2514 739 2540 πέλεν

248 2559 314 2590 Ταῖς
329 2558 390 2593 ᾐόσι
404 2557 427 2584 δ’
442 2557 476 2584 αὖ
493 2558 620 2593 ναυλοχεῖ
635 2559 717 2586 πάλιν
730 2559 835 2591 στόλος.

155 2606 230 2632 6805
250 2602 305 2630 *Ην
323 2602 371 2630 οὖν
390 2603 515 2630 τολοιπὸν
541 2605 677 2639 καρτερὰς
696 2605 786 2640 μάχας
803 2605 913 2640 βλέπειν

254 2649 442 2684 Ἐκατέρωθεν
458 2649 587 2682 πολλάκις
603 2651 652 2684 τῆς
672 2651 788 2686 ἡμέρας.

252 2695 367 2728 Ἄνδρες
384 2695 406 2721 δ’
423 2695 534 2721 ὁπλῖται
550 2697 676 2730 γεννάδαι
693 2697 876 2732 στρατηγέται

250 2741 331 2769 Εὖ,οι
347 2741 454 2775 βασιλεζ
476 2742 522 2768 καὶ
543 2744 727 2778 προσήκοντες
740 2744 824 2777 γένει,

249 2787 327 2815 Μετὰ
346 2786 476 2822 στρατιᾶς
495 2787 608 2824 ἱππικῆς
626 2791 710 2826 πεζῆς
725 2790 748 2816 θ’
761 2790 820 2825 ἃμα

860 156 1047 188 ΟΕΞΑΒΕΞ.

942 214 965 241 Δ
982 213 1058 240 navis
1075 219 1228 247 mensmque
1244 212 1360 245 socium,
1374 215 1521 243 errantem,
1537 209 1678 242 advenam,

979 259 1079 294 juratis
1094 258 1184 286 verbis
1203 258 1314 294 adigunt
1326 258 1460 292 spondere

982 314 1041 340 qure
1055 313 1193 340 nunquam
1217 309 1343 339 poterant
1355 304 1456 331 exitum
1473 303 1566 330 sortiri
1580 312 1587 330 :

983 359 1069 385 neque
1083 351 1154 378 enim
1171 355 1274 378 tantum
1288 350 1371 376 maria
1388 349 1507 383 pecunia:

982 396 1108 430 promisit
1124 403 1152 423 se
1165 396 1301 428 daturum,
1332 394 1379 421 sed
1395 393 1591 429 quinquaginta

983 451 1044 470 cuin
1065 442 1188 470 auxiliari
1203 442 1288 468 milite
1303 441 1428 468 triremes

983 489 1169 522 Agam-norum
1183 487 1350 523 proﬂiganda
1365 486 1445 512 bello.

982 534 1116 562 Praeterea
1132 533 1266 568 promisit.
1282 533 1332 559 ben
1348 531 1512 558 stultitiam!

983 581 1172 609 restituturum
1191 579 1280 615 prisca
1295 586 1324 606 se
1340 586 1414 613 papa:
1429 578 1502 612 jura.

983 626 1052 653 ritus
1067 625 1196 653 Ecclesiae
1212 630 1311 652 nostrae
1329 623 1551 655 refermaturum,

983 671 1062 698 talem
1081 678 1110 698 se
1128 670 1244 702 denique
1258 670 1283 696 in
1297 669 1428 696 Graeciam
1442 668 1627 700 reducturum,

982 718 1089 752 qualem
1108 716 1195 744 Latini
1211 716 1386 751 proﬁtentur,
1405 716 1496 743 ﬁdem.

983 763 1126 797 Postquam
1143 761 1256 789 sublatis
1269 761 1375 788 demum
1390 760 1485 787 classis
1501 759 1628 787 anchoris

982 810 1014 836 ad
1031 817 1142 844 parvam
1161 807 1254 835 urbem
1271 806 1364 833 ladara
1381 807 1513 841 pervenit,

983 856 1053 882 hanc
1073 854 1204 882 suadente
1220 853 1387 887 expugnavit
1401 852 1541 884 Dandulo;

982 909 1062 936 quam
1078 900 1121 927 ubi
1136 899 1207 933 cepit
1220 906 1321 930 arcem,
1338 905 1479 932 progressa
1489 898 1585 925 classis

981 948 1013 972 ad
1027 945 1191 978 Epidaurum
1206 944 1301 971 urbem
1319 944 1438 971 obvertit
1454 951 1550 976 proras
1568 952 1576 971 :

982 992 1070 1026 ibique
1082 995 1124 1018 est
1140 989 1305 1018 acelamatus
1318 988 1455 1016 Romanus
1471 988 1560 1016 Caesar

982 1045 1048 1072 puer
1060 1037 1169 1064 Alexius
1180 1043 1243 1064 eum
1256 1035 1330 1062 Italis
1345 1035 1486 1069 navigans.

983 1084 1030 1111 llis
1042 1083 1186 1111 intellectis
1199 1082 1338 1109 [tertianus
1357 1082 1506 1116 imperator

983 1131 1107 1157 triremes
1129 1133 1220 1164 putres
1239 1133 1266 1156 et
1281 1128 1356 1156 senio
1368 1127 1525 1155 fatiscentes

984 1175 1131 1203 instaurari
1145 1175 1227 1208 jussit
1240 1174 1274 1202 ab
1286 1174 1441 1209 opifieihns,

982 1230 1042 1257 quze
1059 1222 1102 1248 vix
1115 1221 1210 1255 viginti
1228 1228 1341 1247 numero
1361 1219 1482 1247 fuerunt.

982 1268 1065 1295 Portu
1081 1267 1224 1296 discedens
1240 1266 1366 1300 Epidauri
1387 1266 1483 1293 classis

982 1314 1071 1342 ventis
1088 1312 1210 1348 propitiis
1226 1316 1306 1338 utens
1319 1312 1351 1338 ad
1366 1311 1540 1343 miraCulum,

983 1360 1081 1395 quippe
1093 1358 1196 1386 marina
1209 1365 1274 1385 aura
1291 1361 1403 1392 urgente
1416 1363 1530 1391 puppes,

981 1405 1240 1439 Constantinopolim
1259 1405 1346 1431 tenuit
1361 1403 1514 1435 celerrime,

984 1454 1093 1483 nemine
1109 1459 1194 1488 prope
1206 1451 1305 1478 civium
1319 1449 1421 1476 sciente
1436 1449 1524 1476 adlmc

983 1503 1137 1530 italicorutn
1153 1498 1272 1526 hostium
1289 1497 1451 1524 adventum.

945 1552 966 1581 α
983 1548 1039 1576 Nec
1052 1554 1116 1574 vero
1130 1545 1224 1580 longas
1242 1545 1338 1578 loquar
1355 1550 1402 1578 per
1417 1542 1545 1577 ambages
1559 1550 1566 1568 :

983 1594 1067 1623 Gnari
1085 1591 1175 1620 Latini
1191 1595 1310 1625 quantus
1327 1584 1400 1617 esset
1417 1589 1516 1616 civium

983 1645 1080 1672 metus,
1096 1646 1149 1673 quo
1165 1642 1277 1666 cunctos
1294 1635 1439 1663 cernebant
1454 1636 1612 1667 exanimes,

982 1687 1094 1714 classem
1111 1691 1206 1712 secure
1221 1691 1252 1711 ae
1268 1683 1346 1710 facile
1361 1683 1512 1709 advertunt
1525 1681 1581 1709 oris
1596 1689 1604 1708 :

983 1732 1033 1767 ipsi
1048 1739 1109 1759 cum
1126 1731 1204 1764 equis
1219 1729 1246 1756 in
1261 1733 1360 1757 terram
1377 1728 1507 1755 desiliunt
1527 1736 1534 1754 :

983 1781 1079 1805 cuncta
1091 1776 1189 1803 diversi
1203 1775 1314 1810 generis
1327 1773 1433 1808 navigia

983 1825 1009 1854 in
1026 1823 1183 1852 ulteriorem
1199 1822 1385 1857 provcliuntur
1403 1820 1495 1847 sinum

983 1877 1069 1906 usque
1083 1870 1116 1897 ad
1128 1869 1267 1897 castellum
1277 1867 1348 1902 quod
1362 1866 1473 1894 Catena:
1484 1866 1592 1893 dicitur.

983 1917 1028 1944 Sic
1044 1920 1235 1951 oppugnantes
1253 1919 1325 1941 terra
1344 1914 1467 1947 marique
1482 1913 1577 1940 urbem

983 1963 1080 1998 partim
1093 1960 1219 1989 custodes
1235 1961 1364 1987 moenium
1378 1958 1510 1994 fugabant

983 2008 1081 2043 partim
1100 2007 1257 2035 classiarios
1277 2006 1344 2033 tnari
1360 2005 1563 2040 demergebant,

982 2057 1094 2087 eratque
1107 2052 1225 2080 caedibus
1240 2052 1410 2086 inquinatum
1424 2051 1559 2085 praelium.

984 2099 1019 2127 Ut
1033 2103 1122 2125 autem
1139 2097 1225 2125 media
1244 2097 1328 2124 fracta
1346 2102 1386 2124 est
1401 2101 1508 2128 catena,

983 2145 1071 2171 omnis
1083 2143 1211 2170 continuo
1227 2143 1323 2170 classis
1340 2143 1480 2174 introibat,

984 2195 1097 2225 eratque
1109 2190 1209 2217 malum
1227 2189 1352 2221 nimium,
1371 2189 1517 2216 incili-bile.

947 2225 968 2251 ί)
985 2236 1114 2270 Reliquus
1128 2235 1205 2263 miles
1217 2235 1299 2270 pedes
1314 2242 1450 2269 equesque
1465 2236 1544 2262 simul

984 2287 1039 2310 tum
1055 2283 1150 2310 classis
1161 2283 1242 2309 etiam
1259 2286 1373 2317 pergunt
1385 2282 1417 2308 ad
1432 2281 1609 2310 Cosmidiutn.

984 2328 1021 2355 lbi
1037 2329 1160 2361 pedester
1174 2328 1252 2356 miles
1266 2333 1354 2355 castra
1367 2328 1449 2355 struit

985 2376 1010 2402 in
1027 2374 1171 2402 eminentis
1189 2374 1314 2401 stationis
1330 2374 1399 2407 loco,

985 2420 1018 2457 (e
1037 2421 1146 2455 regione
1161 2420 1225 2454 regii
1237 2420 1349 2455 palatii)

984 2474 1044 2501 quze
1062 2466 1159 2501 partim
1172 2465 1242 2493 fossa
1260 2466 1447 2493 circumducta
1466 2465 1561 2498 munit,

985 2514 1082 2548 partim
1098 2512 1234 2540 decussim
1252 2514 1375 2541 trabibus
1391 2513 1487 2540 deﬁxis
1502 2521 1510 2539 :

983 2564 1079 2587 cuncta
1097 2559 1161 2587 item
1175 2559 1270 2587 classis
1293 2560 1414 2586 constitit
1429 2559 1455 2586 in
1476 2560 1576 2587 littore.

983 2606 1051 2633 Tum
1063 2614 1126 2634 vero
1145 2606 1270 2641 utrinque
1280 2606 1371 2633 Martis
1384 2614 1450 2641 opus
1462 2614 1543 2642 grave

985 2660 1031 2686 per
1042 2652 1111 2679 diem
1125 2660 1197 2687 smpe
1211 2654 1302 2688 peragi
1321 2653 1443 2680 vidisses.

986 2698 1146 2734 Magnanimi
1162 2699 1293 2733 correptis
1305 2699 1388 2725 armis
1404 2698 1486 2726 duces

985 2747 1053 2772 bene
1066 2744 1185 2773 volentes
1203 2745 1300 2773 Caesari
1319 2746 1359 2772 vel
1379 2745 1463 2780 stirpe
1476 2746 1590 2781 proximi

986 2798 1046 2818 cum
1061 2791 1178 2825 peditatu
1191 2791 1270 2819 simul
1285 2792 1459 2827 equitatuque

180 2870 238 2905 (75)
257 2869 314 2898 Hoc
331 2871 389 2898 loco
405 2870 608 2899 scltismaticum
620 2879 647 2899 se
662 2871 826 2900 detnonstral
838 2877 929 2908 apcxte
946 2872 1124 2909 Epitrattnius.

1717 153 1772 184 234
