1926 3071
115 131 170 163 ΞΣΠ

845 119 1028 164 castillis.
1066 169 1068 171 _

1692 129 1742 164 913

133 188 209 216 6295
227 188 297 216 Μεθ’
314 188 422 224 ἡμέρας
438 189 461 216 δ’
477 190 572 217 εἴσεισι
589 190 635 216 καὶ
651 173 760 226 κράτωρ
780 190 855 216 πόλιν
867 210 873 221 ,

846 200 873 221 ν,
924 201 945 226 Α
963 192 1026 218 Post
1044 192 1100 219 dies
1118 192 1221 227 aliquot
1236 189 1327 220 Caesar
1344 190 1451 228 quoque
1469 193 1495 220 in
1514 191 1606 220 urbem

226 235 265 263 Οὐ
281 236 365 262 πᾶσιν
380 235 515 267 ἀσπάσιος
529 233 566 262 ὧν
581 236 662 271 χάριν
677 236 741 271 ἕδρα

224 282 271 313 Et;
287 282 420 316 σύγγονον
436 282 513 317 φίλον
531 291 559 308 τε
574 283 622 310 καὶ
639 282 766 317 βασιλέα,

225 328 258 354 Οἳ
272 329 320 355 καλ⁵
334 329 561 364 παρεφθέγγοντο
574 329 710 364 δήπουθεν
725 330 787 356 τάδε
799 350 804 360 ,

233 374 283 401 Ἂν
297 373 370 401 οἶδεν
386 374 458 410 ὕδωρ
472 376 535 406 τοὺς
549 375 714 405 πεπωκότας
735 375 852 410 πνίγειν,

138 420 212 447 6500
232 421 263 446 Τί
278 421 373 447 λοιπὸν
392 421 457 447 ἄλλο
471 421 517 447 καὶ
532 419 602 448 πιὼν
622 421 736 456 ζήσαιτό
757 428 816 453 τιςς

223 465 254 491 El
267 465 290 491 δ’
301 465 332 490 οὐ
344 465 493 500 λυτροῦται
506 465 551 491 τὸν
570 465 703 500 σύναιμον
717 465 842 492 κινδύνου

229 510 258 537 Ὀ
274 511 351 545 φίλος
366 511 544 545 αὺτάδελφος,
557 513 660 546 οἴχεται
674 511 764 546 φύσις.

227 558 323 591 Ὅμως
338 558 483 592 παρελθὼν
495 559 536 590 εἰς
548 558 616 585 νεὼν
629 558 696 584 Θεοῦ
713 559 799 592 μέγαν

235 605 290 631 Καὶ
300 605 456 636 ταινιωθεὶς
471 606 533 631 ταῖν
548 606 641 640 χεροῖν
655 605 803 639 ἁρχιθύτου
814 623 822 636 ,

132 649 206 678 6505
229 650 349 682 Ἐξεισιν
361 648 439 682 αὖθις
453 650 490 682 ὡς
503 650 563 681 έθος
577 651 772 685 στεφηφόροις·

223 698 322 729 Ἵππος
341 696 483 732 προσήχθη
500 697 603 731 γαῦρος
619 697 659 728 εἰς
678 696 812 723 ἱππασίαν

220 744 367 774 Φατνιστὸς
380 742 536 778 Ἀρρἀϐιος,
553 743 582 769 εὖ
594 743 762 778 ἠσκημένος

225 790 271 820 Ὦς
286 789 337 816 οὖν
345 789 464 823 ἐπῆλθεν
477 789 658 824 ἐγκαθιζῆσαι
672 789 761 825 δίφρῳ
771 811 779 822 ,

225 837 325 868 Ἵππος
342 836 518 871 φριμὰσσων,
541 835 664 870 γαυριῶν
680 833 714 870 ἦν
727 835 866 868 ἐκτόπως,

132 883 204 910 6510
231 883 432 918 Ἐμπροσθίους
448 882 470 908 δ’
484 881 589 909 ἄνωθεν
602 882 712 916 ἀνυψῶν
727 881 810 912 πόδας

222 928 276 954 Καὶ
292 927 442 962 βλοσσυρόν
459 935 485 953 τι
502 927 550 953 καὶ
567 926 702 961 μανιῶδες
717 926 840 961 βλέπων,

220 973 257 999 Τὸ
269 973 384 999 δάπεδον
395 972 418 998 δ’
433 972 507 1004 δνυξι
521 972 630 998 κόπτων
645 971 792 1006 συχνάκις,

219 1018 272 1044 Τὺν
286 1018 426 1052 ἀναϐάτην
443 1018 579 1057 atrae-5151‘
596 1017 708 1052 ἐξόχως·

221 1064 300 1091 Ἐπεὶ
315 1065 343 1091 δὲ
357 1063 447 1091 λαθὼν
460 1063 612 1099 ὲμὸεὸήκει
628 1063 667 1098 τῷ
682 1062 769 1097 δίφρῳ

130 1111 201 1138 6515
227 1111 305 1137 Ἡνία
320 1111 412 1137 λαϐὼν
427 1112 455 1137 ὲν
463 1111 554 1146 χεροῖν
569 1110 759 1144 αὐτοκράτωρ,

218 1158 275 1192 Οὐχ
289 1154 372 1193 ἦττον
387 1157 471 1188 ἵππος
488 1156 629 1192 ὰγέρωχος
643 1155 760 1191 ὴτάκτει

217 1204 304 1235 Πόδας
321 1203 432 1238 ἁνυψῶν
451 1204 499 1230 καὶ
515 1203 650 1237 κροαίνων
666 1201 771 1236 ἀγρίως

216 1249 285 1276 Μετ’
301 1249 472 1282 ὲξακούστων
488 1249 706 1284 χρεμμιτισμῶν
721 1247 767 1274 καὶ
780 1247 897 1283 κρότων·

219 1295 275 1322 Καὶ
290 1296 378 1322 ταῦτα
392 1295 476 1322 ποιῶν
490 1296 541 1322 οὐκ
556 1294 635 1330 ἔληξε
650 1294 801 1329 παράπαν,

127 1340 200 1367 6320
217 1341 290 1373 Ἕως
303 1342 425 1376 κεφαλῆς
443 1342 491 1369 τοῦ
509 1342 674 1377 κρατοῦντος
693 1341 723 1368 τὸ
738 1342 835 1375 στέφος

218 1386 315 1421 Χαμαὶ
334 1388 427 1413 πεσεῖν
443 1387 577 1422 δέδρακε,
595 1388 642 1413 καὶ
660 1386 757 1412 τούτου
775 1386 846 1421 μέρη

214 1432 335 1466 Θραῦσίν
349 1441 380 1459 τε
396 1432 492 1459 παθεῖν
502 1453 510 1466 ,
524 1432 644 1460 δυσκλεᾶ
659 1433 682 1459 τ’
701 1433 855 1467 ἀκοσμίαν,

214 1478 300 1509 Αὐτὸς
314 1479 336 1505 δ’
351 1480 552 1516 ἀπεσφαίριστο
566 1480 622 1515 (70)
639 1480 703 1516 μάλ’
720 1480 869 1515 ὲφεστρίδι.

217 1524 316 1551 Ἵππον
329 1525 352 1551 δ’
366 1526 470 1558 ἀναϐὰς
485 1527 565 1553 ἄλλον
580 1528 593 1553 ὁ
607 1527 781 1562 στεφηφόρος

126 1569 199 1597 6525
219 1571 336 1606 Πομπὴν
351 1573 503 1599 ἐπεισόδιον
517 1571 591 1608 εἶχεν
605 1573 709 1604 ἀνύσας

217 1617 270 1643 Σὺν
283 1617 321 1652 τῷ
336 1619 447 1644 πεσόντι
462 1619 511 1645 καὶ
524 1619 722 1654 τεθραυσμένῳ
736 1619 841 1654 στέφει·

216 1663 359 1695 Ἀπαισιος
373 1664 396 1690 δ’
409 1664 498 1697 ἔδοξεν
510 1665 604 1697 οἰωνὸς
620 1665 691 1692 τόδε;

222 1711 361 1746 ’Υπῆρχεν
374 1708 452 1743 οὗτος
467 1711 570 1746 ἀγαθὶς
585 1712 705 1747 τρόπους
721 1713 833 1748 κράτωρ
843 1733 850 1744 ,

214 1757 343 1793 Μείλιχος
353 1779 360 1790 ,
380 1758 508 1793 ἡσύχως,
523 1758 593 1793 ὴπία
608 1758 705 1792 φύσις,

125 1803 197 1831 6550
222 1803 342 1839 Ὶλαρὺν,
357 1805 534 1831 εὺέντευκτον
547 1803 611 1841 ἦθος
625 1803 656 1833 εὖ
671 1806 780 1841 φέρων,

213 1850 397 1881 Μεταδοτικὸς
411 1850 459 1877 καὶ
473 1851 671 1887 φιλοικτίρμων
687 1852 768 1878 πλέον
779 1871 786 1884 ,

213 1897 285 1922 [ἰᾶσι
299 1897 429 1931 προσιτδς
439 1917 446 1930 ,
462 1897 580 1932 εὐμενὴς
598 1898 748 1932 ὑπηκόοις,

219 1943 301 1974 Ἡδὺς
311 1963 320 1974 ,
339 1943 445 1978 χαρίεις
455 1963 461 1971 .
478 1943 620 1978 εὐπρεπὴς
635 1944 698 1979 ὀψιν
713 1946 796 1979 ἄγαν,

214 1988 343 2023 Ὀρθιος,
359 1989 453 2024 εὑῆλίξ
468 1998 497 2016 τε
508 2010 514 2022 ,
532 1990 635 2026 Νιρεύς
650 1998 692 2022 τις
708 1991 766 2022 νέος
777 2012 784 2023 ,

124 2033 192 2062 6555
213 2034 312 2061 Οὖτινα
329 2035 434 2070 βλάψας
449 2037 490 2067 εἰς
503 2035 605 2071 δέμας,
621 2037 661 2068 εἰς
675 2037 785 2070 οὐσίαν,

212 2079 277 2106 οὓτ’
293 2078 327 2106 αὖ
344 2081 505 2116 νεοχμώσσς
521 2089 547 2108 τι
563 2082 612 2117 τῆς
627 2081 806 2118 Ἐκκλησίας,

209 2127 247 2153 Οὐ
263 2127 389 2158 καινίσας
406 2127 488 2162 ἔθιμα
503 2129 552 2162 τῆς
567 2129 736 2164 κραταρχίας
749 2136 757 2144 ·

210 2173 307 2199 Nimim
322 2173 462 2204 διαϐόλους
479 2182 508 2200 τε
527 2174 621 2205 eam;
637 2174 767 2208 καθάπαξ
780 2184 786 2190 ·

208 2218 358 2253 Λῐσθητική
370 2227 412 2250 τις
425 2218 523 2254 καρδία
537 2217 586 2253 σὴς
600 2219 712 2250 ὀστέων,

122 2264 192 2292 6560
209 2265 267 2298 Τῆς
279 2265 318 2296 εις
337 2264 452 2299 ἀδελφὸν
467 2264 561 2292 ἀδίκου
577 2265 722 2299 παροινίας

208 2311 253 2337 Ἐν
270 2310 401 2346 συντριὸῇ
419 2310 574 2344 πνεύματος
593 2310 622 2336 εὖ
636 2309 791 2345 ᾐσθημένος

208 2359 262 2384 Καὶ
278 2358 425 2390 κατανύξει
439 2357 554 2392 καρδίας
567 2357 727 2391 δακρυχέων
737 2364 744 2371 ·

208 2402 267 2436 Ἐφ’
280 2400 311 2429 οὗ
323 2403 392 2437 γυνή
408 2408 449 2434 τις
460 2403 509 2429 οὐκ
524 2402 611 2437 ἐφάνη
626 2402 747 2437 γαμέτου

216 2450 265 2476 Ἐκ
275 2449 353 2476 τοῦδε
368 2449 462 2479 κακῶς
475 2449 514 2481 εἰς
528 2449 614 2483 δέμας
625 2449 801 2482 πεπονθότος,

119 2496 187 2523 6545
206 2495 327 2529 “apati;
343 2495 516 2529 ἀμφίδρυφος
529 2494 546 2529 ἦ
560 2495 606 2521 καὶ
616 2494 750 2530 λυσιθριξ,

206 2543 268 2569 οὐδ’
285 2541 435 2572 ἀπελαθεὶς
447 2538 522 2568 ὦπτό
538 2550 580 2573 τις
596 2541 726 2577 πατρίδος
737 2549 745 2558 ο

208 2588 281 2623 Πλὴν
294 2588 415 2623 νωχελὴς
426 2585 460 2623 ἦν
477 2588 523 2614 καὶ
540 2588 662 2622 μαλακὸς
674 2587 723 2622 τὴν
741 2587 832 2620 φύσιν,

206 2634 269 2661 Οὐδ’
288 2632 317 2660 εὖ
334 2633 468 2668 πεφυκὼς
487 2634 554 2668 πρὸς
569 2634 705 2668 διοίκησιν
720 2633 801 2664 ὅλων,

212 2680 260 2706 Ἐκ
280 2680 329 2714 τῆς
344 2679 463 2714 φυσικῆς
474 2679 643 2714 νωθρότητος
660 2679 813 2715 συντρὸφου

119 2725 187 2752 63Ξο
207 2727 262 2752 Καὶ
275 2726 326 2761 τῆς
343 2726 497 2760 τρυχούσης
515 2727 578 2757 τοὺς
595 2726 677 2758 πόδας
692 2726 832 2761 καχεξίας.

204 2771 289 2804 Οὗτός
307 2782 339 2807 γε
365 2774 456 2800 τοίνυν
479 2773 610 2808 ἀσφαλῶς
629 2773 701 2809 σχὼν
717 2774 747 2800 τὸ
771 2773 883 2809 κράτος,

136 2854 189 2882 (7οὶ
203 2853 269 2882 Cod.
284 2853 493 2887 ἐπεσφαίριττο.

960 237 1029 264 haud
1048 238 1153 265 cunctis
1170 243 1263 273 gratus
1281 239 1353 266 venit
1368 239 1402 266 ob
1417 247 1493 266 suum
1511 239 1616 266 facinus

958 288 1051 309 contra
1070 290 1228 318 germanum
1248 284 1360 312 fratrem
1379 292 1513 320 suumque
1530 286 1678 312 dominum.

957 329 1044 361 Atque
1061 328 1218 356 couviciaus
1235 329 1333 364 aliquis
1351 331 1390 357 sic
1408 330 1477 358 forte
1495 330 1584 358 aiebat
1600 339 1606 358 :

959 373 985 400 Si
1003 373 1123 401 bibentes
1136 375 1243 409 quidem
1260 376 1389 410 prmfocat
1403 383 1484 410 aqua,

957 419 1018 453 quis
1029 419 1083 454 jam
1099 421 1152 448 alio
1169 426 1232 455 potu
1248 421 1330 448 vitam
1347 422 1461 449 toleret?

957 469 984 491 et
999 465 1022 492 si
1037 465 1147 492 fratrem
1163 474 1215 493 non
1231 467 1364 494 redimita
1378 466 1537 495 discrimine

957 517 1102 543 germanus
1117 511 1209 545 frater,
1225 514 1304 547 periit
1318 518 1423 541 natura.

957 555 1081 583 Altamen
1097 565 1256 592 progressus
1270 558 1303 585 ad
1320 559 1446 593 templum
1465 562 1602 593 magnum,

956 607 982 628 ct
996 603 1155 636 patriarcha:
1171 605 1318 632 coronatus
1331 605 1464 637 manibus,

956 646 1021 674 exiit
1035 647 1068 674 ad
1083 655 1206 683 pompam
1222 649 1373 677 Caesaribus
1387 650 1493 677 solitam
1511 658 1518 677 :

952 692 989 730 ,ad
1005 699 1084 726 quem
1102 693 1235 725 sublimis,
1250 699 1278 721 ut
1295 695 1433 727 insidi-rel,
1446 695 1554 722 ducitur

955 746 1042 773 equus
1056 740 1143 767 Arabs
1158 741 1189 767 de
1202 741 1366 775 prmsepibus
1380 745 1406 769 et
1423 744 1491 768 bene
1507 743 1640 770 exercitus
1655 749 1662 770 t

955 784 1048 810 'verum
1063 784 1126 811 dum
1141 784 1232 812 Caesar
1246 786 1272 812 in
1288 786 1443 821 ephippium
1459 787 1555 818 insilit,

954 829 1108 857 subsullans
1121 838 1206 865 equus
1221 832 1352 867 valdeque
1367 833 1510 865 ferociens,

920 879 940 906 Β
956 883 1040 910 seque
1054 878 1205 905 anteriores
1221 880 1341 913 arrigeus
1357 881 1382 906 iu
1400 882 1492 914 pedes,

956 923 1040 950 torvis
1055 927 1083 950 et
1096 924 1234 951 iracundia
1248 925 1358 953 suﬂ‘usis
1373 927 1469 959 oculis,

954 972 980 993 et
995 967 1179 1002 pavimentum
1192 970 1298 1005 ungulis
1311 977 1381 1006 εῖνρο
1393 972 1528 1006 quatiens,

954 1013 1023 1040 miro
1037 1020 1171 1041 sessorem
1188 1015 1329 1043 recusabat
1344 1017 1403 1044 nisu
1418 1026 1424 1044 :

953 1059 1000 1086 sed
1016 1067 1077 1086 cum
1093 1066 1204 1094 repente
1220 1062 1375 1096 ephippium
1391 1070 1551 1097 occupasset

953 1105 1196 1141 prehendisselque
1210 1107 1314 1135 frenum
1330 1110 1485 1143 imperator,-

953 1151 1037 1178 uihilo
1054 1157 1141 1180 tamen
1156 1153 1304 1182 fetociebat
1317 1156 1406 1184 minus

952 1204 1037 1231 equus
1051 1198 1129 1226 elatis
1145 1200 1266 1233 pedibus,
1281 1207 1435 1239 terramque
1450 1205 1605 1238 verberans.

951 1244 1112 1278 sonorisque
1128 1245 1278 1275 hinnitibus
1292 1256 1381 1276 aerem
1399 1251 1552 1286 complens;

952 1295 1039 1323 neque
1053 1297 1068 1317 a
1081 1289 1173 1318 furore
1188 1292 1343 1327 hujusmodi
1359 1295 1433 1330 prius
1450 1298 1563 1331 destitit,

950 1342 1031 1368 quam
1049 1336 1137 1370 capite
1152 1345 1281 1366 coronam
1295 1341 1416 1369 excussit
1429 1342 1526 1370 Caesari

951 1383 1023 1410 humi
1038 1383 1198 1418 proiectam,
1211 1386 1288 1421 cujus
1301 1389 1383 1416 etiam
1399 1396 1491 1424 partes

949 1428 1095 1458 confracta:
1108 1431 1298 1460 suntinfauste
1313 1439 1395 1469 atque
1409 1436 1534 1465 indecore
1548 1446 1556 1465 :

949 1480 1041 1502 sessor
1055 1481 1144 1504 autem
1159 1481 1246 1506 strato
1259 1482 1362 1507 corruit
1377 1486 1522 1517 purpureo.

949 1521 1130 1554 Quamobrem
1147 1523 1200 1552 alio
1215 1525 1341 1554 inscenso
1352 1527 1443 1555 Caesar
1455 1537 1526 1564 equo

949 1566 1175 1604 qualemcumque
1198 1571 1305 1598 demum
1321 1573 1436 1600 absolvit
1452 1581 1575 1610 pompam

947 1619 1007 1639 cum
1022 1619 1163 1642 stemmate
1177 1617 1315 1645 confracta
1331 1623 1358 1645 et
1368 1619 1500 1654 deciduo;

946 1658 1016 1691 quod
1031 1658 1129 1686 laevum
1145 1668 1223 1689 omen
1237 1663 1324 1690 visum
1339 1671 1381 1693 est
1394 1669 1590 1700 spectantibus.

947 1703 1012 1731 Erat
1028 1705 1074 1733 hic
1088 1706 1180 1735 Caesar
1195 1709 1286 1737 indole
1299 1710 1368 1738 bona
1382 1714 1520 1747 praeditus,

945 1751 1041 1784 comis,
1053 1753 1222 1788 tranquillus,
1235 1763 1376 1784 mansueto
1394 1759 1510 1794 ingenio,

947 1796 1051 1830 hilaris,
1064 1805 1176 1826 accessu
1193 1801 1329 1837 atramque
1343 1804 1441 1839 facilis,

945 1842 1079 1871 clemente
1095 1852 1197 1877 atumo,
1211 1855 1292 1875 manu
1307 1849 1423 1883 liberali,

945 1896 1104 1920 cunctorum
1121 1895 1245 1928 precibus
1261 1902 1365 1931 patens,
1378 1905 1405 1927 et
1421 1899 1587 1931 benevolus:

946 1937 1072 1972 blandus,
1084 1942 1226 1975 gratiosus,
1240 1942 1429 1981 formosusque
1441 1949 1597 1983 admodum,

945 1991 1086 2018 procerus,
1100 1986 1204 2015 virente
1219 1994 1308 2022 actate,
1322 1992 1391 2019 alter
1404 1993 1512 2023 Nireus.

944 2027 1065 2059 Nemiuis
1079 2032 1123 2059 hic
1138 2035 1246 2068 corpori
1260 2036 1332 2064 reive
1347 2039 1448 2070 nocuit,

946 2082 1033 2110 neque
1046 2077 1072 2104 iu
1089 2077 1208 2106 Ecclesia
1222 2081 1369 2116 quidquam
1387 2084 1534 2118 innovavit.

944 2129 993 2148 nec
1009 2123 1150 2158 obrogavit
1163 2126 1226 2153 item
1244 2128 1349 2162 imperii
1368 2130 1485 2164 legibus;

943 2170 1135 2198 assenlatiOnis
1150 2179 1226 2206 neque
1242 2179 1267 2199 et
1279 2175 1421 2202 calumnim
1436 2184 1508 2204 osor.

944 2213 1064 2250 Cumque
1080 2223 1152 2244 esset
1166 2222 1260 2246 tenero
1275 2219 1394 2248 imbutus
1410 2224 1508 2259 animo,

940 2260 1043 2287 crimen
1059 2263 1187 2291 adversus
1202 2265 1322 2298 fratrem,
1336 2271 1364 2293 ut
1379 2268 1479 2295 cariem
1496 2270 1609 2304 ossium,

939 2307 1093 2335 exulcerata
1110 2309 1191 2337 fixum
1207 2312 1316 2345 gerebat
1333 2320 1432 2346 mente,

939 2355 1139 2391 gemitibusque
1154 2361 1180 2384 et
1195 2357 1320 2393 lacrymis
1335 2361 1471 2395 expiabat.

940 2400 1000 2434 Ipso
1016 2407 1147 2436 regnante
1161 2404 1232 2432 nulla
1250 2413 1367 2441 unquam
1384 2408 1480 2435 mulier

939 2452 1049 2482 propter
1063 2449 1152 2477 mariti
1169 2451 1319 2479 mutilatum
1333 2461 1432 2488 corpus

939 2495 981 2522 vel
997 2495 1127 2522 laceravit
1140 2504 1223 2532 genas
1236 2499 1277 2526 vel
1293 2500 1372 2527 solvit
1386 2508 1505 2534 comam,

939 2548 989 2569 nec
1004 2543 1149 2577 quisquam
1165 2546 1251 2579 patria
1268 2547 1362 2581 pulsus
1379 2547 1404 2574 in
1422 2549 1556 2576 exsiliunt.

937 2587 1070 2615 Caeterum
1084 2597 1177 2618 socors
1193 2591 1358 2627 remissoque
1372 2593 1489 2628 ingenio,

937 2641 1026 2668 neque
1039 2635 1073 2662 ad
1087 2637 1281 2672 rempublicam
1296 2640 1440 2674 regendam
1456 2641 1567 2668 idoneus

938 2685 1047 2716 propter
1060 2687 1154 2710 natura
1171 2683 1279 2711 insitam
1295 2686 1447 2720 Seguitieln,

937 2731 963 2754 ct
978 2728 1041 2762 quia
1058 2729 1170 2763 pedibus
1184 2730 1266 2757 etiam
1280 2731 1431 2760 laborabat.

937 2774 1048 2808 Quietus
1060 2782 1125 2810 ergo
1140 2776 1283 2805 moderans
1298 2778 1410 2813 imperio
