1926 3071
199 104 251 135 E39
746 97 949 130 EPHRIEMII
970 98 1277 130 CHRONOGRAPHI
1769 99 1821 131 240

192 165 275 195 atque
290 159 317 187 in
333 158 415 194 regali
431 158 556 186 desident;
569 157 669 192 palatio

194 206 326 240 plurimos
340 205 419 233 donis
433 205 543 240 largiter
555 205 658 231 ditabat

195 252 356 287 eximiisque
372 251 488 286 augebat
503 250 690 287 dignitatibus.

193 298 222 325 ln
239 298 370 324 orientem
385 302 476 332 postea
494 304 554 324 cum
571 296 656 332 copiis
672 295 778 323 transiit
793 304 800 322 :

193 343 294 370 audivit
311 344 395 377 enim,
408 343 496 370 denuo
510 342 636 370 rebellem

192 389 317 417 Alexium
333 389 476 424 quemdam
491 389 517 416 in
535 387 811 424 provincia'Cilicutn,

194 437 277 471 (illius
291 436 401 464 nomine
419 436 523 463 scilicet
534 440 674 469 assumpto

194 484 281 511 Alexii
296 483 402 510 Caesare
418 481 544 508 Manuale
560 480 627 516 nati)

193 537 275 566 pagos
291 529 400 556 incursu
414 528 548 563 urbesque
563 528 731 562 perturbare.

192 575 233 602 Ad
246 575 439 609 Melangiorum
454 581 519 608 ergo
535 573 659 609 praesidia
675 579 800 608 pergens,

193 626 275 657 atque
289 621 343 648 illic
356 620 436 648 etiam
452 619 586 647 salutatus
600 619 726 647 dominus

193 677 320 698 reversus
333 673 375 697 est
388 669 413 696 in
428 668 523 696 urbem
540 669 696 703 imperator.

191 716 323 744 Obortum
339 720 381 743 est
395 715 494 743 deinde
509 715 632 742 Romano
649 712 763 748 imperio

193 763 335 790 molestum
353 766 503 789 monstrum
518 766 601 796 atque
613 763 830 794 Inexspectatmn

193 814 322 844 tyrannus
338 807 385 835 ille
398 807 557 843 Cypriorum
573 805 689 838 lsacius;

191 856 235 890 qui
251 855 283 882 ad
299 854 435 882 sultanum
450 858 561 888 repente
575 853 732 887 profugiens

191 906 271 934 alque
285 900 320 926 ibi
335 904 430 926 nactus
444 898 590 925 auxiliares
605 898 710 932 copias,

191 946 328 973 [tertianas
344 951 430 974 terras
444 947 579 980 urbesque
594 945 750 972 divexabat.

190 992 244 1020 Sed
259 993 331 1020 enim
347 992 442 1019 ambos
458 998 529 1018 mors
541 990 676 1025 OppreSsit
692 991 812 1017 demum.

189 1039 282 1067 Caesar
293 1039 326 1065 de
339 1037 420 1065 terris
435 1037 556 1064 occiduis
571 1036 703 1064 sollicitus

189 1084 305 1120 peritum
320 1083 415 1110 ducem
432 1087 611 1117 cognomento
624 1081 761 1116 Aspietam

189 1138 251 1158 eum
268 1136 412 1157 numeroso
427 1129 568 1163 validomle
583 1129 705 1156 exercitu

189 1178 320 1205 adversus
335 1175 435 1203 Marsos
448 1175 578 1202 barbaros
592 1175 685 1202 hostes
698 1174 770 1202 misit
785 1183 791 1200 :

189 1232 281 1252 verum
296 1222 396 1250 infelici
414 1221 560 1248 commisso
575 1221 679 1254 priclio,

189 1274 285 1305 captus
299 1273 339 1296 est
353 1276 366 1295 a
383 1266 503 1294 barbaris
518 1265 625 1300 Aspieta
639 1265 740 1294 Mcesis.

190 1316 238 1343 Plu
245 1316 339 1342 rimam
356 1320 451 1341 rursus
466 1312 557 1340 Caesar
570 1319 666 1346 gerens
682 1319 775 1339 curam

190 1361 362 1388 occiduarnm
376 1359 482 1386 urbium
499 1357 669 1390 afﬂictarum,

190 1407 316 1438 lsacium,
330 1405 372 1432 cui
388 1404 533 1432 tradiderat
547 1403 629 1430 filiam
644 1405 748 1439 nuptni,

191 1454 437 1482 sebastocratorem
452 1453 594 1486 dignitate,
607 1452 681 1479 misit

191 1501 279 1528 denuo
291 1506 351 1526 cum
367 1498 510 1533 prmvalido
524 1499 632 1533 ingente
644 1497 765 1526 exercitu
781 1506 788 1524 :

191 1545 238 1574 sed
253 1544 287 1572 ab
299 1545 387 1571 Asane
403 1548 496 1579 captus
510 1549 535 1571 et
551 1545 593 1571 hic
610 1543 737 1576 barbaro,

192 1591 283 1620 vincla
299 1590 426 1617 diuturna
442 1594 468 1617 et
482 1597 618 1617 carcerem
632 1596 788 1625 perpessus,

191 1638 290 1667 ibidem
304 1637 421 1665 violenta
437 1641 522 1664 morte
535 1637 611 1664 obiit.

191 1685 291 1714 Verum
305 1689 332 1712 et
347 1684 404 1719 ipse
420 1683 551 1711 barbarus
563 1683 636 1711 Asan
652 1683 733 1718 periit

191 1739 273 1759 manu
288 1730 428 1766 cujusdam
444 1730 518 1758 Blaesi
533 1730 624 1758 Ibanci
640 1731 781 1763 domitus;.

192 1777 341 1813 Petrusque
353 1777 470 1805 obtinuit
484 1776 584 1805 Mmsiae
600 1777 790 1813 principatum.

192 1873 246 1901 Sed
260 1881 319 1900 cum
334 1872 378 1900 hic
392 1871 472 1900 etiam
489 1871 577 1906 gladio
591 1871 686 1899 fuisset
699 1879 795 1904 caesus.

192 1920 317 1954 princeps
331 1918 475 1945 Mmsorum
493 1918 593 1944 exstitit
606 1917 723 1945 Joannes

191 1966 264 1994 Petri
278 1964 431 1999 Asanisque
445 1963 539 1996 frater,
551 1963 659 1999 ingenio
674 1964 802 1998 pessimo,

190 2017 218 2039 et
229 2012 411 2039 Romanarum
425 2009 532 2036 urbium
548 2009 691 2044 pernicies.

192 2058 309 2086 lbuucus
326 2061 414 2083 autem
428 2057 461 2083 ad
477 2055 612 2083 Caesarem
627 2056 784 2090 confugiens

193 2109 274 2138 atque
289 2102 388 2130 libente
401 2102 491 2129 animo
507 2106 629 2136 receptus

193 2149 322 2178 Romanis
337 2148 461 2183 partibus
474 2148 566 2175 utilem
583 2155 612 2176 se
629 2149 754 2184 praebuit,

191 2195 301 2223 floridus
316 2201 413 2228 nempe
425 2193 542 2228 juvenis,
556 2193 619 2221 forti
636 2202 728 2229 manu,

190 2241 237 2269 sed
254 2241 286 2268 ad
301 2239 458 2267 sumendam
475 2239 542 2266 iram
558 2240 756 2274 paratissimus.

191 2287 260 2315 lluic
276 2285 419 2314 collocavit
434 2285 525 2313 Ctesar
540 2286 567 2313 in
583 2286 791 2313 matrimonimu

190 2333 218 2361 in
236 2332 323 2359 aulam
342 2330 495 2358 advenienti
510 2335 617 2365 neptem
632 2338 720 2364 suam,

190 2385 218 2408 et
232 2378 420 2415 prmfccmram
437 2377 546 2405 tradidit
561 2377 788 2413 Philippopoleos.

190 2428 217 2456 is
232 2433 319 2455 autem
336 2432 429 2455 contra
445 2426 545 2454 Μαιεος
560 2431 586 2454 et
601 2431 695 2455 contra
713 2427 835 2462 Scythas

191 2475 299 2503 ﬁrmum
314 2473 427 2501 Romani
445 2473 551 2508 imperii
568 2473 704 2502 munimen
719 2480 789 2501 erat.

191 2519 251 2548 Jam
266 2527 326 2547 cum
342 2519 433 2547 Sicilia
449 2520 482 2546 ab
496 2518 654 2547 Alamannis
667 2519 791 2547 barbaris

193 2566 309 2601 turpiter
322 2570 393 2593 esset
408 2565 521 2598 domita,
533 2569 597 2593 tunc
612 2565 636 2593 in
652 2564 757 2593 Italiam

193 2612 219 2639 vi
235 2612 374 2647 deportata
389 2617 430 2639 est
442 2620 490 2640 ceu
505 2612 595 2647 praeda
611 2611 674 2639 belli

193 2656 247 2685 fliia
261 2665 368 2693 quoque
381 2658 497 2686 Caesaris
510 2658 622 2691 lsaacii;

192 2711 220 2731 et
236 2704 307 2739 regis
324 2704 490 2732 Alamanniae
505 2711 634 2739 germano
648 2704 723 2730 fratri

192 2749 316 2784 Philippo
328 2749 422 2784 juncta
436 2755 477 2777 est
491 2750 603 2786 nuptiali
617 2749 731 2781 foedere,

229 2828 284 2864 (τι)
299 2827 365 2856 Cod.
378 2827 472 2864 λαϐήν.

1141 156 1196 182 Καὶ
1210 155 1357 191 βασιλείοις
1372 155 1547 190 ὲνδιατρίψας
1563 154 1666 190 δόμοις,

1138 203 1193 229 Καὶ
1209 203 1326 238 δωρεαῖς
1340 203 1402 233 τοὺς
1421 202 1565 234 πλείστους
1582 202 1758 234 καταπιάνας

1141 249 1196 275 Καὶ
1212 248 1365 282 φιλοτίμοις
1383 248 1474 280 ἀξίαις
1495 247 1663 283 καθηδύνας,

1051 294 1122 322 6555
1142 292 1218 321 Μετὰ
1233 295 1363 330 στρατιᾶς
1380 295 1485 330 ἐκπερᾷ
1503 294 1571 329 πρὸς
1584 295 1635 330 τὴν
1650 294 1687 320 ἕω
1701 302 1707 308 ·

1141 341 1279 368 ’Ἡκουστο
1296 342 1343 368 καὶ
1360 341 1414 376 γάρ
1436 341 1474 372 ὼς
1492 341 1649 376 ἀποστάτης
1666 341 1749 367 πάλιν

1139 388 1260 421 Ἀλέξιός
1271 396 1313 420 τις
1329 387 1449 415 Κιλίκων
1463 388 1599 423 ἐπαρχίας

1142 433 1336 468 Προσηγορίαν
1356 434 1457 463 ὑποδὺς
1470 434 1590 466 Ἀλεξίου

1094 496 1100 500 -
1139 477 1235 515 υῦπερ
1249 481 1346 511 τοκεὺς
1364 477 1397 515 ἧν
1412 480 1542 514 Μανουὴλ
1558 480 1749 516 αὐτοκράτωρ,

1051 524 1120 551 6560
1142 525 1245 560 Κώμας
1261 526 1347 552 ἐπιὼν
1364 527 1468 552 ἀνέσειε
1481 527 1531 558 τὰς
1545 526 1650 558 πόλεις.

1142 572 1238 598 Τοίνυν
1253 573 1367 604 ἐπιστὰς
1386 574 1527 608 φρουρίοις
1541 573 1735 608 Μελαγγείων,

1088 623 1090 626 '
1140 619 1195 645 Καὶ
1207 620 1264 650 τοῖς
1278 619 1368 645 ἐκεῖσε
1385 619 1512 654 βαπιλεὺς
1530 620 1715 655 αὐτοκράτωρ

1143 666 1351 702 ’Λναγορευθεὶς
1369 667 1437 702 πρὸς
1455 667 1531 694 πόλιν
1543 668 1710 703 ὑποστρέφει
1723 678 1729 683 ·

1139 710 1196 739 Εἶτ’
1208 713 1312 748 ἀνεφύη
1331 713 1482 747 Ῥωμαῖδος
1498 714 1536 749 τῷ
1552 714 1649 749 κράτει

1052 758 1123 786 6565
1144 759 1237 785 Κακόν
1253 768 1279 786 τι
1295 761 1441 796 τερμέριον
1457 760 1572 787 ἄελπτον
1587 762 1680 788 πάλιν.

1139 805 1257 836 Ὶσάκιος
1267 805 1400 841 τύραννος
1414 807 1527 842 αἰσχρὸς
1542 808 1687 843 Κυπρίων,

1141 851 1189 882 Ὃς
1207 851 1341 886 ἐξαπίνης
1356 854 1506 888 προσρυεὶς
1520 853 1559 888 τῷ
1576 854 1720 890 σουλτάνῳλ

1140 896 1278 924 Κάκεῖθεν
1290 897 1379 933 εὑρὼν
1392 899 1569 934 συμμαχικόν
1584 907 1611 926 τι
1628 899 1721 934 στίφος

1138 941 1238 977 Χώρας
1255 943 1358 970 ἐκάκου
1374 944 1422 970 καὶ
1434 944 1527 976 πόλεις
1544 944 1708 979 Ῥωμαῖδος.

1050 989 1120 1016 6570
1142 989 1274 1016 Ὢλλυντο
1288 989 1312 1017 δ’
1327 990 1411 1024 ἄμφω
1428 991 1680 1026 παραπεμφθέντες
1693 994 1781 1028 μόρῳς

1135 1035 1268 1070 Φροντίδα
1282 1035 1369 1067 τιθεὶς
1385 1036 1505 1064 δυτικῶν
1520 1037 1619 1072 χωρῶν
1634 1038 1713 1071 ἄναξ,

1136 1082 1214 1108 Μετὰ
1227 1083 1360 1117 στρατιᾶς
1377 1082 1474 1118 ίκανῆς
1490 1083 1638 1119 εὐκαρδίου

1139 1127 1242 1162 ’Λνδρα
1254 1129 1410 1164 στρατηγὸν
1426 1129 1578 1165 τοὺπίκλην
1599 1130 1748 1166 Ἀσπιὲτην

1137 1173 1217 1201 Κατὰ
1237 1175 1341 1202 Μυσῶν
1367 1175 1513 1211 πέπομφεν
1526 1176 1634 1212 ἐχθρῶν
1654 1177 1818 1214 βαρϐάρων·

1047 1220 1118 1248 65τῦ
1139 1221 1320 1256 Χρησὰμενος
1335 1222 1364 1248 δὲ
1379 1222 1416 1257 μὴ
1432 1222 1548 1254 δεόντως
1563 1225 1597 1259 τῇ
1613 1223 1698 1259 μάχῃ,

1135 1268 1232 1300 Δῦτοϊς
1248 1269 1320 1296 ἑάλω
1337 1268 1485 1305 βαρϐάροις
1503 1271 1674 1305 ἀντιμάχοις.

1137 1314 1302 1349 Ποιούμενος
1315 1315 1394 1349 λόγον
1409 1316 1437 1342 δὲ
1454 1317 1566 1345 πλείονα
1578 1317 1660 1344 πάλιν

1136 1361 1258 1397 Κράτωρ
1273 1362 1391 1389 δυτικῶν
1405 1363 1512 1391 ἀστέων
1526 1365 1717 1401 κακουμένων,

1143 1407 1284 1436 ἰσαάκιονλ
1292 1409 1421 1444 γαμϐρὸν
1436 1411 1475 1442 εἱς
1491 1411 1592 1445 θυγατέ
1598 1420 1632 1447 pa.

1046 1452 1117 1494 6580
1136 1454 1189 1481 Τὸν
1203 1454 1447 1491 σεϐαστοκράτορα
1463 1457 1569 1491 πέμπει
1582 1459 1719 1491 δευτέρως

1138 1499 1191 1526 Σὺν
1206 1500 1366 1536 δυσαρίθμῳ
1381 1502 1497 1537 στρατιᾷ
1514 1503 1644 1539 ῥωμαλέῳ⁸
1654 1512 1662 1520 ·

1138 1545 1272 1577 Κάκεῖνος
1290 1545 1371 1572 Ἀσὰν
1387 1547 1528 1582 συσχεθεὶς
1543 1547 1581 1582 τῷ
1594 1547 1733 1584 βαρϐάρῳι

1137 1592 1239 1628 Χρόνια
1250 1592 1338 1628 δεσμὰ
1353 1593 1402 1620 καὶ
1413 1593 1554 1628 κάθειρξιν
1567 1594 1663 1626 ὑπέδυ,

1143 1639 1187 1665 Ἐν
1201 1636 1243 1671 οἷς
1256 1638 1406 1674 ὲναπέψυξε
1421 1639 1499 1675 βιαίῳ
1515 1640 1602 1676 μόρῳ.

1049 1684 1121 1713 6585
1141 1685 1215 1720 Πλὴν
1230 1685 1298 1712 ἀλλὰ
1310 1686 1358 1712 καὶ
1376 1686 1515 1722 βάρϐαρος
1529 1686 1614 1714 ’Δσάν
1626 1688 1731 1724 ἐφθάρη

1137 1731 1242 1766 κλῆσιν
1259 1731 1380 1767 Ἰϐαγκῷ
1394 1740 1448 1759 τινι
1464 1732 1567 1760 Μυσῶν
1582 1734 1614 1761 ἐκ
1629 1734 1725 1767 γένους
1736 1743 1742 1750 ·

1138 1778 1194 1805 Καὶ
1218 1777 1324 1813 Πέτρος
1346 1778 1435 1813 ἀρχὴν
1457 1777 1507 1812 τὴν
1523 1779 1626 1807 Μυσῶν
1651 1780 1743 1808 λαϐὼν
1759 1782 1830 1817 (Τυε

1713 1826 1780 1854 ἐνει.

1713 1826 1724 1852 ἐ

1138 1868 1193 1896 Καὶ
1207 1868 1284 1897 τοῦδε
1296 1870 1390 1902 κακῶς
1409 1871 1627 1904 ἁποκτανθέντος
1641 1826 1742 1907 ξίφεὶ,χ

1141 1915 1270 1950 Ἰωάννης
1287 1915 1406 1943 δέδεικτο
1425 1917 1655 1953 μυσαρχηγέτηςγ

1049 1961 1120 1990 6590
1140 1960 1224 1988 Ἀσάν
1236 1961 1340 1998 Πέτρου
1356 1962 1500 1998 σύναιμος,
1526 1962 1669 1998 αἴσχιστος
1684 1964 1814 1998 τρόπους,

1135 2008 1197 2034 Τῶν
1216 2007 1380 2043 Ῥωμαϊκῶν
1394 2009 1499 2036 ἀστέων
1512 2009 1691 2045 καθαιρέτης.

1141 2054 1171 2081 '0
1184 2055 1207 2081 δ’
1219 2054 1266 2082 οὖν
1280 2055 1404 2089 Ἰὗαγκὸς
1419 2056 1569 2091 προσρυεὶς
1580 2057 1745 2092 στεφηφόρῳ

1139 2101 1194 2127 Καὶ
1208 2101 1284 2136 παρὰ
1296 2101 1376 2129 τοῦδε
1398 2102 1574 2137 προσδεχθεὶς
1588 2103 1652 2137 μάλ’
1678 2103 1815 2139 ἀσμένως,

1140 2148 1285 2183 Χρήσιμος
1303 2144 1379 2174 ὦπτο
1391 2148 1429 2183 τῷ
1445 2148 1524 2183 μέρει
1540 2148 1596 2175 τῶν
1610 2149 1748 2181 Αὐσόνων,

1050 2192 1119 2220 6395
1145 2193 1276 2228 ’Δκμαῖος
1292 2193 1330 2220 ὢν
1343 2202 1386 2226 τις
1399 2195 1446 2221 καὶ
1459 2194 1542 2230 χέρας
1559 2194 1712 2230 ῥωμαλέοι.

1143 2239 1310 2275 Ὁξύρῤοπος
1325 2239 1348 2266 δ’
1361 2239 1407 2266 οὖν
1418 2240 1486 2275 πρὸς
1504 2239 1590 2276 θυμὸν
1607 2240 1654 2267 καὶ
1667 2240 1777 2276 μανία-ν.

1135 2284 1228 2320 Τούτῳ
1239 2285 1418 2322 κατηγγύησε
1435 2287 1505 2322 πρὸς
1522 2287 1664 2314 συνοικίαν

1134 2331 1189 2366 Τὴν
1204 2330 1370 2367 θυγατριδῆν
1385 2331 1513 2367 βασιλεὺς
1524 2333 1681 2368 ἀφιγμένῳ,

1141 2377 1284 2413 ’Ὑπαρχον
1300 2377 1386 2414 ἀρχὴν
1402 2378 1449 2413 τῆς
1462 2378 1596 2405 Φιλίππου
1612 2379 1747 2414 χειρίσας,

1049 2423 1120 2451 6400
1141 2425 1188 2457 ’ος
1203 2422 1236 2460 ἦν
1254 2425 1430 2460 ἐπιτείχισμα
1444 2426 1547 2457 Μυσοῖς
1563 2426 1610 2453 καὶ
1621 2425 1750 2458 Σκύθαις,

1135 2471 1267 2506 Τειχῆρες
1282 2472 1407 2499 Αὐσόνων
1423 2472 1452 2499 δὲ
1469 2473 1575 2508 χωρίων
1590 2473 1678 2508 μέρει.

1135 2518 1198 2550 Τοῖς
1215 2517 1378 2552 Ἀλαμανοῖς
1392 2518 1542 2554 βαρϐάροις
1557 2519 1683 2551 Σικελίας

1134 2565 1262 2599 Δίσχρῶς
1281 2564 1408 2600 ἁλούσης,
1423 2566 1452 2592 ἐν
1473 2565 1574 2601 Ἰταλίᾳ
1591 2566 1652 2593 τότε

1135 2611 1309 2645 Δορυάλωτος
1327 2612 1489 2648 συναπήχθη
1505 2614 1574 2648 πρὸς
1591 2613 1668 2648 βίαν,

1049 2657 1119 2686 6605
1140 2657 1195 2684 Καὶ
1213 2657 1336 2693 θυγάτηρ
1349 2659 1465 2691 ἄνακτος
1477 2658 1626 2692 Ὶσαακίου,

1136 2704 1191 2730 Καὶ
1207 2705 1366 2739 κασιγνήτῳ
1382 2704 1466 2740 ῥηγὺς
1479 2704 1648 2741 Ἀλαμανίας

1138 2750 1264 2786 Φιλίππῳ
1281 2750 1446 2783 συνέζευκτο
1461 2751 1530 2786 πρὸς
1548 2751 1640 2787 γάμου
1656 2751 1761 2786 σχέσιν,
