  <div class='ocr_page' id='page_1' title='image "/cluster/home/n/w/nwhite01/storage/ocr_20150623/143/njp.32101010942884/138.png"; bbox 0 0 1926 3071; ppageno 0'>
   <div class='ocr_carea' id='block_1_1' title="bbox 84 169 130 201">
    <p class='ocr_par' dir='ltr' id='par_1_1' title="bbox 84 169 130 201">
     <span class='ocr_line' id='line_1_1' title="bbox 84 169 130 201; baseline 0 0"><span class='ocrx_word' id='word_1_1' title='bbox 84 169 130 201; x_wconf 70' lang='grc'><strong>211</strong></span> 
     </span>
    </p>
   </div>
   <div class='ocr_carea' id='block_1_2' title="bbox 185 225 671 262">
    <p class='ocr_par' dir='ltr' id='par_1_2' title="bbox 185 225 671 262">
     <span class='ocr_line' id='line_1_2' title="bbox 185 225 671 262; baseline -0.002 -9"><span class='ocrx_word' id='word_1_2' title='bbox 185 227 266 253; x_wconf 82' lang='grc' dir='ltr'>Πόσιν</span> <span class='ocrx_word' id='word_1_3' title='bbox 282 226 384 262; x_wconf 79' lang='grc' dir='ltr'>ἑαυτῆς</span> <span class='ocrx_word' id='word_1_4' title='bbox 401 226 578 254; x_wconf 75' lang='grc' dir='ltr'>ἁποῦαλοῦσα</span> <span class='ocrx_word' id='word_1_5' title='bbox 595 225 671 261; x_wconf 84' lang='grc' dir='ltr'>μόρῳ</span> 
     </span>
    </p>
   </div>
   <div class='ocr_carea' id='block_1_3' title="bbox 183 273 809 309">
    <p class='ocr_par' dir='ltr' id='par_1_3' title="bbox 183 273 809 309">
     <span class='ocr_line' id='line_1_3' title="bbox 183 273 809 309; baseline 0 -9"><span class='ocrx_word' id='word_1_6' title='bbox 183 274 237 300; x_wconf 82' lang='grc' dir='ltr'><strong>Τοῦ</strong></span> <span class='ocrx_word' id='word_1_7' title='bbox 250 274 374 301; x_wconf 75' lang='grc' dir='ltr'><strong>Σικελῶν</strong></span> <span class='ocrx_word' id='word_1_8' title='bbox 391 273 525 309; x_wconf 77' lang='grc' dir='ltr'><strong>ἄρξαντος</strong></span> <span class='ocrx_word' id='word_1_9' title='bbox 540 273 598 299; x_wconf 77' lang='grc' dir='ltr'>υἱὸν</span> <span class='ocrx_word' id='word_1_10' title='bbox 616 273 670 308; x_wconf 75' lang='grc' dir='ltr'><strong>πρὸ</strong></span> <span class='ocrx_word' id='word_1_11' title='bbox 683 273 789 308; x_wconf 79' lang='grc' dir='ltr'><strong>χρόνων</strong></span> <span class='ocrx_word' id='word_1_12' title='bbox 802 280 809 288; x_wconf 83' lang='grc'><strong><em>⁸</em></strong></span> 
     </span>
    </p>
   </div>
   <div class='ocr_carea' id='block_1_4' title="bbox 98 319 639 354">
    <p class='ocr_par' dir='ltr' id='par_1_4' title="bbox 98 319 639 354">
     <span class='ocr_line' id='line_1_4' title="bbox 98 319 639 354; baseline -0.004 -7"><span class='ocrx_word' id='word_1_13' title='bbox 98 320 164 348; x_wconf 72' lang='lat' dir='ltr'><strong>(iiii)</strong></span> <span class='ocrx_word' id='word_1_14' title='bbox 187 321 223 346; x_wconf 82' lang='lat' dir='ltr'><strong>&#39;H</strong></span> <span class='ocrx_word' id='word_1_15' title='bbox 238 320 367 347; x_wconf 83' lang='grc' dir='ltr'>κυκεῶνα</span> <span class='ocrx_word' id='word_1_16' title='bbox 385 320 499 354; x_wconf 80' lang='grc' dir='ltr'>πικρίας</span> <span class='ocrx_word' id='word_1_17' title='bbox 514 319 639 354; x_wconf 74' lang='grc' dir='ltr'><strong>ἀψινθίου</strong></span> 
     </span>
    </p>
   </div>
   <div class='ocr_carea' id='block_1_5' title="bbox 184 363 738 402">
    <p class='ocr_par' dir='ltr' id='par_1_5' title="bbox 184 363 738 402">
     <span class='ocr_line' id='line_1_5' title="bbox 184 363 738 402; baseline 0 -10"><span class='ocrx_word' id='word_1_18' title='bbox 184 366 320 401; x_wconf 81' lang='grc' dir='ltr'>Ποτήριον</span> <span class='ocrx_word' id='word_1_19' title='bbox 332 365 356 392; x_wconf 83' lang='grc' dir='ltr'>δ’</span> <span class='ocrx_word' id='word_1_20' title='bbox 370 366 419 401; x_wconf 73' lang='grc' dir='ltr'><strong>οὐχ</strong></span> <span class='ocrx_word' id='word_1_21' title='bbox 434 363 517 402; x_wconf 82' lang='grc' dir='ltr'>ἦττον</span> <span class='ocrx_word' id='word_1_22' title='bbox 531 365 618 401; x_wconf 82' lang='grc' dir='ltr'><strong>ὀργῆς</strong></span> <span class='ocrx_word' id='word_1_23' title='bbox 633 365 738 401; x_wconf 78' lang='grc' dir='ltr'><strong>Κυρίου</strong></span> 
     </span>
    </p>
   </div>
   <div class='ocr_carea' id='block_1_6' title="bbox 192 411 676 448">
    <p class='ocr_par' dir='ltr' id='par_1_6' title="bbox 192 411 676 448">
     <span class='ocr_line' id='line_1_6' title="bbox 192 411 676 448; baseline 0 -10"><span class='ocrx_word' id='word_1_24' title='bbox 192 411 331 448; x_wconf 82' lang='grc' dir='ltr'>Ὀλέθριον</span> <span class='ocrx_word' id='word_1_25' title='bbox 347 411 459 448; x_wconf 86' lang='grc' dir='ltr'>κίρνησι</span> <span class='ocrx_word' id='word_1_26' title='bbox 473 413 506 448; x_wconf 81' lang='grc' dir='ltr'>τῇ</span> <span class='ocrx_word' id='word_1_27' title='bbox 520 411 676 444; x_wconf 79' lang='grc' dir='ltr'>Βυζαντίδι.</span> 
     </span>
    </p>
   </div>
   <div class='ocr_carea' id='block_1_7' title="bbox 185 449 814 493">
    <p class='ocr_par' dir='ltr' id='par_1_7' title="bbox 185 449 814 493">
     <span class='ocr_line' id='line_1_7' title="bbox 185 449 814 493; baseline 0 -9"><span class='ocrx_word' id='word_1_28' title='bbox 185 458 302 492; x_wconf 75' lang='lat' dir='ltr'><strong>[licme</strong></span> <span class='ocrx_word' id='word_1_29' title='bbox 315 457 350 484; x_wconf 77' lang='grc' dir='ltr'>τὰ</span> <span class='ocrx_word' id='word_1_30' title='bbox 363 449 414 484; x_wconf 72' lang='grc' dir='ltr'><strong>τοῦΔ</strong></span> <span class='ocrx_word' id='word_1_31' title='bbox 423 457 549 492; x_wconf 72' lang='grc' dir='ltr'>σώματος</span> <span class='ocrx_word' id='word_1_32' title='bbox 561 457 651 493; x_wconf 78' lang='grc' dir='ltr'>ἄρθρα</span> <span class='ocrx_word' id='word_1_33' title='bbox 663 456 710 485; x_wconf 74' lang='grc' dir='ltr'>καὶ</span> <span class='ocrx_word' id='word_1_34' title='bbox 726 456 814 492; x_wconf 78' lang='grc' dir='ltr'>βάθρα</span> 
     </span>
    </p>
   </div>
   <div class='ocr_carea' id='block_1_8' title="bbox 183 503 763 539">
    <p class='ocr_par' dir='ltr' id='par_1_8' title="bbox 183 503 763 539">
     <span class='ocr_line' id='line_1_8' title="bbox 183 503 763 539; baseline 0 -9"><span class='ocrx_word' id='word_1_35' title='bbox 183 504 220 530; x_wconf 66' lang='grc' dir='ltr'><strong>Οὔ</strong></span> <span class='ocrx_word' id='word_1_36' title='bbox 237 503 357 539; x_wconf 82' lang='grc' dir='ltr'>συνεχῶς</span> <span class='ocrx_word' id='word_1_37' title='bbox 373 504 424 539; x_wconf 79' lang='grc' dir='ltr'>μὲν</span> <span class='ocrx_word' id='word_1_38' title='bbox 439 505 486 531; x_wconf 70' lang='grc' dir='ltr'>καὶ</span> <span class='ocrx_word' id='word_1_39' title='bbox 501 503 545 531; x_wconf 74' lang='grc' dir='ltr'><strong>διὰ</strong></span> <span class='ocrx_word' id='word_1_40' title='bbox 563 503 622 539; x_wconf 88' lang='grc' dir='ltr'>βίου</span> <span class='ocrx_word' id='word_1_41' title='bbox 638 504 763 539; x_wconf 84' lang='grc' dir='ltr'>κράτωρ,</span> 
     </span>
    </p>
   </div>
   <div class='ocr_carea' id='block_1_9' title="bbox 101 549 764 585">
    <p class='ocr_par' dir='ltr' id='par_1_9' title="bbox 101 549 764 585">
     <span class='ocr_line' id='line_1_9' title="bbox 101 549 764 585; baseline 0 -9"><span class='ocrx_word' id='word_1_42' title='bbox 101 549 167 576; x_wconf 79' lang='lat' dir='ltr'><strong>6il5</strong></span> <span class='ocrx_word' id='word_1_43' title='bbox 188 550 266 576; x_wconf 78' lang='grc' dir='ltr'><strong>Κατᾶ</strong></span> <span class='ocrx_word' id='word_1_44' title='bbox 280 551 310 578; x_wconf 79' lang='grc' dir='ltr'>δὲ</span> <span class='ocrx_word' id='word_1_45' title='bbox 326 551 446 582; x_wconf 75' lang='grc' dir='ltr'>κύκλους</span> <span class='ocrx_word' id='word_1_46' title='bbox 463 549 511 576; x_wconf 87' lang='grc' dir='ltr'><strong>καί</strong></span> <span class='ocrx_word' id='word_1_47' title='bbox 527 558 603 581; x_wconf 83' lang='grc' dir='ltr'>τινας</span> <span class='ocrx_word' id='word_1_48' title='bbox 621 550 764 585; x_wconf 82' lang='grc' dir='ltr'><strong>περιόδους</strong></span> 
     </span>
    </p>
   </div>
   <div class='ocr_carea' id='block_1_10' title="bbox 185 596 709 632">
    <p class='ocr_par' dir='ltr' id='par_1_10' title="bbox 185 596 709 632">
     <span class='ocr_line' id='line_1_10' title="bbox 185 596 709 632; baseline 0 -9"><span class='ocrx_word' id='word_1_49' title='bbox 185 597 236 623; x_wconf 83' lang='grc' dir='ltr'>Ἐκ</span> <span class='ocrx_word' id='word_1_50' title='bbox 247 605 321 628; x_wconf 86' lang='grc' dir='ltr'>τινος</span> <span class='ocrx_word' id='word_1_51' title='bbox 336 596 403 632; x_wconf 81' lang='grc' dir='ltr'>ὕλης</span> <span class='ocrx_word' id='word_1_52' title='bbox 421 596 551 631; x_wconf 81' lang='grc' dir='ltr'>σώματος</span> <span class='ocrx_word' id='word_1_53' title='bbox 565 596 709 631; x_wconf 78' lang='grc' dir='ltr'>καχεξίας,</span> 
     </span>
    </p>
   </div>
   <div class='ocr_carea' id='block_1_11' title="bbox 189 640 780 678">
    <p class='ocr_par' dir='ltr' id='par_1_11' title="bbox 189 640 780 678">
     <span class='ocr_line' id='line_1_11' title="bbox 189 640 780 678; baseline 0 -10"><span class='ocrx_word' id='word_1_54' title='bbox 189 643 301 674; x_wconf 72' lang='grc' dir='ltr'>ὐδύνας</span> <span class='ocrx_word' id='word_1_55' title='bbox 315 640 374 678; x_wconf 75' lang='grc' dir='ltr'>εἶχε</span> <span class='ocrx_word' id='word_1_56' title='bbox 395 643 442 669; x_wconf 78' lang='grc' dir='ltr'>καὶ</span> <span class='ocrx_word' id='word_1_57' title='bbox 455 642 655 674; x_wconf 86' lang='grc' dir='ltr'>δυσυποίστους</span> <span class='ocrx_word' id='word_1_58' title='bbox 670 642 780 674; x_wconf 78' lang='grc' dir='ltr'><strong>πόνους,</strong></span> 
     </span>
    </p>
   </div>
   <div class='ocr_carea' id='block_1_12' title="bbox 191 687 822 724">
    <p class='ocr_par' dir='ltr' id='par_1_12' title="bbox 191 687 822 724">
     <span class='ocr_line' id='line_1_12' title="bbox 191 687 822 724; baseline -0.002 -9"><span class='ocrx_word' id='word_1_59' title='bbox 191 689 401 724; x_wconf 80' lang='grc' dir='ltr'>Ἐπεισρυέντος</span> <span class='ocrx_word' id='word_1_60' title='bbox 414 688 463 715; x_wconf 83' lang='grc' dir='ltr'>τοῦ</span> <span class='ocrx_word' id='word_1_61' title='bbox 479 688 567 715; x_wconf 82' lang='grc' dir='ltr'>κακοῦ</span> <span class='ocrx_word' id='word_1_62' title='bbox 582 689 630 715; x_wconf 77' lang='grc' dir='ltr'>καὶ</span> <span class='ocrx_word' id='word_1_63' title='bbox 643 688 691 715; x_wconf 85' lang='grc' dir='ltr'>τοῦ</span> <span class='ocrx_word' id='word_1_64' title='bbox 707 687 822 721; x_wconf 79' lang='grc' dir='ltr'><strong>πάθους,</strong></span> 
     </span>
    </p>
   </div>
   <div class='ocr_carea' id='block_1_13' title="bbox 187 735 720 772">
    <p class='ocr_par' dir='ltr' id='par_1_13' title="bbox 187 735 720 772">
     <span class='ocr_line' id='line_1_13' title="bbox 187 735 720 772; baseline 0 -10"><span class='ocrx_word' id='word_1_65' title='bbox 187 736 288 771; x_wconf 61' lang='grc' dir='ltr'>Ἐαρος</span> <span class='ocrx_word' id='word_1_66' title='bbox 303 735 401 763; x_wconf 79' lang='grc' dir='ltr'>οὐκοῦν</span> <span class='ocrx_word' id='word_1_67' title='bbox 414 735 555 772; x_wconf 80' lang='grc' dir='ltr'>τηνικαῦτ’</span> <span class='ocrx_word' id='word_1_68' title='bbox 566 735 720 770; x_wconf 68' lang='grc' dir='ltr'>ἀφιγμένου</span> 
     </span>
    </p>
   </div>
   <div class='ocr_carea' id='block_1_14' title="bbox 94 781 705 817">
    <p class='ocr_par' dir='ltr' id='par_1_14' title="bbox 94 781 705 817">
     <span class='ocr_line' id='line_1_14' title="bbox 94 781 705 817; baseline -0.003 -7"><span class='ocrx_word' id='word_1_69' title='bbox 94 783 166 810; x_wconf 62' lang='grc' dir='ltr'><strong>’ϋ-ιὲυ</strong></span> <span class='ocrx_word' id='word_1_70' title='bbox 188 783 282 814; x_wconf 82' lang='grc' dir='ltr'>Πόνοις</span> <span class='ocrx_word' id='word_1_71' title='bbox 299 781 422 817; x_wconf 78' lang='grc' dir='ltr'>νικηθεὶς</span> <span class='ocrx_word' id='word_1_72' title='bbox 436 783 484 809; x_wconf 77' lang='grc' dir='ltr'>καὶ</span> <span class='ocrx_word' id='word_1_73' title='bbox 500 782 705 817; x_wconf 77' lang='grc' dir='ltr'>περιωδυνίαις,</span> 
     </span>
    </p>
   </div>
   <div class='ocr_carea' id='block_1_15' title="bbox 185 828 797 864">
    <p class='ocr_par' dir='ltr' id='par_1_15' title="bbox 185 828 797 864">
     <span class='ocr_line' id='line_1_15' title="bbox 185 828 797 864; baseline 0 -9"><span class='ocrx_word' id='word_1_74' title='bbox 185 829 280 864; x_wconf 79' lang='grc' dir='ltr'>Τολμᾷ</span> <span class='ocrx_word' id='word_1_75' title='bbox 290 838 317 856; x_wconf 85' lang='grc' dir='ltr'><strong>τι</strong></span> <span class='ocrx_word' id='word_1_76' title='bbox 338 829 457 864; x_wconf 79' lang='grc' dir='ltr'>πρᾶγμα</span> <span class='ocrx_word' id='word_1_77' title='bbox 470 828 635 860; x_wconf 82' lang='grc' dir='ltr'>κινδυνῶδες</span> <span class='ocrx_word' id='word_1_78' title='bbox 649 828 697 855; x_wconf 73' lang='grc' dir='ltr'><strong>καὶ</strong></span> <span class='ocrx_word' id='word_1_79' title='bbox 712 828 797 861; x_wconf 80' lang='grc' dir='ltr'>ξένον,</span> 
     </span>
    </p>
   </div>
   <div class='ocr_carea' id='block_1_16' title="bbox 185 874 767 910">
    <p class='ocr_par' dir='ltr' id='par_1_16' title="bbox 185 874 767 910">
     <span class='ocr_line' id='line_1_16' title="bbox 185 874 767 910; baseline 0 -9"><span class='ocrx_word' id='word_1_80' title='bbox 185 875 317 910; x_wconf 84' lang='grc' dir='ltr'>ὐλεθρον</span> <span class='ocrx_word' id='word_1_81' title='bbox 333 874 408 910; x_wconf 86' lang='grc' dir='ltr'><strong>αὺτῷ</strong></span> <span class='ocrx_word' id='word_1_82' title='bbox 422 874 570 910; x_wconf 84' lang='grc' dir='ltr'>προξενοῦν</span> <span class='ocrx_word' id='word_1_83' title='bbox 584 875 747 910; x_wconf 75' lang='grc' dir='ltr'>παραϐόλως</span> <span class='ocrx_word' id='word_1_84' title='bbox 759 882 767 890; x_wconf 75' lang='grc'><strong><em>⁸</em></strong></span> 
     </span>
    </p>
   </div>
   <div class='ocr_carea' id='block_1_17' title="bbox 185 921 727 956">
    <p class='ocr_par' dir='ltr' id='par_1_17' title="bbox 185 921 727 956">
     <span class='ocr_line' id='line_1_17' title="bbox 185 921 727 956; baseline 0 -8"><span class='ocrx_word' id='word_1_85' title='bbox 185 921 299 956; x_wconf 77' lang='grc' dir='ltr'>Σιδήρια</span> <span class='ocrx_word' id='word_1_86' title='bbox 312 921 368 956; x_wconf 80' lang='grc' dir='ltr'><strong>γὰρ</strong></span> <span class='ocrx_word' id='word_1_87' title='bbox 383 921 602 954; x_wconf 81' lang='grc' dir='ltr'>πυρακτωθὲντα</span> <span class='ocrx_word' id='word_1_88' title='bbox 624 921 727 956; x_wconf 87' lang='grc' dir='ltr'>σφόδρα</span> 
     </span>
    </p>
   </div>
   <div class='ocr_carea' id='block_1_18' title="bbox 186 967 777 1002">
    <p class='ocr_par' dir='ltr' id='par_1_18' title="bbox 186 967 777 1002">
     <span class='ocr_line' id='line_1_18' title="bbox 186 967 777 1002; baseline 0 -9"><span class='ocrx_word' id='word_1_89' title='bbox 186 967 298 995; x_wconf 83' lang='grc' dir='ltr'>Σκελοῖν</span> <span class='ocrx_word' id='word_1_90' title='bbox 312 967 467 1002; x_wconf 75' lang='grc' dir='ltr'><strong>ἐπιτίθησιν</strong></span> <span class='ocrx_word' id='word_1_91' title='bbox 482 968 584 1002; x_wconf 76' lang='grc' dir='ltr'>ἀμφοῖν</span> <span class='ocrx_word' id='word_1_92' title='bbox 598 968 644 994; x_wconf 82' lang='grc' dir='ltr'><strong>καὶ</strong></span> <span class='ocrx_word' id='word_1_93' title='bbox 656 967 777 1002; x_wconf 80' lang='grc' dir='ltr'>βάθροιν,</span> 
     </span>
    </p>
   </div>
   <div class='ocr_carea' id='block_1_19' title="bbox 99 1013 795 1050">
    <p class='ocr_par' dir='ltr' id='par_1_19' title="bbox 99 1013 795 1050">
     <span class='ocr_line' id='line_1_19' title="bbox 99 1013 795 1050; baseline -0.001 -8"><span class='ocrx_word' id='word_1_94' title='bbox 99 1015 168 1042; x_wconf 64' lang='lat'><strong>6125</strong></span> <span class='ocrx_word' id='word_1_95' title='bbox 188 1015 244 1042; x_wconf 73' lang='grc' dir='ltr'>Καὶ</span> <span class='ocrx_word' id='word_1_96' title='bbox 260 1015 329 1049; x_wconf 77' lang='grc' dir='ltr'>πρὸς</span> <span class='ocrx_word' id='word_1_97' title='bbox 345 1014 425 1050; x_wconf 78' lang='grc' dir='ltr'><strong>βάθος</strong></span> <span class='ocrx_word' id='word_1_98' title='bbox 438 1014 553 1049; x_wconf 80' lang='grc' dir='ltr'><strong>δέδρακε</strong></span> <span class='ocrx_word' id='word_1_99' title='bbox 570 1014 695 1049; x_wconf 76' lang='grc' dir='ltr'><strong>καυτῆρα</strong></span> <span class='ocrx_word' id='word_1_100' title='bbox 712 1013 795 1048; x_wconf 81' lang='grc' dir='ltr'>μάλα.</span> 
     </span>
    </p>
   </div>
   <div class='ocr_carea' id='block_1_20' title="bbox 187 1058 867 1096">
    <p class='ocr_par' dir='ltr' id='par_1_20' title="bbox 187 1058 867 1096">
     <span class='ocr_line' id='line_1_20' title="bbox 187 1058 867 1096; baseline -0.003 -9"><span class='ocrx_word' id='word_1_101' title='bbox 187 1060 243 1087; x_wconf 82' lang='grc' dir='ltr'><strong>Καὶ</strong></span> <span class='ocrx_word' id='word_1_102' title='bbox 262 1061 331 1095; x_wconf 82' lang='grc' dir='ltr'>πρὸς</span> <span class='ocrx_word' id='word_1_103' title='bbox 346 1060 434 1095; x_wconf 85' lang='grc' dir='ltr'>βραχὺ</span> <span class='ocrx_word' id='word_1_104' title='bbox 453 1059 504 1095; x_wconf 70' lang='grc' dir='ltr'>μὲν</span> <span class='ocrx_word' id='word_1_105' title='bbox 528 1060 681 1096; x_wconf 81' lang='grc' dir='ltr'>ῥαῖσάντων</span> <span class='ocrx_word' id='word_1_106' title='bbox 696 1059 750 1086; x_wconf 86' lang='grc' dir='ltr'><strong>τῶν</strong></span> <span class='ocrx_word' id='word_1_107' title='bbox 765 1058 867 1092; x_wconf 83' lang='grc' dir='ltr'>πόνων,</span> 
     </span>
    </p>
   </div>
   <div class='ocr_carea' id='block_1_21' title="bbox 184 1105 735 1142">
    <p class='ocr_par' dir='ltr' id='par_1_21' title="bbox 184 1105 735 1142">
     <span class='ocr_line' id='line_1_21' title="bbox 184 1105 735 1142; baseline -0.005 -8"><span class='ocrx_word' id='word_1_108' title='bbox 184 1107 254 1134; x_wconf 78' lang='grc' dir='ltr'><strong>Μεθ’</strong></span> <span class='ocrx_word' id='word_1_109' title='bbox 273 1107 380 1142; x_wconf 77' lang='grc' dir='ltr'>ὖὸρεων</span> <span class='ocrx_word' id='word_1_110' title='bbox 393 1106 514 1138; x_wconf 71' lang='grc' dir='ltr'>ἅπαντες</span> <span class='ocrx_word' id='word_1_111' title='bbox 536 1105 735 1140; x_wconf 68' lang='grc' dir='ltr'>Ἀσκληπιάδαι</span> 
     </span>
    </p>
   </div>
   <div class='ocr_carea' id='block_1_22' title="bbox 182 1152 778 1189">
    <p class='ocr_par' dir='ltr' id='par_1_22' title="bbox 182 1152 778 1189">
     <span class='ocr_line' id='line_1_22' title="bbox 182 1152 778 1189; baseline -0.003 -9"><span class='ocrx_word' id='word_1_112' title='bbox 182 1154 303 1189; x_wconf 74' lang='grc' dir='ltr'>Μακράν</span> <span class='ocrx_word' id='word_1_113' title='bbox 325 1153 516 1188; x_wconf 73' lang='grc' dir='ltr'><strong>ἀπηλαύνοντο</strong></span> <span class='ocrx_word' id='word_1_114' title='bbox 532 1153 668 1188; x_wconf 70' lang='grc' dir='ltr'>κράτορος</span> <span class='ocrx_word' id='word_1_115' title='bbox 682 1152 755 1187; x_wconf 82' lang='grc' dir='ltr'>λόγῳ</span> <span class='ocrx_word' id='word_1_116' title='bbox 771 1160 778 1168; x_wconf 75' lang='grc'><strong><em>⁸</em></strong></span> 
     </span>
    </p>
   </div>
   <div class='ocr_carea' id='block_1_23' title="bbox 187 1199 741 1235">
    <p class='ocr_par' dir='ltr' id='par_1_23' title="bbox 187 1199 741 1235">
     <span class='ocr_line' id='line_1_23' title="bbox 187 1199 741 1235; baseline -0.004 -8"><span class='ocrx_word' id='word_1_117' title='bbox 187 1201 266 1227; x_wconf 74' lang='grc' dir='ltr'>Μετὰ</span> <span class='ocrx_word' id='word_1_118' title='bbox 279 1200 307 1227; x_wconf 78' lang='grc' dir='ltr'>δὲ</span> <span class='ocrx_word' id='word_1_119' title='bbox 319 1201 399 1227; x_wconf 82' lang='grc' dir='ltr'>τοῦτο</span> <span class='ocrx_word' id='word_1_120' title='bbox 416 1200 568 1235; x_wconf 70' lang='grc' dir='ltr'>φλεγμοναὶ</span> <span class='ocrx_word' id='word_1_121' title='bbox 586 1199 741 1234; x_wconf 83' lang='grc' dir='ltr'>καυτηρίας</span> 
     </span>
    </p>
   </div>
   <div class='ocr_carea' id='block_1_24' title="bbox 93 1245 764 1282">
    <p class='ocr_par' dir='ltr' id='par_1_24' title="bbox 93 1245 764 1282">
     <span class='ocr_line' id='line_1_24' title="bbox 93 1245 764 1282; baseline -0.003 -8"><span class='ocrx_word' id='word_1_122' title='bbox 93 1247 166 1274; x_wconf 63' lang='lat'><strong>5550</strong></span> <span class='ocrx_word' id='word_1_123' title='bbox 185 1247 361 1282; x_wconf 82' lang='grc' dir='ltr'>Κατέτρυχον</span> <span class='ocrx_word' id='word_1_124' title='bbox 374 1246 528 1281; x_wconf 82' lang='grc' dir='ltr'>κρατοῦντα</span> <span class='ocrx_word' id='word_1_125' title='bbox 546 1246 594 1272; x_wconf 75' lang='grc' dir='ltr'>καὶ</span> <span class='ocrx_word' id='word_1_126' title='bbox 609 1245 764 1280; x_wconf 80' lang='grc' dir='ltr'>ποδαλγίαι,</span> 
     </span>
    </p>
   </div>
   <div class='ocr_carea' id='block_1_25' title="bbox 188 1293 780 1328">
    <p class='ocr_par' dir='ltr' id='par_1_25' title="bbox 188 1293 780 1328">
     <span class='ocr_line' id='line_1_25' title="bbox 188 1293 780 1328; baseline -0.003 -8"><span class='ocrx_word' id='word_1_127' title='bbox 188 1294 244 1320; x_wconf 72' lang='grc' dir='ltr'><strong>Καὶ</strong></span> <span class='ocrx_word' id='word_1_128' title='bbox 259 1294 314 1324; x_wconf 80' lang='grc' dir='ltr'><strong>πᾶς</strong></span> <span class='ocrx_word' id='word_1_129' title='bbox 331 1293 424 1328; x_wconf 73' lang='grc' dir='ltr'>ἰατρὸς</span> <span class='ocrx_word' id='word_1_130' title='bbox 440 1293 603 1328; x_wconf 81' lang='grc' dir='ltr'>εἰσκέκλητο</span> <span class='ocrx_word' id='word_1_131' title='bbox 621 1293 668 1319; x_wconf 73' lang='grc' dir='ltr'><strong>σὺν</strong></span> <span class='ocrx_word' id='word_1_132' title='bbox 684 1293 760 1327; x_wconf 75' lang='grc' dir='ltr'>τάχει</span> <span class='ocrx_word' id='word_1_133' title='bbox 773 1299 780 1307; x_wconf 90' lang='grc'><strong>·</strong></span> 
     </span>
    </p>
   </div>
   <div class='ocr_carea' id='block_1_26' title="bbox 187 1338 799 1375">
    <p class='ocr_par' dir='ltr' id='par_1_26' title="bbox 187 1338 799 1375">
     <span class='ocr_line' id='line_1_26' title="bbox 187 1338 799 1375; baseline -0.003 -9"><span class='ocrx_word' id='word_1_134' title='bbox 187 1341 242 1366; x_wconf 76' lang='grc' dir='ltr'><strong>Καὶ</strong></span> <span class='ocrx_word' id='word_1_135' title='bbox 257 1340 360 1371; x_wconf 68' lang='grc' dir='ltr'>πάντας</span> <span class='ocrx_word' id='word_1_136' title='bbox 377 1339 547 1375; x_wconf 80' lang='grc' dir='ltr'><strong>ὑπέθραττεν</strong></span> <span class='ocrx_word' id='word_1_137' title='bbox 564 1339 594 1366; x_wconf 77' lang='grc' dir='ltr'>οὐ</span> <span class='ocrx_word' id='word_1_138' title='bbox 612 1338 714 1374; x_wconf 64' lang='grc' dir='ltr'>φαῦλον</span> <span class='ocrx_word' id='word_1_139' title='bbox 729 1338 799 1370; x_wconf 81' lang='grc' dir='ltr'>δέος,</span> 
     </span>
    </p>
   </div>
   <div class='ocr_carea' id='block_1_27' title="bbox 186 1384 871 1421">
    <p class='ocr_par' dir='ltr' id='par_1_27' title="bbox 186 1384 871 1421">
     <span class='ocr_line' id='line_1_27' title="bbox 186 1384 871 1421; baseline -0.003 -9"><span class='ocrx_word' id='word_1_140' title='bbox 186 1386 294 1421; x_wconf 76' lang='grc' dir='ltr'>Μήπως</span> <span class='ocrx_word' id='word_1_141' title='bbox 317 1385 461 1421; x_wconf 79' lang='grc' dir='ltr'>ἀνειρχοὲν</span> <span class='ocrx_word' id='word_1_142' title='bbox 488 1385 604 1412; x_wconf 72' lang='grc' dir='ltr'>καθόδου</span> <span class='ocrx_word' id='word_1_143' title='bbox 626 1385 677 1419; x_wconf 85' lang='grc' dir='ltr'>τῆς</span> <span class='ocrx_word' id='word_1_144' title='bbox 692 1384 761 1419; x_wconf 78' lang='grc' dir='ltr'>πρὸς</span> <span class='ocrx_word' id='word_1_145' title='bbox 787 1384 871 1415; x_wconf 78' lang='grc' dir='ltr'>πόδας</span> 
     </span>
    </p>
   </div>
   <div class='ocr_carea' id='block_1_28' title="bbox 187 1428 701 1468">
    <p class='ocr_par' dir='ltr' id='par_1_28' title="bbox 187 1428 701 1468">
     <span class='ocr_line' id='line_1_28' title="bbox 187 1428 701 1468; baseline -0.002 -11"><span class='ocrx_word' id='word_1_146' title='bbox 187 1431 291 1463; x_wconf 71' lang='grc' dir='ltr'><strong>Εὶωθὶς</strong></span> <span class='ocrx_word' id='word_1_147' title='bbox 302 1428 372 1465; x_wconf 74' lang='grc' dir='ltr'>αἷμα</span> <span class='ocrx_word' id='word_1_148' title='bbox 388 1433 437 1458; x_wconf 78' lang='grc' dir='ltr'>σὺν</span> <span class='ocrx_word' id='word_1_149' title='bbox 455 1431 507 1468; x_wconf 82' lang='grc' dir='ltr'><strong>’ὑλῃ</strong></span> <span class='ocrx_word' id='word_1_150' title='bbox 525 1431 701 1466; x_wconf 74' lang='grc' dir='ltr'>καταρῤέειν,</span> 
     </span>
    </p>
   </div>
   <div class='ocr_carea' id='block_1_29' title="bbox 94 1477 736 1513">
    <p class='ocr_par' dir='ltr' id='par_1_29' title="bbox 94 1477 736 1513">
     <span class='ocr_line' id='line_1_29' title="bbox 94 1477 736 1513; baseline -0.005 -7"><span class='ocrx_word' id='word_1_151' title='bbox 94 1478 167 1506; x_wconf 56' lang='grc'><strong>6455</strong></span> <span class='ocrx_word' id='word_1_152' title='bbox 193 1478 350 1512; x_wconf 75' lang='grc' dir='ltr'>Ἐνσκῆψαν</span> <span class='ocrx_word' id='word_1_153' title='bbox 361 1479 401 1510; x_wconf 70' lang='grc' dir='ltr'>εἷς</span> <span class='ocrx_word' id='word_1_154' title='bbox 416 1479 512 1513; x_wconf 82' lang='grc' dir='ltr'>καίρια</span> <span class='ocrx_word' id='word_1_155' title='bbox 528 1478 651 1512; x_wconf 78' lang='grc' dir='ltr'>σώματος</span> <span class='ocrx_word' id='word_1_156' title='bbox 670 1477 736 1512; x_wconf 84' lang='grc' dir='ltr'><strong>μέλη</strong></span> 
     </span>
    </p>
   </div>
   <div class='ocr_carea' id='block_1_30' title="bbox 186 1523 745 1560">
    <p class='ocr_par' dir='ltr' id='par_1_30' title="bbox 186 1523 745 1560">
     <span class='ocr_line' id='line_1_30' title="bbox 186 1523 745 1560; baseline -0.002 -10"><span class='ocrx_word' id='word_1_157' title='bbox 186 1526 263 1551; x_wconf 66' lang='lat' dir='ltr'><strong>visst</strong></span> <span class='ocrx_word' id='word_1_158' title='bbox 273 1525 421 1560; x_wconf 78' lang='grc' dir='ltr'>κρατάρχῃ</span> <span class='ocrx_word' id='word_1_159' title='bbox 436 1524 553 1551; x_wconf 75' lang='grc' dir='ltr'>Θάνατον</span> <span class='ocrx_word' id='word_1_160' title='bbox 575 1523 745 1559; x_wconf 83' lang='grc' dir='ltr'>παραυτίκα,</span> 
     </span>
    </p>
   </div>
   <div class='ocr_carea' id='block_1_31' title="bbox 186 1569 745 1604">
    <p class='ocr_par' dir='ltr' id='par_1_31' title="bbox 186 1569 745 1604">
     <span class='ocr_line' id='line_1_31' title="bbox 186 1569 745 1604; baseline -0.002 -8"><span class='ocrx_word' id='word_1_161' title='bbox 186 1570 392 1596; x_wconf 75' lang='grc' dir='ltr'>Μεταπεσείται</span> <span class='ocrx_word' id='word_1_162' title='bbox 407 1570 429 1596; x_wconf 86' lang='grc' dir='ltr'>δ’</span> <span class='ocrx_word' id='word_1_163' title='bbox 443 1569 563 1604; x_wconf 79' lang='grc' dir='ltr'><strong>ἀλλαχοῦ</strong></span> <span class='ocrx_word' id='word_1_164' title='bbox 577 1570 745 1604; x_wconf 79' lang='grc' dir='ltr'>κραταρχία.</span> 
     </span>
    </p>
   </div>
   <div class='ocr_carea' id='block_1_32' title="bbox 187 1615 716 1650">
    <p class='ocr_par' dir='ltr' id='par_1_32' title="bbox 187 1615 716 1650">
     <span class='ocr_line' id='line_1_32' title="bbox 187 1615 716 1650; baseline -0.002 -9"><span class='ocrx_word' id='word_1_165' title='bbox 187 1615 298 1642; x_wconf 66' lang='grc' dir='ltr'>Τούτων</span> <span class='ocrx_word' id='word_1_166' title='bbox 309 1615 387 1650; x_wconf 83' lang='grc' dir='ltr'>λόγος</span> <span class='ocrx_word' id='word_1_167' title='bbox 403 1615 521 1650; x_wconf 77' lang='grc' dir='ltr'>μάλιστα</span> <span class='ocrx_word' id='word_1_168' title='bbox 535 1617 569 1650; x_wconf 85' lang='grc' dir='ltr'>τῇ</span> <span class='ocrx_word' id='word_1_169' title='bbox 587 1615 716 1650; x_wconf 78' lang='grc' dir='ltr'><strong>βασιλίδι,</strong></span> 
     </span>
    </p>
   </div>
   <div class='ocr_carea' id='block_1_33' title="bbox 190 1661 817 1696">
    <p class='ocr_par' dir='ltr' id='par_1_33' title="bbox 190 1661 817 1696">
     <span class='ocr_line' id='line_1_33' title="bbox 190 1661 817 1696; baseline -0.002 -9"><span class='ocrx_word' id='word_1_170' title='bbox 190 1661 352 1696; x_wconf 68' lang='grc' dir='ltr'>κληροῦχον</span> <span class='ocrx_word' id='word_1_171' title='bbox 366 1662 424 1688; x_wconf 72' lang='grc' dir='ltr'>υἱὸν</span> <span class='ocrx_word' id='word_1_172' title='bbox 438 1662 488 1688; x_wconf 84' lang='grc' dir='ltr'>οὐκ</span> <span class='ocrx_word' id='word_1_173' title='bbox 504 1661 605 1696; x_wconf 79' lang='grc' dir='ltr'>ἐχούσῃ</span> <span class='ocrx_word' id='word_1_174' title='bbox 622 1661 670 1687; x_wconf 84' lang='grc' dir='ltr'>τοῦ</span> <span class='ocrx_word' id='word_1_175' title='bbox 688 1661 817 1696; x_wconf 72' lang='grc' dir='ltr'>κράτους,</span> 
     </span>
    </p>
   </div>
   <div class='ocr_carea' id='block_1_34' title="bbox 98 1707 730 1743">
    <p class='ocr_par' dir='ltr' id='par_1_34' title="bbox 98 1707 730 1743">
     <span class='ocr_line' id='line_1_34' title="bbox 98 1707 730 1743; baseline -0.002 -9"><span class='ocrx_word' id='word_1_176' title='bbox 98 1707 170 1734; x_wconf 62' lang='lat'><strong>6-540</strong></span> <span class='ocrx_word' id='word_1_177' title='bbox 188 1708 282 1743; x_wconf 73' lang='grc' dir='ltr'>Μόνην</span> <span class='ocrx_word' id='word_1_178' title='bbox 296 1707 432 1743; x_wconf 78' lang='grc' dir='ltr'>ξυνωρίδα</span> <span class='ocrx_word' id='word_1_179' title='bbox 449 1707 478 1734; x_wconf 80' lang='grc' dir='ltr'>δὲ</span> <span class='ocrx_word' id='word_1_180' title='bbox 491 1708 545 1734; x_wconf 85' lang='grc' dir='ltr'>τῶν</span> <span class='ocrx_word' id='word_1_181' title='bbox 559 1707 730 1742; x_wconf 81' lang='grc' dir='ltr'>θυγατέρων,</span> 
     </span>
    </p>
   </div>
   <div class='ocr_carea' id='block_1_35' title="bbox 189 1753 872 1791">
    <p class='ocr_par' dir='ltr' id='par_1_35' title="bbox 189 1753 872 1791">
     <span class='ocr_line' id='line_1_35' title="bbox 189 1753 872 1791; baseline -0.006 -9"><span class='ocrx_word' id='word_1_182' title='bbox 189 1757 275 1791; x_wconf 77' lang='grc' dir='ltr'>Χῆτιν</span> <span class='ocrx_word' id='word_1_183' title='bbox 290 1755 346 1790; x_wconf 77' lang='grc'><strong>(72)</strong></span> <span class='ocrx_word' id='word_1_184' title='bbox 362 1754 505 1781; x_wconf 72' lang='lat' dir='ltr'><strong>moon</strong></span> <span class='ocrx_word' id='word_1_185' title='bbox 522 1753 576 1780; x_wconf 83' lang='grc' dir='ltr'><strong>τῶν</strong></span> <span class='ocrx_word' id='word_1_186' title='bbox 590 1753 726 1780; x_wconf 81' lang='grc' dir='ltr'>συνευνῶν</span> <span class='ocrx_word' id='word_1_187' title='bbox 743 1753 794 1788; x_wconf 74' lang='grc' dir='ltr'><strong>πρὺ</strong></span> <span class='ocrx_word' id='word_1_188' title='bbox 809 1753 872 1788; x_wconf 84' lang='grc' dir='ltr'>χρό-</span> 
     </span>
    </p>
   </div>
   <div class='ocr_carea' id='block_1_36' title="bbox 752 1799 834 1835">
    <p class='ocr_par' dir='ltr' id='par_1_36' title="bbox 752 1799 834 1835">
     <span class='ocr_line' id='line_1_36' title="bbox 752 1799 834 1835; baseline 0 -10"><span class='ocrx_word' id='word_1_189' title='bbox 752 1799 817 1835; x_wconf 64' lang='lat' dir='ltr'><strong>[vum</strong></span> <span class='ocrx_word' id='word_1_190' title='bbox 828 1807 834 1813; x_wconf 89' lang='lat'><strong><em>‘</em></strong></span> 
     </span>
    </p>
   </div>
   <div class='ocr_carea' id='block_1_37' title="bbox 192 1846 764 1884">
    <p class='ocr_par' dir='ltr' id='par_1_37' title="bbox 192 1846 764 1884">
     <span class='ocr_line' id='line_1_37' title="bbox 192 1846 764 1884; baseline -0.005 -9"><span class='ocrx_word' id='word_1_191' title='bbox 192 1847 243 1875; x_wconf 81' lang='grc' dir='ltr'>Ὧν</span> <span class='ocrx_word' id='word_1_192' title='bbox 260 1848 366 1884; x_wconf 72' lang='grc' dir='ltr'>Εἰρήνη</span> <span class='ocrx_word' id='word_1_193' title='bbox 384 1848 433 1883; x_wconf 81' lang='grc' dir='ltr'>μὲν</span> <span class='ocrx_word' id='word_1_194' title='bbox 446 1848 463 1883; x_wconf 83' lang='grc' dir='ltr'><strong>ἠ</strong></span> <span class='ocrx_word' id='word_1_195' title='bbox 479 1847 568 1882; x_wconf 73' lang='grc' dir='ltr'>χρόνῳ</span> <span class='ocrx_word' id='word_1_196' title='bbox 586 1846 764 1882; x_wconf 72' lang='grc' dir='ltr'>πρεσϐυτέρα</span> 
     </span>
    </p>
   </div>
   <div class='ocr_carea' id='block_1_38' title="bbox 190 1892 773 1929">
    <p class='ocr_par' dir='ltr' id='par_1_38' title="bbox 190 1892 773 1929">
     <span class='ocr_line' id='line_1_38' title="bbox 190 1892 773 1929; baseline -0.007 -7"><span class='ocrx_word' id='word_1_197' title='bbox 190 1895 316 1929; x_wconf 82' lang='grc' dir='ltr'>Συνῆπτο</span> <span class='ocrx_word' id='word_1_198' title='bbox 331 1894 424 1926; x_wconf 77' lang='grc' dir='ltr'>καλῶς</span> <span class='ocrx_word' id='word_1_199' title='bbox 438 1894 508 1929; x_wconf 81' lang='grc' dir='ltr'>πρὺς</span> <span class='ocrx_word' id='word_1_200' title='bbox 522 1894 613 1928; x_wconf 74' lang='grc' dir='ltr'>γάμου</span> <span class='ocrx_word' id='word_1_201' title='bbox 630 1892 773 1920; x_wconf 83' lang='grc' dir='ltr'>κοινωνίαν</span> 
     </span>
    </p>
   </div>
   <div class='ocr_carea' id='block_1_39' title="bbox 191 1939 769 1975">
    <p class='ocr_par' dir='ltr' id='par_1_39' title="bbox 191 1939 769 1975">
     <span class='ocr_line' id='line_1_39' title="bbox 191 1939 769 1975; baseline -0.005 -8"><span class='ocrx_word' id='word_1_202' title='bbox 191 1941 422 1975; x_wconf 76' lang='grc' dir='ltr'>Κοντοστεφάνων</span> <span class='ocrx_word' id='word_1_203' title='bbox 438 1941 471 1966; x_wconf 80' lang='grc' dir='ltr'>ὲκ</span> <span class='ocrx_word' id='word_1_204' title='bbox 485 1940 581 1974; x_wconf 77' lang='grc' dir='ltr'>γένους</span> <span class='ocrx_word' id='word_1_205' title='bbox 595 1939 769 1973; x_wconf 74' lang='grc' dir='ltr'>’Δνδρονίκῳ,</span> 
     </span>
    </p>
   </div>
   <div class='ocr_carea' id='block_1_40' title="bbox 98 1986 696 2023">
    <p class='ocr_par' dir='ltr' id='par_1_40' title="bbox 98 1986 696 2023">
     <span class='ocr_line' id='line_1_40' title="bbox 98 1986 696 2023; baseline -0.008 -7"><span class='ocrx_word' id='word_1_206' title='bbox 98 1988 173 2016; x_wconf 72' lang='lat' dir='ltr'><strong>6M5</strong></span> <span class='ocrx_word' id='word_1_207' title='bbox 191 1988 276 2023; x_wconf 75' lang='grc' dir='ltr'>Μόρῳ</span> <span class='ocrx_word' id='word_1_208' title='bbox 290 1986 404 2022; x_wconf 83' lang='grc' dir='ltr'>μαλακῷ</span> <span class='ocrx_word' id='word_1_209' title='bbox 419 1986 603 2014; x_wconf 79' lang='grc' dir='ltr'>καταλύσαντι</span> <span class='ocrx_word' id='word_1_210' title='bbox 618 1986 676 2020; x_wconf 82' lang='grc' dir='ltr'>βίον</span> <span class='ocrx_word' id='word_1_211' title='bbox 688 1994 696 2001; x_wconf 74' lang='grc' dir='ltr'>ο</span> 
     </span>
    </p>
   </div>
   <div class='ocr_carea' id='block_1_41' title="bbox 196 2031 771 2068">
    <p class='ocr_par' dir='ltr' id='par_1_41' title="bbox 196 2031 771 2068">
     <span class='ocr_line' id='line_1_41' title="bbox 196 2031 771 2068; baseline -0.005 -7"><span class='ocrx_word' id='word_1_212' title='bbox 196 2035 228 2061; x_wconf 85' lang='grc' dir='ltr'><strong><em>Ἦ</em></strong></span> <span class='ocrx_word' id='word_1_213' title='bbox 241 2034 356 2068; x_wconf 67' lang='grc' dir='ltr'>δευτέρα</span> <span class='ocrx_word' id='word_1_214' title='bbox 370 2033 393 2059; x_wconf 77' lang='grc' dir='ltr'>δ’</span> <span class='ocrx_word' id='word_1_215' title='bbox 413 2033 498 2063; x_wconf 82' lang='grc' dir='ltr'>Ἀννα</span> <span class='ocrx_word' id='word_1_216' title='bbox 512 2040 544 2066; x_wconf 80' lang='grc' dir='ltr'>γε</span> <span class='ocrx_word' id='word_1_217' title='bbox 559 2031 675 2066; x_wconf 81' lang='grc' dir='ltr'>συνῴκει</span> <span class='ocrx_word' id='word_1_218' title='bbox 691 2032 771 2058; x_wconf 70' lang='grc' dir='ltr'>πάλιν</span> 
     </span>
    </p>
   </div>
   <div class='ocr_carea' id='block_1_42' title="bbox 196 2077 583 2113">
    <p class='ocr_par' dir='ltr' id='par_1_42' title="bbox 196 2077 583 2113">
     <span class='ocr_line' id='line_1_42' title="bbox 196 2077 583 2113; baseline -0.008 -7"><span class='ocrx_word' id='word_1_219' title='bbox 196 2079 325 2113; x_wconf 79' lang='grc' dir='ltr'>Ἰσαακίῳ</span> <span class='ocrx_word' id='word_1_220' title='bbox 341 2077 518 2113; x_wconf 85' lang='grc' dir='ltr'>Κομνηνιάδῃ</span> <span class='ocrx_word' id='word_1_221' title='bbox 531 2077 583 2111; x_wconf 78' lang='grc' dir='ltr'>νέῳ</span> 
     </span>
    </p>
   </div>
   <div class='ocr_carea' id='block_1_43' title="bbox 191 2122 732 2158">
    <p class='ocr_par' dir='ltr' id='par_1_43' title="bbox 191 2122 732 2158">
     <span class='ocr_line' id='line_1_43' title="bbox 191 2122 732 2158; baseline -0.007 -8"><span class='ocrx_word' id='word_1_222' title='bbox 191 2124 294 2150; x_wconf 76' lang='grc' dir='ltr'>Μυσῶν</span> <span class='ocrx_word' id='word_1_223' title='bbox 308 2123 448 2158; x_wconf 64' lang='grc' dir='ltr'>καθείρξει</span> <span class='ocrx_word' id='word_1_224' title='bbox 459 2123 505 2152; x_wconf 76' lang='grc' dir='ltr'><strong>τόν</strong></span> <span class='ocrx_word' id='word_1_225' title='bbox 517 2122 573 2157; x_wconf 84' lang='grc' dir='ltr'>βίον</span> <span class='ocrx_word' id='word_1_226' title='bbox 585 2122 732 2154; x_wconf 73' lang='grc' dir='ltr'>λελοιπότε,</span> 
     </span>
    </p>
   </div>
   <div class='ocr_carea' id='block_1_44' title="bbox 196 2167 724 2205">
    <p class='ocr_par' dir='ltr' id='par_1_44' title="bbox 196 2167 724 2205">
     <span class='ocr_line' id='line_1_44' title="bbox 196 2167 724 2205; baseline -0.004 -9"><span class='ocrx_word' id='word_1_227' title='bbox 196 2169 240 2201; x_wconf 82' lang='grc' dir='ltr'>Ὠς</span> <span class='ocrx_word' id='word_1_228' title='bbox 257 2169 373 2205; x_wconf 77' lang='grc' dir='ltr'>ἱστορῶν</span> <span class='ocrx_word' id='word_1_229' title='bbox 389 2168 510 2204; x_wconf 77' lang='grc' dir='ltr'>ἔφρασεν</span> <span class='ocrx_word' id='word_1_230' title='bbox 526 2168 623 2195; x_wconf 81' lang='grc' dir='ltr'>ἀνόπιυ</span> <span class='ocrx_word' id='word_1_231' title='bbox 636 2167 724 2202; x_wconf 87' lang='grc' dir='ltr'>λόγος.</span> 
     </span>
    </p>
   </div>
   <div class='ocr_carea' id='block_1_45' title="bbox 103 2213 750 2250">
    <p class='ocr_par' dir='ltr' id='par_1_45' title="bbox 103 2213 750 2250">
     <span class='ocr_line' id='line_1_45' title="bbox 103 2213 750 2250; baseline -0.006 -7"><span class='ocrx_word' id='word_1_232' title='bbox 103 2216 174 2243; x_wconf 66' lang='grc'><strong>6350</strong></span> <span class='ocrx_word' id='word_1_233' title='bbox 194 2216 290 2243; x_wconf 79' lang='grc' dir='ltr'>Ταῦτα</span> <span class='ocrx_word' id='word_1_234' title='bbox 307 2216 356 2250; x_wconf 77' lang='grc' dir='ltr'>μὲν</span> <span class='ocrx_word' id='word_1_235' title='bbox 369 2215 442 2242; x_wconf 71' lang='grc' dir='ltr'>οὕτω</span> <span class='ocrx_word' id='word_1_236' title='bbox 459 2214 499 2249; x_wconf 85' lang='grc' dir='ltr'>τῷ</span> <span class='ocrx_word' id='word_1_237' title='bbox 513 2214 620 2249; x_wconf 85' lang='grc' dir='ltr'>βασιλεῖ</span> <span class='ocrx_word' id='word_1_238' title='bbox 636 2213 750 2248; x_wconf 78' lang='grc' dir='ltr'>συνὲὅη.</span> 
     </span>
    </p>
   </div>
   <div class='ocr_carea' id='block_1_46' title="bbox 194 2260 732 2297">
    <p class='ocr_par' dir='ltr' id='par_1_46' title="bbox 194 2260 732 2297">
     <span class='ocr_line' id='line_1_46' title="bbox 194 2260 732 2297; baseline -0.006 -8"><span class='ocrx_word' id='word_1_239' title='bbox 194 2263 291 2296; x_wconf 87' lang='grc' dir='ltr'>Ὅμως</span> <span class='ocrx_word' id='word_1_240' title='bbox 307 2262 419 2297; x_wconf 80' lang='grc' dir='ltr'>ραῐσας,</span> <span class='ocrx_word' id='word_1_241' title='bbox 434 2261 544 2296; x_wconf 81' lang='grc' dir='ltr'>ἀπάρας</span> <span class='ocrx_word' id='word_1_242' title='bbox 557 2260 732 2293; x_wconf 79' lang='grc' dir='ltr'>Βυζαντίδος,</span> 
     </span>
    </p>
   </div>
   <div class='ocr_carea' id='block_1_47' title="bbox 198 2306 714 2343">
    <p class='ocr_par' dir='ltr' id='par_1_47' title="bbox 198 2306 714 2343">
     <span class='ocr_line' id='line_1_47' title="bbox 198 2306 714 2343; baseline -0.006 -8"><span class='ocrx_word' id='word_1_243' title='bbox 198 2309 362 2343; x_wconf 65' lang='grc' dir='ltr'>’ἕφίσταταὶ</span> <span class='ocrx_word' id='word_1_244' title='bbox 377 2316 408 2342; x_wconf 85' lang='grc' dir='ltr'><strong>γε</strong></span> <span class='ocrx_word' id='word_1_245' title='bbox 420 2306 608 2342; x_wconf 78' lang='grc' dir='ltr'>Θεσσαλονίκῃ</span> <span class='ocrx_word' id='word_1_246' title='bbox 625 2306 714 2339; x_wconf 85' lang='grc' dir='ltr'>πόλει,</span> 
     </span>
    </p>
   </div>
   <div class='ocr_carea' id='block_1_48' title="bbox 193 2351 840 2388">
    <p class='ocr_par' dir='ltr' id='par_1_48' title="bbox 193 2351 840 2388">
     <span class='ocr_line' id='line_1_48' title="bbox 193 2351 840 2388; baseline -0.003 -8"><span class='ocrx_word' id='word_1_247' title='bbox 193 2355 331 2380; x_wconf 80' lang='grc' dir='ltr'>Κάκεῖθεν</span> <span class='ocrx_word' id='word_1_248' title='bbox 349 2354 424 2388; x_wconf 72' lang='grc' dir='ltr'>ὁρμᾷ</span> <span class='ocrx_word' id='word_1_249' title='bbox 438 2353 509 2379; x_wconf 76' lang='grc' dir='ltr'>κατὰ</span> <span class='ocrx_word' id='word_1_250' title='bbox 523 2352 632 2388; x_wconf 87' lang='grc' dir='ltr'><strong>Χρύσου</strong></span> <span class='ocrx_word' id='word_1_251' title='bbox 659 2351 706 2378; x_wconf 79' lang='grc' dir='ltr'>τοῦ</span> <span class='ocrx_word' id='word_1_252' title='bbox 723 2352 840 2387; x_wconf 82' lang='grc' dir='ltr'>Βλάχου,</span> 
     </span>
    </p>
   </div>
   <div class='ocr_carea' id='block_1_49' title="bbox 195 2398 876 2435">
    <p class='ocr_par' dir='ltr' id='par_1_49' title="bbox 195 2398 876 2435">
     <span class='ocr_line' id='line_1_49' title="bbox 195 2398 876 2435; baseline 0 -9"><span class='ocrx_word' id='word_1_253' title='bbox 195 2402 244 2432; x_wconf 84' lang='grc' dir='ltr'>Ὃς</span> <span class='ocrx_word' id='word_1_254' title='bbox 256 2398 426 2435; x_wconf 81' lang='grc' dir='ltr'>παραλαὸὼν</span> <span class='ocrx_word' id='word_1_255' title='bbox 439 2398 649 2433; x_wconf 80' lang='grc' dir='ltr'>Στρούμμιτζαν</span> <span class='ocrx_word' id='word_1_256' title='bbox 659 2399 708 2426; x_wconf 79' lang='grc' dir='ltr'>σὺν</span> <span class='ocrx_word' id='word_1_257' title='bbox 718 2401 773 2430; x_wconf 66' lang='grc' dir='ltr'>τοῖς</span> <span class='ocrx_word' id='word_1_258' title='bbox 783 2400 816 2425; x_wconf 74' lang='grc' dir='ltr'>πέ</span> <span class='ocrx_word' id='word_1_259' title='bbox 822 2400 876 2435; x_wconf 77' lang='grc' dir='ltr'>ριξ,</span> 
     </span>
    </p>
   </div>
   <div class='ocr_carea' id='block_1_50' title="bbox 96 2445 774 2480">
    <p class='ocr_par' dir='ltr' id='par_1_50' title="bbox 96 2445 774 2480">
     <span class='ocr_line' id='line_1_50' title="bbox 96 2445 774 2480; baseline -0.003 -6"><span class='ocrx_word' id='word_1_260' title='bbox 96 2447 174 2474; x_wconf 69' lang='grc'><strong>6455</strong></span> <span class='ocrx_word' id='word_1_261' title='bbox 194 2446 250 2473; x_wconf 78' lang='grc' dir='ltr'>Καί</span> <span class='ocrx_word' id='word_1_262' title='bbox 265 2455 292 2472; x_wconf 84' lang='grc' dir='ltr'><strong>τι</strong></span> <span class='ocrx_word' id='word_1_263' title='bbox 304 2445 451 2479; x_wconf 52' lang='lat' dir='ltr'><strong>mna/31w</strong></span> <span class='ocrx_word' id='word_1_264' title='bbox 467 2445 508 2477; x_wconf 79' lang='grc' dir='ltr'><strong>είς</strong></span> <span class='ocrx_word' id='word_1_265' title='bbox 520 2445 679 2480; x_wconf 81' lang='grc' dir='ltr'>τυραννείου</span> <span class='ocrx_word' id='word_1_266' title='bbox 694 2445 774 2480; x_wconf 77' lang='grc' dir='ltr'>λόγον</span> 
     </span>
    </p>
   </div>
   <div class='ocr_carea' id='block_1_51' title="bbox 197 2491 734 2528">
    <p class='ocr_par' dir='ltr' id='par_1_51' title="bbox 197 2491 734 2528">
     <span class='ocr_line' id='line_1_51' title="bbox 197 2491 734 2528; baseline -0.004 -8"><span class='ocrx_word' id='word_1_267' title='bbox 197 2494 368 2528; x_wconf 71' lang='grc' dir='ltr'>Ὑπερφυὲς,</span> <span class='ocrx_word' id='word_1_268' title='bbox 382 2492 521 2527; x_wconf 83' lang='grc' dir='ltr'>τειχῆρες,</span> <span class='ocrx_word' id='word_1_269' title='bbox 537 2491 660 2518; x_wconf 78' lang='grc' dir='ltr'>αἰπεινὸν</span> <span class='ocrx_word' id='word_1_270' title='bbox 674 2492 734 2519; x_wconf 85' lang='grc' dir='ltr'>λίαν</span> 
     </span>
    </p>
   </div>
   <div class='ocr_carea' id='block_1_52' title="bbox 194 2537 787 2576">
    <p class='ocr_par' dir='ltr' id='par_1_52' title="bbox 194 2537 787 2576">
     <span class='ocr_line' id='line_1_52' title="bbox 194 2537 787 2576; baseline -0.003 -10"><span class='ocrx_word' id='word_1_271' title='bbox 194 2541 317 2576; x_wconf 83' lang='grc' dir='ltr'>Ἔρυμα,</span> <span class='ocrx_word' id='word_1_272' title='bbox 336 2538 434 2570; x_wconf 70' lang='grc' dir='ltr'>δεινὸν,</span> <span class='ocrx_word' id='word_1_273' title='bbox 453 2537 594 2572; x_wconf 85' lang='grc' dir='ltr'>Πρόσακον</span> <span class='ocrx_word' id='word_1_274' title='bbox 607 2539 787 2574; x_wconf 83' lang='grc' dir='ltr'>κεκλημένον,</span> 
     </span>
    </p>
   </div>
   <div class='ocr_carea' id='block_1_53' title="bbox 199 2583 786 2621">
    <p class='ocr_par' dir='ltr' id='par_1_53' title="bbox 199 2583 786 2621">
     <span class='ocr_line' id='line_1_53' title="bbox 199 2583 786 2621; baseline -0.003 -9"><span class='ocrx_word' id='word_1_275' title='bbox 199 2588 234 2612; x_wconf 80' lang='lat'><strong>’0</strong></span> <span class='ocrx_word' id='word_1_276' title='bbox 254 2584 463 2621; x_wconf 78' lang='grc' dir='ltr'>συνδραμοῦσαι</span> <span class='ocrx_word' id='word_1_277' title='bbox 476 2583 556 2618; x_wconf 84' lang='grc' dir='ltr'>φύσις</span> <span class='ocrx_word' id='word_1_278' title='bbox 569 2584 626 2619; x_wconf 69' lang='grc' dir='ltr'>ἅμα</span> <span class='ocrx_word' id='word_1_279' title='bbox 641 2584 688 2611; x_wconf 79' lang='grc' dir='ltr'>καὶ</span> <span class='ocrx_word' id='word_1_280' title='bbox 705 2584 786 2620; x_wconf 81' lang='grc' dir='ltr'>τέχνη</span> 
     </span>
    </p>
   </div>
   <div class='ocr_carea' id='block_1_54' title="bbox 201 2630 820 2667">
    <p class='ocr_par' dir='ltr' id='par_1_54' title="bbox 201 2630 820 2667">
     <span class='ocr_line' id='line_1_54' title="bbox 201 2630 820 2667; baseline -0.003 -8"><span class='ocrx_word' id='word_1_281' title='bbox 201 2631 398 2667; x_wconf 81' lang='grc' dir='ltr'>Ἀπρόσμαχόν</span> <span class='ocrx_word' id='word_1_282' title='bbox 409 2631 432 2656; x_wconf 85' lang='grc' dir='ltr'>τ’</span> <span class='ocrx_word' id='word_1_283' title='bbox 449 2630 554 2664; x_wconf 78' lang='grc' dir='ltr'>ἄμαχον</span> <span class='ocrx_word' id='word_1_284' title='bbox 569 2630 734 2664; x_wconf 77' lang='grc' dir='ltr'>εἰργάσαντό</span> <span class='ocrx_word' id='word_1_285' title='bbox 750 2639 820 2664; x_wconf 82' lang='grc' dir='ltr'>πως,</span> 
     </span>
    </p>
   </div>
   <div class='ocr_carea' id='block_1_55' title="bbox 96 2677 743 2713">
    <p class='ocr_par' dir='ltr' id='par_1_55' title="bbox 96 2677 743 2713">
     <span class='ocr_line' id='line_1_55' title="bbox 96 2677 743 2713; baseline -0.009 -5"><span class='ocrx_word' id='word_1_286' title='bbox 96 2680 173 2708; x_wconf 66' lang='grc'><strong>6400</strong></span> <span class='ocrx_word' id='word_1_287' title='bbox 194 2679 247 2706; x_wconf 82' lang='grc' dir='ltr'><strong>Ἱιν</strong></span> <span class='ocrx_word' id='word_1_288' title='bbox 271 2679 439 2713; x_wconf 80' lang='grc' dir='ltr'>Ῥωμαϊκοῖς</span> <span class='ocrx_word' id='word_1_289' title='bbox 452 2677 652 2711; x_wconf 74' lang='grc' dir='ltr'>γειτνιᾶζουσιν</span> <span class='ocrx_word' id='word_1_290' title='bbox 669 2677 743 2712; x_wconf 81' lang='grc' dir='ltr'>ὅροις</span> 
     </span>
    </p>
   </div>
   <div class='ocr_carea' id='block_1_56' title="bbox 192 2722 697 2761">
    <p class='ocr_par' dir='ltr' id='par_1_56' title="bbox 192 2722 697 2761">
     <span class='ocr_line' id='line_1_56' title="bbox 192 2722 697 2761; baseline -0.008 -7"><span class='ocrx_word' id='word_1_291' title='bbox 192 2728 271 2761; x_wconf 75' lang='grc' dir='ltr'>Μέγα</span> <span class='ocrx_word' id='word_1_292' title='bbox 286 2735 313 2752; x_wconf 72' lang='grc' dir='ltr'><strong>τι</strong></span> <span class='ocrx_word' id='word_1_293' title='bbox 326 2725 413 2752; x_wconf 64' lang='grc' dir='ltr'>κακὸν</span> <span class='ocrx_word' id='word_1_294' title='bbox 428 2723 598 2757; x_wconf 64' lang='grc' dir='ltr'>ἀφανίζουσα</span> <span class='ocrx_word' id='word_1_295' title='bbox 612 2722 697 2758; x_wconf 85' lang='grc' dir='ltr'>λύμη.</span> 
     </span>
    </p>
   </div>
   <div class='ocr_carea' id='block_1_57' title="bbox 193 2769 764 2806">
    <p class='ocr_par' dir='ltr' id='par_1_57' title="bbox 193 2769 764 2806">
     <span class='ocr_line' id='line_1_57' title="bbox 193 2769 764 2806; baseline -0.007 -6"><span class='ocrx_word' id='word_1_296' title='bbox 193 2775 290 2800; x_wconf 75' lang='grc' dir='ltr'>τοίνυν</span> <span class='ocrx_word' id='word_1_297' title='bbox 308 2771 423 2801; x_wconf 78' lang='grc' dir='ltr'>ἐπιστὰς</span> <span class='ocrx_word' id='word_1_298' title='bbox 437 2769 563 2805; x_wconf 65' lang='grc' dir='ltr'>βασιλεὺς</span> <span class='ocrx_word' id='word_1_299' title='bbox 576 2769 614 2803; x_wconf 78' lang='grc' dir='ltr'>τῷ</span> <span class='ocrx_word' id='word_1_300' title='bbox 628 2769 764 2806; x_wconf 81' lang='grc' dir='ltr'>Προσάκῳ</span> 
     </span>
    </p>
   </div>
   <div class='ocr_carea' id='block_1_58' title="bbox 194 2815 688 2854">
    <p class='ocr_par' dir='ltr' id='par_1_58' title="bbox 194 2815 688 2854">
     <span class='ocr_line' id='line_1_58' title="bbox 194 2815 688 2854; baseline -0.01 -7"><span class='ocrx_word' id='word_1_301' title='bbox 194 2820 272 2847; x_wconf 73' lang='grc' dir='ltr'>Μετὰ</span> <span class='ocrx_word' id='word_1_302' title='bbox 286 2819 419 2854; x_wconf 80' lang='grc' dir='ltr'>στρατιᾶς</span> <span class='ocrx_word' id='word_1_303' title='bbox 434 2816 600 2849; x_wconf 77' lang='grc' dir='ltr'>ἁξιαγάστου</span> <span class='ocrx_word' id='word_1_304' title='bbox 617 2815 688 2849; x_wconf 87' lang='grc' dir='ltr'>λίαν,</span> 
     </span>
    </p>
   </div>
   <div class='ocr_carea' id='block_1_59' title="bbox 131 2897 637 2938">
    <p class='ocr_par' dir='ltr' id='par_1_59' title="bbox 131 2897 637 2938">
     <span class='ocr_line' id='line_1_59' title="bbox 131 2897 637 2938; baseline -0.004 -10"><span class='ocrx_word' id='word_1_305' title='bbox 131 2902 185 2938; x_wconf 57' lang='grc'><strong>(73)</strong></span> <span class='ocrx_word' id='word_1_306' title='bbox 206 2902 234 2930; x_wconf 84' lang='grc' dir='ltr'>1η</span> <span class='ocrx_word' id='word_1_307' title='bbox 253 2901 377 2937; x_wconf 68' lang='lat' dir='ltr'><strong>margine</strong></span> <span class='ocrx_word' id='word_1_308' title='bbox 394 2899 484 2934; x_wconf 68' lang='lat' dir='ltr'><strong>glossa</strong></span> <span class='ocrx_word' id='word_1_309' title='bbox 502 2897 637 2934; x_wconf 83' lang='grc' dir='ltr'>στέρησιν.</span> 
     </span>
    </p>
   </div>
   <div class='ocr_carea' id='block_1_60' title="bbox 797 170 987 201">
    <p class='ocr_par' dir='ltr' id='par_1_60' title="bbox 797 170 987 201">
     <span class='ocr_line' id='line_1_60' title="bbox 797 170 987 201; baseline 0.005 -1"><span class='ocrx_word' id='word_1_310' title='bbox 797 170 987 201; x_wconf 67' lang='grc' dir='ltr'><strong>ὉᾸΞΞΛΒΕΞ.</strong></span> 
     </span>
    </p>
   </div>
   <div class='ocr_carea' id='block_1_61' title="bbox 880 226 1495 262">
    <p class='ocr_par' dir='ltr' id='par_1_61' title="bbox 880 226 1495 262">
     <span class='ocr_line' id='line_1_61' title="bbox 880 226 1495 262; baseline 0 -8"><span class='ocrx_word' id='word_1_311' title='bbox 880 235 904 262; x_wconf 75' lang='grc' dir='ltr'><strong>Α</strong></span> <span class='ocrx_word' id='word_1_312' title='bbox 919 227 1046 262; x_wconf 80' lang='lat' dir='ltr'><strong>quoniam</strong></span> <span class='ocrx_word' id='word_1_313' title='bbox 1060 227 1179 262; x_wconf 79' lang='lat' dir='ltr'><strong>priorem</strong></span> <span class='ocrx_word' id='word_1_314' title='bbox 1193 227 1245 262; x_wconf 85' lang='lat' dir='ltr'><strong>ipsi</strong></span> <span class='ocrx_word' id='word_1_315' title='bbox 1259 234 1331 255; x_wconf 83' lang='lat' dir='ltr'><strong>mors</strong></span> <span class='ocrx_word' id='word_1_316' title='bbox 1346 226 1495 255; x_wconf 76' lang='lat' dir='ltr'><strong>abstulerat</strong></span> 
     </span>
    </p>
   </div>
   <div class='ocr_carea' id='block_1_62' title="bbox 1653 167 1685 199">
    <p class='ocr_par' dir='ltr' id='par_1_62' title="bbox 1653 167 1685 199">
     <span class='ocr_line' id='line_1_62' title="bbox 1653 167 1685 199; baseline 0.031 -1"><span class='ocrx_word' id='word_1_317' title='bbox 1653 167 1685 199; x_wconf 61' lang='grc' dir='ltr'><strong>οι</strong></span> 
     </span>
    </p>
   </div>
   <div class='ocr_carea' id='block_1_63' title="bbox 918 273 1512 310">
    <p class='ocr_par' dir='ltr' id='par_1_63' title="bbox 918 273 1512 310">
     <span class='ocr_line' id='line_1_63' title="bbox 918 273 1512 310; baseline 0 -10"><span class='ocrx_word' id='word_1_318' title='bbox 918 281 1048 308; x_wconf 87' lang='lat' dir='ltr'><strong>sponsutn</strong></span> <span class='ocrx_word' id='word_1_319' title='bbox 1064 274 1165 301; x_wconf 70' lang='lat' dir='ltr'><strong>Siciliae</strong></span> <span class='ocrx_word' id='word_1_320' title='bbox 1178 275 1313 309; x_wconf 88' lang='lat' dir='ltr'><strong>quondam</strong></span> <span class='ocrx_word' id='word_1_321' title='bbox 1330 274 1401 310; x_wconf 76' lang='lat' dir='ltr'><strong>regis</strong></span> <span class='ocrx_word' id='word_1_322' title='bbox 1417 273 1512 300; x_wconf 89' lang='lat' dir='ltr'><strong>filium.</strong></span> 
     </span>
    </p>
   </div>
   <div class='ocr_carea' id='block_1_64' title="bbox 919 318 1508 348">
    <p class='ocr_par' dir='ltr' id='par_1_64' title="bbox 919 318 1508 348">
     <span class='ocr_line' id='line_1_64' title="bbox 919 318 1508 348; baseline 0 -2"><span class='ocrx_word' id='word_1_323' title='bbox 919 318 981 347; x_wconf 60' lang='lat' dir='ltr'><strong>Haec</strong></span> <span class='ocrx_word' id='word_1_324' title='bbox 994 319 1093 347; x_wconf 81' lang='lat' dir='ltr'><strong>femina</strong></span> <span class='ocrx_word' id='word_1_325' title='bbox 1108 320 1246 348; x_wconf 89' lang='lat' dir='ltr'><strong>conditum</strong></span> <span class='ocrx_word' id='word_1_326' title='bbox 1263 327 1358 348; x_wconf 82' lang='lat' dir='ltr'><strong>amaro</strong></span> <span class='ocrx_word' id='word_1_327' title='bbox 1372 319 1508 348; x_wconf 85' lang='lat' dir='ltr'><strong>absinthio</strong></span> 
     </span>
    </p>
   </div>
   <div class='ocr_carea' id='block_1_65' title="bbox 918 365 1434 402">
    <p class='ocr_par' dir='ltr' id='par_1_65' title="bbox 918 365 1434 402">
     <span class='ocr_line' id='line_1_65' title="bbox 918 365 1434 402; baseline 0 -10"><span class='ocrx_word' id='word_1_328' title='bbox 918 365 1114 402; x_wconf 84' lang='lat' dir='ltr'><strong>Dominicaque</strong></span> <span class='ocrx_word' id='word_1_329' title='bbox 1128 371 1255 401; x_wconf 89' lang='lat' dir='ltr'><strong>tanquam</strong></span> <span class='ocrx_word' id='word_1_330' title='bbox 1270 366 1309 394; x_wconf 90' lang='lat' dir='ltr'><strong>ira</strong></span> <span class='ocrx_word' id='word_1_331' title='bbox 1327 366 1434 400; x_wconf 88' lang='lat' dir='ltr'><strong>plenum</strong></span> 
     </span>
    </p>
   </div>
   <div class='ocr_carea' id='block_1_66' title="bbox 918 411 1387 448">
    <p class='ocr_par' dir='ltr' id='par_1_66' title="bbox 918 411 1387 448">
     <span class='ocr_line' id='line_1_66' title="bbox 918 411 1387 448; baseline 0 -9"><span class='ocrx_word' id='word_1_332' title='bbox 918 411 1029 440; x_wconf 80' lang='lat' dir='ltr'><strong>calicem</strong></span> <span class='ocrx_word' id='word_1_333' title='bbox 1045 413 1198 448; x_wconf 76' lang='lat' dir='ltr'><strong>propinavit</strong></span> <span class='ocrx_word' id='word_1_334' title='bbox 1211 413 1304 447; x_wconf 70' lang='lat' dir='ltr'><strong>patriae</strong></span> <span class='ocrx_word' id='word_1_335' title='bbox 1319 420 1387 440; x_wconf 84' lang='lat' dir='ltr'><strong>suae.</strong></span> 
     </span>
    </p>
   </div>
   <div class='ocr_carea' id='block_1_67' title="bbox 917 458 1485 487">
    <p class='ocr_par' dir='ltr' id='par_1_67' title="bbox 917 458 1485 487">
     <span class='ocr_line' id='line_1_67' title="bbox 917 458 1485 487; baseline -0.002 -1"><span class='ocrx_word' id='word_1_336' title='bbox 917 458 1036 487; x_wconf 85' lang='lat' dir='ltr'><strong>Pedibus</strong></span> <span class='ocrx_word' id='word_1_337' title='bbox 1051 463 1078 486; x_wconf 91' lang='lat' dir='ltr'><strong>et</strong></span> <span class='ocrx_word' id='word_1_338' title='bbox 1091 459 1234 487; x_wconf 86' lang='lat' dir='ltr'><strong>arthritide</strong></span> <span class='ocrx_word' id='word_1_339' title='bbox 1251 459 1378 487; x_wconf 79' lang='lat' dir='ltr'><strong>laborans</strong></span> <span class='ocrx_word' id='word_1_340' title='bbox 1387 458 1485 487; x_wconf 67' lang='lat' dir='ltr'><strong>Caesar</strong></span> 
     </span>
    </p>
   </div>
   <div class='ocr_carea' id='block_1_68' title="bbox 920 504 1519 540">
    <p class='ocr_par' dir='ltr' id='par_1_68' title="bbox 920 504 1519 540">
     <span class='ocr_line' id='line_1_68' title="bbox 920 504 1519 540; baseline -0.002 -8"><span class='ocrx_word' id='word_1_341' title='bbox 920 505 991 533; x_wconf 82' lang='lat' dir='ltr'><strong>haud</strong></span> <span class='ocrx_word' id='word_1_342' title='bbox 1005 505 1113 540; x_wconf 85' lang='lat' dir='ltr'><strong>quidem</strong></span> <span class='ocrx_word' id='word_1_343' title='bbox 1128 505 1188 532; x_wconf 84' lang='lat' dir='ltr'><strong>sine</strong></span> <span class='ocrx_word' id='word_1_344' title='bbox 1201 505 1295 539; x_wconf 87' lang='lat' dir='ltr'><strong>requie</strong></span> <span class='ocrx_word' id='word_1_345' title='bbox 1307 505 1348 532; x_wconf 85' lang='lat' dir='ltr'><strong>vel</strong></span> <span class='ocrx_word' id='word_1_346' title='bbox 1365 504 1519 536; x_wconf 84' lang='lat' dir='ltr'><strong>intervallo,</strong></span> 
     </span>
    </p>
   </div>
   <div class='ocr_carea' id='block_1_69' title="bbox 918 550 1438 586">
    <p class='ocr_par' dir='ltr' id='par_1_69' title="bbox 918 550 1438 586">
     <span class='ocr_line' id='line_1_69' title="bbox 918 550 1438 586; baseline 0.002 -9"><span class='ocrx_word' id='word_1_347' title='bbox 918 551 965 577; x_wconf 89' lang='lat' dir='ltr'><strong>sed</strong></span> <span class='ocrx_word' id='word_1_348' title='bbox 982 551 1148 586; x_wconf 91' lang='lat' dir='ltr'><strong>temporibus</strong></span> <span class='ocrx_word' id='word_1_349' title='bbox 1163 551 1245 579; x_wconf 78' lang='lat' dir='ltr'><strong>certis</strong></span> <span class='ocrx_word' id='word_1_350' title='bbox 1261 558 1291 578; x_wconf 90' lang='lat' dir='ltr'><strong>ac</strong></span> <span class='ocrx_word' id='word_1_351' title='bbox 1307 550 1438 586; x_wconf 86' lang='lat' dir='ltr'><strong>periodis,</strong></span> 
     </span>
    </p>
   </div>
   <div class='ocr_carea' id='block_1_70' title="bbox 919 597 1461 633">
    <p class='ocr_par' dir='ltr' id='par_1_70' title="bbox 919 597 1461 633">
     <span class='ocr_line' id='line_1_70' title="bbox 919 597 1461 633; baseline 0.002 -9"><span class='ocrx_word' id='word_1_352' title='bbox 919 602 1029 632; x_wconf 85' lang='lat' dir='ltr'><strong>propter</strong></span> <span class='ocrx_word' id='word_1_353' title='bbox 1042 598 1169 625; x_wconf 87' lang='lat' dir='ltr'><strong>vitiosum</strong></span> <span class='ocrx_word' id='word_1_354' title='bbox 1184 597 1306 633; x_wconf 85' lang='lat' dir='ltr'><strong>corporis</strong></span> <span class='ocrx_word' id='word_1_355' title='bbox 1320 597 1461 626; x_wconf 84' lang='lat' dir='ltr'><strong>humorem</strong></span> 
     </span>
    </p>
   </div>
   <div class='ocr_carea' id='block_1_71' title="bbox 919 643 1407 678">
    <p class='ocr_par' dir='ltr' id='par_1_71' title="bbox 919 643 1407 678">
     <span class='ocr_line' id='line_1_71' title="bbox 919 643 1407 678; baseline 0.004 -8"><span class='ocrx_word' id='word_1_356' title='bbox 919 643 1026 671; x_wconf 85' lang='lat' dir='ltr'><strong>dolores</strong></span> <span class='ocrx_word' id='word_1_357' title='bbox 1042 644 1195 678; x_wconf 86' lang='lat' dir='ltr'><strong>patiebatur</strong></span> <span class='ocrx_word' id='word_1_358' title='bbox 1210 644 1407 678; x_wconf 83' lang='lat' dir='ltr'><strong>intolerabiles,</strong></span> 
     </span>
    </p>
   </div>
   <div class='ocr_carea' id='block_1_72' title="bbox 919 688 1548 727">
    <p class='ocr_par' dir='ltr' id='par_1_72' title="bbox 919 688 1548 727">
     <span class='ocr_line' id='line_1_72' title="bbox 919 688 1548 727; baseline 0.005 -12"><span class='ocrx_word' id='word_1_359' title='bbox 919 688 983 716; x_wconf 86' lang='lat' dir='ltr'><strong>dum</strong></span> <span class='ocrx_word' id='word_1_360' title='bbox 999 697 1027 716; x_wconf 88' lang='lat' dir='ltr'><strong>se</strong></span> <span class='ocrx_word' id='word_1_361' title='bbox 1043 697 1091 724; x_wconf 88' lang='lat' dir='ltr'><strong>per</strong></span> <span class='ocrx_word' id='word_1_362' title='bbox 1101 697 1201 725; x_wconf 89' lang='lat' dir='ltr'><strong>corpus</strong></span> <span class='ocrx_word' id='word_1_363' title='bbox 1215 690 1325 718; x_wconf 87' lang='lat' dir='ltr'><strong>morbus</strong></span> <span class='ocrx_word' id='word_1_364' title='bbox 1340 691 1548 727; x_wconf 74' lang='lat' dir='ltr'><strong>circumageret.</strong></span> 
     </span>
    </p>
   </div>
   <div class='ocr_carea' id='block_1_73' title="bbox 915 734 1460 771">
    <p class='ocr_par' dir='ltr' id='par_1_73' title="bbox 915 734 1460 771">
     <span class='ocr_line' id='line_1_73' title="bbox 915 734 1460 771; baseline 0.006 -10"><span class='ocrx_word' id='word_1_365' title='bbox 915 734 1003 768; x_wconf 75' lang='lat' dir='ltr'><strong>&quot;Igitur</strong></span> <span class='ocrx_word' id='word_1_366' title='bbox 1017 743 1098 763; x_wconf 87' lang='lat' dir='ltr'><strong>verno</strong></span> <span class='ocrx_word' id='word_1_367' title='bbox 1112 739 1176 764; x_wconf 86' lang='lat' dir='ltr'><strong>tunc</strong></span> <span class='ocrx_word' id='word_1_368' title='bbox 1191 736 1310 764; x_wconf 87' lang='lat' dir='ltr'><strong>instante</strong></span> <span class='ocrx_word' id='word_1_369' title='bbox 1327 741 1460 771; x_wconf 87' lang='lat' dir='ltr'><strong>tempore,</strong></span> 
     </span>
    </p>
   </div>
   <div class='ocr_carea' id='block_1_74' title="bbox 919 782 1409 817">
    <p class='ocr_par' dir='ltr' id='par_1_74' title="bbox 919 782 1409 817">
     <span class='ocr_line' id='line_1_74' title="bbox 919 782 1409 817; baseline 0.006 -9"><span class='ocrx_word' id='word_1_370' title='bbox 919 789 979 809; x_wconf 91' lang='lat' dir='ltr'><strong>cum</strong></span> <span class='ocrx_word' id='word_1_371' title='bbox 996 786 1140 817; x_wconf 73' lang='lat' dir='ltr'><strong>angeretur</strong></span> <span class='ocrx_word' id='word_1_372' title='bbox 1154 782 1242 810; x_wconf 85' lang='lat' dir='ltr'><strong>solitis</strong></span> <span class='ocrx_word' id='word_1_373' title='bbox 1257 782 1409 817; x_wconf 85' lang='lat' dir='ltr'><strong>doloribus,</strong></span> 
     </span>
    </p>
   </div>
   <div class='ocr_carea' id='block_1_75' title="bbox 916 827 1476 863">
    <p class='ocr_par' dir='ltr' id='par_1_75' title="bbox 916 827 1476 863">
     <span class='ocr_line' id='line_1_75' title="bbox 916 827 1476 863; baseline 0.004 -8"><span class='ocrx_word' id='word_1_374' title='bbox 916 835 1019 855; x_wconf 89' lang='lat' dir='ltr'><strong>-n0vum</strong></span> <span class='ocrx_word' id='word_1_375' title='bbox 1036 827 1166 856; x_wconf 85' lang='lat' dir='ltr'><strong>audacter</strong></span> <span class='ocrx_word' id='word_1_376' title='bbox 1183 829 1298 856; x_wconf 85' lang='lat' dir='ltr'><strong>tentavit</strong></span> <span class='ocrx_word' id='word_1_377' title='bbox 1313 830 1476 863; x_wconf 87' lang='lat' dir='ltr'><strong>remedium,</strong></span> 
     </span>
    </p>
   </div>
   <div class='ocr_carea' id='block_1_76' title="bbox 916 874 1501 910">
    <p class='ocr_par' dir='ltr' id='par_1_76' title="bbox 916 874 1501 910">
     <span class='ocr_line' id='line_1_76' title="bbox 916 874 1501 910; baseline 0.005 -9"><span class='ocrx_word' id='word_1_378' title='bbox 916 874 992 910; x_wconf 72' lang='lat' dir='ltr'><strong>quod</strong></span> <span class='ocrx_word' id='word_1_379' title='bbox 1009 874 1060 910; x_wconf 81' lang='lat' dir='ltr'><strong>ipsi</strong></span> <span class='ocrx_word' id='word_1_380' title='bbox 1075 882 1212 902; x_wconf 87' lang='lat' dir='ltr'><strong>summum</strong></span> <span class='ocrx_word' id='word_1_381' title='bbox 1228 875 1319 902; x_wconf 88' lang='lat' dir='ltr'><strong>attulit</strong></span> <span class='ocrx_word' id='word_1_382' title='bbox 1331 875 1477 904; x_wconf 84' lang='lat' dir='ltr'><strong>discrimen</strong></span> <span class='ocrx_word' id='word_1_383' title='bbox 1491 883 1501 904; x_wconf 86' lang='lat'><strong>:</strong></span> 
     </span>
    </p>
   </div>
   <div class='ocr_carea' id='block_1_77' title="bbox 885 906 1502 950">
    <p class='ocr_par' dir='ltr' id='par_1_77' title="bbox 885 906 1502 950">
     <span class='ocr_line' id='line_1_77' title="bbox 885 906 1502 950; baseline 0.006 -4"><span class='ocrx_word' id='word_1_384' title='bbox 885 906 906 936; x_wconf 74' lang='grc' dir='ltr'><strong>Β</strong></span> <span class='ocrx_word' id='word_1_385' title='bbox 922 919 1039 947; x_wconf 80' lang='lat' dir='ltr'><strong>fervidas</strong></span> <span class='ocrx_word' id='word_1_386' title='bbox 1054 921 1125 948; x_wconf 90' lang='lat' dir='ltr'><strong>enim</strong></span> <span class='ocrx_word' id='word_1_387' title='bbox 1141 921 1286 949; x_wconf 86' lang='lat' dir='ltr'><strong>admodum</strong></span> <span class='ocrx_word' id='word_1_388' title='bbox 1304 921 1369 950; x_wconf 86' lang='lat' dir='ltr'><strong>ferri</strong></span> <span class='ocrx_word' id='word_1_389' title='bbox 1385 922 1502 950; x_wconf 82' lang='lat' dir='ltr'><strong>laminas</strong></span> 
     </span>
    </p>
   </div>
   <div class='ocr_carea' id='block_1_78' title="bbox 920 966 1446 1002">
    <p class='ocr_par' dir='ltr' id='par_1_78' title="bbox 920 966 1446 1002">
     <span class='ocr_line' id='line_1_78' title="bbox 920 966 1446 1002; baseline 0.004 -9"><span class='ocrx_word' id='word_1_390' title='bbox 920 966 1028 1001; x_wconf 87' lang='lat' dir='ltr'><strong>utrique</strong></span> <span class='ocrx_word' id='word_1_391' title='bbox 1043 967 1116 994; x_wconf 92' lang='lat' dir='ltr'><strong>cruri</strong></span> <span class='ocrx_word' id='word_1_392' title='bbox 1132 972 1158 994; x_wconf 91' lang='lat' dir='ltr'><strong>et</strong></span> <span class='ocrx_word' id='word_1_393' title='bbox 1174 967 1286 1002; x_wconf 89' lang='lat' dir='ltr'><strong>pedibus</strong></span> <span class='ocrx_word' id='word_1_394' title='bbox 1303 967 1446 1002; x_wconf 81' lang='lat' dir='ltr'><strong>imponens</strong></span> 
     </span>
    </p>
   </div>
   <div class='ocr_carea' id='block_1_79' title="bbox 920 1014 1436 1048">
    <p class='ocr_par' dir='ltr' id='par_1_79' title="bbox 920 1014 1436 1048">
     <span class='ocr_line' id='line_1_79' title="bbox 920 1014 1436 1048; baseline 0 -7"><span class='ocrx_word' id='word_1_395' title='bbox 920 1014 1021 1041; x_wconf 78' lang='lat' dir='ltr'><strong>inussit</strong></span> <span class='ocrx_word' id='word_1_396' title='bbox 1035 1021 1118 1048; x_wconf 78' lang='lat' dir='ltr'><strong>grave</strong></span> <span class='ocrx_word' id='word_1_397' title='bbox 1131 1014 1260 1042; x_wconf 84' lang='lat' dir='ltr'><strong>carnibus</strong></span> <span class='ocrx_word' id='word_1_398' title='bbox 1273 1015 1436 1042; x_wconf 86' lang='lat' dir='ltr'><strong>cauterium.</strong></span> 
     </span>
    </p>
   </div>
   <div class='ocr_carea' id='block_1_80' title="bbox 919 1059 1516 1096">
    <p class='ocr_par' dir='ltr' id='par_1_80' title="bbox 919 1059 1516 1096">
     <span class='ocr_line' id='line_1_80' title="bbox 919 1059 1516 1096; baseline 0.003 -10"><span class='ocrx_word' id='word_1_399' title='bbox 919 1059 953 1087; x_wconf 86' lang='lat' dir='ltr'><strong>Et</strong></span> <span class='ocrx_word' id='word_1_400' title='bbox 968 1060 1071 1088; x_wconf 85' lang='lat' dir='ltr'><strong>sedatis</strong></span> <span class='ocrx_word' id='word_1_401' title='bbox 1088 1060 1195 1095; x_wconf 87' lang='lat' dir='ltr'><strong>quidem</strong></span> <span class='ocrx_word' id='word_1_402' title='bbox 1213 1067 1357 1096; x_wconf 86' lang='lat' dir='ltr'><strong>parumper</strong></span> <span class='ocrx_word' id='word_1_403' title='bbox 1375 1060 1516 1088; x_wconf 86' lang='lat' dir='ltr'><strong>doloribus</strong></span> 
     </span>
    </p>
   </div>
   <div class='ocr_carea' id='block_1_81' title="bbox 917 1106 1502 1141">
    <p class='ocr_par' dir='ltr' id='par_1_81' title="bbox 917 1106 1502 1141">
     <span class='ocr_line' id='line_1_81' title="bbox 917 1106 1502 1141; baseline 0.003 -8"><span class='ocrx_word' id='word_1_404' title='bbox 917 1114 974 1133; x_wconf 84' lang='lat' dir='ltr'><strong>non</strong></span> <span class='ocrx_word' id='word_1_405' title='bbox 992 1107 1051 1134; x_wconf 87' lang='lat' dir='ltr'><strong>sine</strong></span> <span class='ocrx_word' id='word_1_406' title='bbox 1069 1107 1199 1134; x_wconf 85' lang='lat' dir='ltr'><strong>conviciis</strong></span> <span class='ocrx_word' id='word_1_407' title='bbox 1214 1114 1310 1135; x_wconf 87' lang='lat' dir='ltr'><strong>omnes</strong></span> <span class='ocrx_word' id='word_1_408' title='bbox 1325 1106 1502 1141; x_wconf 82' lang='lat' dir='ltr'><strong>Asciepiadas</strong></span> 
     </span>
    </p>
   </div>
   <div class='ocr_carea' id='block_1_82' title="bbox 921 1151 1496 1187">
    <p class='ocr_par' dir='ltr' id='par_1_82' title="bbox 921 1151 1496 1187">
     <span class='ocr_line' id='line_1_82' title="bbox 921 1151 1496 1187; baseline 0.003 -9"><span class='ocrx_word' id='word_1_409' title='bbox 921 1152 1012 1184; x_wconf 81' lang='lat' dir='ltr'><strong>procul</strong></span> <span class='ocrx_word' id='word_1_410' title='bbox 1031 1159 1045 1178; x_wconf 91' lang='lat' dir='ltr'><strong>a</strong></span> <span class='ocrx_word' id='word_1_411' title='bbox 1063 1159 1092 1179; x_wconf 89' lang='lat' dir='ltr'><strong>se</strong></span> <span class='ocrx_word' id='word_1_412' title='bbox 1108 1152 1243 1179; x_wconf 84' lang='lat' dir='ltr'><strong>facessere</strong></span> <span class='ocrx_word' id='word_1_413' title='bbox 1256 1151 1369 1187; x_wconf 85' lang='lat' dir='ltr'><strong>jubebat</strong></span> <span class='ocrx_word' id='word_1_414' title='bbox 1384 1152 1496 1180; x_wconf 74' lang='lat' dir='ltr'><strong>Caesar:</strong></span> 
     </span>
    </p>
   </div>
   <div class='ocr_carea' id='block_1_83' title="bbox 921 1198 1482 1233">
    <p class='ocr_par' dir='ltr' id='par_1_83' title="bbox 921 1198 1482 1233">
     <span class='ocr_line' id='line_1_83' title="bbox 921 1198 1482 1233; baseline 0.007 -10"><span class='ocrx_word' id='word_1_415' title='bbox 921 1205 1015 1225; x_wconf 86' lang='lat' dir='ltr'><strong>verum</strong></span> <span class='ocrx_word' id='word_1_416' title='bbox 1029 1198 1143 1225; x_wconf 87' lang='lat' dir='ltr'><strong>cauterii</strong></span> <span class='ocrx_word' id='word_1_417' title='bbox 1160 1198 1286 1233; x_wconf 78' lang='lat' dir='ltr'><strong>posthinc</strong></span> <span class='ocrx_word' id='word_1_418' title='bbox 1304 1198 1482 1227; x_wconf 85' lang='lat' dir='ltr'><strong>inﬂammatio</strong></span> 
     </span>
    </p>
   </div>
   <div class='ocr_carea' id='block_1_84' title="bbox 920 1245 1483 1280">
    <p class='ocr_par' dir='ltr' id='par_1_84' title="bbox 920 1245 1483 1280">
     <span class='ocr_line' id='line_1_84' title="bbox 920 1245 1483 1280; baseline 0.002 -8"><span class='ocrx_word' id='word_1_419' title='bbox 920 1245 1050 1280; x_wconf 82' lang='lat' dir='ltr'><strong>dolorque</strong></span> <span class='ocrx_word' id='word_1_420' title='bbox 1068 1246 1164 1280; x_wconf 91' lang='lat' dir='ltr'><strong>pedum</strong></span> <span class='ocrx_word' id='word_1_421' title='bbox 1182 1245 1316 1273; x_wconf 64' lang='lat' dir='ltr'><strong>Caesarem</strong></span> <span class='ocrx_word' id='word_1_422' title='bbox 1330 1246 1483 1278; x_wconf 83' lang='lat' dir='ltr'><strong>cruciabat;</strong></span> 
     </span>
    </p>
   </div>
   <div class='ocr_carea' id='block_1_85' title="bbox 919 1291 1443 1326">
    <p class='ocr_par' dir='ltr' id='par_1_85' title="bbox 919 1291 1443 1326">
     <span class='ocr_line' id='line_1_85' title="bbox 919 1291 1443 1326; baseline 0 -8"><span class='ocrx_word' id='word_1_423' title='bbox 919 1292 1095 1326; x_wconf 81' lang='lat' dir='ltr'><strong>revocatique</strong></span> <span class='ocrx_word' id='word_1_424' title='bbox 1112 1291 1208 1318; x_wconf 85' lang='lat' dir='ltr'><strong>medici</strong></span> <span class='ocrx_word' id='word_1_425' title='bbox 1225 1295 1288 1318; x_wconf 90' lang='lat' dir='ltr'><strong>sunt</strong></span> <span class='ocrx_word' id='word_1_426' title='bbox 1306 1291 1443 1325; x_wconf 82' lang='lat' dir='ltr'><strong>celeriter,</strong></span> 
     </span>
    </p>
   </div>
   <div class='ocr_carea' id='block_1_86' title="bbox 921 1337 1513 1372">
    <p class='ocr_par' dir='ltr' id='par_1_86' title="bbox 921 1337 1513 1372">
     <span class='ocr_line' id='line_1_86' title="bbox 921 1337 1513 1372; baseline 0 -8"><span class='ocrx_word' id='word_1_427' title='bbox 921 1345 989 1372; x_wconf 76' lang='lat' dir='ltr'><strong>quos</strong></span> <span class='ocrx_word' id='word_1_428' title='bbox 1004 1345 1098 1364; x_wconf 88' lang='lat' dir='ltr'><strong>otnnes</strong></span> <span class='ocrx_word' id='word_1_429' title='bbox 1113 1338 1183 1365; x_wconf 85' lang='lat' dir='ltr'><strong>haud</strong></span> <span class='ocrx_word' id='word_1_430' title='bbox 1203 1345 1287 1368; x_wconf 78' lang='lat' dir='ltr'><strong>vanus</strong></span> <span class='ocrx_word' id='word_1_431' title='bbox 1306 1337 1405 1364; x_wconf 82' lang='lat' dir='ltr'><strong>invasit</strong></span> <span class='ocrx_word' id='word_1_432' title='bbox 1423 1338 1513 1371; x_wconf 89' lang='lat' dir='ltr'><strong>timor,</strong></span> 
     </span>
    </p>
   </div>
   <div class='ocr_carea' id='block_1_87' title="bbox 922 1383 1538 1418">
    <p class='ocr_par' dir='ltr' id='par_1_87' title="bbox 922 1383 1538 1418">
     <span class='ocr_line' id='line_1_87' title="bbox 922 1383 1538 1418; baseline 0 -8"><span class='ocrx_word' id='word_1_433' title='bbox 922 1391 955 1411; x_wconf 90' lang='lat' dir='ltr'><strong>ne</strong></span> <span class='ocrx_word' id='word_1_434' title='bbox 971 1383 1124 1418; x_wconf 86' lang='lat' dir='ltr'><strong>prohibitus</strong></span> <span class='ocrx_word' id='word_1_435' title='bbox 1141 1383 1287 1418; x_wconf 85' lang='lat' dir='ltr'><strong>quominus</strong></span> <span class='ocrx_word' id='word_1_436' title='bbox 1303 1383 1329 1411; x_wconf 89' lang='lat' dir='ltr'><strong>in</strong></span> <span class='ocrx_word' id='word_1_437' title='bbox 1346 1383 1427 1418; x_wconf 89' lang='lat' dir='ltr'><strong>pedes</strong></span> <span class='ocrx_word' id='word_1_438' title='bbox 1441 1383 1538 1411; x_wconf 86' lang='lat' dir='ltr'><strong>ﬂueret</strong></span> 
     </span>
    </p>
   </div>
   <div class='ocr_carea' id='block_1_88' title="bbox 922 1429 1441 1464">
    <p class='ocr_par' dir='ltr' id='par_1_88' title="bbox 922 1429 1441 1464">
     <span class='ocr_line' id='line_1_88' title="bbox 922 1429 1441 1464; baseline 0 -8"><span class='ocrx_word' id='word_1_439' title='bbox 922 1430 1017 1457; x_wconf 85' lang='lat' dir='ltr'><strong>solitus</strong></span> <span class='ocrx_word' id='word_1_440' title='bbox 1033 1431 1129 1457; x_wconf 82' lang='lat' dir='ltr'><strong>humer</strong></span> <span class='ocrx_word' id='word_1_441' title='bbox 1143 1429 1284 1464; x_wconf 80' lang='lat' dir='ltr'><strong>sanguinis</strong></span> <span class='ocrx_word' id='word_1_442' title='bbox 1301 1435 1328 1457; x_wconf 88' lang='lat' dir='ltr'><strong>et</strong></span> <span class='ocrx_word' id='word_1_443' title='bbox 1346 1430 1441 1463; x_wconf 83' lang='lat' dir='ltr'><strong>saniei,</strong></span> 
     </span>
    </p>
   </div>
   <div class='ocr_carea' id='block_1_89' title="bbox 922 1475 1552 1511">
    <p class='ocr_par' dir='ltr' id='par_1_89' title="bbox 922 1475 1552 1511">
     <span class='ocr_line' id='line_1_89' title="bbox 922 1475 1552 1511; baseline 0.003 -9"><span class='ocrx_word' id='word_1_444' title='bbox 922 1477 948 1502; x_wconf 90' lang='lat' dir='ltr'><strong>iu</strong></span> <span class='ocrx_word' id='word_1_445' title='bbox 965 1476 1089 1511; x_wconf 90' lang='lat' dir='ltr'><strong>corporis</strong></span> <span class='ocrx_word' id='word_1_446' title='bbox 1104 1475 1249 1509; x_wconf 59' lang='lat' dir='ltr'><strong>praecipuis</strong></span> <span class='ocrx_word' id='word_1_447' title='bbox 1263 1480 1402 1510; x_wconf 83' lang='lat' dir='ltr'><strong>stagnaret</strong></span> <span class='ocrx_word' id='word_1_448' title='bbox 1417 1477 1552 1511; x_wconf 88' lang='lat' dir='ltr'><strong>partibus,</strong></span> 
     </span>
    </p>
   </div>
   <div class='ocr_carea' id='block_1_90' title="bbox 922 1522 1537 1558">
    <p class='ocr_par' dir='ltr' id='par_1_90' title="bbox 922 1522 1537 1558">
     <span class='ocr_line' id='line_1_90' title="bbox 922 1522 1537 1558; baseline 0.002 -9"><span class='ocrx_word' id='word_1_449' title='bbox 922 1529 1078 1557; x_wconf 63' lang='lat' dir='ltr'><strong>aegrumque</strong></span> <span class='ocrx_word' id='word_1_450' title='bbox 1092 1522 1233 1549; x_wconf 88' lang='lat' dir='ltr'><strong>subitanea</strong></span> <span class='ocrx_word' id='word_1_451' title='bbox 1251 1527 1340 1550; x_wconf 89' lang='lat' dir='ltr'><strong>morte</strong></span> <span class='ocrx_word' id='word_1_452' title='bbox 1358 1523 1537 1558; x_wconf 86' lang='lat' dir='ltr'><strong>opprimeret,</strong></span> 
     </span>
    </p>
   </div>
   <div class='ocr_carea' id='block_1_91' title="bbox 924 1568 1592 1603">
    <p class='ocr_par' dir='ltr' id='par_1_91' title="bbox 924 1568 1592 1603">
     <span class='ocr_line' id='line_1_91' title="bbox 924 1568 1592 1603; baseline 0.001 -9"><span class='ocrx_word' id='word_1_453' title='bbox 924 1572 1005 1603; x_wconf 81' lang='lat' dir='ltr'><strong>atque</strong></span> <span class='ocrx_word' id='word_1_454' title='bbox 1020 1568 1052 1595; x_wconf 89' lang='lat' dir='ltr'><strong>ad</strong></span> <span class='ocrx_word' id='word_1_455' title='bbox 1069 1573 1214 1596; x_wconf 82' lang='lat' dir='ltr'><strong>extraneas</strong></span> <span class='ocrx_word' id='word_1_456' title='bbox 1229 1573 1365 1603; x_wconf 86' lang='lat' dir='ltr'><strong>sceptrum</strong></span> <span class='ocrx_word' id='word_1_457' title='bbox 1380 1569 1468 1596; x_wconf 88' lang='lat' dir='ltr'><strong>abiret</strong></span> <span class='ocrx_word' id='word_1_458' title='bbox 1484 1576 1592 1598; x_wconf 80' lang='lat' dir='ltr'><strong>manus.</strong></span> 
     </span>
    </p>
   </div>
   <div class='ocr_carea' id='block_1_92' title="bbox 924 1612 1546 1648">
    <p class='ocr_par' dir='ltr' id='par_1_92' title="bbox 924 1612 1546 1648">
     <span class='ocr_line' id='line_1_92' title="bbox 924 1612 1546 1648; baseline 0.003 -9"><span class='ocrx_word' id='word_1_459' title='bbox 924 1612 1020 1640; x_wconf 86' lang='lat' dir='ltr'><strong>Sermo</strong></span> <span class='ocrx_word' id='word_1_460' title='bbox 1035 1612 1078 1639; x_wconf 89' lang='lat' dir='ltr'><strong>hic</strong></span> <span class='ocrx_word' id='word_1_461' title='bbox 1095 1613 1175 1640; x_wconf 82' lang='lat' dir='ltr'><strong>fiebat</strong></span> <span class='ocrx_word' id='word_1_462' title='bbox 1193 1612 1263 1647; x_wconf 87' lang='lat' dir='ltr'><strong>apud</strong></span> <span class='ocrx_word' id='word_1_463' title='bbox 1282 1613 1402 1648; x_wconf 80' lang='lat' dir='ltr'><strong>reginam</strong></span> <span class='ocrx_word' id='word_1_464' title='bbox 1417 1613 1546 1647; x_wconf 85' lang='lat' dir='ltr'><strong>maxime,</strong></span> 
     </span>
    </p>
   </div>
   <div class='ocr_carea' id='block_1_93' title="bbox 921 1659 1556 1694">
    <p class='ocr_par' dir='ltr' id='par_1_93' title="bbox 921 1659 1556 1694">
     <span class='ocr_line' id='line_1_93' title="bbox 921 1659 1556 1694; baseline 0.003 -10"><span class='ocrx_word' id='word_1_465' title='bbox 921 1667 980 1694; x_wconf 79' lang='lat' dir='ltr'><strong>qua:</strong></span> <span class='ocrx_word' id='word_1_466' title='bbox 996 1659 1145 1686; x_wconf 81' lang='lat' dir='ltr'><strong>masculum</strong></span> <span class='ocrx_word' id='word_1_467' title='bbox 1163 1659 1296 1686; x_wconf 76' lang='lat' dir='ltr'><strong>hanredem</strong></span> <span class='ocrx_word' id='word_1_468' title='bbox 1312 1659 1382 1686; x_wconf 82' lang='lat' dir='ltr'><strong>haud</strong></span> <span class='ocrx_word' id='word_1_469' title='bbox 1402 1664 1556 1693; x_wconf 83' lang='lat' dir='ltr'><strong>pepererat,</strong></span> 
     </span>
    </p>
   </div>
   <div class='ocr_carea' id='block_1_94' title="bbox 921 1704 1488 1738">
    <p class='ocr_par' dir='ltr' id='par_1_94' title="bbox 921 1704 1488 1738">
     <span class='ocr_line' id='line_1_94' title="bbox 921 1704 1488 1738; baseline -0.004 -6"><span class='ocrx_word' id='word_1_470' title='bbox 921 1705 967 1732; x_wconf 84' lang='lat' dir='ltr'><strong>sed</strong></span> <span class='ocrx_word' id='word_1_471' title='bbox 988 1704 1150 1732; x_wconf 80' lang='lat' dir='ltr'><strong>feminarum</strong></span> <span class='ocrx_word' id='word_1_472' title='bbox 1166 1708 1269 1731; x_wconf 91' lang='lat' dir='ltr'><strong>tantum</strong></span> <span class='ocrx_word' id='word_1_473' title='bbox 1289 1712 1338 1738; x_wconf 86' lang='lat' dir='ltr'><strong>par</strong></span> <span class='ocrx_word' id='word_1_474' title='bbox 1353 1704 1468 1731; x_wconf 84' lang='lat' dir='ltr'><strong>filiarum</strong></span> <span class='ocrx_word' id='word_1_475' title='bbox 1479 1723 1488 1736; x_wconf 83' lang='lat'><strong>,</strong></span> 
     </span>
    </p>
   </div>
   <div class='ocr_carea' id='block_1_95' title="bbox 922 1751 1534 1785">
    <p class='ocr_par' dir='ltr' id='par_1_95' title="bbox 922 1751 1534 1785">
     <span class='ocr_line' id='line_1_95' title="bbox 922 1751 1534 1785; baseline 0.002 -8"><span class='ocrx_word' id='word_1_476' title='bbox 922 1758 1036 1785; x_wconf 75' lang='lat' dir='ltr'><strong>quarum</strong></span> <span class='ocrx_word' id='word_1_477' title='bbox 1049 1751 1104 1785; x_wconf 86' lang='lat' dir='ltr'><strong>jam</strong></span> <span class='ocrx_word' id='word_1_478' title='bbox 1120 1754 1179 1778; x_wconf 88' lang='lat' dir='ltr'><strong>erat</strong></span> <span class='ocrx_word' id='word_1_479' title='bbox 1197 1755 1312 1785; x_wconf 82' lang='lat' dir='ltr'><strong>utraque</strong></span> <span class='ocrx_word' id='word_1_480' title='bbox 1329 1757 1430 1785; x_wconf 87' lang='lat' dir='ltr'><strong>sponso</strong></span> <span class='ocrx_word' id='word_1_481' title='bbox 1444 1751 1534 1778; x_wconf 90' lang='lat' dir='ltr'><strong>vidua.</strong></span> 
     </span>
    </p>
   </div>
   <div class='ocr_carea' id='block_1_96' title="bbox 920 1845 1400 1881">
    <p class='ocr_par' dir='ltr' id='par_1_96' title="bbox 920 1845 1400 1881">
     <span class='ocr_line' id='line_1_96' title="bbox 920 1845 1400 1881; baseline 0 -8"><span class='ocrx_word' id='word_1_482' title='bbox 920 1846 1000 1873; x_wconf 50' lang='lat' dir='ltr'><strong>flrcne</strong></span> <span class='ocrx_word' id='word_1_483' title='bbox 1017 1850 1081 1873; x_wconf 92' lang='lat' dir='ltr'><strong>natu</strong></span> <span class='ocrx_word' id='word_1_484' title='bbox 1100 1846 1186 1881; x_wconf 87' lang='lat' dir='ltr'><strong>major</strong></span> <span class='ocrx_word' id='word_1_485' title='bbox 1200 1845 1293 1881; x_wconf 80' lang='lat' dir='ltr'><strong>juncta</strong></span> <span class='ocrx_word' id='word_1_486' title='bbox 1312 1845 1400 1873; x_wconf 86' lang='lat' dir='ltr'><strong>fuerat</strong></span> 
     </span>
    </p>
   </div>
   <div class='ocr_carea' id='block_1_97' title="bbox 923 1892 1451 1928">
    <p class='ocr_par' dir='ltr' id='par_1_97' title="bbox 923 1892 1451 1928">
     <span class='ocr_line' id='line_1_97' title="bbox 923 1892 1451 1928; baseline 0.002 -8"><span class='ocrx_word' id='word_1_487' title='bbox 923 1892 1070 1928; x_wconf 90' lang='lat' dir='ltr'><strong>splendidis</strong></span> <span class='ocrx_word' id='word_1_488' title='bbox 1085 1900 1152 1920; x_wconf 83' lang='lat' dir='ltr'><strong>sane</strong></span> <span class='ocrx_word' id='word_1_489' title='bbox 1167 1893 1271 1928; x_wconf 88' lang='lat' dir='ltr'><strong>nuptiis</strong></span> <span class='ocrx_word' id='word_1_490' title='bbox 1286 1893 1451 1926; x_wconf 85' lang='lat' dir='ltr'><strong>Andronico,</strong></span> 
     </span>
    </p>
   </div>
   <div class='ocr_carea' id='block_1_98' title="bbox 923 1939 1614 1976">
    <p class='ocr_par' dir='ltr' id='par_1_98' title="bbox 923 1939 1614 1976">
     <span class='ocr_line' id='line_1_98' title="bbox 923 1939 1614 1976; baseline 0.003 -10"><span class='ocrx_word' id='word_1_491' title='bbox 923 1939 1080 1973; x_wconf 73' lang='lat' dir='ltr'><strong>progeniem</strong></span> <span class='ocrx_word' id='word_1_492' title='bbox 1096 1946 1174 1967; x_wconf 87' lang='lat' dir='ltr'><strong>suam</strong></span> <span class='ocrx_word' id='word_1_493' title='bbox 1192 1939 1309 1966; x_wconf 89' lang='lat' dir='ltr'><strong>trahenti</strong></span> <span class='ocrx_word' id='word_1_494' title='bbox 1324 1940 1358 1967; x_wconf 88' lang='lat' dir='ltr'><strong>de</strong></span> <span class='ocrx_word' id='word_1_495' title='bbox 1371 1939 1614 1976; x_wconf 81' lang='lat' dir='ltr'><strong>Contostephanis;</strong></span> 
     </span>
    </p>
   </div>
   <div class='ocr_carea' id='block_1_99' title="bbox 924 1987 1548 2022">
    <p class='ocr_par' dir='ltr' id='par_1_99' title="bbox 924 1987 1548 2022">
     <span class='ocr_line' id='line_1_99' title="bbox 924 1987 1548 2022; baseline 0.006 -9"><span class='ocrx_word' id='word_1_496' title='bbox 924 1987 971 2015; x_wconf 85' lang='lat' dir='ltr'><strong>sed</strong></span> <span class='ocrx_word' id='word_1_497' title='bbox 988 1987 1010 2014; x_wconf 86' lang='lat' dir='ltr'><strong>is</strong></span> <span class='ocrx_word' id='word_1_498' title='bbox 1025 1987 1135 2022; x_wconf 86' lang='lat' dir='ltr'><strong>abrupit</strong></span> <span class='ocrx_word' id='word_1_499' title='bbox 1147 1989 1229 2015; x_wconf 88' lang='lat' dir='ltr'><strong>vitam</strong></span> <span class='ocrx_word' id='word_1_500' title='bbox 1251 1989 1286 2016; x_wconf 91' lang='lat' dir='ltr'><strong>ob</strong></span> <span class='ocrx_word' id='word_1_501' title='bbox 1300 1997 1375 2016; x_wconf 86' lang='lat' dir='ltr'><strong>suam</strong></span> <span class='ocrx_word' id='word_1_502' title='bbox 1395 1989 1548 2018; x_wconf 85' lang='lat' dir='ltr'><strong>mollitiem.</strong></span> 
     </span>
    </p>
   </div>
   <div class='ocr_carea' id='block_1_100' title="bbox 923 2033 1399 2069">
    <p class='ocr_par' dir='ltr' id='par_1_100' title="bbox 923 2033 1399 2069">
     <span class='ocr_line' id='line_1_100' title="bbox 923 2033 1399 2069; baseline 0.004 -9"><span class='ocrx_word' id='word_1_503' title='bbox 923 2033 1019 2061; x_wconf 64' lang='lat' dir='ltr'><strong>iunior</strong></span> <span class='ocrx_word' id='word_1_504' title='bbox 1033 2041 1109 2069; x_wconf 65' lang='lat' dir='ltr'><strong>mque</strong></span> <span class='ocrx_word' id='word_1_505' title='bbox 1122 2039 1205 2069; x_wconf 78' lang='lat' dir='ltr'><strong>nupta</strong></span> <span class='ocrx_word' id='word_1_506' title='bbox 1220 2035 1307 2063; x_wconf 85' lang='lat' dir='ltr'><strong>fuerat</strong></span> <span class='ocrx_word' id='word_1_507' title='bbox 1323 2035 1399 2063; x_wconf 83' lang='lat' dir='ltr'><strong>Anna</strong></span> 
     </span>
    </p>
   </div>
   <div class='ocr_carea' id='block_1_101' title="bbox 920 2080 1393 2114">
    <p class='ocr_par' dir='ltr' id='par_1_101' title="bbox 920 2080 1393 2114">
     <span class='ocr_line' id='line_1_101' title="bbox 920 2080 1393 2114; baseline 0.006 -7"><span class='ocrx_word' id='word_1_508' title='bbox 920 2080 1124 2108; x_wconf 80' lang='lat' dir='ltr'><strong>Cotnnenorum</strong></span> <span class='ocrx_word' id='word_1_509' title='bbox 1139 2081 1249 2109; x_wconf 89' lang='lat' dir='ltr'><strong>surculo</strong></span> <span class='ocrx_word' id='word_1_510' title='bbox 1269 2083 1393 2114; x_wconf 85' lang='lat' dir='ltr'><strong>lsaacio,</strong></span> 
     </span>
    </p>
   </div>
   <div class='ocr_carea' id='block_1_102' title="bbox 925 2127 1443 2162">
    <p class='ocr_par' dir='ltr' id='par_1_102' title="bbox 925 2127 1443 2162">
     <span class='ocr_line' id='line_1_102' title="bbox 925 2127 1443 2162; baseline 0.002 -7"><span class='ocrx_word' id='word_1_511' title='bbox 925 2127 970 2161; x_wconf 88' lang='lat' dir='ltr'><strong>qui</strong></span> <span class='ocrx_word' id='word_1_512' title='bbox 984 2127 1054 2162; x_wconf 82' lang='lat' dir='ltr'><strong>apud</strong></span> <span class='ocrx_word' id='word_1_513' title='bbox 1074 2127 1175 2155; x_wconf 63' lang='lat' dir='ltr'><strong>Marsos</strong></span> <span class='ocrx_word' id='word_1_514' title='bbox 1189 2128 1256 2155; x_wconf 86' lang='lat' dir='ltr'><strong>obiit</strong></span> <span class='ocrx_word' id='word_1_515' title='bbox 1273 2128 1299 2155; x_wconf 90' lang='lat' dir='ltr'><strong>in</strong></span> <span class='ocrx_word' id='word_1_516' title='bbox 1319 2129 1443 2161; x_wconf 82' lang='lat' dir='ltr'><strong>vinculis,</strong></span> 
     </span>
    </p>
   </div>
   <div class='ocr_carea' id='block_1_103' title="bbox 926 2174 1479 2210">
    <p class='ocr_par' dir='ltr' id='par_1_103' title="bbox 926 2174 1479 2210">
     <span class='ocr_line' id='line_1_103' title="bbox 926 2174 1479 2210; baseline 0.004 -9"><span class='ocrx_word' id='word_1_517' title='bbox 926 2179 955 2201; x_wconf 87' lang='lat' dir='ltr'><strong>ut</strong></span> <span class='ocrx_word' id='word_1_518' title='bbox 969 2179 1065 2201; x_wconf 83' lang='lat' dir='ltr'><strong>nostra</strong></span> <span class='ocrx_word' id='word_1_519' title='bbox 1083 2174 1197 2202; x_wconf 85' lang='lat' dir='ltr'><strong>historia</strong></span> <span class='ocrx_word' id='word_1_520' title='bbox 1216 2175 1333 2210; x_wconf 84' lang='lat' dir='ltr'><strong>desuper</strong></span> <span class='ocrx_word' id='word_1_521' title='bbox 1349 2177 1479 2203; x_wconf 87' lang='lat' dir='ltr'><strong>narravit.</strong></span> 
     </span>
    </p>
   </div>
   <div class='ocr_carea' id='block_1_104' title="bbox 925 2219 1485 2255">
    <p class='ocr_par' dir='ltr' id='par_1_104' title="bbox 925 2219 1485 2255">
     <span class='ocr_line' id='line_1_104' title="bbox 925 2219 1485 2255; baseline 0.004 -8"><span class='ocrx_word' id='word_1_522' title='bbox 925 2221 1015 2255; x_wconf 81' lang='lat' dir='ltr'><strong>Atque</strong></span> <span class='ocrx_word' id='word_1_523' title='bbox 1034 2219 1071 2247; x_wconf 90' lang='lat' dir='ltr'><strong>ita</strong></span> <span class='ocrx_word' id='word_1_524' title='bbox 1087 2219 1204 2247; x_wconf 65' lang='lat' dir='ltr'><strong>Caesaris</strong></span> <span class='ocrx_word' id='word_1_525' title='bbox 1219 2228 1249 2247; x_wconf 84' lang='lat' dir='ltr'><strong>se</strong></span> <span class='ocrx_word' id='word_1_526' title='bbox 1267 2228 1309 2248; x_wconf 87' lang='lat' dir='ltr'><strong>res</strong></span> <span class='ocrx_word' id='word_1_527' title='bbox 1330 2221 1485 2249; x_wconf 80' lang='lat' dir='ltr'><strong>habebant:</strong></span> 
     </span>
    </p>
   </div>
   <div class='ocr_carea' id='block_1_105' title="bbox 889 2257 1573 2302">
    <p class='ocr_par' dir='ltr' id='par_1_105' title="bbox 889 2257 1573 2302">
     <span class='ocr_line' id='line_1_105' title="bbox 889 2257 1573 2302; baseline 0.004 -9"><span class='ocrx_word' id='word_1_528' title='bbox 889 2257 912 2284; x_wconf 73' lang='grc' dir='ltr'>ί)</span> <span class='ocrx_word' id='word_1_529' title='bbox 928 2266 972 2301; x_wconf 91' lang='lat' dir='ltr'><strong>qui</strong></span> <span class='ocrx_word' id='word_1_530' title='bbox 991 2266 1062 2294; x_wconf 85' lang='lat' dir='ltr'><strong>male</strong></span> <span class='ocrx_word' id='word_1_531' title='bbox 1078 2266 1172 2293; x_wconf 84' lang='lat' dir='ltr'><strong>tirtnus</strong></span> <span class='ocrx_word' id='word_1_532' title='bbox 1187 2266 1274 2294; x_wconf 87' lang='lat' dir='ltr'><strong>adhuc</strong></span> <span class='ocrx_word' id='word_1_533' title='bbox 1292 2266 1422 2302; x_wconf 80' lang='lat' dir='ltr'><strong>Byzantio</strong></span> <span class='ocrx_word' id='word_1_534' title='bbox 1439 2269 1573 2296; x_wconf 84' lang='lat' dir='ltr'><strong>excedens</strong></span> 
     </span>
    </p>
   </div>
   <div class='ocr_carea' id='block_1_106' title="bbox 927 2312 1492 2341">
    <p class='ocr_par' dir='ltr' id='par_1_106' title="bbox 927 2312 1492 2341">
     <span class='ocr_line' id='line_1_106' title="bbox 927 2312 1492 2341; baseline 0.002 -2"><span class='ocrx_word' id='word_1_535' title='bbox 927 2312 1147 2341; x_wconf 75' lang='lat' dir='ltr'><strong>Thessalonicam</strong></span> <span class='ocrx_word' id='word_1_536' title='bbox 1163 2312 1278 2340; x_wconf 86' lang='lat' dir='ltr'><strong>contulit</strong></span> <span class='ocrx_word' id='word_1_537' title='bbox 1293 2320 1322 2339; x_wconf 86' lang='lat' dir='ltr'><strong>se</strong></span> <span class='ocrx_word' id='word_1_538' title='bbox 1336 2313 1362 2340; x_wconf 92' lang='lat' dir='ltr'><strong>in</strong></span> <span class='ocrx_word' id='word_1_539' title='bbox 1376 2314 1470 2340; x_wconf 87' lang='lat' dir='ltr'><strong>urbem</strong></span> <span class='ocrx_word' id='word_1_540' title='bbox 1484 2321 1492 2340; x_wconf 92' lang='lat'><strong>:</strong></span> 
     </span>
    </p>
   </div>
   <div class='ocr_carea' id='block_1_107' title="bbox 927 2358 1528 2393">
    <p class='ocr_par' dir='ltr' id='par_1_107' title="bbox 927 2358 1528 2393">
     <span class='ocr_line' id='line_1_107' title="bbox 927 2358 1528 2393; baseline 0 -7"><span class='ocrx_word' id='word_1_541' title='bbox 927 2359 988 2386; x_wconf 79' lang='lat' dir='ltr'><strong>inde</strong></span> <span class='ocrx_word' id='word_1_542' title='bbox 1007 2358 1124 2390; x_wconf 82' lang='lat' dir='ltr'><strong>perrexit</strong></span> <span class='ocrx_word' id='word_1_543' title='bbox 1141 2363 1234 2385; x_wconf 88' lang='lat' dir='ltr'><strong>contra</strong></span> <span class='ocrx_word' id='word_1_544' title='bbox 1248 2358 1384 2393; x_wconf 80' lang='lat' dir='ltr'><strong>Chrysum</strong></span> <span class='ocrx_word' id='word_1_545' title='bbox 1399 2359 1528 2386; x_wconf 83' lang='lat' dir='ltr'><strong>Blachuxn</strong></span> 
     </span>
    </p>
   </div>
   <div class='ocr_carea' id='block_1_108' title="bbox 926 2403 1519 2439">
    <p class='ocr_par' dir='ltr' id='par_1_108' title="bbox 926 2403 1519 2439">
     <span class='ocr_line' id='line_1_108' title="bbox 926 2403 1519 2439; baseline 0.002 -9"><span class='ocrx_word' id='word_1_546' title='bbox 926 2405 971 2439; x_wconf 87' lang='lat' dir='ltr'><strong>qui</strong></span> <span class='ocrx_word' id='word_1_547' title='bbox 988 2403 1163 2430; x_wconf 84' lang='lat' dir='ltr'><strong>Struntmitzn</strong></span> <span class='ocrx_word' id='word_1_548' title='bbox 1182 2407 1313 2438; x_wconf 87' lang='lat' dir='ltr'><strong>occupata</strong></span> <span class='ocrx_word' id='word_1_549' title='bbox 1329 2411 1389 2431; x_wconf 89' lang='lat' dir='ltr'><strong>cum</strong></span> <span class='ocrx_word' id='word_1_550' title='bbox 1410 2404 1519 2436; x_wconf 87' lang='lat' dir='ltr'><strong>vicinia,</strong></span> 
     </span>
    </p>
   </div>
   <div class='ocr_carea' id='block_1_109' title="bbox 927 2448 1558 2486">
    <p class='ocr_par' dir='ltr' id='par_1_109' title="bbox 927 2448 1558 2486">
     <span class='ocr_line' id='line_1_109' title="bbox 927 2448 1558 2486; baseline 0 -9"><span class='ocrx_word' id='word_1_551' title='bbox 927 2454 1076 2484; x_wconf 87' lang='lat' dir='ltr'><strong>tenensque</strong></span> <span class='ocrx_word' id='word_1_552' title='bbox 1091 2449 1237 2484; x_wconf 84' lang='lat' dir='ltr'><strong>quoddam,</strong></span> <span class='ocrx_word' id='word_1_553' title='bbox 1255 2448 1338 2477; x_wconf 89' lang='lat' dir='ltr'><strong>veluti</strong></span> <span class='ocrx_word' id='word_1_554' title='bbox 1354 2450 1454 2485; x_wconf 76' lang='lat' dir='ltr'><strong>regiam</strong></span> <span class='ocrx_word' id='word_1_555' title='bbox 1471 2458 1558 2486; x_wconf 81' lang='lat' dir='ltr'><strong>suam,</strong></span> 
     </span>
    </p>
   </div>
   <div class='ocr_carea' id='block_1_110' title="bbox 927 2495 1505 2530">
    <p class='ocr_par' dir='ltr' id='par_1_110' title="bbox 927 2495 1505 2530">
     <span class='ocr_line' id='line_1_110' title="bbox 927 2495 1505 2530; baseline 0.002 -7"><span class='ocrx_word' id='word_1_556' title='bbox 927 2496 1113 2530; x_wconf 86' lang='lat' dir='ltr'><strong>peridoneum,</strong></span> <span class='ocrx_word' id='word_1_557' title='bbox 1126 2495 1334 2522; x_wconf 82' lang='lat' dir='ltr'><strong>munitissimum</strong></span> <span class='ocrx_word' id='word_1_558' title='bbox 1349 2501 1376 2524; x_wconf 87' lang='lat' dir='ltr'><strong>et</strong></span> <span class='ocrx_word' id='word_1_559' title='bbox 1389 2497 1505 2524; x_wconf 86' lang='lat' dir='ltr'><strong>sublime</strong></span> 
     </span>
    </p>
   </div>
   <div class='ocr_carea' id='block_1_111' title="bbox 930 2542 1520 2576">
    <p class='ocr_par' dir='ltr' id='par_1_111' title="bbox 930 2542 1520 2576">
     <span class='ocr_line' id='line_1_111' title="bbox 930 2542 1520 2576; baseline 0.003 -7"><span class='ocrx_word' id='word_1_560' title='bbox 930 2544 1024 2576; x_wconf 70' lang='lat' dir='ltr'><strong>ingens</strong></span> <span class='ocrx_word' id='word_1_561' title='bbox 1042 2542 1181 2570; x_wconf 82' lang='lat' dir='ltr'><strong>castellum</strong></span> <span class='ocrx_word' id='word_1_562' title='bbox 1198 2542 1239 2569; x_wconf 92' lang='lat' dir='ltr'><strong>cui</strong></span> <span class='ocrx_word' id='word_1_563' title='bbox 1259 2549 1356 2570; x_wconf 85' lang='lat' dir='ltr'><strong>nomen</strong></span> <span class='ocrx_word' id='word_1_564' title='bbox 1372 2542 1520 2576; x_wconf 81' lang='lat' dir='ltr'><strong>Prosacon,</strong></span> 
     </span>
    </p>
   </div>
   <div class='ocr_carea' id='block_1_112' title="bbox 928 2588 1534 2623">
    <p class='ocr_par' dir='ltr' id='par_1_112' title="bbox 928 2588 1534 2623">
     <span class='ocr_line' id='line_1_112' title="bbox 928 2588 1534 2623; baseline 0.005 -9"><span class='ocrx_word' id='word_1_565' title='bbox 928 2589 998 2623; x_wconf 86' lang='lat' dir='ltr'><strong>quod</strong></span> <span class='ocrx_word' id='word_1_566' title='bbox 1015 2595 1061 2615; x_wconf 86' lang='lat' dir='ltr'><strong>ars</strong></span> <span class='ocrx_word' id='word_1_567' title='bbox 1075 2588 1198 2615; x_wconf 86' lang='lat' dir='ltr'><strong>certatim</strong></span> <span class='ocrx_word' id='word_1_568' title='bbox 1217 2596 1276 2615; x_wconf 90' lang='lat' dir='ltr'><strong>cum</strong></span> <span class='ocrx_word' id='word_1_569' title='bbox 1294 2592 1389 2615; x_wconf 87' lang='lat' dir='ltr'><strong>natura</strong></span> <span class='ocrx_word' id='word_1_570' title='bbox 1405 2589 1534 2617; x_wconf 72' lang='lat' dir='ltr'><strong>effecerat</strong></span> 
     </span>
    </p>
   </div>
   <div class='ocr_carea' id='block_1_113' title="bbox 930 2634 1514 2670">
    <p class='ocr_par' dir='ltr' id='par_1_113' title="bbox 930 2634 1514 2670">
     <span class='ocr_line' id='line_1_113' title="bbox 930 2634 1514 2670; baseline 0.003 -10"><span class='ocrx_word' id='word_1_571' title='bbox 930 2634 1091 2661; x_wconf 86' lang='lat' dir='ltr'><strong>bellantibus</strong></span> <span class='ocrx_word' id='word_1_572' title='bbox 1107 2634 1276 2663; x_wconf 79' lang='lat' dir='ltr'><strong>inacceSSum</strong></span> <span class='ocrx_word' id='word_1_573' title='bbox 1296 2634 1514 2670; x_wconf 77' lang='lat' dir='ltr'><strong>inexpugnabile,</strong></span> 
     </span>
    </p>
   </div>
   <div class='ocr_carea' id='block_1_114' title="bbox 928 2678 1520 2713">
    <p class='ocr_par' dir='ltr' id='par_1_114' title="bbox 928 2678 1520 2713">
     <span class='ocr_line' id='line_1_114' title="bbox 928 2678 1520 2713; baseline 0.005 -6"><span class='ocrx_word' id='word_1_574' title='bbox 928 2678 1058 2707; x_wconf 67' lang='lat' dir='ltr'><strong>Romanae</strong></span> <span class='ocrx_word' id='word_1_575' title='bbox 1075 2678 1131 2705; x_wconf 90' lang='lat' dir='ltr'><strong>illic</strong></span> <span class='ocrx_word' id='word_1_576' title='bbox 1146 2678 1276 2713; x_wconf 77' lang='lat' dir='ltr'><strong>proximis</strong></span> <span class='ocrx_word' id='word_1_577' title='bbox 1292 2679 1403 2708; x_wconf 88' lang='lat' dir='ltr'><strong>ditionis</strong></span> <span class='ocrx_word' id='word_1_578' title='bbox 1421 2681 1520 2711; x_wconf 89' lang='lat' dir='ltr'><strong>finibus</strong></span> 
     </span>
    </p>
   </div>
   <div class='ocr_carea' id='block_1_115' title="bbox 929 2724 1477 2760">
    <p class='ocr_par' dir='ltr' id='par_1_115' title="bbox 929 2724 1477 2760">
     <span class='ocr_line' id='line_1_115' title="bbox 929 2724 1477 2760; baseline 0.009 -10"><span class='ocrx_word' id='word_1_579' title='bbox 929 2732 1010 2760; x_wconf 80' lang='lat' dir='ltr'><strong>grave</strong></span> <span class='ocrx_word' id='word_1_580' title='bbox 1027 2724 1186 2752; x_wconf 87' lang='lat' dir='ltr'><strong>itntninebat</strong></span> <span class='ocrx_word' id='word_1_581' title='bbox 1200 2725 1299 2752; x_wconf 89' lang='lat' dir='ltr'><strong>malum</strong></span> <span class='ocrx_word' id='word_1_582' title='bbox 1313 2730 1340 2753; x_wconf 90' lang='lat' dir='ltr'><strong>et</strong></span> <span class='ocrx_word' id='word_1_583' title='bbox 1356 2727 1477 2756; x_wconf 87' lang='lat' dir='ltr'><strong>exitium.</strong></span> 
     </span>
    </p>
   </div>
   <div class='ocr_carea' id='block_1_116' title="bbox 924 2770 1459 2807">
    <p class='ocr_par' dir='ltr' id='par_1_116' title="bbox 924 2770 1459 2807">
     <span class='ocr_line' id='line_1_116' title="bbox 924 2770 1459 2807; baseline 0.006 -9"><span class='ocrx_word' id='word_1_584' title='bbox 924 2771 1064 2798; x_wconf 79' lang='lat' dir='ltr'><strong>Accedens</strong></span> <span class='ocrx_word' id='word_1_585' title='bbox 1078 2777 1144 2805; x_wconf 80' lang='lat' dir='ltr'><strong>ergo</strong></span> <span class='ocrx_word' id='word_1_586' title='bbox 1157 2770 1295 2799; x_wconf 88' lang='lat' dir='ltr'><strong>Prosacon</strong></span> <span class='ocrx_word' id='word_1_587' title='bbox 1312 2771 1459 2807; x_wconf 85' lang='lat' dir='ltr'><strong>imperator</strong></span> 
     </span>
    </p>
   </div>
   <div class='ocr_carea' id='block_1_117' title="bbox 928 2815 1451 2854">
    <p class='ocr_par' dir='ltr' id='par_1_117' title="bbox 928 2815 1451 2854">
     <span class='ocr_line' id='line_1_117' title="bbox 928 2815 1451 2854; baseline 0.006 -10"><span class='ocrx_word' id='word_1_588' title='bbox 928 2824 990 2845; x_wconf 90' lang='lat' dir='ltr'><strong>cum</strong></span> <span class='ocrx_word' id='word_1_589' title='bbox 1011 2815 1125 2845; x_wconf 80' lang='lat' dir='ltr'><strong>ﬂorente</strong></span> <span class='ocrx_word' id='word_1_590' title='bbox 1143 2817 1262 2845; x_wconf 80' lang='lat' dir='ltr'><strong>exercitu</strong></span> <span class='ocrx_word' id='word_1_591' title='bbox 1277 2821 1305 2845; x_wconf 85' lang='lat' dir='ltr'><strong>et</strong></span> <span class='ocrx_word' id='word_1_592' title='bbox 1319 2821 1451 2854; x_wconf 87' lang='lat' dir='ltr'><strong>permiro,</strong></span> 
     </span>
    </p>
   </div>
  </div>
