1926 3071
105 165 157 196 245
833 165 853 193 C

976 165 1018 196 ES.
1685 160 1736 192 246

211 219 249 245 Τὸ
263 220 311 247 νῦν
327 221 397 256 πρὸς
411 221 534 248 ἑστίασιν
548 223 614 257 ἡμῖν
632 223 767 256 τυγχάνω
781 231 786 238 ·

218 265 251 291 ’0
266 267 392 300 κρεῖττον
405 267 488 300 όφθὲν
503 267 620 299 θανάτου
638 268 708 302 μετὰ
725 268 809 299 πάθος

124 309 196 337 6525
218 311 297 345 Ζωῆς
313 311 450 347 κατῆρξεν
465 311 578 346 ἀφθίτου
592 313 697 348 βροτῶν
712 315 791 348 χάριν
804 322 810 328 “

210 353 249 381 Οὗ
267 355 319 381 κᾶν
334 356 418 390 μέρος
431 365 472 388 τις
487 357 608 393 τυγχάνῃ
623 358 795 392 δεδεγμένος,

214 401 306 426 Ἃπαν
321 400 414 428 λαϐὼν
429 401 524 428 ἄπεισι
542 403 622 438 σῶμα
639 403 755 438 Κυρίου,

211 447 268 473 Kal.
290 447 490 483 προσθίουργεῖ
513 450 574 481 τοὺς
589 451 774 485 μετασχόντας
798 451 893 484 ξένως.

211 493 243 518 Οί
258 492 281 518 δ’
292 495 324 519 ἐκ
343 495 453 529 μερίδος
469 495 517 530 τῆς
532 496 657 528 ἐναντίας
671 497 752 523 πάλιν

120 537 190 566 6550
214 539 355 573 Ἐῃασκον
371 541 437 567 αὐτὸ
453 542 521 577 μηδὲ
537 542 622 569 τύπον
634 544 765 579 παρέχειν

210 586 320 620 Σεπτῆς
334 587 473 621 μακαρίας
488 596 516 614 τε
532 589 699 622 παλ.ινςωῖας
711 599 718 606 ·

209 632 380 666 Τελούμενον
398 633 426 659 δὲ
444 633 540 661 θυσίαν
555 635 641 670 μόνην
659 637 766 672 φέρειν,

212 679 372 705 Κάντεῦθεν
396 679 488 713 ἄνουν,
515 680 645 716 φθαρτὸν,
669 683 772 718 ἄψυχον
789 683 893 718 πέλειν,

212 724 268 750 Καὶ
283 724 330 751 τὸν
345 726 517 760 μετασχόντα
533 726 560 753 δὲ
575 726 726 761 λαμϐάνειν
742 729 837 763 μέρος,

118 769 190 795 6535
212 770 269 804 Οὐχ
285 770 360 796 ἆπαν
379 771 408 797 τὸ
428 772 508 806 σῶμα
526 772 574 799 τοῦ
593 774 713 808 Χριστοῦ
735 776 870 803 Δεσπότου
883 785 890 793 ·

210 814 240 840 Εἰ
256 814 321 850 γὰρ,
335 817 429 849 φασιν,
444 816 582 852 ἄφθαρτον
593 819 663 854 ὑπῆν
675 820 802 854 καθόλου,

208 856 263 884 Ἦν
278 859 310 884 ἂν
324 860 437 894 ἀναφὲς,
449 861 564 888 ἀθέατον
579 863 635 895 τοῖς
649 863 730 892 ὅλοις.

210 905 330 932 Τοιαῦτα
344 907 515 942 συνείροντες
529 909 583 935 οἵδε
595 909 766 945 δυστρόπως,

215 951 435 986 Ἀπλουστέρους
450 954 559 981 ἔπειθον
577 955 700 984 ὑπείκειν
715 959 802 991 σφίσι.

115 996 188 1023 6540
207 997 247 1032 Τῇ
265 998 400 1033 κρείττονι
419 999 484 1036 δόξῃ
499 1001 527 1028 δὲ
543 1003 705 1036 προστεθείς
717 1005 784 1039 ἄναξ

207 1044 258 1070 Εἴα
276 1044 415 1078 φθινύθειν
431 1047 571 1082 ’τη-’άλλως
579 1049 642 1081 τοὺς
656 1050 782 1086 θατέρας.

207 1090 311 1116 Μυσῶν
323 1090 402 1125 γένος
416 1092 544 1119 κάκιστον
565 1095 605 1125 εἰς
622 1096 782 1131 συμμαχίαν

207 1137 304 1170 Στίφος
323 1137 459 1171 Κομάνων
472 1139 625 1172 προσλαϐὸν
640 1143 812 1176 παριστρίων

209 1182 310 1217 Χώρας
323 1183 568 1218 ὲπῄειῬωμαῖκὰς
582 1186 712 1221 ὲκτρίϐον

115 1227 187 1256 6545
209 1229 265 1254 Καὶ
280 1229 356 1255 λείαν
368 1230 507 1264 ἀμύθητον
520 1233 711 1266 αἰχμαλωσίαν

208 1274 264 1300 Καὶ
282 1275 373 1301 σκῦλα
392 1276 504 1303 πλεῖστα
521 1278 655 1312 κερδάναν
672 1280 851 1316 ὑποστρέφει.

209 1320 267 1345 Καὶ
280 1320 353 1346 τοῦτ’
371 1320 405 1347 ἂν
420 1318 493 1357 εἶχεν
509 1324 597 1350 εἰσαεὶ
619 1325 686 1359 δρᾷ-ι
700 1326 730 1358 ἐξ
745 1327 831 1360 ἔθους,

205 1365 237 1391 Εἰ
254 1366 291 1400 μὴ
311 1365 342 1392 τὸ
355 1366 554 1403 Χριστώνυμον
568 1369 680 1402 εὗσεσὲς
697 1371 781 1406 φῦλον

205 1410 267 1436 Τῶν
284 1410 357 1443 Ῥὼς
376 1412 489 1448 ἀπεῖρξέ
515 1422 586 1449 σφας
603 1416 693 1452 κακῆς
714 1418 870 1455 προθυμίας
881 1429 887 1435 ·

111 1454 185 1483 8550
211 1456 242 1482 '0
255 1456 310 1491 γὰρ
325 1457 459 1493 Γαλίτζης
473 1459 586 1493 ἡγεμὼν
602 1463 763 1497 παραινέσει

202 1501 257 1528 Τοῦ
274 1504 461 1538 ποιμενάρχου
482 1504 617 1540 Ῥωσικῆς
631 1508 797 1543 Ἐκκλησίας

209 1548 309 1582 Στίφος
331 1551 464 1584 στρατιᾶς
478 1551 582 1585 ἡλικὼς
594 1552 633 1584 ὡς
648 1555 747 1590 μυρίον

214 1593 334 1627 Ἐπῆλθε
352 1595 385 1629 τῇ
402 1596 437 1630 γῇ
453 1596 508 1623 τῶν
523 1597 658 1632 Κομάνων
672 1599 780 1634 ἀθρόον,

206 1639 261 1665 Καὶ
278 1639 373 1674 χώραν
389 1639 521 1675 ἠφάνισεν
535 1642 625 1669 αὐτῶν
643 1644 782 1680 taxatch

111 1684 185 1712 6555
207 1686 262 1712 Καὶ
275 1686 355 1714 τοῦτο
363 1687 469 1722 δράσας
480 1688 644 1721 πλειστάκις
659 1690 830 1724 φιλοφρόνως

203 1732 250 1763 Εἰς
263 1733 386 1759 εὐσεϐῶν
400 1734 531 1769 καύχημα
548 1735 601 1762 τῶν
615 1737 833 1772 Χριστωνύμων,

204 1777 278 1811 Σιβᾶς
294 1780 449 1814 συμμαχεῖν
464 1780 568 1807 ἔπαυσε
592 1782 698 1814 Μυσοῖς
724 1783 883 1818 βαρϐάροις.

204 1822 259 1848 Καί
274 1832 316 1854 τις
331 1825 603 1860 Κομνηνῶνέκφυεὶς
618 1827 746 1862 Ἰωάννης

210 1868 292 1902 ’Δνὴρ
313 1869 437 1904 πιθώδης
455 1871 616 1906 σωματικὴν
632 1872 681 1907 τὴν
696 1872 796 1900 πλάσιν

112 1913 185 1940 6560
207 1915 366 1949 Προκοίλιός
378 1924 408 1942 τε
421 1916 468 1943 καὶ
487 1917 640 1953 λιπόκρεως
652 1918 713 1945 λίαν

207 1960 302 1994 ﬂuxu;
316 1961 433 1996 ἐπίκλην
453 1963 484 1988 ἐκ
500 1962 565 1994 θέας
579 1963 741 1999 φερωνύμου

209 2005 343 2041 ’Δντάρας
355 2004 432 2034 ὢπτο
449 2008 556 2043 βασιλεῖ
571 2011 643 2036 κατὰ
660 2010 754 2037 πόλιν·

202 2050 280 2077 Νεὼν
294 2053 349 2086 γὰρ
368 2053 458 2084 εἰσδὺς
472 2053 517 2079 τον
529 2053 596 2080 Θεοῦ
612 2054 683 2081 θεῖον
700 2056 786 2090 μέγαν

205 2097 261 2123 Καὶ
277 2097 331 2124 τῶν
347 2099 412 2132 περὶ
423 2099 562 2133 τράπεζαν
578 2101 750 2136 ῂωρημὲνων

112 2142 182 2169 6565
201 2143 338 2178 Στέφανον
353 2143 440 2175 ἐνθεὶς
457 2146 490 2180 τῇ
506 2145 588 2179 κρατὶ
605 2146 783 2182 παρανόμως,

203 2188 368 2223 Στεφανίτης
381 2188 465 2221 ἔξεισι
480 2189 525 2216 τοῦ
543 2190 614 2216 θείου
627 2190 711 2224 δόμου
722 2199 729 2206 ·

201 2234 256 2260 Καὶ
270 2234 316 2259 σὺν
330 2234 451 2269 φρατρίᾳ
467 2235 512 2261 καὶ
528 2236 692 2271 συνιστόρων
703 2237 793 2272 σσίφει

202 2280 307 2305 Ὄντων
325 2280 470 2314 ἐπισήμων
483 2288 512 2306 τε
537 2280 671 2316 λαμπρῶν
687 2283 718 2309 ὲκ
741 2284 846 2317 γένους,

204 2325 323 2352 Εῖσεισιν
341 2326 423 2356 εὐθὺς
441 2327 481 2357 εἰς
498 2327 628 2355 παλάτιον
645 2328 728 2363 μέγα,

109 2371 180 2398 6570
202 2372 265 2402 Τοῖς
281 2371 431 2405 βασιλικοῖς
447 2372 629 2408 ἀναδούμενος
641 2374 764 2409 κρότοις·

200 2419 256 2444 Καὶ
273 2417 412 2452 βασιλείου
428 2418 545 2450 καθίσας
561 2420 609 2446 ἐπὶ
626 2421 723 2455 θρόνου

198 2464 281 2495 Τινάς
295 2465 454 2500 ἐδωρήσατο
467 2465 609 2501 λαμπραῖς
622 2467 723 2500 ἀξίαις.

203 2509 233 2534 '0
252 2510 400 2544 συρφάκων
416 2509 494 2544 ὄχλος
507 2511 534 2537 δὲ
553 2511 600 2537 καὶ
615 2512 669 2537 τῶν
690 2512 845 2546 ξυγκλύδων

205 2554 270 2581 Ἀνὰ
287 2557 599 2591 στενωποὺς,ἀμφόδους
615 2557 702 2589 Βυζαν
709 2558 773 2590 είδος

104 2602 177 2628 6ἶὶἹῦ
200 2602 271 2636 Πρὸς
286 2603 308 2628 δ’
323 2601 358 2629 αὖ
374 2603 473 2636 ἀγυιὰς
489 2605 676 2640 ἐκτρέχοντες,
697 2604 810 2639 λιμένας

203 2648 385 2684 Ἀνηγόρευον
402 2649 527 2677 Αὐσόνων
540 2651 652 2685 βασιλέα

204 2694 356 2729 Ἐλευθέρῳ
373 2696 489 2730 στόματι
504 2697 578 2723 ⁴τόνδ’
603 2697 740 2734 Ἰωάννην,

197 2739 327 2772 Τιθέντες
342 2742 384 2772 είς
397 2741 531 2777 ἅρπαγμα
542 2743 671 2780 λαμπρὰς
683 2746 782 2776 οἰκίας.

197 2786 306 2818 Νυκτὸς
321 2787 351 2813 δὲ
368 2788 464 2821 χανδὸν
477 2789 644 2824 ἐμφορηθεὶς
656 2791 779 2826 ἀκράτου

109 2832 178 2859 6580
197 2832 292 2868 Παχὺς
305 2833 410 2868 φρένας
426 2834 522 2869 κλῆσίν
535 2843 564 2861 τε
578 2836 708 2871 τύραννος
722 2838 792 2870 νέος,

203 2879 290 2911 ’Δνείς
305 2887 337 2905 τε
352 2878 437 2911 πύλας
454 2880 565 2913 ἀνέτονς
581 2882 737 2918 ἀνακτόρων

912 223 934 250 Α
951 221 1056 248 Domini
1073 229 1171 255 corpus
1190 229 1301 256 prorsus
1322 227 1382 248 esse
1397 217 1542 254 ejusmodi,

954 267 1034 300 quale
1049 268 1152 294 devicta
1170 272 1257 294 morte
1271 273 1332 302 post
1345 265 1497 300 passionem

952 317 1081 339 aeternam
1100 313 1202 347 accepit
1218 313 1300 340 vitam
1317 311 1401 339 nostri
1418 310 1520 345 gratia:

952 365 1040 391 neque
1058 358 1225 392 aliquantam
1247 362 1351 392 partem
1366 364 1414 383 nos
1428 355 1577 390 percipere,

951 404 998 431 sed
1014 404 1169 431 universum
1183 403 1284 431 Christi
1299 410 1397 437 corpus
1410 401 1527 433 Domini,

950 457 964 477 a
978 457 1033 484 quo
1048 455 1186 477 sumentes
1202 449 1407 478 sanctiﬁcamur
1420 448 1498 475 mire.

950 494 1050 523 Verum
1065 496 1209 523 contrariae
1223 495 1309 530 partis
1323 495 1479 522 defensores

950 540 1078 569 dicebant
1093 543 1178 576 ipsum
1196 542 1265 569 haud
1281 541 1408 576 praeferre
1424 546 1515 577 typum

950 594 1034 614 sacra?
1049 595 1081 614 ac
1097 589 1181 615 beatae
1195 587 1303 615 Domini
1320 592 1489 619 anastaseos,

950 633 997 661 sed
1015 633 1180 661 sacrificium
1196 634 1276 661 unice
1290 633 1420 668 mysterio
1436 633 1512 666 fieri;

949 680 1013 707 hinc
1027 680 1224 714 corruptivum,
1241 682 1299 707 sine
1314 687 1406 712 sensu,
1421 678 1556 706 exanime.

947 725 970 751 A
989 725 1067 752 nobis
1081 731 1171 752 autem
1187 725 1256 752 sumi
1271 729 1374 759 partem
1392 728 1508 755 tantum,

947 779 1002 798 non
1016 772 1173 799 universum
1189 775 1293 806 ’corpus
1307 770 1410 798 Christi
1431 769 1536 796 Domini
1551 776 1557 795 :

947 825 1010 845 nam
1024 817 1047 845 si
1063 818 1114 845 hoc
1126 822 1198 845 esset
1215 825 1326 852 prorsus
1344 817 1570 850 incorruptivum.

948 870 1000 891 nee
1014 863 1149 898 palpabile
1170 863 1228 891 fore
1244 871 1292 891 nec
1307 863 1425 890 visibile.

948 908 1011 936 Haec
1025 908 1070 935 isti
1087 908 1154 935 falso
1170 909 1334 935 blaterantes
1350 915 1399 935 ore

949 953 1112 988 imperitiori
1130 954 1214 981 turbat
1235 953 1370 980 faciebant
1386 953 1474 979 fucum
1488 960 1494 978 :

948 1001 996 1027 sed
1015 1000 1163 1034 imperator
1177 1000 1330 1034 obsequens
1348 998 1452 1026 meliori
1466 997 1583 1032 dogmati

948 1046 1012 1073 sivit
1024 1045 1176 1072 contrarios
1190 1044 1292 1072 frustra
1310 1043 1444 1071 laborare.

947 1092 1067 1119 Pessima
1082 1098 1149 1126 gens
1164 1090 1309 1117 Mmsornm
1327 1097 1387 1117 cum
1406 1089 1478 1116 socia
1493 1095 1576 1115 manu

947 1138 1102 1165 accolarum
1123 1137 1237 1163 Danubii
1256 1136 1438 1163 Comanorum

949 1188 1035 1211 terras
1047 1184 1184 1211 Romanas
1204 1181 1358 1209 incursabat
1374 1185 1493 1213 vastans,

945 1232 1117 1265 praidamque
1133 1229 1228 1264 agebat
1242 1229 1385 1262 plurimam
1404 1231 1430 1254 et
1443 1226 1576 1262 captivos,

947 1277 1046 1312 quibus
1065 1276 1149 1302 ditata
1169 1275 1194 1301 in
1211 1274 1325 1308 patriam
1342 1281 1370 1300 se
1390 1273 1546 1307 recipiebat.

944 1324 1032 1357 Atque
1047 1321 1073 1349 id
1090 1321 1216 1355 deinceps
1232 1327 1339 1354 semper
1352 1324 1446 1346 actura
1463 1319 1561 1351 fuerat,

945 1369 997 1397 nisi
1014 1369 1160 1396 Rossorum
1175 1367 1218 1402 pia
1234 1375 1299 1402 gens
1315 1367 1469 1395 Christiana

942 1416 1108 1443 cohibuisset
1123 1414 1257 1442 Barbaros
1275 1421 1289 1440 a
1309 1413 1451 1441 maleficio.

941 1461 1052 1490 Galitza:
1066 1461 1163 1495 quippe
1176 1460 1312 1495 princeps,
1321 1460 1481 1487 adhortante

943 1506 1069 1534 Ecclesia:
1085 1513 1191 1533 summo
1211 1505 1330 1532 Rossicaa
1346 1509 1463 1539 pastore,

900 1558 922 1589 (ζ
940 1553 1055 1588 plurima
1074 1552 1184 1579 militari
1199 1555 1291 1579 coacta
1306 1557 1400 1584 manu,

942 1599 968 1626 in
985 1598 1167 1626 Cumanorum
1186 1605 1280 1632 agrum
1296 1601 1408 1631 repente
1425 1597 1506 1623 irruit

939 1652 1055 1678 eumque
1072 1650 1192 1672 extrema
1208 1644 1299 1672 affecit
1312 1644 1437 1672 vastitate
1452 1653 1458 1670 :

941 1692 1012 1726 quod
1026 1699 1086 1718 cum
1103 1691 1204 1726 egisset
1220 1698 1290 1724 saepe
1306 1691 1394 1718 amico
1410 1691 1500 1718 animo

940 1739 972 1764 ad
988 1738 1112 1765 solatium
1129 1738 1233 1772 piorum
1248 1737 1481 1768 Christianorum,

938 1784 1114 1811 Comanieum
1132 1783 1265 1810 auxilium
1281 1783 1372 1810 Moesis
1388 1783 1507 1810 abstulit.

937 1828 1056 1857 Joannes
1072 1828 1181 1864 quidam
1203 1830 1236 1856 de
1251 1828 1398 1856 Comnenis
1415 1828 1531 1864 genitus,

937 1875 1060 1909 corporis
1079 1874 1149 1902 mole
1164 1874 1216 1902 doli
1230 1874 1347 1901 formam
1367 1874 1498 1907 referens,

936 1921 1055 1956 proiecto
1072 1925 1175 1952 ventre,
1192 1920 1320 1948 carnibus
1337 1921 1528 1954 pinguissimis.

937 1967 1046 1994 nomine
1058 1967 1153 1994 idoneo
1169 1967 1256 1994 dictus
1278 1967 1357 2002 vulgo
1372 1967 1497 1998 Crassus,

935 2012 1033 2039 Cazsari
1050 2019 1079 2040 se
1094 2012 1219 2040 rebellem
1240 2013 1264 2039 in
1284 2013 1348 2040 urbe
1364 2013 1487 2047 praebuit.

935 2058 1072 2093 Ingressus
1090 2059 1161 2086 enim
1179 2060 1306 2094 templum
1326 2059 1371 2086 Dei
1389 2060 1544 2091 maximum,

935 2111 1064 2132 coronam
1083 2112 1115 2131 ex
1134 2104 1168 2131 iis
1185 2112 1244 2139 qua:
1261 2112 1351 2131 mensa
1370 2106 1522 2139 pendebant
1540 2112 1615 2132 sacra

933 2157 1000 2177 ausu
1019 2150 1132 2177 scelesto
1149 2150 1276 2185 imposuit
1290 2151 1315 2177 in
1334 2156 1414 2184 caput
1429 2158 1517 2182 suum,

934 2201 1014 2230 atque
1031 2197 1066 2223 ita
1080 2202 1226 2224 coronatus
1241 2197 1337 2231 templo
1353 2197 1434 2224 exiit:

899 2237 924 2267 ι)
937 2246 962 2268 et
979 2250 1039 2269 cum
1060 2243 1164 2269 favente
1180 2243 1335 2277 eonspirato
1353 2243 1430 2277 globo

935 2289 1072 2316 hominum
1091 2288 1290 2322 splendidorum
1307 2289 1340 2316 de
1354 2289 1441 2316 classe
1458 2289 1550 2322 nobili,

935 2339 1006 2361 recta
1023 2335 1155 2368 processit
1171 2335 1203 2362 ad
1222 2334 1349 2370 palatium
1369 2342 1505 2370 magnum,

934 2380 1072 2416 plausibus
1087 2381 1313 2416 concrepantibus
1331 2381 1356 2408 iu
1375 2388 1475 2408 morem
1491 2381 1613 2416 regium:

934 2433 996 2452 mox
1013 2433 1074 2453 cum
1091 2421 1173 2461 regali
1192 2427 1357 2454 consedisset
1373 2427 1483 2459 throno,

933 2471 1082 2505 splendidis
1101 2473 1232 2506 quosdam
1249 2473 1359 2500 donavit
1373 2473 1558 2508 dignitatibus.

933 2517 1051 2545 Miseella
1070 2525 1134 2545 vero
1148 2518 1236 2552 populi
1253 2518 1381 2547 colluvies

932 2570 980 2597 per
995 2564 1167 2598 angiportus,
1188 2565 1245 2592 vias
1261 2565 1388 2599 vicosque
1401 2565 1475 2593 urbis

933 2618 1036 2644 perque
1051 2611 1153 2646 plateas
1168 2619 1281 2639 currens
1298 2616 1376 2646 atque
1395 2615 1489 2646 portus

933 2656 1085 2684 Romanum
1105 2658 1281 2692 proclamavit
1299 2657 1488 2692 imperamrem

933 2703 1017 2731 libera
1037 2703 1126 2738 lingua
1142 2704 1284 2731 clamitans
1301 2704 1366 2732 hum
1384 2704 1533 2739 Joannem;

932 2754 957 2776 et
971 2748 1050 2777 simul
1065 2749 1205 2782 opulentas
1221 2749 1354 2783 spoliabat
1368 2754 1472 2778 domos.

932 2793 1031 2821 Verum
1049 2799 1179 2829 sequente
1195 2799 1274 2822 nocte
1288 2803 1361 2823 mero
1376 2803 1521 2831 oppressus

932 2847 1042 2867 crassus
1059 2840 1102 2867 hic
1120 2845 1209 2867 mente
1222 2845 1251 2867 et
1263 2841 1372 2868 nomine
1387 2845 1530 2876 tyrannus,

933 2885 1010 2921 regia?
1027 2886 1180 2921 patentibus
1194 2893 1241 2921 per
1254 2886 1404 2914 socordiam
1419 2887 1524 2923 januis,
