1926 3071
132 153 189 182 25')

244 207 370 232 ’Ἀπαντα
385 205 465 240 νιχᾷν
478 204 607 239 τραγικὸν
623 203 689 238 πρὶς
703 203 733 229 τὸ
747 203 850 229 κλαίειν

240 252 296 278 Καὶ
309 250 518 286 δραματουργὸν
533 250 680 285 συμφορῶν
693 248 880 284 ἀνθρωπίνων,

155 297 230 325 6640
250 295 309 324 οἶοί
329 306 383 332 περ
395 297 476 328 ὄντες
491 296 672 330 τυγχάνουσιν
688 296 812 325 ἐκτόπως

242 343 399 378 Σοφοκλείς,
423 342 552 378 Αἰσχύλοι
569 350 597 368 τε
614 342 663 368 σὺν
678 341 850 372 Εὐριπίδκις·

242 390 360 421 Πίσυνος
374 389 412 416 ὢν
425 389 502 423 ὅμως
518 388 547 414 δὲ
560 387 639 421 κάγὼ
650 387 688 422 τῷ
703 387 788 421 λόγῳ,

242 436 330 463 Αὐτοῦ
348 436 476 467 διδόντος,
489 434 575 469 ἑξερῶ
586 443 611 460 τι
628 434 695 468 πρὸς
714 433 820 462 σθένος.

237 481 369 510 Καθεῑλεν
383 481 503 515 Ἀλέξιος
521 479 661 514 Κομνηνδς
677 478 789 514 κράτωρ

151 530 223 557 6645
244 529 380 564 Σύναιμον
395 529 513 555 ’ἰσάκιον
522 529 636 564 ἀρχικοῦ
648 529 744 563 θρόνου
756 535 764 543 ·

239 577 294 602 Καὶ
306 576 367 610 τάχ’
381 574 415 602 ἂν
432 574 505 608 ὑπῆν
521 575 661 610 συμφέρον
681 574 848 610 κραταρχίᾳ,

241 622 273 648 Εἰ
291 621 368 648 τοῦδε
386 621 468 656 μηδὲν
481 621 606 656 φυλακῆς
620 620 783 656 κατημέλει.

239 667 308 694 Νυνὶ
324 668 352 695 δὲ
367 668 490 702 διάγοντι
505 668 569 703 τῷδ’
585 668 697 703 Ἰσακίῳ

243 714 319 741 Κατά
329 723 361 748 γε
380 713 493 741 διπλοῦν
511 714 590 742 κίονα
602 715 802 749 Προποντίδος,

152 762 223 789 6650
242 761 403 788 Ἀνεύουνον
424 761 565 796 ξύμπασιν
581 760 616 798 ἦν
635 763 781 797 προσιέναι

242 806 295 833 Καὶ
305 806 477 841 καθομιλεῖν,
494 807 584 833 πάντα
601 815 634 833 τε
653 807 720 842 δρᾷν
730 807 838 843 ἀνέδην.

213 886 215 888 τ
241 852 379 883 Διακόνοις
396 851 442 878 οὖν
461 852 572 883 Ἰταλοῖς
586 853 770 886 κεχρημένος,

241 898 367 933 ’Δνδράσι
391 898 492 933 φίλοις,
507 899 653 934 γράμματ’
670 899 907 935 ἐκπέμπει).άορα

239 945 304 980 Φίλῃ
322 945 441 980 Θυγατρὶ
453 946 486 981 τῇ
510 946 632 981 συνεύνῳ
649 947 786 974 Φιλίππου

151 991 221 1018 6655
241 991 401 1024 Ἀλαμανῶν
417 991 548 1026 ἄρχοντος
565 992 686 1026 εὐτυχῶς
703 993 762 1019 τότε

240 1035 341 1070 Δηλοῦν
355 1035 390 1062 τά.
400 1036 425 1063 οἱ
436 1035 584 1071 ξύμπαντα
600 1037 792 1073 συμὸεὗηκότα
806 1047 813 1054 ·

239 1081 378 1108 Κάκεῖθεν
393 1081 553 1117 ἀντίγραφα
571 1083 819 1118 προσδεδεγμένος,

240 1127 348 1161 Πέμπει
364 1127 433 1162 πρὸς
449 1127 535 1163 αὐτὴν
559 1128 677 1162 Ἀλέξιον
695 1129 767 1162 υἱέα,

243 1173 291 1198 Ὃν
306 1173 352 1199 καὶ
362 1173 451 1199 λιπεῖν
463 1173 560 1208 ἤλπιζε
573 1174 723 1209 κληροῦχον
736 1176 861 1210 στέφους,

150 1217 219 1255 66ςο
239 1218 364 1245 Δαθάντα
378 1218 429 1253 τὴν
443 1219 572 1254 αἴσθησιν
587 1217 629 1251 οἷς
643 1220 741 1247 τούτου
762 1221 851 1256 λόγος.

243 1263 333 1296 Ὅπως
349 1264 378 1291 δὲ
393 1264 482 1291 λαϐὼν
501 1265 641 1300 διέδρασε.
657 1266 782 1293 λεκτέον

242 1307 323 1341 οὗτός
334 1319 365 1344 γε
385 1310 519 1342 συνέξεισι
532 1311 571 1346 τῷ
595 1313 759 1348 στεφηφόρῳ

239 1356 401 1391 Στράτευμα
417 1357 560 1390 κινήσαντι
576 1358 647 1385 κατὰ
661 1358 830 1396 Καμμύτζη’

237 1401 282 1433 El;
293 1401 315 1428 δ’
330 1400 377 1429 οἷν
390 1403 598 1437 Δαμοκράνειαν
612 1405 802 1441 ἑσκηνημένου

149 1449 221 1478 66ὺῦ
241 1449 375 1484 ’Δπῴχετ’
389 1450 471 1482 αὐτὸς
483 1450 606 1486 ἀποδρὰς
622 1451 690 1486 πρὸς
708 1453 836 1488 Ἀθύραν.

244 1495 384 1529 Ὲφόλκιον
405 1496 433 1522 δὲ
444 1497 507 1532 νηὸς
522 1497 630 1532 εὐρείας
648 1498 719 1525 πάνυ

242 1541 466 1577 Ἐλλησποντίαις
485 1544 585 1577 πηγαῖς
603 1544 835 1581 καθωρμισμένης

237 1584 289 1618 rll;
304 1587 421 1622 ἡγεμὼν
437 1586 472 1623 ῆν
493 1589 525 1614 ὲκ
542 1589 667 1615 Λατίνων
683 1591 814 1623 Πισσαῖος

240 1632 477 1668 Ιιροευτρεπισθὲν
491 1635 530 1665 εἰς
543 1634 625 1669 δοχὴν
643 1634 690 1661 τοῦ
705 1635 853 1670 δραπέτου,

146 1679 217 1708 6670
243 1680 317 1707 Ἐκεῖ
335 1680 460 1715 κατάραν
480 1680 641 1716 ἐξεπίτηδες
669 1682 742 1713 τότε,

240 1725 383 1760 Ἥρπακδς
398 1725 544 1757 ἐξέπλευσε
563 1726 608 1753 τὺν
624 1727 744 1761 νεανίαν,

236 1771 292 1797 Καὶ
305 1771 373 1806 πρὸς
397 1771 461 1806 μέγ’
474 1772 614 1807 ἀπήνεγκε
631 1772 723 1799 πλοῖον
744 1774 872 1801 Λατίνου.

241 1817 319 1844 Ἐπεὶ
331 1817 359 1843 δὲ
374 1817 494 1852 δρασμὸς
518 1818 664 1852 διέγνωστο
678 1818 726 1844 τοῦ
742 1819 814 1852 νέου,

237 1863 350 1894 Στεὶλας
364 1864 465 1899 ἐρευνᾷ
483 1863 615 1898 βασιλεὺς
642 1864 735 1891 πλοῖον
754 1865 837 1899 μέγα’

146 1909 218 1937 6675
237 1909 319 1936 Οὗδὶν
330 1909 359 1936 δὲ
376 1909 423 1937 καὶ
440 1910 593 1944 δράσαντες
613 1910 834 1945 ἀπεσταλμένοι,

238 1956 418 1992 Παλίνδρομοι
433 1955 567 1990 φθάνουσι
580 1956 651 1991 πρὸς
677 1957 803 1991 βασιλέα.

236 2002 406 2037 Κειράμενος
421 2001 477 2037 γὰρ
493 2001 602 2036 εὐφυῶς
623 1999 701 2034 οὗτος
722 2003 822 2038 κόμην,

240 2046 392 2081 Ἑσθήμασί
406 2055 436 2072 τε
454 2045 655 2081 σχηματισθεὶς
671 2045 804 2079 Λατίνων,

233 2091 397 2126 Εἱλούμενός
412 2091 436 2117 τ’
453 2089 487 2118 αὖ
503 2090 606 2125 ἀναμὶξ
626 2090 717 2117 αὐτῶν
739 2090 821 2126 ὄχλῳ,

144 2138 215 2166 6680
238 2139 395 2171 Ἀγνωστος
410 2135 446 2172 ἦν
461 2137 547 2164 ἅπασι
565 2137 613 2162 καὶ
631 2137 688 2168 τοῖς
711 2137 820 2164 εἰδόσιν.

232 2183 328 2216 Οὕτως
338 2184 462 2219 ἀποδρὰς
487 2183 620 2216 ’Λλὲξιος,
642 2183 679 2214 ὡς
696 2182 777 2218 ἔφην,

235 2230 307 2263 Πρὸς
325 2231 496 2266 κασιγνήτην
514 2231 543 2256 ὲν
559 2229 671 2264 Σικελίᾳ
686 2229 774 2262 πλέει,

235 2278 289 2304 Καὶ
303 2277 360 2313 τῇδ’
375 2276 505 2312 ὲποιροεὶς
523 2275 691 2311 ὲκτραγῳδεῖ
713 2276 746 2303 τὰ
759 2276 844 2310 πάθη·

240 2324 271 2350 Ἥ
287 2323 310 2349 δ’
323 2323 471 2358 ὲκλιπαρεῖ
484 2323 530 2349 τὸν
544 2322 675 2349 σύνευνον
690 2321 794 2356 ἀμῦναι

140 2370 212 2398 H583
231 2369 303 2403 ιιιὶλῳ
315 2377 345 2395 τε
357 2370 442 2403 πατρὶ
463 2368 605 2403 δυστυχῶς
623 2368 778 2402 πεπραγότι

230 2417 287 2442 Καὶ
306 2415 430 2450 ςυγγόνῳ
445 2415 561 2450 πλάνητι
577 2414 674 2449 γυμνῷ
685 2415 709 2441 τ’
724 2415 844 2450 ἀστὲγῳ.

231 2461 327 2489 Ταῦτα
340 2462 390 2496 μὲν
407 2461 477 2488 οὕτω
488 2461 638 2496 ουνέκυρσε
652 2459 692 2494 τῷ
704 2460 775 2486 τότεο

237 2508 325 2542 ’Υπῆν
345 2508 368 2535 δ’
388 2508 494 2542 ἐριννὺς
519 2508 659 2543 φθαρτικὴ
686 2509 733 2535 καὶ
747 2509 813 2542 πρὶν
831 2507 916 2541 πόλει,

235 2554 345 2589 Ἐρὶκος
368 2563 412 2586 τις
424 2555 569 2587 Δάνδουλος
584 2556 647 2589 δοὺξ
661 2556 799 2588 Βενετίας,

139 2603 212 2629 ὓίῐθί)
239 2602 324 2636 Ἀνὴρ
334 2601 458 2636 ἀγύρτης
474 2603 520 2628 καὶ
532 2602 649 2634 παλαιὸς
664 2604 774 2636 κακίαν,

231 2649 315 2682 Ἄδερ
326 2648 477 2682 ἁλιτήριος,
492 2648 619 2674 Αὐσόνων
631 2648 715 2684 λύμη,

233 2696 282 2725 ‘0;
297 2693 445 2727 ὑποτύφων
461 2693 587 2728 ζώπυρον
600 2694 751 2728 βασκανίας

232 2739 402 2774 Ἐναύσματ’
419 2739 454 2766 αὖ
474 2740 584 2774 μήνιδος
600 2741 707 2767 ἔνδοθεν
728 2741 819 2776 φέρων

233 2787 277 2818 Ὠς
289 2787 320 2812 ὲν
339 2785 439 2820 σποδιᾷ
451 2787 498 2820 τῆς
515 2786 611 2812 ἑαυτοῦ
629 2785 740 2821 καρδίας

139 2834 208 2860 ϐίῡθῦ
231 2834 289 2867 Τῆς
302 2832 396 2866 δῆθεν,
412 2832 449 2863 ὡς
462 2832 593 2866 ἔφασκεν,
614 2833 654 2864 εἰς
667 2833 844 2867 συμψυλέτας

232 2880 303 2916 Παρ*
317 2878 448 2907 Αὐσόνων
462 2879 525 2914 πρὶν
541 2878 643 2913 ζημίας
660 2879 814 2916 παροινίας,

858 147 1036 177 CIESARES

950 204 974 231 Λ
989 206 1034 238 qui
1052 206 1174 240 quamvis
1185 211 1325 240 superaret
1343 205 1474 240 plorando
1491 203 1623 238 tragicum

1717 145 1770 177 250

983 254 1219 287 humanarumque
1237 257 1355 279 actorem
1374 251 1568 282 miseriarum;

980 298 1075 333 quales
1091 297 1200 324 fuerunt
1218 298 1324 324 scilicet
1339 297 1377 324 illi
1394 296 1489 324 eximii

981 344 1126 379 Sophocles
1139 343 1340 378 Eschylnsque
1353 348 1433 377 alque
1447 340 1598 375 Euripides.

981 390 1080 417 Verum
1099 394 1126 417 ct
1137 398 1187 424 ego
1208 389 1293 417 fretus
1308 389 1442 416 facundia:
1458 387 1574 420 viribus,

980 437 1076 464 harum
1092 444 1143 471 ope
1155 436 1257 471 aliquid
1271 436 1390 462 conabor
1402 434 1465 461 fari.

978 484 1136 512 Cumnenus
1151 482 1242 511 Caesar
1256 482 1398 516 expulerat
1412 481 1521 508 Alexius

979 538 1138 565 germanum
1153 529 1284 556 lsaacium
1300 527 1383 563 regali
1397 527 1511 560 throno;

979 577 1061 612 idque
1074 576 1188 604 fortasse
1201 575 1292 602 fuerat
1305 574 1418 609 imperio
1433 574 1510 606 utile,

979 624 1030 651 nisi
1045 623 1196 651 custodiam
1209 622 1278 657 pulsi
1295 621 1467 656 neglexisset.

978 670 1055 698 Nunc
1067 677 1128 697 cum
1145 669 1262 696 lsaacius
1278 668 1387 695 domum
1404 667 1537 694 habitaret

978 716 1011 744 ad
1025 717 1093 744 duas
1105 716 1244 743 columnas
1263 714 1342 741 sitam
1355 715 1381 740 in
1396 713 1573 748 Propontide,

977 766 1037 790 erat
1050 762 1148 796 cuique
1165 761 1278 788 liberum
1294 761 1435 791 accedere,

978 808 1112 842 colloquia
1128 812 1209 841 atque
1226 806 1332 841 negotia
1350 806 1480 833 audacter
1498 812 1590 840 agere.

939 870 964 901 Β
983 854 1053 888 Ergo
1068 854 1189 882 lsaacius
1206 861 1271 880 usus
1284 853 1414 879 ministris
1430 851 1504 879 ltalis

979 900 1075 928 amicis
1090 900 1140 927 sibi
1156 899 1231 931 viris,
1251 906 1365 926 arcanas
1381 898 1485 925 litteras

979 947 1062 974 mittit
1080 946 1112 974 ad
1129 945 1211 973 filiam
1228 952 1307 972 suam
1327 943 1444 978 Philippi
1460 950 1571 970 uxorem

980 997 1042 1020 tunc
1053 992 1210 1019 Alamannis
1228 990 1387 1026 imperantis
1405 989 1529 1016 feliciter.

979 1039 1008 1066 ln
1025 1038 1067 1066 his
1085 1037 1257 1072 significabat
1273 1036 1409 1063 fortunam
1425 1042 1502 1062 suam
1518 1043 1526 1061 :

981 1084 1152 1119 receptisque
1165 1083 1239 1110 illinc
1255 1082 1375 1109 vicissim
1392 1082 1492 1109 litteris

981 1131 1089 1158 mittere
1101 1129 1226 1156 Alcxium
1242 1128 1327 1155 filium
1338 1128 1371 1154 ad
1386 1128 1469 1161 ipsam
1483 1126 1589 1158 statuit,

981 1177 1071 1211 (quem
1091 1180 1117 1202 et
1131 1175 1258 1210 sperabat
1269 1173 1343 1208 regni
1358 1173 1491 1200 ltaareilem
1509 1169 1643 1206 linquere)

978 1223 1047 1250 claui
1062 1222 1115 1249 illis
1128 1221 1230 1248 scilicet
1247 1220 1290 1254 qui
1308 1219 1488 1246 observabant
1501 1218 1638 1253 juvenem.

978 1268 1030 1296 Sed
1046 1273 1075 1295 ut
1089 1267 1200 1294 latuerit
1217 1265 1291 1300 fuga,
1305 1264 1381 1299 juvat
1395 1264 1499 1298 eloqui.

978 1314 1121 1342 Profectus
1138 1313 1180 1340 hic
1195 1319 1257 1340 cum
1270 1311 1378 1339 Caesare
1395 1317 1480 1345 nuper
1497 1309 1585 1336 fuerat

978 1360 1078 1388 bellum
1093 1359 1265 1393 Cannuytzte,
1283 1362 1312 1384 ut
1326 1357 1452 1389 diximus,
1469 1354 1595 1382 inferenti
1613 1363 1620 1382 :

978 1413 1040 1432 cum
1057 1409 1145 1431 autent
1159 1402 1345 1430 Damocrania:
1357 1409 1431 1429 mora
1449 1401 1534 1432 ﬂeret,

977 1451 1039 1486 fuga
1061 1451 1220 1478 adolescens
1235 1449 1350 1476 contulit
1364 1456 1395 1476 se
1406 1447 1549 1483 Athyram.

977 1498 1098 1532 Cumque
1113 1496 1229 1524 famulus
1246 1496 1349 1524 lembus
1364 1494 1481 1530 ingentis
1495 1493 1572 1520 navis

936 1541 957 1570 C
974 1543 1051 1579 cujus
1064 1543 1215 1571 navarchus
1232 1547 1290 1571 erat
1307 1542 1424 1569 Pisanus
1438 1540 1517 1572 civis,

973 1590 1006 1616 ad
1020 1589 1184 1623 Hellesponti
1197 1593 1278 1623 caput
1290 1594 1450 1623 progressus
1466 1591 1548 1619 esset,

973 1641 1085 1671 paratus
1096 1642 1191 1670 nempe
1207 1634 1240 1662 ad
1255 1634 1442 1669 excipiendum
1456 1632 1598 1669 profugum
1611 1641 1620 1666 ;

974 1687 1086 1714 repente
1101 1682 1226 1709 admotus
1241 1682 1351 1716 Athyras
1366 1680 1503 1708 littoribus

974 1734 1087 1763 recepto
1104 1728 1276 1756 adolescente
1290 1728 1373 1755 altum
1393 1727 1490 1760 tenuit,

972 1779 1054 1808 atque
1070 1773 1102 1800 ad
1117 1772 1206 1800 Pisani
1221 1780 1315 1800 navent
1331 1773 1454 1800 eumdem
1470 1772 1618 1799 transtulit.

973 1819 1026 1847 Sed
1038 1827 1099 1846 mox
1118 1823 1147 1846 ut
1160 1818 1222 1854 fuga
1240 1818 1358 1846 inltotuit
1374 1818 1568 1851 adolescentis,

972 1866 1107 1901 navigium
1122 1873 1248 1900 magnum
1269 1864 1360 1893 Caesar
1375 1865 1492 1892 scrutari
1507 1865 1591 1899 jussit

971 1913 1111 1941 ministros
1127 1921 1140 1939 a
1157 1920 1186 1940 se
1203 1912 1321 1945 missos;
1340 1911 1386 1939 sed
1409 1910 1452 1938 isti
1467 1916 1557 1938 tamen

971 1960 1004 1987 ad
1020 1967 1081 1986 eum
1096 1959 1200 1987 reversi
1214 1963 1278 1986 sunt
1291 1958 1399 1993 negotio
1415 1957 1524 1984 infecto.

971 2006 1076 2034 Etenim
1093 2011 1155 2041 apte
1171 2010 1249 2033 tonso
1261 2004 1359 2039 capillo
1371 2003 1480 2037 juvenis

971 2053 1188 2086 vestimentoque
1208 2050 1341 2078 simulans
1358 2057 1388 2076 se
1401 2049 1540 2082 Latinum,

971 2106 1032 2126 cum
1045 2105 1074 2125 se
1087 2097 1293 2132 permiscuisset
1307 2096 1392 2122 turbae
1405 2096 1531 2125 nauticae.

970 2145 1077 2172 cunctis
1091 2144 1132 2170 vel
1149 2143 1330 2170 familiaribus
1342 2142 1392 2168 fuit
1408 2142 1571 2175 incognitus.

972 2189 1016 2216 Sic
1032 2189 1094 2224 fuga
1110 2189 1228 2222 elapsus,
1242 2191 1272 2214 ut
1285 2187 1385 2214 dictum
1399 2190 1450 2217 est,
1469 2185 1579 2213 Alexius

971 2237 1004 2263 ad
1017 2243 1140 2263 sororem
1156 2233 1262 2262 confert
1275 2241 1304 2262 se
1318 2234 1343 2260 in
1361 2232 1496 2264 Siciliam,

972 2289 1052 2317 atque
1061 2282 1130 2317 apud
1143 2281 1215 2308 illam
1229 2288 1308 2308 casus
1319 2280 1364 2308 flet
1378 2280 1565 2313 domesticos;

971 2337 1030 2364 qua:
1043 2336 1169 2362 sponsum
1186 2328 1309 2355 exoravit
1325 2333 1354 2355 ut
1369 2327 1462 2354 vindex
1477 2328 1553 2355 fleret

971 2375 1075 2410 parenti
1091 2382 1140 2402 suo
1155 2379 1209 2402 tant
1225 2374 1355 2409 gravibus
1369 2381 1500 2409 oppresso
1515 2375 1603 2408 malis,

971 2421 1102 2456 fratrique
1116 2422 1198 2454 nudo,
1211 2421 1298 2449 exsuli
1312 2426 1339 2449 et
1349 2422 1407 2449 sine
1418 2421 1528 2448 laribus.

970 2468 1037 2495 Dum
1054 2468 1110 2495 haec
1126 2468 1342 2502 peragebantur,
1358 2467 1474 2503 Erinnys
1491 2468 1543 2495 alia

969 2515 1081 2542 exitiosa
1101 2515 1257 2550 Byzantina:
1271 2514 1330 2542 urbi

970 2561 1021 2587 dux
1036 2560 1212 2587 Venetiarum
1231 2566 1289 2587 erat
1304 2559 1400 2588 Ericus
1414 2559 1564 2592 Dandnlus.

970 2607 1010 2633 vir
1025 2605 1223 2640 fraudulentus,
1239 2611 1372 2633 veterator
1387 2606 1531 2641 possimus,

969 2653 1040 2679 Ailer
1064 2652 1254 2686 exsecrandus,
1273 2653 1378 2686 imperii
1394 2652 1490 2687 pestis,

968 2697 1014 2732 qui
1027 2705 1153 2725 arcanam
1170 2697 1304 2725 flammam
1319 2698 1443 2724 nutriens
1458 2698 1550 2726 livoris

968 2749 1049 2778 atque
1071 2744 1126 2771 odii
1140 2743 1261 2772 fomitem
1280 2745 1382 2780 jamdiu
1398 2753 1496 2779 gerens

971 2795 1097 2823 tanquam
1111 2790 1161 2817 sub
1176 2790 1274 2818 mentis
1291 2790 1381 2818 cinere
1404 2792 1562 2825 repositum,

969 2837 1003 2862 ob
1023 2836 1080 2864 suis
1095 2836 1179 2870 illata,
1196 2841 1224 2863 ut
1241 2837 1339 2868 aiebat,
1354 2837 1458 2864 civibus

969 2889 983 2909 ει
996 2881 1072 2909 nobis
1087 2881 1248 2909 detrimenta
1262 2887 1342 2917 atque
1357 2882 1479 2918 injurias,
