1926 3071
146 146 200 177 253

253 205 411 240 Σύμπλουν,
427 206 625 241 ὁμοτράπεζον,
643 207 758 242 ἀλήτην,
775 207 862 240 ξένον,

253 249 367 284 Ὀρκοις
380 250 559 278 ἀναπείθουσι
577 252 723 279 συνθέσθαι
739 253 845 287 σφίσιν,

183 295 235 323 Τ55
253 296 287 322 Ἀ
309 296 443 331 μηδαμῶς
463 297 569 331 πέφυκε
586 298 713 332 δέξασθαι
731 301 829 336 πέρας·

254 342 292 368 Οὐ
305 341 361 376 γὰρ
376 342 515 374 θαλάσσας
527 345 674 372 κατένευσε
698 348 850 383 χρημάτων

253 387 365 419 Τούτοις
383 390 549 423 παρασχεῖν,
567 390 635 416 ἀλλὰ
659 392 706 418 καὶ
725 393 902 428 συμμαχίδας

251 432 328 467 Nic;
340 434 462 468 τριήρεις
477 436 640 470 πεντήκονθ’
654 436 702 472 ἅμ’
720 438 844 470 ὁπλίταις

253 479 322 505 Κατ’
348 480 508 515 Ἀγαρηνῶν
525 482 665 509 ἀπόπλουν
682 485 867 519 ποιουμένοις

163 524 234 553 6760
255 525 328 560 Πρὸς
335 526 416 552 τοῖσδ’
432 527 629 562 ἐπηγγείλατο,
643 530 694 563 φεῦ
707 530 828 564 ἀμαθίας
844 531 917 567 (75)!

261 571 348 599 Ἐθῶν
361 573 535 600 ἁνακαίνισιν
551 574 673 610 ἀρχαίων
690 576 781 608 πάπα,

257 617 326 652 Ἐθη
341 618 498 653 νεοχμῶσαι
512 628 540 645 τε
553 620 602 654 τῆς
617 620 795 656 Ἐκκλησίας,

255 665 312 690 Καὶ
329 663 446 696 πίστεως
459 664 487 691 δὲ
510 668 698 701 παραπῡξησιν
711 669 810 702 δρᾶται

255 711 307 738 Ἤν
324 712 474 746 στερκτὲαν
488 711 611 746 κρίνουσι
626 715 719 745 παῖδες
732 715 863 744 Λατίνων.

164 757 235 784 6765
256 757 337 783 Ἀλλά
355 757 390 784 τὰ
411 758 573 793 πρυμνήσια
591 759 701 791 λύσαςό
722 761 817 792 στόλος

256 804 325 836 Πρὸς
341 803 450 840 Ἱάδαρα
470 803 521 840 τὴν
536 805 667 840 πολίχνην
682 807 816 842 κατάρας,

263 849 391 883 Ἐμάχετ⁷
407 850 510 882 αὐτοῖς,
526 851 605 878 τοῦτο
618 852 697 884 δόξαν
719 853 869 889 Δανδούλῳ.

257 894 301 926 Ὦς
315 895 337 921 δ’
348 895 395 921 οὖν
414 897 610 932 παρεστήσατο
623 898 767 932 φρούριον,
781 900 872 932 στόλος

254 940 440 975 Ἐπιδαμνίων
458 942 687 978 ὲγκαθώρμισται
707 945 794 971 πόλεν

166 985 237 1013 6770
257 986 309 1012 Καὶ
325 987 407 1013 τοῖσδ’
419 988 587 1023 ἀνηγόρευτο
604 989 750 1024 Ῥωμαίων
763 990 831 1023 ἄναξ

255 1032 376 1065 Ἀλέξιος
392 1035 458 1066 παῖς
473 1035 586 1067 Ἰταλοῖς
600 1037 614 1062 ό
634 1036 792 1070 συμπλέων.

252 1078 344 1105 Ταῦτα
360 1080 454 1114 σαφῶς
469 1082 551 1113 γνοὺς
562 1083 575 1107 ό
592 1083 751 1118 κρατάρχης
777 1083 904 1110 Αὐσόνων

256 1125 378 1160 Ἤρξατο
392 1126 496 1162 σαθρὰς
515 1129 562 1154 καὶ
579 1129 699 1161 παλαιὰς
718 1129 756 1165 τῷ
769 1130 858 1165 χρόνῳ

253 1170 330 1204 Nic;
344 1173 470 1206 τριήρεις
485 1174 673 1206 ἀνακαινίζειν
685 1176 778 1211 τέχνῃ,

165 1215 236 1242 67Ἱό
253 1216 302 1248 Εἰς
317 1218 420 1244 εἴκοσιν
438 1219 515 1253 μόλις
532 1220 784 1256 άναριθμουμένας·

253 1262 360 1297 Ὀρμου
375 1263 398 1288 δ’
413 1264 544 1299 ἀναχθεὶς
558 1265 588 1299 ἐξ
608 1266 774 1301 Ἐπιδάμνου
792 1268 885 1301 στόλος

255 1307 353 1343 Τυχὼν
367 1310 502 1346 ὲπιφόρου
515 1320 544 1338 τε
558 1313 710 1348 πνεύματος
727 1315 786 1342 λίαν

253 1355 347 1391 Αῧρας
360 1365 389 1383 τε
402 1357 534 1394 λαμπρᾶς
549 1359 581 1386 ἐκ
598 1360 726 1395 πρύμνης
748 1363 901 1395 ποντιάεος,

252 1401 412 1435 Ἐφίσταται
428 1403 542 1438 τάχιστα
559 1406 591 1441 τῇ
613 1407 821 1436 κωνσταντῐνου

164 1448 237 1476 6780
255 1449 460 1476 Ἀστυπολιτῶν
474 1451 587 1486 μήτινος
603 1453 759 1486 κατειδότος

252 1494 349 1529 Σχεδὸν
365 1495 524 1523 κατάπλουν
543 1497 653 1524 Ἰταλῶν
679 1499 818 1526 ἐναντίων·

253 1540 304 1567 Καὶ
315 1540 341 1566 τί
356 1549 390 1576 με
408 1541 450 1567 δεῖ
460 1543 601 1578 γράφοντα
619 1543 748 1578 μηκύνειν
766 1545 864 1579 λόγον;

253 1586 364 1616 Γνόντες
389 1588 499 1614 Λατῖνοι
511 1588 614 1615 δειλίαν
626 1589 679 1616 τῶν
693 1590 820 1617 Αὺσόνων

253 1629 300 1663 Οἷς
319 1641 391 1666 σφας
405 1632 502 1668 ἑώρων
519 1633 558 1669 τῷ
571 1634 625 1660 δέει
639 1635 807 1669 τεθνηκότας

163 1678 236 1704 6785
257 1677 401 1705 Πιτνοῦσιν
413 1679 512 1710 ἀκταῖς
525 1679 647 1715 εὐχερῶς
664 1680 716 1713 ἔξω
733 1682 827 1715 φόϐουν

255 1723 418 1758 Στράτευμα
433 1723 456 1750 δ’
466 1724 611 1759 ἐξάγουσιν
624 1726 663 1758 είς
676 1727 728 1761 γῆν
746 1728 864 1754 ἱππέωνο

251 1770 324 1804 Νῆες
335 1770 363 1797 δὲ
375 1771 459 1798 πλοῖα
477 1772 525 1797 καὶ
539 1771 681 1806 δρόμωνες
694 1771 730 1800 αὖ
747 1774 830 1802 πάλιν

254 1815 325 1851 Πρὸς
340 1816 443 1844 κόλπον
458 1817 537 1848 εὐθὺς
548 1819 706 1847 είσπλὲουσι
719 1820 764 1847 τὸν
781 1822 885 1857 πρόσω.

261 1861 396 1893 Ἀλύσεως
412 1862 441 1889 δὲ
455 1863 657 1897 προσσαλόντες
672 1866 795 1899 φρουρίῳ

163 1909 233 1936 679:)
251 1908 367 1936 Ἐνάλιοί
381 1917 411 1935 τε
427 1909 476 1935 καὶ
490 1909 590 1944 χθόνιοι
604 1911 746 1944 κυκλόθεν,

251 1953 305 1985 Οὓς
322 1953 373 1987 μὲν
390 1953 521 1986 φυλάκων
538 1955 704 1990 εἰργάσαντο
722 1956 846 1990 φυγάδας

252 2000 305 2031 Οὓς
316 2000 338 2027 δ’
360 2001 394 2027 αὖ
411 2000 550 2036 θαλάσσης
573 2002 760 2037 παρέπεμψαν
777 2003 816 2038 τῷ
830 2003 917 2038 βάθει,

252 2046 326 2073 Κατὰ
340 2047 432 2081 μάχην
449 2047 604 2078 κτείναντες
615 2048 840 2084 ἀνθισταμένους.

258 2091 395 2123 Ἀλύσεως
411 2091 435 2118 δ’
448 2092 543 2119 ἔπειτα
555 2093 685 2128 ῥαγείσης
711 2095 794 2128 μέσον

165 2139 235 2166 6795
255 2138 402 2174 Είσρὺεται
417 2139 467 2170 πᾶς
478 2138 598 2174 εὐχερῶς
611 2139 685 2166 ἔνδον
701 2140 804 2173 στόλος,

253 2185 305 2212 Καὶ
320 2185 405 2211 κακὸν
421 2185 584 2211 ἀνύποιστον
597 2183 630 2220 ἦν
645 2187 792 2222 ἀργαλέον·

254 2232 415 2266 Στράτευμα
428 2231 520 2258 λοιπὸν
537 2232 649 2259 ἱππικὸν
661 2232 745 2265 πεζόν
757 2233 781 2260 θ’
803 2234 862 2269 ἅμα

253 2277 304 2304 Καὶ
319 2278 374 2308 πᾶς
385 2277 536 2311 προσέσχον
551 2277 590 2312 τῷ
606 2277 744 2314 Κοσμιδίῳ
758 2280 861 2312 στόλος.

253 2322 372 2356 Στρατὺς
390 2322 412 2348 δ’
429 2323 488 2348 ἐκεῖ
500 2323 609 2357 χάρακα
629 2323 711 2356 πεζὸς
730 2325 860 2360 πηγνύει,

164 2370 207 2394 tisi
219 2370 237 2396 υ
255 2368 320 2394 Ἐπὶ
339 2369 490 2402 πεφυκότος
506 2376 537 2401 γε
559 2368 641 2404 χώρῳ
655 2369 790 2404 γηλόφου·

253 2415 357 2449 Τάφρῳ
372 2414 531 2450 περιδρόμῳ
551 2423 581 2442 τε
600 2415 794 2451 διειλημμένον

253 2459 440 2495 Σταυρώμασί
458 2468 486 2485 τε
502 2460 616 2492 ξυλίνοις
633 2462 662 2488 ὲν
681 2461 720 2496 τῷ
736 2463 824 2497 μέρει·

253 2505 315 2540 Ἀφ’
332 2503 362 2532 οὗ
373 2504 459 2532 θεατὰ
470 2506 502 2531 τὰ
516 2505 638 2540 βασίλεια
654 2507 741 2534 πέλει·

252 2552 318 2583 Ταῖς
333 2551 393 2586 ᾐόσι
407 2550 430 2577 δ’
447 2550 480 2577 αὖ
497 2551 622 2587 ναυλοχεί
638 2553 719 2580 πάλιν
732 2553 838 2585 στόλος.

161 2599 235 2624 5303
254 2595 309 2623 Ἦν
327 2595 375 2623 οὖν
393 2596 518 2623 τολοιπὺν
545 2598 679 2633 καρτερὰς
698 2599 788 2634 μάχας
805 2600 915 2634 βλέπειν

258 2641 444 2677 Ἐκατέρωθεν
460 2642 589 2676 πολλάκις
606 2645 655 2678 τῆς
674 2645 790 2680 ἡμέρας.

255 2688 370 2721 Ἄνδρες
387 2687 409 2714 δ’
425 2687 537 2714 ὁπλῖται
552 2690 678 2723 γεννάδαι
695 2691 878 2726 στρατηγέται

254 2733 334 2762 Εὖ.οι
351 2734 457 2768 βασιλεῖ
477 2735 524 2761 καὶ
545 2737 729 2771 προσήκοντες
741 2737 827 2771 γένει,

252 2780 329 2807 Μετὰ
349 2780 477 2814 στρατιᾶς
495 2781 610 2817 ἱππικῆς
628 2784 711 2819 πεζῆς
726 2784 750 2810 θ’
763 2785 823 2819 ἅμα

868 151 1055 183 CESARES.

949 208 973 236 Α
989 208 1065 235 navis
1082 214 1236 242 mensasque
1252 207 1368 240 socium,
1381 211 1528 239 errantem,
1545 206 1685 238 advenam,

987 255 1086 289 juratis
1101 253 1191 281 verbis
1210 254 1321 289 adigunt
1333 253 1467 288 spondere

989 309 1048 335 qum
1063 308 1201 335 nunquam
1224 305 1350 334 poterant
1362 300 1463 327 exitum
1481 299 1573 326 sortiri
1587 308 1594 326 :

990 354 1076 380 neque
1090 346 1161 372 enim
1177 350 1280 373 tantum
1294 346 1379 372 maria
1395 345 1514 379 pecuniae

990 391 1114 425 promisit
1130 399 1159 418 se
1172 392 1308 424 daturum,
1339 389 1386 417 sed
1402 389 1598 424 quinquaginta

989 445 1050 465 cum
1072 437 1195 465 auxiliari
1210 437 1294 464 milite
1310 437 1434 463 triremes

989 484 1176 518 Agam-norum
1190 482 1357 518 proﬂiganda
1372 481 1451 508 bello.

988 529 1123 557 Prtelerea
1138 529 1273 563 promisit,
1288 528 1339 555 ben
1355 527 1498 554 stultitiam
1511 527 1519 554 !

990 576 1178 604 restituturum
1198 575 1287 610 prisca
1302 582 1331 602 se
1347 582 1420 608 papm
1435 574 1509 607 jura,

989 621 1058 648 ritus
1074 621 1203 648 Ecclesize
1219 625 1318 647 nostrre
1337 619 1558 650 reformaturum,

989 666 1068 693 talem
1088 673 1116 693 se
1134 666 1250 697 denique
1265 665 1289 691 in
1304 664 1434 691 Grmciam
1448 665 1633 697 reducturum,

989 712 1096 747 qualem
1114 711 1201 738 Latini
1218 711 1392 746 proﬁtentur,
1412 712 1502 738 (idem.

989 757 1132 792 Postquam
1149 756 1262 784 sublatis
1275 757 1382 784 demum
1396 756 1491 783 classis
1507 755 1634 783 anchoris

988 804 1021 831 ad
1037 811 1148 839 parvam
1167 802 1260 830 urbem
1277 802 1370 829 ladara
1387 802 1519 836 pervenit,

990 851 1059 877 hanc
1079 849 1210 877 suadente
1226 849 1394 882 expugnavit
1407 847 1547 880 [)attdulo;

988 903 1068 930 quam
1084 895 1126 922 ubi
1142 894 1213 928 cepit
1226 901 1327 926 arcem,
1345 901 1485 928 progressa
1495 894 1591 921 classis

987 943 1019 967 ad
1033 941 1196 974 Epidaurum
1212 939 1306 966 urbem
1325 940 1444 967 obvertit
1460 947 1556 972 proras
1575 948 1582 966 :

987 987 1076 1021 ibique
1088 990 1130 1013 est
1146 985 1310 1013 acclamatus
1324 984 1461 1012 Romanus
1476 984 1566 1012 Cassar

988 1040 1053 1067 puer
1065 1033 1174 1059 Alcxius
1186 1039 1248 1059 cum
1261 1031 1336 1058 Italis
1350 1031 1491 1065 navigans.

988 1079 1035 1106 llis
1047 1078 1191 1106 intellectis
1204 1078 1343 1104 Romanus
1363 1078 1512 1111 imperator

989 1126 1112 1152 triremes
1134 1128 1226 1159 putres
1245 1128 1271 1151 et
1286 1124 1362 1151 senio
1373 1123 1531 1151 l'atiscentcs

989 1171 1136 1198 instaurari
1150 1170 1232 1203 jussit
1245 1170 1279 1197 ab
1292 1169 1446 1204 opificibus,

987 1225 1047 1251 qum
1065 1217 1107 1243 vix
1119 1216 1215 1250 viginti
1233 1223 1346 1242 utunero
1366 1215 1487 1243 fuerunt.

987 1263 1070 1290 Portu
1086 1262 1228 1290 discedens
1245 1261 1372 1296 Epidauri
1392 1261 1487 1288 classis

987 1309 1076 1336 ventis
1092 1307 1215 1342 propitiis
1231 1311 1310 1333 utens
1323 1307 1356 1333 ad
1372 1306 1544 1339 miraculum,

988 1355 1086 1390 quippe
1098 1354 1201 1381 marina
1213 1360 1279 1380 aura
1296 1357 1408 1387 urgente
1422 1359 1535 1387 puppes,

986 1400 1244 1435 Constantinopolim
1264 1400 1351 1426 tenuit
1365 1399 1519 1430 celerrime,

989 1449 1099 1477 nemine
1113 1454 1199 1482 prope
1211 1446 1309 1473 civium
1324 1445 1426 1472 sciente
1441 1445 1529 1472 adhuc

988 1497 1142 1525 Italicorum
1158 1493 1277 1521 hostium
1293 1492 1456 1519 adventum.

950 1547 971 1576 (ι
987 1543 1043 1571 Nec
1057 1549 1121 1569 vero
1135 1541 1228 1575 longas
1246 1540 1343 1573 loquar
1359 1546 1407 1573 per
1421 1537 1549 1573 ambages
1563 1545 1570 1565 :

987 1589 1071 1618 Guari
1090 1587 1179 1615 Latini
1195 1590 1314 1621 quantus
1331 1580 1405 1612 esset
1421 1585 1521 1612 civium

987 1640 1085 1667 metus,
1100 1641 1153 1668 quo
1169 1637 1281 1661 cunctos
1298 1631 1444 1658 cernebant
1459 1631 1616 1663 exanimes,

986 1682 1099 1709 classem
1116 1686 1211 1706 secure
1225 1687 1256 1706 ac
1272 1678 1351 1705 facile
1366 1678 1433 1704 adre
1443 1682 1516 1704 rtunt
1530 1677 1586 1704 oris
1600 1685 1608 1704 :

987 1727 1037 1762 ipsi
1052 1734 1112 1754 cum
1130 1725 1208 1759 equis
1223 1724 1250 1752 in
1266 1729 1364 1752 terram
1381 1723 1512 1750 desiliunt
1531 1732 1538 1750 ε

987 1777 1083 1800 cuncta
1095 1771 1193 1798 diversi
1207 1770 1318 1805 generis
1331 1769 1437 1804 navigia

987 1820 1013 1849 in
1030 1818 1187 1846 ulteriorem
1202 1817 1389 1852 provcltuntur
1407 1816 1499 1843 sinutn

987 1872 1072 1900 usque
1087 1865 1119 1892 ad
1132 1863 1271 1891 castellum
1281 1863 1352 1897 quod
1367 1862 1477 1890 Catena:
1487 1862 1596 1889 dicitur.

987 1911 1032 1939 Sic
1048 1916 1239 1946 oppugnantes
1257 1914 1329 1936 terra
1348 1909 1471 1943 marique
1486 1908 1581 1935 urbem

987 1957 1084 1992 partim
1097 1955 1223 1984 custodes
1238 1956 1368 1983 moenium
1382 1953 1514 1989 rogabant

986 2003 1085 2038 partim
1103 2002 1260 2030 classiarios
1281 2001 1348 2028 mari
1364 2001 1566 2036 demergcbant,

986 2051 1098 2081 eratque
1110 2047 1228 2075 cwdibus
1243 2048 1414 2081 inquinatutn
1428 2047 1563 2080 praelium.

987 2094 1023 2121 Ut
1037 2098 1126 2120 autem
1142 2092 1229 2120 media
1247 2092 1332 2119 fracta
1349 2097 1390 2120 est
1405 2097 1512 2123 catena,

986 2140 1074 2165 omnis
1087 2137 1215 2165 continuo
1230 2138 1327 2165 classis
1343 2138 1484 2170 introibat,

987 2190 1100 2220 eratque
1113 2185 1213 2211 malum
1230 2185 1356 2216 nimium.
1374 2184 1521 2212 inell'abile.

951 2219 971 2245 ι)
988 2219 1116 2264 Reliquus
1131 2230 1208 2258 miles
1220 2231 1302 2266 pedes
1317 2238 1454 2265 equesque
1468 2231 1548 2258 simul

987 2282 1042 2304 ttun
1059 2277 1153 2305 classis
1165 2278 1245 2305 etiam
1262 2281 1377 2312 pergunt
1388 2277 1420 2304 ad
1435 2277 1613 2306 Cosatidiuut.

987 2323 1024 2350 lbi
1040 2324 1163 2356 pedester
1177 2323 1255 2351 miles
1269 2328 1358 2351 castra
1370 2323 1452 2350 struit

988 2370 1013 2396 in
1030 2369 1174 2397 eminentis
1192 2369 1318 2397 stationis
1333 2369 1402 2402 loco,

988 2414 1021 2451 (e
1039 2416 1149 2450 regione
1163 2416 1228 2449 regii
1240 2416 1352 2450 palatii)

987 2469 1047 2496 quae
1064 2461 1162 2496 partim
1175 2460 1245 2488 fossa
1263 2461 1450 2489 circumducta
1469 2461 1564 2494 runnit,

988 2508 1085 2543 partim
1101 2507 1236 2535 decussim
1255 2509 1377 2536 trabibus
1394 2509 1490 2536 deﬁxis
1505 2517 1512 2535 :

985 2559 1082 2582 cuncta
1099 2554 1164 2582 item
1178 2554 1272 2582 classis
1295 2555 1417 2582 constitit
1432 2555 1458 2582 in
1479 2556 1578 2582 littore.

986 2601 1053 2628 Tuut
1066 2609 1128 2628 vero
1147 2602 1272 2636 utrinque
1283 2601 1374 2628 Martis
1386 2609 1453 2636 opus
1464 2610 1545 2638 grave

987 2655 1033 2681 per
1044 2648 1114 2674 diem
1128 2655 1200 2682 smpe
1213 2649 1304 2683 peragi
1323 2649 1446 2676 vidisses.

988 2693 1149 2728 t‘llagnauimi
1165 2694 1295 2728 correptis
1308 2694 1390 2721 armis
1407 2694 1488 2722 duces

987 2741 1055 2767 bene
1069 2739 1188 2767 volentes
1205 2740 1303 2768 Caesari
1321 2741 1361 2768 Vel
1381 2741 1466 2776 stirpe
1478 2741 1592 2776 proximi

987 2793 1048 2812 cum
1063 2785 1181 2820 peditatu
1193 2786 1272 2814 simul
1287 2787 1461 2822 equitatuque

183 2862 240 2897 (75)
260 2862 317 2890 Hoc
333 2863 394 2890 loco
409 2864 610 2893 scbisutaticum
622 2873 649 2892 se
663 2865 828 2894 demonstrat
840 2871 931 2902 apwte
949 2866 1126 2903 prrmmius.

1724 149 1779 180 23.4
