1926 3071
174 121 224 154 259
726 115 929 148 EPlilLEMll

1043 114 1255 145 )NOGRAPIII
1751 112 1803 145 260

177 180 285 207 tlevcnit
301 185 385 213 usque
397 178 429 204 ad
449 177 581 212 inc-lyltnr.
597 176 699 203 circum
717 175 877 204 niaximum,

975 175 998 202 Α
1121 173 1203 207 Ἄχρι
1223 172 1352 207 μεγίστου
1368 171 1415 198 καὶ
1432 170 1598 206 περικλύτιυ
1612 171 1695 206 δόμου

177 226 224 260 qui
241 225 420 252 sanctissima:
433 224 541 259 Sophim
559 222 658 256 templo
674 221 779 256 adiacet
795 229 801 248 :

1121 217 1189 243 Θεοῦ
1206 217 1307 251 Σοφίας
1322 218 1370 243 καὶ
1383 217 1519 251 παναγίου
1532 217 1631 250 Λόγου,

177 279 257 306 atque
275 272 307 298 ad
323 271 476 306 oppositum
491 270 564 297 venit
579 276 663 302 usque
676 275 762 296 mare.

1123 263 1206 297 Διῆκε
1223 263 1305 298 μέχρι
1321 263 1369 290 καὶ
1387 263 1527 298 θαλάσσης
1541 262 1656 297 θατέρας

178 319 259 352 longe
277 318 383 351 lateque
404 316 491 342 media
511 315 600 342 omnia
615 320 804 341 concrematis;

1043 309 1103 336 $930
1123 309 1201 335 Κατὰ
1215 317 1245 336 τε
1263 309 1354 344 μῆκος
1371 309 1529 344 πυρπυλοῦν
1541 310 1588 335 καὶ
1611 310 1678 345 πρὸς
1692 309 1803 341 πλάτος.

176 364 231 391 Nec
247 367 333 390 tutum
354 365 413 387 erat
435 361 466 387 ad
480 360 581 387 amicos
599 359 736 388 accedere,

1123 355 1180 381 Οὐκ
1193 353 1226 390 ἦν
1241 354 1295 381 τύτ¹
1308 355 1448 386 ἀκίνδυνος
1463 355 1479 390 ἡ
1492 356 1577 388 φίλων
1589 355 1646 385 Οέα,

179 410 229 436 nisi
246 409 305 442 quis
321 409 416 443 cymba
429 411 515 433 semet
534 404 762 433 circumveberet.

1125 402 1154 427 Εἰ
1168 401 1205 436 μή
1221 409 1262 431 τις
1273 400 1410 435 ἐχρήσατο
1426 401 1568 436 πορθμείῳ
1582 402 1663 436 τάχα.

179 456 240 483 llaec
254 455 370 482 lsaaeius
390 460 451 480 cum
466 459 581 479 tumrore
597 450 720 477 audiebat
737 459 743 476 :

1124 446 1219 473 Ταῦτα
1236 446 1286 481 μὲν
1297 446 1413 478 Ἰσὰκιος
1428 447 1527 482 ἤχθετο
1543 447 1649 474 κλύων·

179 503 225 529 sed
239 501 319 535 hujus
333 500 405 527 ﬁlius
421 499 515 534 patrize
532 497 667 533 pernicies
862 495 867 499 ’

1129 492 1192 523 Υἱὸς
1207 492 1235 518 δὲ
1249 491 1346 519 τούτου
1369 493 1550 527 πυρπολητὴς
1567 493 1697 528 πατρίδος

179 553 255 574 tanto
271 545 490 581 gaudebaturbis
505 543 680 571 exterminio.

1036 538 1107 565 6935
1126 539 1240 573 Ἔχαιρε
1254 539 1337 573 τῆσδε
1354 538 1529 573 συντελεσμῷ
1546 539 1593 564 καὶ
1614 539 1714 573 φθίσει.

179 594 309 621 liomanis
323 593 403 620 rebus
414 592 450 618 ita
468 598 496 618 se
509 590 671 618 habentibus

1125 584 1217 615 Οὕτως
1234 584 1257 611 δ’
1270 585 1388 619 ἑχόντων
1404 585 1576 620 πραγμάτιον
1594 584 1735 619 Ῥωμαῖδι.

180 647 266 675 nuper
288 640 392 674 eiectus
406 638 499 665 Caesar
511 637 623 664 Debelto
635 636 745 663 veniens

1129 632 1159 657 'u
1177 631 1242 665 πρὶν
1258 631 1419 666 κρατάρχης
1430 631 1539 663 ἀπάρας
1554 631 1716 657 Δεὸελτόϐεν

180 683 263 713 θι·ἰιιὶε
277 685 377 713 insedit.
390 686 483 711 urbem
497 683 639 711 Hadriani.

1125 677 1182 712 Τὴν
1201 677 1344 712 Ἀδριανοῦ
1360 676 1568 710 καταλαμῦάνει
1585 677 1680 704 πόλιν·

179 733 314 759 Infaustus
325 731 432 765 juvenis
448 738 478 758 rc
495 730 606 765 cognita
622 730 741 761 AlexiusI

1130 724 1162 749 ὐ
1178 723 1259 757 γνοὺς
1275 725 1289 749 ὁ
1302 721 1522 754 δαλὸς-’Δλέξιος
1537 722 1669 757 πατρίδος

179 777 414 812 Constantinopoli
431 784 491 804 cum
513 776 634 803 exercitu
650 776 735 802 exivit

1035 768 1106 797 69K)
1126 768 1246 801 Ἐξεισιν
1258 767 1316 802 ἅμα
1337 768 1452 803 στρατιᾷ
1466 768 1636 800 Βυζαντὶδος,

180 825 283 851 habens
298 823 421 850 Latinum
439 823 466 850 in
482 823 610 849 comitatu
625 822 720 849 ducem

1129 816 1219 850 Ἔχων
1234 814 1294 850 μεθ’
1312 814 1396 841 αὑτοῦ
1415 815 1605 850 συστράτηγον
1622 814 1743 840 Λατίνων

181 869 372 897 Montisferrati
386 869 571 895 marcltioueni
588 867 769 899 Bonifacium,

985 857 1004 884 Β
1127 861 1288 896 Βονιφάτιον
1303 861 1452 896 μιιρκέσιον
1462 861 1612 896 Φεράντης,

180 923 260 950 quem
277 914 403 941 mercede
417 913 624 940 conduxeratad
642 911 740 939 bellum

1125 907 1382 942 Συνεκστρατεῦσαι
1395 906 1492 937 πείσας
1505 906 1588 933 αὑτὸν
1612 907 1722 942 χρυσίου

181 961 318 989 sexdecim
334 960 394 987 auri
412 960 481 987 datis
498 958 672 986 centenariis.

1126 953 1326 988 Κεντηναρίοις
1339 953 1369 984 ἓξ
1382 953 1454 984 ὅλοις
1467 952 1534 988 πρὸς
1546 954 1603 983 τοῖς
1616 952 1693 979 δέκα,

181 1007 265 1042 igitur
276 1006 400 1033 Thracia:
420 1006 570 1040 peragratis
589 1005 714 1035 urbibus,

1037 999 1107 1026 6955
1128 999 1311 1034 Περιδραμὼν
1326 997 1373 1025 οὖν
1390 999 1535 1034 Θρᾳκικὰς
1553 996 1631 1030 οὗτος
1647 998 1748 1030 πόλεις,

181 1061 263 1088 reque
276 1051 404 1080 confecta
421 1059 452 1078 ex
469 1051 551 1078 animi
567 1051 713 1080 sententia.

1126 1045 1181 1071 Καὶ
1193 1046 1281 1071 πάντα
1298 1044 1355 1077 θεὶς
1370 1043 1401 1071 εὖ
1415 1046 1455 1076 είς
1469 1044 1569 1071 ἑαυτοῦ
1587 1044 1737 1080 συμφέρον¹

182 1106 268 1134 usque
283 1099 317 1125 ad
332 1098 454 1133 Cypsella
468 1097 623 1131 oppidulum
636 1103 800 1132 progressus
811 1117 818 1129 ,

1126 1090 1209 1125 ’Ἄχρι
1224 1089 1374 1125 Κυψὲλλων
1390 1089 1493 1116 κατιὼν
1508 1089 1659 1124 πολιχνίου,

181 1153 244 1172 mox
253 1145 285 1171 ad
302 1143 470 1178 metropolim
487 1148 560 1170 retro
575 1143 670 1177 putlcut
690 1142 761 1169 tulit.

1130 1134 1214 1168 Αὖθις
1227 1136 1435 1171 ἑπανέστρεψεν
1444 1137 1484 1168 είς
1499 1135 1659 1168 Βυζαντίδα.

183 1191 247 1219 Dein
262 1190 384 1218 scelestis
395 1190 519 1224 partibus
536 1189 649 1216 adlucsit

1131 1183 1186 1209 Καὶ
1203 1182 1296 1208 λοιπὸν
1312 1183 1447 1217 ἐξήρτητο
1462 1184 1550 1217 κακῆς
1566 1182 1702 1217 φρατρίας

183 1237 320 1266 hominum
337 1236 382 1271 qui
399 1240 538 1270 parentem
554 1239 759 1261 exctucaveraut

1040 1229 1110 1256 6950
1132 1230 1166 1255 Ἦ
1182 1229 1399 1262 συνδιεπράξατο
1417 1229 1542 1264 πήρωσιν
1555 1228 1631 1263 φίτου

184 1284 336 1316 thronoque
355 1281 573 1311 deun-bavermu,
592 1279 713 1306 faventes
725 1284 842 1312 patruo;

1130 1276 1175 1310 Τῷ
1192 1275 1374 1310 πατραδέλφῳ
1388 1276 1436 1302 καὶ
1459 1275 1621 1310 καθαίρεσιν
1641 1276 1755 1310 κράτους

183 1335 263 1363 quam
276 1335 332 1354 rem
347 1326 488 1362 mgerrime
503 1332 590 1352 circus
607 1333 653 1351 rex
673 1324 786 1356 ferebat,

1135 1320 1194 1355 Ἐφ’
1208 1318 1249 1352 οἷς
1262 1321 1447 1356 ἀπηγχόνιστο
1465 1321 1550 1356 πηρδς
1563 1321 1683 1353 αὐτάναξ
1693 1330 1699 1337 ·

183 1374 228 1408 qui
241 1373 406 1400 moliebatur
418 1371 521 1405 jamdiu
535 1371 698 1406 supplicium
711 1378 820 1398 sumere

1130 1366 1356 1402 Ἐκαιροφυλάκει
1376 1369 1429 1402 γὰρ
1440 1367 1543 1394 ἔκτισιν
1561 1368 1628 1400 τέως

184 1421 216 1445 de.
230 1420 296 1446 viris
308 1419 351 1453 qui
367 1426 396 1445 se
412 1424 488 1444 tanto
504 1417 574 1443 malo
587 1416 743 1443 affecerant.

1133 1414 1193 1440 Τῶν
1209 1414 1282 1440 τόνδε
1299 1414 1391 1445 κακῶς
1405 1414 1445 1445 είς
1458 1415 1524 1448 φάος
1540 1414 1709 1448 δεδρακότων
1719 1423 1725 1431 ·

185 1465 252 1492 lliuc
268 1465 419 1492 maledictis
438 1464 519 1490 tilium
538 1464 699 1495 incessebat,

1044 1461 1114 1489 6935
1136 1460 1217 1487 Ὅθεν
1227 1460 1273 1487 τὸν
1289 1460 1346 1486 υἱὸν
1361 1460 1491 1495 λοιδορῶν
1505 1460 1556 1486 οὐκ
1569 1461 1650 1493 ἀνίει,

185 1518 263 1544 quem
275 1510 376 1537 versari
392 1517 452 1536 cum
463 1508 586 1543 pessimis
604 1508 739 1541 audiebat,

988 1526 1010 1554 ε
1135 1507 1187 1534 Καὶ
1203 1507 1305 1542 μᾶλλον
1320 1505 1361 1537 οἷς
1373 1506 1469 1533 ἔκλυεν
1484 1507 1600 1542 ἀνδράσι
1616 1507 1727 1543 φθόροις

187 1556 233 1583 tali
254 1556 412 1590 gaudentem
429 1554 544 1581 maxime
556 1554 709 1587 consortio;

996 1553 1002 1554 ί
1133 1554 1246 1588 Χαίρειν
1257 1562 1287 1580 τε
1301 1553 1396 1580 τοῦτον
1407 1553 1456 1579 καὶ
1481 1553 1554 1588 μάλα
1569 1554 1730 1589 γεγηθῆναι,

188 1603 282 1629 ludere
295 1602 413 1635 quotidie
426 1601 481 1628 alea
497 1608 557 1628 cum
575 1600 650 1627 ltalis

1135 1601 1187 1626 Kal.
1206 1599 1386 1634 συγκυϐεύειν
1398 1598 1511 1630 Ἰταλοῖς
1525 1598 1700 1634 καθημέραν,

186 1647 399 1681 comessarique,
417 1653 443 1673 et
459 1646 616 1680 dignitatem
630 1647 730 1681 regiam

1135 1646 1188 1671 Kal.
1197 1645 1407 1680 συγκραιπσλᾷν
1426 1653 1455 1671 τε
1471 1645 1518 1672 καὶ
1533 1646 1674 1681 ῥυπαίνειν
1707 1646 1815 1682 στέφος,

187 1693 350 1720 dedecorare
366 1693 486 1727 singulos
503 1700 551 1726 per
565 1697 652 1719 actus.

1046 1691 1116 1718 (59120
1137 1690 1248 1723 Ἀνάξια
1267 1689 1412 1725 ξύμπαντα
1427 1692 1533 1726 δρῶντα
1551 1691 1599 1718 τοῦ
1616 1691 1742 1727 κράτους.

188 1739 257 1772 Ergo
273 1739 344 1765 hunc
360 1739 473 1766 oderant
487 1738 600 1772 populus
617 1743 644 1765 et
662 1738 823 1772 optimates:

1134 1735 1187 1763 Ἦν
1200 1736 1247 1763 οὖν
1263 1737 1398 1771 στυγητὸς
1416 1738 1483 1763 πᾶσι
1498 1738 1546 1764 καὶ
1567 1740 1623 1770 τοϊς
1641 1739 1670 1765 ὲν
1687 1739 1777 1765 τέλει·

188 1791 238 1810 nec
254 1784 342 1810 minus
353 1783 414 1810 odio
428 1784 523 1818 dignus
539 1788 614 1817 pater
627 1788 695 1812 erat.

1134 1785 1190 1819 Οὐχ
1220 1781 1303 1819 ἦττον
1320 1783 1392 1817 ὑπῆν
1403 1784 1451 1810 καὶ
1465 1784 1556 1819 πατὴρ
1571 1785 1731 1818 στυγητέος,

189 1831 234 1864 qui
252 1829 419 1856 concinnatis
430 1829 550 1855 ridiculis
562 1829 690 1860 oraculis,

1134 1830 1238 1864 Ὀμφάς
1253 1838 1330 1860 τινας
1346 1830 1426 1863 λόγια
1440 1829 1548 1860 συνθεὶς
1567 1830 1693 1865 ὰσέμνως

188 1883 247 1912 qum
260 1875 411 1902 universale
428 1875 477 1901 sibi
498 1875 663 1908 spondebant
677 1882 798 1909 regnum,-

1137 1876 1225 1910 ’Λπερ
1239 1875 1428 1910 προηγόρευέν
1442 1875 1466 1901 οἱ
1483 1876 1643 1911 μοναρχίαν,

189 1928 217 1949 ιιι
239 1922 300 1948 la-so
314 1921 427 1948 cerchro
443 1920 582 1955 judicabat
599 1921 681 1951 fatue,

1045 1922 1115 1950 (5965
1143 1922 1186 1954 Ὠς
1200 1921 1261 1957 ᾤετ’
1277 1922 1357 1952 αὐτὸς
1370 1921 1529 1956 δοξομανῶν
1545 1922 1661 1956 ἀλόγως,

188 1975 202 1994 a
220 1975 248 1994 se
265 1967 435 2002 coniunctum
455 1966 488 1993 iri
503 1966 644 1998 oreidtium
660 1967 752 1994 orbem

1135 1969 1221 1994 Αὐτόν
1237 1976 1267 1994 τε
1287 1966 1439 2001 συνάψοντα
1453 1967 1528 1994 δύσει
1540 1967 1589 2002 τὴν
1606 1968 1641 1994 ἒω

187 2013 359 2040 deblateratis
377 2012 464 2039 aiebat
479 2012 587 2045 orienti,

1137 2015 1278 2047 Ἐφασκεν
1295 2011 1377 2043 εἶναι,
1395 2013 1431 2048 μὴ
1449 2012 1518 2039 νοῶν
1535 2013 1548 2040 ὅ
1564 2022 1591 2040 τι
1604 2013 1691 2048 λέγοι,

190 2058 325 2092 tutiusque
341 2058 433 2084 mundi
446 2057 584 2084 dominam
600 2065 629 2084 se
644 2057 720 2085 fore:

1136 2060 1244 2093 Κράτος
1259 2068 1287 2086 τε
1301 2059 1476 2093 παγκόσμιον
1488 2060 1584 2092 ’ἐξοντά
1598 2060 1658 2087 τόδε
1670 2068 1675 2075 ·

188 2111 267 2139 quam
284 2103 436 2138 patiebatur
452 2104 562 2138 insuper
577 2110 738 2136 czecttatem,

1135 2106 1206 2141 Πρὸς
1220 2106 1307 2132 τοῖσδε
1328 2107 1375 2132 καὶ
1386 2105 1525 2139 τύφλωσιν
1538 2107 1570 2141 ἢν
1587 2106 1734 2143 περιφέρει
1747 2123 1755 2140 ς

191 2149 396 2183 artltritidisque
409 2149 530 2176 morbum
546 2155 626 2185 atque
640 2151 781 2186 podagram

1046 2150 1116 2179 6970
1135 2150 1292 2185 ’Λρορίτιδα
1306 2151 1385 2177 νόσον
1399 2159 1430 2176 τε
1446 2151 1493 2176 καὶ
1506 2150 1653 2184 ποδαλγίαν

188 2203 217 2223 se
229 2197 377 2232 positurum
388 2195 469 2223 veluti
482 2197 604 2224 exuvias.

992 2194 1015 2222 D
1135 2196 1333 2229 ’Δποξύσασθαι
1346 2196 1473 2230 καθάπερ
1489 2196 1631 2231 λεϐηρίδα.

189 2242 252 2269 ιὶιιιο
270 2243 294 2269 ei
309 2241 457 2269 suadebant
471 2242 610 2269 catillones
624 2242 758 2273 monachi,

1137 2242 1215 2269 "030'
1229 2243 1254 2269 οἱ
1271 2242 1418 2278 προτένθαι
1435 2243 1490 2269 τῶν
1507 2243 1635 2277 μοναχῶν
1647 2243 1694 2281 καὶ
1709 2243 1795 2279 λίχνοι

188 2290 279 2316 omnia
291 2290 392 2316 ventris
408 2296 487 2315 causa
501 2294 528 2316 et
547 2288 596 2315 fari
613 2294 639 2316 ct
651 2296 747 2323 gerere

1138 2290 1170 2316 υἱ
1187 2289 1276 2316 πάντα
1291 2288 1390 2324 γαστρὶ
1403 2289 1470 2324 δρᾷν
1485 2290 1575 2324 λέγειν
1591 2291 1615 2316 τ’
1634 2290 1783 2325 εἰθισμένοι

191 2335 360 2370 imperatoris
376 2335 447 2361 soliti
467 2335 492 2360 in
509 2334 654 2367 convivio;

1139 2335 1234 2370 Τούτῳ
1251 2335 1437 2367 συνεσθίοντες
1450 2336 1477 2361 ἐν
1492 2336 1622 2371 συσσιτίῳ

190 2383 235 2417 qui
251 2382 313 2409 huic
328 2380 510 2412 moliarchiam
528 2380 618 2408 verbis
641 2380 838 2415 despondentes

1050 2383 1121 2411 6975
1140 2382 1282 2417 Μόναρχον
1298 2381 1385 2416 ἀρχὴν
1400 2382 1590 2416 συγκαθίστων
1606 2383 1631 2409 ol
1645 2382 1745 2417 λόγοις.

190 2429 297 2457 interim
313 2435 386 2455 utero
399 2434 459 2454 seso
477 2426 698 2462 iugurgitabaut;

1137 2428 1303 2463 Ἀνθοσμίοιν
1315 2427 1439 2458 πίνοντες
1456 2428 1519 2462 ἄχρι
1532 2430 1577 2455 καὶ
1586 2430 1678 2464 κόρου,

190 2476 303 2511 ejusque
319 2474 440 2501 inﬁrmas
459 2480 553 2501 manus
571 2473 774 2506 deosculantes,

1140 2476 1193 2502 Καὶ
1206 2475 1372 2506 κατεφίλουν
1385 2474 1548 2506 ἀπατῶντες
1563 2475 1612 2506 τὰς
1626 2477 1709 2511 χέρας

191 2529 250 2548 mox
266 2524 423 2554 recepturus
435 2518 516 2545 robur
527 2519 720 2553 prtedicehaut.

1139 2521 1193 2547 Kal.
1204 2520 1355 2555 προῦλεγον
1366 2520 1441 2554 σφῶν
1451 2520 1622 2547 ἀνακαίνισιν
1633 2522 1740 2554 σθένους
1751 2523 1817 2557 (76).

189 2565 318 2594 Credulas
333 2572 415 2592 senex
432 2564 473 2590 his
488 2563 624 2598 praebebat
640 2571 720 2591 aures

1144 2567 1174 2593 '0
1190 2567 1218 2593 δὲ
1232 2568 1377 2602 προσεῖχεν
1392 2566 1430 2598 ὡς
1449 2568 1582 2594 ἀπλανὲσι
1595 2569 1670 2603 σφίσι

189 2612 373 2639 deliramentis
384 2615 464 2644 atque
478 2610 625 2643 vaticiniis.

1050 2612 1119 2640 6980
1140 2612 1195 2638 Καὶ
1210 2611 1418 2646 Οεσπιῳδήμασι
1433 2613 1494 2644 ταῖς
1506 2612 1652 2647 ληρωδὶαις

189 2664 270 2691 atque
285 2657 385 2684 lmtitiis
400 2657 538 2685 incedebat
554 2657 688 2684 omnibus.

1137 2657 1330 2692 Ἐπιγεγηθὼς
1342 2657 1428 2691 σφῶν,
1446 2658 1596 2693 ἐπεσκίρτα
1615 2658 1695 2693 μέγα·

189 2706 336 2740 Astrologis
349 2706 413 2740 quin
428 2706 507 2733 etiam
526 2706 645 2740 apprime
659 2706 774 2738 deditus,

1141 2702 1344 2739 Προσκείμενός
1359 2703 1382 2729 τ’
1396 2701 1430 2738 ἧν
1442 2704 1638 2739 ἀστρολέσχαις
1647 2705 1694 2732 καὶ
1707 2704 1788 2740 μάλα,

223 2775 279 2810 ι7ὒ)
300 2775 480 2802 lnvcctioncm
507 2775 575 2801 hanc
597 2782 610 2800 a
633 2773 724 2801 Niccta
748 2775 832 2801 sumit
860 2773 970 2807 Ephrae-
1029 2773 1145 2810 crimina
1162 2772 1201 2798 \'e|
1221 2771 1288 2798 falso
1303 2772 1427 2810 dicantur
1440 2772 1481 2810 vel
1495 2776 1727 2810 exaggerentur}
1752 2771 1822 2810 εει-ξ-

188 2807 275 2843 ιιιίιιςξ
291 2818 351 2845 qure
371 2811 392 2837 si
418 2810 532 2836 vcritztlc
554 2809 658 2845 nititur,
679 2809 738 2836 sine
763 2810 844 2836 dubio
869 2810 973 2841 vitttpt'-
1030 2807 1154 2845 ptoribus
1179 2814 1273 2841 parum
1286 2807 1337 2841 piis
1355 2811 1402 2834 aut
1421 2807 1483 2835 odio
1506 2807 1595 2841 aliquo
1610 2807 1731 2839 imbutis,
1756 2807 1823 2834 satis

189 2847 262 2872 randi
282 2843 344 2872 sunt
364 2847 487 2872 monachi
505 2844 553 2870 illi.
578 2844 630 2871 Sed
648 2845 718 2871 enim
734 2852 813 2879 quain
832 2851 901 2878 su‘pe
916 2844 973 2870 haec
1028 2843 1162 2870 novimus.
