1926 3071
106 132 153 165 305

212 191 243 218 Ὀ
260 192 309 219 τοῦ
322 193 443 228 μεγάλου
454 194 616 230 δομεστίκου
634 195 752 230 νυμφίος

123 238 149 265 Si
158 238 189 265 30
210 234 403 274 ίιαλαιολόγων
416 242 448 267 ὲκ
465 241 551 276 φυλῆς
563 241 750 277 ’Λνδρονίκου,

206 285 251 317 Εἰς
267 287 450 321 πρωτόπαιδα
465 288 578 322 Μαρίαν
594 289 748 324 θυγατέρα,

205 332 261 367 Τῆς
274 333 413 368 βασιλείου
433 334 574 370 τραπέζης
589 335 743 371 ὑπηρέτης,

206 380 284 406 Μετὰ
298 381 326 407 δὲ
338 381 500 416 δομέστικος
515 382 609 416 ὀφθείς
620 391 663 414 τις
680 383 779 417 μέγας,

207 426 343 461 Ἀνδρείος
358 427 441 462 ἀνὴρ,
460 428 571 460 συνετὸς
588 429 635 454 καὶ
659 429 804 463 γεννάδας,

121 472 186 499 8363
206 472 275 499 Θεοῦ
288 472 421 508 θεράπων
433 475 566 510 νουνεχής
581 474 606 501 θ’
618 475 774 511 ὑπηρέτης,

205 518 273 550 Ταῖς
289 519 434 555 εὐτυχίαις
450 521 497 547 καὶ
514 521 697 556 στρατηγίαις
714 522 803 556 μέγας
816 530 823 538 ·

209 565 257 595 Ὃς
273 566 334 597 ταῖς
349 566 409 592 κατ’
424 566 534 602 ἐχθρῶν
548 567 733 602 ἀναδούμενος
748 567 850 599 νίκαις,

207 611 327 646 Στερῤός
339 620 381 644 τις
393 612 545 648 ἀντίμαχος
563 611 598 648 ἦν
611 613 790 644 ἁντιστὰταις

214 657 394 691 Ἀποτρέπων
407 658 554 692 φάλαγγας
571 658 662 686 αὐτῶν
677 658 816 694 εὐψύχως,

121 702 188 730 82ἷο
208 702 275 729 Θεου
297 703 389 730 σθένει
404 712 434 730 τε
449 705 496 730 καὶ
510 705 683 740 στρατηγίας
694 705 788 741 τέχνῃ.

207 749 303 781 Οὕτως
319 750 450 784 ἐχόντων,
467 751 505 782 ὡς
518 751 600 786 ἔφην,
615 751 669 778 τῶν
681 751 866 787 πραγμάτων.

214 796 297 823 Ἀσὰν
309 797 488 824 τολυπεύοντι
502 799 538 824 τὰ
552 798 625 825 κατὰ
643 799 746 834 μάχην,

214 842 393 877 Ἀγγέλλεται
411 845 525 879 μήνυμα
543 845 642 880 μεστὸν
653 845 778 880 πικρίας,

216 887 261 920 Ὠς
274 888 392 921 σύζυγός
403 898 433 915 τε
445 890 494 916 καὶ
509 891 560 917 σὺν
580 891 649 925 αὐτῇ
665 890 783 923 παιδίον,

123 934 190 961 827ῗὶ
211 935 267 961 Καὶ
286 934 423 969 Τρινόὸου
440 936 575 971 πρόεδρος
589 937 692 964 αὐτίκα
713 937 789 971 μάλα

210 980 344 1008 Τεθνᾶσιν
360 982 410 1017 ήδη
425 982 470 1008 τὸν
485 983 545 1018 βίον
558 983 726 1015 λελοιπότες.

215 1028 258 1059 Ὠς
270 1027 317 1054 οὖν
329 1027 406 1055 ταῦτ’
422 1028 567 1064 ὴνώτιστο,
579 1029 664 1061 λύσας
678 1030 727 1065 τὴν
742 1031 843 1066 μάχην,

211 1073 300 1104 Εὐθὺς
312 1073 479 1106 ὲπανέζευξε
496 1074 564 1109 πρὸς
576 1075 627 1110 τὴν
644 1075 765 1108 Μυσίαν,

212 1120 281 1155 Πυρὶ
292 1119 434 1154 παραδοὺς
451 1120 563 1154 τειχέων
581 1121 769 1157 καθαιρέσεις.

123 1165 191 1190 eam
213 1164 303 1191 Μόνον
318 1164 346 1191 δὲ
362 1164 447 1199 φῦλον
466 1165 579 1192 Ἰταλῶν
591 1166 782 1201 λελειμμένον,

214 1210 269 1237 Καὶ
279 1210 353 1238 τοῦτ’
369 1211 537 1244 ὲπανέζευξε
553 1211 622 1246 πρὸς
646 1212 808 1246 Βυξαντίδα,

217 1259 304 1285 ’Δστυ
318 1258 442 1290 λελοιπὸς
455 1259 559 1292 ἀσινὲς,
575 1259 677 1295 βλάϐης
697 1261 768 1295 δίχα.

221 1303 302 1330 Ἀσὰν
318 1304 346 1331 δὲ
363 1305 454 1336 συνεὶς
467 1306 612 1341 συμφορᾶς
627 1306 677 1341 τὴν
693 1307 783 1333 αἰτίαν

220 1349 265 1380 Ὠς
277 1349 382 1382 ἐκτισις
397 1351 506 1385 πέφυκε
522 1351 572 1386 τῆς
593 1352 733 1387 ἑφορχίας,

124 1396 192 1421 Slx‘i
215 1395 404 1430 Πρεσΰεύεται
416 1397 535 1432 τάχιστα
548 1397 616 1432 πρὸς
632 1397 757 1432 βασιλέα,

211 1439 348 1468 Ἀνανεῶν
363 1441 442 1477 κῆδός
457 1451 487 1469 τε
503 1443 550 1470 καὶ
566 1443 757 1478 συμὸιὸἁσεις,

216 1487 250 1513 Ἃ
265 1487 381 1521 δέδρακε
396 1489 474 1524 πρὶν,
490 1489 608 1524 ἠθέτησε
619 1490 642 1516 δ’
657 1491 791 1525 ὑστέρως.

218 1532 249 1559 '0
265 1533 289 1560 δ’
300 1534 428 1568 ἀσμένως
440 1535 540 1570 ἤκουσε
557 1537 704 1572 πρεσὸεἱας
721 1536 828 1570 λόγους,

213 1577 269 1603 Καὶ
282 1578 429 1605 σπένδεται
443 1580 476 1613 δὴ
491 1581 678 1614 συγγινώσκει
689 1582 713 1608 τ’
726 1580 760 1610 αὖ
779 1582 851 1618 μάλα

126 1622 199 1648 82:10
220 1623 407 1650 Μετανοοῦντι
423 1625 589 1662 Βουλγάρων
603 1628 758 1664 ἀρχηγέτῃ,

220 1668 280 1703 Ἐφ’
294 1666 335 1701 οἷς
351 1671 443 1703 κακῶς
456 1672 573 1708 ἔπραξεν
587 1674 686 1709 ὅρκους
701 1675 829 1710 συγχέας·

200 1716 249 1748 ὐς
261 1715 354 1743 λοιπὸν
370 1718 531 1754 ἐκπέπομφε
547 1719 595 1746 καὶ
610 1720 759 1756 θυγατέρα,

215 1763 270 1790 Καὶ
282 1764 464 1798 συμόιὸἀσεις
476 1766 590 1800 ἑμπεδοῖ
608 1768 655 1794 καὶ
675 1768 778 1802 φιλίαν,

217 1810 270 1836 Καὶ
285 1811 368 1838 πάλιν
381 1811 510 1839 Αὐσόνων
526 1821 556 1838 τε
569 1813 734 1849 Βουλγάρων
750 1814 832 1850 μέσον

125 1855 199 1881 8-293
227 1855 366 1892 ’Υπῆρχεν
385 1859 499 1893 είρήνης
514 1868 542 1886 τε
557 1862 606 1886 καὶ
623 1860 717 1894 φιλίας
731 1861 820 1893 κλέος.

224 1902 426 1939 Ἐξαπορηθεῖς
445 1907 502 1937 τοῖς
514 1906 586 1937 ὅλοις
600 1906 760 1939 Βοιλδουῗνος

225 1949 270 1981 Ὠς
282 1950 441 1982 συνελαθεὶς
457 1953 496 1984 είς
510 1952 588 1980 πόλιν
604 1953 785 1989 πανταχόθεν,

217 1996 289 2031 Πρὸς
300 1996 528 2032 τοῦκρατοΰντος
542 1998 670 2026 Αὐσόνων
688 2000 812 2027 Ἰωάννου

217 2043 290 2077 Πρδς
304 2043 376 2078 ρἧα
390 2044 525 2079 Φράγγων
539 2046 567 2070 ἐν
583 2045 709 2081 τριήρεσι
728 2046 815 2079 πλέει,

128 2088 199 2114 83m
221 2089 275 2116 Kal
293 2091 470 2125 συμμαχικὸν
487 2091 651 2127 προσλαϐὼν
673 2092 802 2120 πλεῖστον
819 2093 902 2129 μάλα,

218 2137 273 2162 Καὶ
286 2136 427 2169 διοδεύσας
444 2138 572 2172 Γαλλίας,
597 2139 724 2173 Ἰταλίαν,

217 2181 265 2212 Εἰς
280 2183 403 2210 Παιόνων
418 2183 520 2218 ἔφθασε
534 2185 651 2217 λιπαρὰν
665 2186 759 2221 χθόνασ

219 2227 280 2260 ’Δφ’
296 2224 327 2254 οὗ
342 2228 468 2264 περάσας
492 2229 538 2256 τὸν
551 2230 696 2266 βαθυδίνην
714 2232 832 2267 Ἴστρον,

220 2273 362 2309 Προοέσχε
384 2275 488 2302 Μυσῶν
504 2277 561 2308 τοῖς
575 2277 766 2312 ἀποκρήμνοις
782 2279 884 2312 τόποις,

127 2319 202 2345 Sinti;
223 2320 257 2346 Οἶ
276 2321 324 2347 καὶ
334 2322 473 2356 παρέσχον
490 2323 576 2349 δίοδον
590 2325 647 2355 τοῖς
667 2325 806 2356 Λατίνοις,

223 2366 279 2398 Τὰς
294 2368 364 2403 πρὸς
375 2368 530 2404 κρατοῦντα
547 2371 663 2401 σπονδὰς
675 2371 850 2405 ἡθετηκότες.

222 2410 301 2440 Εἷλον
313 2413 336 2440 δ’
360 2413 456 2441 Ἰταλοὶ
470 2416 518 2442 καὶ
531 2416 701 2452 Τζουρουλδν
717 2417 756 2452 τῷ
773 2417 834 2443 τότε

221 2459 330 2492 Σκύθας
342 2460 453 2495 ἔχοντες
468 2463 634 2498 συμμάχους
651 2463 835 2498 παριστρίους

223 2505 277 2532 Τοῦ
292 2506 452 2542 Πετραλίφα
468 2509 537 2544 πρὸς
550 2510 675 2544 φυλακὴν
691 2510 834 2546 φρουρίου,

125 2553 204 2580 5310
227 2553 375 2580 Ἔντοσθεν
390 2555 467 2586 δντος
484 2557 610 2589 εὐγενοῦς
628 2557 826 2592 στρατηγέτου.

225 2599 310 2634 Ἀναξ
324 2601 346 2627 δ’
362 2601 485 2628 ἐπελθὼν
498 2603 684 2637 Nimim/355a;
707 2603 802 2634 τόποις

225 2646 266 2673 Δι’
279 2647 448 2682 ὑγροχέρσου
468 2649 595 2682 στρατιᾶς
611 2648 766 2682 ῥωμαλέος,

224 2692 381 2728 Δακιὸύζης
393 2692 524 2728 φρούριον
540 2690 596 2720 εἷλε
609 2695 640 2729 τῇ
656 2694 742 2730 μάχῃ,

227 2737 338 2773 Ἔρυμα
354 2739 380 2765 τ’
394 2739 454 2766 ἄλλ’
468 2736 490 2772 ᾧ
504 2739 599 2774 κλῆσις
616 2740 794 2774 Νικητιάτου,

129 2783 208 2811 8515
227 2784 284 2810 Καὶ
300 2784 377 2811 λείαν
391 2785 517 2821 ἀπήλασε
531 2786 635 2820 πλῆθος
650 2785 789 2822 λαφύρων.

227 2830 349 2857 Πέπονθε
367 2830 390 2857 δ’
402 2830 491 2862 ἄλλως
505 2832 533 2858 ἐν
548 2832 631 2868 στό)ῳ
646 2832 800 2867 δυστυχίαν·

229 2876 283 2904 Τοῦ
292 2878 346 2913 γὰρ
360 2876 502 2912 Κοντοφρὲ
515 2878 641 2914 Μανουὴλ
654 2878 823 2914 κεκλημένου

826 136 1013 168 C/ESARES.

907 197 931 224 Α
946 196 991 229 qui
1006 195 1146 223 domestici
1162 195 1250 230 magni
1262 201 1344 229 gener
1356 198 1414 222 erat

947 242 1095 270 Andronici
1110 246 1189 277 gente
1203 241 1360 276 Palmologi,

949 289 1028 324 cujus
1041 289 1175 317 seniorem
1192 289 1275 316 liliam
1292 289 1404 315 Mariam
1422 287 1549 319 duxerat,

949 336 1022 363 idem
1036 341 1063 364 et
1077 336 1158 370 regite
1172 343 1272 363 mensae
1287 335 1414 370 pincerna
1430 338 1507 367 erat;

949 389 1012 409 mox
1023 386 1051 408 et
1066 389 1180 416 magnus
1193 381 1360 408 domesticus
1374 379 1425 407 fuit
1439 383 1550 406 creatus
1566 387 1571 404 :

949 429 990 455 vir
1004 436 1069 455 sane
1084 427 1175 460 fortis,
1194 427 1313 462 prudens
1326 431 1352 454 et
1370 425 1572 461 magnanimus,

948 475 1094 502 admodum
1112 474 1256 508 religiosus
1272 473 1318 500 Dei
1335 472 1465 503 famulus,

949 520 1058 548 fortuna
1071 525 1098 547 et
1112 521 1193 547 rebus
1207 519 1310 546 bellicis
1325 519 1482 552 praeclarus.

948 567 997 595 Hic
1011 567 1047 594 ob
1062 567 1161 594 relatas
1176 566 1275 593 nobilis
1287 565 1426 597 victorias,

949 613 1075 641 hostibus
1089 617 1149 640 erat
1165 612 1261 639 ﬁrmus
1275 611 1460 645 adversarius,

948 668 1064 695 quorum
1078 659 1229 695 phalanges
1243 658 1392 693 repellebat
1408 658 1516 685 iortiler

948 707 1041 734 divino
1054 707 1155 734 auxilio
1170 706 1257 733 fretus
1274 712 1301 733 et
1315 710 1372 732 arte
1386 705 1494 732 bellica.

951 753 1022 780 Ecce
1041 757 1130 780 autem
1149 752 1230 779 rebus
1246 752 1281 778 ita
1302 758 1331 778 se
1345 751 1511 778 habentibus

949 798 1044 830 Asani,
1061 804 1091 826 ut
1104 797 1173 831 dixi,
1189 798 1223 824 ad
1239 797 1337 824 bellum
1355 796 1522 824 iucumbenti

915 866 935 893 Β
951 845 1061 872 nuntius
1077 844 1151 871 venit
1165 843 1261 878 plenus
1276 843 1402 870 amarilie

950 890 1021 925 quod
1036 889 1094 924 ejus
1107 889 1189 917 simul
1209 897 1277 916 uxor
1290 896 1322 916 ac
1339 888 1447 920 ﬁliolus,

950 942 1033 972 atque
1048 935 1224 971 archiprzesul
1242 935 1370 966 Ternobi,
1385 939 1496 969 repente

951 983 1032 1010 vitam
1045 989 1107 1009 cum
1126 986 1214 1008 morte
1227 987 1312 1014 nuper
1327 984 1573 1007 οοιηιιιιιιιινθτιιιη.

949 1029 1055 1062 Quibus
1071 1028 1115 1055 ille
1129 1027 1238 1060 auditis,
1257 1027 1359 1054 omisso
1373 1026 1453 1059 bello,

950 1076 1044 1104 statim
1060 1076 1085 1103 in
1099 1074 1219 1102 Moesiam
1243 1073 1390 1100 maturavit
1404 1073 1530 1104 reditum,

950 1123 1013 1157 igne
1030 1121 1199 1155 consumptis
1214 1119 1319 1147 bellicis
1337 1119 1493 1146 tormentis.

951 1168 1027 1197 Tunc
1042 1173 1069 1196 et
1082 1167 1179 1195 Latina
1196 1167 1325 1194 derelicta
1340 1165 1458 1200 phalanx

951 1215 1110 1251 Byzantium
1125 1214 1176 1241 sibi
1193 1212 1357 1240 redeundum
1371 1212 1488 1244 censuit,

950 1269 977 1291 et
990 1263 1029 1290 sie
1043 1261 1175 1288 Tzurulus
1190 1259 1307 1295 perstitit
1321 1257 1475 1286 incolumis.

951 1310 1027 1337 Tunc
1043 1316 1107 1336 vero
1120 1309 1223 1334 Asanes
1237 1305 1413 1333 infortunium
1431 1312 1510 1331 suum

948 1357 1048 1392 justam
1065 1354 1174 1390 perjurii
1189 1360 1295 1388 poenam
1312 1359 1373 1380 esse
1388 1351 1549 1386 intelligens,

951 1405 1077 1440 protinus
1093 1403 1167 1430 misit
1181 1403 1214 1429 ad
1230 1402 1365 1429 Cmsaretn
1378 1401 1480 1435 legatos

952 1458 1044 1486 pacem
1060 1449 1215 1477 instaurans
1232 1452 1260 1474 et
1273 1446 1440 1477 afﬁnitatem,

952 1505 1032 1532 quam
1048 1497 1112 1525 olim
1129 1497 1151 1523 is
1164 1494 1343 1529 compositam
1363 1500 1425 1519 mox
1443 1491 1600 1519 resciderat.

914 1545 935 1574 C
953 1544 1044 1571 Caesar
1059 1541 1175 1569 libenter
1191 1538 1352 1573 legationem
1368 1536 1462 1568 audiit,

952 1589 979 1616 fu
989 1588 1094 1622 dusque
1110 1585 1260 1616 renovavit,
1273 1589 1301 1611 et
1316 1582 1420 1610 veniam
1434 1580 1532 1609 obtulit

951 1633 1123 1670 resipiscenti
1140 1632 1315 1667 Bulgarorum
1335 1629 1389 1664 regi

951 1681 986 1709 de
1000 1680 1099 1708 violato
1117 1678 1178 1706 ﬁdei
1191 1678 1287 1713 juratze
1300 1676 1378 1711 jure;

952 1726 998 1761 qui
1014 1732 1076 1752 mox
1091 1729 1118 1751 et
1134 1723 1216 1750 ﬁliam
1235 1721 1339 1749 remisit
1353 1720 1387 1747 ad
1410 1726 1550 1754 sponsum,

952 1778 980 1801 ct
994 1771 1164 1801 conﬁrmavit
1179 1769 1267 1797 foedus
1284 1767 1421 1795 aruit-ium.

954 1820 1042 1853 Atque
1056 1817 1093 1844 ita
1109 1822 1202 1843 rursus
1217 1815 1287 1841 inter
1302 1820 1350 1840 nos
1362 1820 1393 1839 ac
1407 1811 1535 1845 Bulgaros

954 1863 1147 1891 benevolentia:
1162 1860 1279 1896 ac:pacis
1295 1866 1392 1886 munus
1410 1857 1509 1884 ﬂoruit.

954 1913 988 1938 At
1003 1910 1151 1937 Balduinus
1164 1909 1246 1936 rebus
1261 1907 1316 1934 suis
1329 1907 1485 1939 desperans,

955 1961 1096 1992 propterea
1114 1955 1185 1990 quod
1201 1954 1229 1981 in
1245 1952 1312 1981 urbe
1327 1951 1557 1984 Constantinopoli

955 2009 1064 2037 pl‘Ol'SllS
1076 2000 1219 2029 conclusus
1235 2003 1306 2025 8850i.
1325 2005 1338 2024 ﬂ
1357 2001 1449 2024 [IOSII‘O
1463 1996 1584 2026 CLI‘SZII‘C;

954 2048 1126 2083 adnavigavit
1151 2046 1184 2074 ad
1201 2044 1365 2072 Francorum
1380 2049 1480 2077 regem,

955 2104 969 2122 a
987 2102 1040 2130 quo
1054 2092 1208 2128 permagnis
1224 2092 1374 2118 instructus
1390 2089 1497 2116 auxiliis

956 2140 1155 2177 permeatisque
1170 2137 1263 2166 Galliis
1283 2141 1363 2170 atque
1378 2134 1455 2162 ltalia

957 2187 990 2215 ad
1004 2187 1130 2214 Pazonum
1149 2183 1271 2219 pervenit
1291 2183 1389 2218 pingue
1406 2182 1511 2213 solum;

956 2235 1000 2262 ubi
1017 2234 1131 2268 trajecto
1149 2231 1267 2258 maximo
1285 2230 1407 2257 Danubio

956 2280 1073 2308 accessit
1087 2279 1120 2307 ad
1138 2282 1283 2306 montanas
1297 2275 1444 2304 Mmsorum
1461 2275 1551 2306 sedes,

956 2326 1002 2360 qui
1017 2324 1160 2352 transitum
1177 2322 1282 2350 Latinis
1295 2325 1502 2352 concesserunt,

958 2376 1053 2399 contra
1072 2370 1221 2403 promissas
1235 2367 1336 2394 Ca—sari
1355 2366 1534 2394 conditiones.

959 2419 1034 2445 Tunc
1049 2417 1195 2444 'l‘zurulum
1212 2422 1319 2450 quoque
1336 2418 1467 2448 ceperunt
1483 2412 1539 2439 Itali

959 2463 1153 2492 auxiliantibus
1168 2461 1278 2496 Scythis
1293 2460 1353 2488 Istri
1370 2459 1488 2492 accolis;

959 2517 1113 2546 quanquam
1130 2508 1202 2535 illius
1220 2507 1290 2534 arcis
1308 2506 1429 2533 custodia
1453 2505 1553 2532 tradita

962 2555 1043 2582 nobili
1060 2555 1120 2582 duci
1137 2554 1298 2588 Petralipha:
1316 2553 1413 2580 fuerat.

961 2602 1194 2634 Nicomediensem
1208 2601 1299 2629 Caesar
1313 2601 1443 2628 invadens
1462 2607 1555 2634 agrum

963 2649 1024 2678 I‘orti
1040 2657 1073 2677 ac
1091 2653 1201 2683 potente
1217 2648 1332 2682 stipatus
1347 2646 1467 2674 exercitu

961 2695 987 2721 vi
1004 2693 1141 2728 superavit
1154 2693 1293 2728 Dacibyza:
1306 2690 1457 2722 castellum,

962 2740 1096 2775 aliamque
1114 2746 1204 2766 arcem
1217 2738 1315 2765 dictam
1331 2736 1481 2768 Nicctiatte,

963 2791 1142 2820 magnamque
1157 2784 1253 2818 prmdae
1269 2783 1373 2816 copiam
1396 2781 1458 2808 inde
1474 2781 1573 2816 abegit.

964 2831 1063 2858 Verum
1079 2830 1181 2864 accepit
1199 2829 1266 2856 mari
1282 2828 1484 2856 detrimentum.

964 2878 1058 2912 Quoad
1076 2877 1148 2905 enim
1157 2876 1262 2904 Manuel
1277 2875 1468 2910 Coutophrcus

1681 129 1734 162 306
