1926 3071
246 131 300 162 323
803 135 1002 166 EPHREMII
1022 135 1250 167 CHRONOGRA
1260 137 1324 168 PHI
1819 141 1875 172 32l

245 190 320 216 'l‘unc
337 188 386 216 iste
401 188 494 216 eadem
509 195 591 224 stt-per
604 196 634 218 se
650 194 770 226 rogatur.

244 236 290 270 qui
307 236 447 270 superiore
462 241 590 263 cottstans
605 236 632 262 in
646 244 771 264 sermone

243 329 282 356 rei
297 329 458 357 Michaelem
473 329 590 357 inscium
606 329 722 357 allirmat
735 337 743 357 :

245 376 423 410 quamobrem
440 376 528 411 gladio
542 376 715 404 decollandus
731 377 863 410 traditur;

244 422 391 455 statimque
405 421 501 449 vinctis
516 422 652 455 manibus,
665 422 761 449 velatis
775 423 872 455 oculis,

241 467 345 502 judicio
359 467 459 501 iniusto
472 466 504 493 ad
519 473 612 493 necem
627 467 786 494 ducebatur.

243 515 295 546 Sed
311 522 372 542 cum
388 514 520 542 cervicem
534 513 590 549 jam
605 513 715 541 oﬂcrrct
730 515 806 548 icttti,

244 562 426 596 interrogatur
441 569 536 589 rursus
552 569 566 588 a
582 562 711 589 carniﬁce
725 571 732 589 :

245 607 326 634 honto
341 611 497 634 constanter
511 607 599 634 adhuc
613 612 641 634 et
655 612 750 635 sancte
766 608 889 642 dcjt-rans

242 653 390 680 immunent
405 653 528 680 criminis
543 652 701 680 Michaeletn
716 653 762 680 ait.

242 698 342 732 lnjuslo
363 704 428 726 tunc
442 699 603 726 subducitur
617 699 758 733 Supplicia,

243 745 359 771 traditur
374 749 462 772 tamen
476 745 595 772 carceris
609 745 750 772 custodiae.

241 790 363 823 Quaestio
379 791 476 818 deinde
492 790 697 826 cxploratioquc
711 791 837 819 criminis

242 834 268 859 in
284 833 443 860 Michaeleut
459 834 575 861 vcrtitttr
588 834 772 865 Comnenum;

241 880 285 914 qui
304 879 407 906 ferrum
422 880 541 907 candens
556 884 665 914 tangere
677 880 797 914 iubetur,

242 931 324 959 atquc
341 926 376 951 ita
392 926 546 960 ambiguam
563 927 777 953 controversiam
791 927 905 955 solvero.

241 971 290 997 llic
306 970 474 998 conﬁdenter
488 971 626 1006 respondit
636 972 774 1006 judicibus
789 981 796 1000 :

241 1017 268 1042 Si
284 1016 468 1043 testimonium
483 1017 618 1052 quispiam
632 1017 658 1044 in
674 1025 716 1044 me
729 1018 842 1051 diceret,

240 1063 304 1090 huic
318 1070 368 1097 ego
382 1063 465 1090 artnis
479 1064 604 1098 equidem
619 1063 794 1098 resisterent;

240 1115 310 1134 nunc
326 1111 472 1135 accusante
488 1108 606 1140 neruine,
621 1116 673 1135 non
686 1108 764 1136 video

239 1158 335 1180 contra
351 1160 431 1187 quem
448 1154 548 1187 possim
562 1153 665 1188 judicio
681 1155 856 1182 contendere.

239 1198 314 1231 Quod
330 1200 351 1226 si
367 1204 475 1234 patrare
487 1199 583 1234 jubeor
599 1200 740 1234 miracula,

239 1245 321 1271 homo
337 1250 461 1279 peccator
473 1245 598 1279 equidem
614 1253 666 1272 non
683 1251 786 1280 potero.

238 1289 297 1316 .l-ttn
312 1290 488 1317 fervefactttut
506 1291 567 1325 igne
580 1291 666 1325 siquis
679 1291 781 1318 ferrum

239 1335 355 1363 viventis
371 1336 450 1362 tmdis
464 1336 578 1363 collocet
595 1336 620 1363 in
636 1336 773 1368 manibus,

240 1382 330 1409 nescio
346 1389 394 1408 cur
409 1389 504 1408 manus
521 1390 572 1408 non
587 1381 622 1408 sit
636 1382 832 1410 ambusturmn.

242 1428 277 1453 Ihi
294 1427 364 1454 inter
374 1426 480 1460 judices
494 1427 590 1454 sedens
604 1427 747 1463 cpiscopus

242 1472 441 1507 Philadelphia.
456 1472 603 1507 gratiﬁcari
618 1474 722 1506 volens,

238 1518 309 1545 hunc
325 1519 479 1546 Michaelem
494 1524 601 1546 sevocat
615 1524 730 1552 secreto,

239 1568 266 1590 et
279 1563 317 1590 sic
331 1571 391 1591 cum
408 1563 453 1591 illo
470 1564 629 1599 insmieuter
644 1565 766 1600 loquitur
781 1573 789 1592 :

237 1608 304 1635 Cum
321 1609 359 1636 sis
373 1613 399 1636 tu
416 1609 497 1636 nobili
511 1610 553 1636 vir
564 1609 731 1641 conditione,

238 1660 265 1681 et
278 1656 310 1682 de
324 1655 459 1683 nobilibus
474 1656 581 1691 genitus
597 1657 767 1691 parentibus.

238 1704 347 1733 oportet
362 1705 387 1728 te
404 1708 453 1736 pro
467 1702 572 1737 generis
588 1703 720 1737 dignitate

238 1749 266 1772 νε
279 1745 398 1781 cogitare
412 1754 519 1781 semper
537 1751 563 1774 ct
576 1748 686 1782 operari
701 1755 708 1775 :

237 1798 299 1817 cum
318 1798 381 1825 ergo
399 1795 483 1818 testes
497 1792 621 1819 criminis
637 1800 689 1819 non
708 1792 808 1820 adsint.

238 1836 331 1862 divino
348 1840 374 1861 te
386 1834 490 1869 judicio
508 1837 664 1864 committas
681 1838 775 1869 velim,

240 1880 333 1914 tuique
350 1880 436 1908 facias
453 1888 501 1916 per
515 1881 603 1916 ignem
624 1883 759 1916 peritiam.

239 1928 374 1954 Audacter
391 1927 436 1955 ille
451 1932 478 1955 et
492 1929 632 1956 commode
647 1931 784 1963 respondit
799 1941 804 1957 :

239 1973 321 2000 Miror
335 1980 385 2000 cur
402 1978 504 2006 vectes,
522 1981 567 2002 res
579 1982 654 2002 sacra
670 1975 795 2010 dicatur;

239 2026 318 2053 quem
337 2019 427 2047 hcrcle
441 2020 518 2048 timet
532 2028 628 2048 manus
646 2029 705 2048 mea
719 2022 891 2058 contingere,

238 2065 284 2099 qui
300 2072 360 2093 sum
380 2070 517 2100 peccator,
531 2071 560 2094 ut
573 2072 651 2094 antea
664 2067 720 2102 jam
740 2068 806 2096 dixi.

238 2111 279 2138 ’l‘u
297 2119 362 2138 vero
376 2118 486 2139 sanctus
497 2118 525 2140 et
541 2113 603 2140 dius
621 2113 667 2141 Dei
687 2116 815 2142 sacerdos

240 2159 292 2185 ltco
305 2158 471 2185 sacriﬁcium
488 2159 611 2187 manibtts
623 2160 722 2188 oﬂerre
739 2160 846 2193 solitus.

238 2203 260 2228 si
278 2204 325 2230 tibi
341 2204 439 2238 placet,
459 2212 519 2240 age,
536 2206 623 2240 captis
637 2206 730 2234 infulis

221 2254 349 2284 .totaque
364 2250 432 2277 stola
453 2251 505 2277 rite
522 2251 700 2284 conrestitus,

239 2299 341 2321 γσοιοιη
360 2295 473 2322 ardente
487 2295 605 2324 fervefac
622 2297 738 2330 camino,

238 2340 345 2374 tuisque
361 2342 435 2375 puris
452 2342 578 2369 manibus
595 2343 732 2370 sublatum

237 2387 263 2412 in
279 2395 353 2413 meas
369 2389 487 2414 transfer
502 2388 656 2417 sordidata;
671 2397 777 2417 manus.

236 2432 312 2459 'l‘unc
327 2440 393 2459 sane
411 2440 490 2467 spero
502 2435 714 2468 omnipotentem
732 2436 815 2463 Deum

235 2485 292 2504 rem
310 2477 347 2504 tui
364 2479 450 2512 gratia
469 2479 565 2505 miram
583 2486 767 2514 peraetutum,

234 2524 413 2552 dissimulatis
429 2525 538 2552 interitu
555 2527 674 2560 peccatis
693 2529 768 2554 meis.

234 2570 280 2596 sic
294 2570 418 2597 Michael.
437 2569 586 2606 licspondit
600 2578 691 2601 autem
706 2575 879 2610 arcltipt'.esnl
895 2587 901 2603 :

235 2615 281 2641 list
302 2616 355 2648 hic,
372 2623 387 2643 ο
403 2617 494 2649 sodes,
511 2616 691 2646 Barbarorum
709 2621 788 2652 ritus,

235 2660 364 2688 ltuit-auis
380 2663 492 2691 minime
507 2664 610 2700 legibus
624 2666 771 2701 ascriptus,

235 2715 321 2741 ncque
335 2709 421 2736 sacris
435 2711 586 2738 canonibus
600 2710 729 2739 Ecclesia!

236 2757 361 2786 receptus
378 2762 508 2789 unquam,
526 2763 613 2791 neque
632 2758 734 2785 sanctis
750 2758 893 2787 Patribus:

234 2806 319 2831 quare
335 2800 454 2828 insuetus
467 2801 546 2828 nubis
561 2802 605 2830 hic
619 2810 678 2831 mos
691 2804 857 2832 barbaricus.

235 2843 320 2872 ltvctc
335 2848 473 2881 respondit
492 2847 605 2876 Michael
618 2850 739 2885 sciteque
753 2851 897 2880 admodum
913 2863 919 2880 :

1048 193 1069 221 Α

1047 861 1068 889 Β

1193 191 1247 218 Καὶ
1264 192 1347 218 πάλιν
1362 192 1488 228 ἡρωτᾶτο
1499 192 1546 220 τοῦ
1563 192 1642 227 λόγου
1656 193 1749 230 χάριν.

1198 239 1227 264 ’0
1247 238 1269 264 δ’
1289 239 1417 273 ἐμμένων
1442 237 1476 275 ἦν
1492 241 1549 272 τοῖς
1569 241 1635 277 πρὶν
1652 242 1702 278 οὐχ
1720 240 1801 278 ἧττον
1825 243 1874 270 λό-

1757 288 1836 325 [γοιςν

1105 331 1175 359 8790
1195 331 1296 358 Ἀθῶον
1308 330 1378 360 εἶναι
1391 329 1506 369 Μιχαὴλ
1520 336 1632 370 φάσκων
1645 336 1726 371 λόγου
1739 346 1746 353 ·

1192 377 1274 405 Ὀοεν
1291 379 1474 414 κατακέχριτο
1492 381 1583 408 Θανεϊν
1599 383 1631 409 ἐκ
1647 383 1742 417 ξίφους
1755 391 1762 399 ·

1188 423 1281 454 Δεθεὶς
1295 421 1342 450 οὖν
1362 425 1409 451 καὶ
1422 425 1572 460 καλυφθεὶς
1587 427 1622 454 τὰ
1638 428 1696 463 φάη

1189 469 1321 505 “Απήγετ’
1335 470 1376 502 είς
1391 470 1508 498 θάνατον
1526 473 1612 508 ἀδίκῳ
1626 475 1729 509 κρίσει.

1191 515 1354 549 Προῦτεινεν
1369 517 1472 552 αὐχένα
1488 518 1517 545 δὲ
1533 519 1663 553 δέξασθαι
1679 521 1762 556 μόρον
1773 529 1781 537 ”

1102 562 1172 590 8Τ95
1191 563 1247 589 Καὶ
1261 563 1342 590 πάλιν
1358 564 1485 599 ὴρωτᾶτο
1503 566 1579 601 παρὰ
1594 567 1695 601 δημίου
1708 577 1715 584 ·

1195 609 1223 635 Ὀ
1239 609 1261 635 δ’
1273 610 1480 646 ἀμετακίνητος
1495 610 1530 648 ἦν
1547 613 1730 648 δεδογμένων,

1190 655 1305 690 Ὀρκοις
1321 656 1419 683 ἀθωῶν
1430 658 1540 694 Μιχαὴλ
1559 660 1731 693 φρικαλέοις.

1188 700 1260 726 Ἀλλ’
1276 697 1354 733 οὗτος
1369 702 1487 738 ὲῤῥύσθη
1503 704 1552 738 μὲν
1566 705 1659 731 ἀδίκου
1674 706 1772 741 μόρου,

1189 746 1400 782 Καθειργμένος
1417 749 1446 776 δὲ
1456 750 1581 787 φυλακὴν
1597 751 1725 778 ὐπεισέδυ
1739 760 1747 767 ⁶

1101 791 1172 818 8800
1198 792 1231 818 Ἦ
1245 792 1268 819 δ’
1284 793 1409 826 ἐξέτασις
1424 797 1470 822 καὶ
1484 796 1603 830 βάσανος
1618 797 1667 824 τοῦ
1686 798 1766 832 λόγου

1188 839 1260 873 Πρὸς
1277 841 1323 866 τὸν
1344 842 1488 877 Κομνηνδν
1501 843 1608 879 Μιχαὴλ
1627 845 1799 880 μετηνέχθη·

1193 887 1246 912 Καὶ
1258 886 1333 912 τόνδε
1350 886 1452 922 μύδρον
1468 889 1586 923 χειρίσαι
1609 890 1768 923 κατηξίουν,

1194 931 1251 958 Καὶ
1264 933 1363 966 σκέψιν
1379 932 1466 965 οὕτως
1483 934 1709 969 ἀμφιϐάλλουσαν
1719 935 1798 962 λῦσαι
1813 944 1821 952 ·

1198 978 1227 1004 '0
1243 978 1266 1005 δ’
1284 979 1423 1013 ἀντεπῆγε
1439 983 1507 1014 πρὸς
1522 981 1619 1016 κριτὰς
1632 981 1820 1012 πεποιθότω;·

1102 1024 1171 1052 8805
1195 1025 1239 1056 Ὠς
1253 1025 1284 1051 El
1302 1025 1351 1060 μὲν
1367 1023 1401 1060 ἦν
1415 1034 1458 1057 τις
1476 1027 1537 1052 κατ’
1550 1027 1617 1062 ἐμοῦ
1630 1027 1700 1063 τάχα
1717 1027 1820 1062 λέγων,

1192 1070 1264 1106 Πρὸς
1279 1072 1360 1098 αὑτὸν
1375 1071 1408 1098 ἂν
1424 1073 1607 1109 ἠγωνισάμην
1623 1075 1672 1100 σὺν
1686 1074 1780 1106 ὅπλοις
1793 1083 1802 1091 ·

1191 1118 1356 1153 Κατηγόρου
1371 1117 1400 1144 δὲ
1419 1119 1456 1154 μὴ
1470 1120 1603 1154 παρόντος
1623 1129 1668 1154 μοι
1685 1121 1764 1152 τέως,

1189 1162 1261 1197 “pb;
1279 1164 1340 1190 τίνα
1354 1163 1396 1190 δεῖ
1413 1172 1447 1197 με
1465 1164 1513 1200 τὴν
1528 1164 1606 1201 δίκην
1627 1165 1793 1194 καθεστάναι
1810 1176 1818 1199 ;

1191 1209 1221 1234 Εἰ
1237 1208 1460 1245 θαυματουργεῖν
1472 1211 1495 1237 δ’
1509 1211 1686 1245 ἑγκελεύεταί
1700 1212 1733 1247 μέ
1751 1222 1806 1244 τις,

1103 1253 1173 1281 8810
1193 1254 1265 1280 Ἀλλ’
1281 1254 1318 1281 ὢν
1331 1255 1452 1291 ἅλιτρὺς.
1468 1257 1498 1283 οὔ
1520 1257 1670 1292 δυνήσομαι
1686 1258 1756 1285 τόδε.

1196 1299 1301 1332 Ἐνοεες
1315 1301 1343 1327 δέ
1363 1310 1404 1333 τις
1428 1302 1536 1336 σίδηρον
1549 1303 1752 1338 ὲκκεκαυμένον

1188 1345 1319 1377 Ιινὲοντος
1333 1347 1429 1382 ἁνδρδς
1445 1349 1540 1382 χερσὶν
1555 1348 1750 1383 ὲψιλωμέναις,

1187 1390 1244 1416 Οὐκ
1258 1389 1316 1416 οἶδα
1333 1392 1392 1423 πῶς
1408 1391 1443 1419 ἂν
1462 1393 1492 1419 οὐ
1510 1394 1778 1430 καταφλέξοιχέρα·.

1189 1435 1289 1470 Hapth
1307 1437 1335 1462 δὲ
1354 1438 1456 1473 ποιμὴν
1470 1439 1520 1474 τῆς
1531 1440 1698 1474 Φιλαδέλφου
1716 1441 1789 1472 τότε,

1100 1479 1169 1507 8815
1189 1481 1287 1515 Λαχὼν
1304 1482 1425 1514 δικάζειν
1439 1485 1487 1510 καὶ
1503 1486 1537 1511 τὰ
1554 1485 1621 1520 πρὸς
1634 1487 1713 1521 χάριν
1731 1486 1835 1520 λέγειν,

1189 1527 1290 1553 Τοῦτον
1305 1528 1415 1564 Μιχαὴλ
1428 1530 1596 1564 παραλαϐὼν
1615 1532 1678 1566 ίδίᾳ,

1188 1573 1308 1599 Τοιαῦτά
1324 1575 1348 1601 ol
1362 1575 1498 1610 δήπουθεν
1513 1577 1563 1603 οὐκ
1579 1577 1609 1603 εὖ
1624 1577 1742 1613 ὡμίλει⁹

1195 1615 1239 1648 Ὦς
1252 1617 1288 1644 Σὺ
1308 1618 1358 1652 μὲν
1372 1619 1442 1656 ἀνὴρ
1459 1621 1573 1657 εὐγενὴς
1589 1621 1626 1650 ὣν
1641 1623 1788 1658 τυγχάνεις

1187 1663 1246 1696 Κὰξ
1258 1663 1377 1698 εὐγενῶν
1390 1666 1455 1701 ἔφυς
1471 1667 1499 1693 δὲ
1515 1669 1642 1704 πατέρων
1658 1669 1738 1696 πάλιν
1753 1678 1760 1685 ³

1100 1707 1171 1736 88ἓο
1190 1710 1245 1736 Καὶ
1258 1710 1299 1737 δεῖ
1312 1720 1342 1738 σε
1355 1712 1448 1739 λοιπὸν
1465 1713 1512 1741 τοῦ
1527 1715 1626 1748 γένους
1639 1715 1761 1748 ἐπαξίως

1187 1756 1267 1782 Πάντ’
1278 1757 1381 1784 εὐνοεῖν
1396 1767 1426 1784 τε
1439 1760 1486 1785 καὶ
1504 1760 1609 1794 πέρατι
1627 1760 1729 1788 διδόναι
1738 1768 1746 1777 ”

1186 1802 1265 1829 Ἐπεὶ
1282 1803 1335 1839 γὰρ
1351 1804 1380 1830 οὐ
1397 1805 1508 1840 πάρεισι
1525 1807 1664 1842 μάρτυρες
1678 1808 1759 1843 λόγου

1186 1848 1253 1884 Θεία
1266 1857 1296 1876 τε
1308 1849 1390 1882 δείξει
1404 1851 1452 1877 καὶ
1466 1853 1548 1886 σαφεῖ
1565 1854 1708 1889 τεκμηρίῳ

1182 1894 1285 1931 Μύδρῳ
1302 1895 1390 1931 χρεὼν
1403 1896 1512 1932 ἔλεγχον
1525 1898 1643 1931 ἐκτῖσαι,
1660 1899 1731 1934 φίλε.

1095 1939 1165 1967 8825
1192 1940 1221 1967 '0
1231 1940 1253 1967 δ’
1268 1941 1406 1976 ἀνδρικῶς
1425 1942 1527 1978 ἔφησεν
1541 1945 1715 1980 etiamM)“:
1728 1954 1735 1960 ·

1186 1986 1299 2022 Τέϐηπα
1318 1988 1377 2019 πῶς
1396 1988 1473 2023 ἅγιον
1488 1989 1580 2025 ᾄδεται
1592 1991 1690 2025 μύδρος

1185 2028 1274 2067 ᾯπερ
1288 2032 1396 2060 δέδοικα
1413 2036 1484 2070 χειρί
1503 2044 1553 2070 μου
1571 2037 1780 2072 προσεγγίσθαι,

1189 2078 1232 2109 Ὧς
1249 2079 1282 2105 ἂν
1297 2079 1417 2115 ἁλιτρὺς,
1432 2078 1504 2117 ᾗπερ
1516 2083 1612 2109 ἀνόπιν
1626 2084 1703 2118 ἔφην.

1182 2124 1218 2150 Σὺ
1233 2124 1256 2150 δ’
1271 2125 1347 2159 ἅγιός
1363 2134 1393 2152 τε
1409 2127 1456 2153 καὶ
1471 2127 1539 2154 Θεοῦ
1553 2129 1623 2161 οεῖος
1639 2130 1722 2165 θύτης

1095 2168 1165 2196 8850
1185 2169 1270 2205 Χερσὶ
1282 2172 1427 2206 προσάγων
1445 2174 1538 2209 Κυρίῳ
1554 2175 1604 2210 τὴν
1619 2176 1715 2204 θυσίαν
1727 2185 1736 2193 ·

1187 2215 1217 2242 El
1235 2217 1300 2250 γοῦν
1318 2218 1448 2252 κελεύεις,
1464 2213 1542 2252 ἐνδὺς
1566 2222 1706 2258 ἱεραρχίας

1183 2262 1220 2288 Σὺ
1233 2262 1284 2297 τὴν
1300 2264 1396 2298 στολὴν
1410 2265 1528 2299 ἃπασαν,
1542 2267 1579 2299 ὡς
1597 2269 1670 2295 ἔστιν
1687 2269 1756 2303 ἔθος,

1182 2308 1306 2344 Σιδήριον
1320 2310 1447 2345 πύρωσον
1461 2313 1490 2338 ἐν
1505 2314 1536 2348 τῇ
1553 2315 1673 2351 καμίνῳ.

1183 2354 1238 2381 Καὶ
1252 2355 1331 2382 τοῦτο
1346 2356 1436 2383 λαϐὼν
1449 2359 1482 2393 τῇ
1501 2359 1607 2396 καθαρᾷ
1621 2362 1691 2396 χειρί
1709 2371 1756 2390 σου

1092 2399 1165 2426 8853
1184 2400 1285 2435 Χερσὶν
1300 2402 1388 2434 ἐπίθες
1403 2405 1461 2435 ταῖς
1475 2405 1556 2439 ἐμαῖς
1570 2408 1629 2439 ταῖς
1644 2408 1770 2443 ἁνάγνοις
1785 2419 1791 2425 ·

1181 2447 1236 2474 Καὶ
1250 2447 1281 2483 δὴ
1297 2448 1355 2484 Θεῷ
1368 2450 1486 2477 πέποιθα
1501 2453 1696 2490 παντοδυνάμῳ

1190 2492 1234 2525 Ὠς
1251 2493 1535 2531 θαυματουγήσειταῖς
1545 2499 1603 2530 σαῖς
1621 2500 1772 2533 δυσωπὶαις

1181 2539 1291 2574 Πληθὺν
1303 2540 1424 2575 παριδὼν
1438 2542 1493 2568 τῶν
1507 2543 1581 2578 ὲμῶν
1598 2545 1770 2581 ἁμαρτάδων.

1179 2584 1258 2611 Οὒτω
1271 2586 1380 2621 Μιχαήλ
1392 2595 1398 2601 ·
1414 2587 1564 2624 ἀρχιθὺτης
1580 2590 1603 2617 δ’
1621 2591 1728 2627 ἁντέφη
1750 2601 1756 2608 ·

1091 2629 1162 2658 8850
1188 2629 1232 2662 Ὠς
1247 2627 1342 2664 Οὗτος,
1355 2631 1377 2658 ὦ
1394 2632 1528 2667 βέλτιστε,
1538 2635 1683 2671 βαρϐάρων
1696 2638 1789 2673 νόμος,

1178 2677 1215 2703 Οὐ
1235 2676 1400 2712 Ῥωμαϊκοῖς
1416 2680 1626 2718 ὲγκατάγραιρος
1639 2685 1742 2720 νόμοις,

1179 2723 1216 2749 Οὐ
1234 2724 1329 2751 κανόσι
1347 2725 1428 2757 θείοις
1442 2735 1472 2753 τε
1487 2728 1536 2762 τῆς
1551 2728 1717 2765 Ἐκκὶιησίας

1177 2770 1276 2801 Δεκτὸς
1289 2771 1419 2805 πέφυκεν,
1437 2773 1466 2799 οὐ
1483 2774 1620 2809 Πατρὰσιν
1636 2777 1741 2811 ἁγίοις·

1184 2815 1265 2860 ῑιίμῖν
1280 2815 1301 2842 δ’
1317 2816 1408 2849 ἀγνὼ,
1426 2827 1468 2849 τις
1485 2819 1652 2856 βαρὸαρικός
1675 2823 1699 2849 0'
1717 2826 1730 2850 ὁ
1745 2826 1857 2860 specu.

1090 2858 1160 2886 88l3
1178 2857 1216 2886 Ἦ
1231 2859 1252 2886 δ’
1270 2861 1298 2893 ὃς
1312 2861 1417 2898 Μιχαὴλ
1434 2867 1589 2901 προσφυῶς,
1609 2857 1767 2904 ἐπτβὸλωςί
