1926 3071
196 141 243 174 33;
742 122 943 158 Fi‘lllllilllll
967 126 1271 157 CHRONOGBAPHI
1770 124 1822 159 332

195 213 221 233 et.
240 204 307 232 tit-rut
319 209 406 230 torum
423 199 532 228 feminis
549 205 581 225 ac
597 196 690 224 liberis

195 255 248 280 alio
265 249 411 282 translatis,
428 245 520 282 procul
537 244 678 276 Melenico,

196 297 414 325 Thcssa'ouicam
431 293 503 320 illinc
514 296 556 319 est
573 296 697 317 reversus
717 297 724 318 ;

196 343 267 370 unde
284 339 444 368 transmisso
456 336 526 364 Axio
544 333 689 370 profundo,

199 388 322 416 Bodenos
337 383 412 413 venit
431 383 510 418 aquis
526 379 695 408 abundantes
712 386 720 404 :

196 434 242 461 ubi
259 432 386 459 laborans
401 428 504 457 ventris
517 425 667 457 doloribus,

197 480 305 515 paulum
321 481 463 513 propterea
477 472 597 502 substitit
610 471 715 499 diebus.

195 526 256 553 Mox
273 528 424 554 recreatus,
440 521 577 554 Prilapum
591 517 694 550 invisit,

196 572 240 600 ubi
258 578 310 598 non
329 569 422 604 paucis
435 565 556 602 perstitit
572 563 679 592 diebus.

196 617 300 645 Deinde
316 614 427 642 transiit
444 613 476 640 ad
494 611 620 639 Bclesum
635 607 762 644 oppidum
777 617 785 640 ς

195 665 290 689 contra
305 660 378 695 quod
395 657 531 685 machinis
545 654 650 683 bellicis
666 653 788 684 directis,

179 702 223 736 'in
238 705 403 734 deditionem
419 710 480 730 mox
495 701 570 730 cives
585 700 700 734 accepit,

195 753 242 789 qui
255 752 365 780 obtenta
380 748 478 784 nequid
495 751 651 782 paterentur
667 745 719 772 [ide

197 801 284 827 semet
299 805 330 824 ae
341 795 468 830 oppidum
484 792 665 829 permiserunt
680 791 790 818 Caesari.

197 842 378 878 Quamobrem
395 840 449 868 arci
464 838 589 873 imposito
604 837 739 872 prmsidio,

198 898 247 926 per
265 887 463 922 Nautzapoleos
476 885 580 912 aridam
596 883 747 918 regionem,

197 942 266 970 aqua
279 934 406 962 laborans
423 936 503 966 atque
517 934 683 962 commeatu,

197 989 269 1016 aegre
285 978 408 1015 pervenit
422 982 512 1005 tamen
530 976 563 1003 ad
582 976 677 1003 urbem
694 975 802 1008 Set-ras,

200 1027 246 1055 ubi
260 1034 292 1055 ex
306 1024 417 1053 Oriente
431 1022 528 1051 litteris
541 1021 663 1056 perlatis,

197 1073 300 1101 Turcas
315 1079 330 1099 a
341 1074 421 1106 gente
438 1069 639 1096 Tacharionum
654 1066 747 1095 denuo‘

199 1118 346 1155 periclitari
365 1116 490 1151 intelligit
503 1119 531 1142 et
544 1113 714 1142 conturbari.

198 1165 273 1199 Quod
286 1164 332 1191 ubi
346 1163 438 1191 Ctesar
453 1161 538 1194 novit,
555 1167 635 1188 cursu
652 1165 771 1193 cencrto,

197 1211 330 1247 processit
346 1209 403 1237 sine
420 1214 495 1235 mora
513 1207 546 1234 ad
562 1205 680 1234 Hebrum
698 1205 796 1233 numen
815 1214 823 1232 :

198 1258 242 1285 ubi
259 1262 396 1283 rumorem
412 1252 509 1280 falsum
529 1259 590 1279 esse
603 1251 770 1286 intelligens,

198 1304 229 1330 de
240 1303 337 1330 itinere
349 1304 476 1334 suscepto
491 1297 615 1325 nonnihil
628 1297 741 1324 devians

199 1346 418 1384 Didymotichum
434 1344 551 1372 contulit
566 1351 595 1371 se
607 1343 635 1370 in
653 1343 759 1375 urbem,

198 1393 295 1421 deinde
311 1392 343 1419 ad
362 1391 492 1425 inclytam
510 1388 736 1423 Hadrianopoliu,

198 1445 225 1467 et
240 1439 273 1465 ad
288 1437 448 1471 Tzepaenam
463 1433 670 1468 oppugnandam
688 1433 786 1464 rediit;

197 1487 244 1514 sed
262 1492 324 1513 cum
339 1483 405 1511 nihil
420 1481 576 1517 proliceret,
592 1485 717 1506 reversus
733 1482 775 1505 est

198 1533 231 1560 ad
250 1531 383 1560 munitum
399 1527 528 1564 oppidum
544 1524 764 1560 Didymotichum
783 1532 792 1550 :

199 1578 243 1606 ubi
260 1576 355 1604 relicto
374 1582 426 1602 non
443 1573 550 1600 modico
562 1571 685 1599 exercitu

202 1631 263 1651 cum
276 1621 391 1649 ducibus
405 1623 432 1647 et
447 1618 537 1653 oppidi
551 1616 720 1649 custodibus,

199 1667 308 1696 Lascari
323 1664 455 1697 Manuele,
469 1668 495 1691 et
514 1662 659 1698 Margarite

200 1714 310 1742 homine
323 1712 465 1739 rusticano
481 1714 508 1739 et
523 1709 598 1744 pulte
618 1709 685 1736 alito

200 1761 409 1794 Neocastrisqne
423 1759 555 1794 originem
572 1757 713 1788 trahente;

201 1807 309 1841 insuper
326 1805 387 1833 belli
404 1805 499 1832 ordine
511 1803 681 1839 prmseripto,

201 1853 274 1880 illinc
290 1852 431 1880 discedens
449 1850 651 1884 Hellespontum
670 1848 789 1880 transiit,

201 1898 390 1931 stationesque
406 1896 549 1930 Lampsaci
566 1894 707 1922 constituit
724 1902 731 1919 :

202 1945 246 1971 ubi
264 1950 327 1971 suos
343 1943 425 1970 duces
438 1941 518 1968 celsis
531 1940 705 1975 dignitatibus

202 1989 289 2022 auxit,
305 1988 425 2020 ornavit,
440 1986 609 2020 prmmiaque
624 1985 772 2012 distribuit.

202 2035 345 2070 Georgium
363 2034 469 2068 quidem
487 2032 565 2067 vulgo
579 2031 746 2059 Muzalonem

204 2079 402 2115 protovestiarii
417 2084 444 2107 et
459 2077 539 2105 simul
555 2076 734 2112 protosebasti

203 2133 254 2153 nec
274 2132 326 2152 non
339 2122 567 2156 strato‘pedurchac
582 2120 690 2149 ornavit
704 2119 789 2147 titulis
804 2129 810 2146 :

203 2171 284 2206 hujus
298 2174 386 2197 autem
403 2168 515 2195 fratrem
534 2167 729 2199 Andronicum,

205 2217 294 2252 magni
310 2215 423 2243 donavit
439 2214 527 2241 oﬂicio
542 2213 679 2240 domestici
694 2220 701 2238 :

206 2262 334 2298 Angelum
346 2260 463 2294 denique
477 2259 541 2286 iecit
555 2262 791 2294 protostratorean.

205 2309 252 2336 llis
264 2307 331 2334 actis
345 2306 493 2340 imperator
506 2305 695 2332 revertebatur

205 2356 237 2382 ad
255 2362 333 2382 suum
353 2352 441 2387 regale
455 2349 595 2386 Nymphtei
610 2347 740 2383 palatium
756 2355 763 2374 :

209 2403 253 2429 ubi
270 2409 317 2437 per
334 2400 431 2428 hiemis
445 2404 566 2432 tempora
586 2400 720 2426 versatus,

205 2455 267 2475 vere
279 2450 421 2481 appetente
439 2442 587 2471 exercitum
603 2441 711 2475 collegit

205 2493 378 2520 innumerum
397 2488 549 2522 pedestrem
565 2489 646 2520 atque
660 2488 824 2519 equestrem,

208 2543 362 2567 concretum
376 2535 478 2567 Litesis,
496 2534 582 2566 italis,
604 2538 684 2567 atque
702 2531 821 2567 Scythis,

207 2584 340 2619 ιιι-πεῖραρ
356 2587 446 2609 tamen
463 2580 530 2608 viris
542 2580 626 2607 nostri
645 2579 752 2614 generis
769 2586 775 2604 :

207 2631 381 2664 dirigensque
396 2628 447 2654 iter
459 2627 486 2654 in
499 2621 677 2654 occidentem.

209 2675 453 2710 Hellespontiacam
469 2673 648 2708 Lampsacum
665 2669 773 2698 devenit
790 2677 796 2696 :

207 2723 250 2750 ubi
268 2722 370 2750 cladem
390 2722 526 2749 exercitus
540 2720 674 2748 intellexit

197 2771 359 2803 ‘ducumque
376 2767 533 2795 relictorum
554 2763 744 2800 Didymotichi.

208 2814 273 2841 Nam
291 2813 397 2840 Caesare
410 2814 435 2840 in
457 2811 609 2846 longinquis
628 2809 738 2836 absente
751 2807 827 2837 locis.

207 2869 253 2888 ru
272 2852 445 2890 Bultzarorum
461 2858 614 2889 conscripta
631 2855 792 2891 Scytharum

1139 182 1195 208 Καὶ
1205 181 1253 212 τὰς
1269 180 1392 207 ἀπίστων
1408 181 1532 214 γαμετὰς
1549 178 1598 206 καὶ
1610 178 1705 205 τεκνία

1141 224 1316 263 Ποῤῥωτάτω
1331 226 1388 258 θεὶς
1407 225 1502 257 ἄστεος
1518 225 1680 256 Μελενίκου,

1051 273 1120 301 9020
1140 272 1261 300 Ἐκεῖθεν
1274 271 1342 310 ἦκεν
1356 274 1396 305 είς
1407 263 1629 299 Θεσσαλονικέων
1640 278 1649 288 ⁸

1140 319 1200 354 ’Δφ³
1215 317 1245 347 οὗ
1261 319 1383 354 περάσας
1400 318 1504 351 Ἀξειδν
1516 318 1662 353 βαθυδίνην

1146 365 1231 392 "Actu
1247 364 1374 400 Βοδηνῶν
1387 363 1568 399 ὑδατόρῤυτον
1585 363 1682 398 φθάνει
1695 371 1701 377 ·

1144 411 1229 438 Ἔνθα
1246 410 1364 445 νοσήσας
1383 408 1522 436 κοιλιακόν
1537 417 1564 436 τι
1582 408 1680 442 πάθος,

1142 457 1248 492 Μικρόν
1264 465 1290 482 τι
1309 455 1390 491 χώρῳ
1406 455 1556 490 προσμένει
1570 455 1666 482 τούτου
1679 456 1770 491 χάριν,

1052 504 1123 532 9025
1144 501 1207 530 Εἶτα
1226 502 1324 538 ῥαΐσας
1339 502 1406 530 ἄστυ
1423 501 1578 537 Πριλλάπου
1597 501 1702 536 βλέπει,

1142 547 1180 577 Οὗ
1198 548 1338 584 διαγαγὼν
1351 550 1401 575 οὐκ
1414 548 1508 582 ὀλίγας
1521 547 1640 584 ἡμέρας,

1143 595 1355 631 Ἐπιστρατεύει
1370 595 1478 629 Βελεσῷ
1492 603 1547 621 τινι
1562 594 1652 626 πόλει,

1142 641 1346 677 Καοαιρετικὰς
1364 640 1489 676 μηχανὰς
1505 640 1660 674 ἐπηγμένος
1675 647 1683 655 ⁸

1144 690 1253 724 Ἧνπερ
1271 688 1467 723 παρεστήσατο
1477 687 1511 721 τῇ
1525 685 1672 721 συμφωνία

1055 736 1124 763 9050
1143 735 1197 762 Τοῦ
1212 735 1250 769 μή
1267 739 1299 761 τι*
1309 733 1407 759 παθεῖν
1425 733 1507 768 ὅρκον
1521 731 1720 767 εἰσδεξαμένων

1144 780 1204 808 Τῶν
1217 780 1291 806 ἔνδον
1306 780 1392 806 ὄντων
1408 779 1455 805 καὶ
1471 777 1622 813 προδόντων
1638 777 1688 812 τὴν
1702 777 1789 804 πόλιν.

1144 827 1271 854 Ἅπαντα
1288 826 1379 852 τοίνυν
1396 825 1426 852 εὖ
1441 824 1543 856 διαθεὶς
1559 825 1703 860 φρουρίου,

1144 873 1193 899 Διὰ
1207 871 1426 905 Ναυτζαπόλεως
1439 870 1554 906 ἀνύδρου
1566 869 1649 897 τόπου

1148 920 1200 946 Σὺν
1216 919 1320 954 ἀπορία
1335 917 1383 945 καὶ
1399 917 1489 944 ποτῶν
1506 916 1554 943 καὶ
1566 915 1728 952 βρωμάτων,

1056 967 1126 993 905ἒί
1146 966 1193 997 Εἰς
1222 965 1327 1000 Σέῥρας
1342 961 1394 1000 ἧκε
1410 963 1557 999 τληπαθῶς
1576 963 1645 998 πλὴν
1666 962 1716 998 τὴν
1732 953 1808 988 πόλιν

1147 1011 1233 1039 Ἔνθα
1248 1010 1359 1046 γραφὴν
1372 1009 1482 1037 δέδεκτο
1496 1008 1565 1044 πρὸς
1576 1008 1631 1035 τῶν
1647 1007 1675 1041 ἐξ
1691 1007 1739 1040 ἕω,

1146 1059 1206 1086 Ὀτι
1221 1058 1255 1085 τὰ
1272 1057 1403 1093 Τούρκων
1416 1057 1486 1091 προς
1503 1055 1649 1091 Ταχαρίων
1663 1054 1756 1085 ἔθνους

1144 1104 1316 1137 κυμαίνεται
1332 1103 1380 1130 νῦν
1395 1103 1443 1130 καὶ
1459 1102 1627 1137 ταράσσεται
1643 1100 1736 1128 πάλιν.

1143 1150 1237 1177 Ταῦτα
1251 1149 1389 1184 διαγνοὺς,
1407 1148 1617 1183 συντεταγμένῳ
1628 1146 1721 1183 δρόμῳ

1056 1198 1126 1226 9040
1142 1197 1286 1232 Πέφθακεν
1305 1194 1392 1231 Εὗρον
1407 1197 1453 1222 τὸν
1466 1195 1587 1229 ποταμὸν
1601 1195 1630 1220 ὲν
1644 1194 1722 1229 τάχει
1735 1202 1742 1210 ·

1145 1241 1182 1271 Oi)
1200 1244 1315 1279 μήνυμα
1325 1243 1408 1278 γνοὺς
1422 1242 1538 1278 ἀτρεκὲς
1555 1241 1593 1277 μὴ
1605 1241 1761 1276 τυγχάνειν,
1817 1237 1821 1243 ’

1144 1289 1246 1325 Τρίϐου
1264 1288 1449 1323 παρεκκλίνας
1463 1298 1488 1315 τι
1503 1287 1710 1322 καταλαμϐάνει

1145 1336 1338 1370 Διδυμότειχον
1354 1334 1557 1370 ὠνομασμένην
1569 1334 1648 1361 πόλιν
1663 1342 1670 1349 '

1145 1381 1212 1409 Εἶτα
1224 1382 1353 1417 κυδίστην
1372 1380 1513 1417 Ἀδριανοῦ
1529 1380 1578 1414 τὴν
1591 1380 1669 1407 πόλιν
1678 1387 1685 1395 ο

1055 1428 1125 1456 9045
1146 1427 1201 1455 Καὶ
1213 1427 1300 1454 πάλιν
1313 1427 1479 1462 ἐστράτευσε
1494 1426 1566 1453 κατὰ
1581 1426 1737 1461 Τςεπαὶνης
1750 1434 1759 1442 ο

1145 1473 1201 1501 Καὶ
1218 1473 1362 1509 μηδοτιοῦν
1375 1472 1525 1508 δεδρακὼς,
1541 1471 1708 1507 ὑποστρέφει

1144 1520 1225 1547 Κατὰ
1240 1519 1433 1555 Διδυμότειχον
1448 1519 1559 1555 ἀσφαλῆ
1574 1519 1651 1546 πόλιν
1664 1526 1671 1533 '

1146 1564 1233 1592 Ἔνθα
1246 1564 1380 1597 λελοιπὼς
1394 1566 1525 1599 στρατιὰν
1539 1566 1568 1591 οὐ
1587 1566 1713 1602 μετρίαν,

1145 1608 1199 1635 Καὶ
1213 1609 1410 1645 ταγμχτάρχας
1423 1610 1471 1636 καὶ
1481 1610 1604 1644 φύλακας
1620 1613 1762 1647 φρουρίου,

1055 1653 1126 1680 9οῖμο
1145 1654 1276 1690 Μανουὴλ
1292 1655 1339 1681 τὸν
1354 1655 1497 1690 Λάσκαριν
1512 1656 1560 1682 καὶ
1576 1657 1756 1692 Μαργαρίτην

1149 1699 1292 1735 Ἀγροίκον
1305 1700 1390 1737 ἄνδρα
1406 1701 1534 1737 πιτύροις
1547 1702 1738 1738 τεθραμμένον

1144 1745 1193 1772 Ἐκ
1209 1745 1391 1781 Νεοκάστρων
1408 1747 1502 1782 σειρὰν
1516 1747 1630 1775 ἕλκοντα
1643 1749 1753 1783 γένους·

1145 1792 1202 1819 Καὶ
1222 1793 1389 1828 νουθετήσας
1404 1794 1474 1827 σφᾶς
1492 1794 1587 1828 δέοντα
1603 1795 1671 1829 πρὸς
1687 1796 1788 1830 μάχαν,

1150 1838 1270 1865 Ἐκεῖθεν
1286 1839 1355 1873 ἄρας
1377 1839 1573 1875 Ἑλλήσποντον
1590 1840 1666 1876 διέϐη
1679 1848 1685 1855 ·

1057 1884 1126 1911 9035
1147 1885 1203 1911 Kal.
1225 1885 1326 1920 σκηνὰς
1343 1885 1426 1912 αὑτοῦ
1450 1886 1570 1920 πηγνύει
1585 1888 1654 1921 πρὸς
1670 1887 1815 1923 Λαμψάκην

1148 1931 1202 1957 Καὶ
1219 1932 1281 1963 τοὺς
1295 1931 1340 1966 ὑφ’
1358 1932 1440 1958 αὐτὸν
1452 1932 1542 1964 ἀξίαις
1553 1933 1723 1967 ὑπερτάταις

1144 1975 1230 2012 Τιμᾷ,
1247 1977 1370 2003 κυδαίνει
1383 1977 1487 2011 δωρεάς
1501 1986 1530 2004 τε
1544 1978 1704 2013 προσνέμει.

1145 2022 1281 2056 Γεώργιον
1294 2023 1342 2058 μὲν
1354 2023 1523 2055 Μουζάὶωνα
1534 2025 1684 2060 τούπίκλην

1148 2067 1402 2105 Πρωτοϐεστιάριον
1418 2070 1591 2098 ἀναδεικνὺει

1061 2113 1130 2140 90(ῖο
1150 2114 1379 2148 Πρωτοσεόαστὺν
1394 2118 1636 2154 στρατοπεδάρχην
1652 2119 1740 2154 μέγαν
1752 2129 1759 2135 ·

1155 2159 1323 2195 Ἀνδρόνικον
1339 2161 1366 2187 δὲ
1383 2162 1515 2196 σύγγονον
1531 2165 1627 2190 τούτου
1646 2165 1728 2192 πάλιν

1151 2206 1245 2239 Μέγαν
1261 2206 1458 2240 κατωνόμασεν
1473 2209 1501 2234 ὲν
1520 2208 1690 2242 δομεστίκοις
1701 2219 1709 2225 ·

1147 2251 1199 2276 Τὸν
1214 2251 1348 2285 ’Ἄγγελον
1362 2251 1389 2278 δὲ
1405 2254 1643 2290 πρωτοστράτωρα
1659 2256 1752 2283 πάλιν.

1148 2295 1241 2322 Ταῦτα
1256 2297 1394 2331 δεδρακὼς
1410 2298 1535 2332 βασιλεὺς
1552 2299 1719 2335 ὑποστρέφει

1061 2341 1129 2368 ξιξ)ὸὸ
1149 2342 1220 2377 Πρὸς
1235 2342 1386 2377 βασιλείους
1399 2345 1463 2375 τοὺς
1479 2345 1507 2372 ἐν
1524 2345 1661 2380 Νυμφαίῳ
1672 2347 1769 2382 δόμους
1783 2356 1789 2363 “

1147 2385 1184 2414 Οὔ
1199 2388 1337 2422 διαγαγὼν
1357 2391 1516 2425 χετμερινὰς
1529 2392 1648 2426 ἡμέρας,

1147 2431 1233 2468 Ἧρος
1246 2435 1376 2468 φανέντος
1392 2437 1522 2471 στρατιὰν
1540 2438 1685 2470 συναλίσας

1149 2479 1340 2515 Μυριάριθμον
1357 2481 1472 2516 πεζικὴν
1488 2481 1520 2508 σῦ
1541 2483 1651 2510 ἱππότιν

1150 2526 1252 2557 Μυσοῖς
1270 2534 1420 2562 συγκροτου
1426 2529 1521 2563 μένην,
1542 2529 1669 2562 Σκύθαις,

1060 2572 1129 2598 0070
1149 2571 1273 2597 Μάλιστα
1288 2572 1397 2598 πάντων
1417 2573 1558 2610 Ῥωμαϊκῇ
1573 2576 1684 2611 π’κηοὺῖ,

1151 2617 1195 2648 Ὦς
1210 2618 1277 2652 πρὸς
1293 2617 1368 2644 δύσιν
1384 2619 1485 2646 ἔτεινεν
1502 2621 1617 2656 ὅρμημα
1629 2624 1749 2657 κράτωρ,

1148 2663 1201 2689 Καὶ
1214 2663 1365 2698 Λάμψακον
1381 2665 1522 2699 πέφθακεν
1544 2666 1770 2702 Ἑλλησποντίαν·

1151 2707 1234 2734 Ἔνθα
1251 2717 1303 2743 περ
1317 2709 1388 2742 ἔγνω
1402 2712 1546 2745 συμφορὰν
1559 2714 1771 2748 στρατευμάτων

1147 2755 1202 2781 Καὶ
1213 2755 1266 2781 τῶν
1282 2757 1444 2791 στρατηγῶν
1459 2759 1513 2785 τῶν
1528 2760 1556 2785 ἐν
1575 2761 1770 2798 Διδυμοτείχῳ.

1060 2801 1130 2828 907.5
1156 2801 1233 2838 'E_rtel.
1249 2801 1301 2837 γὰρ
1317 2802 1390 2837 ἀπῆν
1407 2805 1533 2837 βασιλεὺς
1550 2809 1658 2841 μακρὰν
1671 2809 1769 2841 τόπον,

1153 2844 1184 2873 ’0
1201 2846 1393 2883 Βουλγαράναξ
1408 2850 1438 2875 ἐκ
1452 2850 1563 2877 Σκυθῶν
1584 2853 1728 2880 συνειλὲσχς
