1935 3071
88 139 132 169 357

190 194 285 225 "Octo;
299 193 380 228 ἀνὴρ,
394 193 543 228 ὀρθοδόξων
558 194 713 230 προστάτης
724 213 732 225 ,
888 195 910 220 Λ

189 239 292 266 ”Οντιν’
310 239 464 274 ἀναθέματι
483 240 519 275 μὴ
535 240 720 275 πεπεισμένον

189 285 402 312 Καθυποσαλεῖν
414 285 522 312 σύνοδον
535 286 694 320 τρισολὸίαν

192 332 237 358 Ἐν
249 331 405 366 Χαλκηδόνι
422 331 630 358 συναλισθεῗσαν
647 331 732 358 πάλαι

97 377 163 404 9755
183 377 268 410 Ἀναξ
292 377 469 408 Ἀναστάσιος
484 377 608 404 ἐκϐαλὼν
625 377 739 413 θρόνου,

185 423 300 458 Τίθησιν
315 422 455 458 ἐξόριστον
470 423 556 458 ἀδίκῳ
571 423 645 460 δίκῃ⁸

195 467 390 502 Ἀντικαθιστᾷ
404 467 425 493 δ’
444 468 484 499 εἰς
499 468 594 503 θρόνον
607 467 772 500 Βυζαντίδος

184 513 295 540 Σκευῶν
310 513 397 547 μέγαν
415 513 525 548 φύλακα
541 515 590 548 τῆς
611 513 780 549 Ἐκκλησίας

182 560 263 586 Θεῖον
276 560 447 586 Μακεδίνιον
462 561 492 586 ὲκ
508 561 717 595 πρεσὸυτέρων·

99 605 165 633 9760
188 606 237 631 Ὃν
250 605 384 640 ἀθετῆσαι
403 605 536 640 μηδαμῶς
551 605 692 641 ᾑρημένον

183 651 338 686 Εἰρημένον
357 652 484 687 σύστημα
498 651 607 678 σεπτῶν
622 651 752 686 Πατέρων
764 672 771 684 ,

184 697 231 728 Εἰς
247 696 369 732 Εὑχάῖτα
385 697 535 731 φυγαδεύει
547 697 596 732 τὴν
611 697 700 724 πόλιν.

185 743 319 778 Τιμόθεον
332 743 354 770 δ’
367 743 470 779 ἄτιμον
482 744 657 779 ἐγκαθιδρύει
669 764 676 777 ,

183 787 273 821 Θύτην
292 788 343 823 μὲν
364 781 446 822 ὄντα,
470 789 665 824 σκευοφύλακά
679 791 702 816 θ’
721 790 779 824 ἅμα

97 833 166 861 9765
191 833 358 869 Ἑκκλησίας
376 836 443 870 πρὶν
452 857 459 868 ,
478 835 618 870 αἱρετικὸν
630 836 653 861 δ’
665 833 700 862 αὗ
714 835 796 866 σέϐας
806 855 813 865 ,

189 872 369 915 ὀρθόφροσιν
382 881 463 916 ἄχθος
476 889 501 908 τι
518 882 637 915 φανέντα
654 880 736 915 μέγα.

185 924 289 952 τούτου
304 927 546 962 καταστρέψαντος
561 927 662 959 ἀθλίως
681 927 738 961 βίον
749 946 755 958 ,

189 971 317 1005 Ἰωάννης
332 971 482 1006 σύγκελλος
495 972 553 1007 ἅμα
568 973 616 998 καὶ
631 972 724 1007 θύτης,

187 1017 264 1043 Γένει
279 1017 469 1053 Καππαδόκης
481 1018 521 1050 δὲ,
535 1017 672 1053 λαμϐάνει
687 1019 793 1053 θρόνον·

97 1061 166 1089 97ῖο
187 1057 283 1096 Οὖπερ
296 1061 511 1096 τελευτήσαντος
526 1063 555 1088 ὲν
573 1062 706 1097 προεδρίᾳ
716 1082 723 1095 ,

189 1101 349 1141 Ἐπιφάνιος
366 1107 490 1143 ἐμφανὴς
505 1107 543 1134 ὢν
557 1108 602 1134 τὸν
618 1107 676 1142 βίον

184 1148 375 1189 Πρεσϐύτερος
392 1154 541 1188 σύγκελλος
557 1155 621 1189 ἔσχε
636 1154 681 1181 τὸν
699 1154 806 1189 θρόνον.

183 1200 286 1226 Τούτου
305 1199 432 1231 θανόντος
450 1200 580 1236 Ἀνθιμος
597 1201 805 1236 Τραπεζοῦντος

192 1245 342 1280 Ἐπιὸἀτης
359 1246 481 1272 δέδεικτο
493 1246 541 1273 τοῦ
559 1246 661 1273 σεπτοῢ
677 1247 771 1282 θρόνου
783 1267 790 1278 ,

96 1292 166 1320 9775
185 1291 282 1318 Νοσῶν
303 1292 427 1327 Σεϐήρου
445 1293 492 1318 καὶ
511 1293 658 1327 Διοσκόρου
674 1293 760 1326 νόσον,

186 1338 237 1363 ’ον
258 1337 412 1372 ’Δγαπητὺς
431 1337 552 1364 καθελὼν
577 1338 687 1374 Ῥώμης
702 1340 814 1372 πάπας,

184 1383 232 1414 El;
247 1383 437 1419 ποιμενάρχην
451 1384 502 1418 τῆς
517 1383 652 1419 βασιλίδος
667 1385 740 1420 χρίει

185 1429 283 1463 Μηνᾶν
296 1429 366 1464 λόγῳ
380 1429 524 1464 λάμποντα
539 1431 586 1457 καὶ
604 1431 654 1466 βίῳ
671 1432 751 1458 πλέον

194 1475 358 1510 Ἐκκληοίας
370 1475 506 1511 τρόφιμον
519 1476 585 1503 ὂντα
600 1477 649 1504 καὶ
663 1477 747 1513 θύτην

94 1520 165 1548 9ῖ80
192 1521 374 1556 ’Δλεξανδρέα
385 1540 393 1554 ,
409 1521 464 1548 τῶν
479 1522 600 1557 Σαμψὼν
614 1522 762 1560 ξενοδόχον.

208 1565 280 1601 ὗπερ
296 1567 515 1602 μεταλλάξαντος
531 1569 638 1604 εὐαγῶς
657 1570 714 1605 βίονν

186 1613 322 1648 Εὐτύχιός
339 1622 381 1646 τις
395 1614 442 1641 καὶ
457 1615 594 1650 μοναστὴς
609 1617 658 1642 καὶ
672 1616 755 1653 θύτης

183 1659 277 1694 Μονῆς
293 1660 356 1686 κατ’
378 1659 528 1695 ’Δμάσειαν
541 1661 745 1697 εὐαγεστάτης,

184 1704 281 1738 Λόγων
302 1706 411 1741 ἑταῖρος
426 1707 527 1742 ἀρετῆς
540 1707 566 1733 τ’
580 1707 614 1734 αὖ
629 1708 763 1743 ἐργάτης,

94 1751 167 1778 9785
188 1751 298 1785 Νομεὺς
312 1752 418 1786 ἀγαθὸς
435 1748 511 1779 ὦπτο
526 1753 647 1788 Χριστοῦ
664 1754 843 1790 θρεμμάτων·

192 1797 253 1831 Ἐφ’
269 1793 299 1823 οὗ
316 1806 347 1832 γε
365 1799 497 1834 πέμπτης
511 1799 622 1826 συνόδου
635 1800 707 1827 θεῖον
725 1801 819 1835 στῖφος

183 1843 283 1885 καλῶς
297 1843 408 1870 ἁλισθὲν
425 1845 454 1871 ὲν
471 1844 589 1880 βασιλίδι
604 1845 681 1872 πόλει

185 1889 312 1924 Στοιχοῦν
328 1891 464 1926 τετάρτης
480 1891 589 1918 συνόδου
604 1891 688 1924 θείοις
703 1893 778 1928 ὅροις

184 1936 282 1967 Αὐτοῖς
295 1944 327 1971 γε
344 1937 546 1973 συγγράμμασι
560 1939 606 1965 τὸν
618 1938 760 1974 Ὤριγένην

93 1981 165 2008 9790
186 1980 301 2016 Τίθησιν
312 1983 485 2017 ὲκκήρυκτον
498 1983 556 2018 ἃμα.
573 1983 682 2019 Διδύμῳ

187 2028 241 2054 Καὶ
255 2027 393 2063 Θεόδωρον
405 2029 451 2055 τὸν
464 2030 513 2065 τῆς
528 2030 729 2064 Μοψουεστίας.

190 2074 364 2109 Ἐξωσμένου
377 2075 474 2111 θρόνου
484 2076 511 2102 δὲ
524 2077 596 2103 τοῦδ’
612 2077 744 2112 Εὐτυχίου

190 2120 250 2154 Ἐφ’
265 2116 352 2156 οὗπερ
367 2121 497 2156 ὲξήλεγχε
512 2123 559 2148 τὸν
575 2123 687 2158 βασιλέα

185 2165 278 2199 Δόγμα
293 2167 428 2200 στυγητὴν
443 2168 613 2202 κρατύνοντα
627 2169 675 2196 καὶ
689 2169 766 2197 νόθον

92 2211 163 2237 97υῦ
185 2211 245 2237 Τῶν
257 2212 345 2246 σάρκα
354 2212 479 2248 φθαρτὴν
491 2215 529 2248 μὴ
538 2213 671 2248 λεγόντων
683 2216 757 2250 σχεῖν
766 2215 863 2249 Λόγον,

186 2258 367 2292 Σχολαστικός
381 2267 422 2291 τις
437 2260 552 2294 εὐσεῦης
570 2260 697 2295 Ἰωάννης

183 2304 241 2337 Τῆς
262 2304 401 2339 Ἀντιόχου
419 2305 561 2340 τυγχάνων
578 2306 730 2342 θυηπόλος,

185 2349 336 2384 ιιροεδρίαν
352 2349 448 2384 εἴληφε
464 2350 514 2385 τῆς
529 2351 747 2381 Κωνσταντίνου,

186 2394 370 2429 Χρησαμένου
388 2395 460 2421 τέλει
474 2395 503 2422 δὲ
514 2396 591 2422 τοῦδε
605 2397 652 2423 τοῦ
670 2397 727 2431 βίου
742 2417 750 2429 ,

89 2441 161 2467 3300
185 2441 241 2467 Καὶ
255 2439 336 2467 πάλιν
349 2441 482 2476 Εὺτὺχιος
495 2441 606 2476 εὐτυχεῖ
620 2442 725 2476 θρόνον.

181 2486 252 2512 Μεθ’
268 2486 297 2512 ὅν
312 2486 472 2521 καθωράῖσε
487 2487 535 2522 τὴν
562 2487 744 2523 Ἐκκλησίαν,

190 2531 272 2566 Ἀνὴρ
287 2532 494 2566 χαριτώνυμος,
511 2532 600 2559 ὄλϐιον
618 2535 689 2568 κάρα
700 2554 707 2566 ,

184 2577 346 2612 Νηστευτης
361 2577 543 2612 τοὺπώνυμον
556 2577 586 2610 ἐξ
597 2579 686 2613 ἔργων
703 2579 793 2614 φέρων

190 2622 357 2658 Ὲκκλησίας
371 2624 506 2658 τρόφιμος
519 2625 557 2651 ὢν
572 2626 618 2651 καὶ
632 2625 742 2661 λευῖτης
751 2646 758 2658 ,

85 2670 160 2697 9803
184 2670 336 2703 Σύγκελλος
353 2671 432 2703 ἀξίαν
445 2670 475 2697 δὲ
492 2671 649 2706 Πνεύματος
661 2672 742 2707 δόμος
755 2693 761 2702 ,

186 2717 235 2747 ’ος
251 2716 409 2750 Μαυρίκιον
425 2718 523 2742 ταινιοί
537 2717 657 2752 λαμπρῷ
673 2718 776 2752 στέφει.

183 2760 288 2787 Τούτου
304 2761 327 2787 δ’
346 2761 532 2794 ἁναλύσαντος
546 2763 585 2794 εἰς
601 2762 690 2794 θείους
705 2763 802 2798 δόμους
814 2784 820 2796 ,

182 2808 325 2842 Κυριακός
344 2816 386 2839 τις
407 2809 549 2844 οίκονόμος
562 2810 609 2836 καὶ
625 2809 708 2844 θύτης

179 2855 250 2881 Θεοῦ
270 2854 396 2891 μεγάλης
412 2857 495 2890 ἁγίας
516 2856 680 2890 Ἐκκλησίας
691 2876 697 2888 ,

887 863 906 888 Β

880 1528 902 1557 C

880 2196 904 2225 D

806 137 992 167 CESARES.

1654 138 1706 169 358

927 191 968 217 vir
980 194 1089 218 sanctus
1106 194 1133 218 et
1146 195 1283 225 protcclor
1294 191 1505 218 ortboduxornm
1521 201 1528 218 :

925 243 1007 270 quem
1025 242 1184 264 renuentem
1202 237 1318 264 subdere
1329 239 1494 275 anathemati

924 281 1033 309 beatum
1051 282 1125 309 illum
1135 287 1235 309 cretum
1250 283 1440 318 episcoporum

924 328 968 363 qui
987 328 1158 355 Chalcedone
1170 329 1234 355 olim
1249 333 1360 356 coactus
1383 331 1482 362 fuerat,

923 374 1014 401 Caesar
1033 381 1048 401 e
1064 373 1129 401 sede
1137 375 1238 408 depulit
1252 375 1412 403 Anastasius

923 423 1113 454 extorremque
1122 419 1185 461 fecit
1200 421 1288 448 edicto
1308 422 1401 456 iniqth
1415 431 1422 449 :

922 465 1036 500 ejusque
1052 466 1112 493 loco
1125 468 1156 493 ad
1171 467 1326 494 cathedram
1341 468 1467 503 Byzantii

921 511 1020 539 extulit
1033 519 1159 547 magnum
1176 512 1303 541 Ecclesia:
1317 516 1543 550 scevophylacem

922 557 1013 584 divum
1029 558 1214 586 Macedonium
1230 563 1294 586 tunc
1312 561 1499 594 presbyterum!
1511 580 1518 593 ,

922 612 1002 638 quem
1017 605 1080 630 item
1098 609 1255 632 renuentem
1272 605 1426 633 valedicere

921 650 1051 684 praedicto
1069 650 1179 677 Patrum
1195 651 1276 678 nobili
1292 652 1408 678 concilio

922 696 954 721 ad
969 695 1061 722 urbem
1076 696 1259 724 Euchaiticam
1275 697 1367 724 Czesar
1385 698 1487 733 expulit
1508 708 1514 727 :

922 739 1147 776 Timotheumque
1164 742 1306 777 ignobilem
1321 743 1449 775 obtrusit,

921 787 1090 814 sacerdotum
1108 788 1215 821 quidem
1227 793 1255 816 et
1267 790 1490 825 scevophylaceiu

923 830 1050 858 Ecclesia!
1060 832 1174 866 pridem,
1193 834 1237 860 sed
1253 835 1347 861 hmresi
1366 836 1515 870 pollutum:

921 877 946 903 id
959 878 1029 911 quod
1048 879 1187 913 wgerrime
1204 879 1320 907 tulerunt
1336 881 1493 909 orthodoxi.

919 921 981 948 Post
997 921 1076 956 hujus
1090 928 1179 950 autem
1196 923 1330 951 infelicem
1348 924 1462 957 obitum,

919 967 1053 1002 syucnllus
1070 968 1151 994 simul
1174 974 1199 994 et
1216 970 1357 1005 presbyter
1372 969 1494 998 Joannes

918 1013 1061 1047 Cappadox
1079 1018 1157 1048 gente
1168 1017 1258 1042 sedem
1269 1017 1425 1050 occupavit.

919 1060 983 1086 l'ost
996 1067 1076 1094 quem
1089 1061 1206 1094 pastoris
1223 1060 1248 1087 in
1266 1069 1379 1089 munere
1397 1062 1563 1097 defunctum,

919 1105 1067 1140 splendidis
1081 1106 1208 1141 praeditus
1223 1106 1387 1142 Epiphanius
1405 1110 1525 1137 moribus

919 1153 1058 1188 presbyter
1076 1158 1102 1180 et
1117 1153 1253 1188 syncellus
1268 1155 1302 1181 ad
1314 1155 1404 1182 sedem
1422 1157 1508 1183 venit.

921 1199 976 1226 lloc
985 1206 1094 1233 quoque
1109 1203 1224 1232 mortuo,
1241 1199 1436 1235 Trapezuutius
1447 1193 1592 1232 Anthimus

919 1245 1011 1272 sedem
1031 1245 1230 1273 sanctissimam
1240 1246 1334 1279 jussus
1351 1252 1391 1274 est
1403 1249 1599 1281 consreudere.

919 1297 1076 1324 quanquam
1093 1290 1194 1318 Severo
1210 1291 1317 1318 deditus
1335 1297 1362 1319 et
1378 1292 1508 1320 Dioscoro
1523 1302 1530 1320 :

918 1343 971 1370 quo
986 1341 1075 1363 lztlllel]
1098 1336 1235 1371 Agapctus
1251 1337 1342 1365 Romae
1357 1346 1426 1374 papa

919 1386 1114 1414 exauctorato,
1131 1382 1194 1409 fecit
1215 1384 1398 1417 patriarcham

919 1427 1043 1454 Menuam
1057 1428 1271 1455 Alexandrinum
1284 1429 1409 1456 facundia
1420 1430 1524 1457 clarum

920 1473 1060 1508 magisque
1075 1473 1205 1507 moribus,
1222 1474 1361 1501 aluumum
1374 1476 1544 1503 sacerdotem

920 1519 1056 1552 Ecclesiae,
1070 1521 1240 1548 xenodochio
1257 1521 1412 1555 pra-fectum
1426 1521 1595 1557 Sampsonir.

920 1565 978 1598 Quo
989 1567 1032 1600 pie
1045 1567 1185 1593 mortalem
1203 1568 1342 1594 desereute
1353 1569 1448 1601 vitam,

920 1612 1067 1647 Eutychius
1082 1613 1191 1647 quidam
1206 1614 1356 1641 monachus
1370 1618 1396 1640 et
1409 1615 1540 1644 sacerdos

919 1666 950 1685 ex
964 1659 1101 1685 Amasene
1116 1658 1290 1686 sanctissimo
1305 1661 1429 1687 cteuobio

919 1705 1022 1731 amicus
1040 1704 1203 1737 litterarum,
1222 1704 1330 1732 virtutis
1344 1711 1450 1738 auctor,

918 1750 1067 1778 Christiani
1085 1750 1172 1778 bonus
1194 1756 1287 1785 pastor
1302 1752 1381 1779 ovilia
1395 1751 1456 1779 fuit.

920 1796 976 1824 Sub
987 1804 1019 1824 eo
1032 1797 1131 1831 Quintae
1143 1797 1237 1831 synodi
1264 1797 1341 1824 divus
1354 1801 1442 1825 coetus

919 1843 1001 1877 regali
1021 1839 1047 1869 iii
1059 1843 1126 1870 urbe
1143 1843 1192 1869 rite
1208 1848 1398 1878 congregatus,

919 1889 1048 1915 insistens
1063 1893 1166 1923 quarta:
1181 1889 1278 1923 synodi
1289 1889 1440 1917 eauonibus

919 1935 1039 1970 ipsisque
1055 1935 1175 1970 ejusdem
1193 1935 1329 1970 formulis,
1346 1936 1490 1970 Origenem

917 1981 996 2015 ejecit
1011 1981 1045 2008 ab
1059 1981 1189 2014 Ecclesia,
1204 1981 1338 2016 simulque
1355 1982 1507 2018 Didymum,

918 2033 944 2053 et
960 2027 1131 2055 Theodorum
1156 2027 1328 2062 Mopsuestia:
1347 2029 1514 2064 episcopum.

919 2074 1053 2109 Eutychio
1069 2078 1161 2108 postea
1175 2074 1302 2100 cathedra
1319 2074 1440 2108 depulso,

917 2125 1059 2154 propterea
1075 2120 1144 2154 quod
1161 2120 1383 2154 reprehendisset
1399 2120 1545 2155 Caesarem,

917 2167 961 2200 qui
975 2165 1071 2192 falsum
1089 2165 1184 2199 dogma
1199 2171 1225 2192 et
1235 2166 1383 2198 prssimum
1400 2166 1508 2194 fovebat

920 2213 952 2238 de
966 2211 1067 2238 Christi
1080 2211 1106 2237 in
1123 2215 1195 2237 terra
1211 2219 1292 2238 carne
1312 2211 1528 2246 incorruptibili;

920 2256 1100 2284 scholasticus
1115 2256 1233 2284 Joannes
1248 2259 1329 2284 homo
1343 2257 1404 2292 pius

919 2304 1086 2330 Autincheua
1104 2311 1136 2331 ex
1153 2304 1219 2331 urbe
1241 2308 1304 2331 tunc
1319 2304 1448 2332 sacerdos

919 2350 1132 2384 patriarchalum
1149 2351 1214 2377 adiit
1230 2351 1418 2386 Byzantiuum.

919 2394 971 2422 Sed
986 2395 1031 2422 ubi
1048 2396 1070 2422 is
1086 2403 1193 2430 quoque
1204 2396 1264 2423 vitae
1282 2401 1381 2424 metam
1395 2397 1493 2432 attigit,

920 2450 1014 2470 rursus
1029 2442 1179 2477 Eutychius
1192 2443 1219 2470 in
1237 2443 1300 2470 sede
1317 2444 1504 2470 constituitur.

918 2488 984 2514 Post
994 2495 1073 2522 quem
1090 2487 1215 2515 Ecclesia:
1229 2489 1383 2523 splendidus
1395 2489 1481 2516 illuxit

917 2533 1033 2560 Joannes
1043 2534 1121 2566 alter,
1143 2534 1222 2560 homo
1237 2535 1419 2565 beatissimus,

919 2580 1006 2605 «Lotus
1020 2586 1117 2606 verace
1132 2580 1208 2606 titulo
1219 2579 1369 2614 Jejuualor,

918 2625 963 2658 qui
984 2625 1108 2652 Ecclesia:
1124 2625 1249 2652 alumnus
1267 2625 1354 2652 fuerat
1369 2631 1395 2653 et
1417 2626 1494 2653 levita

918 2671 1107 2705 syucellusque
1118 2672 1204 2699 oﬂicio
1218 2672 1244 2698 iu
1261 2673 1317 2699 a-de
1329 2673 1455 2707 Spiritus.

919 2717 967 2744 llic
983 2718 1140 2745 Mauricium
1158 2718 1293 2745 redimivit
1309 2724 1458 2745 stemmate.

918 2765 984 2790 Cum
999 2769 1087 2791 autem
1107 2772 1218 2798 superas
1231 2764 1342 2791 adiisset
1360 2765 1448 2797 sedes,

918 2812 1047 2846 Cyriacus
1064 2818 1221 2837 utcouumus
1236 2816 1261 2836 «τι
1280 2812 1406 2837 sacerdos

921 2866 1022 2891 llll'gllil,‘
1038 2863 1118 2891 atque
1133 2863 1233 2885 sauctm
1247 2857 1292 2884 Dei
1310 2856 1434 2884 Ecclesia:
