1935 3071
89 137 141 171 361
815 127 861 165 C.’l

950 129 1003 167 Es.
1672 135 1727 172 '36:

204 192 267 220 Ἐπί
281 200 312 226 γε
326 191 447 228 Χριστοῦ
463 191 701 227 τοῦθεανθρώέτου
717 191 806 226 Λόγου

105 237 177 266 9870
195 238 294 270 Καλῶς
308 237 488 273 ἐδογμάτισεν
499 237 706 272 εὐσεὸοφρόνως

191 283 289 314 Διττάς
299 284 425 318 θελήσεις
437 283 484 310 καὶ
497 284 592 318 φύσεις
604 284 757 318 ὴνωμένας,

195 329 252 356 Καὶ
267 330 357 356 πάντα
372 329 544 365 κατῄσχυνεν
559 329 736 364 Οἰοφυσίτην.

194 373 231 402 Οὗ
247 375 333 410 γῆθεν
345 375 502 410 ἀπάραντος
514 376 554 406 είς
571 375 675 410 σκηνάς
691 375 758 408 ἄνω,

194 420 335 455 Θεόδωρος
353 420 389 447 αὖ
410 420 601 455 ἀπολαμϐάνει
616 419 721 456 θρόνον.

105 463 176 494 9875
196 465 299 493 Τούτου
321 465 506 501 μεταστάντος
521 466 551 492 δὲ
568 466 636 502 πρὸς
651 466 718 493 Θεὸν
735 467 821 502 μόρῳ,

200 512 250 539 Ἕκ
268 512 412 547 βασιλείων
424 512 580 548 ἁσηκρῆτίς
592 521 635 544 τις
651 513 757 545 Παῦλος

195 559 386 594 Ποιμαντικῆς
403 559 485 594 ἔτυχε
500 558 550 585 καὶ
569 559 728 594 προεδρίας.

196 604 386 638 Ποιμαντικῆς
406 604 481 637 ἄξιος
498 604 536 630 ὣν
553 604 600 631 καὶ
613 604 660 632 τοῦ
681 605 790 640 θρόνου.

194 651 250 676 Καὶ
263 651 342 677 τοῦδε
355 650 386 677 τὸ
402 651 453 686 ζῇν
466 651 692 686 ἐπιμετρήσαντος
705 652 791 687 μόρῳ,

104 695 174 724 9880
195 697 361 729 Καλλίνικός
375 706 417 729 τις
435 698 567 732 γεννάδας
590 698 727 734 θυηπόλος

195 744 249 770 Καὶ
264 743 439 778 σκευοςιύλαξ
459 744 621 780 Βλαχερνῶν
638 745 800 780 ἐκκλησίας,

201 789 283 825 ’Λνὴρ
298 789 372 824 λόγῳ
391 789 440 824 βίῳ
453 798 482 816 τε
492 790 583 822 καλῶς
593 791 755 826 ἐμπρέπων,

192 835 290 862 Λαῦὼν
307 834 478 870 ἐκυϐέρνησε
494 835 544 871 τὴν
569 835 744 871 Ἐκκλησίαν·

193 884 308 910 Ὀντινα
325 883 502 918 Ῥινότμητος
516 883 582 917 ἄναξ
595 883 699 916 ἀδίκως

106 928 176 956 9885
194 930 286 964 llr}pr
297 928 439 964 δεδρακὼς
453 929 593 961 ἐξελαύνει
608 929 656 956 τοῦ
671 929 778 965 θρόνου.

199 976 293 1010 Κῦρον
306 975 328 1002 δ’
343 975 391 1002 ἀπ’
416 975 599 1011 Ἀμάστριόος
614 977 727 1010 ἀγαγὼν
744 977 830 1012 θύτην

193 1021 374 1055 Ἔγκλειστον
388 1022 463 1054 ὄντα,
481 1022 675 1056 ποιμενάρχην
691 1022 819 1049 δεικνύει·

193 1068 242 1094 ’ον
255 1068 420 1100 Φιλιππικὸς
435 1067 568 1102 βασιλεὺς
582 1069 596 1095 ὁ
613 1068 755 1103 Βαρὸάνης

197 1113 430 1149 ’Υπερμαχοῦντα
442 1113 588 1148 δογμάτων
601 1113 655 1139 τῶν
674 1114 776 1140 ἐνθέων

102 1159 170 1188 9890
187 1160 291 1194 Θρόνου
308 1169 337 1187 τε
352 1159 472 1194 ποίμνης
489 1159 631 1190 ἀπελάσας
644 1159 754 1192 ἀδίκως,

198 1206 393 1242 Ἀντικαθιστᾷ
409 1206 520 1240 λευῖτην
541 1207 680 1241 Ἰωάννην,

195 1252 284 1279 Ὄντα
305 1251 521 1287 χαρτοιιλλάριον
535 1252 717 1286 οἰκονομείου”

192 1298 298 1332 Ἀνδρα
314 1298 466 1334 στυγητὸν,
484 1297 634 1333 Εὑτυχοῦς,
649 1298 797 1334 Διοσκόρω

195 1345 353 1380 Ὀμόφρονα
370 1344 477 1379 μύστην
491 1353 534 1377 τε,
547 1344 598 1379 τῆς
611 1344 731 1379 ποίμνης
748 1345 841 1378 λύκον,

101 1391 172 1420 9895
196 1391 246 1423 Ὃς
272 1391 405 1426 ἐξεϐλήθη
421 1390 468 1417 τοῦ
485 1390 582 1425 θρόνου
602 1389 664 1425 μάλ’
683 1390 807 1422 ἐνδίκως.

191 1437 283 1472 Θύτης
293 1438 321 1464 δὲ
331 1436 453 1472 Χριστοῦ
468 1437 516 1464 καὶ
532 1437 632 1472 νομεὺς
646 1436 818 1471 ψυχοτρόφος

189 1484 269 1515 Baio;
282 1483 424 1518 Γερμανὸς
437 1483 548 1518 ἀρεταῖς
575 1483 691 1518 λάμπων
705 1483 805 1517 λόγοις,

196 1530 260 1557 Ἐπὶ
270 1530 382 1565 λυχνίαν
399 1529 519 1560 ἐντεθεὶς
534 1528 571 1560 ὥς
585 1537 626 1560 τις
638 1529 735 1564 λύχνος

193 1576 250 1610 Τῆς
265 1574 472 1602 Κωνσταντίνου
489 1573 529 1609 τῷ
543 1574 682 1609 περιόπτῳ
694 1573 791 1609 θρόνῳ,

103 1620 175 1650 9900
196 1621 292 1654 Λόγων
305 1620 426 1654 διδαχαῖς
442 1618 653 1654 κατελάμζρυνε
670 1619 758 1645 κτίσιν
771 1618 840 1654 (90).

193 1667 289 1696 Ὀπτις
301 1665 466 1699 προϐληθεὶς
481 1664 671 1698 ποιμενάρχης
688 1664 808 1696 Κυζίκου

192 1712 247 1738 Καὶ
260 1712 316 1742 τοῖς
330 1712 422 1737 ἐκεῖσε
440 1710 478 1745 μὴ
493 1711 600 1745 δεχθεὶς
615 1711 665 1736 οὐκ
678 1709 726 1736 οἵδ’
740 1710 815 1741 ὅπως

199 1758 290 1791 Ὗπῆν
311 1756 451 1792 σχολάζων
468 1757 513 1783 τὸν
526 1756 658 1792 διαμέσου
674 1755 783 1791 χρόνον·

189 1802 355 1829 Μετατεθεὶς
369 1802 398 1828 δὲ
415 1802 483 1837 πρὸς
497 1802 660 1834 Βυζαντίδος
672 1801 777 1837 θρόνον,

102 1848 172 1876 9905
193 1849 315 1883 Ποιμνην
330 1848 528 1882 καθωδήγησεν
546 1848 762 1883 εὐσεῦοφρόνως.

190 1894 269 1920 ’1”οὖδ“
283 1893 487 1925 ἁπελασθέντος
500 1894 529 1920 δέ
545 1894 638 1925 κακῶς
655 1894 702 1920 τοῦ
718 1894 814 1929 θρόνου

192 1941 263 1974 Πρὸς
279 1940 416 1976 κράτορος
433 1940 549 1972 Λέοντος
564 1939 593 1973 ἐξ
617 1940 757 1973 Ίσαυρίας

192 1986 307 2020 Πρώτου
324 1986 469 2013 σεϐαστῶν
487 1987 602 2014 εἰκόνων
617 1987 781 2018 καταλύτου,

201 2033 261 2067 Ἐφ’
276 2030 353 2068 ᾧπερ
366 2033 497 2068 ὲξήλεγχε
513 2033 609 2060 τοῦτον
625 2033 736 2066 ἐνθὲως,

101 2079 173 2106 9910
193 2080 284 2112 Νέκυς
303 2081 360 2116 (91)
384 2081 565 2112 Hinc-rimo;
577 2080 690 2107 εἰκόνων
702 2080 784 2114 λύτης

192 2126 380 2160 Πρεσϐύτερος
394 2126 540 2160 σύγκελλος
553 2125 591 2152 ὢν
612 2125 786 2160 Ἐκκλησίας,

194 2174 318 2208 11οῐμνην
332 2175 464 2206 τυραννεῖ
479 2173 650 2208 παραλαϐὼν
667 2174 713 2200 τὸν
725 2174 739 2199 Θ
744 2173 831 2208 ρόνοψ

898 195 917 221 Α
933 192 967 219 de
981 191 1082 219 Christi
1100 184 1179 220 Verbi
1197 191 1316 220 essentia
1344 188 1550 228 theantliropica

938 243 1039 265 rectam
1052 239 1215 266 sententiam
1230 239 1341 274 protulit
1353 245 1380 267 ct
1394 240 1565 274 catholicam,

935 286 1004 312 duas
1019 285 1171 313 voluntates
1185 290 1308 313 statuens
1322 290 1348 313 et
1362 286 1430 313 duas
1445 291 1557 314 naturas

935 331 1109 364 coniunctas;
1125 339 1221 359 omnes
1242 332 1373 359 damnans
1391 331 1604 368 Monophysitas.

933 372 1052 412 Georgio
1066 384 1127 404 mox
1150 377 1283 405 translato
1299 378 1332 405 ad
1348 378 1428 406 sedes
1442 386 1566 412 superas,

935 424 1032 450 iterum
1047 423 1206 451 Theodorus
1218 425 1320 458 recepit
1334 424 1442 459 pedum.

934 470 994 502 Quo
1010 474 1167 498 transeunte
1180 471 1212 497 ad
1228 471 1369 498 Dominum
1385 479 1434 505 per
1448 472 1564 504 obitum,

934 513 1036 543 Paulus
1050 516 1095 551 qui
1110 516 1136 544 in
1152 517 1223 552 regia
1243 522 1302 544 erat
1318 525 1332 544 a
1347 517 1460 545 secretis

934 562 1111 597 patriarchali
1131 563 1236 590 honore
1256 563 1401 598 insignitus
1417 564 1476 597 luit,

934 608 1033 642 dignus
1048 614 1145 636 revera
1167 609 1298 642 pastorali
1314 617 1439 638 munere.

933 647 997 681 Post
1010 655 1082 681 hunc
1096 655 1232 682 communi
1248 655 1303 682 fato
1319 662 1474 691 exemptum
1489 657 1565 690 tit'is,

935 698 1085 726 Callinicus
1101 699 1225 734 egregius
1242 700 1287 727 Dei
1301 701 1430 728 sacerdos

934 745 960 772 in
975 745 1184 772 Blachernarutn
1206 746 1305 780 templo
1321 754 1448 775 vasorum
1464 752 1564 780 custos,

933 792 974 818 vir
989 791 1084 820 litteris
1097 799 1124 820 et
1137 793 1258 821 moribus
1275 799 1412 828 spectatus
1425 795 1583 829 admodum,

896 860 920 892 Β
935 837 1063 866 Ecclesia:
1075 846 1169 866 curam
1185 840 1366 873 gubernanda:
1381 842 1487 875 excepit
1504 850 1511 868 :

935 892 1015 919 quem
1032 884 1224 913 Rhinotmetns
1239 886 1329 914 Ca'sar
1345 887 1437 922 iniquo
1448 888 1526 923 jussu

933 931 1019 959 oculis
1031 936 1196 959 excavcatum
1211 933 1274 960 sede
1288 933 1391 967 pepulit
1408 943 1414 961 :

933 978 1129 1012 substituitque
1144 978 1242 1013 Cyrum
1258 987 1289 1006 ex
1304 979 1456 1007 Amastride

933 1023 1133 1058 presbyterum,
1146 1030 1161 1050 e
1174 1024 1314 1051 monachis
1330 1031 1398 1059 quos
1415 1025 1492 1052 aittnt
1505 1024 1634 1052 inclusos.

933 1068 986 1094 Sed
1005 1069 1077 1095 hunc
1091 1069 1181 1096 divina
1195 1070 1321 1104 dogmata
1338 1074 1460 1097 tuentem

932 1112 1099 1149 Philippicas
1113 1113 1253 1141 Bardanes
1267 1116 1371 1149 potitus
1387 1120 1496 1150 sceptro

932 1160 1065 1187 sententia
1082 1160 1179 1195 injusta
1199 1160 1300 1195 pepulit
1315 1161 1391 1191 ovili.

932 1206 1097 1241 levitamque
1114 1206 1147 1233 ad
1163 1208 1254 1234 sedem
1272 1206 1406 1234 Joannem
1421 1208 1530 1239 extulit.

932 1253 978 1286 qui
996 1258 1184 1280 teconomaius
1198 1257 1257 1280 erat
1273 1253 1465 1285 chartularius.

931 1298 1140 1326 abominandum
1157 1299 1305 1332 hominem,
1323 1299 1464 1336 Eutycheti

935 1341 1116 1376 Dioscoroque
1128 1343 1260 1376 deditum,
1280 1344 1305 1370 in
1322 1351 1403 1379 grege
1417 1344 1528 1379 lupum;

931 1387 976 1421 qui
993 1389 1099 1415 demum
1114 1387 1178 1415 sede
1194 1388 1286 1422 pulsus
1299 1393 1340 1416 est
1351 1389 1513 1424 jnstissimc.

933 1426 1168 1462 Sacerdos’autem
1182 1434 1282 1462 Christi
1299 1440 1326 1462 et
1342 1441 1434 1470 pastor
1451 1436 1537 1465 bonus

932 1479 1010 1507 divus
1026 1479 1190 1514 Germanus,
1206 1481 1303 1509 litteris
1323 1489 1354 1508 ac
1370 1482 1514 1510 virtutibus

892 1532 914 1561 ο
931 1525 1085 1559 splendens,
1101 1525 1208 1553 lucerna
1222 1526 1303 1554 veluti
1320 1527 1345 1554 in
1361 1527 1536 1562 candelabro,

930 1579 945 1599 e
959 1571 1106 1607 Byzantina
1124 1573 1230 1600 eminus
1242 1573 1388 1607 conspicua
1404 1574 1469 1601 sede

932 1618 1065 1645 sermonis
1082 1618 1239 1653 magisterio
1255 1618 1351 1646 etl‘ulsit
1366 1620 1437 1646 orbi.

931 1664 1127 1699 Cyzicenorum
1145 1669 1237 1706 pastor
1251 1664 1353 1692 electus
1369 1665 1472 1699 fuerat;

931 1711 977 1737 sed
991 1710 1080 1737 nescio
1095 1718 1145 1738 cur
1158 1710 1193 1738 ab
1207 1710 1259 1737 illis
1275 1718 1327 1738 non
1342 1715 1476 1746 receptus,

932 1757 1039 1783 interim
1057 1757 1154 1784 mansit
1171 1763 1268 1792 expers
1285 1758 1435 1785 ministerio
1450 1768 1457 1785 :

932 1807 1024 1838 postea
1039 1803 1189 1831 translatus
1204 1803 1236 1829 ad
1253 1803 1429 1838 Byzantinam
1445 1805 1534 1832 sedem

931 1856 1038 1883 gregem
1054 1849 1238 1877 Christianum
1257 1849 1339 1877 rectis
1356 1850 1468 1877 minavit
1482 1850 1596 1878 semitis.

933 1895 984 1922 Sed
1002 1896 1073 1923 enim
1091 1896 1161 1924 hunc
1175 1896 1290 1924 sceleste
1303 1897 1420 1924 detraxit
1434 1897 1497 1924 sede

932 1941 987 1969 Leo
999 1941 1090 1969 Caesar
1106 1941 1252 1974 lsauricus,
1267 1942 1313 1977 qui
1331 1942 1429 1970 bellum

933 1989 1036 2023 primus
1052 1988 1147 2015 indixit
1164 1990 1267 2016 sanctis
1283 1989 1452 2025 imaginibus.

933 2034 1096 2068 ohjurgante
1110 2033 1239 2061 divinitus
1252 2034 1399 2062 Germano.

933 2080 1071 2108 Successit
1083 2079 1152 2108 falso
1164 2083 1273 2108 nomine
1287 2082 1448 2110 Anastasius

933 2126 1074 2160 presbyter
1087 2131 1112 2152 ct
1127 2125 1262 2160 syncellus
1274 2127 1300 2153 in
1315 2127 1447 2157 Ecclesia.

934 2172 980 2198 sed
997 2171 1192 2199 Iconomaclms
1207 2177 1231 2199 et
1249 2177 1379 2207 tyrannus
1393 2174 1493 2209 gregis,

193 2204 340 2251 Μιεθωτὺς
369 2204 496 2255 οἰκτρὸς,
513 2204 643 2254 άντικρυς
657 2204 861 2254 λύκος-φθόρος,

950 2217 1119 2244 tercettarius
1134 2218 1226 2250 miser,
1245 2218 1323 2252 lupus
1337 2219 1478 2252 exitiosus,

194 2268 243 2298 Ὃς
262 2267 372 2301 πρῶτος
385 2267 504 2302 ἡθέτησε
515 2266 598 2301 τιμὴν
614 2266 736 2292 εἰκόνων.

101 2312 172 2339 051Ιῦ
192 2313 295 2339 Τούτου
309 2313 421 2339 διπλοῦν
433 2312 549 2338 θάνατον
565 2311 760 2346 ὑφεστηκότος,

195 2357 403 2389 Κωνσταντίνος
418 2358 509 2389 ἄθλιος
526 2357 642 2384 Συλαίου
659 2357 741 2388 λύκος

198 2404 374 2438 ’Δναστασίῳ
386 2403 465 2430 πάντ’
476 2402 574 2433 ἐοικὼς
590 2402 630 2434 εἰς
646 2401 738 2432 σέὸας,

192 2450 297 2485 Σχολὴν
316 2450 404 2484 ἄγων,
418 2450 527 2485 ἥρπασε
539 2448 587 2474 τὸν
615 2448 687 2475 θεῖον
700 2447 806 2482 θρόνον·

193 2497 310 2522 ὐντινα
320 2495 520 2531 Κοπρώνυμος,
533 2494 602 2522 αἰνῶ
615 2494 656 2527 α’,
675 2491 697 2520 ὣ
713 2494 790 2528 δίκη,

100 2544 173 2572 90-20
192 2543 295 2577 Θρίνου
313 2542 497 2574 κατασπάσας
514 2551 545 2576 γε
561 2543 610 2568 καὶ
625 2541 688 2576 μάλ’
701 2541 826 2574 ἐνδίκως,

194 2588 244 2622 (οὺ
259 2589 379 2619 πίστεως
391 2587 424 2614 αὖ
441 2588 502 2614 οὺδέ
516 2588 661 2622 δογμάτων
675 2587 766 2622 χάριν)

193 2634 315 2670 Ἐῡηκεν
329 2634 470 2669 ἐξόριστον
490 2634 531 2666 εἰς
546 2633 701 2668 ἀλλοτρίαν·

117 2726 175 2760 (90)
189 2725 319 2753 Germani
334 2725 413 2760 hujus
428 2725 561 2760 prolixum
577 2724 732 2752 Tractatum
760 2724 793 2760 de
802 2723 877 2760 fvitae

84 2759 201 2788 termino
215 2767 294 2788 antea
311 2759 453 2793 ittedttutn,
470 2761 552 2787 habes
568 2761 594 2787 in
622 2759 789 2786 collet'lionis
802 2759 876 2786 Vati-
895 2781 898 2784 λ

82 2805 158 2823 cana:
184 2797 324 2823 volumine
340 2795 360 2827 1,
375 2803 401 2830 p.
424 2795 547 2823 285-515
562 2803 570 2827 ;
596 2795 666 2828 quod
682 2795 812 2828 scriptum
823 2795 875 2822 sibi

84 2832 196 2858 l'hotius
217 2832 244 2858 in
267 2831 502 2864 Anrpltilochtanis
520 2834 708 2864 usurpaverant.
726 2831 763 2855 uti
798 2830 875 2856 docui

82 2868 140 2893 coll.
159 2867 244 2902 pra-il.
262 2870 280 2892 ι.
301 2865 334 2897 ll,
351 2873 377 2899 p.
396 2865 459 2897 682,
480 2865 524 2891 ubi
548 2865 666 2899 ejusdem
696 2864 878 2899 complemen-

200 2915 339 2944 ΡΑτῐωι..
358 2913 416 2942 Gtt.
432 2911 564 2943 CXLllI.

933 2262 978 2296 qui
994 2261 1122 2289 honorem
1139 2262 1241 2296 primus
1254 2263 1394 2298 abrogavit
1408 2265 1564 2299 imaginum.

935 2308 992 2336 lloe
1009 2309 1150 2343 temporali
1170 2313 1256 2337 morte
1269 2315 1425 2345 aeternaque
1437 2311 1582 2343 exstincto.

935 2353 1029 2382 infelix
1043 2354 1236 2382 COIISlaIlllllllS
1250 2355 1328 2391 Syhri
1344 2357 1431 2391 lupus,

934 2409 982 2436 par
996 2401 1139 2428 Anastasio
1159 2401 1292 2436 dogmatis
1308 2402 1457 2436 impietate,

934 2455 1046 2475 tttttttere
1061 2455 1110 2475 suo
1122 2455 1234 2480 vacuus,
1253 2448 1351 2475 invasit
1364 2449 1454 2476 sedem
1469 2457 1476 2476 ε

930 2500 1010 2529 quem
1025 2494 1213 2529 Copronymus
1229 2499 1330 2527 tamen,
1348 2495 1396 2521 vah
1411 2495 1418 2522 l
1432 2496 1503 2530 justa
1523 2502 1601 2531 pmna

930 2540 993 2568 sede
1007 2541 1124 2567 detraxit
1136 2548 1202 2568 sane
1215 2541 1443 2568 merentissimum

931 2589 1114 2621 (nequaquam
1129 2586 1190 2613 ﬁdei
1204 2593 1284 2613 causa
1304 2593 1390 2621 neque
1403 2586 1583 2624 dogmatttm),

931 2636 958 2659 et
972 2632 1068 2667 procul
1083 2632 1149 2660 urbe
1164 2632 1266 2668 pepulit
1283 2636 1418 2660 extorrem
1434 2640 1442 2660 ι

931 2727 987 2750 turn
1001 2731 1034 2751 ex
1054 2723 1107 2750 alio
1119 2724 1211 2751 codice
1224 2723 1333 2758 protuli.

967 2758 1023 2794 (9t)
1041 2760 1152 2795 Argutia
1169 2760 1314 2794 Ephratmii
1328 2764 1370 2788 est
1385 2760 1419 2787 de
1433 2760 1569 2795 contraria
1583 2758 1723 2795 significa-

933 2795 1006 2821 tiotte
1021 2794 1102 2826 νέκυς
1118 2799 1144 2822 et
1156 2795 1332 2829 ἀναστάσιος,
1353 2797 1431 2831 quasi
1461 2794 1665 2830 vici/imusfn-l
1685 2806 1726 2823 ro-

930 2837 1049 2864 surgens.

1522 2912 1556 2941 lal
