1935 3071
103 144 156 175 373

212 196 338 230 Ἔφασκε
354 194 451 227 νυκτὸς
466 195 605 230 συλλόγων
622 195 832 232 ἡθροισμένων,

211 241 288 274 Εῐδός
302 250 344 275 τε,
361 241 469 277 κλῆσιν,
483 241 584 278 ἀρετὴν
598 241 671 269 τοῦδ’
689 241 826 277 εὐστόχως

210 288 310 320 Καλῶς
323 288 517 323 διαγράψασαν
531 288 569 321 ὡς
583 288 612 315 ἐν
628 288 727 315 εικόνι.

104 334 194 362 10215
219 334 300 361 Ἀλλά
317 342 349 368 γε
366 333 414 361 καὶ
425 333 495 361 τόνδ’
507 333 654 362 ἀπελαύνει
670 334 717 361 τοῦ
734 333 830 369 θρόνου
841 353 849 368 ,

211 379 304 406 Πάντα
320 378 444 415 παριδὼν
458 379 494 406 τά
507 378 749 415 προηγορευμένα·

210 424 367 452 Μετάθεσιν
385 424 415 451 δὲ
429 424 638 460 δραματουργετ
649 424 790 459 ποιμένος·

217 469 384 504 Ἀρχιθύτην
400 469 455 504 γὰρ
469 468 519 504 τῆς
536 469 607 496 Σιὼν
621 469 671 503 τῆς
690 469 772 503 ἁγίας

212 516 316 551 Κλῆσιν
330 515 471 542 θεοδόσιον
486 515 544 550 (95)
560 514 651 550 φῦντα
666 515 807 548 Λατίνων;

104 562 192 590 10220
217 562 316 589 Ἑθάδα
332 562 389 597 (96)
408 562 478 596 τῷδε
496 562 544 589 καὶ
561 563 718 597 προήγορον
735 563 854 596 κράτους
866 580 874 594 ,

211 608 258 639 El;
274 608 363 636 θῶκον
378 609 500 643 ἀνήγαγε
516 608 568 642 τῆς
582 608 802 635 Κωνσταντίνου.

216 654 286 681 Ἀλλ’
299 654 375 681 οὐδὲν
389 654 519 681 ἀπώνατο
532 655 582 689 τῆς
601 654 781 689 κακουργίαςι

215 700 331 735 Ἀμφοϊν
345 699 401 735 γὰρ
417 700 596 727 ἐκπέπτωκεν
613 701 768 736 ίεραρχίαιν

211 747 267 772 Καὶ
281 746 359 772 τῶνδ’
376 747 481 782 ἀτίμως
497 748 512 774 ὁ
527 746 694 782 προϐληθεὶς
711 746 842 782 ἀκρίτως.

104 791 191 820 10225
213 792 330 818 Ἔπειτα
343 791 481 826 Γεώργιος
495 793 509 818 ὁ
522 791 659 826 Ξιφιλϊνος

210 836 386 870 Σκευοφύλαξ
399 836 438 862 ὢν
453 836 501 871 τῆς
516 837 585 863 Θεοῦ
601 837 628 871 γ’
651 836 817 871 Ἑκκλησίας

210 882 398 917 Ποιμαντιχὴν
417 882 512 917 εῐληφε
530 884 577 909 καὶ
594 882 741 917 προεδρίαν
757 881 826 916 (97).

211 928 314 954 Τούτου
331 927 456 960 θανόντος
469 928 668 963 ὲγκαθίσταται
684 928 772 963 θρόνῳ
786 927 844 963 (98)

217 974 249 1000 '0
265 974 437 1009 Καματηρὺς
452 975 553 1009 εὐεπὴς
572 975 714 1008 Ἰωάννης,

105 1019 192 1049 10230
214 1020 298 1054 Ἴδρις
314 1019 412 1054 σοφίας
427 1020 603 1055 παντοδαπῆς
617 1021 663 1047 καὶ
677 1017 776 1054 λόγων,

217 1066 367 1100 Ἐπήὸολός
384 1075 413 1092 τε
425 1066 572 1101 δογμάτων
584 1066 638 1092 τῶν
655 1065 756 1092 ἐνθέων
765 1085 773 1098 ,

215 1112 380 1144 Ἐκκλησίας
395 1111 433 1138 ὢν
448 1112 570 1147 λευττης,
579 1111 764 1147 χαρτοφιίιλαξ⁹

220 1158 278 1192 Ἐφ’
294 1155 325 1185 οὗ
340 1157 552 1192 παρεστήσαντο
566 1157 674 1184 Λατῖνοι
689 1157 778 1184 πόλιν·

214 1206 263 1236 '0;
277 1205 417 1239 ἐξελαθεὶς
433 1206 573 1240 δυστυχῶς
588 1205 656 1240 πρὸς
670 1204 792 1231 Λατίνων

105 1249 193 1277 10255
213 1250 315 1284 Θρόνου
331 1250 459 1286 πατρίδος
473 1250 522 1285 τῆς
534 1251 636 1285 σεμνῆς
649 1249 704 1284 (99)
716 1248 898 1281 Βυζαντίδος,

214 1295 292 1321 Οἰκεῖ
306 1295 497 1330 Διδυμότειχον
513 1295 553 1326 είς
572 1295 640 1322 ἄστυ
655 1294 777 1329 φθάσας,

214 1340 301 1366 Ἔνθα
313 1340 403 1366 θανὼν
420 1340 512 1367 ἔλιπεν
527 1340 602 1376 ἡλίου
617 1340 695 1374 φάος.

213 1387 291 1413 Μετὰ
306 1386 335 1412 δὲ
349 1386 444 1413 τοῦτον
463 1387 593 1422 ποιμένες
608 1386 771 1418 Βυζαντίδος

213 1428 293 1458 οὗτοι
309 1431 517 1467 προεϐλήθησαν
531 1433 561 1458 ὲν
575 1432 714 1459 Νικαὲωψ

104 1477 193 1505 1οΞ10
214 1477 326 1512 Πρῶτος
340 1477 450 1512 Μιχαὴλ
465 1477 653 1512 Αὐτωρειανδς
670 1478 745 1504 θέσιν

211 1523 405 1558 Σακελλάριος,
423 1523 532 1558 λευῖτης
545 1524 721 1559 Ἑκκλησίας,

213 1569 298 1604 Ἰδρις
316 1569 412 1603 σοφίας
425 1569 560 1604 κοσμικῆς
576 1569 650 1601 θείας
667 1570 737 1605 ἅμα.

213 1611 309 1649 Οὗπερ
324 1614 544 1649 μεταλλάξαντος
561 1615 589 1641 ὲν
605 1615 693 1650 θρόνῳ
709 1615 765 1650 βίον
775 1635 782 1648 ,

210 1659 349 1694 Θεόδωρος
363 1659 460 1694 εῐληφε
474 1659 525 1694 τὴν
537 1660 685 1695 προεδρίαν

106 1706 192 1735 10215
219 1707 385 1742 Ἐκκλησίας
401 1707 439 1734 ὢν
453 1707 581 1742 λευΐτης,
595 1708 772 1744 χαρτοφύλαξ
782 1730 790 1741 ,

209 1752 397 1786 Τούπώνυμον
420 1751 494 1787 σχὼν
508 1752 653 1788 Εἰρηνικὸς
669 1754 804 1789 πατρόθεν
814 1774 822 1786 ,

209 1797 365 1832 Φ.λοσόφων
380 1797 484 1824 ὕπατον
498 1798 588 1831 ἀξίαν,
605 1798 712 1832 λόγους.

211 1843 266 1869 Καὶ
280 1842 359 1869 τοῦδε
373 1843 502 1875 θανόντος
519 1844 558 1876 δὲ,
572 1843 622 1878 τὴν
638 1843 787 1879 προεδρίαν

214 1888 335 1923 Μάξιμος
349 1888 430 1924 αὒχεί
445 1890 492 1916 καὶ
511 1891 640 1924 μοναχὸς,
657 1890 704 1916 καὶ
721 1890 805 1925 θύτης

105 1934 192 1961 117250
212 1933 305 1969 Μονῆς
322 1934 468 1969 προεστὼς
483 1935 598 1969 εὐαγοῦς
613 1936 782 1970 ἀκοιμήτων.

210 1979 277 2007 Μεθ’
291 1980 320 2007 ὃν
332 1981 464 2017 Μινουὴλ
481 1982 628 2016 Φιλόσοφος
645 1982 690 2009 τὸν
705 1982 785 2015 λόγον
795 2002 803 2015 ,

215 2026 305 2059 Φύλαξ
322 2019 441 2061 ἀκριϐὴς
457 2027 502 2054 καὶ
516 2027 607 2062 νόμων
621 2027 668 2054 καὶ
683 2028 814 2055 κανόνων.

209 2072 311 2099 Τούτου
325 2071 469 2104 λειπόντος
483 2072 534 2108 τὴν
551 2073 628 2101 κάτω
643 2073 790 2108 παροικίαν
800 2093 808 2105 ,

212 2119 300 2150 Πολὺς
317 2117 460 2154 Γερμανὸς
473 2118 519 2145 τὸν
535 2119 592 2153 βίον
610 2119 658 2146 καὶ
673 2119 720 2146 τὸν
740 2119 820 2153 λόγον

106 2164 194 2192 10255
220 2163 386 2199 ’Δρχιθύτης
399 2163 535 2190 δέδεικται
549 2164 599 2199 τῆς
613 2164 821 2191 Κωνσταντίνου
831 2183 839 2196 ,

217 2209 298 2244 Ἀνὴρ
316 2208 465 2244 μοναστὴς,
483 2209 530 2235 καὶ
546 2209 613 2236 Θεοῦ
631 2209 782 2244 θυηπόλος,

209 2254 307 2290 Δύχῶν
327 2254 478 2282 ’Λνάπλουν
494 2255 611 2288 πατρίδα
629 2255 828 2290 Προποντίδος,

214 2300 384 2335 Ἐκκλησίας
401 2300 537 2335 τρόφιμος
554 2301 591 2326 ὣν
607 2300 657 2335 τῆς
672 2301 701 2326 ὲν
716 2301 804 2327 πόλει*

207 2344 275 2373 Εἶτα
295 2345 416 2380 μονάσας
427 2366 434 2378 ,
452 2346 500 2372 καὶ
521 2346 617 2380 φανεὶς
629 2346 698 2372 Θεοῦ
711 2346 820 2382 λάτρις,

100 2392 189 2420 £0960
208 2392 338 2427 Γεωργίῳ
353 2392 474 2427 μάρτυρι
490 2391 538 2418 καὶ
553 2392 730 2426 πεφιλμὲνος,

210 2437 312 2472 Ἐλαχε
330 2437 450 2472 ποίμνην
467 2437 568 2463 ἰθύνειν
583 2437 757 2470 Βυζαντίδος.

137 2526 196 2563 (95)
217 2526 263 2563 Sic
275 2527 357 2563 etiam
372 2534 398 2553 ν.
417 2525 500 2553 6030.
531 2525 614 2563 Atqui
641 2527 714 2563 hunc
731 2527 831 2562 passim
847 2534 891 2563 ap-

101 2561 203 2598 pellant
216 2562 260 2598 alii
277 2561 443 2598 Desit/igua},
467 2561 633 2598 quosjnter
650 2561 804 2598 Methodius
820 2562 891 2589 intra

105 2595 119 2624 1..
137 2597 217 2625 nobis
228 2596 358 2623 edendos.
372 2595 425 2622 Sed
447 2595 519 2623 cnim
539 2595 678 2625 Dositheus
691 2597 837 2623 nihilalind
851 2602 892 2626 est

102 2632 153 2659 nisi
171 2631 333 2658 metathesis
347 2630 395 2656 τοῦ
412 2629 585 2657 Theodosius.
602 2630 646 2657 Sic
668 2631 693 2658 in
715 2632 775 2658 coll.
799 2631 848 2658 Vat
868 2636 890 2659 t.

102 2667 135 2698 ll,
161 2674 189 2700 ρ.
209 2665 272 2697 Ml,
285 2672 366 2699 quem
384 2664 510 2699 Polybius
527 2665 708 2699 appellaverat
726 2666 893 2699 Tlteatinum,

102 2701 237 2728 Diodorus
251 2707 313 2727 cum
333 2704 535 2734 auagrammate
550 2701 615 2726 dicit
629 2700 801 2728 Timotheum.

136 2735 194 2770 (96)
213 2735 326 2761 Allatins
341 2735 385 2770 de
402 2734 485 2761 Cous.
516 2742 543 2768 p.
559 2734 620 2766 702.
652 2735 757 2770 legebat
788 2736 892 2769 ἐνθάδε,

101 2779 160 2805 qna.-
176 2769 242 2797 mihi
258 2770 357 2797 melior
379 2769 458 2805 lectio
471 2770 590 2805 videtur.
611 2769 699 2805 Codex
726 2775 814 2798 tamen
842 2780 892 2799 no-

101 2803 157 2834 ster
170 2811 226 2831 tum
244 2804 287 2832 hic
302 2810 358 2830 tum
391 2812 417 2830 ν.
434 2803 499 2831 6051
516 2804 593 2830 habet
610 2804 700 2832 ὲθάδα.

134 2840 192 2877 (97)
209 2839 315 2879 [tecitat
335 2843 393 2867 tres
408 2838 458 2867 hos
473 2839 505 2869 tle
521 2837 659 2874 Xiphilino
676 2839 827 2877 versiculos
848 2841 894 2870 Al-

820 142 1006 173 CIESARES.

906 195 934 226 Α
946 195 1184 224 dicebatlsaacius
1204 197 1302 224 astanti
1320 197 1416 228 turbte,

1679 141 1730 173 374

945 247 1026 269 noctu
1043 247 1235 276 monstratum,
1251 248 1279 271 et
1293 243 1395 271 all‘abre
1410 243 1572 277 descriptam

945 288 1068 321 corporis
1079 288 1198 323 speciem
1214 297 1273 316 cum
1287 289 1387 316 virtute
1402 295 1433 314 ac
1445 288 1563 315 nomine.

944 332 1034 360 Nihilo
1048 337 1135 360 tamen
1152 334 1244 361 minus
1260 334 1332 361 hunc
1349 334 1414 362 sede
1426 333 1529 368 depulit

944 383 1039 414 postea
1052 378 1187 406 dictorum
1200 380 1338 415 negligens
1354 387 1478 408 suorum.

945 423 1067 459 Namque
1085 425 1234 453 transferre
1251 425 1337 453 voluit
1356 426 1522 460 episcopum.

949 467 1056 497 Sanctae
1072 477 1168 505 nempe
1182 470 1273 498 Sionis
1291 470 1476 505 patriarcham

945 515 1031 549 stirpe
1059 515 1199 548 Latinum.
1215 515 1397 544 Theodosium
1412 516 1532 548 nomine,

945 561 1082 594 cognitum
1096 561 1161 594 sibi,
1174 566 1257 595 atque
1272 562 1377 597 imperii
1391 567 1492 594 vatem,

945 610 977 635 ad
990 608 1153 643 Byzantinas
1165 608 1264 637 infulas
1278 609 1414 642 provexit.

946 654 999 682 Sed
1014 654 1117 682 homini
1130 654 1166 681 nil
1181 654 1281 689 profuit
1293 654 1359 682 facti
1374 655 1490 689 novitas,

945 700 1075 727 ambobus
1092 700 1163 727 enim
1180 700 1341 728 sacerdotiis
1356 700 1459 729 excidit

946 752 1009 772 cum
1027 745 1188 779 ignominia,
1202 743 1327 780 ncquiter
1340 746 1453 778 electus,

945 789 1060 817 Secutus
1073 796 1114 818 est
1131 790 1263 826 Georgius
1279 791 1434 826 Xiphilinus

945 843 961 864 ο
976 837 1173 872 scevophylace
1190 837 1216 864 in
1232 837 1353 865 Ecclesia
1373 837 1419 865 Dei

944 883 979 910 ad
993 884 1156 917 pastoralem
1173 884 1328 912 cathedram
1347 885 1502 912 subvectus.

944 927 1001 956 Hoc
1016 929 1070 956 vita
1085 929 1189 962 functo,
1207 931 1352 957 stationem
1364 931 1507 965 occupavit

945 974 1002 1000 oris
1021 972 1128 1001 facundi
1143 973 1261 1001 Joannes
1275 974 1435 1003 Camaterus

945 1019 1088 1053 omnigena
1103 1019 1257 1047 cumulatus
1273 1019 1405 1054 sapientia
1423 1027 1455 1046 ac
1469 1019 1569 1048 litteris

945 1069 973 1092 et
984 1064 1136 1091 divinorum
1151 1065 1309 1099 dogmatum
1327 1065 1546 1098 callentissimus,

946 1115 1025 1137 antea
1041 1111 1122 1138 levita
1141 1111 1270 1138 Ecclesia:
1286 1116 1313 1138 et
1327 1111 1535 1146 chattophylax.

947 1154 1004 1182 Sub
1021 1162 1053 1182 eo
1067 1155 1236 1190 tnetropolim
1252 1154 1341 1182 Latini
1357 1160 1592 1191 expugnaverunt.

945 1201 1127 1234 Quamobrem
1143 1201 1288 1235 infeliciter
1304 1203 1337 1230 ab
1349 1203 1391 1231 his
1403 1203 1533 1237 expulsus

945 1246 1009 1272 sedc
1021 1250 1104 1280 atque
1118 1246 1189 1276 alma
1207 1247 1295 1281 patria
1307 1247 1552 1283 Conﬁtantinopoii.

945 1291 1164 1326 Didytuotichum
1180 1292 1315 1323 transtulit
1335 1293 1489 1326 stationemI

946 1335 1037 1370 ibique
1048 1336 1147 1364 clausit
1164 1336 1257 1364 oculos
1272 1337 1348 1365 vitali
1361 1339 1422 1365 luci.

946 1381 1010 1410 Post
1026 1383 1096 1410 hunc
1110 1387 1233 1419 pastores
1249 1384 1322 1411 urbis
1335 1383 1488 1419 Byzantina:

947 1428 973 1454 hi
989 1429 1156 1456 creabantur
1171 1430 1197 1456 in
1211 1430 1311 1464 oppido
1329 1429 1430 1458 Nicaea.

945 1472 1054 1502 Primus
1067 1480 1110 1503 est
1121 1475 1249 1510 Michael,
1263 1477 1351 1504 dictus
1367 1477 1542 1511 Antorianus,

910 1526 933 1557 ρ
951 1520 1079 1549 Ecclesiae
1091 1521 1248 1550 sacellarius
1265 1529 1292 1550 et
1306 1523 1397 1556 levita,

948 1567 1097 1595 mundanis
1114 1568 1213 1596 litteris
1229 1568 1382 1604 divinisque
1396 1569 1547 1598 abundans.

946 1610 1010 1639 Post
1029 1619 1107 1646 quem
1124 1613 1149 1641 in
1163 1614 1227 1640 sedc
1242 1614 1417 1649 exstinctum,
1437 1614 1594 1643 Theodorus

945 1657 1017 1686 sacri
1034 1659 1168 1693 primatus
1186 1659 1254 1687 adiit
1274 1659 1417 1694 honoretu,

947 1708 1027 1731 antea
1048 1704 1129 1732 levita
1146 1704 1274 1732 Ecclesia:
1288 1710 1315 1733 et
1332 1706 1539 1743 chartopbylax,

946 1750 1045 1778 lrenici
1059 1759 1207 1786 cognomen
1223 1760 1238 1779 a
1254 1758 1329 1787 patre
1340 1754 1462 1788 trahens,

947 1795 972 1822 in
987 1796 1085 1824 studiis
1101 1797 1295 1832 philosophicis
1310 1799 1394 1833 gradu
1410 1799 1535 1834 hypatus.

945 1841 1004 1874 Quo
1023 1842 1164 1875 moriente,
1180 1851 1264 1872 sacrae
1281 1845 1320 1874 rei
1333 1845 1478 1880 primatum

947 1888 1081 1917 Maximus
1099 1890 1159 1917 tulit
1171 1892 1321 1920 monachus
1337 1895 1476 1928 sacerdos,

943 1934 1144 1963 Acmmetarum
1159 1938 1319 1972 pra‘positus
1336 1940 1472 1968 ctnnobio.

944 1980 1011 2008 Post
1024 1980 1096 2008 hunc
1107 1982 1286 2018 philosophus
1300 1986 1425 2014 oratione
1439 1986 1554 2022 Manucl,

944 2027 1032 2062 legum
1046 2027 1174 2056 defensor
1189 2037 1379 2066 canonumque
1394 2033 1517 2063 sedulus.

943 2073 1001 2106 Quo
1015 2073 1155 2102 deserente
1171 2079 1309 2103 terrenum
1321 2077 1478 2111 iucolatum.

943 2119 1032 2146 clarus
1046 2119 1210 2153 doetrina_et
1222 2123 1342 2150 moribus
1357 2122 1508 2153 Germanus

944 2171 1053 2192 creatur
1070 2165 1167 2198 pnesul
1183 2166 1463 2203 Constantinopoleos,

947 2211 987 2236 vir
1000 2212 1187 2237 ntouachatum
1203 2213 1342 2246 protiteus,
1358 2213 1406 2242 Dei
1419 2216 1555 2250 sacerdos,

944 2255 1041 2291 oppido
1051 2257 1181 2284 oriundus
1196 2258 1297 2294 Anaplo
1310 2260 1335 2287 in
1350 2260 1522 2296 Propontide,

946 2302 972 2329 in
985 2303 1051 2329 urbe
1061 2310 1075 2329 a
1091 2304 1202 2338 pueritia
1218 2304 1342 2333 Ecclesiae
1356 2307 1489 2341 alumnus,

945 2349 1041 2375 deinde
1052 2348 1139 2377 factus
1152 2351 1299 2378 monachus
1314 2356 1341 2379 et
1361 2352 1408 2380 Dei
1423 2354 1554 2389 minister,

945 2401 1025 2422 carus
1040 2394 1174 2429 prmcipux-
1188 2397 1298 2431 martyri
1313 2396 1427 2433 Georgio
1441 2406 1449 2432 ;

947 2444 1082 2474 postremo
1098 2441 1260 2476 Byzantinus
1276 2443 1361 2471 evasit
1374 2449 1478 2479 pastor.

945 2529 1026 2566 latius
1037 2529 1070 2566 de
1082 2530 1204 2566 Georgiis
1218 2539 1243 2564 ι).
1262 2532 1322 2564 661,
1341 2534 1384 2560 ed.
1400 2533 1506 2564 Fabric.

980 2564 1035 2604 (9_8)
1050 2565 1089 2604 E_x
1119 2564 1171 2604 hoc
1186 2568 1316 2594 versiculo
1331 2576 1415 2603 usque
1440 2570 1473 2596 ad
1502 2579 1527 2598 ν.
1546 2571 1631 2600 10510
1648 2573 1732 2604 habes

946 2601 1116 2640 patriarchas
1152 2600 1472 2640 Constantinopolitanos.
1502 2606 1548 2640 qui
1577 2607 1603 2633 in
1636 2600 1733 2638 exsilio

945 2634 1238 2679 echcli‘fuerunL.‘gpu_d
1254 2634 1381 2679 Allatinm
1395 2641 1427 2679 de
1439 2634 1623 2679 Capsensium
1639 2634 1730 2679 nili}:

945 2677 1005 2730 ἓηέ
1132 2670 1193 2698 725.
1221 2672 1286 2699 Item
1302 2675 1399 2708 partim
1414 2674 1439 2701 in
1456 2675 1520 2702 adn.
1536 2676 1569 2703 ad
1587 2669 1731 2713 Acropoli:

959 2713 1000 2730 am
1018 2712 1077 2732 call.
1094 2712 1120 2732 1).

982 2713 1210 2785 ᾧῷᾚίίέίίμε-ὶη
1227 2745 1444 2785 utroqueucitato
1463 2744 1593 2785 loco_pro
1618 2749 1729 2785 σεμνῆς,

945 2774 1033 2814 aliaat,
1051 2775 1116 2814 legit
1129 2777 1208 2814 é_pﬁ;,
1225 2774 1306 2814 mng
1326 2778 1404 2814 rNum
1432 2787 1495 2814 eigo
1511 2774 1572 2807 hinc
1598 2774 1657 2809 orta

947 2809 1044 2849 fallatio
1074 2809 1260 2849 opinioqnud
1284 2811 1428 2845 Epitraunii
1458 2809 1543 2849 patria
1571 2809 1728 2849 llyzantiuini

945 2844 1045 2878 fuerit;
1069 2846 1287 2882 quandoquidem
1309 2844 1373 2875 cum
1401 2844 1731 2886 ιψιιὸιιειιΒμᾶηιίηιιηίί
