1935 3071
675 63 707 73 ς...

198 132 251 165 38⁸1

713 129 928 162 THEOLEPTI
948 123 1320 161 PHILADEIPHIENSIS

1763 108 1815 147 333

198 189 225 216 iu
235 196 288 224 qua
304 188 430 216 Christus
444 188 545 216 habitat
557 197 565 221 ;
579 189 636 222 ipse
648 188 810 216 iiiuminabit
825 194 851 215 te
877 188 982 215 laetitiar~

1033 194 1080 224 τὰς
1090 192 1198 227 ὁμιλίας
1213 191 1267 217 τῶν
1281 189 1344 222 ἔξω,
1357 187 1404 214 καὶ
1423 185 1573 213 ruithqu
1591 177 1658 218 πρὸς
1671 181 1733 213 τοὺς
1760 182 1815 208 έσω

198 243 252 268 que
270 235 413 270 perfundet
437 239 547 264 notione
568 242 596 263 et
620 237 775 264 visitatioue
794 243 857 268 sua,
883 235 982 263 eﬂiciet

198 288 306 315 quoqtte
323 286 352 307 ut
365 282 554 310 tribuiationes
572 282 597 308 itt
618 289 738 310 amorem
760 281 820 316 ejus
842 286 982 316 susceptas

197 333 247 353 ceu
273 326 396 360 gaudium
420 327 561 355 habiturus
585 327 622 355 sis
636 332 662 354 ct
682 335 697 354 a
714 327 858 354 mundanis
878 326 984 354 deliciis

197 377 247 397 ceu
280 371 314 398 ab
342 372 480 399 absinthio
498 372 536 399 sis
558 379 726 400 recessurus.
755 371 873 407 Spiritus
899 371 983 399 maris

198 418 331 445 suscitant
345 418 453 452 tinctus,
471 425 497 446 et
513 420 539 447 ni
566 419 715 447 ceciderint
733 419 815 452 venti,
836 426 888 446 non
910 417 984 445 desi-

198 467 262 489 nunt
277 463 372 491 ﬂuetus
389 472 438 491 nec
450 464 483 491 ad
498 471 625 492 serenum
647 464 762 491 redeunt
783 463 884 494 maria;
902 462 983 497 spiri-

198 513 241 535 tus
255 515 343 536 autem
365 509 475 537 malitite
498 511 524 537 in
548 510 639 537 anima
657 510 766 537 incauta
779 509 898 537 excitant
915 509 984 535 imae

198 553 275 586 gines
299 560 453 589 parentum,
473 554 597 586 fratrum.
616 554 822 589 coujunctorum
835 573 843 586 ,
865 560 981 580 consue-

199 604 306 631 torum,
333 601 517 628 conviviorum
534 622 541 633 ,
570 600 700 628 festorum
716 619 724 632 ,
757 600 925 627 theatrorum
955 603 983 627 et

199 644 320 670 omnium
355 645 522 680 voluptatum
559 646 776 680 phantasmata;
815 644 977 672 desiderium

199 688 329 715 indui-unt
347 689 403 716 ha‘e
415 691 506 717 omnia
518 696 545 718 et
559 691 657 724 oculis,
674 695 701 718 et
712 691 813 726 lingua,
827 695 854 718 et
867 698 982 725 corpore

198 733 249 760 sibi
274 736 468 768 comparandi,
498 743 531 763 eo
559 737 611 764 title
644 741 674 763 ut
699 742 859 771 prteseutent
889 736 982 763 horam

199 781 329 815 deperdas
359 783 383 808 in
411 783 490 810 rebtts
517 783 653 821 inanibus,
668 788 696 810 et
725 783 903 817 subsequens,
920 790 982 810 cum

199 825 272 853 solus
283 827 309 853 in
324 827 418 855 cellula
444 828 542 862 fueris,
562 829 589 856 in
608 830 798 857 recordatione
811 829 944 856 dictorntu
956 833 983 855 et

201 871 318 899 visorum
340 878 504 906 evanescat;
532 874 567 902 ita
593 875 717 902 monachi
745 875 800 902 vita
824 875 983 901 terminatur

202 919 304 952 absque
321 919 439 947 utiiitate
455 929 462 947 :
479 920 623 949 mundana)
636 922 809 956 operationes
819 929 865 955 per
881 927 983 948 memo-

201 963 267 991 riam
278 969 418 993 transcunt
426 970 453 993 et
463 960 561 994 iudicia
572 974 620 994 sua
633 967 788 1002 relinquunt
797 967 823 994 in
833 967 984 1001 intelligen-

202 1010 247 1042 tia,
259 1010 330 1037 sicut
343 1016 369 1038 et
382 1012 461 1046 pedes
473 1012 590 1040 hominis
608 1012 750 1048 pernivetn
763 1013 922 1046 incedentis,
934 1012 984 1039 ibi-

199 1056 260 1083 dem
271 1058 382 1092 vestigia
391 1065 439 1085 sua
455 1058 690 1093 impresserunt.8i
702 1059 766 1086 ieris
776 1059 873 1086 victum
884 1058 985 1093 prabe-

200 1110 268 1134 mus,
283 1105 413 1138 numquid
434 1104 495 1131 illas
508 1105 692 1132 destruimns‘i
711 1105 739 1132 Si
756 1105 844 1132 verbis
859 1109 885 1132 et
908 1105 984 1132 factis

200 1148 370 1183 indulgemus
397 1149 505 1177 iusulsis
523 1150 652 1178 amicitiis
675 1155 702 1178 et
726 1151 983 1179 consuetudinibus.

200 1195 328 1229 numquid
355 1196 446 1222 carnis
463 1197 610 1231 appetitum
637 1197 849 1225 mortiﬁcamus?
870 1196 985 1229 Quando

199 1245 289 1268 autem
314 1240 470 1273 inquisituri
493 1249 588 1270 sumus
610 1244 691 1270 vitam
717 1252 800 1278 quam
834 1243 983 1271 secundum

198 1286 336 1314 Christum
351 1295 446 1315 sumus
462 1289 597 1322 professi?
610 1289 676 1322 Quae
690 1297 723 1317 ex
742 1289 856 1324 pedibus
875 1290 903 1316 iu
924 1290 985 1315 nive

200 1338 345 1366 supersunt
367 1334 498 1369 vesligia,
523 1334 564 1361 vel
586 1335 653 1363 solis
683 1335 767 1362 radiis
787 1335 830 1362 Vel
856 1335 983 1362 imbrium

200 1379 278 1412 aquis
300 1379 492 1413 destruentur;
515 1387 576 1415 qua:
601 1388 665 1408 vero
688 1381 825 1408 memoria:
847 1381 985 1415 impressa:

201 1428 265 1450 sunt
291 1424 424 1459 imagines
447 1433 481 1453 ex
496 1427 618 1461 jucundo
641 1427 785 1454 verborum
802 1431 829 1453 et
850 1425 984 1453 factorum

203 1470 294 1497 habitu
308 1471 340 1498 ad
354 1471 467 1499 nihilum
483 1473 649 1507 redigentur,
670 1473 692 1500 si
707 1474 832 1501 Christus
852 1474 877 1500 in
897 1479 986 1500 mente

1031 239 1189 274 λογισμοὺς,
1204 237 1300 272 μέχρις
1315 235 1348 262 ἂν
1361 233 1444 269 εὕρῃς
1459 231 1505 258 τὸν
1528 230 1611 257 τόπον
1623 229 1673 264 τῆς
1688 227 1814 262 καθαρᾶς

1030 284 1193 320 προσευχῆς,
1205 282 1251 309 καὶ
1265 281 1310 308 τδν
1326 278 1410 310 οἶκον,
1429 280 1458 305 ὲν
1485 274 1508 311 ᾧ
1530 275 1648 311 Χριστὸς
1671 275 1813 304 κατοικεῖ.

1030 329 1155 365 φωτίζων
1170 328 1216 355 καὶ
1229 326 1384 362 γλυκαίνων
1401 333 1431 351 σε
1460 325 1494 359 τῇ
1523 321 1682 356 ἐπιγνώσει.
1708 321 1756 347 καὶ
1780 322 1813 355 τῇ

1028 375 1171 410 ἐπισκέψει
1187 372 1281 403 αὐτοῦ.
1295 372 1343 399 καὶ
1369 368 1585 406 παρασκευάζων
1604 367 1654 398 τὰς
1671 366 1720 401 μὲν
1743 366 1814 400 ὑπὲρ

1028 421 1109 449 αὐτοῦ
1139 420 1243 454 eatea;
1271 417 1397 453 ἡγεῖσθαι
1423 415 1519 451 χαρὰν,
1548 414 1598 445 τὰς
1623 413 1651 439 δὲ
1674 412 1814 447 κοσμικὰς

1028 467 1123 502 ἡδονὰς
1146 465 1273 499 καθάπερ
1294 472 1321 489 τι
1353 461 1477 497 ἀψίνθιον
1510 459 1548 495 μὴ
1574 458 1748 494 προσίεσθαι.
1772 456 1814 482 Τὰ

1029 512 1174 547 πνεύματα
1199 510 1250 545 τῆς
1267 507 1405 541 θαλάσσης
1432 505 1535 540 ἐγείρει
1562 504 1597 530 τὰ
1610 503 1730 538 κύματα,
1765 502 1814 527 καὶ

1028 557 1105 592 εἰμὴ
1117 555 1298 583 παύσονταιοί
1317 553 1423 587 ἄνεμοι,
1446 551 1476 576 οὺ
1495 550 1608 582 κοπάζει
1634 549 1668 575 τὰ
1685 548 1809 583 κύματα,

1027 603 1075 631 καὶ
1091 602 1139 638 οὐχ
1151 600 1323 637 ἡμεροῦταιὴ
1337 598 1457 626 θάλασσα
1468 605 1474 612 ·
1494 596 1540 622 καὶ
1554 595 1589 621 τὰ
1605 594 1811 638 πνεύματατής

1028 636 1363 682 πονηρίαςηὰνακινοῦσιν
1391 642 1419 668 tv
1453 642 1485 676 τῇ
1512 640 1586 675 ψυχῇ
1614 638 1662 664 τοῦ
1692 636 1811 672 ἀμελοῦς

1028 692 1137 727 μνήμην
1168 690 1278 725 γονέων,
1302 687 1443 721 ἀδελφῶν,
1473 685 1630 719 συγγενῶν,
1663 681 1810 717 συνήθων,

1028 738 1199 774 συμποσίων,
1225 734 1416 770 πανηγύρεων,
1437 732 1570 766 θεάτρων,
1584 729 1632 756 καὶ
1655 729 1711 756 τῶν
1720 728 1812 754 ἄλλων

1030 773 1141 813 πάντων
1157 783 1205 817 τῆς
1223 780 1321 816 ἡδονῆς
1335 777 1546 813 φαντασμάτων,
1565 776 1611 802 καὶ
1626 773 1812 808 ὑπαγορεύον-

1028 839 1070 857 σιν
1098 829 1170 864 ὕψει,
1194 827 1241 854 καὶ
1262 825 1380 860 γλώττῃ,
1410 824 1457 850 καὶ
1479 822 1585 857 σώματι
1609 820 1658 856 τὴν
1684 819 1812 854 ἐντυχίαν

1028 875 1174 906 ποιεῖσθαι,
1187 874 1230 900 ἵνα
1247 873 1294 899 καὶ
1313 871 1330 906 ἡ
1346 869 1484 897 ένεστῶσὰ
1497 868 1556 903 ὥρα
1571 866 1748 894 ἀναλίσκεται
1757 872 1812 899 μα-

1028 922 1122 954 ταίως,
1139 920 1186 947 καὶ
1202 920 1218 954 ἡ
1233 916 1361 949 ἐπιοῦσα,
1378 915 1461 950 ἡνίκα
1475 914 1554 949 μόνος
1569 913 1653 948 μένῃς
1667 910 1742 937 ἔνδον
1761 908 1811 935 τοῦ

1028 967 1145 999 κεὶλίου,
1169 964 1324 993 δαπανᾶται
1337 964 1365 989 tv
1375 963 1435 993 ταῖς
1446 961 1568 996 μνήμαις
1587 959 1642 985 τῶν
1658 956 1812 984 θεαθέντων

1028 1015 1076 1042 καὶ
1100 1012 1286 1049 λαληθέντων·
1309 1009 1357 1037 xci.
1385 1008 1456 1035 οῦτω
1472 1005 1621 1040 ἁσυντελὴς
1648 1003 1736 1039 ἡζωὴ
1763 1003 1813 1030 τοῦ

1030 1059 1148 1096 μοναχοῦ
1164 1056 1313 1088 διανύεται,
1328 1055 1368 1086 εἰς
1382 1052 1518 1088 κοσμικὰς
1540 1050 1673 1086 ἐργασίας
1685 1049 1734 1080 τὰς
1747 1050 1814 1075 tau-

1029 1106 1082 1132 τῶν
1098 1105 1208 1141 μνήμας
1219 1101 1370 1136 γλύφουσιν
1387 1100 1416 1126 ὲν
1430 1100 1463 1135 τῇ
1477 1098 1592 1132 διανοίᾳ,
1618 1096 1745 1130 καθάπερ
1765 1095 1815 1121 πό-

1028 1152 1074 1184 δες
1090 1149 1234 1185 ἀνθρώπου
1248 1148 1283 1174 τὰ
1310 1147 1363 1173 ῐδια
1378 1145 1440 1180 ἴχνη
1451 1145 1480 1170 tv
1497 1143 1566 1179 χιόνι
1585 1141 1750 1177 βαδίζοντες.
1781 1141 1815 1167 Εἰ

1030 1197 1128 1233 βρῶμα
1140 1195 1194 1227 τοῖς
1207 1193 1312 1229 θηρίοις
1332 1191 1501 1226 παρέχομεν,
1532 1189 1597 1216 πότε
1619 1186 1816 1222 θανατώσομεν

1030 1243 1115 1275 cura;
1129 1242 1176 1269 καὶ
1197 1241 1222 1267 εἰ
1237 1241 1266 1266 tv
1289 1238 1380 1274 ἔργοις
1404 1237 1451 1263 καὶ
1473 1235 1613 1270 λογισμοῖς
1634 1233 1685 1268 τῆς
1712 1233 1813 1266 ἀλόγου

1031 1289 1123 1324 φιλίας
1152 1287 1200 1314 καὶ
1215 1285 1359 1321 συνηθείας
1372 1282 1582 1317 ἁδολεσχοῦμεν,
1596 1280 1660 1306 πότε
1676 1278 1725 1314 τῆς
1744 1286 1816 1312 capi

1033 1335 1080 1366 κὸς
1097 1332 1272 1368 νεκρώσομεν
1291 1330 1320 1356 τὸ
1333 1329 1475 1364 φρόνημα;
1502 1327 1567 1354 πότε
1592 1326 1626 1361 ἢν
1647 1324 1816 1360 ἐπηγγειλά-

1033 1379 1104 1415 μεθα
1116 1378 1188 1405 κατὰ
1203 1377 1320 1412 Χριστδν
1336 1374 1408 1410 ζωὴν
1434 1374 1572 1409 ζήσομεν;
1591 1372 1621 1398 '0
1637 1372 1667 1397 tv
1678 1370 1748 1406 χιόνι.
1770 1370 1815 1397 τύ-

1032 1433 1082 1454 πος
1094 1424 1149 1450 τῶν
1173 1422 1271 1453 ποδῶν,
1292 1421 1308 1456 ἢ
1325 1420 1482 1455 λάμψαντος
1502 1418 1578 1454 ἡλίου
1606 1416 1709 1448 λύεται,
1727 1416 1744 1451 ἢ
1761 1425 1813 1442 κα-

1032 1469 1219 1506 ταρραγέντος
1247 1467 1343 1498 ὕδατος
1369 1466 1487 1500 οἴχεται·
1514 1463 1560 1490 καὶ
1583 1463 1611 1489 at
1632 1462 1815 1488 κοιλανθεῖσαι

202 1523 250 1550 per
276 1517 426 1545 orationem
456 1520 571 1554 assurgit
600 1525 626 1546 et
649 1519 670 1547 si
699 1527 732 1547 ex
761 1518 844 1548 corde
868 1520 985 1548 contrito

1034 1515 1139 1550 μνῆμαι
1158 1515 1187 1540 tv
1210 1513 1244 1547 τῇ
1263 1510 1368 1546 διανοίᾳ
1383 1510 1415 1537 ὲκ
1434 1509 1576 1543 φιληδόνου
1598 1506 1745 1538 διαθέσεως
1766 1506 1816 1533 καὶ

202 1562 325 1591 deﬂuunt
344 1563 424 1592 rivuii
441 1565 634 1601 iacrymarum.

239 1699 266 1727 Si
279 1700 428 1728 monachus
436 1707 466 1729 se
476 1709 528 1729 non
538 1701 663 1729 rationali
678 1702 756 1729 modo
767 1702 845 1738 gerit,
856 1703 986 1737 numquid

203 1746 298 1774 insitas
312 1751 339 1774 et
352 1747 499 1782 impressas
515 1748 657 1782 opiniones
673 1748 769 1776 evellet
780 1755 813 1775 ex
828 1749 941 1776 animo?
957 1749 985 1776 In

202 1799 318 1826 corpore
336 1796 382 1820 tuo
399 1793 523 1828 perﬁcies
539 1793 653 1821 virtutes
669 1794 691 1821 si
704 1793 834 1821 saceuinre
853 1801 987 1821 commera

202 1838 273 1865 cium
296 1838 464 1873 deposueris.
487 1839 568 1867 Bona:
593 1840 745 1867 formantur
767 1840 944 1874 cogitationes
960 1844 989 1868 et

203 1885 286 1911 divini
320 1884 347 1911 in
366 1889 456 1912 tuente
477 1884 784 1926 habitant‘sermones,
804 1886 826 1913 si
850 1886 987 1914 continuis

203 1931 328 1964 precibus
341 1930 434 1958 eiinsis
452 1935 479 1958 et
494 1931 577 1958 corde
599 1931 718 1958 contrito
740 1931 897 1958 memoriam
914 1931 988 1966 prio-

204 1983 262 2002 rum
278 1975 416 2003 actionum
431 1975 572 2003 delcVeris.
588 1974 663 2003 Fidei
685 1975 845 2003 illuminatio
859 1983 918 2010 quae
941 1983 987 2010 per

205 2021 418 2048 recordationem
433 2019 480 2048 Dei
493 2025 622 2055 operatur
637 2024 664 2048 et
680 2021 809 2048 contritio
823 2021 923 2054 cordis,
937 2029 987 2048 ιιυά

205 2067 307 2094 voculae
322 2066 356 2094 ad
369 2067 464 2099 instar,
481 2066 567 2093 malas
581 2066 757 2101 cogitationes
782 2067 921 2094 excidunt.
944 2067 986 2095 Ad

206 2115 297 2148 apium
323 2113 463 2147 exemplar
486 2112 583 2140 facias.
607 2113 674 2140 Cum
695 2121 836 2147 vesparum
856 2113 986 2148 puiiitiem

203 2160 478 2187 circumvolitantium
508 2159 637 2192 sentiunt,
655 2163 795 2186 remanent
816 2159 841 2186 iu
863 2159 988 2186 alveariis

1030 1561 1086 1588 τῶν
1101 1559 1236 1595 πράξεων,
1251 1558 1304 1584 ὑπὸ
1317 1555 1437 1592 Χριστοῦ
1461 1553 1508 1582 τοῦ
1533 1552 1724 1584 ἀνατέλλοντος
1740 1552 1769 1578 tv
1780 1552 1816 1587 τῇ

1032 1607 1132 1642 καρδίᾳ
1157 1605 1202 1632 διὰ
1239 1603 1411 1639 προσευχῆς,
1449 1601 1498 1628 καὶ
1529 1600 1580 1635 τῆς
1609 1598 1816 1626 εὐκατανύκτου

1032 1652 1132 1688 βροχῆς
1146 1651 1200 1678 τῶν
1213 1648 1338 1683 δακρύων
1350 1645 1567 1681 έξαφανίζονται.

1075 1703 1104 1730 '0
1128 1702 1194 1737 γοῦν
1223 1701 1261 1736 μή
1276 1700 1347 1727 κατὰ
1369 1699 1448 1732 λόγον
1464 1697 1592 1732 πράττων
1607 1696 1733 1731 μοναχὺς,
1751 1695 1819 1722 πότε

1034 1750 1084 1781 τὰς
1094 1750 1123 1776 tv
1135 1750 1169 1784 τῇ
1194 1747 1299 1782 διανοίᾳ
1328 1744 1479 1780 προλήψεις
1498 1742 1663 1777 ἀπαλείψέιξ
1693 1740 1820 1767 Τελεῖται

1035 1794 1133 1831 πρᾶξις
1155 1791 1260 1828 ἀρετῶν
1273 1792 1301 1818 tv
1310 1790 1348 1826 τῷ
1364 1789 1482 1824 σώματι,
1509 1788 1558 1815 ἐὰν
1574 1785 1741 1821 καταλείψεις
1764 1785 1822 1831 τὴν

1033 1830 1081 1867 τοῦ
1095 1840 1199 1874 κόσμου
1217 1836 1373 1870 συνήθειαν.
1387 1834 1542 1862 Τυποῦνται
1574 1833 1680 1868 μνῆμαι
1704 1830 1820 1865 ἁγαθαὶ(

1034 1888 1081 1914 καὶ
1095 1886 1162 1912 θεῖοι
1179 1884 1252 1918 λόγοι
1264 1881 1461 1919 φιλοχωροῦσιν
1483 1881 1512 1906 tv
1533 1880 1566 1914 τῇ
1593 1878 1678 1913 ψυχῇ,
1693 1877 1740 1903 ἑὰν
1755 1884 1822 1902 συν-

1035 1933 1124 1967 εχέσιν
1135 1931 1242 1966 εὐχαῖς,
1259 1929 1328 1965 μετὰ
1339 1927 1445 1962 θερμῆς
1459 1925 1631 1958 κατανύξεως
1643 1922 1820 1957 ἀνυομέναις,

1037 1978 1065 2003 tv
1084 1978 1117 2012 τῇ
1130 1975 1234 2010 διανοίᾳ
1256 1974 1306 2006 τὰς
1329 1973 1440 2009 μνήμας
1468 1971 1523 1998 τῶν
1537 1969 1678 2006 προτέρων
1693 1967 1822 2004 πράξεων

1036 2022 1190 2057 ὲξαλείψῃς.
1214 2020 1243 2047 '0
1265 2019 1405 2054 φωτισμδς
1420 2017 1473 2052 γὰρ
1500 2017 1550 2050 τῆς
1565 2015 1683 2045 πίστεως
1701 2014 1750 2048 τῆς
1773 2012 1823 2039 τοῦ

1035 2067 1103 2094 Θεοῦ
1122 2067 1243 2102 μνήμης,
1262 2065 1310 2091 καὶ
1336 2059 1495 2099 ἡσυντριὸὴ
1511 2061 1561 2096 ⁵τῆς
1589 2059 1712 2095 καρδίας.
1741 2058 1823 2092 δίκην

1037 2113 1129 2148 ξυρίου
1141 2114 1189 2144 τὰς
1203 2111 1325 2146 πονηρὰς
1348 2109 1493 2141 ἀποξέουσι
1522 2107 1642 2142 μνήμας.
1675 2105 1823 2148 Μιμὴθητι

1035 2147 1090 2184 τῶν
1111 2156 1248 2193 μελισσῶν
1261 2155 1310 2190 τὴν
1338 2153 1443 2188 σοφίαν.
1475 2151 1594 2178 Ἐκεῖναι
1617 2150 1672 2184 γὰρ
1700 2147 1824 2174 ειδοῦσαι

204 2209 232 2232 et
260 2204 370 2232 insidias
386 2204 517 2231 devitant.
539 2203 689 2231 Smcuiares
717 2208 865 2230 conventus
893 2211 985 2237 vespm

1035 2206 1066 2231 τὺ
1081 2205 1183 2240 σμῆνος
1197 2202 1251 2229 τῶν
1268 2201 1379 2236 σφηκῶν
1388 2199 1451 2235 περὶ.
1463 2197 1549 2229 αὐτὰς
1558 2197 1607 2232 τὴν
1616 2196 1715 2230 πτῆσιν
1724 2203 1822 2221 ποιου-

207 2260 266 2280 t‘um
291 2252 349 2280 loco
369 2253 531 2285 considera;
549 2252 599 2278 bos
619 2251 642 2278 si
658 2258 754 2285 magno
773 2250 872 2284 ingeris
886 2250 987 2281 studio,

205 2299 238 2326 ad
253 2299 408 2326 interiorem
424 2303 450 2324 te
464 2298 581 2332 recipies
599 2298 755 2325 monasterii
771 2300 887 2331 portum,
906 2296 989 2323 cellu-

207 2347 260 2372 iant
294 2344 431 2376 videlicet,
449 2344 538 2378 ibique
562 2343 680 2370 teutahis
706 2347 735 2369 ut
762 2342 884 2368 intimam
916 2346 988 2368 tuam

206 2391 328 2418 aditurus
353 2391 391 2418 sis
414 2390 542 2422 animam,
563 2390 588 2416 itt
612 2397 665 2423 qua
693 2389 798 2416 habitat
812 2388 946 2420 Christus,
963 2392 990 2414 et

204 2446 267 2465 eum
294 2439 352 2471 ipso
383 2437 459 2463 adest
493 2442 563 2470 pax,
598 2435 723 2468 gaudium
750 2440 777 2461 et
808 2434 989 2468 tranquillitas

207 2487 295 2512 iiuna.
316 2483 378 2510 llaec
404 2483 474 2509 dona
500 2485 564 2508 sunt
590 2480 691 2507 Cill‘isli
706 2501 713 2512 ,
738 2480 802 2507 solis
820 2479 988 2514 spirituaiis;

206 2532 278 2558 sicut
290 2529 380 2556 radios
395 2529 439 2555 illa
453 2528 553 2555 emittit
563 2533 590 2554 et
605 2528 630 2553 itt
648 2526 798 2553 mercedem
813 2528 911 2552 animm
925 2532 990 2552 cott-

206 2577 288 2608 eedil,
305 2583 363 2610 quae
381 2575 468 2609 ipsum
485 2581 546 2600 cum
565 2573 616 2599 ﬁde
629 2577 655 2598 et
672 2578 765 2598 amore
784 2571 908 2605 suscipit.
922 2570 990 2597 Cum

211 2623 238 2648 in
255 2620 408 2648 habitaenio
431 2624 477 2646 tuo
496 2619 588 2651 lueris,
602 2619 635 2644 de
659 2617 713 2645 Deo
734 2617 847 2652 cogites,
870 2617 990 2643 auimuttt

210 2669 244 2694 ab
279 2666 406 2694 omnibus
437 2665 580 2693 abstrahas
603 2669 631 2692 et
652 2665 711 2691 sine
735 2671 801 2691 voce
827 2663 931 2690 referas
957 2663 990 2690 ad

209 2715 417 2747 Deum;omncs
437 2712 526 2739 cordis
546 2713 584 2739 tui
608 2711 795 2745 dispositiones
811 2709 863 2744 ipsi
885 2709 992 2744 aperias

208 2766 235 2787 et
247 2762 386 2788 adita-reas
405 2767 452 2794 per
467 2766 597 2785 amorem.
617 2758 680 2785 llazc
690 2758 761 2784 enirn
772 2757 817 2784 Dei
842 2756 992 2784 recordatio

207 2807 285 2842 (μω-ἱ
306 2806 414 2833 ἰιιίιιῐιὶυ
431 2811 492 2832 est:
518 2805 615 2831 anima:
639 2811 734 2831 sensus
748 2808 775 2830 et
794 2802 887 2829 oculos
906 2804 939 2829 ad
964 2809 993 2829 se

209 2854 291 2880 trahit
315 2853 397 2884 Deus,
413 2853 457 2884 qui
478 2852 576 2879 lumine
592 2857 640 2879 suo
654 2856 771 2878 tuentem
795 2848 993 2877 considerantis

1038 2251 1136 2286 μένων,
1153 2249 1226 2275 ἔνδον
1239 2246 1287 2274 τοῦ
1305 2246 1418 2281 σίμϐλου
1436 2243 1639 2280 παραμένουσι,
1655 2243 1702 2268 καὶ
1719 2240 1769 2276 τὴν
1782 2241 1822 2286 ita:

1036 2285 1090 2324 τῶν
1111 2294 1261 2322 ιπιοούλων
1291 2292 1393 2328 βλάϐην
1425 2289 1669 2323 διαδιδράσκουσιν.
1698 2285 1825 2321 Σφηκίας

1036 2343 1093 2369 νόει
1107 2342 1156 2373 τὰς
1179 2338 1314 2375 κοσμικὰς
1330 2336 1485 2372 συντυχίας.
1504 2334 1612 2365 Ταύτας
1625 2332 1726 2367 σπουδῇ
1736 2331 1824 2366 πολλῇ

1038 2389 1157 2424 φεύγων,
1184 2386 1326 2421 παράμενε
1352 2385 1380 2409 tv
1401 2382 1441 2417 τῷ
1466 2380 1572 2416 ταμείῳ
1604 2379 1652 2406 τοῦ
1682 2377 1824 2412 σεμνείυυ,

1038 2423 1186 2462 κάντεῦθεν
1201 2431 1288 2466 πειρῶ
1309 2429 1388 2457 πάλιν
1404 2426 1577 2463 εἰσέρχεσθαι
1596 2426 1626 2452 ἐν
1638 2424 1676 2459 τῷ
1690 2423 1825 2466 ὲνδοτέριρ

1036 2480 1085 2514 τῆς
1097 2478 1186 2513 ψυχῆς
1196 2464 1329 2512 φρουρίῳ,
1348 2475 1415 2509 ὅπερ
1429 2470 1503 2503 οἶκος
1522 2469 1640 2506 Χριστοῦ
1653 2470 1738 2499 ἐστιν,
1754 2468 1783 2494 ἐν
1799 2464 1825 2500 ᾦ

1038 2526 1147 2561 εἰρήνηθ
1164 2523 1211 2549 καὶ
1230 2521 1314 2557 χαρὰ,
1344 2522 1393 2546 καὶ
1421 2519 1527 2552 γαλήνη
1570 2515 1685 2551 βῑὸαίως
1712 2515 1823 2561 ὁρᾶται.

1039 2559 1092 2598 Τοῦ
1109 2568 1206 2604 νοητοῦ
1231 2568 1307 2603 ἡλίου
1328 2564 1447 2600 Χριστοῦ
1465 2564 1500 2591 τὰ
1524 2563 1597 2598 δῶρα
1613 2561 1711 2592 ταῦτα,
1733 2559 1823 2587 καθά-

1039 2625 1092 2652 περ
1108 2616 1185 2646 τινὰς
1204 2614 1317 2644 ἀκτῖνας
1335 2612 1400 2647 παρ’
1419 2609 1515 2637 ἑαυτοῦ
1540 2610 1741 2642 ἐκπέμποντος,
1774 2606 1824 2632 καὶ

1037 2651 1133 2697 ὥσπερ
1159 2659 1220 2687 τινὰ
1239 2658 1334 2694 μισοδν
1356 2656 1546 2692 παρεχομένου
1573 2655 1606 2688 τῇ
1634 2651 1824 2686 ὑποδεχομένῃ

1037 2707 1118 2735 αὑτὸν
1128 2706 1201 2741 ψυχῇ
1220 2705 1288 2740 μετὰ
1300 2703 1418 2734 πίστεως
1445 2701 1492 2727 καὶ
1507 2699 1676 2735 φιλοκαλίας.
1693 2697 1824 2731 Καθὴμε-

1038 2763 1083 2786 νος
1096 2753 1160 2788 γοῦν
1179 2753 1207 2778 tv
1222 2750 1260 2785 τῷ
1274 2749 1352 2784 οἴκῳ,
1370 2748 1523 2783 μνημόνευε
1537 2745 1616 2776 Θεοῦ,
1640 2744 1763 2778 ἐπαίρων
1776 2742 1824 2768 τὸν

1038 2801 1100 2827 νοῦν
1122 2799 1175 2826 ἀπο
1201 2799 1321 2827 πάντων,
1343 2795 1390 2822 καὶ
1416 2794 1485 2830 πρὸς
1511 2792 1557 2818 τὸν
1578 2791 1646 2817 Θεὸν
1678 2789 1826 2824 ἁφθόγγως

1039 2845 1218 2876 interii-mon,
1238 2842 1284 2870 καὶ
1300 2842 1389 2869 πᾶσαν
1405 2839 1452 2872 τῆς
1468 2836 1581 2870 καρδίας
1590 2835 1710 2862 διάθεσιν
1718 2833 1824 2867 ὲκχέων
