1935 3071
65 117 115 148 389

459 106 509 143 DE
528 103 775 142 ABSCONDITAD
787 107 1035 142 OPERATIONE
1056 112 1096 142 IN
1116 108 1283 143 CHRISTO

1634 113 1688 145 ‘9’)

1635 132 1649 143 ι’
1673 136 1678 143 \

1617 139 1621 142 .
1635 132 1678 143 vat

66 169 182 197 ἐνώπιον
195 167 291 201 αὐτοῦ,
301 167 348 194 καὶ
362 159 409 194 διὰ
429 167 478 202 τῆς
491 167 601 202 ἁγάτπις
615 167 690 202 αὐτῷ
717 167 853 202 προσκολ-

906 166 1107 200 illumiuat.Qui
1126 167 1250 202 spiritum
1266 175 1345 195 suum
1370 167 1403 194 ad
1431 167 1514 194 Deum
1543 170 1687 202 convertit,

66 217 196 250 λώμενος.
228 214 334 249 Μνήμη
366 213 421 248 γὰρ
445 212 512 239 Θεοῦ
539 213 640 248 θεωρία
672 212 740 239 Θεοῦ
767 214 851 246 ἐστιν,

65 261 189 292 ἕλκοντος
199 260 251 294 τὴν
264 259 361 296 ὅρασιν
386 258 434 285 καλ¹
449 258 499 294 τὴν
518 258 612 293 ἔφεσιν
635 257 683 285 τοῦ
710 258 756 285 νοῦ
783 258 852 294 πρὸς

65 306 171 337 ἑαυτὸν,
183 305 232 332 καὶ
246 305 285 340 τῷ
301 305 366 340 παρ’
377 304 466 339 ἑαυτῷ
482 304 552 338 φωτὶ
563 303 795 339 περιαυγάζοντος
803 304 851 331 αὺ-

64 352 117 377 τόν.
140 350 332 386 Ἐπιστρέφων
352 349 406 384 γὰρ
416 350 430 376 ὁ
448 348 511 380 νοῦς
536 348 605 384 πρδς
618 349 664 375 τὸν
674 348 752 381 Θεὸν,
768 350 797 375 ὲν
812 350 851 385 τῷ

64 395 233 422 καταπαύειν
248 396 340 427 πάσας
347 395 396 426 τὰς
407 395 556 426 είδοποιοὺς
570 395 624 421 τῶν
640 394 724 421 ὄντων
735 394 850 428 ἐννοίας,

63 441 190 473 ἁνειδεῶς
202 442 271 477 ὁρᾷ·
293 442 341 468 καὶ
356 442 388 476 τῇ
416 440 476 467 καθ’
493 439 631 475 ὑπεροχὴν
659 439 784 475 ἀγνωσία
807 440 852 466 διὰ

63 487 155 520 τὸτῆς
177 487 260 522 δόξης
280 487 438 521 ἀπρόσιτον,
465 485 516 521 τὴν
542 484 639 511 ἑαυτοῦ
665 484 757 519 βλέψιν
781 485 852 519 λαμ-

64 533 176 567 πρύνει·
192 533 241 560 καὶ
256 533 294 567 μὴ
305 532 447 566 γινώσκων
470 531 514 558 διὰ
533 530 583 566 τὴν
600 530 790 566 ἀκαταληψίαν
803 530 850 556 τοῦ

61 575 217 610 ὁρωμένου,
240 575 372 610 γινώσκει
398 577 443 604 διὰ
461 577 512 612 τὴν
534 575 666 612 ἀλήθειαν
689 578 736 604 τοῦ
764 578 870 613 κυρίως

906 213 1020 239 retrahit
1034 220 1048 239 a
1066 220 1155 240 rerum
1168 213 1315 240 visibilium
1332 213 1493 247 imaginibus
1507 218 1534 240 et
1544 214 1645 248 absque
1656 215 1689 240 ti-

904 265 970 292 gura
981 258 1196 292 contemplatur;
1207 254 1336 288 attamen.
1351 263 1461 293 propter
1474 258 1688 286 inaccessibilem

905 303 1031 338 gloriam,
1054 304 1138 331 Deum
1153 304 1178 331 in
1190 312 1219 331 se
1229 312 1394 339 cognoscere
1406 305 1534 339 nequitet
1546 304 1617 332 solos
1643 311 1688 331 re-

904 349 1069 384 cipitradios
1078 358 1086 382 ;
1096 350 1158 377 dum
1171 351 1244 378 videt
1257 351 1571 385 incomprehensibilem,
1591 357 1691 385 cogno—

906 395 957 423 scil.
971 397 1215 430 supereminentem
1234 397 1423 424 exsistentiam
1441 396 1524 428 illius,
1542 395 1587 430 qui
1596 395 1688 422 omnia

904 445 1029 475 superat;
1053 448 1086 468 ει
1110 441 1213 469 inﬁnita
1241 448 1330 469 atttem
1353 442 1472 469 bonitate
1497 441 1543 468 Dei
1567 448 1686 468 amoretn

905 494 984 514 suum
1001 488 1106 520 nutrit,
1123 495 1231 516 omnem
1257 495 1332 515 suam
1352 488 1481 522 adimplet
1500 487 1688 521 capacitatem,

905 532 1023 566 quietem
1040 533 1120 560 habet
1133 533 1331 561 indeflcicntem
1348 539 1375 560 et
1388 535 1504 560 beatam.

905 577 993 609 δντος,
1007 578 1055 604 καὶ
1074 578 1157 613 μόνου
1181 578 1212 605 τὸ
1231 579 1373 613 ὑπερεῖναι
1389 578 1498 612 ἔχοντος
1509 584 1517 593 ·
1533 577 1580 603 καὶ
1596 576 1640 602 διὰ
1661 575 1693 601 τὸ

59 621 192 648 πλούσιον
216 621 269 656 τῆς
297 622 403 648 ἐκεῖθεν
431 621 620 657 ὲκδλυζοῦσης
638 622 810 658 ὰγαθότητος
828 623 937 659 τρέφων
967 625 1014 650 τον
1029 622 1130 650 ἑαυτοῦ
1157 624 1248 659 ἔρωτα
1263 645 1271 657 ,
1292 625 1340 651 καὶ
1364 624 1414 659 τὴν
1441 623 1510 651 ἰδίαν
1535 623 1693 658 ὲντρέχειαν

61 669 260 706 πληροφορῶν,
277 671 460 702 ἀναπαύσεως
475 671 594 706 ἁλήκτου
614 672 662 698 καὶ
678 671 820 706 μακαρίας
842 670 1034 704 καταξιοῦται.

99 722 196 747 Ταῦτα
215 721 266 756 μὲν
278 720 313 747 τὰ
324 721 373 756 τῆς
392 721 525 756 ἀκριδοῦς
544 722 654 757 μνήμης
669 722 860 758 γνωρίσματα.

65 768 210 802 Προσευχὴ
229 766 258 793 δέ
273 767 334 793 ἐστι
360 766 473 802 διαλογὴ
499 767 619 798 διανοίας
649 768 718 801 προς
746 769 859 804 Κύριον,

65 813 180 847 ῥήματα
194 813 316 847 δεήσεως
333 812 479 840 διανύουσα
492 813 562 847 μετὰ
585 813 634 848 τῆς
646 813 694 840 τοῦ
717 814 764 840 νοῦ
790 814 859 849 πρὸς

64 859 132 885 Θεὸν
147 858 244 892 δλικῆς
261 858 420 890 ἀτενίσεως.
433 858 490 893 Τῆς
518 858 641 891 διανοίας
654 859 708 895 γὰρ
740 860 860 896 συνεχῶς

945 721 1028 756 Signa
1043 725 1132 748 autem
1153 726 1179 748 et
1201 723 1372 750 characteres
1403 723 1529 758 perfecta:
1561 725 1692 752 recorda-

906 766 989 794 tionis
1003 766 1049 794 Dei
1064 772 1126 794 sunt
1143 769 1294 802 sequentia.
1307 768 1401 796 Oratio
1412 769 1526 803 primum
1538 775 1580 797 est
1594 771 1692 798 mentis

906 811 1069 846 colloquium
1084 820 1145 840 cum
1165 813 1236 846 Deo;
1251 814 1334 841 verba
1353 814 1527 848 proferuntur
1550 817 1692 848 orationis,

906 858 969 886 dum
984 858 1090 885 animus
1100 863 1172 886 totus
1185 859 1218 886 ad
1233 860 1315 886 Deum
1331 860 1454 887 intendit.
1469 860 1543 887 Mcns
1558 862 1692 896 suggerit,

66 905 297 940 ὑπαγορευούσης
306 905 337 931 τὸ
351 905 399 932 τοῦ
419 906 521 940 Κυρίου
541 905 638 942 ὄνομα,
668 906 716 933 καὶ
742 905 790 933 τοῦ
812 906 855 933 νοῦ

909 905 1172 937 modoindesinente,
1183 912 1279 932 nomen
1291 905 1405 936 Domini.
1415 911 1441 932 ct
1450 907 1557 934 animus
1565 907 1694 934 continuo

65 950 239 987 ὲναργῶςτῇ
266 950 410 984 ἐπικλήσει
430 951 477 978 τοῦ
506 951 579 978 θείου
609 952 742 987 ὀνόματος
772 960 860 988 προσ-

65 997 186 1031 ἆχοντος,
201 997 251 1032 τῆς
265 996 313 1023 τοῦ
331 996 398 1023 Θεοῦ
411 996 538 1030 γνώσεως
549 997 580 1024 τὸ
588 997 647 1031 φῶς
660 998 788 1033 καθάπερ
800 1006 860 1033 φω‹

63 1042 159 1078 ⁴πεινῆν
172 1043 290 1078 νεφέλην
306 1043 396 1069 πᾶσαν
415 1043 571 1074 ἐπισκιάζει
592 1042 642 1078 τὴν
650 1042 750 1078 ψυχήν.
774 1042 858 1070 Ἐπε-

63 1099 110 1117 ται
123 1090 154 1116 δὲ
173 1091 208 1124 τῇ
226 1089 275 1125 μὲν
289 1089 399 1122 ἀκριὸεϊ
424 1090 519 1125 μνήμῃ
535 1089 583 1116 τοῦ
598 1089 667 1116 Θεοῦ
683 1089 780 1124 ἀγάπη
812 1090 858 1117 καὶ

62 1135 156 1170 χαράο
175 1143 185 1160 ι
208 1134 365 1169 Ἐμνήσθην
378 1134 444 1170 γὰρ,
460 1135 540 1170 φησὶ,
556 1135 602 1162 τοῦ
627 1134 707 1167 Θεοῦ,
730 1136 779 1162 καὶ
805 1136 857 1171 ηὐ-

64 1178 202 1214 φράνθην.
223 1188 233 1204 ι
256 1179 296 1214 Τῇ
315 1179 344 1206 δὲ
364 1179 474 1215 καθαρᾷ
504 1180 656 1215 προσευχῇ,
685 1180 787 1214 γνῶσις
810 1181 857 1208 καὶ

65 1224 217 1256 κατάνυξις
236 1232 244 1239 ·
268 1234 278 1250 ι
302 1224 347 1251 Ἐν
397 1224 431 1252 ἂν
444 1225 535 1260 ἡμέρᾳ
550 1225 614 1260 γὰρ,
636 1225 730 1260 φησὶν,
759 1227 857 1253 ἐπικα-

63 1270 181 1305 λέσομαί
208 1278 249 1301 σε,
268 1269 323 1297 ἰδοὺ
351 1270 437 1304 ἔγνων
463 1271 504 1297 δτι
524 1270 591 1302 Θεός
606 1279 658 1306 μου
677 1269 702 1297 εἷ
719 1271 762 1299 σύ.
777 1281 787 1298 ›
805 1272 859 1299 Καὶ

63 1314 147 1341 πάλιν
157 1321 165 1328 ·
189 1323 200 1340 ι
215 1314 303 1342 Θυσία
319 1315 357 1350 τῷ
373 1315 443 1351 Θεῷ.
457 1314 566 1351 πνεῦμα
586 1316 825 1351 συντετριμμένον.
847 1326 856 1342 ι

62 1360 132 1392 Noe;
155 1360 212 1395 γὰρ
226 1361 274 1387 καὶ
299 1360 419 1392 διανοίας
450 1362 663 1397 παρισταμένων
690 1361 730 1396 τῷ
749 1361 808 1397 θεῷ
824 1361 859 1389 δι’

62 1405 198 1439 ἐνεργοῦς
225 1406 373 1437 ἁτενίσεως
397 1407 445 1432 καὶ
467 1406 573 1441 Θερμῆς
601 1407 730 1442 δεήσεως.
746 1408 794 1434 xui.
808 1408 859 1442 τῆς

61 1451 154 1485 ψυχῆς
166 1452 183 1486 ή
198 1451 348 1484 κατάνυξις
361 1451 513 1480 ἀκολουθεῖ.
528 1451 584 1479 Νοῦ
599 1453 639 1484 δὲ,
652 1453 699 1480 καὶ
714 1453 857 1487 λόγου,καὶ

61 1497 225 1532 πνεύματος
249 1497 481 1531 προσπιπτόντων
498 1497 538 1533 τῷ
563 1497 633 1533 Θεῷ,
660 1498 708 1524 τοῦ
737 1500 796 1534 μὲν,
815 1499 856 1527 διὰ

61 1543 215 1578 προσοχῆς,
229 1543 276 1569 τοῦ
289 1543 328 1575 δὲ,
343 1543 376 1570 δι’
392 1543 581 1579 ἐπικλήσεως,
599 1543 648 1571 τοῦ
665 1544 702 1577 δὲ,
713 1545 757 1572 διὰ
773 1554 854 1573 κατα·

908 950 1032 978 invocalo
1049 951 1158 978 nomine
1181 951 1272 978 divino
1286 952 1418 984 attendit;
1440 953 1537 979 exinde
1551 952 1579 979 ﬁt
1591 958 1620 979 ιιι
1636 952 1694 978 ani-

907 1004 950 1023 tua
964 1000 1017 1023 tota
1034 997 1111 1030 quasi
1135 996 1209 1023 nube
1233 997 1321 1024 lucida
1351 997 1538 1025 obutnbretur.
1563 998 1689 1025 Setlulam

907 1043 1125 1070 recordationem
1142 1043 1261 1070 divinam
1291 1044 1492 1078 subsequuntur
1523 1043 1646 1071 charitas
1664 1049 1692 1070 et

907 1088 1044 1123 gaudium.
1056 1087 1191 1123 Scriptum
1203 1093 1261 1116 est:
1274 1098 1283 1115 ι
1299 1088 1342 1115 Dei
1352 1090 1510 1117 recordatus
1517 1097 1588 1120 sum.
1597 1095 1622 1117 et
1632 1097 1692 1117 sum

906 1133 1016 1168 gavisus
1029 1133 1050 1161 ⁸.
1068 1142 1078 1159 ι
1105 1132 1132 1160 Si
1148 1141 1213 1168 pura
1230 1133 1311 1161 fuerit
1336 1135 1436 1165 oratio.
1466 1135 1613 1162 adstahtmt
1640 1141 1687 1161 co-

907 1178 991 1213 gnitio
1007 1183 1034 1206 et
1051 1179 1180 1206 contritio
1203 1179 1306 1206 cordis.
1328 1188 1337 1205 ι
1349 1178 1377 1205 lu
1393 1186 1445 1214 qua
1462 1179 1508 1206 die
1531 1179 1692 1206 invocat-ero

908 1228 945 1258 te,
967 1231 1030 1252 ecce
1046 1224 1158 1259 cognovi
1171 1224 1233 1259 quia
1251 1224 1322 1251 Deus
1345 1231 1422 1251 meus
1437 1231 1466 1251 es
1493 1228 1521 1250 tu
1536 1223 1558 1250 ’.
1576 1224 1623 1250 »Ει
1641 1224 1691 1250 ite-

907 1277 983 1296 rum:
1012 1278 1021 1295 ι
1036 1268 1204 1296 Sacrificium
1223 1269 1276 1296 Deo
1288 1269 1399 1303 spiritus
1420 1270 1618 1296 contribulatus
1635 1269 1656 1296 '.
1677 1277 1686 1294 ι

906 1316 972 1343 Cum
989 1315 1101 1350 spiritus
1134 1319 1161 1342 et
1177 1321 1253 1342 mens
1283 1322 1331 1349 per
1349 1315 1466 1341 activam
1496 1315 1522 1342 in
1548 1314 1631 1341 Detttn
1660 1321 1692 1341 se

906 1361 996 1388 fcrttnt
1012 1361 1189 1388 attentionem
1203 1365 1284 1395 atque
1301 1360 1430 1387 fervidam
1449 1361 1609 1391 orationem.
1622 1361 1687 1387 sult-

905 1407 1029 1441 sequitur
1041 1407 1138 1434 animae
1153 1407 1295 1434 contritio.
1326 1406 1492 1438 Intellectus.
1527 1408 1639 1433 verbum
1665 1411 1693 1433 et

905 1451 1015 1485 spiritus
1042 1451 1097 1478 Deo
1131 1458 1161 1478 se
1192 1456 1377 1486 prwsetttattt:
1400 1451 1553 1478 intellectus
1583 1451 1691 1485 quidem

905 1497 1032 1528 attendit.
1059 1497 1169 1525 verbum
1200 1496 1263 1524 facit
1290 1497 1453 1529 orationem,
1484 1496 1596 1531 spiritus
1629 1503 1693 1523 vero

905 1543 1013 1578 perficit
1030 1550 1150 1570 amorem
1165 1548 1191 1570 et
1215 1544 1422 1576 contritioncm;
1452 1543 1487 1569 ita
1512 1547 1585 1570 totus
1611 1542 1692 1569 homo

63 1589 168 1621 νύξεως
181 1589 230 1615 καὶ
245 1589 367 1625 ἀγάπης,
382 1588 442 1621 ὅλος
454 1590 468 1616 ὁ
484 1590 558 1617 ἔνδον
579 1590 721 1626 ἄνθρωπος
734 1590 855 1627 λειτουρ-

906 1589 1028 1617 inlernus
1057 1588 1111 1615 Deo
1126 1588 1284 1616 famulatur.
1304 1598 1313 1614 ι
1331 1589 1430 1624 Diliges
1446 1589 1588 1615 Dominum
1606 1589 1689 1615 Deum

63 1635 107 1667 γεί
129 1634 172 1668 τῷ
202 1634 309 1670 Κυρίῳ.
336 1643 346 1660 ι
371 1635 536 1670 Ἀγαπήσεις
558 1636 624 1671 γὰρ,
654 1636 731 1670 φησι,
756 1637 856 1671 Κύριον

63 1681 109 1706 τὸν
141 1680 211 1707 Θεὸν
229 1689 277 1707 σου
305 1679 336 1713 ἐξ
360 1680 425 1716 ὅλης
437 1681 486 1717 τῆς
500 1682 613 1716 καρδίας
637 1691 683 1709 σου
712 1682 757 1718 [ἐν
786 1683 857 1710 ἀλλ.

63 1725 185 1757 διανοίας
199 1726 270 1762 σου].
295 1735 305 1751 ι

101 1770 177 1804 Πλὴν
207 1770 309 1797 ειδέναι
337 1778 367 1797 σε
393 1771 441 1797 καὶ
468 1771 547 1798 τοῦτο
577 1771 727 1808 βούλομαι,
759 1772 855 1808 μήπως

67 1815 270 1851 προσεύχεσθαι
285 1816 473 1852 λογιζόμενος.
491 1818 600 1854 μακρὰν
621 1819 670 1853 τῆς
701 1819 856 1854 προσευχῆς

67 1861 181 1897 βαδίζῃς
197 1863 244 1888 καὶ
258 1862 383 1897 ἀκερδῶς
397 1863 517 1900 κάμνῃς,
535 1864 582 1890 καὶ
598 1863 723 1899 διακενῆς
737 1864 856 1900 τρέχῃς·

64 1907 133 1941 imp
147 1909 179 1932 ἐν
204 1908 237 1942 τῇ
256 1907 304 1933 τοῦ
320 1907 454 1942 στόματος
479 1908 626 1944 ψαλμῳδίᾳ
652 1909 780 1942 τελεῖται,
797 1909 811 1935 ὸ
828 1909 858 1936 δὲ

63 1952 128 1983 νοῦς
140 1952 260 1988 ἀλλαχοῦ
277 1953 401 1988 φέρεται,
417 1954 458 1986 είς
472 1954 548 1990 πάθη
570 1956 616 1982 καὶ
638 1956 790 1991 πράγματα
806 1964 856 1992 με·

67 2000 222 2035 ριζόμενος,
237 2000 274 2032 ὡς
285 2000 413 2027 ἐντεῦθεν
429 2001 475 2028 καὶ
486 2001 536 2037 τὴν
553 2001 661 2028 σύνεσιν
683 2003 732 2037 τῆς
765 2002 856 2037 ψαλμ-

67 2046 151 2080 ῳδίας
167 2045 350 2081 λυμαίνεσθαι
361 2054 368 2062 ⁸
385 2046 465 2073 τοῦτο
478 2048 583 2081 γίνεται
595 2047 642 2074 καὶ
653 2048 683 2074 ἐν
692 2049 726 2084 τῇ
741 2048 855 2084 διανοίᾳ.

69 2091 204 2124 Πολλάκις
235 2092 291 2127 γὰρ
314 2093 400 2128 αὐτῆς
427 2092 610 2128 διερχομένης
625 2094 660 2121 τὰ
671 2095 781 2129 ῥήματα
806 2095 857 2130 τῆς

64 2137 161 2172 εὐχῆς,
179 2138 266 2170 όνοῦς
284 2139 316 2164 οὺ
332 2139 480 2171 συνοδεύει,
498 2139 548 2166 οὐκ
573 2140 723 2172 ὲνατενίζει
733 2140 772 2175 τῷ
784 2141 855 2176 Θεῷ,

64 2183 134 2216 πρὸς
146 2183 177 2209 ὃν
192 2183 240 2209 καὶ
258 2184 275 2218 ἡ
287 2184 359 2210 κατὰ
372 2184 421 2219 τὴν
433 2185 588 2220 προσευχήν
599 2185 710 2220 διαλογὴ
725 2186 830 2220 γίνεται
846 2195 854 2203 ο

63 2229 234 2263 ἐκτρέπεται
248 2229 277 2255 δὲ
294 2229 346 2256 ὑπὸ
360 2238 441 2256 τινων
457 2231 568 2257 ὲννοιῶν
591 2231 757 2266 λεληθότως.
770 2233 825 2259 Καὶ
838 2233 855 2267 ή

908 1640 982 1663 ῑιιιιιη
995 1643 1027 1662 ex
1042 1640 1098 1663 toto
1112 1637 1192 1664 corde
1205 1642 1249 1663 tuo
1261 1637 1272 1652 '
1285 1636 1320 1672 (iu
1336 1636 1396 1663 aliis
1407 1636 1478 1669 cod.,
1491 1643 1522 1662 ex
1535 1640 1588 1663 tota
1602 1640 1692 1662 nn-ule

907 1682 976 1718 tua).
993 1690 1003 1708 ι

1215 1732 1240 1754 δ

943 1772 992 1801 Ast
1004 1776 1032 1800 et
1049 1781 1130 1800 unum
1150 1777 1175 1800 te
1193 1772 1323 1800 monitum
1336 1772 1408 1804 volo,
1424 1779 1457 1799 ne
1471 1771 1560 1799 forsan
1578 1776 1603 1798 te
1614 1778 1692 1799 oran-

908 1823 960 1846 tem
986 1824 1074 1853 putes,
1100 1819 1164 1846 dutn
1196 1821 1221 1846 itt
1249 1819 1374 1846 oratione
1401 1819 1542 1852 procedas,
1573 1818 1679 1845 labores

906 1865 1038 1892 inutiliter
1054 1869 1081 1892 ct
1097 1865 1124 1892 in
1140 1873 1238 1892 vanutn
1252 1873 1358 1892 curras.
1375 1864 1416 1892 Fit
1435 1867 1596 1899 quandoque
1621 1870 1646 1891 ut
1664 1864 1690 1891 in

906 1911 972 1938 orali
990 1911 1140 1946 psalmodia
1159 1911 1312 1938 intellectus
1327 1911 1481 1946 divagetur,
1497 1910 1688 1944 dividaturque

906 1955 978 1983 inter
989 1956 1128 1990 passiones
1143 1961 1170 1983 et
1183 1957 1288 1991 negotia
1305 1957 1413 1990 saeculi;
1432 1957 1482 1984 ltoc
1497 1957 1575 1983 ntodo
1583 1964 1691 1983 sensum

906 2001 1062 2035 psalmodia:
1073 2001 1207 2036 deperdit.
1222 2001 1288 2028 Illud
1318 2008 1426 2036 quoque
1451 2001 1478 2028 itt
1501 2001 1609 2027 mentali
1627 2008 1691 2027 ora-

906 2048 979 2074 tiotte
995 2047 1096 2074 evenit.
1113 2047 1251 2075 Orationis
1269 2047 1342 2074 enitn
1361 2048 1444 2074 verba
1458 2047 1618 2081 procedunt,
1631 2054 1690 2081 quae

906 2093 1083 2127 Intelligentia
1108 2101 1161 2120 non
1176 2094 1332 2125 comitatur,
1350 2100 1400 2120 nec
1424 2092 1507 2119 refert
1531 2093 1564 2119 ad
1593 2092 1688 2124 Deum,

904 2138 955 2166 etsi
987 2146 1036 2173 per
1062 2138 1215 2166 orationem
1243 2145 1303 2165 cum
1336 2138 1395 2172 ipso
1417 2138 1580 2172 colloquium
1610 2138 1689 2164 insti-

904 2189 1015 2216 tuatur;
1042 2189 1115 2218 patet
1127 2184 1245 2211 animam
1267 2184 1365 2211 diverti
1397 2184 1493 2211 alienis
1519 2184 1690 2217 cogitationi-

905 2231 966 2258 bus.
982 2230 1107 2257 Attamen
1121 2234 1252 2258 consueta
1269 2229 1350 2256 verba
1366 2229 1491 2264 producit
1518 2229 1684 2261 intellectus,

66 2275 117 2308 μὲν
128 2274 235 2302 διάνοια
249 2275 325 2309 λέγει
349 2275 470 2311 συνήθως
485 2277 518 2303 τὰ
533 2278 659 2312 ῥήματα·
672 2279 686 2304 ὁ
698 2278 726 2304 δὲ
737 2278 799 2310 νοῦς
806 2279 855 2313 τῆς

906 2277 1015 2311 spiritus
1043 2281 1133 2303 autent
1158 2276 1185 2303 in
1214 2276 1368 2310 cognitione
1391 2275 1438 2302 Dei
1468 2282 1520 2301 non
1549 2275 1686 2302 consistit.

62 2319 112 2346 τοῦ
139 2319 207 2346 Θεοῦ
235 2319 365 2354 γνώσεως
392 2321 575 2348 διολισθαίνει.
602 2321 684 2349 Ὅθεν
707 2323 754 2349 καὶ
764 2323 854 2359 τότεή

63 2365 137 2400 ψυχὴ
151 2366 342 2401 ἁκατανόητος
354 2367 400 2393 καὶ
425 2367 565 2399 ἀδιάθετος
589 2367 726 2402 φαίνεται,
742 2368 780 2400 ὡς
808 2369 854 2396 τοῦ

65 2410 111 2436 ’.οῦ
141 2411 360 2446 ακορπιζομένου
377 2413 419 2444 εἷς
443 2421 519 2444 τινας
534 2413 693 2447 φαντασίας,
711 2415 759 2441 καὶ
773 2424 854 2450 μετε-

63 2456 245 2491 ωριζομένου,
259 2457 276 2492 ἢ
285 2456 353 2491 πρὸς
366 2458 383 2485 ἃ
393 2457 560 2493 κλέπτεταιῆ
574 2458 706 2493 βούλεται.
720 2460 856 2495 Εὖκτικῆς

60 2504 116 2537 γὰρ
127 2502 259 2537 γνώσεως
275 2503 313 2536 μὴ
331 2504 471 2538 παρούσης
489 2504 555 2539 μηδὲ
571 2505 619 2531 τοῦ
629 2506 756 2541 δεομένου
781 2514 854 2541 παρ-

63 2549 218 2584 ισταμένου
233 2550 274 2585 τῷ
288 2550 408 2585 δεομένῳ
425 2552 605 2586 παρακαλεῖν,
626 2552 684 2584 πῶς
700 2552 855 2587 γλυκανοή-

61 2601 138 2620 σεται
178 2595 196 2630 ἡ
239 2594 342 2630 ψυχή;
381 2596 440 2627 πῶς
492 2598 712 2633 εὐφρανθήσεται
757 2596 854 2632 καρδία

62 2642 287 2676 προσποιουμένη
310 2640 447 2675 εὔχεσθαι,
472 2643 530 2669 ἀλλ’
555 2644 604 2670 οὐκ
626 2642 756 2678 ἀληθινὴν
771 2651 854 2678 προα-

63 2687 143 2723 ιυχὴν
194 2688 438 2722 περιποιο·.ιμένη;
486 2689 713 2725 Εὐφρανοήσεται
754 2689 853 2723 καρδία

65 2732 218 2767 ζητούντων
243 2733 293 2760 τὸν
309 2733 423 2768 Κύριον.
439 2735 520 2770 Ζητεῖ
534 2735 562 2761 δὲ
580 2736 625 2762 τὸν
643 2735 745 2768 Κύριον
770 2735 784 2761 ὁ
795 2734 853 2761 δια-

903 2323 970 2350 Τυιη
988 2324 1095 2351 videtur
1110 2323 1199 2350 anima
1217 2330 1277 2351 esse
1292 2323 1395 2356 absque
1412 2322 1590 2357 intelligentia
1607 2328 1688 2356 atque

902 2370 1095 2402 ordinatione;
1129 2376 1206 2397 mens
1229 2369 1389 2404 quibusdam
1419 2368 1541 2403 indulch
1572 2370 1684 2402 phanta-

903 2416 1055 2443 smatibus:
1071 2415 1264 2443 circumfertur
1278 2415 1350 2442 inter
1365 2415 1471 2450 negotia
1484 2418 1510 2441 ct
1532 2414 1684 2441 mundanas

902 2461 1058 2488 varietates.
1074 2460 1241 2488 Praesentem
1258 2460 1392 2488 orationis
1405 2460 1543 2487 notionem
1571 2467 1624 2487 non
1637 2460 1685 2486 Ita-

906 2506 964 2538 bet,
981 2513 1030 2533 nec
1042 2506 1177 2540 petitionis
1191 2505 1379 2532 necessitatem
1390 2509 1417 2532 et
1431 2505 1570 2531 materiam
1587 2505 1688 2532 sentit:

905 2559 959 2586 quo
972 2551 1054 2586 igitur
1076 2551 1156 2578 modo
1170 2551 1297 2577 delectari
1317 2555 1410 2584 posset
1426 2551 1515 2576 anima
1528 2549 1539 2576 ?
1551 2551 1687 2585 quomodo

905 2597 1033 2631 gauderet
1048 2603 1095 2624 cor
1122 2597 1155 2624 de
1177 2595 1312 2628 oratione,
1343 2603 1404 2622 cum
1426 2603 1517 2622 veram
1537 2596 1687 2623 orationem

903 2651 956 2670 non
970 2642 1125 2678 producat?
1147 2642 1293 2669 Laetabitur
1324 2649 1372 2669 cor
1393 2642 1571 2677 qumrcntinm
1596 2642 1687 2669 ltomi-

902 2696 976 2715 ntnu.
992 2689 1073 2715 Deum
1090 2688 1211 2723 inquirit,
1223 2688 1266 2723 qui
1285 2693 1374 2715 mente
1388 2693 1443 2714 tota
1461 2691 1487 2714 et
1503 2687 1604 2715 fervida
1632 2689 1690 2715 dis-

901 2735 1034 2770 positione
1050 2739 1113 2763 aute
1142 2735 1224 2762 Deum
1249 2734 1414 2770 procumbit,
1432 2733 1522 2762 omnia
1547 2735 1688 2763 swcularia

93 2824 178 2854 ‘Pml.
199 2833 299 2857 um,
316 2825 344 2854 ὦ.
382 2824 393 2840 ⁷
410 2823 479 2852 Psai.
492 2832 534 2859 LV,
552 2825 593 2852 l0.
632 2824 643 2841 ⁸
657 2825 728 2853 Psal.
742 2825 822 2859 ι,,10.
861 2826 871 2841 ³
886 2825 964 2853 Deut,
981 2833 1017 2858 tv,
1029 2825 1055 2853 5.
