1935 3071
695 60 715 72 η

217 126 267 159 391

731 125 833 156 ΤΠΕο
839 123 945 156 LEl‘Tl
966 123 1342 155 PHILADELPHlEVSli

1782 123 1845 155 392

218 185 332 219 cogitata
353 182 457 216 repellit
474 188 522 217 per
538 181 584 208 Dei
601 182 737 209 notionem
755 186 782 208 et
796 188 927 212 amorem,
943 187 1003 215 qua:

1067 181 1117 216 αοίᾳ
1125 181 1172 216 ὅλῃ
1182 181 1231 208 καὶ
1241 181 1360 208 διαθέσει
1371 181 1458 216 Θερμῇ
1476 181 1656 216 προσπῖπτων
1666 181 1704 216 τῷ
1717 172 1789 217 Θεῷ,
1800 183 1852 208 καὶ

219 239 251 257 rx
266 230 396 257 continua
412 233 438 256 et
458 235 526 263 pura
539 228 664 255 oratione
678 226 808 255 defluunt.

257 359 290 386 Ut
304 361 485 388 demonstrem
513 361 603 395 qualis
629 361 665 388 sit
693 360 782 387 divina
809 359 961 388 recordatio
978 360 1005 386 iu

221 406 333 440 spiritus
345 408 450 434 visione
477 412 503 434 et
527 407 615 439 qualis
636 413 701 441 pura
732 406 819 433 oratio
847 406 872 432 in
903 407 1001 433 mentis

220 453 358 485 petitione,
380 453 460 486 hujus
476 453 597 487 corporis
613 452 720 480 oculum
742 457 767 479 et
786 450 904 486 linguam
928 452 1009 478 modo

221 499 385 525 adducturus
399 507 457 525 sum
473 498 505 525 ad
522 499 670 533 exemplar.
684 498 760 531 Quod
775 498 873 533 pupilla
890 497 968 525 oculo
982 500 1010 524 et

221 544 294 570 verbi
307 544 423 571 elocutio
438 544 545 579 linguae,
565 544 630 571 illud
645 549 687 571 est
714 544 842 571 memoria
867 543 951 570 relate
973 542 1008 570 ad

221 588 386 615 intellectum
414 592 442 615 et
473 589 562 615 oratio
587 588 671 615 relate
698 588 730 614 ad
743 592 873 615 mentem.
890 586 1010 615 Visionis

220 641 299 661 sensu
317 634 459 668 imaginem
476 635 590 668 percipit
604 635 702 662 oculus
731 635 763 661 de
788 633 895 668 objecto
914 640 1012 668 propo-

220 680 291 713 sito,
306 680 415 706 verbum
444 680 508 706 facit
544 679 659 711 nullum,
694 684 812 706 attamen
830 679 944 706 visionis
964 686 1012 706 ex-

221 726 353 759 perientia
375 726 458 753 habet
475 726 612 753 notionem
644 725 677 752 (le
687 725 793 760 objecto
811 724 949 758 inspecto;
974 724 1010 751 ita

220 772 371 799 intellectus
387 779 434 806 per
449 772 606 798 memoriam
620 768 741 798 afl'ective
750 770 898 798 acceditatl
913 770 1009 802 Deum,

221 826 269 852 per
286 817 481 852 experientiam
499 817 641 852 repetitam
671 817 791 844 adhaeret
818 816 869 850 ipsi
885 819 911 842 et
928 816 955 843 in
973 815 1010 842 si-

223 863 309 891 lentio
332 863 533 897 simplicissima
561 863 606 889 Dei
631 862 741 889 notione
767 861 907 893 reficitur,
935 861 1007 895 quod

224 909 391 936 illmninetur
405 907 549 942 splendore
569 907 662 934 divino
693 912 719 934 et
745 906 842 933 futura:
873 905 1009 933 claritatis

223 955 318 989 pignus
333 958 459 988 reportet.
474 952 576 987 Lingua
605 952 729 987 producit
740 952 822 979 verba
842 951 1004 979 elocutionis

222 1005 251 1027 et
265 999 384 1027 audienti
402 998 566 1026 iuvisibilem
583 998 694 1031 spiritus
724 997 890 1024 voluntatem
920 997 1008 1024 mani-

1059 228 1113 254 πᾶν
1139 228 1227 262 νόημα
1251 226 1297 254 τοῦ
1321 228 1421 262 κόσμου
1447 227 1724 262 διακρουόμενοςιδιὰ
1736 228 1787 262 τὴν
1798 228 1852 254 τοῦ

1059 272 1127 298 Θεοῦ
1141 272 1251 306 γνῶσιν,
1271 272 1318 299 καὶ
1331 273 1452 308 ἀγάπην,
1475 272 1524 304 τὰς
1542 272 1733 308 ὰναδιδομένας
1745 274 1777 300 ἐκ
1797 273 1852 308 τῆς

1059 319 1189 353 συνεχοῦς
1203 319 1250 345 καὶ
1263 319 1387 354 καθαρᾶς
1399 321 1566 354 προσευχῆς.

1099 367 1171 400 Ἐγὼ
1198 367 1225 393 δὲ
1251 366 1400 400 σαφηνείας
1425 367 1507 393 ἕνεκα
1533 366 1580 393 τοῦ
1611 366 1683 393 κατὰ
1702 365 1751 401 τὴν
1768 366 1851 392 θείαν

1059 413 1170 448 μνήμην
1187 413 1217 439 ὲν
1247 412 1286 448 τῷ
1303 413 1342 448 νῷ
1364 411 1551 448 θεωρήματος,
1569 412 1617 439 καὶ
1638 411 1686 439 τοῦ
1695 411 1765 439 κατὰ
1795 411 1852 446 τὴν

1059 459 1180 494 καθαρὰν
1211 459 1366 494 προσευχὴν
1388 459 1544 493 ἀξιώματος
1557 459 1586 485 ἐν
1608 459 1641 494 τῇ
1664 457 1778 492 διανοίᾳ,
1800 458 1851 484 τὸν

1058 504 1215 539 σωματικὸν
1227 503 1367 539 ὀφθαλμὸν
1393 504 1441 531 καὶ
1453 504 1502 540 τὴν
1518 504 1645 538 γλῶσσαν
1672 504 1712 536 εἰς
1734 503 1848 534 εἰκόνας

1058 549 1217 586 προτίθημι.
1236 551 1269 576 '0
1295 550 1349 585 γάρ
1370 550 1427 576 ἐστι
1452 550 1521 585 κόρη
1555 549 1594 585 τῷ
1622 549 1766 585 ὸῴθαλμῷ,
1796 550 1848 576 καὶ

1057 595 1182 631 προφορὰ
1196 594 1276 629 λόγου
1294 594 1416 631 γλώσσῃ,
1430 593 1509 621 τοῦτο
1536 595 1631 630 μνήμη
1653 594 1693 630 τῷ
1720 595 1768 629 νῷ.
1795 594 1847 621 καὶ

1058 641 1195 677 προσευχὴ
1215 641 1248 676 τῇ
1278 640 1393 676 διανοίᾳ.
1423 640 1468 671 Ὠς
1481 639 1535 676 γὰρ
1563 640 1702 676 ὀφθαλμὸς
1727 643 1760 677 τῇ
1782 641 1847 676 βλε-

1060 686 1144 720 πτικῇ
1159 684 1285 719 αἰσθήσει
1299 684 1347 710 τοῦ
1364 684 1545 719 προκειμένου
1559 683 1658 718 ὁρατοῦ
1685 681 1843 715 ἀπολαϐὼν,

1055 731 1181 766 οὐδεμίαν
1195 731 1287 767 φωνὴν
1302 731 1430 762 ποιεῖται,
1449 731 1481 765 τῇ
1497 730 1581 765 πείρᾳ
1605 730 1633 756 δὲ
1646 729 1696 765 τῆς
1719 729 1844 765 ὁράσεως

1054 779 1103 814 τὴν
1115 778 1216 812 γνῶσιν
1230 777 1277 804 τοῦ
1296 777 1436 813 ὁρωμένου
1446 770 1570 812 δέχεται·
1593 775 1666 802 οὓτω
1681 775 1729 802 καὶ
1740 776 1754 802 ό
1767 775 1844 807 νοῦς,

1023 824 1098 876 Βδιὰ
1115 825 1165 859 τῆς
1182 825 1293 859 μνήμης
1309 823 1451 859 ἐρωτικῶς
1467 823 1506 858 τῷ
1529 822 1589 858 Θεῷ
1607 822 1776 858 προσχωρῶν
1807 818 1843 858 τῇ

1055 870 1254 906 προσκολλήσει
1264 870 1313 904 τῆς
1332 870 1473 904 διαπείρου
1489 868 1636 900 διαθέσεως
1659 869 1707 895 καὶ
1721 869 1755 903 τῇ
1779 869 1844 902 σιγῇ

1055 916 1104 951 τῆς
1120 915 1312 950 ἁπλουστάτης
1327 916 1456 950 νοήσεως,
1467 914 1520 941 ὑπὸ
1532 914 1582 949 τῆς
1592 914 1667 946 θείας
1681 913 1845 948 ὲλλάμψεως

1056 962 1271 995 καταυγάξεται,
1286 961 1435 997 ἀρραϐῶνα
1449 961 1498 996 τῆς
1511 961 1663 996 μελλούσης
1681 960 1845 996 λαμπρότηι

1055 1017 1101 1040 τος
1125 1008 1317 1042 κομιζόμενος.
1342 1007 1397 1034 Καὶ
1414 1007 1509 1042 ὥσπερ
1538 1006 1620 1034 πάλιν
1632 1008 1649 1041 ὴ
1665 1006 1777 1040 γλῶσσα
1795 1007 1846 1042 ῥή-

224 1045 321 1073 festat:
342 1044 379 1071 ita
399 1051 475 1071 mens
503 1042 568 1070 facit
589 1042 701 1070 brevius
725 1042 857 1070 orationis
883 1042 1011 1078 syllabas,

1067 1063 1132 1082 ιατα
1146 1054 1227 1088 λόγου
1239 1054 1427 1090 προφέρουσα,
1440 1053 1488 1088 τὴν
1505 1053 1603 1087 ἄδηλον
1619 1052 1730 1088 θέλησιν
1740 1052 1786 1079 τοῦ
1797 1052 1845 1079 νοῦ

225 1099 293 1126 quas
309 1091 466 1125 frequenter
481 1089 580 1116 emittit
592 1094 619 1116 et
637 1088 754 1122 fervide;
781 1089 879 1116 anima:
891 1089 1012 1124 postula-

1073 1099 1203 1135 μφανίζει
1217 1088 1415 1125 τῶνάκοὺοντι·
1432 1097 1503 1125 οὕτω
1521 1097 1568 1124 καὶ
1585 1097 1690 1124 διάνοια
1714 1098 1749 1123 τὰ
1776 1096 1846 1132 βραι

226 1138 327 1164 tionem
347 1141 438 1163 notam
452 1136 499 1162 dat
523 1135 578 1162 Deo
596 1135 686 1162 omnia
719 1135 826 1166 scienti,
843 1133 945 1160 assidet
959 1140 1007 1167 per

1067 1133 1216 1182 (uanae:
1259 1145 1369 1180 ῥήματα
1398 1144 1448 1179 τῆς
1475 1143 1632 1179 προσευχῆς
1660 1143 1772 1175 πυκνῶς
1797 1143 1847 1170 καὶ

224 1188 285 1210 vota
303 1187 330 1210 et
349 1186 567 1218 perseverantem
585 1181 777 1208 contritionem
792 1180 892 1212 cordis,
907 1179 1011 1207 viscera

1067 1179 1167 1227 lappa}:
1199 1179 1425 1225 dvavfénowa,
1449 1189 1499 1225 τὴν
1526 1189 1577 1224 τῆς
1607 1188 1696 1224 ψυχῆς
1735 1189 1845 1224 αῐτησιν

225 1228 417 1256 misericordiae
432 1228 530 1255 divina:
553 1231 707 1255 commovet
731 1231 757 1253 et
785 1226 881 1253 salutis
907 1225 1009 1259 gratias

1067 1225 1242 1264 ινακαλύπτει
1255 1236 1293 1271 τῷ
1309 1237 1397 1263 πάντα
1408 1235 1491 1262 εἰδότι
1518 1234 1589 1270 Θεῷ,
1605 1235 1653 1261 καὶ
1667 1235 1701 1270 τῇ
1730 1234 1846 1270 εὒκτικῇ

225 1275 322 1309 recipit
351 1273 583 1309 superefﬂueutes.
604 1273 679 1300 «Cor
707 1273 853 1299 contritum
872 1275 899 1298 et
925 1270 1015 1297 humi-

1067 1282 1207 1317 ’προσεδρίᾳ
1236 1270 1285 1308 καί
1311 1280 1433 1316 ἐπιμύνῳ
1453 1279 1583 1314 συντριϐῇ
1616 1279 1740 1314 καρδίας,
1765 1278 1813 1305 καὶ
1828 1279 1845 1314 ή

226 1321 319 1347 Iiatum
334 1319 406 1346 Deus
422 1327 475 1346 non
491 1318 624 1353 despiciet
650 1318 682 1346 ".
701 1326 710 1343 ι
728 1317 805 1350 Quod
829 1321 918 1343 autem
934 1316 976 1343 bis
987 1316 1014 1343 in

1067 1316 1199 1364 ruvrpto'hr
1209 1327 1312 1362 ἀνοίγει
1327 1328 1361 1354 τὰ
1370 1327 1548 1362 φιλάνθρωπα
1565 1320 1707 1360 σπλάγχνα
1717 1325 1764 1351 τοῦ
1776 1333 1807 1351 συ
1812 1333 1846 1360 με

228 1366 311 1393 terris
333 1365 417 1392 relate
429 1365 461 1391 ad
486 1371 564 1398 reges
586 1363 736 1398 perficitur,
762 1362 896 1390 conducet
925 1365 950 1388 te
981 1361 1015 1387 ad

1067 1361 1249 1405 παθοῦςξκαὶ
1280 1361 1411 1399 πλουσίαν
1441 1361 1492 1407 την
1519 1371 1657 1406 σωτηρίαν
1682 1370 1845 1405 εἰσδέχεται.

228 1419 323 1446 puram
339 1410 501 1437 orationem.
518 1409 584 1436 Cum
603 1409 635 1435 ad
662 1415 750 1442 regem
784 1407 951 1442 perveneris,
969 1413 1015 1434 ac-

1067 1429 1072 1446 l
1089 1419 1211 1454 Καρδίαν
1224 1419 1289 1453 γὰρ,
1306 1419 1383 1454 φησι,
1399 1417 1633 1452 συντετριμμένην
1646 1416 1694 1443 καὶ
1720 1424 1846 1442 τεταπει-

228 1457 304 1484 cedis
319 1463 443 1490 corpore,
457 1455 544 1490 lingua
560 1453 728 1488 adprecaris,
748 1453 827 1480 oculo
848 1453 1015 1484 consideras,

1067 1453 1186 1500 νωμένην
1203 1465 1217 1491 ὁ
1237 1464 1303 1496 Θεὸς
1322 1453 1374 1497 οῦκ
1398 1463 1583 1496 ὲξουδενώσει.
1601 1472 1611 1489 ι
1637 1462 1845 1497 Χειραγωγήσει

228 1507 258 1531 ut
274 1502 390 1537 regalem
424 1501 471 1528 tibi
506 1500 705 1528 conciliaturus
736 1498 774 1526 sis
800 1498 930 1526 favorem.
958 1497 1015 1525 lloc

1067 1520 1091 1537 se
1103 1497 1146 1543 εἰς
1163 1497 1288 1546 καθαρὰν
1307 1510 1474 1546 προσευχὴν,
1491 1510 1539 1536 καὶ
1563 1509 1593 1536 τὸ
1618 1508 1780 1544 τελούμενον
1804 1509 1846 1540 είς

228 1555 337 1584 quoque
354 1546 488 1581 pcrficias,
500 1546 557 1573 sive
571 1546 598 1573 in
615 1549 749 1573 conventu
767 1544 851 1571 fueris
876 1544 1010 1577 ecelcsite,

229 1593 286 1620 sive
299 1591 372 1620 solus
392 1592 418 1618 in
433 1596 477 1618 tua
495 1590 647 1617 mansione.
676 1589 705 1616 Si
738 1597 798 1616 cum
821 1588 952 1616 fratribus
986 1589 1013 1616 in

231 1639 342 1665 Domino
358 1641 534 1673 congregatur;
552 1636 645 1668 fueris,
677 1643 724 1669 per
754 1635 876 1669 corporis
905 1635 1018 1669 positio-

230 1693 289 1712 nem
301 1689 327 1711 ct
341 1684 438 1717 lingua:
451 1682 627 1717 psalmodiam
644 1681 755 1715 teipsum
777 1679 883 1715 profers
898 1680 1019 1714 Deo;sic

229 1737 336 1765 quoque
350 1729 439 1757 verbis
452 1727 576 1755 attendas
589 1731 680 1754 tuente
696 1731 738 1763 [ιιι
756 1731 782 1754 et
806 1727 878 1753 scias
897 1731 924 1753 te
937 1727 1018 1753 verba

232 1777 265 1803 ad
303 1776 386 1803 Deum
410 1775 499 1802 facere
527 1778 609 1808 atque
640 1773 803 1800 orationem.
832 1772 897 1805 Qum
915 1777 1018 1799 attente

231 1827 313 1857 atque
328 1823 423 1848 devote
438 1819 559 1847 orationi
578 1823 670 1850 vaeat,
699 1818 742 1844 illa
761 1825 837 1844 meus
863 1817 961 1852 gaudio
977 1825 1019 1844 re-

231 1868 320 1894 ficitur
335 1867 500 1900 sempiterno
511 1869 538 1892 et
550 1871 617 1899 pace
631 1863 772 1891 ineffabili.
791 1863 819 1890 Si
835 1863 860 1889 in
885 1863 952 1890 cella
972 1869 1017 1890 tua

230 1912 405 1940 absconditus
424 1911 508 1937 fueris
521 1914 548 1937 et
561 1909 705 1937 mentalem
723 1909 852 1936 habueris
862 1909 1014 1944 orationem

231 1966 294 1986 cum
312 1962 402 1985 mente
426 1957 517 1984 sobria
531 1960 559 1983 et
575 1955 674 1990 spiritu
705 1954 834 1987 contrito,
862 1959 906 1981 tua
924 1962 1021 1989 proce-

232 2007 276 2032 det
289 2004 470 2032 consideratio
481 2007 591 2038 propter
601 2001 790 2034 sobrietatem,
804 2001 1021 2035 iubabitabitqnc

232 2052 349 2086 cognitio
364 2055 475 2085 propter
500 2048 713 2080 contritionem;
732 2048 887 2074 destruetur
913 2047 1022 2075 irratio-

233 2098 331 2124 nabilis
348 2098 472 2131 voluptas
483 2100 511 2123 et
525 2095 633 2122 divinus
648 2094 762 2120 amoriu
775 2097 801 2121 te
825 2093 949 2121 intrabit.

1062 1557 1107 1583 τὸν
1123 1557 1168 1583 ἐπὶ
1182 1557 1234 1591 γῆς
1250 1556 1373 1591 βασιλέα.
1391 1556 1476 1582 Ὀταν
1490 1555 1545 1590 γὰρ
1563 1554 1715 1591 προσέλθῃς
1730 1553 1844 1589 βασιλεῖ,

1063 1603 1110 1629 καὶ
1126 1602 1233 1637 σώματι
1245 1602 1425 1636 παρίστασαι,
1449 1601 1496 1627 καὶ
1513 1600 1624 1635 γλώσσῃ
1648 1599 1846 1632 καθικετεὺεις,

1064 1649 1112 1675 καὶ
1120 1648 1251 1683 ὀφθαλμῷ
1262 1648 1330 1683 πρὸς
1344 1648 1424 1674 αὐτὴν
1444 1647 1619 1681 ὲνατενίζεις,
1636 1648 1682 1674 καὶ
1705 1647 1775 1674 οὕτω
1797 1647 1848 1682 τὴν

1066 1693 1205 1728 βασιλικὴν
1219 1692 1364 1727 εὐμένειαν
1376 1693 1444 1727 πρὺς
1461 1692 1557 1719 ἑαυτὸν
1583 1692 1682 1723 ἕλκεις.
1700 1691 1786 1718 Τοῦτο
1801 1691 1851 1718 καὶ

1065 1740 1097 1766 σὺ
1113 1738 1217 1765 ὲκτέλει
1232 1739 1284 1765 κάν
1306 1739 1339 1774 τῇ
1364 1736 1473 1771 συνάξει
1498 1738 1548 1773 τῆς
1565 1739 1723 1772 ἐκκλησίας,
1749 1738 1800 1765 κάν
1814 1739 1849 1774 τῇ

1067 1783 1182 1820 μονώσει
1209 1783 1261 1817 τῆς
1289 1783 1389 1814 οίκίας.
1419 1783 1607 1818 Συναγόμενος
1631 1782 1685 1818 γὰρ
1710 1784 1739 1809 ὲν
1755 1784 1851 1818 Κυρίῳ

1068 1830 1136 1866 μετὰ
1152 1830 1206 1856 τῶν
1219 1829 1353 1864 ἀδελφῶν,
1367 1829 1462 1865 ὥσπερ
1475 1830 1524 1864 τὴν
1549 1829 1592 1856 διὰ
1621 1829 1746 1864 σώματος
1759 1831 1851 1865 παράά

1067 1885 1163 1903 στασιν
1173 1877 1270 1907 ποιεῖς,
1283 1875 1331 1902 καὶ
1342 1875 1390 1911 τὴν
1403 1875 1448 1902 διὰ
1459 1875 1582 1910 γλώττης
1595 1876 1756 1911 ψαλμῳδὶαν
1766 1885 1854 1912 προσ-

1067 1921 1160 1955 φέρεις
1185 1920 1269 1956 αὐτῷ,
1301 1920 1387 1953 οὕτως
1401 1921 1446 1956 ἔχε
1462 1922 1508 1948 καὶ
1533 1921 1579 1948 τὸν
1592 1921 1654 1948 νοῦν
1685 1922 1855 1958 προσέχοντα

1067 1967 1124 1996 τοῖς
1141 1965 1232 1999 λόγοις
1249 1966 1297 1992 καὶ
1311 1965 1350 2000 τῷ
1378 1965 1447 2000 Θεῷ,
1466 1966 1513 1992 καὶ
1527 1966 1616 1993 εἰδότα
1632 1967 1685 1993 τίνι
1699 1967 1853 2001 διαλέγεται

1069 2011 1116 2038 καὶ
1126 2011 1295 2046 ἐντυγχάνει.
1311 2011 1434 2044 Εὺτόνως
1449 2012 1503 2047 γὰρ
1524 2013 1573 2039 καὶ
1588 2012 1718 2048 καθαρῶς
1734 2013 1783 2048 τῆς
1793 2015 1854 2041 δια-

1070 2057 1143 2088 νοίας
1158 2058 1191 2092 τῇ
1208 2059 1347 2093 προσευχῇ
1365 2057 1559 2093 σχολαζούσης,
1574 2060 1660 2094 χαρᾶς
1673 2059 1854 2095 ἀναφαιρέτου

1070 2103 1117 2130 καὶ
1133 2103 1243 2139 εἰρήνης
1252 2103 1434 2138 ἀνεκλαλήτου
1446 2104 1620 2137 καταξιοῦται
1629 2106 1645 2139 ή
1659 2105 1766 2140 καρδία.
1777 2106 1856 2134 Κατὰ

231 2150 317 2184 μόνας
332 2149 361 2176 δὲ
377 2147 454 2181 αὖθις
482 2150 511 2176 ἐν
534 2149 574 2182 τῷ
592 2149 659 2182 οίκῳ
675 2147 879 2182 προσεδρεύων,
893 2148 940 2183 τῆς
956 2148 1029 2174 κατὰ
1047 2147 1168 2174 διάνοιαν
1187 2148 1344 2182 προσευχῆς
1358 2148 1452 2183 ὲξέχου
1464 2156 1472 2164 ο
1488 2149 1602 2184 νήφοντι
1624 2148 1662 2182 τῷ
1678 2148 1716 2183 νῷ
1731 2149 1779 2176 καὶ
1792 2157 1860 2175 συνδ

231 2197 409 2232 τετριμμένῳ
425 2196 574 2230 πνεύματι,
589 2196 636 2222 καὶ
661 2194 765 2229 θεωρία
778 2195 936 2221 ἐπισκιάσει
957 2203 999 2221 σοι
1012 2194 1058 2221 διὰ.
1081 2194 1200 2229 νήψεως,
1215 2194 1264 2221 καὶ
1279 2195 1382 2229 γνῶσις
1404 2194 1614 2231 κατασκηνώσει
1630 2196 1658 2222 ὲν
1672 2196 1714 2222 σοὶ
1733 2194 1778 2222 διὰ
1799 2196 1852 2230 τῆς

231 2243 420 2276 κατανύξεως,
434 2242 484 2277 τὴν
499 2242 598 2276 ἄλογον
617 2241 716 2276 ἡδονὴν
732 2241 894 2276 ὲξορὶζουσα
906 2261 914 2273 ,
930 2242 978 2268 καὶ
993 2242 1044 2277 τὴν
1057 2241 1133 2268 θείαν
1149 2242 1261 2276 ἀγάπην
1285 2242 1484 2274 είσοικίζουσα.

269 2289 380 2316 Conlide
399 2290 464 2315 nubi
481 2296 574 2316 verum
595 2288 714 2316 dicenti:
731 2290 752 2316 si
769 2290 795 2316 iu
818 2290 945 2319 omnibus
959 2300 1011 2327 ope

1109 2292 1259 2318 Πίστευσον
1275 2301 1319 2327 μοι
1345 2292 1395 2327 τὴν
1421 2293 1552 2327 ἀλήθειαν
1572 2293 1688 2328 λέγον-τιν
1704 2295 1728 2321 εξ
1746 2296 1775 2321 έν
1785 2296 1862 2333 πάσῃ

237 2336 313 2362 ribus
328 2335 382 2361 tuis
400 2335 525 2361 euinitem
547 2336 729 2370 assumpseris
747 2335 880 2363 bonorum
895 2341 1023 2370 matrem,

236 2381 388 2408 orationem
405 2380 544 2412 videlicet,
567 2388 618 2407 non
638 2381 800 2409 tlurmiveris
811 2382 874 2409 dum
894 2390 1022 2416 sponsum

237 2427 463 2455 demonstraverit
478 2428 537 2458 tibi.
563 2433 589 2454 te
619 2427 802 2455 introduxerit
826 2429 1024 2464 repleveritque

236 2482 283 2500 cur
308 2479 383 2501 tuum
409 2473 494 2507 gloria
525 2473 656 2500 indicibili
688 2478 714 2499 et
754 2473 856 2501 laetitia.
892 2473 1024 2502 Omnibus

236 2522 308 2547 cuitu
339 2519 542 2554 impedimentis
573 2519 720 2551 ademptis,
761 2520 887 2547 semitam
916 2521 1024 2549 virtutis

239 2571 344 2602 p‘anam
363 2566 459 2598 reddit,
474 2570 500 2593 et
515 2566 646 2600 quzerenti
666 2565 770 2592 facilem
786 2571 904 2600 prastat.

277 2614 383 2641 Modum
412 2621 518 2648 quoilue
551 2613 682 2640 orationis
712 2613 837 2640 mentalis
868 2613 1024 2641 considera.

241 2661 364 2687 lustizuta
401 2659 571 2687 conversatio
603 2659 670 2685 tollit
710 2659 843 2692 passionis
881 2659 1027 2687 difﬂuentia

241 2706 339 2738 \erba;
359 2705 458 2732 tuentis
477 2705 509 2731 ad
527 2704 608 2731 Deum
623 2705 765 2731 conversio
789 2704 858 2738 fugit
879 2705 969 2732 szeculi
983 2713 1029 2732 co-

241 2751 398 2785 gitationes;
422 2751 519 2778 animae
541 2751 668 2777 cuttrltio
688 2750 784 2777 refellit
810 2751 944 2778 amicitias
967 2759 1028 2778 car-

277 2843 301 2859 τ⁸
319 2843 390 2870 Psul.
407 2853 433 2878 L,
453 2843 495 2872 i9.

1074 2346 1121 2364 σου
1147 2339 1180 2373 τῇ
1195 2337 1313 2374 ἐργασίᾳ
1343 2337 1494 2373 ἀχώριστον
1521 2339 1592 2371 ἕξεις
1602 2340 1651 2375 τὴν
1668 2341 1775 2376 μητέρα
1802 2342 1862 2369 τῶν

1074 2383 1175 2416 καλῶν,
1191 2383 1240 2419 τὴν
1256 2383 1419 2419 προσευχὴν,
1439 2385 1469 2410 οὐ
1489 2384 1624 2417 νυστάξει,
1653 2385 1705 2417 ἕως
1732 2387 1864 2424 ὑποδείξῃ

1076 2439 1118 2456 σοι
1129 2430 1176 2456 τὺν
1189 2431 1332 2465 νυμφῶνα,
1347 2431 1394 2456 καὶ
1404 2430 1477 2456 ἔνδον
1493 2431 1586 2468 ἀγάγῃ
1601 2440 1641 2463 σε,
1654 2431 1702 2458 καὶ
1718 2432 1796 2468 δόξης
1809 2433 1864 2469 ἀρ-

1078 2476 1160 2510 ρήτου
1184 2476 1232 2501 καὶ
1245 2475 1414 2510 εὐφροσύνης
1429 2474 1562 2510 πληρώσῃ
1591 2484 1632 2507 σε,
1649 2476 1755 2512 ἐπειδὴ,
1772 2477 1866 2505 πάντα.

1077 2521 1111 2547 τὰ
1128 2521 1276 2555 κωλύματα
1298 2521 1487 2556 περιαίρουσα,
1504 2520 1553 2556 τὴν
1577 2521 1670 2556 τρίϐον
1684 2522 1734 2556 τῆς
1761 2522 1865 2558 ἀρετῆς

1077 2565 1212 2601 ὁμαλίζει,
1227 2567 1275 2592 καὶ
1297 2567 1395 2602 εὐχερῆ
1406 2566 1445 2601 τῷ
1461 2566 1585 2601 ζητοῦντι
1599 2567 1754 2602 καθίστησι.

1114 2613 1168 2639 Καὶ
1182 2613 1232 2648 ὅρα
1243 2612 1289 2638 τὸν
1304 2613 1404 2646 τρόπον
1417 2613 1465 2647 τῆς
1480 2613 1550 2639 κατὰ
1563 2613 1682 2639 διάνοιαν
1697 2614 1863 2648 προσευχῆς.

1084 2659 1116 2684 'H
1128 2658 1239 2693 διαλογὴ
1251 2658 1357 2693 ἀναιρεῖ
1369 2659 1431 2689 τοὺς
1447 2659 1581 2692 ἐμπαθεῖς
1595 2658 1742 2693 λογισμούς
1751 2668 1757 2675 ·
1773 2660 1789 2694 ὴ
1815 2661 1864 2686 τοῦ

1079 2704 1126 2730 νοῦ
1141 2704 1209 2739 πρδς
1223 2705 1268 2731 τὸν
1283 2704 1349 2731 Θεδν
1368 2705 1513 2739 ἀποσκοπὴ
1538 2704 1685 2738 φυγαδεὺει
1701 2705 1750 2736 τὰς
1760 2706 1865 2737 ἑννοίας

1080 2750 1126 2776 τοῦ
1139 2750 1242 2785 κόσμου
1261 2758 1267 2764 ·
1284 2751 1302 2785 ἡ
1316 2749 1461 2782 κατάνυξις
1474 2750 1523 2783 τῆς
1538 2749 1626 2785 ψυχῆς
1643 2750 1691 2785 τὴν
1711 2750 1802 2785 φιλίαν
1815 2753 1867 2786 τῆς
