1935 3071
110 160 151 192 391

490 161 544 191 ’ΒΕ
562 160 796 191 ABSCONDITA
815 156 1059 189 OPERATIONE
1079 156 1121 186 IN
1142 156 1317 187 CHRISI‘O.

1648 159 1700 190 398

107 211 190 247 μένων,
201 211 235 246 τῇ
250 209 278 237 δὲ
308 209 380 246 ψυχῇ
398 209 451 246 τὴν
467 210 622 246 προσευχήν
640 210 723 244 δίδου,
745 210 788 239 ῐνα
818 210 874 239 σώ-

926 209 1018 238 tnima:
1035 210 1202 243 orationem;
1219 211 1254 238 ita
1277 217 1390 245 corpore
1410 215 1436 239 et
1449 211 1544 247 spiritu
1561 211 1701 244 reﬂcieris,

107 266 160 293 ματι
173 257 214 284 καὶ
227 257 367 292 πνεύματι
392 257 572 292 τρεφόμενος,
590 257 746 294 ὁλοκλήρως
755 258 874 294 ὲξυμνῇς

104 304 142 330 τὸν
161 303 338 338 ίμπιπλῶντα
370 303 400 329 δν
428 303 542 337 ἀγαθοῖς
572 302 625 340 τήν
634 303 784 339 ἐπιθυμίαν
810 313 872 332 σου.

109 348 211 377 Ἐκεῖθεν
226 349 357 381 ἀναστὰς,
375 349 445 383 μετὰ
455 349 623 385 σεμνότητος
639 350 688 377 καὶ
705 350 786 386 σιγῆς
812 350 872 377 εισ-

104 396 172 431 έρχου
197 395 236 426 είς
262 395 294 420 τὸ
308 394 412 421 κελλίον
426 403 484 429 σου,
502 395 550 423 καὶ
564 395 602 428 ὡς
616 396 742 432 φιλεργδς
758 396 873 432 μέλισσα

103 441 224 476 φιλοπόνει
236 441 285 472 τὰς
302 441 414 476 ἀρετάς.

130 487 207 513 Ὅταν
236 487 322 524 ἀνὺῃς
349 487 489 514 διακονίαν
514 487 585 522 μετὰ
602 487 657 514 τῶν
675 487 809 522 ἀδελφῶν,
841 489 871 515 αι

101 533 177 568 χεῖρες
192 532 413 568 ὲργαζέσθωσαν,
431 534 561 560 σιωπάτω
573 534 609 560 τὰ
620 533 709 569 χείλη,
724 535 771 560 καὶ
782 535 796 560 ὀ
808 534 871 566 νοῦς

102 580 278 614 μνημονευέτω
295 578 364 605 Θεοῦ
374 587 381 594 ·
397 579 444 605 καὶ
456 579 556 606 εἴποτέ
566 588 608 611 τις
620 580 743 616 κινηθείη
756 579 870 616 ἀργολο-

100 625 158 657 γεῖν,
173 624 209 656 είς
226 624 362 658 διακοπὴν
377 623 428 659 τῆς
440 624 566 657 ἀταξίας,
597 625 772 660 ἐγειρόμενος
798 624 870 652 ποίει

100 670 240 705 μετάνοιαν.
258 670 415 705 Δογισμοὺς
429 670 596 706 ἀποτρέπου,
620 671 667 698 καὶ
678 672 716 706 μὴ
738 670 870 708 παραχιίμ

98 715 243 751 ρειτούτους
254 715 409 752 διατρέχειν
427 716 477 752 τὴν
490 717 615 752 καρδίαν,
631 718 677 744 καὶ
690 718 868 753 ἐγχρονίζειν·

97 761 109 786 ὸ
125 761 262 796 χρονισμὺς
281 761 337 797 γὰρ
364 761 419 788 τῶν
446 762 579 797 ὲμπαθῶν
609 763 748 798 λογισμῶν
764 764 799 791 τὰ
818 763 871 799 μὲν

98 807 159 841 πάθη
171 806 307 840 ζωογονεϊ,
317 807 364 833 τὸν
378 807 406 833 δὲ
415 808 476 834 νοῦν
491 809 602 835 θανατοῖ
611 818 618 824 ·
645 809 713 836 ἀλλὰ
730 808 867 843 προσϐάλ-

95 850 176 883 λοντας
197 850 296 883 αὐτοὺς
320 849 420 877 αὐτίκα
443 851 477 878 ὲκ
500 851 670 886 πρωτονοίας
695 850 807 884 ἐπείγου
828 848 868 884 τῷ

94 896 156 932 βέλει
181 896 227 931 τῆς
257 895 415 932 προσευχῆς
436 896 572 931 ἀναιρεῖν.
599 897 631 923 Et
658 896 686 923 δὲ
711 895 868 932 ὲπιμένοιεν

94 941 231 976 κρούοντες.
255 943 303 968 καὶ
335 941 498 977 συγχέοντες
521 942 572 977 τὴν
587 942 719 974 διάνοιαν,
740 943 787 969 καὶ
801 942 867 970 ποτὲ

94 987 136 1022 μὲν
147 988 360 1023 ὑποχωροῦντες,
380 988 447 1015 ποτὲ
459 988 487 1015 δὲ
503 989 694 1024 ἐπερχόμενοι,
708 989 762 1016 ἴσθι
776 989 818 1016 ὃτι
835 990 869 1016 ὲκ

94 1033 261 1067 προλαϐόντος
269 1033 423 1070 θελήματός
440 1034 512 1061 εἰσιν
522 1033 712 1070 ὠχυρωμένοι,
732 1034 781 1061 Διὰ
788 1034 868 1062 τοῦτο

93 1079 175 1107 δίκαια
197 1079 306 1115 ἔχοντες
337 1081 378 1112 είς
392 1081 443 1116 τὴν
470 1080 562 1116 ψυχὴν
574 1080 618 1107 διὰ
635 1081 685 1116 τὴν
707 1078 793 1116 ἧτταν
819 1080 870 1116 τῆς

93 1125 278 1162 προαιρέσεως,
295 1127 461 1162 ταράττουσι
473 1127 521 1153 καὶ
532 1126 681 1162 ἐνοχλοῦσι.
696 1127 743 1154 Δεῖ
760 1126 807 1154 οὖν
819 1128 870 1154 αὐ-

91 1173 146 1204 τοὺς
158 1172 324 1208 στηλιτεύειν
332 1173 376 1200 διὰ
389 1173 439 1208 τῆς
455 1173 659 1209 ἐξαγορεύσεως
668 1181 676 1190 '
702 1173 871 1208 θριαμῦευὸ·

93 1227 160 1253 μενοι
173 1220 225 1255 γὰρ
239 1220 266 1247 οι
297 1221 413 1257 πονηροὶ
425 1220 563 1257 λογισμοὶ,
595 1220 806 1256 φυγαδεύονται.
826 1220 872 1252 Ὧς

92 1264 139 1300 γὰρ
157 1267 241 1301 φωτὸς
259 1268 403 1302 φαίνοντος
415 1267 447 1294 τὸ
460 1268 555 1300 σκότος
570 1268 721 1305 ὑποχωρεῖ,
736 1267 809 1296 οὕτω
824 1267 872 1295 καὶ

90 1312 117 1338 τὸ
129 1312 183 1347 φῶς
197 1312 245 1348 τῆς
262 1313 410 1350 ἐξαγορίας
425 1315 556 1349 ἀφανίζει
577 1317 639 1348 τοὺς
657 1316 807 1352 λογισμοὺς
817 1315 872 1342 τῶν

91 1358 184 1392 παθῶν,
201 1361 298 1392 σκότος
313 1362 361 1388 καὶ
380 1362 482 1394 αὐτοὺς
509 1361 746 1397 χρηματίζοντας,
777 1361 872 1398 ἐπειδὴ

88 1406 258 1440 ήκενοδοξία,
282 1408 331 1435 καὶ
354 1409 371 1444 ἡ
397 1408 500 1440 ἄνεσις,
512 1409 545 1441 ἂς
561 1408 635 1445 εἶχον
650 1409 732 1437 τόπον
750 1409 775 1436 οἱ
800 1409 874 1444 λογι-

89 1453 155 1487 σμοὶ,
169 1455 402 1490 κατεστράφησαν
416 1455 462 1483 διὰ
474 1456 524 1490 τῆς
547 1455 618 1483 κατὰ
629 1457 679 1491 τὴν
695 1456 873 1492 ὲξαγόρευσιν

86 1498 220 1534 αίσχύνης,
235 1501 287 1528 καὶ
305 1500 358 1535 τῆς
371 1501 442 1528 κατὰ
474 1500 522 1527 τὸν
551 1501 652 1528 κανόνα
673 1502 872 1533 κακοπαθείας.

922 261 1002 292 atque
1016 264 1049 284 ex
1065 257 1126 284 lotis
1140 258 1242 285 viribus
1257 257 1311 285 tuis
1327 257 1366 284 illi
1382 258 1484 293 gratias
1499 260 1640 293 repemles,
1655 258 1701 294 qui

921 302 1081 330 desiderium
1103 307 1177 330 tuum
1200 303 1393 338 adimpleverit.
1409 303 1437 331 Si
1464 311 1557 331 mensa
1581 304 1706 332 decesse-

922 349 970 381 ris,
987 356 1049 376 cum
1070 348 1199 376 modestia
1216 354 1243 377 et
1259 349 1368 377 silentio
1385 349 1418 377 ad
1440 350 1535 377 cellam
1560 351 1656 378 redeas
1677 356 1705 378 et

921 395 954 421 ad
971 395 1139 429 operantium
1158 395 1248 430 apium
1262 395 1409 431 exemplar,
1424 403 1485 423 cum
1504 403 1596 423 amore
1619 396 1705 424 instes

921 441 1075 468 virtutibus.

957 488 1023 514 Cum
1061 486 1239 514 ministerium
1255 486 1303 513 tibi
1341 493 1393 512 una
1422 492 1483 513 cum
1510 485 1638 513 fratribus
1656 486 1705 513 ad.

923 532 1085 568 implendum
1111 536 1169 564 est,
1201 532 1263 559 dum
1301 539 1397 559 manus
1431 538 1594 567 operantur,
1627 531 1707 560 sileas

922 578 1001 606 labiis
1017 583 1044 605 et
1059 578 1140 606 corde
1157 578 1251 605 lendas
1272 579 1305 604 ad
1321 577 1420 612 Deum;
1437 578 1459 605 si
1480 578 1540 612 quis
1557 579 1590 604 ad
1612 577 1707 605 confa-

924 623 1087 651 bttlationetn
1105 629 1255 657 moveatur,
1274 623 1345 651 illum
1367 624 1444 652 tollas
1465 624 1707 657 inordinationem.

922 676 954 696 eo
978 669 1049 704 quod
1078 675 1203 704 assurgas
1231 675 1258 696 et
1287 669 1369 697 facias
1395 669 1591 705 paenitentiam.
1619 670 1708 698 Vauas

924 715 1022 742 tuentis
1035 714 1236 750 disquisitioues
1246 720 1352 742 avertas
1363 719 1389 742 et
1405 715 1560 750 neutiquam
1572 716 1707 743 concedas

924 766 952 789 ut
974 768 1022 788 eor
1046 764 1120 788 tuum
1148 762 1284 788 incurrant
1300 766 1326 788 et
1347 761 1373 788 in
1389 768 1422 789 eo
1439 766 1611 795 remaneant;
1628 762 1651 790 si
1674 762 1708 789 ad

925 813 1029 842 tempus
1050 807 1207 834 diuturnum
1230 808 1436 841 permanserint,
1451 814 1581 843 generant
1604 809 1709 843 passio-

924 860 973 880 nes
995 856 1022 880 et
1037 851 1164 880 oceiJunt
1184 852 1312 880 animam.
1342 851 1434 887 Itaque
1459 862 1519 881 cum
1536 855 1709 889 appulsautcs

924 899 1052 931 senseris,
1075 898 1167 925 statim
1188 898 1319 926 orationis
1341 900 1438 935 sagitta
1464 900 1613 929 confodias.
1631 901 1659 928 Si
1675 901 1710 929 de

925 945 1035 972 incursu
1049 943 1195 972 deflectere
1217 943 1353 971 noluerint
1366 948 1393 972 et
1405 945 1562 973 obsederint
1579 946 1709 980 animam,

925 995 982 1018 tum
1003 990 1065 1018 illos
1088 998 1121 1018 ex
1138 989 1285 1018 voluntatis
1305 989 1478 1019 inclinatione
1494 993 1711 1021 corroborandos

926 1044 988 1065 esse
1012 1037 1166 1065 resciveris.
1185 1035 1308 1069 Quadam
1331 1037 1393 1064 boui
1415 1038 1506 1072 specie
1526 1039 1652 1074 allegata,
1671 1041 1711 1067 in-

925 1084 1026 1111 vadunt
1054 1085 1171 1112 animam
1212 1092 1273 1121 quae
1305 1085 1339 1112 ab
1375 1085 1483 1120 incepto
1517 1086 1709 1120 declinaverit,

924 1137 1038 1165 eamque
1054 1131 1214 1164 perturbant
1229 1137 1255 1159 et
1281 1131 1428 1166 implicant.
1453 1131 1637 1160 Confessionis
1661 1133 1710 1160 sti-

924 1180 1015 1210 gmata
1030 1176 1224 1204 oll'uscantibus
1246 1176 1339 1204 inuras
1360 1177 1578 1212 cogitationibus,
1593 1183 1620 1205 et
1634 1178 1710 1206 make

925 1221 997 1249 illico
1017 1221 1158 1257 aufugiunt
1176 1222 1277 1250 bestim.
1295 1222 1368 1249 Luce
1391 1222 1506 1256 oriente,
1522 1223 1650 1250 recedunt
1670 1228 1709 1251 te-

926 1265 1032 1300 nebrte;
1052 1267 1088 1295 ita
1110 1267 1291 1295 confessionis
1313 1268 1401 1294 lumen
1420 1267 1533 1302 dissipat
1555 1269 1710 1303 passionum

926 1312 1057 1347 caligines
1080 1317 1107 1340 et
1129 1312 1320 1341 obnubilantcs
1336 1313 1456 1341 umbras.
1471 1313 1551 1341 Vanze
1571 1314 1662 1349 gloria:
1683 1321 1711 1344 et

926 1357 1092 1393 fatigationis
1105 1359 1220 1394 speciem
1238 1359 1337 1386 habent
1362 1359 1437 1386 mulae
1452 1359 1646 1394 cogitationes;
1668 1366 1710 1390 ast

926 1404 1104 1432 confessionis
1115 1405 1265 1432 humilitate
1277 1408 1303 1431 et
1316 1404 1403 1438 pmnis
1423 1405 1520 1439 regula:
1536 1406 1710 1441 diﬂ‘ugantnr.

926 1449 1044 1482 Etenim,
1054 1457 1116 1477 cum
1126 1450 1159 1477 ad
1173 1454 1289 1477 mentem
1303 1457 1363 1484 qua:
1381 1450 1549 1484 passionibus
1564 1452 1647 1479 libera
1658 1459 1710 1485 est,

926 1496 1057 1524 accedttnt
1076 1495 1152 1523 mala:
1168 1495 1273 1528 bestia,
1289 1497 1379 1524 statim
1397 1500 1470 1531 terga
1483 1501 1590 1524 vertunt
1602 1504 1711 1533 propter

87 1544 162 1572 Ὅθεν
181 1546 229 1573 καὶ
248 1546 303 1582 τὴν
327 1546 449 1574 διάνοιαν
467 1547 644 1582 εὑρίσκοντες
660 1547 807 1583 ἐλευθέραν
822 1547 873 1582 ἤδη

927 1543 1082 1569 continuam
1099 1541 1229 1569 orationis
1245 1541 1437 1571 defensionem.
1456 1542 1507 1576 Qui
1522 1544 1711 1578 pet-turbantes

85 1588 134 1616 τῶν
161 1590 256 1618 παθῶν
293 1592 484 1627 γεγενημένην
510 1593 545 1628 τῇ
568 1593 676 1627 συνεχεῖ
700 1593 748 1619 καὶ
760 1593 875 1620 εὐκατα-

87 1634 168 1671 νὺκτῳ
198 1639 357 1673 προσευχῇ,
387 1637 449 1673 μετ’
484 1637 617 1673 αἰσχύνης
647 1637 873 1672 δραπετεύουσιν.

87 1680 144 1708 Ὅτε
156 1683 208 1718 γὰρ
223 1684 358 1719 πειρᾶται
370 1683 384 1710 ὁ
397 1683 554 1718 ἀγωνιστὴς
566 1684 675 1719 τέμνειν
689 1685 722 1719 τῇ
735 1685 873 1720 προσευχῇ

86 1727 143 1759 τοὺς
152 1729 342 1764 ταράττοντας
354 1730 437 1756 αὐτὸν
454 1729 613 1765 λογισμοὺς,
627 1729 723 1764 τέμνει
739 1730 789 1765 μὲν
806 1730 876 1765 πρὸς

90 1770 169 1807 βραχὺ
181 1774 228 1800 καὶ
241 1774 335 1810 εἴργει
344 1774 393 1809 τὴν
409 1775 554 1801 πολύνοιαν
581 1774 682 1807 αὐτῶν,
698 1774 736 1806 ὡς
751 1774 876 1802 παλαίων

87 1818 128 1843 καὶ
137 1818 340 1854 ἁμιλλώμενος,
353 1820 384 1846 οὐ
401 1819 549 1855 λυτροῦται
561 1819 589 1846 δὲ
605 1821 646 1853 είς
668 1820 743 1847 ἅπαν
754 1828 761 1835 '
780 1821 876 1857 ἐπειδὴ

87 1864 131 1896 τὰς
145 1866 234 1898 αἰτίας
247 1867 307 1894 τῶν
320 1866 501 1902 ἐνοχλούντων
513 1867 651 1902 λογισμῶν
671 1867 780 1904 στέργει
794 1888 802 1901 ,
826 1868 877 1903 τὴν

88 1908 230 1938 ἀνάπαυσιν
243 1912 297 1947 τῆς
310 1911 422 1948 σαρκὸς,
439 1912 488 1938 καὶ
496 1912 546 1948 τὴν
558 1911 693 1947 κοσμικὴν
708 1911 876 1947 φιλοτιμίαν,

86 1954 117 1981 δι’
140 1955 172 1988 ἃς
198 1958 247 1984 καὶ
273 1957 346 1993 πρὸς
379 1957 558 1992 ὲξαγόρευσιν
581 1957 671 1993 ὁρμὴν
685 1958 717 1984 οὐ
745 1959 876 1986 ποιεῖται.

86 2000 160 2028 ὀθεν
168 2003 213 2029 καὶ
227 2004 346 2039 είρήνην
360 2003 410 2030 οὐκ
422 2004 494 2038 ἄγει,
511 2003 579 2030 διότι
600 2003 636 2030 τὰ
650 2003 706 2030 τῶν
720 2003 877 2039 ¹πολεμίοιν

86 2047 187 2083 κατέχει
212 2049 319 2076 δίκαια.
341 2050 389 2082 τίς
403 2050 430 2076 δὲ
452 2049 579 2085 κατέχων
611 2049 748 2086 ἀλλότριοι
777 2049 877 2083 σκεύη,

85 2093 130 2120 οὐκ
153 2095 316 2123 ἁπαιτεῖται
343 2096 431 2123 ταῦτα
462 2096 537 2130 παρὰ
554 2096 610 2122 τῶν
629 2096 750 2132 ἐχόντων
763 2104 770 2129 ;
783 2096 832 2127 Τίς
850 2096 880 2123 δὲ

88 2138 294 2176 ἀπαιτούμενος,
318 2142 367 2168 καὶ
388 2142 426 2177 μὴ
445 2141 572 2168 ἀπολύων
592 2141 610 2169 ἃ
640 2142 752 2177 κατέχει
773 2141 878 2174 κακῶς,

89 2184 224 2221 λυτροῦται
243 2188 301 2215 ἀπὸ
312 2187 368 2215 τῶν
380 2189 524 2215 ἀντιδίκων
542 2188 626 2216 αὐτοῦ
640 2197 647 2221 ;
663 2189 729 2215 Ὅτε
745 2188 772 2215 δὲ
788 2189 881 2223 ὁάγω-

926 1589 1102 1623 cogitationcs
1122 1589 1246 1617 excidere
1268 1589 1384 1625 cupierit
1404 1595 1545 1625 pugnator,
1561 1591 1594 1618 ad
1609 1591 1710 1618 oratio-

928 1643 988 1662 netu
1007 1635 1137 1670 confugit,
1156 1641 1184 1664 et
1198 1643 1278 1670 quam
1299 1636 1430 1664 citissime
1452 1637 1536 1664 malas
1551 1637 1669 1664 concidit
1684 1642 1712 1666 et

927 1680 1044 1708 maxime
1060 1686 1200 1714 versatas;
1216 1685 1334 1708 attamen
1356 1682 1383 1709 itt
1398 1689 1482 1716 agone
1495 1690 1545 1710 nec
1562 1683 1633 1711 ferro
1648 1691 1711 1718 par-

926 1732 971 1754 cat
984 1734 1033 1754 nec
1041 1728 1193 1755 remissioni
1203 1728 1356 1763 indulgeat;
1371 1727 1470 1756 etenim
1481 1729 1502 1756 si
1516 1729 1710 1763 insurgentium

927 1773 1121 1807 cogitationum
1132 1778 1223 1808 partes
1236 1774 1395 1809 susceperit,
1407 1774 1532 1802 videlicet
1544 1775 1634 1803 carnis
1645 1777 1712 1802 ami-

927 1821 1019 1848 citiam
1034 1825 1061 1848 et
1076 1821 1167 1848 mundi
1184 1828 1315 1854 amorem,
1330 1821 1364 1849 ad
1380 1821 1493 1849 nihilum
1509 1823 1640 1858 proficiet.
1656 1823 1712 1852 Nec

927 1866 1067 1894 vietoriam
1090 1874 1176 1902 neque
1195 1875 1288 1901 pacem
1312 1869 1469 1903 reportabit,
1493 1869 1563 1903 quod
1587 1869 1713 1897 defendat

928 1912 1047 1940 hostium
1066 1920 1172 1940 causas.
1188 1912 1215 1940 Si
1234 1913 1294 1947 quis
1311 1913 1400 1940 aliena
1423 1915 1551 1948 possidet,
1575 1923 1664 1943 nonne
1678 1916 1712 1943 ad

928 1958 1124 1985 restitutionem
1143 1958 1265 1986 tenetur?
1281 1959 1315 1986 At
1341 1959 1363 1986 si
1381 1967 1429 1987 sua
1444 1959 1572 1988 reclamet
1588 1961 1713 1988 dontiuus

927 2009 954 2032 et
969 2011 983 2030 a
999 2005 1139 2031 detentore
1156 2005 1255 2039 iujusto
1271 2011 1322 2031 non
1339 2005 1470 2038 obtineat,
1487 2006 1615 2040 numqttid
1637 2006 1712 2034 illum

928 2051 962 2078 ab
976 2050 1138 2085 obligatione
1154 2049 1296 2077 liberabit?
1308 2049 1358 2083 Qui
1374 2058 1477 2086 pugnas
1495 2052 1599 2080 divinas
1615 2053 1714 2080 adierit

929 2096 957 2123 in
973 2100 1063 2122 mente
1087 2103 1146 2127 sua,
1170 2099 1239 2122 atnal
1266 2096 1377 2128 nesciri,
1400 2104 1448 2130 pru
1471 2097 1555 2124 nihilo
1578 2099 1712 2132 reputari,

929 2149 1039 2169 carnem
1064 2141 1226 2168 mortiﬁcare
1242 2147 1270 2168 et
1284 2149 1368 2169 vanas
1392 2143 1567 2177 cogitationes
1589 2144 1713 2172 confiteri

929 2187 1030 2222 absque
1055 2187 1234 2219 verecundia;
1261 2186 1301 2214 sic
1324 2187 1453 2214 recedunt
1477 2187 1598 2221 inimici,
1621 2189 1712 2216 anima

87 2231 217 2267 νιζόμενος
229 2235 265 2270 τῇ
281 2234 332 2260 τοῦ
348 2233 417 2260 Θεοῦ
436 2234 533 2270 μνήμῃ
550 2233 677 2268 δυνηθεὶς
697 2234 747 2268 τὴν
769 2222 874 2267 ἐξουδέ-

930 2233 1058 2260 liberatur
1070 2235 1097 2259 et
1119 2232 1176 2266 ipse
1195 2232 1351 2260 continuam
1373 2233 1543 2267 prosequitur
1561 2234 1712 2262 orationem

91 2286 165 2305 νωσιν
193 2281 341 2316 ἀγαπήσει
369 2280 417 2307 καὶ
442 2280 493 2315 τὴν
526 2280 651 2306 κάκωσιν
687 2281 738 2315 τῆς
765 2279 878 2315 σαρκὸς,

87 2324 129 2351 καὶ
147 2326 195 2361 τὴν
228 2326 414 2362 ἐξαγόρευσιν
441 2325 497 2352 τῶν
529 2325 669 2361 λογισμῶν
696 2325 881 2361 ἁνεπαισχύν-

85 2378 134 2402 τως
166 2373 296 2408 ποιήσει,
332 2372 433 2399 αὐτίκα
466 2372 491 2398 oi
525 2371 574 2407 μὲν
609 2371 734 2407 πολέμιοι
773 2373 882 2407 ἀναχω-

87 2417 182 2452 ροῦσιν,
220 2421 238 2455 ἡ
262 2420 293 2446 δὲ
321 2419 426 2446 διάνοια
451 2418 584 2453 ἐλευθέρα
619 2419 802 2454 τυγχάνουσα,
831 2419 881 2454 τὴν

87 2463 223 2499 συνέχειαν
252 2466 307 2500 τῆς
334 2465 502 2501 προσευχῆς,
539 2466 586 2492 καὶ
621 2465 672 2500 τὴν
703 2465 758 2492 τῶν
801 2465 882 2492 θείων

86 2511 196 2547 μελέτην
208 2512 366 2539 ἀδιάκοπον
375 2511 442 2547 ἔχει.
462 2512 556 2538 Πᾶσιν
573 2512 702 2538 ὑπόνοιαν
717 2512 881 2547 κινουμένην

85 2556 111 2582 ὲν
127 2559 160 2593 τῇ
183 2558 289 2594 καρδίᾳ
320 2557 393 2584 κατά
404 2566 477 2589 τινος
505 2557 641 2593 παραιτοῦ
658 2557 811 2589 παντελῶς,
843 2558 881 2589 ὠς

86 2604 272 2632 καταλύωσιν
289 2604 403 2639 ἀγάπην
413 2604 459 2631 καὶ
475 2605 597 2640 εἰρήνην.
618 2605 713 2631 Πᾶσαν
726 2604 754 2631 δὲ
774 2612 881 2639 συμῳοη

87 2648 132 2684 ρὰν
148 2651 251 2683 ἔξωθεν
277 2650 473 2685 ἐπερχομένην
497 2649 630 2684 γενναίως
648 2649 810 2685 καταδέχου,
842 2649 882 2681 ὡς

87 2696 131 2730 τὴν
137 2698 277 2732 σωτήριον
290 2697 434 2732 ὑπομονὴν
450 2695 635 2732 προξενοῦσαν
649 2704 656 2712 ·
668 2695 821 2731 ὑπομονὴν,
833 2694 882 2730 τὴν

89 2743 165 2778 μονήν
180 2744 229 2771 καὶ
248 2743 410 2772 ἀνάπαυσιν
426 2743 611 2779 χαριζομένην
628 2743 656 2769 ὲν
668 2743 726 2774 τοῖς
741 2742 879 2778 οὐρανοῖς.

88 2789 159 2817 οὕτω
167 2791 217 2823 τὰς
229 2791 348 2826 ἡμέρας
358 2790 456 2822 ἀνύων,
469 2791 498 2817 ὲν
511 2790 560 2825 μὲν
569 2791 608 2825 τῇ
620 2788 745 2825 παρούσῃ
757 2789 812 2824 ζωῆ
823 2790 882 2824 μετ’

90 2835 216 2872 εὐθυμίας
233 2836 364 2872 βιώσεις,
379 2836 439 2867 ταῖς
452 2834 602 2871 μακαρίαις
613 2833 720 2861 ἐλπίσιν
734 2833 881 2869 εὐφραινό-

92 2889 180 2916 μενος·
198 2885 228 2911 ἂν
245 2883 275 2911 δὲ
287 2883 325 2919 τῇ
342 2881 422 2918 ἐξόδῳ
451 2882 519 2919 μετὰ
545 2881 703 2918 παρρησίας
723 2881 883 2916 μεταστήσῃ

928 2283 1009 2313 atque
1035 2285 1124 2305 rerum
1157 2277 1308 2305 divinarum
1339 2278 1540 2306 meditationem
1564 2280 1710 2309 assiduam.

926 2325 1041 2353 Omnem
1056 2324 1082 2351 in
1094 2324 1175 2351 t‘orde
1184 2332 1213 2350 su
1219 2328 1337 2359 rgeutetn
1347 2324 1557 2359 suspicationem
1568 2332 1647 2359 quam
1660 2326 1715 2359 pri-

929 2377 1002 2398 mum
1018 2369 1152 2405 capellas;
1167 2370 1314 2405 perfrangit
1334 2370 1405 2397 enim
1428 2377 1547 2397 amorem
1571 2375 1598 2398 ct
1619 2378 1713 2404 pacem

928 2424 989 2443 cutn
1005 2416 1137 2451 proximo.
1151 2415 1173 2443 Ο
1183 2423 1232 2443 nne
1247 2416 1346 2443 malum
1363 2416 1397 2443 ab
1411 2421 1487 2443 extra
1512 2417 1615 2444 illatum
1630 2417 1714 2444 virili-

924 2465 970 2488 ter
994 2461 1125 2496 suscipias
1147 2469 1154 2488 :
1179 2461 1323 2488 salutarem
1349 2462 1397 2489 tibi
1420 2462 1522 2489 inducit
1545 2463 1712 2497 patientiam,

929 2514 977 2540 per
991 2507 1148 2542 patientium
1166 2514 1228 2534 vero
1245 2507 1292 2534 tibi
1316 2508 1341 2534 in
1364 2507 1441 2535 caelis
1458 2508 1550 2536 tribuit
1571 2509 1714 2537 habitacu-

928 2551 982 2579 lum
1007 2556 1034 2578 et
1057 2551 1282 2578 sublevationetn.
1305 2551 1350 2579 Sic
1371 2552 1495 2586 perlieias
1516 2553 1573 2580 dies
1588 2558 1663 2586 tuos,
1686 2554 1714 2582 in

928 2597 982 2625 vita
996 2597 1120 2631 praesenti
1136 2605 1263 2632 maguum
1279 2597 1379 2625 habeas
1395 2598 1515 2624 animum
1531 2599 1602 2626 etde
1616 2598 1715 2628 futuris

928 2643 1109 2677 congaudens.
1139 2643 1205 2669 Cum
1230 2647 1319 2670 autem
1355 2650 1389 2670 ex
1424 2643 1639 2678 peregrinatione
1665 2651 1712 2673 tua

929 2688 1052 2720 redieris.
1079 2689 1246 2716 confidenter
1269 2688 1392 2715 aditurus
1419 2689 1457 2716 si;
1485 2689 1542 2716 loca
1568 2691 1715 2725 refrigerii.

928 2742 987 2770 qua
1009 2735 1055 2762 tibi
1079 2735 1230 2762 advenienti
1253 2735 1357 2769 paravit
1377 2735 1505 2762 Dominus
1521 2739 1548 2763 et
1568 2736 1596 2763 in
1613 2745 1716 2765 merce-

928 2780 989 2808 detn
1005 2779 1127 2807 laborum
1152 2780 1194 2807 hic
1215 2785 1401 2815 susceptorum
1423 2780 1563 2809 retribuet.
1581 2782 1716 2817 Regnabis

927 2834 988 2854 cum
1005 2825 1060 2859 illo,
1081 2827 1123 2854 cui
1137 2826 1225 2854 omnis
1243 2826 1363 2853 convenit
1382 2826 1476 2862 gloria,
1492 2827 1578 2856 honos
1600 2834 1626 2856 et
1648 2830 1717 2857 ado-

928 2873 1008 2906 ratio,
1024 2880 1073 2901 una
1091 2881 1150 2900 cum
1174 2873 1251 2900 Patre
1266 2873 1324 2900 sine
1340 2873 1481 2909 prinripio,
1499 2882 1559 2901 cum
1581 2879 1674 2902 sancto
1688 2879 1717 2902 et
