1935 3071
198 124 251 158 403

711 116 928 156 ΤΗΕὒιΕΡΤι
949 125 1066 155 PHILA
1072 124 1324 155 DELPHIENSIS

1764 125 1818 156 404

196 181 291 218 gentia’
311 180 345 209 ad
370 180 532 216 cognitionis
557 181 686 214 fructum,
713 182 738 209 id
761 189 814 214 est,
839 182 872 210 ad
888 189 984 218 opera-

1049 197 1107 218 rso),-
1122 190 1138 223 ἡ
1153 188 1250 223 πρᾶξις
1265 188 1319 214 τῶν
1334 187 1514 223 ἐγνωσμένων
1538 188 1692 224 βλαστάνει.
1709 188 1757 215 Ἐκ
1774 188 1825 223 τῆς

198 230 296 257 tionem
311 228 434 256 devenis.
448 228 500 257 Per
524 229 708 263 operationem
731 237 796 257 vero
821 230 983 258 habitualem

195 274 314 309 percipis
336 274 529 309 cognitionem,
544 282 596 310 qua
617 275 639 302 si
665 282 728 302 usus
742 275 826 303 fueris
842 276 875 303 ad
893 284 982 304 veram

197 319 439 347 considerationem
467 321 603 355 asurrgis;
623 320 731 352 exinde,
756 328 803 355 per
830 321 985 348 illuminan-

199 365 236 391 tia
253 363 346 400 gratiae
360 366 442 392 verba
467 366 554 393 oritur
571 366 713 400 sapientia,
734 373 793 400 quae
808 366 911 394 lumine
936 374 985 394 suo

197 414 317 437 mentem
341 410 468 445 adimplet
488 415 515 437 et
529 410 710 438 exterioribus
726 410 844 446 explicat
860 418 905 438 res
921 412 985 438 abs-

198 454 332 483 conditas.

234 500 262 527 7.
290 499 409 528 Primum
435 501 545 535 spiritus
568 501 663 536 quaerit
688 505 716 529 et
742 502 858 535 invenit;
890 501 986 529 deinde

199 545 292 573 unitur
316 553 378 573 cum
403 546 510 580 objecto
541 547 660 574 invento.
686 547 858 582 lnvestigatio
887 547 914 574 tit
940 555 988 582 per

197 592 320 624 verbum,
348 593 486 620 uniticatio
514 598 604 620 autem
631 600 678 627 per
704 593 876 621 cltaritatem.
905 593 986 622 Verbi

199 637 372 672 investigatio
400 639 526 666 fundatur
550 639 576 666 in
600 640 881 672 veritatc,cltaritatis
897 646 986 669 autent

200 684 340 712 unilicatio
358 684 388 711 tit
405 690 513 720 propter
527 685 637 712 bonum.

236 731 262 758 8.
288 730 338 763 Qui
366 738 446 766 super
472 730 671 759 ﬂucutationem
700 739 789 758 rerum
816 733 987 767 prmsentium

200 776 333 810 ascendit,
358 784 407 803 nec
432 777 464 803 ad
489 778 676 811 praetereunda
698 778 778 804 habet
795 778 932 810 ati‘ectttm,
946 780 989 807 ltic

202 829 255 849 non
284 822 397 856 despicit
419 822 452 850 ad
476 822 566 850 intinia
593 831 679 858 neque
706 823 828 858 speciosa
854 825 989 853 desiderat

200 867 282 902 hujus
306 869 407 895 mundi.
431 868 480 895 Ast
504 869 596 896 oculos
627 877 733 897 sursum
757 870 836 903 tollit,
859 871 988 898 caelorum

200 914 428 948 pulchritudinem
441 914 546 949 aspicit,
558 919 585 942 et
603 915 758 943 felicitatem
783 916 896 943 intuitur
909 918 990 944 nullis

201 959 434 987 vicissitudinibus
457 959 614 988 obnoxiam.
643 960 693 994 Qui
719 962 835 989 terrenis
852 961 937 989 inhiat
964 968 991 988 et

202 1006 294 1033 carnis
307 1006 456 1040 voluptates
471 1006 631 1040 insequitur,
642 1007 748 1035 clausos
763 1007 843 1035 habet
856 1008 948 1040 caelos,
965 1014 991 1036 et

203 1051 316 1086 spiritus
343 1051 436 1079 oculos
461 1051 652 1086 obnubilatus;
676 1053 721 1088 qui
746 1058 834 1082 autem
853 1054 991 1082 terrestria

203 1097 353 1125 contemnit
374 1102 401 1124 et
425 1098 542 1133 projicit,
567 1103 683 1126 mentem
701 1100 787 1127 elevat
811 1101 843 1127 ad
864 1108 992 1136 superna,

203 1143 359 1171 :eternitatis
381 1144 494 1178 gloriam
520 1145 627 1180 aspicit,
656 1150 684 1173 et
704 1150 868 1174 reservatam
894 1148 994 1175 sanctis

203 1191 355 1218 claritatem
376 1191 739 1225 intelligit;descendentem
764 1193 859 1229 recipit
873 1194 994 1222 charita.

205 1241 258 1264 tem
285 1236 352 1268 Dei.
381 1238 411 1264 iit
438 1238 565 1272 templum
592 1238 710 1274 Spiritus
739 1240 846 1272 sancti,
883 1241 995 1275 requirit

205 1282 331 1309 mandata
358 1282 461 1316 divina,
497 1283 598 1319 Spiritu
628 1284 675 1312 Dei
704 1285 883 1318 conducitur,
910 1291 938 1313 et
967 1286 994 1313 in

206 1326 323 1354 ﬁliorum
354 1328 525 1362 adoptionem
563 1330 676 1363 transit;
706 1331 856 1365 cumplacet
886 1331 942 1359 Deo
969 1337 997 1360 et

206 1372 290 1399 Deum
322 1373 403 1400 habet
429 1374 671 1408 εοιηι)1ίι‹;ειιίοιηΓ
692 1377 730 1403 uti
758 1376 885 1410 scriptum
914 1382 956 1405 est
987 1387 994 1405 :

208 1426 219 1444 ο
245 1417 380 1453 Quotquot
414 1419 515 1454 Spiritu
547 1420 592 1449 Dei
628 1427 752 1458 aguntur;
777 1423 827 1457 ipsi
858 1429 921 1450 sunt
950 1423 996 1451 lilii

207 1463 256 1493 Dei
271 1466 306 1492 ’⁵.
325 1475 334 1492 ι

244 1606 388 1641 Nunquam
413 1611 440 1634 et
458 1614 492 1634 ne
514 1614 597 1634 unum
613 1607 720 1641 quidem
739 1608 820 1639 diem,
837 1607 899 1635 dum
914 1607 997 1636 ducas

211 1652 346 1686 spiritum,
360 1652 526 1680 infirmitatis
539 1660 619 1680 causa
634 1653 823 1688 praetermittas
837 1653 997 1687 orationem;

209 1697 340 1724 dicentem
356 1697 449 1725 audias
462 1706 470 1725 :
486 1698 567 1726 tCum
582 1698 714 1731 inﬁrmor,
725 1703 788 1726 tuttc
802 1703 897 1733 potens
909 1707 996 1726 sum.)

213 1742 289 1774 Quod
302 1742 324 1770 si
336 1741 441 1776 ieceris,
457 1751 581 1778 magnam
593 1743 725 1779 percipies
738 1744 898 1778 utilitatem;
913 1744 1000 1772 oratio

211 1788 281 1815 enim
312 1788 387 1816 btevi
412 1792 438 1816 te
457 1790 617 1823 sublevabit,
644 1791 731 1818 divina
753 1796 915 1826 cooperante
936 1800 1000 1827 gra-

211 1833 267 1866 tia;
285 1833 329 1860 ubi
351 1834 500 1862 consolatio
524 1835 652 1871 Spiritus,
682 1836 718 1864 ibi
747 1844 799 1863 non
829 1837 998 1872 permanebit

213 1877 358 1906 inﬁrmitas
373 1886 422 1906 nec
439 1879 557 1906 ttcdium.

249 1956 272 1973 "
289 1955 367 1983 Joan.
383 1964 404 1988 ι.
422 1955 466 1984 12.

1039 233 1164 269 πράξεως
1177 234 1225 269 τὴν
1238 232 1299 260 καθ’
1315 233 1372 265 ἕξιν
1396 233 1499 268 γνῶσιν
1514 233 1682 269 καρποῦσαι.
1704 232 1737 260 'H
1751 233 1778 260 δὲ
1795 234 1824 259 ἐν

1038 280 1122 315 πείρᾳ
1142 279 1242 313 γνῶσις
1261 278 1311 313 τὴν
1333 278 1422 313 ἀληθῆ
1446 278 1562 313 θεωρίαν
1580 278 1749 305 ἀναδίδωσιν.
1776 277 1825 303 Ἐκ

1038 324 1140 359 ταύτης
1160 325 1176 360 ἡ
1193 324 1273 358 σοφία
1287 323 1428 350 ἀνατέλλει
1439 323 1483 350 διὰ
1497 323 1551 350 τῶν
1566 323 1727 358 φωτοῆόλων
1736 322 1824 357 λόγων

1037 371 1087 405 τῆς
1104 370 1230 406 χάριτος,
1254 369 1300 396 τὸν
1323 369 1391 405 ἀέρα
1406 368 1456 404 τῆς
1472 368 1591 401 διανοίας
1610 368 1763 403 πληροῦσα,
1778 369 1827 394 καὶ

1035 418 1092 449 τοῖς
1106 416 1159 449 ἔξω
1175 415 1344 450 διασαφοῦσα
1354 415 1391 442 τὰ
1405 414 1593 450 κεκρυμμένα.

1074 505 1108 539 ζ’.
1125 503 1237 540 Πρῶτον
1246 501 1261 528 ὁ
1275 508 1338 531 νονς
1346 500 1423 534 ςητει
1434 497 1480 524 καὶ
1492 496 1632 532 εὑρίσκει·
1646 493 1705 522 εἶτα
1716 495 1827 522 ἑνουται

1037 553 1078 589 τῷ
1091 550 1241 587 εὑρεθέντι,
1256 546 1305 574 καὶ
1318 545 1367 580 τὴν
1378 544 1427 579 μὲν
1439 543 1554 578 ζήτησιν
1581 542 1700 568 ποιεῖται
1716 541 1761 568 διὰ
1776 541 1825 589 τοῦ

1037 587 1130 633 λόγου,
1142 597 1191 632 τὴν
1203 596 1232 623 δὲ
1249 595 1345 622 ἕνωσιν
1369 592 1413 620 διὰ
1429 592 1478 627 τῆς
1507 591 1629 626 ἀγάπης.
1658 589 1714 616 Καὶ
1730 588 1748 623 ἡ
1776 587 1827 621 μὲν

1038 646 1082 673 διὰ
1097 644 1143 672 τοῦ
1159 643 1238 677 λόγου
1255 642 1368 676 ζήτησις
1397 639 1503 673 γίνεται
1519 637 1563 664 διὰ
1579 636 1630 672 τὴν
1645 634 1790 671 ἀλήθειαν,
1808 634 1826 668 ἡ

1040 692 1068 719 δὲ
1079 691 1128 725 τῆς
1147 690 1256 724 ἀγάπης
1268 688 1366 718 ἓνωσις
1379 686 1424 713 διὰ
1442 684 1474 711 τὸ
1492 683 1607 719 ἀγαθόν.

1075 740 1111 772 η’.
1132 736 1163 762 ’0
1180 735 1229 769 τὴν
1244 732 1332 770 ῥοώδη
1349 732 1402 759 τῶν
1429 731 1573 767 παρόντων
1588 729 1670 764 φύσιν
1696 727 1828 763 ὑπερϐαί-

1041 792 1105 816 νων,
1124 782 1171 810 καὶ
1185 781 1234 817 τὴν
1247 778 1396 814 ἐπιθυμίαν
1414 777 1469 804 τῶν
1495 775 1710 811 παρερχομένων
1740 781 1830 808 παρα-

1042 829 1156 865 τρέχων.
1177 827 1207 854 οὗ
1238 826 1332 861 βλέπει
1356 825 1403 851 ἐπὶ
1423 822 1459 850 τὰ
1482 823 1569 855 κάτω,
1582 822 1633 848 οὐκ
1645 819 1771 847 ἐπιποθεῖ
1796 819 1831 845 τὰ

1042 876 1131 912 ὡραῖα
1148 874 1197 910 τῆς
1212 873 1264 908 γῆς
1275 879 1282 888 ·
1298 871 1367 899 ἀλλὰ
1382 870 1431 902 τὰς
1450 870 1506 896 ἄνω
1527 868 1638 905 ὁράσεις
1650 865 1833 912 ἀνοιγομένας

1043 922 1112 958 ἔχει,
1137 921 1185 948 καὶ⁴
1210 921 1245 947 τὰ
1270 919 1299 946 ὲν
1324 913 1640 954 οὐρανοῖς,κατοπτεύει
1655 912 1753 948 κάλλη,
1785 911 1834 938 καὶ

1043 969 1093 1004 τὴν
1109 968 1163 996 τῶν
1174 965 1322 1002 ἀκηράτων
1338 961 1540 992 κατασκοπεύει
1566 959 1767 997 μακαριότητα.
1789 959 1834 989 Ὠς

1043 1014 1098 1050 γὰρ
1123 1012 1162 1048 τῷ
1180 1011 1357 1047 ὲπιχάσκοντι
1373 1010 1433 1040 ταῖς
1455 1007 1533 1038 ὕλαις
1552 1007 1603 1041 τῆς
1616 1005 1678 1039 γῆς,
1695 1004 1743 1031 καὶ
1764 1004 1834 1038 πρὶς

1044 1060 1094 1092 τὰς
1106 1059 1203 1094 ἡδονὰς
1214 1057 1266 1092 τῆς
1279 1056 1380 1092 σαρκὸς
1396 1053 1571 1088 ὲγκύπτοντι,
1584 1050 1755 1085 κεκλειμένοι
1764 1050 1835 1076 εἰσὶν

1043 1107 1071 1134 οι
1086 1104 1209 1140 οὐρανοὶ,
1224 1104 1262 1135 ὡς
1275 1102 1339 1133 τοὺς
1358 1101 1468 1136 νοεροὺς
1484 1098 1642 1134 ὀφθαλμοὺς
1671 1096 1837 1131 ἐσκοτωμέ-

1045 1158 1107 1182 νους
1118 1149 1207 1184 ἔχοντι
1217 1156 1223 1163 ·
1240 1147 1328 1178 οὕτως
1340 1147 1356 1173 ὸ
1369 1144 1542 1181 περιφρονῶν
1553 1144 1589 1170 τὰ
1607 1143 1683 1170 κάτω
1698 1143 1747 1169 καὶ
1767 1142 1837 1169 ἀπο-

1047 1196 1242 1231 στρεφόμενος,
1259 1192 1408 1230 μετάρσιον
1425 1191 1483 1227 !st
1502 1190 1548 1217 τὸν
1569 1189 1642 1222 νοῦν,
1654 1189 1700 1216 καὶ
1713 1189 1763 1222 τὴν
1781 1187 1837 1215 τῶν

1046 1243 1143 1271 ἀϊδίων
1152 1242 1205 1277 ὁρᾷ
1220 1241 1310 1274 δόξαν,
1323 1240 1371 1267 καὶ
1381 1238 1432 1274 τὴν
1457 1237 1645 1272 ἀποκειμένην
1669 1237 1726 1268 τοῖς
1746 1235 1838 1269 ἁγίοις

1048 1289 1175 1316 κατανοεῖ
1190 1287 1380 1322 λαμπρότητα.
1398 1280 1483 1316 Οὗτος
1496 1284 1543 1311 καὶ
1558 1283 1609 1318 τὴν
1622 1281 1669 1308 τοῦ
1687 1281 1755 1308 Θεοῦ
1766 1281 1837 1314 ἀγα-

1050 1343 1104 1372 πην
1120 1334 1223 1362 ἄνωθεν
1251 1331 1399 1360 κατιοῦσαν
1423 1331 1466 1357 ἐπ’
1483 1330 1565 1358 αὑτὸν
1577 1330 1696 1372 δέχεται,
1713 1328 1760 1355 καὶ
1774 1328 1839 1360 ναὸς

1051 1369 1097 1409 τοῦ
1110 1381 1188 1414 ἁγίου
1203 1379 1362 1414 Πνεῦματος
1371 1378 1486 1413 γίνεται,
1511 1377 1560 1404 καὶ
1575 1375 1610 1403 τὰ
1621 1369 1684 1401 ’θεῖα
1696 1374 1839 1410 θελήματα

1049 1423 1186 1455 ἐπιποθεῖ,
1203 1422 1252 1450 καὶ
1263 1422 1400 1457 πνεύματι
1412 1420 1480 1447 θεοῦ
1503 1420 1611 1454 ἄγεται,
1628 1419 1676 1446 καὶ
1701 1418 1839 1451 υἱοθεσίας

1049 1469 1239 1502 καταξιοῦται,
1252 1468 1301 1495 καὶ
1312 1469 1358 1495 τὸν
1372 1467 1439 1494 Θεὸν
1451 1467 1507 1503 ἔχει
1524 1466 1689 1493 εὖδοκοῦντα
1701 1465 1749 1491 καὶ
1774 1465 1840 1500 ἀρε-

1006 1513 1029 1545 C
1050 1516 1182 1551 σκόμενον
1196 1515 1280 1551 αὐτῷ.
1292 1523 1301 1540 t
1320 1515 1400 1541 Ὀσοι
1410 1513 1465 1549 γὰρ
1474 1512 1544 1540 Θεοῦ
1561 1511 1699 1548 πνεύματι
1715 1511 1839 1546 ἄγονται,

1049 1559 1122 1589 οὗτοί
1139 1562 1208 1589 εἰσιν
1228 1562 1279 1588 uio!
1295 1559 1375 1588 Θεοῦ.
1391 1570 1401 1587 ι

1084 1607 1172 1642 Χάριν
1184 1607 1327 1639 ἀσθενείας
1343 1606 1381 1642 μὴ
1395 1605 1479 1642 ἐάσῃς
1490 1604 1540 1641 τὴν
1552 1603 1636 1640 εὐχὴν
1649 1604 1714 1640 μίαν
1731 1602 1779 1630 καὶ
1794 1603 1843 1638 μό-

1049 1663 1099 1689 νην
1121 1654 1227 1689 ἡμέραν
1249 1653 1301 1685 ἕως
1333 1652 1467 1689 ὲμπνέῃς,
1498 1650 1606 1678 ἁκούων
1631 1650 1678 1676 τοῦ
1695 1650 1842 1684 λέγοντος·

1050 1701 1135 1727 Ὅταν
1149 1699 1265 1731 ἀσθενῶ,
1278 1701 1339 1727 τότε
1352 1697 1467 1729 δυνατός
1479 1697 1539 1733 είμι
1553 1705 1560 1713 ·
1578 1696 1657 1723 τοῦτο
1672 1696 1726 1730 γὰρ
1746 1694 1845 1728 ποιῶν,

1051 1745 1183 1782 μειζόνως
1193 1745 1371 1780 ὠφεληθήσῃ,
1386 1743 1433 1771 καὶ
1449 1743 1520 1778 αὕτη
1537 1742 1567 1769 ἐν
1583 1741 1709 1776 συντόμῳ
1735 1748 1764 1767 σε
1776 1741 1846 1766 ἁνα-

1050 1793 1156 1826 στήσει,
1173 1791 1359 1826 συνεργούσης
1373 1791 1423 1825 τῆς
1442 1789 1554 1825 χάριτος
1571 1795 1578 1803 ·
1592 1788 1660 1814 ὅπου
1676 1787 1731 1820 γὰρ
1755 1785 1849 1820 παρά-

1051 1838 1148 1874 κλησις
1163 1837 1330 1873 πνεύματος,
1356 1836 1485 1864 ἀσθένεια
1512 1835 1530 1871 ἢ
1558 1833 1659 1869 ἀκηδία
1674 1834 1724 1861 οὐκ
1746 1832 1847 1868 ἐπιμέ-

1051 1894 1080 1913 νε
1084 1895 1102 1914 ιο

755 2142 1302 2220 THEOLEPTI

394 2289 1076 2352 PHILADELPHIENSIS
1135 2287 1665 2347 ΜΕΤΒΟΡΟΙΛΤΑΞ

605 2410 908 2459 CANTICUM
956 2407 1460 2462 COMPUNCTIONIS,

769 2507 816 2538 Ex
831 2504 1037 2537 meditatione
1052 2503 1164 2535 aeterni
1174 2502 1298 2543 judicii.

801 2588 875 2621 (Bibl.
887 2587 937 2615 PP.
953 2587 993 2612 ed.
1009 2585 1086 2618 Lugd.
1100 2587 1161 2610 tom.
1178 2583 1265 2615 XXIl.)

565 2719 633 2750 ODE
653 2720 674 2747 l.

260 2777 392 2814 Agedum,
417 2775 506 2803 anima
532 2773 695 2806 miserrime,
718 2771 830 2800 seclusis
852 2770 932 2805 hujus
947 2770 1009 2797 vitae

226 2825 309 2858 curis,
332 2828 360 2853 et
383 2822 510 2851 vitiorum
533 2819 750 2856 cogitationibus,
774 2817 917 2853 carnisque
937 2816 1011 2844 volu-

1025 2715 1190 2752 Dptatibus,
1213 2714 1296 2743 futuri
1322 2717 1409 2742 status
1433 2711 1570 2740 hominum
1591 2708 1730 2739 horribilia
1757 2708 1848 2736 consi-

1062 2762 1137 2790 dera.

1101 2815 1192 2849 Angor
1207 2814 1300 2848 ingens
1316 2815 1342 2840 et
1355 2810 1435 2840 timor
1449 2808 1592 2845 plurimus,
1608 2807 1726 2835 animam
1740 2810 1849 2833 omnem
