1935 3071
116 122 171 154 405

668 125 862 156 CAN'I‘ICUM
882 126 1201 161 COMI’UNC'I'IONIS.

1692 124 1755 157 1:26

119 180 248 211 lneessct,
262 179 370 214 quando
388 180 541 208 mortalium
558 189 617 208 ossa
637 183 726 209 munia
742 191 909 209 cuncursan-
926 187 946 214 Α
999 185 1092 213 Divina
1110 186 1169 213 luce
1182 189 1239 218 tua,
1256 193 1271 212 0
1290 185 1370 216 bona.
1385 185 1503 212 animam
1523 191 1610 211 meam
1630 183 1749 211 ﬂectiti-

118 225 167 256 tia,
194 233 256 252 suas
284 233 398 260 quaeque
429 228 693 262 coagmentationcs,
720 236 748 256 et
766 229 910 264 juuctttias

117 270 261 301 diligenter
278 271 428 306 requirent.

157 315 284 344 UniverSa
303 322 386 351 terra,
405 318 476 346 velut
496 319 593 346 mulier
607 327 758 355 pregnans.
776 328 838 348 cum
855 325 910 348 tre-

117 369 193 388 more
214 367 336 390 mortuos
360 371 425 390 suos
445 364 478 392 ad
504 373 585 392 unum
611 366 682 393 edet.
708 367 783 394 Tuba
810 367 910 401 quippe

117 408 282 435 horrendum
309 409 463 443 inSunaute,
491 411 564 439 illico
589 413 773 448 unusquisque
801 414 910 440 deloco

118 453 253 481 redivivus
270 456 399 490 prodibit.

151 500 192 526 Ad
215 508 293 535 opem
317 507 401 536 tuam,
422 510 471 531 ceu
505 503 538 530 ad
564 509 668 539 petram
693 509 832 540 tutamque
859 513 909 531 an-

115 545 236 578 choram,
261 546 432 575 immaculata
460 549 552 583 Virgo,
575 549 710 584 confugio.
736 549 776 577 Ne
799 557 841 577 me
865 558 908 577 re-

115 592 196 626 pelle,
211 593 260 620 sed
278 594 359 621 toties
374 594 401 622 in
418 600 529 630 peccata
547 596 651 631 lapsum
667 596 752 630 erige.

450 641 518 668 ODE
540 641 573 669 II.

151 684 242 721 Flebis
255 686 370 720 affatim,
384 694 410 715 et
426 689 542 724 gemitus
554 688 630 716 dabis
642 689 721 722 allos,
736 688 823 715 animo
836 697 905 723 nica,

114 731 221 766 quando
239 733 359 759 onmium
376 734 537 761 saeculorum
561 734 688 760 mortales
710 734 795 760 nudos
814 741 906 760 resur—

113 786 189 813 gere.
205 783 232 805 ct
247 783 311 806 ante
323 779 453 813 judicent,
469 779 515 815 qui
538 779 697 807 muneribus
713 787 766 808 nou
784 787 905 806 corrum-

115 825 198 859 pitur,
214 831 289 852 stare
306 825 421 853 videbis.

150 871 179 898 In
204 872 352 900 novi~simo
376 876 403 900 et
422 872 545 901 terrifico
569 872 617 902 illo
640 873 694 906 die,
721 873 821 901 fratres
842 872 905 906 mei,

113 925 211 945 omnes
233 918 290 951 illic
314 919 452 952 sistentur,
480 919 506 946 in
529 920 582 946 ictu
603 919 686 947 oculi.
711 919 777 946 Nam
799 923 827 946 et
847 919 910 946 fera:

115 965 220 997 bestiae,
246 969 274 991 cl.
301 966 435 999 volucres,
459 971 487 994 et
511 966 599 1001 pisces
623 974 690 1002 quos
717 967 909 994 devoraverint

116 1011 240 1039 reddent.

151 1059 274 1094 Rapidus
287 1059 357 1095 ignis
372 1059 482 1091 fluvius,
498 1059 593 1093 colles,
604 1065 709 1088 montes
725 1065 750 1087 et
764 1067 846 1095 opera
862 1061 910 1087 Iit‘-

116 1105 220 1133 minum
238 1114 285 1140 per
303 1111 391 1134 terras
410 1106 532 1133 furenter
550 1106 683 1134 absumet.
703 1107 831 1134 Flamma:
850 1108 909 1133 uiii-

118 1159 197 1179 versa
211 1152 382 1186 dcpasceutis
398 1153 527 1188 impetum
545 1157 574 1180 et
593 1154 679 1180 mittas
693 1153 756 1189 quis
774 1161 825 1181 non
845 1161 908 1188 pcr-

115 1197 276 1225 horrescat?

154 1242 212 1270 Non
229 1249 273 1271 est
289 1243 411 1273 fidelibus
426 1249 520 1278 portus
534 1244 612 1277 alius,
627 1244 710 1280 Virgo
726 1245 907 1277 sanctissima,

115 1294 215 1322 praeter
241 1295 277 1321 tc,
293 1297 353 1324 qua:
368 1289 516 1323 Christum,
536 1291 758 1324 tranquillitatem
778 1292 910 1318 securita-

115 1339 224 1369 temque
240 1341 370 1369 nostram,
383 1335 579 1370 genuisti.Q:ite
593 1344 688 1364 omnes
705 1337 906 1370 vcxatiouibus,

113 1386 141 1408 et
163 1381 271 1415 injuriis
287 1382 389 1409 inimici
403 1382 533 1410 mentonis
546 1390 596 1410 ceu
610 1383 907 1419 tempestatejactatos,

114 1427 198 1462 quieti
218 1435 249 1454 ac.
264 1428 346 1455 saluti
364 1429 495 1455 restituis.

149 1473 214 1499 Tria
234 1473 285 1500 ista
310 1473 402 1506 timeo,
420 1481 436 1500 ο
451 1474 541 1501 anima
558 1483 564 1501 :
581 1481 719 1509 egressum
744 1482 759 1502 (ι
783 1481 908 1510 corpore,

962 239 1026 259 num
1045 233 1176 259 malarum
1194 231 1312 259 tenebris
1327 231 1440 258 offusam
1457 231 1576 257 illumiua
1597 238 1604 257 :
1621 238 1675 265 quo
1688 235 1749 257 Iau-

961 285 1042 312 qnam
1065 279 1135 305 filius
1158 278 1224 306 lucis
1250 285 1330 313 opera
1359 278 1425 305 lucis
1448 277 1562 309 faciens,
1588 284 1602 303 τι
1632 277 1751 304 tenebris

961 324 1144 353 exterioribus
1160 325 1269 352 liberer.

1296 370 1364 399 ODE
1382 370 1411 399 V.

997 417 1072 445 Mens
1100 423 1127 445 et
1152 425 1232 445 rencs
1260 417 1488 448 contremiscent,
1523 415 1568 442 ubi
1600 414 1748 442 terribilem

959 463 1032 491 illius
1045 464 1114 491 tuba!
1125 465 1276 496 clangorem
1290 463 1488 496 clamoremque
1498 462 1641 488 audierint.
1655 460 1748 494 Abyssi

961 509 1152 545 ingemiscant,
1167 513 1193 536 et
1213 509 1327 536 virtutes
1348 509 1477 536 caelorum
1497 507 1749 535 comnmvebuntur.

998 556 1137 583 Invenient
1151 563 1204 590 quo
1221 556 1368 589 divertant,
1387 555 1431 590 qui
1447 555 1550 589 lugent,
1567 555 1668 588 quique
1686 562 1750 587 pan-

961 610 1039 636 peres
1055 606 1119 628 sunt
1134 601 1281 628 secundum
1297 601 1392 631 Deum,
1403 604 1428 627 et
1442 600 1596 626 Cttslilalt‘ttt
1610 599 1709 628 colunt.
1723 603 1750 625 ct.

960 647 1004 682 qui
1024 655 1070 682 per
1086 647 1154 674 viam
1171 651 1311 682 angustam
1323 646 1471 678 ambulant,
1482 652 1562 679 atque
1578 645 1650 671 Edth
1664 645 1751 671 imre-

959 694 1071 721 ditalem
1088 694 1198 726 habent,
1217 693 1242 720 in
1259 692 1443 720 mansionibus
1459 692 1629 719 intenti-ratis
1645 698 1752 726 perma-

956 744 1063 766 ttcttlcs.

997 788 1097 814 Divilcs
1114 787 1248 814 ardebuut
1261 787 1323 821 igne
1339 785 1554 817 inlmmauitatis,
1571 789 1597 811 et
1611 790 1743 818 pauperes

959 831 984 858 iu
1002 831 1200 864 tabernaculis,
1216 836 1298 867 atque
1313 832 1339 857 itt
1351 831 1413 858 sinu
1430 831 1545 857 Abrahae
1571 829 1743 862 conspicien-

962 883 1011 908 tt-s,
1030 882 1134 912 guttam
1148 885 1224 909 aqua
1243 879 1385 912 rogabunt,
1403 886 1453 904 nec
1468 878 1520 904 crit
1544 877 1589 912 qui
1617 877 1668 903 illis
1700 876 1748 902 Iri-

960 923 1034 951 bnat.
1051 923 1242 951 I’ormidemus
1260 932 1365 951 omnes.

998 970 1033 996 Da
1051 971 1128 1004 mihi,
1153 971 1244 1006 Virgo,
1262 971 1371 1005 pedicas
1388 975 1415 998 et
1440 970 1552 1003 laqueos
1583 971 1644 998 vita:
1670 972 1749 1004 hujus

960 1024 1047 1048 vanrc,
1060 1024 1092 1043 ac
1105 1017 1232 1051 peritura:
1246 1016 1374 1051 effugere,
1393 1021 1419 1043 ct
1436 1017 1506 1043 vires
1523 1016 1626 1047 suillre.
1649 1018 1747 1051 quibus

961 1062 993 1089 ad
1018 1063 1100 1089 vitam
1118 1062 1236 1089 futuram
1252 1070 1372 1094 curram,
1395 1066 1420 1090 cl
1441 1070 1455 1088 a
1482 1063 1599 1090 stridore
1627 1063 1752 1090 dentium

963 1116 1006 1135 me
1018 1107 1114 1135 libera.

1289 1154 1356 1181 ODE
1374 1153 1415 1183 VI.

995 1199 1081 1228 Judcx
1100 1205 1142 1228 est
1155 1199 1487 1233 incorruptus,judicium
1504 1200 1638 1235 imprimis
1653 1199 1749 1234 formi-

960 1245 1060 1278 tI-Iiile,
1074 1247 1113 1273 ira
1131 1246 1322 1278 intolerabilis,
1339 1246 1555 1273 ettribuualhoc
1573 1247 1644 1273 nulla
1658 1251 1748 1281 potest

960 1292 1104 1319 calliditate
1119 1292 1293 1328 versutiaque
1322 1292 1525 1320 circumveniri.
1558 1292 1652 1325 Augeli
1684 1300 1748 1319 cum

961 1338 1058 1365 timore
1068 1343 1095 1364 et
1111 1343 1227 1365 tremore
1247 1339 1401 1366 ministrant
1415 1348 1420 1369 ;
1441 1339 1498 1365 libri
1514 1338 1618 1365 occulta
1648 1344 1748 1365 uxoria-

961 1384 1024 1410 lium
1038 1385 1164 1418 produnt.
1180 1385 1218 1412 De
1235 1390 1332 1412 emtero
1348 1385 1454 1419 depone
1483 1393 1575 1412 mores
1599 1385 1746 1419 improbos,

960 1431 1061 1462 anima,
1080 1435 1106 1457 et
1121 1438 1229 1457 amaras
1246 1430 1326 1465 funde
1338 1431 1482 1466 lacrymas.

995 1476 1140 1504 Cumhinc
1163 1478 1342 1512 etnigravcro.
1370 1485 1413 1510 ne,
1444 1476 1535 1512 Virgo,
1565 1485 1607 1504 me
1619 1477 1748 1504 'desoras.

113 1518 141 1545 irt
157 1518 225 1545 born
238 1521 335 1546 mortis
345 1527 488 1547 occursum
500 1521 625 1548 veniente
639 1521 775 1549 communi
788 1521 908 1548 omnium
925 1528 948 1558 ε
963 1522 1039 1549 Tttuc
1055 1523 1128 1550 enirn
1150 1531 1264 1557 nequam
1281 1523 1392 1557 spiritus
1409 1523 1525 1549 animant
1553 1531 1639 1550 meam
1657 1528 1748 1557 capta<

112 1565 206 1600 judice
222 1573 230 1592 :
245 1570 273 1593 et
295 1573 378 1600 quam
399 1566 470 1594 idem
496 1566 682 1601 pronuntiabit
701 1567 802 1602 justam
820 1567 911 1595 incor-

114 1616 222 1646 ruptam
238 1619 285 1639 seu
290 1611 413 1640 tentiam.

445 1656 513 1684 ODE
533 1656 579 1685 III.

149 1704 236 1732 Terra
254 1704 479 1737 inIIammabitur,
491 1712 567 1732 mare
578 1705 700 1732 subsidet
715 1712 748 1731 ac
761 1705 910 1736 decrescet;

114 1758 162 1778 aer
177 1750 359 1783 concutietur,
376 1755 404 1778 et
419 1756 504 1779 totum
517 1751 615 1779 caelum
631 1752 793 1784 involvetur,
807 1751 909 1778 lumina

113 1803 141 1825 et
158 1802 232 1824 astra
256 1798 316 1832 ejus
333 1798 471 1826 deciderit.
492 1797 634 1831 Quomodo
653 1797 722 1831 hac,
745 1797 847 1829 anima,
863 1805 911 1827 su-

114 1845 252 1872 stinebis?

151 1891 360 1918 Lamentaberis
375 1891 561 1924 Vehementer,
577 1891 666 1918 anima
685 1898 755 1922 mea,
768 1898 829 1917 cum
846 1890 912 1916 mis-

115 1944 163 1964 sos
178 1936 308 1964 festinato
333 1937 455 1972 angelos.
477 1945 492 1964 a
517 1942 633 1972 quatuor
650 1942 784 1964 terrarum
809 1936 910 1962 finibus

115 1982 173 2010 Deo
191 1982 306 2017 placitos
323 1990 490 2019 congregare
506 1991 614 2010 cernes.

152 2027 203 2060 En,
222 2032 308 2056 tolum
336 2036 420 2064 genus
441 2029 587 2055 humanum
615 2028 759 2055 attonitum
780 2028 911 2063 stupebit,

114 2080 177 2101 cum
201 2073 320 2108 judicent
347 2074 422 2101 illum
446 2074 647 2102 formidandum
679 2074 706 2100 in
733 2074 799 2101 duas
821 2080 912 2109 partes

115 2119 248 2154 quidquid
270 2125 313 2148 est
338 2120 478 2148 hominum
501 2125 700 2154 seccrneutem,
723 2125 752 2148 et
773 2123 910 2148 actionum

115 2165 225 2193 trutinae
235 2165 426 2200 subjicicutem
443 2166 603 2193 intuebitur.

153 2211 217 2239 [lies
245 2211 439 2239 retributionis
469 2213 569 2245 veniet,
594 2212 667 2240 sicut
695 2213 739 2239 fur
766 2213 792 2239 in
823 2219 912 2247 noctu,
930 2200 950 2227 θ

116 2266 277 2292 peccatores
298 2266 394 2286 omnes
409 2263 560 2287 exterrens.
578 2258 646 2286 Tum
665 2265 704 2292 ttt,
724 2265 796 2288 casta
817 2259 912 2292 Μυκη

115 2306 228 2334 miserta
244 2305 308 2339 mei,
321 2314 336 2333 a
353 2306 486 2342 supplicio
503 2314 545 2334 me
563 2307 681 2334 vindica.

456 2352 524 2379 ODE
545 2352 586 2380 IV.

155 2397 246 2425 Pudor
260 2403 288 2425 cl.
309 2397 434 2426 confusio
447 2400 551 2434 operict
574 2399 659 2426 facies
674 2407 768 2427 eoruut
789 2400 834 2434 qui
860 2399 913 2426 sibi

114 2445 200 2472 verbo
213 2450 240 2472 et
251 2452 332 2479 opere
346 2445 553 2473 commissorum
563 2445 791 2474 cousciifuerint.
807 2446 912 2474 Etenim

116 2491 241 2518 actiones
259 2499 324 2519 suas
339 2499 435 2519 omnes
456 2492 531 2519 vultu
553 2492 612 2527 ipso
627 2491 845 2527 inseparabiliter
858 2500 914 2528 pra:

116 2545 147 2565 Sc
162 2537 253 2564 ferens
267 2537 455 2572 unusquisque
474 2543 605 2572 resurget.

154 2585 174 2610 Α
202 2591 247 2610 rea
272 2589 300 2610 et
324 2583 475 2618 ﬂagellante
503 2584 670 2612 conscientia
697 2584 785 2618 liberi,
813 2584 913 2612 fiducia

117 2629 188 2664 pleni
214 2635 241 2656 et
265 2629 365 2656 hilares
383 2631 551 2664 apparebunt
570 2631 635 2664 justi
661 2638 767 2659 omnes.
790 2631 907 2658 Suorum

117 2676 221 2710 quippe
256 2675 380 2701 laborum
410 2675 608 2711 nmltorumque
638 2677 820 2704 certaminunt
851 2684 912 2712 quae

118 2722 264 2749 Subierth
284 2722 439 2748 mercedem
455 2723 663 2756 cxspectabunt.

149 2768 310 2795 Clarisonus
325 2771 382 2793 tttm
399 2767 501 2795 clamor
515 2769 603 2796 dicet:
616 2768 775 2802 Ecccjudcx
790 2769 874 2801 venit,
888 2773 913 2796 ut

118 2815 233 2850 populos
259 2821 358 2840 attines
376 2814 495 2848 indicet,
520 2820 546 2841 ct
571 2823 618 2848 pro
645 2816 777 2850 dignitate
801 2815 914 2851 q'til.hct

119 2869 229 2890 suorum
243 2861 370 2889 laborum
382 2861 495 2896 pueritia
506 2862 580 2897 jtlrlt:
592 2863 717 2896 arripiat.

964 1571 1040 1597 bunt.
1062 1569 1117 1596 IIeu
1130 1570 1187 1597 mei
1205 1577 1256 1604 qua
1271 1570 1376 1597 ratione
1389 1569 1516 1603 effugiam
1535 1568 1605 1599 illos.
1624 1574 1670 1596 aut
1685 1569 1749 1602 quid

963 1616 1079 1643 faciant?
1094 1616 1151 1644 lleu
1170 1617 1226 1644 me!
1244 1616 1380 1651 quomodo
1407 1616 1550 1643 horribiles
1580 1615 1654 1643 locos
1686 1622 1748 1649 per.

963 1663 1104 1690 transibo?
1121 1663 1160 1690 Tit
1177 1670 1238 1698 spes
1257 1671 1327 1696 mea,
1349 1668 1375 1689 Ill
1394 1668 1488 1696 portu
1505 1670 1592 1695 meus,
1610 1667 1638 1689 et
1650 1666 1750 1689 antcte

962 1716 1012 1743 ego
1023 1708 1139 1736 famulus
1151 1713 1212 1736 tuus
1227 1717 1270 1736 mc
1283 1713 1437 1743 prosterno.

1288 1753 1356 1780 ODE
1370 1753 1425 1781 ιἰι.

998 1798 1065 1832 Quis
1087 1799 1140 1826 erit
1168 1807 1267 1826 sensus
1300 1800 1407 1831 animm,
1439 1806 1500 1826 cum
1537 1799 1616 1832 positi
1649 1799 1751 1826 fuerint

963 1845 1066 1877 tltroui,
1082 1850 1108 1872 et
1124 1845 1158 1872 ad
1178 1845 1352 1879 iudicandum
1377 1844 1458 1879 judex
1490 1844 1533 1872 ille
1560 1845 1753 1880 integerrimus

962 1890 1125 1921 consederit.
1143 1895 1171 1917 et
1192 1890 1253 1917 libri
1268 1890 1434 1917 exhibebunt
1452 1889 1593 1917 hominum
1617 1890 1748 1918 actiones.

963 1935 1139 1970 cogitationes
1155 1942 1182 1964 et
1193 1936 1327 1964 consilia?
1345 1936 1388 1964 Va!
1405 1936 1452 1963 tibi
1468 1941 1535 1969 tum,
1552 1944 1568 1963 ο
1583 1936 1642 1963 vilis
1659 1936 1747 1962 anima

962 1985 989 2006 ct
1004 1980 1165 2007 miserrima!

998 2025 1145 2054 Oratorum
1163 2027 1196 2054 ad
1213 2027 1415 2062 persuasionem
1431 2027 1643 2054 accommodata:
1669 2033 1752 2061 argu-

965 2073 1157 2103 mentationes.
1197 2078 1225 2100 et
1262 2072 1395 2099 orationis
1432 2077 1603 2104 ornamenta,
1627 2071 1750 2102 artiﬁcia,

964 2120 1111 2148 verborum
1127 2121 1246 2154 stropha:
1259 2127 1290 2146 ac
1307 2119 1420 2145 fallacias
1441 2119 1582 2151 desint-nt;
1615 2119 1752 2153 sapientes

965 2173 1060 2193 omnes
1077 2167 1278 2194 oinnutesccnt.
1294 2165 1355 2191 libri
1367 2172 1478 2198 operum
1496 2164 1651 2199 loquentur,
1664 2166 1753 2193 homi-

967 2211 1048 2239 ttihus
1061 2211 1221 2245 arigelisquc
1237 2210 1317 2237 simul
1331 2211 1514 2237 audientibus.

1002 2258 1245 2286 Inuumerabilium
1267 2256 1424 2291 angi-lorum
1445 2256 1583 2284 exercitus
1599 2257 1697 2284 astabit
1721 2264 1753 2284 ttc

968 2305 1092 2332 thronum
1108 2304 1299 2331 circumdabit.
1317 2303 1448 2329 Ilomincs
1462 2307 1551 2330 autem
1564 2303 1683 2330 universi
1698 2309 1753 2331 sta-

965 2350 1033 2378 bunt
1053 2350 1156 2382 tristes,
1176 2350 1364 2376 necessitatem
1390 2348 1551 2376 horriferam
1574 2351 1706 2383 videntes,
1724 2355 1753 2377 et

966 2396 1129 2424 sententiam
1144 2396 1324 2431 iustissimam
1345 2399 1506 2424 metuentes

1002 2444 1169 2478 Aspersioue
1194 2443 1266 2471 roris
1300 2443 1349 2476 tui,
1381 2442 1484 2470 intacta
1510 2442 1601 2477 Virgo,
1629 2442 1752 2469 ardorem

967 2489 1089 2517 lbidinis
1113 2497 1179 2516 mea:
1207 2489 1354 2524 restingue.
1386 2488 1452 2516 Nam
1475 2490 1500 2516 in
1524 2493 1550 2516 te
1573 2488 1688 2516 Verbum
1708 2488 1754 2515 Dei

967 2533 1038 2560 sicut
1053 2534 1143 2568 pluvia
1159 2533 1185 2560 in
1197 2533 1283 2560 vellus
1297 2534 1448 2567 descendit,
1474 2533 1599 2561 fidelibus
1625 2534 1754 2568 gehennae

968 2587 1061 2615 rogum
1075 2582 1264 2615 exstinguens.

1288 2627 1356 2654 ODE
1367 2626 1436 2655 VIII.

1002 2675 1080 2703 Tunc
1092 2675 1201 2702 ordines
1222 2673 1340 2701 fidelium
1366 2673 1604 2712 exarniuabuntur,
1631 2672 1753 2708 episcopi

967 2730 1085 2758 quoque,
1100 2721 1265 2754 sacerdotes,
1281 2721 1380 2751 levitm,
1405 2720 1547 2746 monachi:
1574 2727 1634 2746 nam
1665 2720 1691 2747 in
1712 2728 1756 2746 or-

967 2769 1029 2796 dine
1058 2776 1107 2796 suo
1133 2768 1248 2802 quisque
1278 2772 1409 2802 resurget,
1434 2771 1463 2793 ul.
1484 2767 1599 2801 quisque
1629 2770 1752 2793 actorum

970 2823 1079 2843 suorum
1099 2814 1229 2841 rationem
1247 2813 1352 2840 reddat.

1007 2859 1191 2895 Tl‘qtitlabtﬂll
1210 2867 1304 2887 omnes
1323 2859 1468 2894 principes,
1485 2859 1614 2895 opulenti,
1634 2867 1710 2894 νεεδ
1726 2864 1756 2888 οι
