1935 3071
95 101 135 132 -ίῦί
565 97 613 126 DE
633 95 826 126 MICHAELE
847 94 1078 126 PALEOLOGO
1096 95 1169 126 LIB.
1193 97 1217 126 Ι.

1646 98 1700 131 462

91 153 183 188 ἡμέρας
201 152 230 177 ἐν
245 151 283 186 νῷ
299 151 390 182 Θέντος
405 150 453 178 τοῦ
468 150 620 185 ἀρχιερέως
634 151 682 185 τὴν
700 150 775 183 ἱερὰν
791 150 864 176 τελε·
879 152 900 180 Α
915 149 1069 184 πονώτερον
1083 150 1238 184 ἐρευνῶντα
1251 151 1315 185 περὶ
1330 152 1459 178 τοιούτων
1470 151 1628 185 ἐγνωκέναι.
1646 154 1700 180 Καὶ

92 207 130 225 σαι
147 196 352 232 μυσταγωγίαν.
371 197 416 227 Ὠς
427 196 493 229 γοῦν
511 195 672 229 ἐπέφωσκεν
684 196 701 230 ή
714 195 805 231 ἡμέρα
816 195 863 221 καὶ

91 243 131 273 τὰς
145 242 326 277 νομιζομένας
342 241 417 276 ὧρας
431 241 546 267 διελθεῖν
567 240 679 275 ἔμελλεν
695 242 709 267 ὁ
721 241 864 275 ἀρχιερεὺς

90 288 126 322 ἐφ’
142 285 161 321 ᾧ
173 288 390 322 λειτουργήσειε,
407 287 486 322 σιγὴν
499 286 547 321 μὲν
557 287 721 321 ἐπισκήπτει
737 288 791 317 τοῖς
799 285 865 317 ἔξω·

89 335 138 365 θεν,
153 334 231 364 αὐτὸς
245 333 273 359 δὲ
290 333 361 359 κατὰ
378 333 460 368 μόνας
475 332 577 367 ’ὡμίλει
593 332 664 366 Θεῷ,
681 332 787 363 καὶτὰς
800 341 865 358 σνν-

90 379 155 411 ήθεις
170 378 217 404 καὶ
232 377 447 412 προτελεστικὰς
472 377 556 410 εὐχὰς
587 376 645 411 μεθ’
665 377 706 403 ὅτι
735 376 865 410 πλείστης

89 424 204 450 ἀπεδίδου
221 423 272 458 τῆς
292 423 418 457 ἡσυχίας.
438 423 506 449 Τότε
519 422 554 458 δὴ
569 422 631 449 τότε
656 422 766 456 λέγεται
783 421 865 448 ἀκοῦ-

90 479 129 496 σαι
140 469 229 503 φωνῆς
247 469 298 503 τῆς
315 468 400 502 αὐτῆς
426 469 530 494 ἐκεῖνον
559 469 591 494 ἐκ
616 469 719 504 τρίτου,
745 469 794 502 οὐχ
808 467 866 502 ἅμα

89 514 140 541 ἀλλ’
154 515 182 540 ἐν
196 513 236 548 τῷ
253 514 356 548 μεταξὺ
373 514 470 548 καιροῦ
484 513 679 545 διαλείποντας.
693 514 736 550 [Ρ.
751 514 794 549 i5]
811 515 865 541 Καὶ

88 559 182 594 ήφωνὴ
194 560 293 591 λέξεως
308 560 338 585 οὺ
354 560 494 594 συνήθους,
511 559 572 586 οὔτε
584 560 637 594 μὴν
647 561 696 595 οὐχ
709 561 784 591 ὅπως
806 561 866 586 Ἐλ-

90 604 188 639 ληνικὴ,
209 605 269 630 ἀλλ’
283 605 343 631 οὖδέ
358 613 410 631 τινι
428 605 510 639 ἑτέρα
526 605 641 641 γλώσσῃ
655 606 804 640 προσήκειν
820 606 865 631 δο-

88 650 163 675 κοῦσα
174 658 180 664 ·
198 649 325 683 Μάρκου
336 650 390 684 γὰρ
404 649 519 682 ελέγετο,
533 650 579 676 καὶ
592 650 672 676 πλέον
681 650 730 676 οὐκ
743 648 786 684 ἦν.
808 650 866 684 Ἐφ’

86 691 106 728 ᾧ
118 695 147 728 δὴ
158 694 337 728 θαυμάσαντα
356 695 401 720 τὸν
417 695 548 729 ἀρχιερέα
559 695 640 726 εὐθὺς
656 696 815 730 προσελθεῖν
828 696 867 731 τῷ

87 741 279 775 Θεσσαλονίκης
308 740 338 775 (ὁ
353 739 500 770 δισύπατυς
512 740 545 776 ἦν
559 741 705 776 Μανουὴλ)
721 742 767 769 καὶ
778 743 868 777 ἀπαγ-

90 787 166 820 γεῖλαι
182 787 256 817 ὅπως
268 795 298 812 τε
314 787 423 821 σταθείη
440 788 479 818 εἰς
495 788 544 822 τὴν
570 787 638 822 μετὰ
651 787 808 822 ψαλμῳόίας
825 790 867 815 ὲν-

86 832 172 865 τυχίαν
186 832 265 863 Θεοῦ,
278 833 327 858 καὶ
341 834 414 864 ὅπως
427 834 588 868 ἀπροόπτως
604 834 729 867 ἀφίκοιτο
745 836 761 869 ή
778 835 864 870 φωνὴ,

87 877 247 912 λογιζομένῳ
263 878 327 913 περὶ
340 875 375 904 ὧν
390 878 546 912 λογίζεσθαι
559 878 621 912 ἔφη.
644 879 698 904 Καὶ
714 879 755 912 ἐφ’
772 880 865 906 ίκανὸν

89 924 131 957 τὴν
142 923 212 954 λέξιν
231 923 411 958 σκεψάμενον,
433 924 463 950 τὺ
475 924 583 959 συμϐὰν
611 925 656 951 ἐπὶ
671 925 701 952 τὸ
715 925 798 952 πάλαι
812 926 868 952 Βέ-

90 969 161 1000 κλας
174 967 268 993 λαϐεῖν
282 968 327 994 ἐπὶ
338 969 485 1003 λογισμῶν,
508 971 556 996 καὶ
571 970 604 996 τὰ
629 972 746 1005 στοιχεῖα
759 971 808 1006 τῆς
823 972 868 997 λέ-

87 1013 149 1043 ξεως
173 1013 368 1046 ἀναπτύξαντα
399 1014 534 1052 ἁριδήλως
561 1016 643 1049 φάναι
661 1016 711 1051 τὴν
727 1016 866 1050 βασιλείαν

92 1058 232 1090 Ῥωμαίων
260 1058 299 1093 τῷ
317 1059 492 1094 Παλαιολόγῳ
511 1060 729 1095 μνηστεύεσθαι·
757 1062 867 1097 Μιχαὴλ

86 1102 136 1137 γὰρ
151 1103 236 1130 Ἀναὲ
256 1103 400 1138 Ῥωμαίων
417 1105 599 1139 Παλαιολόγος
618 1106 715 1138 Ὀξὲως
729 1106 868 1141 ’Υμνηθή-

86 1155 166 1179 σεται,
182 1148 220 1179 ὡς
237 1147 326 1182 ἔλεγε,
342 1150 392 1184 τήν
417 1149 489 1182 λέξιν
517 1149 625 1184 δηλοῦν.
650 1151 710 1177 Εἰσὶ
731 1151 756 1177 δ’
770 1151 868 1183 οἵτινες

85 1192 186 1225 λέγουσι
205 1195 275 1228 μήτε
293 1195 339 1220 τὸν
352 1196 504 1230 Δυρραχίου
523 1196 635 1222 τοιαῦτα
657 1196 772 1223 ἀκοῦσαι
797 1198 867 1232 μήτε

84 1237 126 1262 τὸν
138 1238 341 1273 Θεσσαλονίκης
354 1240 466 1266 τοιαῦτα
483 1240 677 1273 φοιὸἀσασθαι,
695 1241 764 1268 ἀλλὰ
785 1243 868 1277 σοφὸν

85 1282 183 1307 ἐκεῖνον
199 1282 277 1313 δντα,
293 1283 340 1309 καὶ
354 1284 417 1318 περὶ
443 1285 570 1316 τοιαύτας
598 1285 706 1320 βίϐλους
729 1286 757 1313 αἱ
773 1286 804 1322 δὴ
822 1290 868 1314 καὶ

84 1327 221 1361 βασιλείας
236 1329 266 1360 ἐς
281 1330 391 1356 τούπιὸν
407 1330 587 1357 διατυποῦσιν
601 1331 778 1367 ἐπτοημένην,
793 1333 869 1367 φιλο-

83 1422 126 1441 rus
149 1423 205 1442 rem
231 1416 328 1450 cmpit,
347 1416 482 1444 silentium
507 1417 603 1445 indicit
619 1419 728 1453 populo,
741 1419 869 1455 solusque

914 193 945 228 δὴ
962 195 1097 229 γνωρίσαι
1109 195 1218 222 Θέλοντα
1234 195 1319 222 ταῦτα
1332 194 1354 230 ᾧ
1369 205 1400 230 γε
1416 194 1461 222 καὶ
1474 198 1490 232 ἡ
1501 197 1550 232 τῆς
1561 198 1700 232 βασιλείας

916 241 1094 274 κατηγγυᾶτο
1111 241 1247 276 περιωπή,
1278 241 1326 267 καὶ
1354 242 1500 276 ἀναφέρειν
1521 239 1576 268 οἷον
1598 244 1701 270 ἐκεῖνον

914 285 962 318 τῆς
980 284 1078 320 λύπης,
1098 286 1159 311 ἐπεὶ
1173 285 1220 311 καὶ
1234 286 1300 320 περὶ
1312 286 1381 320 αὐτῇ
1398 288 1429 322 τῇ
1451 286 1508 320 ζωῇ
1523 287 1702 319 ὲδεδοίκει,τὺ

917 330 966 364 μὲν
979 331 1010 356 ἐκ
1028 330 1126 364 βίϐλων
1147 331 1247 357 ειδέναι
1274 331 1364 363 λέγειν
1383 333 1419 365 μὴ
1445 331 1518 366 ἔχειν
1543 332 1638 366 ἐκείνῳ
1654 342 1701 359 πιι

916 375 1021 402 στεύειν
1041 376 1118 410 (οὐδὲ
1143 377 1196 411 γὰρ
1215 377 1356 411 ἀραρότως
1381 374 1436 411 εἶχε
1461 379 1521 408 ταῖς
1538 377 1639 411 βίϐλοις
1659 379 1702 404 ἐπ’

916 421 1024 455 ἀδήλοις
1052 423 1112 452 ταῖς
1139 421 1322 455 ἀποϐάσεσι),
1351 422 1381 448 τὸ
1396 421 1418 448 δ’
1449 423 1480 448 ἐκ
1495 422 1562 448 Θεοῦ
1577 424 1702 458 φανερῶς

915 465 1042 496 ἀκοῦσαι,
1058 466 1095 501 μὴ
1111 466 1159 492 καὶ
1173 466 1304 498 πολλάκις
1320 467 1365 493 τὸν
1386 467 1471 501 -λόγον
1485 468 1624 494 πιστεύειν
1649 468 1703 494 δια-

918 512 1011 537 πεσεῖν
1023 511 1181 544 δεδοικέναι,
1198 512 1246 538 καὶ
1257 512 1303 538 διὰ
1316 511 1401 538 ταῦτα
1417 511 1454 546 τῷ
1467 512 1620 547 Δυρραχίου
1638 512 1704 547 περὶ

915 557 970 583 τῶν
986 557 1114 583 τοιούτων
1129 557 1391 592 κοινολογησάμενον
1406 557 1481 592 αὑτῷ
1497 559 1544 592 μὲν
1556 558 1704 584 ὑποθέσθαι

917 601 1007 634 λέγειν
1026 602 1075 636 τῆς
1091 602 1181 636 φωνῆς
1207 602 1332 634 ἀκοῦσαι,
1362 604 1465 629 ἐκεῖνον
1479 604 1501 629 δ’
1518 604 1703 630 ἀναπτύσσειν

918 647 1126 682 προσποιεῖσθαι
1141 647 1208 682 πρὸς
1221 648 1288 682 ὅπερ
1304 649 1349 674 καὶ
1361 648 1483 683 βούλοιτο
1505 649 1554 682 τὴν
1568 648 1634 683 παρ’
1656 649 1704 674 αὑ-

917 693 963 719 τοῦ
981 693 1154 730 συντεθεῖσαν
1169 694 1252 725 λέξιν.
1273 693 1307 719 "A
1337 693 1369 727 δὴ
1389 693 1427 727 τῷ
1451 694 1627 728 Παλαιολόγῳ
1658 703 1703 720 πι-

919 740 1058 770 στεύοντες
1076 739 1123 766 καὶ
1150 740 1300 775 ἀμφᾶτεροι
1326 741 1430 766 ἐκεῖνον
1455 740 1503 774 μὲν
1529 740 1572 766 ἐπ’
1589 740 1705 774 ἀγαθαῖς

918 786 1024 812 ἐλπίσιν
1041 784 1113 820 εῐχον
1129 786 1316 820 μετεωρίζειν,
1342 787 1447 817 ἑαυτοῖς
1469 786 1507 818 δὲ,
1522 788 1546 812 εί
1568 788 1604 821 μὴ
1619 786 1706 818 οὕτως

918 832 1048 866 ἀποόαίη,
1065 832 1230 866 παραίτησιν
1244 831 1422 858 ὑπελείποντο
1438 831 1474 864 ὡς
1489 831 1642 866 ἁμαρτοῦσι
1656 833 1706 866 τῆς

917 876 1086 910 ἐξηγήσεως,
1101 875 1165 902 ἄλλο
1175 885 1200 902 τι
1220 876 1271 910 τῆς
1287 876 1379 909 φωνῆς
1395 876 1464 910 τάχα
1488 876 1620 911 δηλούσης
1634 877 1650 912 ἢ
1667 877 1706 908 ὡς

917 923 1032 954 ἐκείνοις
1045 923 1172 958 ὲξήγητο.
1194 923 1267 957 Πλὴν
1287 923 1345 949 ἀλλ’
1369 923 1397 949 ἐν
1412 923 1531 958 τοσούτῳ
1545 923 1640 957 φθάνει
1658 924 1705 950 καὶ

916 969 931 994 ὁ
943 968 997 995 τῶν
1014 968 1162 1002 βασιλικῶν
1180 967 1271 994 ἵππων
1289 968 1377 1002 κόμης
1389 969 1402 994 ὁ
1415 967 1546 1002 δηλωοεὶς
1570 969 1703 1004 Χαδηνδς,

918 1015 964 1041 καὶ
979 1013 1115 1040 ἐπιϐαίνει
1129 1012 1241 1047 ἀπτέρῳ
1256 1013 1334 1048 τάχει
1355 1012 1568 1048 Θεσσαλονίκης,
1593 1013 1641 1040 καὶ
1654 1014 1704 1040 αὺ-

917 1060 981 1087 τίκα
995 1059 1025 1086 τὸ
1040 1059 1135 1085 πιστὸν
1148 1059 1197 1093 τῆς
1210 1059 1304 1094 φήμης
1330 1059 1413 1091 ἔδειξε
1439 1059 1557 1093 πράξας,
1582 1058 1628 1085 τὸν
1647 1060 1705 1086 Πα-

918 1105 1057 1139 λαιολόγον
1071 1105 1099 1131 ἐν
1114 1104 1232 1138 ἀσφαλεῖ
1246 1104 1400 1138 κατασχών.
1416 1104 1538 1139 Σιδήροις
1549 1105 1642 1138 μέντοι
1654 1105 1704 1130 οὐκ

918 1151 990 1185 ἔγνω
1005 1150 1146 1185 δεσμεύειν
1161 1149 1200 1175 τὼ
1216 1149 1291 1181 πόδε,
1302 1149 1340 1180 ὼς
1354 1149 1386 1183 δή
1402 1150 1426 1175 οί
1442 1150 1488 1175 καὶ
1500 1149 1705 1184 προστεταγμέ-

919 1206 964 1224 νον
976 1194 1019 1232 ἦν,
1036 1195 1085 1221 οὐκ
1102 1193 1149 1221 οἶδ’
1176 1194 1231 1220 εἴτε
1246 1195 1275 1220 τὸ
1289 1194 1334 1220 τοῦ
1362 1194 1458 1229 ἀνδρὸς
1484 1194 1643 1228 αἰδούμενος
1659 1195 1705 1220 εὑ-

919 1242 1008 1277 γενές,
1029 1241 1085 1267 εἴτε
1103 1249 1129 1267 τι
1146 1240 1191 1267 καὶ
1203 1240 1294 1275 φιλίας
1311 1240 1379 1275 πρὸς
1397 1241 1514 1266 ἐκεῖνον·
1526 1240 1619 1274 τὸγὰρ
1640 1240 1707 1266 ὑπο-

918 1289 989 1315 νοεῖν
1001 1296 1026 1313 τι
1040 1287 1104 1321 περὶ
1119 1287 1222 1313 ἐκείνου
1237 1286 1289 1312 τῶν
1305 1286 1413 1319 ἀγαθῶν
1429 1287 1462 1311 τᾶι
1479 1285 1526 1320 τῆς
1551 1286 1634 1320 ὀργῆς
1654 1285 1706 1311 οὐκ

920 1333 1032 1360 ἐδίδουν.
1047 1332 1122 1363 Τέως
1136 1331 1158 1358 δ’
1170 1331 1392 1366 ἀφοσιωσάμενῡς
1405 1331 1500 1365 ἐκείνῳ
1514 1331 1546 1357 τὰ
1557 1332 1606 1365 τῆς
1622 1330 1705 1366 τιμῆς

919 1421 1125 1450 exhilarandum
1143 1418 1320 1453 Palteologum
1335 1419 1458 1445 etumlem
1478 1423 1553 1446 tanto
1569 1422 1632 1444 tunc
1651 1425 1702 1451 op-

81 1467 168 1487 secum
186 1461 245 1495 ipse
266 1461 350 1488 Deum
371 1462 551 1490 intentissime
567 1464 716 1498 alloquens,
732 1473 790 1499 qua:
805 1472 867 1493 ante
880 1479 902 1508 ο
920 1475 1041 1503 pressum
1059 1466 1142 1493 animi
1167 1463 1293 1496 nimrore,
1314 1469 1342 1490 ut
1366 1465 1398 1490 de
1419 1464 1471 1490 vita
1492 1464 1550 1497 ejus
1567 1467 1704 1490 metuere-

81 1507 244 1533 saerilicium
263 1507 317 1534 rite
335 1507 409 1534 fundi
429 1513 627 1535 consueverunt
652 1516 745 1543 preces
764 1517 868 1537 summa

81 1552 280 1586 tranquillitate
296 1553 434 1585 recitabat.
448 1552 516 1579 Tum
527 1554 666 1581 enimvero
686 1561 778 1581 vocem
791 1555 870 1581 inau-

81 1597 150 1624 disse
176 1598 261 1624 tertio
290 1598 412 1625 eamdem
432 1599 587 1626 intermisso
614 1603 734 1633 tempore
760 1600 868 1627 dicitur.

81 1642 140 1669 Erat
156 1648 249 1670 autem
266 1650 319 1670 vos
339 1643 442 1670 insueta
465 1643 553 1675 plane,
579 1643 677 1671 nullius
700 1644 787 1672 aliinis
802 1651 871 1672 nota)

81 1689 183 1723 lingum,
202 1689 306 1716 nedum
331 1688 441 1716 Grmcm.
465 1689 575 1722 Marpott
597 1690 726 1716 nimirum
751 1698 871 1724 pronun~

81 1735 137 1761 tiari
154 1735 302 1767 audiebat,
319 1739 346 1761 et
362 1734 428 1761 nihil
448 1735 532 1762 aliud.
552 1735 629 1768 Quod
646 1735 741 1769 praesul
755 1736 871 1762 adrnira-

81 1786 130 1811 tus.
153 1782 247 1808 statim
281 1781 556 1808 Thessalonicensem
590 1782 716 1809 convenit
745 1781 787 1817 (is
813 1787 873 1809 erat

81 1826 222 1861 Disypatus
240 1826 380 1862 Manuel),
400 1827 479 1862 eique
504 1827 609 1854 nuntiat
630 1827 719 1860 agenti
742 1827 791 1854 sibi
810 1835 871 1854 cum

81 1870 131 1897 Deo
145 1880 194 1906 per
209 1880 322 1899 sacram
346 1872 534 1906 psalmodiam,
549 1877 575 1899 et
590 1879 620 1898 ea
643 1876 731 1898 mente
753 1872 872 1899 versanti

78 1923 135 1950 qua
148 1925 177 1944 se
195 1919 339 1951 cogitasse
356 1916 501 1948 referebat,
517 1918 625 1944 missam
647 1922 674 1945 et
689 1917 761 1945 clare
783 1917 873 1952 prola-

79 1966 127 1988 taut
156 1970 240 1998 quam
272 1963 418 1990 retulimus
447 1969 550 1990 vocem.
576 1961 641 1990 Eam
666 1971 726 1991 cum
757 1963 800 1990 ille
827 1964 871 1990 diu

79 2011 233 2041 stu-meque
254 2007 469 2040 considerasset,
487 2007 589 2041 aliquid
614 2006 640 2033 in
666 2014 697 2034 ea
717 2006 805 2034 simile
827 2015 872 2034 su-

78 2052 196 2085 spicatus
211 2057 256 2079 est
277 2060 311 2078 ac
325 2053 522 2086 deprehensum
546 2052 644 2079 fuisset
657 2052 724 2079 alias
740 2052 765 2079 in
788 2060 871 2080 voca-

78 2095 137 2123 bulo
156 2097 295 2124 divinitus
318 2098 419 2130 pariter
439 2097 513 2124 edito
538 2097 645 2129 Beclar;
664 2098 734 2124 unde
754 2097 872 2132 singulas

922 1517 975 1540 tur.
993 1511 1049 1538 Non
1066 1517 1191 1544 sperasse
1204 1514 1293 1536 autem
1315 1517 1343 1536 se
1360 1509 1409 1543 ipsi
1427 1515 1618 1542 prrsuasurum
1635 1509 1705 1543 tho-i

921 1557 1038 1588 volebat,
1054 1556 1076 1583 si
1093 1563 1125 1582 ex
1142 1554 1218 1581 libris
1233 1555 1258 1580 id
1276 1561 1306 1581 se
1328 1553 1450 1580 hausisse
1470 1553 1626 1585 afﬁrmaret,
1641 1560 1708 1587 quo-

922 1603 992 1629 niatn
1004 1602 1038 1628 ob
1051 1601 1147 1628 inultas
1160 1599 1348 1634 prmdicliones
1367 1599 1432 1625 tales
1447 1604 1545 1625 eventu
1564 1598 1707 1625 frustratas

921 1649 992 1675 haud
1011 1652 1070 1675 erat
1090 1645 1236 1674 verisimile
1251 1645 1314 1672 huic
1328 1652 1389 1672 eum
1404 1644 1547 1678 tranquille
1561 1652 1592 1670 ac
1610 1651 1707 1671 secure

922 1695 1120 1728 acquieturum.
1133 1692 1278 1727 Propterea
1298 1691 1410 1718 finxisse
1428 1689 1569 1716 manifeste
1589 1689 1641 1716 s'bi
1658 1697 1708 1716 an-

922 1740 1004 1767 dit.nu
1030 1739 1139 1765 missam
1154 1746 1168 1764 a
1188 1737 1244 1764 Deo
1260 1745 1369 1769 vocem,
1384 1736 1427 1763 cui
1441 1736 1518 1769 signo
1536 1739 1627 1770 tttpote
1647 1743 1708 1762 raro

922 1791 949 1812 et
970 1785 1038 1812 tniro
1063 1784 1167 1811 facilius
1186 1783 1352 1810 crediturum
1379 1781 1559 1816 Palaeologum
1583 1782 1705 1814 putabat.

923 1832 987 1858 Inde
1007 1839 1036 1858 re
1054 1838 1114 1857 cum
1132 1828 1289 1864 Dyrrhachii
1306 1828 1420 1862 praesule
1441 1828 1650 1859 communicata,
1669 1825 1706 1853 illi

923 1877 1029 1911 penitus
1052 1875 1169 1902 suasisse
1183 1879 1212 1900 ul.
1233 1874 1256 1901 is
1272 1881 1362 1901 vocem
1387 1874 1522 1900 inandisse
1536 1873 1639 1900 diceret
1654 1881 1661 1899 :
1679 1879 1709 1899 se

924 1926 1003 1957 prout
1027 1921 1122 1947 liberet
1137 1919 1259 1947 eamdem
1276 1927 1290 1946 ιι
1307 1926 1336 1946 se
1357 1919 1498 1946 confictam
1520 1919 1656 1954 explicare
1673 1918 1710 1945 si-

923 1967 1098 1994 mulaturnm.
1115 1965 1218 1998 Quibus
1234 1965 1384 1998 Palmolngo
1402 1965 1482 1990 veluti
1508 1965 1541 1990 ad
1565 1972 1657 1991 aurem
1674 1964 1708 1991 ab

924 2010 1044 2043 utrisque
1057 2009 1177 2040 creditis,
1192 2008 1219 2034 in
1233 2016 1356 2042 magnam
1373 2016 1447 2041 spem
1467 2009 1600 2034 hominem
1612 2016 1708 2035 erexe-

923 2057 997 2084 runt,
1025 2053 1141 2087 sibique,
1168 2053 1190 2079 si
1214 2057 1326 2082 eventus
1353 2053 1386 2078 ad
1413 2057 1563 2079 extremum
1593 2053 1707 2083 falleret,

924 2098 1125 2125 excusationem
1149 2097 1312 2131 probabilem
1340 2098 1521 2132 reliquerunt,
1546 2099 1622 2131 quasi
1642 2106 1709 2132 quos

78 2141 132 2174 ejus
153 2143 242 2176 ignoti
274 2142 394 2169 nominis
414 2142 554 2169 excutiens
577 2142 690 2173 litteras,
713 2143 870 2177 planiSsime
887 2143 908 2171 ο
923 2144 1077 2178 conjectura
1101 2143 1248 2169 induxisset
1267 2143 1292 2169 in
1307 2150 1502 2174 crrorem,non
1515 2144 1580 2169 satis
1593 2144 1709 2170 feliciter

79 2187 190 2212 asseruit
208 2186 401 2213 Romanorum
418 2186 560 2220 imperium
576 2185 725 2221 Palaeologo
743 2188 873 2221 promitti.

79 2230 128 2258 llas
143 2232 217 2259 enim
245 2232 325 2258 hisce
349 2231 446 2258 litteris
470 2231 604 2266 designari
623 2239 702 2259 voces
727 2241 734 2259 :
760 2231 875 2260 Michael

79 2279 213 2311 Augustus
231 2277 422 2304 [tertianorum
440 2276 603 2311 Palteologus
614 2277 701 2312 Ocyus
719 2277 875 2306 Vocabitur.

79 2325 144 2350 Sunt
160 2330 254 2351 tamen
273 2323 323 2357 qui
344 2323 435 2349 dicant
456 2323 513 2350 ba-e
530 2331 617 2358 neque
634 2331 648 2350 a
664 2323 873 2358 Dyrrhacbiensi

78 2369 165 2394 audita
191 2375 288 2403 neque
317 2375 333 2394 a
357 2366 591 2395 'l'hessalonicensi
616 2369 699 2396 fuisse
723 2370 804 2403 dicta,
826 2371 874 2397 sed

78 2413 146 2439 hunc
171 2413 290 2447 ingenio
314 2416 394 2446 atque
411 2418 467 2438 arte
495 2419 549 2439 rem
575 2417 658 2440 lotam
679 2419 872 2440 catumentttm.

76 2456 137 2484 Etut
150 2459 290 2486 nimirum
307 2457 559 2486 Thessalonicensis
568 2459 635 2486 mire
647 2459 754 2486 deditus
766 2459 873 2487 lectioni

75 2511 104 2529 ac
121 2501 301 2530 meditationi
319 2500 449 2528 librorum
465 2501 509 2535 qui
529 2507 614 2528 artem
635 2504 794 2536 profitentur
807 2503 875 2530 divi-

75 2548 153 2574 nandi
181 2548 299 2575 futuras
320 2547 499 2580 quorumdam
521 2547 675 2574 evectioues
697 2548 729 2574 ad
751 2549 873 2583 imperia,

76 2596 186 2626 lotoque
213 2593 242 2618 in
269 2592 327 2618 isto
342 2590 522 2624 qualicunque
549 2591 665 2618 artificio
687 2592 873 2626 pt'wodorantli

75 2644 205 2665 eventura
234 2637 388 2672 plurimum
406 2637 460 2671 29
473 2638 650 2665 exercitatus.
668 2636 738 2672 Ergo
753 2645 813 2664 cum
831 2646 874 2666 res

76 2684 152 2711 istius
170 2684 288 2719 generis
312 2683 497 2710 curiosissinte
520 2683 685 2718 investigatis
705 2683 794 2710 nescio
812 2685 874 2718 quid

76 2730 107 2756 de
119 2731 298 2766 imperaturo
311 2727 460 2762 Palaeologo
471 2729 633 2762 eotnperissc
645 2728 694 2754 sibi
706 2735 777 2754 esset
789 2729 873 2760 visus.

76 2776 147 2803 aiunt
169 2775 222 2802 ista
249 2780 320 2802 eum
348 2773 439 2800 notitia
463 2779 613 2807 opportune
636 2773 673 2799 uti
702 2773 817 2800 voluisse
839 2772 872 2799 ad

927 2189 1114 2222 interpretatos
1134 2195 1224 2214 vocem
1237 2187 1309 2214 aliud
1336 2195 1428 2214 revera
1445 2188 1619 2220 indit-amem,
1631 2193 1710 2221 prout

925 2238 1020 2258 eventa
1039 2236 1236 2261 monstrarent,
1252 2239 1332 2266 quam
1351 2235 1422 2266 quod
1442 2232 1492 2266 ipsi
1507 2232 1634 2265 suspicati
1653 2236 1709 2259 tum

926 2277 1050 2304 fuissent.
1077 2277 1180 2304 Interea
1205 2277 1266 2303 dum
1295 2277 1353 2304 hinc
1379 2281 1520 2312 geruntur,
1545 2278 1708 2312 imperatorii

925 2322 1062 2356 equitatus
1085 2321 1173 2348 dictus
1187 2321 1242 2354 jam
1264 2328 1355 2348 comes
1379 2323 1533 2355 supervenit
1554 2323 1709 2357 Chadenus,

926 2367 1200 2401 Thessalonicatuque
1209 2367 1360 2401 ingreditur
1370 2368 1552 2401 perceleriter,
1562 2369 1710 2402 statimque

926 2413 996 2446 quod
1028 2413 1164 2438 communi
1185 2411 1256 2438 fauta
1282 2415 1363 2446 atque
1389 2413 1509 2439 omnium
1538 2413 1711 2441 sermonibus

927 2459 1060 2492 vulgatum
1077 2457 1174 2489 fuerat,
1196 2465 1224 2484 re
1241 2458 1298 2491 ipsa
1317 2463 1424 2485 ostensa
1446 2458 1626 2486 continuavit.
1645 2459 1710 2486 Nam

926 2502 1105 2536 l'almologum
1119 2509 1213 2529 secura
1231 2503 1353 2529 custodia
1371 2504 1468 2535 tenuit,
1483 2510 1598 2537 parcens
1620 2509 1710 2531 tamen

925 2555 985 2573 ctttn
1007 2546 1093 2574 ferrea
1107 2548 1242 2581 stringere
1258 2547 1399 2581 compede,
1423 2548 1546 2581 quamvis
1560 2548 1584 2574 id
1600 2548 1712 2576 haberet

927 2593 952 2619 in
969 2593 1115 2619 mandatis.
1132 2593 1208 2623 Quod
1225 2592 1269 2619 ille
1287 2596 1376 2619 utrum
1398 2598 1479 2620 tantm
1496 2594 1646 2621 nobilitatis
1667 2602 1712 2621 re-

926 2639 1067 2669 recundia,
1078 2645 1111 2664 an
1124 2638 1248 2664 amicitia:
1257 2638 1372 2672 quodam
1386 2638 1513 2666 instinctu
1523 2638 1626 2671 fecerit,
1642 2640 1711 2667 liand

925 2684 1127 2711 allirmaverim.
1140 2682 1242 2710 Vereor
1257 2683 1328 2710 cuitn
1344 2688 1371 2710 ut
1387 2684 1454 2712 satis
1468 2685 1651 2712 verisimiliter
1659 2686 1712 2720 30

925 2729 1054 2762 suspicari
1073 2728 1152 2755 liceat
1167 2728 1320 2755 ministrum
1337 2729 1384 2755 ira:
1406 2733 1459 2756 tam
1479 2731 1578 2757 atrocis
1591 2735 1643 2757 tam
1663 2734 1713 2757 tiu-

925 2782 1018 2802 manus
1028 2782 1126 2802 sensus
1141 2778 1221 2809 atque
1237 2774 1362 2808 affectus,
1376 2776 1437 2802 dunt
1451 2783 1549 2803 salvum
1568 2776 1711 2812 imperium
