1935 3071
78 193 126 223 465

567 190 616 220 DE
637 189 834 220 MICHAELE
855 189 1087 220 PAL/EOLOGO
1107 189 1182 220 LIB.
1204 190 1225 220 Ι.

1644 187 1701 220 466

77 247 118 283 ἦν,
131 248 167 280 ὡς
179 246 276 278 ἔοικεν,
287 247 320 274 ἐκ
337 245 438 279 ζέσεως
453 247 571 281 φυσικῆς
589 246 748 282 ἐγκαρδίου.
765 245 859 278 Ὅθεν,
877 246 898 276 Δ
913 246 1115 280 προτεινόμενοι
1132 246 1218 280 ὅρκοι,
1231 245 1260 271 οὐ
1277 244 1343 278 βίων
1356 244 1410 270 τῶν
1423 244 1474 279 πρὸ
1489 243 1534 269 τοῦ
1552 244 1698 275 ἐξετάσεις.

77 291 160 328 οἶμαι,
177 293 221 319 καὶ
235 292 268 319 τὸ
281 293 381 326 εὐφυὲς
396 291 493 325 ἐκείνῳ
510 291 558 319 καὶ
580 291 651 326 ὑπὲρ
675 292 706 318 τὺ
723 292 861 326 προσῆκον

77 337 162 373 ἧι),υῦ
189 337 334 371 στέγοντος
351 337 397 364 τοῦ
421 336 515 372 μορίου
540 337 572 364 τὸ
596 337 682 368 πάθος
712 337 861 364 κάντεῦθεν

77 382 274 417 ὶκτρεπομένου
290 381 339 408 τοῦ
355 382 470 415 εἰκότος,
489 381 527 413 ὡς
543 382 611 417 μηδὲ
632 382 786 417 χρησίμους
799 382 861 408 πολε

76 428 149 458 Mitt;
163 427 340 462 ἀναπέμπειν
367 425 405 461 τῷ
431 427 576 462 ἐγκεφάλῳ
598 429 649 459 τὰς
667 427 859 458 άναπνεύσεις,

76 473 132 498 ὅθεν
152 472 199 498 καὶ
214 474 245 498 τὸ
261 471 431 506 λογίζεσθαι.
455 471 501 498 'Ev
517 472 605 507 τούτῳ
626 473 680 507 γὰρ
692 472 738 498 καὶ
753 472 861 506 φιλοσό-

77 528 130 552 φων
144 518 201 552 ἔριν
220 518 286 552 περὶ
305 518 351 543 τοῦ
380 518 491 551 φρονεῖν
517 517 698 552 συμδιόάζειν
722 526 764 549 τις
786 518 858 552 ἔχοι·

78 563 148 597 πηγὴ
175 562 231 596 γὰρ
259 562 402 596 λογισμῶν
431 562 572 596 ήκαρδία.
598 562 668 597 πλὴν
682 563 860 597 ἀναγομένων

77 607 139 641 πρὸς
151 607 198 633 τὸν
217 606 380 640 ἐγκέφαλον,
398 606 435 637 ὡς
461 608 566 639 ἐκεῖνος
580 609 751 642 συμμετρίας
775 607 790 643 ἦ
808 608 861 643 μὴν

76 654 265 688 ἀσυμμετρίας
280 653 349 688 ἔχοι,
365 653 452 685 οὕτως
465 653 656 680 εἰδοποιεῖσθαι
672 654 817 689 συμϐαίνει
830 655 861 681 τὸ

75 701 250 735 ἀναγόμενον.
267 701 336 727 Τότε
344 701 435 727 τοίνυν
451 701 653 736 ἐπι-’τικτούσης
667 702 796 736 συχνάκις
809 702 859 736 τῆς

75 748 159 780 νόσου,
184 749 236 774 οὒκ
262 745 314 774 οἷδ’
345 748 455 781 ὁπόθεν,
474 748 581 783 μήνιμα
607 747 677 774 εἶναι
701 748 731 774 τδ
746 748 831 778 πάθος
846 749 860 774 6

76 792 229 827 πάτχωνὲκ
245 793 416 827 μαγγανείας
438 793 576 825 δαιμόνιον
599 792 787 827 ὑπελάμϐανε.
806 792 861 819 Καὶ

76 838 97 862 oi
114 837 161 870 μὲν
177 836 272 863 πολλοὶ
283 837 338 862 τῶν
351 836 413 869 ἔξω,
430 834 470 868 οἷς
486 834 521 871 ἦν
534 836 568 862 τὰ
580 836 693 863 τοιαῦτα
709 835 859 869 πιστεύειν,

75 882 102 908 το
126 882 252 916 ἔγκλημα
279 881 458 916 προσέτριὸον
488 883 542 913 τοῖς
577 881 758 914 Μουζάλωσι,
784 882 860 915 παρὰ

75 928 160 962 λόγον,
187 928 236 954 καὶ
265 927 304 958 ὡς
322 928 372 954 οὐκ
391 927 425 954 ἂν
455 927 670 964 προσεδόκησαν,
699 927 755 955 τῶν
777 927 860 960 ἀξιω-
876 916 896 944 θ

78 974 164 1008 μάτων
188 973 319 1009 τυχοῦσι·
343 973 381 1008 τῷ
407 973 498 1008 μέντοι
525 981 557 1007 γε
581 973 712 1008 πάσχοντι
732 974 786 1005 πᾶς
811 972 859 999 ὕπ-

76 1027 151 1050 οπτος
171 1017 214 1054 ἦν,
243 1019 267 1045 εί
292 1018 373 1052 μόνον
388 1026 430 1049 τις
455 1018 500 1044 ἐπὶ
527 1018 707 1052 μαγγανείαις
739 1026 859 1053 κατηγο-

78 1065 142 1098 ροὲη.
170 1064 256 1090 Ὅθεν
271 1064 319 1090 καὶ
345 1063 467 1090 πλεῖστοι
486 1064 534 1090 καὶ
555 1063 609 1090 τῶν
625 1063 760 1099 τυχόντων
793 1072 859 1091 συν-

76 1110 269 1144 εὶαμὸάνοντο,
283 1109 312 1135 εῐ
324 1109 374 1136 πού
394 1118 436 1142 τις
455 1109 582 1143 γρύξειεν
607 1109 742 1143 ἐγκαλῶν.
768 1111 823 1138 Καὶ
845 1111 860 1137 6

78 1155 123 1187 μὲν
139 1155 247 1181 διώκων
274 1155 445 1190 μαγγανείας
460 1155 540 1182 ἄλλον
555 1155 624 1189 ὑπὲρ
641 1156 740 1182 ἑαυτοῦ
759 1155 860 1182 πολλὰ·

77 1201 149 1235 κιςῆ
171 1201 218 1227 τοῦ
245 1201 361 1235 πλησίον
386 1200 541 1234 προῦὸαλλε
557 1200 727 1236 τοῦγκλημα,
751 1201 790 1233 ὡς
821 1202 861 1228 δί-

77 1256 125 1278 κας
151 1247 307 1282 ληψόμενος
336 1246 503 1279 άποδείξας”
539 1246 708 1281 ἀναγόμενον
734 1246 763 1273 δὲ
791 1247 860 1282 πρὸς

78 1293 180 1327 βασιλέα
195 1293 226 1319 τὸ
249 1292 377 1327 ἔγκλημα
397 1294 428 1319 ἐκ
452 1292 498 1319 τοῦ
515 1292 672 1327 παραυτίκα
690 1293 731 1328 (οὗ
755 1293 810 1328 γὰρ
825 1290 860 1329 ἦν

77 1339 176 1373 σιωτᾷν
202 1338 387 1373 ἀκούσαντα),
417 1339 431 1365 6
457 1339 484 1365 δὲ
498 1338 547 1373 οὐχ
562 1338 631 1371 ὑπὲρ
648 1338 727 1364 ἄλλου
740 1347 786 1365 του
801 1339 860 1366 ἀλλ’

76 1383 149 1415 αὐτὸς
166 1384 265 1410 ἑαυτοῦ
284 1383 400 1414 συνόλως
424 1383 549 1417 ἀγωνιῶν
570 1383 753 1419 προσέταττεν
766 1384 860 1416 ἐξετά-

76 1429 173 1461 ζεσθαι.
188 1430 366 1464 Παράστασις
381 1428 409 1456 δὲ
435 1429 482 1456 τοῦ
503 1429 540 1464 μὴ
563 1429 665 1464 ψήφοις
682 1430 801 1462 ἀπάσαις
813 1431 861 1458 τὸν

76 1475 229 1510 χρινὸμενον
257 1475 395 1510 αἱρεῖσθαι
417 1475 448 1502 οὐ
472 1474 618 1511 μαρτύρων
638 1477 815 1510 παραγωγαὶ,
829 1477 859 1503 οὐ

76 1550 168 1576 gravzs,
191 1541 336 1577 epilepsia.
355 1550 407 1577 qua
431 1542 547 1570 subinde
563 1543 750 1577 apprehensus
767 1543 861 1571 conci-

75 1588 159 1615 debat.
176 1588 262 1623 Origo
277 1588 336 1622 ejus
358 1587 532 1615 versiniiliter
544 1587 728 1622 impulabatur
744 1588 861 1616 naturali

76 1632 283 1660 eﬂ‘erveSrentiaa
306 1632 395 1659 cordis
421 1632 520 1667 (quam
546 1637 574 1660 et
597 1640 709 1660 causam
730 1633 755 1660 ei
780 1633 862 1661 fuisse

77 1688 131 1706 reor
144 1679 252 1706 ruboris
264 1679 292 1704 in
308 1677 383 1705 vultu
394 1677 534 1713 ﬂagrantis
547 1678 597 1714 (l),
610 1678 682 1706 haud
693 1686 754 1707 sese
766 1679 862 1706 videli-

76 1727 252 1760 cetcapiente
278 1725 377 1752 ardore
402 1723 533 1758 principis
558 1724 630 1752 illius
654 1724 778 1758 membri,
796 1726 861 1759 quin

78 1771 142 1798 foras
156 1778 243 1805 usque
263 1771 291 1797 in
307 1777 338 1797 os
353 1775 379 1797 et
392 1777 474 1803 genas
489 1773 648 1804 erumpente
665 1770 764 1798 interni
780 1776 863 1800 astus

78 1817 169 1845 indicio
181 1825 210 1844 se
223 1817 365 1852 proderet.
381 1816 434 1844 Sed
445 1821 472 1843 et
486 1816 611 1851 fuligines
624 1824 657 1844 ex
672 1817 725 1844 isto
738 1818 863 1845 incendio

78 1870 176 1890 sursum
200 1863 227 1889 in
239 1862 386 1889 cerebrum
404 1861 514 1896 perlatae
530 1862 645 1890 rationis
660 1870 738 1890 usum
754 1867 862 1897 pertur-

77 1908 179 1935 Jabant.
205 1907 288 1941 Quod
304 1907 529 1942 quemadmodum
545 1907 602 1940 ﬂat,
614 1908 787 1943 quantumvis
801 1909 860 1943 phi-

77 1953 173 1986 .osoplti
187 1953 316 1980 rixentur
328 1952 398 1979 inter
411 1958 482 1984 sese,
495 1957 599 1979 certum
616 1956 705 1980 tamen
718 1953 862 1987 experien-

77 1996 116 2024 tize
132 1997 261 2033 sull'ragio
281 2001 324 2025 est
348 1997 450 2024 fontem
476 1997 541 2024 recti
564 1997 661 2034 judicii
676 2004 722 2025 cor
739 2005 811 2030 esse.
833 2002 861 2025 et

79 2048 149 2076 prout
168 2043 338 2071 exhalantur
365 2050 399 2070 ex
423 2050 456 2070 eo
487 2043 682 2070 accommodati
708 2044 742 2070 ad
767 2051 863 2071 sanum

78 2093 316 2123 temperamentum
340 2088 437 2123 capitis
460 2092 507 2115 aut
521 2088 546 2115 ei
573 2089 723 2116 adversarii
737 2096 859 2123 vapores,

79 2134 109 2159 ita
119 2135 230 2162 delirare
246 2134 386 2162 hominem
397 2138 443 2160 aut
459 2140 565 2167 sapere.
585 2133 659 2160 Tunc
675 2133 756 2168 igitur
767 2133 861 2161 istius-

79 2179 141 2205 πιολὶ
155 2180 305 2214 ca’iginum
332 2178 504 2206 incommodo
524 2178 551 2205 in
573 2179 714 2206 cerebrum
750 2178 861 2213 appulsu

79 2225 180 2252 subinde
195 2225 342 2260 perculsus
368 2232 449 2259 aeger,
462 2223 586 2252 laborare
609 2231 638 2251 se
657 2224 682 2250 vi
704 2231 774 2251 saeva
799 2224 860 2251 mali

79 2271 199 2299 daemonis
216 2277 361 2306 magorum
384 2270 491 2297 artibus
514 2270 636 2298 immissa
660 2270 809 2305 judicabat.
825 2270 864 2298 Ac

81 2315 166 2349 vulgus
188 2316 301 2350 quidem
325 2315 359 2341 ad
379 2314 443 2342 talia
460 2315 600 2341 credulum
614 2315 717 2342 crimen
732 2314 791 2350 ejus
806 2322 864 2341 ma-

82 2360 154 2387 lelicii
171 2361 342 2395 impingebat
364 2360 562 2393 Muzalonibus,
580 2359 658 2394 quasi
671 2360 716 2394 qui
730 2367 783 2386 non
799 2366 865 2387 con-

80 2407 136 2432 tcnli
152 2406 335 2440 dignitatibus
351 2405 499 2437 concessis,
514 2405 546 2431 ad
566 2405 693 2438 majores.
709 2405 806 2439 quibus
826 2405 866 2432 in-

80 2451 190 2483 hiabant,
219 2451 294 2478 viam
323 2450 374 2478 sibi
393 2457 426 2478 eo
451 2450 555 2478 scelere
582 2455 746 2478 sternerent.
783 2450 866 2484 [Εκιο

79 2502 159 2523 autem
177 2501 327 2531 suspectus
344 2496 432 2530 quivis
446 2501 516 2528 erat,
529 2503 610 2530 quem
623 2497 865 2531 quomodocunque

80 2542 221 2569 insimulari
245 2542 444 2577 praestigiarum
465 2542 581 2569 audiret.
606 2541 696 2575 Quare
718 2542 810 2570 statim
831 2542 865 2569 ad

80 2586 172 2618 primos
195 2593 329 2613 susurros
347 2586 388 2613 vel
410 2590 512 2613 temere
524 2584 703 2613 dcferentium
721 2585 793 2612 obvii
807 2592 867 2619 pas-

80 2632 125 2658 sim
145 2632 248 2666 quique
271 2631 581 2666 comprehendebantur.
600 2631 658 2664 Quo
675 2631 865 2658 animadverso

80 2677 119 2710 qui
153 2677 272 2712 aliquem
304 2678 426 2711 oderant,
459 2682 562 2704 certam
590 2685 650 2705 eam
690 2677 795 2705 inibant
821 2684 866 2704 ra-

81 2724 171 2750 tionem
197 2724 257 2758 ejus
282 2723 354 2750 male
383 2723 525 2756 multandi,
559 2729 588 2750 ut
611 2723 666 2758 jam
693 2723 793 2750 delatio
810 2731 866 2750 ma-

83 2769 124 2797 si.»
164 2771 297 2797 indicium
342 2774 416 2797 esset
454 2770 500 2797 int:
538 2770 645 2805 injustas
683 2778 779 2804 poenas
818 2778 867 2804 per

83 2813 129 2850 33
141 2815 306 2844 calumniam
323 2815 356 2843 de
369 2816 478 2843 inimico
494 2816 766 2851 repetentis.,l’erlata
779 2820 866 2844 autem

116 2882 150 2916 ll)
166 2883 206 2910 Cl'.
226 2882 338 2910 Possin.
354 2882 474 2911 Glossar.
495 2891 519 2912 ν.
536 2883 656 2918 meum.

911 292 962 318 οὒκ
976 291 1034 319 ἄλλ’
1047 291 1115 318 ἄττα
1135 288 1176 322 οἷς
1191 291 1221 317 τὸ
1237 290 1334 324 ψεῦδος
1359 290 1500 324 ἐλέγχεται
1510 298 1518 305 ο
1536 289 1593 316 ἀλλ’
1610 289 1638 315 ἓν
1651 290 1700 316 καὶ

913 339 993 373 μόνον
1011 335 1045 372 ἦν
1062 338 1090 363 τὸ
1118 337 1203 369 σῶζον
1222 336 1284 368 τοὺς
1300 336 1452 371 ἡλωκότας,
1476 335 1519 371 [Ρ.
1538 335 1582 371 18]
1606 336 1630 361 ει
1647 335 1699 369 μύ-

911 383 973 417 δρον
987 378 1120 418 ἔχ’πυρέις
1137 382 1188 418 ἥδη
1209 382 1313 414 ζέοντα,
1325 382 1340 408 ὂ
1358 382 1390 417 δὴ
1402 382 1449 408 καὶ
1463 381 1540 415 ἆγιον
1563 381 1700 416 ἐπεφήμι-

911 429 968 461 ζον,
982 429 1108 464 τολμώσῃ
1133 428 1206 464 χειρὶ
1232 428 1366 462 κύψαντες
1383 428 1542 454 ἀναλάὸοιεν
1567 427 1615 453 καὶ
1638 427 1698 460 τρὶς

912 474 1092 518 βηματίσειαν
1119 474 1236 508 ἔχοντες,
1255 473 1386 508 πρότερον
1410 474 1499 508 τρισ“ν
1514 472 1630 506 ἡμέραις
1650 471 1697 498 τοῦ

910 521 997 548 ταῦτα
1005 519 1130 554 γίνεσθαι
1141 519 1252 554 νηστείᾳ
1267 519 1479 553 καθηγνισμένοι
1489 519 1536 544 καὶ
1548 519 1696 553 προσευχῇ,

911 564 1160 600 ἐπισεσημασμένοι
1173 565 1219 590 καὶ
1232 564 1280 599 τὴν
1295 565 1374 598 χεῖρα
1384 563 1547 598 κεκρυφάλῳ
1561 563 1606 589 καὶ
1622 562 1699 596 βουλ-

911 612 955 648 λῃ,
972 611 1010 642 ὡς
1035 611 1116 645 μήτις
1145 609 1297 645 ἐπιχειροίη
1324 609 1443 642 ἀλείφων
1468 608 1540 634 τισὶν
1556 609 1598 642 ἐφ’
1615 606 1637 642 ᾧ
1660 608 1697 642 μὴ

909 657 1012 691 ψαῦσαι
1032 656 1097 691 μηδὲ
1120 655 1222 682 καῦσαι
1242 655 1272 682 τὸ
1294 655 1371 690 πῦρ.·
1385 655 1439 681 Καὶ
1456 652 1526 680 εἶδεν
1544 655 1558 680 6
1572 654 1697 688 γράφων,

911 703 984 736 ἡϐῶν
995 702 1033 737 τῷ
1046 702 1116 734 τότε,
1134 702 1303 733 ὑποστάντας
1319 701 1394 732 τινὰς
1411 700 1532 732 τοιαῦτα,
1549 700 1617 735 πλὴν
1628 700 1699 726 αλω-

911 749 1000 784 6ήτως
1009 748 1199 781 ἀπαλλάξαντα
1207 757 1224 781 ζ,
1240 748 1270 774 τὸ
1283 747 1446 781 θαυμάσιον.
1458 747 1525 774 Τότε
1534 746 1623 773 τοίνυν
1631 746 1699 781 ὤρι-

911 803 957 821 στο
976 794 1026 829 μὲν
1039 794 1085 820 καὶ
1101 794 1191 825 ἄλλοις
1215 793 1291 827 παρὰ
1305 792 1353 818 τοῦ
1367 792 1534 827 κρατοῦντος
1546 791 1697 825 λαμϐάνειν

910 840 950 872 είς
962 840 1050 874 γάμον
1073 837 1102 866 εὖ
1121 838 1167 865 τοῦ
1191 839 1288 872 γένους
1314 838 1439 873 ἐχούσας,
1456 838 1508 864 κᾶν
1520 838 1619 864 ἐκεῖνοι
1633 837 1702 863 πολ-

911 886 987 916 λάκις
1003 886 1034 912 ἐκ
1058 885 1224 920 σπερμάτων
1247 883 1318 920 ἦσαν
1337 884 1388 910 οὐκ
1414 883 1550 917 εὖγενῶνθ
1575 883 1643 918 πλὴν
1668 883 1699 909 τὶ

911 929 1020 964 εὐγενὲς
1031 930 1146 960 ἐκείνοις
1165 929 1233 964 προς
1260 929 1306 956 τοῦ
1322 929 1486 963 κρατοῦντος
1513 928 1624 964 ἔρρεπε,
1650 928 1699 954 καὶ

909 976 946 1006 ὡς
959 976 1026 1009 σφᾶς
1039 975 1092 1002 ἔδει
1107 974 1286 1009 σεμνύνεσθαι
1311 974 1474 1008 ἀξιώμασιν,
1488 975 1516 1000 ὲν
1536 974 1696 1009 εὒεργεσίας

910 1021 988 1056 μέρει
1019 1021 1065 1047 καὶ
1086 1021 1252 1055 ἀμφοτέροις
1280 1019 1310 1045 το
1337 1019 1418 1053 κῆδος
1443 1020 1457 1046 6
1474 1019 1581 1053 κρατῶν
1602 1018 1697 1050 ἐτίθει,

909 1066 973 1092 ὥστ’
989 1065 1110 1096 ἐκείνους
1127 1065 1175 1100 μὲν
1199 1066 1260 1096 ταῖς
1290 1064 1457 1100 ματρὼναις,
1479 1065 1517 1096 ὡς
1531 1065 1545 1090 ὁ
1561 1064 1698 1098 Ῥωμαῖος

909 1111 991 1144 εἴποι,
1008 1111 1045 1142 ὡς
1058 1112 1131 1142 εἰκὸς
1149 1110 1360 1146 μεγαλύνεσθαι,
1377 1111 1484 1141 ὲκείνας
1498 1110 1520 1136 δ’
1536 1107 1612 1141 αὖθις
1629 1118 1700 1143 συμ-

911 1157 1035 1192 μετέχειν
1050 1157 1103 1183 τῶν
1130 1156 1293 1191 ἀξιωμάτων
1314 1157 1370 1187 τοῖς
1388 1157 1540 1190 ἀγομένοις.
1558 1155 1700 1190 Προστάτ-

909 1211 950 1229 τει
961 1203 1050 1229 τοίνυν
1069 1203 1116 1229 σὺν
1128 1203 1186 1233 τοῖς
1209 1202 1300 1232 ἄλλοις
1312 1201 1358 1228 καί
1372 1209 1423 1228 τινι
1437 1201 1491 1227 τῶν
1505 1201 1544 1233 τίς
1554 1200 1700 1227 παιδοπού-

909 1249 972 1280 λους
986 1248 1139 1284 ταχθέντων
1151 1248 1248 1282 ἐκείνῳ
1265 1246 1311 1273 τοῦ
1325 1246 1427 1282 πατρδς
1444 1246 1554 1278 ζῶντος,
1568 1246 1700 1272 Βαλανει-

909 1293 993 1329 διώτῃ
1007 1293 1166 1327 τοῦπίκλην,
1181 1292 1231 1327 τὴν
1243 1292 1292 1326 τῆς
1306 1291 1478 1326 αὺταδέλφης
1491 1291 1538 1318 τοῦ
1551 1290 1698 1317 Παλαιολό-

910 1348 959 1374 γσυ
974 1338 1095 1373 Μαρίας,
1113 1338 1167 1364 εἴτε
1188 1338 1234 1364 καὶ
1253 1337 1379 1372 Μάρθας.
1396 1337 1480 1373 κόρην
1497 1336 1649 1371 Θεοδώραν,
1664 1337 1698 1371 ἣν

909 1385 949 1420 τῷ
960 1384 1153 1420 Ταρχανειὼτῃ
1170 1383 1278 1418 μεγάλῳ
1293 1382 1445 1417 δομεστίκῳ
1459 1382 1553 1417 ἐκείνη
1565 1381 1700 1416 γεγέννη-

910 1439 968 1464 κεν,
993 1432 1033 1462 είς
1044 1431 1132 1465 γάμον
1145 1431 1259 1464 νόμιμον
1275 1427 1436 1463 ἀγαγέσθαι.
1457 1429 1509 1455 Καὶ
1532 1427 1566 1463 ἦν
1588 1429 1602 1455 ὁ
1618 1427 1700 1462 λόγος

911 1476 956 1503 τοῦ
975 1476 1107 1512 βασιλέως
1124 1475 1216 1506 αὐτοῖς
1239 1474 1337 1510 βεϐαία
1353 1482 1393 1506 τις
1415 1473 1607 1509 κατεγγύησις,
1631 1473 1699 1500 κάν-

912 1545 946 1572 ad
965 1545 1154 1578 imperatorem
1169 1543 1343 1570 accusatione
1356 1541 1421 1576 (non
1445 1546 1504 1568 erat
1531 1540 1602 1568 enim
1631 1539 1698 1568 libe-

914 1597 973 1618 rum
995 1589 1020 1617 ei
1055 1588 1226 1616 dissimulare
1257 1588 1327 1622 quod
1353 1587 1411 1621 ejus
1442 1587 1547 1621 generis
1576 1585 1696 1612 auditum

914 1636 1025 1670 fuerat),
1040 1635 1130 1662 statim
1144 1634 1167 1662 is
1181 1634 1305 1660 turbatus
1322 1637 1347 1659 et
1362 1637 1490 1664 aestuans,
1502 1634 1630 1665 tanquam
1644 1638 1697 1657 non

914 1682 939 1709 in
955 1681 1035 1709 alium
1050 1688 1129 1716 quam
1143 1680 1168 1707 in
1186 1687 1247 1707 sese
1260 1679 1305 1714 qui
1324 1678 1495 1704 deferebatur
1512 1677 1608 1704 noxias
1626 1681 1699 1703 artes

915 1727 1086 1758 intendisset,
1104 1725 1219 1759 disquiri
1234 1725 1267 1752 de
1283 1731 1311 1750 re
1325 1723 1445 1758 iubebat.
1458 1722 1586 1750 Elabendi
1609 1727 1698 1749 autem

913 1779 928 1800 c
943 1771 1044 1806 iudicio
1063 1776 1143 1806 atque
1169 1769 1330 1797 innocentia:
1352 1767 1505 1802 probandae
1547 1774 1599 1794 una
1636 1771 1694 1793 erat

914 1819 992 1851 ratio,
1007 1825 1060 1845 non
1077 1817 1104 1844 in
1119 1815 1231 1844 calculis
1242 1815 1363 1850 iudicum
1379 1818 1425 1841 aut
1448 1813 1571 1840 laudibus
1588 1812 1699 1839 testium

914 1868 960 1891 aut
971 1862 1146 1897 jurejurando
1162 1863 1224 1889 dato
1240 1865 1285 1887 aut
1302 1860 1362 1887 vita:
1379 1860 1454 1894 prius
1478 1858 1614 1893 inculpatc
1631 1863 1699 1885 acta:

914 1906 1042 1942 suifragio
1055 1907 1117 1940 sita,
1141 1905 1187 1934 sed
1208 1907 1235 1933 in
1261 1905 1370 1933 innoxia
1397 1903 1607 1938 pertractatione
1633 1902 1700 1929 l'crri

913 1953 1064 1985 candentis,
1079 1952 1150 1988 quod
1166 1955 1289 1979 sanctum
1312 1951 1455 1978 vocabant.
1483 1948 1569 1984 Hujus
1601 1956 1699 1983 purga-

915 1999 996 2027 tionis
1008 1999 1052 2026 bic
1064 2000 1131 2026 ritus
1145 2001 1213 2025 erat.
1232 1996 1281 2030 Qui
1293 2003 1322 2023 sc
1334 1997 1367 2022 ad
1380 1996 1451 2022 illam
1465 1994 1586 2025 oll'erret,
1606 1994 1692 2020 triduc

914 2045 988 2079 prius
1000 2043 1102 2079 jejunio
1120 2048 1147 2071 et
1163 2043 1289 2070 oratione
1305 2049 1334 2068 se
1351 2042 1472 2076 parabat,
1487 2039 1638 2067 custoditus
1656 2039 1698 2066 in-

915 2091 996 2118 terim
1009 2095 1036 2116 et
1048 2097 1128 2121 manu
1144 2088 1203 2116 velo
1218 2088 1346 2119 involuta,
1362 2087 1405 2114 cui
1425 2085 1543 2120 sigillqu
1562 2088 1637 2112 esset
1651 2091 1694 2111 τοι

914 2136 987 2171 gium
1005 2135 1180 2169 impressum,
1197 2141 1230 2160 ne
1247 2133 1308 2167 quis
1320 2139 1380 2158 cam
1405 2130 1579 2157 unctionibus
1604 2130 1700 2156 adver-

914 2189 960 2209 us
976 2181 1045 2216 ignis
1065 2187 1175 2207 sensum
1192 2177 1382 2206 roborantibus
1397 2177 1522 2203 muniret.
1539 2175 1607 2202 Tum
1635 2182 1699 2209 pro-

879 2240 902 2268 θ
914 2227 1010 2255 ductus
1022 2227 1049 2253 in
1069 2225 1184 2252 medium
1199 2225 1327 2252 audacter
1339 2223 1483 2257 arripiebat
1503 2222 1615 2257 ignitum
1636 2221 1695 2256 glo-

916 2273 979 2301 bum
999 2272 1067 2299 nuda
1080 2278 1172 2304 manu,
1190 2275 1218 2298 et
1229 2277 1288 2297 eum
1306 2277 1354 2304 per
1376 2269 1427 2296 tria
1451 2268 1588 2295 conclavis
1614 2267 1699 2301 spatia

916 2318 1052 2353 portabat.
1073 2316 1146 2344 Vidit
1161 2316 1206 2351 qui
1220 2319 1276 2342 tunc
1289 2312 1384 2342 Scribit
1399 2315 1424 2341 in
1439 2317 1544 2340 aetatem
1565 2312 1619 2346 jam
1645 2317 1702 2338 tum

919 2363 1049 2398 puberem
1065 2360 1173 2389 adultus
1195 2359 1326 2395 quosdam
1356 2359 1400 2386 isti
1424 2358 1542 2386 examini
1566 2357 1702 2391 subjectos

917 2408 985 2436 citra
1014 2407 1096 2434 ullam
1127 2405 1270 2433 defunctos
1304 2411 1400 2432 noxam
1431 2403 1574 2430 candentis
1603 2402 1700 2429 metalli

919 2457 1004 2485 taetu,
1021 2451 1181 2479 mirantibus
1195 2451 1239 2485 qui
1255 2450 1377 2482 aderant,
1406 2449 1504 2477 illaesos
1529 2449 1702 2483 integrosque

918 2498 1056 2525 recedere.
1072 2496 1140 2524 Cum
1152 2501 1239 2523 autem
1252 2502 1301 2530 per
1318 2495 1343 2522 id
1359 2501 1463 2529 tempus
1479 2501 1532 2521 non
1550 2502 1611 2521 raro
1633 2494 1703 2521 sole—

918 2546 959 2570 ret
978 2543 1123 2576 imperator
1136 2541 1201 2568 viris
1218 2540 1288 2568 haud
1305 2540 1438 2567 nobilibus
1454 2539 1555 2574 praemii
1577 2539 1636 2566 loco
1660 2539 1700 2565 vel

918 2589 1011 2624 gratia:
1038 2587 1268 2615 nobilissimarum
1297 2587 1429 2622 virginum
1456 2585 1581 2620 conjugia
1610 2585 1703 2612 decer—

920 2642 994 2667 nere,
1009 2634 1079 2661 inter
1091 2633 1143 2660 alia
1157 2633 1215 2666 ejus
1228 2632 1335 2667 generis
1351 2631 1473 2666 exempla
1493 2631 1599 2658 cuidam
1633 2630 1701 2657 ado-

919 2681 1032 2708 lescenti
1059 2686 1074 2707 e
1100 2679 1178 2713 regiis
1216 2678 1338 2713 ephebis,
1369 2677 1542 2704 Balanidiotze
1580 2676 1702 2704 nomine.

919 2726 1087 2753 Theodoram
1102 2724 1157 2760 34
1169 2723 1280 2751 Martha:
1295 2724 1376 2750 liliam
1399 2723 1501 2751 sororis
1518 2722 1669 2757 Palmologi,
1687 2728 1704 2748 θ

920 2778 1016 2805 magno
1033 2771 1181 2798 domestico
1195 2768 1375 2796 Tarcltaniota
1398 2768 1527 2804 genitam,
1543 2767 1703 2802 desponderi

917 2816 1007 2852 jussit.
1025 2815 1168 2844 Celebrata
1183 2821 1314 2842 consensu
1329 2814 1445 2850 partium
1471 2813 1596 2841 mandato
1625 2811 1701 2847 priu-
