1935 3071
220 154 271 186 467

824 154 985 185 GEORGII
1005 154 1246 185 PACHYMER/E

1784 157 1832 188 468

216 209 320 243 τεῦθεν,
337 207 396 235 Emi
413 208 460 236 καὶ
475 208 544 243 πρὸς
559 208 604 235 τδν
619 208 706 243 γάμον
720 208 753 235 τὰ
770 208 839 244 μέρη
855 207 926 244 ἦσαν
940 217 1002 243 συγ·
1018 210 1040 239 Α
1054 209 1091 240 ὡς
1109 210 1158 236 οὐκ
1171 208 1219 241 οἷδ’
1234 210 1258 236 εί
1282 209 1297 235 ὁ
1321 199 1438 243 νυμφίος
1452 207 1603 244 μεμίσηται
1628 210 1660 244 τῇ
1678 210 1754 237 παιδὶ
1769 212 1837 246 ἄλλῳ

215 257 340 287 κάταινα,
374 255 411 286 ὡς
427 254 550 289 γαμϐρὸς
570 255 666 290 ἀνέδην
681 254 729 289 τὴν
745 254 793 290 τῆς
807 255 891 290 κόρης
915 254 1004 281 οίκίαν

214 302 368 336 εξσήρχετο.
378 300 459 326 Ἀλλά
472 301 616 335 παρερῤυη
632 301 726 336 χρόνος
742 300 831 334 ὀλίγος
841 301 854 327 ὁ
868 301 917 336 τὴν
937 309 1004 335 μνη-

215 346 306 373 στείαν
322 346 429 380 εκείνην
451 346 617 380 ἐπιμετρῶν.
635 347 681 373 καὶ
705 347 756 373 οὐκ
771 345 819 373 οἷδ’
835 347 848 373 ὃ
865 355 891 373 τι
909 346 1003 373 παθὼν

213 394 227 419 ὁ
240 392 360 427 κρατῶν,
381 391 450 426 πλὴν
463 391 520 418 ἀλλ’
534 392 549 426 ὴ
570 391 680 424 ἐξουσία
697 393 821 426 κρεῖσσον
837 392 952 424 δικαίου,
964 391 1002 425 τῷ

213 437 260 464 τοῦ
275 437 463 471 Καὸαλλαρέου
481 437 530 470 υἱῲ
546 436 678 472 Βασιλείῳ
691 437 797 470 εὖγενεῐ
817 446 845 463 τε
873 437 928 463 ὄντι
958 437 1003 469 ἐξ·

213 483 300 508 εδίδου
315 480 344 509 εὖ
354 482 446 516 γένους
459 482 573 517 ἔχουσαν
585 483 633 517 τὴν
644 482 783 518 ῥηθεῖσαν.
802 482 833 508 '0
845 483 867 509 δ’
883 484 911 509 ἐν
925 483 1001 517 εὐερ-

213 528 308 560 γεσίας
319 528 396 562 μέρει
411 528 516 563 δέχεται
533 528 658 562 ἁσμένως
681 528 711 554 τὸ
724 528 846 563 δωρηθὲν
866 529 914 555 καὶ
937 536 1003 554 κατ-

212 572 386 606 επεῖγειτοὺς
403 573 518 606 γάμους.
539 573 602 604 Ταῖς
619 572 708 607 μέντοι
724 581 754 607 γε
772 572 878 606 γυναιξὶ
892 573 959 607 πρὶς
972 572 1002 599 τὸ

214 618 320 652 πρῶτον
334 618 483 653 ρεπούσαις
500 618 678 653 συνάλλαγμα
689 638 696 650 ,
714 617 999 653 προκατειλημμέναις

212 665 309 698 ἄτιμον
327 664 452 699 ἐχούσαις
463 667 493 690 τὸ
511 664 698 698 μεταϐαίνειν,
715 663 885 697 ἀπόστοργος
901 664 915 689 ό
932 672 1001 698 νυμ-

212 710 271 743 φίος
284 707 327 744 ἦν.
343 710 418 740 Τέως
433 709 460 735 δὲ
474 710 498 740 (ὸ
515 709 567 744 γὰρ
585 709 694 744 κρατῶν
711 709 907 743 προσέταττεν)
923 709 1001 734 ἐκου-

213 755 266 781 σῶν
283 755 407 782 ἀκουσῶν
431 755 543 782 ἐκείνων
571 755 605 782 τὰ
631 755 795 790 νομιζόμενα
823 755 940 781 ἐτελεῖτο
954 755 1000 781 καὶ

212 800 370 834 περιφανῶς
386 801 411 826 οἱ
430 799 554 834 ὺμέναιοι
568 800 675 835 ἤγοντο.
707 799 777 826 Ἀλλ’
792 801 806 826 ὁ
829 799 944 834 νυμφίος
958 799 1000 833 ἐφ’

212 846 329 881 ἡμέραις
341 846 390 872 οὐκ
415 846 533 881 ἐπλήρου
549 847 581 880 τῇ
600 846 667 880 κόρῃ
683 845 716 872 τὰ
731 845 784 872 τῶν
809 844 924 879 ἀνδρῶν.
944 845 998 870 Καὶ

212 879 415 925 ⁸πυνθανομένου
443 879 491 917 τοῦ
509 891 523 927 β
545 879 640 921 σιλέως
656 879 737 921 νδπως
758 890 836 917 τοῦτο
852 890 968 924 γένοιτο,
983 890 997 915 ὁ
1012 879 1034 908 Β

212 935 240 961 δὲ
254 935 361 970 πρῶτον
378 936 427 970 μὲν
454 935 601 967 ὑπεσκίαζε
620 935 666 961 τὸν
692 935 825 968 ἀπόλογον
841 934 879 965 ὡς
904 934 941 968 μὴ
956 933 998 960 θέ-

212 980 266 1007 λων
279 981 478 1008 ἀνακαλύπτειν
491 981 582 1015 δῆθεν,
600 978 649 1007 εἴθ’
661 981 698 1012 ὡς
712 981 759 1007 καὶ
780 980 1000 1015 δραστικώτερον

212 1026 378 1061 ἀνεκρίνετο,
397 1026 566 1061 μαγγανείαν
583 1026 612 1052 τδ
629 1026 754 1060 ἐμποδὼν
768 1026 858 1060 ἔλεγε.
875 1027 930 1052 Καὶ
952 1026 999 1052 εὐ-

212 1072 260 1103 θὺς
286 1072 387 1107 ὑποψία
405 1073 470 1108 περὶ
488 1072 577 1107 ἑαυτῷ
594 1072 639 1098 τοῦ
665 1072 828 1107 κρατοῦντος
843 1073 888 1098 καὶ
913 1071 999 1106 θυμὸς

213 1116 256 1152 [Ρ.
274 1117 320 1153 19]
334 1118 417 1144 πολλὰ
432 1118 527 1149 δεινὸς,
544 1118 590 1144 καὶ
609 1118 683 1144 οὐδὲν
700 1118 805 1152 ὑφεῖναι
818 1117 905 1144 δοκῶν
921 1118 944 1144 εἰ
962 1116 999 1152 μὴ

212 1162 370 1197 ⁴ὁμολογοῖτο
387 1164 403 1198 ἡ
420 1162 586 1197 μαγγανεία.
612 1162 698 1193 Εὐθὺς
713 1161 759 1188 οὖν
781 1162 883 1193 σάκκος
911 1163 998 1197 ἀχυρ-

215 1208 290 1241 μιᾶς,
314 1209 361 1234 καὶ
385 1208 476 1242 γυμνὴ
501 1207 609 1241 σύναμα
627 1207 755 1241 γαλαῖςὴ
777 1208 892 1242 εὐγενὴς
913 1207 999 1242 γραῦς

213 1255 287 1285 ἔντος
300 1254 511 1287 συναπείὶηπτο,
529 1250 565 1279 ὧν
591 1253 684 1286 λύγοις
700 1252 801 1285 ἔξωθεν
825 1252 1000 1288 μυωπιζομέ-

212 1306 267 1324 νων
277 1299 336 1329 ταῖς
351 1298 406 1324 τῶν
421 1299 525 1333 ὀνύχων
534 1298 638 1332 ἀκμαῖς
653 1299 800 1333 ἐπερονᾶτο
811 1299 828 1332 ἡ
845 1298 998 1333 πάσχουσα,

212 1342 255 1376 ἔφ’
269 1339 291 1376 ᾧ
301 1343 526 1378 ἀναγκαζομένην
539 1344 585 1369 καὶ
600 1343 720 1369 ἄκουσαν
737 1342 855 1374 ἐξειπεῖν
869 1342 900 1368 τδ
915 1342 1000 1378 ἀπόρι

214 1390 305 1424 ρητον.
333 1388 405 1415 Ἀλλ’
421 1388 471 1414 οὐκ
486 1386 520 1423 ἦν
542 1387 623 1414 πλέον
647 1389 712 1423 παρ’
727 1388 834 1422 ὲκείνης
857 1387 967 1415 ἀκούειν
982 1387 998 1422 ἢ

212 1433 243 1460 τὸ
261 1433 297 1469 μὴ
315 1433 462 1460 συνειδέναι
484 1442 511 1460 τι
530 1433 649 1460 τοιοῦτον
675 1434 758 1469 ἑαυτῇ
777 1434 902 1469 πραξάσῃ
915 1454 922 1466 ,
952 1434 1000 1461 καὶΙ

215 1523 284 1558 cipis
301 1524 351 1551 rite
365 1524 499 1558 sponsalia
510 1529 581 1557 sunt,
594 1529 621 1552 et
631 1525 770 1560 aliqttanto
785 1525 845 1553 inde
865 1526 954 1560 spatio
975 1525 998 1552 is
1012 1541 1034 1570 ο

213 1569 322 1603 juvenis
336 1569 427 1604 sponsi
443 1569 539 1597 ﬁducia
565 1571 636 1598 aedes
657 1571 751 1605 puella:
769 1571 998 1605 frequentaverant,

216 1621 278 1641 cum
295 1622 358 1642 ecce
379 1615 470 1643 nescio
493 1623 544 1650 qua
577 1616 716 1650 repentina
747 1616 896 1643 mulatione
922 1617 1001 1649 impc-

215 1667 299 1691 rator,
313 1659 375 1693 jure
389 1667 420 1687 ac
434 1662 519 1695 pactls
534 1661 657 1688 absoluta
675 1665 808 1695 potestate
825 1668 925 1695 susque
954 1661 1001 1687 de-

214 1713 267 1739 que
283 1705 382 1732 habere
395 1706 487 1739 jussis,
504 1706 719 1740 iuopinatissime
736 1707 851 1741 imperat
878 1706 999 1734 Tarcha-

216 1750 296 1776 uiolae
321 1751 409 1784 magni
434 1751 574 1778 domestici
608 1751 691 1778 ﬁliam
715 1752 774 1779 viro
802 1752 885 1778 nobili
902 1751 1001 1778 Basilio

215 1794 358 1822 (‘aballarii
383 1795 437 1822 ﬁlio
465 1797 577 1824 nubere.
607 1797 635 1823 in
658 1805 760 1832 magna!
779 1798 837 1824 loco
853 1798 946 1832 gratim.
974 1797 1000 1824 id

215 1840 329 1867 Basilius
350 1841 454 1872 habuit.
469 1847 495 1869 et
510 1849 558 1876 pro
583 1850 612 1869 sc
633 1850 688 1869 rem
719 1844 842 1877 urgebat.
866 1843 995 1874 Feminis.

219 1885 301 1913 matri
316 1886 440 1921 ﬁliaeque,
455 1887 585 1915 cheritate
599 1888 690 1922 sponsi
716 1888 811 1922 prioris
826 1889 946 1924 illigalis,
974 1893 1001 1915 et

219 1931 375 1958 indecorum
407 1932 602 1960 arbitrantibus
632 1933 735 1961 resilire
764 1942 780 1961 a
805 1935 944 1961 conventis
969 1942 1000 1961 ac

218 1975 298 2003 ﬁdem
310 1975 414 2007 fallere,
426 1977 564 2011 negotium
578 1978 689 2005 omnino
699 1986 751 2005 non
759 1978 898 2013 placebat;
914 1986 997 2013 quare

215 2021 286 2055 apud
303 2021 362 2048 illas
376 2021 461 2055 gratia
478 2023 585 2049 carebat
608 2022 728 2050 intrusus
757 2031 864 2056 procus.
897 2023 999 2051 Tamen

215 2067 387 2094 incumbente
399 2066 596 2101 iteratisjussis
613 2067 637 2093 in
650 2067 720 2094 idem
746 2067 879 2102 principe,
909 2067 1000 2094 volen-

216 2113 289 2140 tibus
315 2112 468 2139 nolentibus
493 2117 578 2140 matre
613 2112 720 2148 ﬁliaqne
746 2114 844 2147 nuptiae
865 2115 952 2148 palam
968 2121 1000 2141 ac

215 2157 354 2192 splendide
374 2158 517 2185 celebratae
542 2163 617 2186 sunt.
646 2159 681 2186 At
705 2158 796 2186 multis
819 2159 882 2186 inde
904 2159 1000 2186 diebus

1054 263 1092 289 τῳ
1107 255 1237 289 πρότερον
1253 254 1480 289 κατηγγυημένῃ.
1501 254 1531 282 '0
1548 255 1640 287 μέντοι
1665 264 1697 289 γε
1713 256 1836 291 βασιλεὺς

1054 300 1109 326 εἴτε
1124 300 1192 335 πρὸς
1205 301 1255 334 τὴν
1279 299 1403 333 ὑποψίαν,
1413 299 1460 326 καὶ
1486 299 1525 326 ἔτι
1539 300 1706 334 ἀμετάθετον
1723 302 1789 336 ἔχων
1802 302 1838 333 ὡς

1053 346 1162 380 ἐκείνην
1176 345 1339 379 μαγγνείαις
1353 345 1511 380 εἰθισμένην
1528 346 1601 376 εἰκὸς
1620 347 1666 372 καὶ
1684 347 1744 374 κατ’
1759 347 1837 374 αὐτοῦ

1052 390 1323 426 τολμῆσαιτοιούτοις
1335 391 1387 426 χρὴ
1393 391 1501 422 σασθαι,
1510 393 1780 426 συνυποπτευομένου
1794 393 1838 420 καὶ

1052 435 1184 469 τάδελφοῦ
1202 435 1248 461 ὑπ’
1265 435 1333 470 αὑτῇ
1347 435 1496 469 τραφέντος
1514 435 1560 462 καὶ
1580 438 1772 471 στεργομένου,
1786 438 1838 464 εἴτε

1055 483 1107 518 μὴν
1122 483 1169 510 καὶ
1182 483 1221 509 εἰς
1238 482 1342 509 ἔννοιαν
1358 482 1444 509 ἐλθὼν
1471 483 1506 517 μή
1522 491 1580 513 πως
1595 483 1648 509 τῶν
1664 484 1836 519 πραχθέντων

1052 529 1089 561 ὡς
1103 529 1176 560 sine;
1193 527 1382 555 ἀκουσθέντων
1397 527 1411 553 ὁ
1425 528 1607 562 Παλαιολόγος
1633 528 1837 564 ὑϐριοπαθήσας

1052 575 1089 606 ὡς
1107 573 1221 608 ἀδελφδς
1244 573 1314 608 πρὸς
1335 575 1517 607 νεωτερισμον
1548 573 1730 605 ἀποκλίνειεν,
1754 574 1838 605 οὕτως

1052 620 1122 655 ἔχων
1144 619 1256 654 πέμψας
1268 619 1375 652 καὶτῆς
1399 618 1548 653 ἡγεμονίας
1562 619 1665 644 ἐκείνον
1680 619 1836 652 παραλύσας

1051 667 1146 700 ἀνάγει
1159 665 1277 698 δέσμιον,
1297 664 1335 700 τῷ
1352 665 1401 699 μὲν
1415 665 1503 690 δοκεῖν
1531 665 1594 698 περὶ
1610 664 1657 690 τοῦ
1671 665 1720 698 τῆς
1734 673 1837 698 μαγγα-

1051 712 1126 742 νείας
1154 711 1325 745 ἐγκλήματος
1347 709 1603 744 ἀπολογησόμενον,
1629 710 1661 744 τῇ
1687 709 1710 735 δ’
1725 709 1836 744 ἀληθείᾳ

1053 755 1243 794 πρόσχημαῆν
1262 757 1291 783 rb
1306 756 1428 791 πραχθὲν
1443 755 1554 787 δειλίας,
1579 755 1626 782 τοῦ
1643 756 1681 790 μή
1699 764 1724 782 τι
1741 764 1836 782 νεωτε-

1052 804 1126 838 ρίσαι
1138 803 1303 829 ἀκούσαντα.
1331 801 1368 827 Τὸ
1385 800 1407 827 δ’
1422 798 1456 836 ἦν
1483 801 1564 834 δῆλον
1589 801 1622 826 ἐκ
1637 801 1685 827 τοῦ
1702 800 1740 836 μὴ
1765 802 1837 832 ὅπως

1053 849 1111 884 μετ’
1124 849 1213 882 ὀλίγον
1235 848 1284 882 τῆς
1301 847 1413 881 εἱρκτῆς
1427 847 1530 872 ἐκεῖνον
1540 864 1546 869 -
1560 845 1670 876 ἐσαῦθις
1693 846 1836 873 ἀνακαλεῖ-

1052 895 1113 921 σθαι
1133 895 1182 920 καὶ
1197 892 1360 928 συμπαθεῖν,
1389 892 1458 919 ἀλλὰ
1473 892 1521 919 καὶ
1535 892 1600 926 περὶ
1617 891 1707 926 ἑαυτῷ
1723 892 1768 918 καὶ
1784 892 1839 922 τοῖς

1051 940 1132 967 αὑτοῦ
1158 939 1301 974 πράγμασι
1319 938 1456 964 δεδοικότα
1472 936 1516 963 διὰ
1540 937 1591 972 τὴν
1614 938 1690 964 νόσον
1708 937 1837 972 ἀνάδοχον

1051 985 1141 1018 ἀξιοῦν
1154 983 1223 1011 εἶναι
1238 983 1276 1018 τῷ
1289 983 1373 1017 γένει,
1388 983 1435 1009 καὶ
1444 982 1680 1017 ἀπομνημονεύειν
1690 983 1740 1017 τὴν
1759 982 1839 1018 χάριν

1051 1030 1123 1064 αὐτῷ
1139 1030 1166 1055 ἐν
1180 1028 1295 1059 τούτοις,
1322 1028 1364 1054 ὅτι
1387 1026 1485 1054 παθεῖν
1503 1026 1595 1058 κακῶς
1611 1027 1685 1059 ἀξιον
1704 1027 1768 1053 ὄντα
1793 1027 1838 1054 διὰ

1050 1075 1083 1101 τὰ
1101 1075 1241 1109 φθάσαντα
1263 1073 1339 1100 οὐδὲν
1361 1073 1464 1099 ἐκεῖνον
1491 1072 1523 1098 ὲκ
1543 1072 1714 1107 συμπαθείας
1741 1073 1839 1108 ἀνήκε-

1052 1129 1113 1147 στον
1131 1120 1239 1155 ἔδρασε.

1051 1179 1097 1210 ιγ’.
1119 1173 1253 1210 Θάνατος
1267 1174 1320 1200 τοῦ
1334 1173 1490 1210 ,ϐασιλέως
1505 1173 1668 1210 Θεοδώρου,
1686 1172 1784 1200 καὶτὰ
1794 1172 1838 1199 ἔτι

1217 1209 1325 1241 ζῶντος
1341 1208 1435 1235 αὑτοῦ
1449 1208 1669 1242 κατορθώματα.

1085 1255 1138 1282 Τοῦ
1153 1254 1175 1281 δ’
1199 1254 1282 1281 αὑτοῦ
1299 1254 1394 1289 χρόνου
1414 1254 1480 1288 πρὸς
1499 1254 1530 1280 τὸ
1546 1254 1743 1289 φθινοπωρινδν
1767 1254 1838 1279 ἀπο-

1050 1299 1187 1330 κλίνοντος
1206 1298 1251 1324 ὲπὶ
1263 1297 1374 1333 τέτρασι
1390 1298 1470 1323 παισὶ
1487 1297 1665 1331 μεταλλάττει
1680 1297 1711 1323 τὸ
1733 1295 1808 1332 βιοῦν
1823 1295 1838 1321 ὁ

1050 1345 1171 1378 κρατῶν,
1199 1343 1275 1376 τρισὶ
1292 1343 1341 1378 μὲν
1359 1342 1530 1377 θηλυτέραις,
1557 1342 1597 1368 ἑνὶ
1613 1342 1634 1368 δ’
1653 1342 1772 1369 ὲνναέτει
1787 1342 1840 1376 ἄῤ·-

1051 1391 1108 1425 ρενι
1137 1387 1374 1424 παππωνυμοῦντι
1394 1387 1433 1422 τῷ
1455 1387 1576 1423 Ἰωάννῃ.
1606 1389 1636 1414 Al
1655 1388 1709 1422 γὰρ
1726 1387 1837 1422 πρῶται

1049 1436 1104 1462 τῶν
1121 1435 1290 1469 θυγατέρων,
1304 1434 1320 1469 ἡ
1337 1433 1387 1468 μὲν
1403 1432 1440 1468 τῷ
1455 1433 1622 1469 Βουλγαρίας
1639 1433 1838 1468 ἀρχοντιΚων-

1053 1523 1201 1557 quaestione
1215 1521 1376 1556 sperabatur
1389 1521 1520 1548 elicienda
1544 1521 1649 1549 mulieri
1679 1529 1742 1549 vera
1768 1529 1834 1549 con-

1052 1569 1144 1596 fessio.
1161 1567 1233 1595 Nihil
1249 1573 1339 1595 tameu
1357 1567 1429 1594 aliud
1444 1574 1601 1600 expressum
1629 1567 1681 1594 nisi
1707 1575 1736 1594 se
1763 1567 1834 1594 haud

1051 1614 1186 1642 consciam
1203 1614 1264 1640 talis
1281 1613 1410 1640 sceleris:
1430 1617 1554 1640 caeterum
1579 1613 1712 1647 virginem
1740 1613 1834 1647 sponsi

1051 1660 1148 1694 prioris
1162 1659 1359 1686 necessitudine
1376 1658 1529 1685 devinctam
1558 1666 1572 1685 a
1597 1659 1716 1686 secundo
1734 1659 1835 1685 abhor-

1051 1712 1120 1732 rere.
1151 1704 1213 1731 Haec
1239 1704 1352 1731 audiens
1377 1711 1431 1731 non
1463 1703 1532 1731 ultra
1565 1703 1661 1731 saevire
1687 1704 1838 1737 imperator

1051 1751 1146 1782 voluit,
1163 1750 1214 1777 sibi
1231 1755 1353 1777 metuens
1367 1749 1401 1776 ab
1416 1749 1576 1781 exercitata,
1592 1754 1620 1775 ut
1634 1749 1839 1783 suspicabatur,

1051 1796 1118 1823 diris
1149 1795 1376 1822 incantationibus
1399 1802 1465 1825 anu.
1499 1802 1532 1821 ne
1562 1794 1614 1820 vim
1638 1794 1785 1820 maleﬁcam
1810 1795 1840 1820 in

1051 1841 1137 1875 ipsum
1159 1844 1285 1869 verteret.
1303 1839 1634 1873 siampliusirritarelur;
1660 1846 1707 1866 seu
1733 1839 1841 1866 veritus

1051 1890 1084 1909 ne
1099 1883 1265 1918 Palaeologus
1283 1887 1335 1909 tant
1348 1887 1466 1910 atrocem
1483 1883 1584 1910 sororis
1601 1883 1728 1918 iniuriam
1759 1884 1837 1911 defc-

1050 1929 1140 1956 clione
1156 1928 1340 1955 ulcisceretur.
1359 1929 1446 1962 Atque
1460 1929 1509 1956 hoc
1523 1929 1631 1963 quidem
1651 1934 1841 1964 utprrcverte-

1051 1979 1101 2006 ret,
1120 1974 1213 2006 misso,
1227 1978 1256 2000 ut
1271 1975 1397 2005 diximus,
1415 1974 1543 2001 Chadeno
1562 1975 1700 2002 redactum
1717 1976 1741 2002 in
1759 1976 1841 2003 ordi-

1051 2027 1111 2046 nem
1129 2018 1307 2053 Palmologutn
1319 2023 1347 2045 et
1375 2018 1494 2046 vinctum
1523 2020 1556 2046 ad
1578 2027 1637 2047 sese
1656 2015 1761 2047 curavit
1785 2022 1841 2048 arl-

1051 2066 1122 2096 duci,
1135 2065 1224 2098 specie
1237 2066 1344 2100 quidem
1362 2069 1390 2092 ut
1405 2064 1528 2092 veneﬁcii
1545 2067 1774 2099 causamdiceret,
1795 2075 1846 2094 re-

1051 2118 1124 2143 vera,
1137 2111 1207 2145 quod
1223 2111 1348 2141 iudicavi,
1366 2117 1399 2138 ne
1411 2110 1434 2137 is
1444 2111 1534 2137 audita
1551 2112 1712 2138 contumelia
1729 2120 1845 2146 genua-

1051 2164 1093 2183 n:e
1115 2157 1146 2182 ad
1163 2155 1345 2183 rebellandum
1362 2156 1545 2184 induceretur.
1564 2157 1591 2184 Id
1606 2157 1676 2184 enim
1695 2158 1782 2191 patuit
1799 2166 1837 2185 ex

216 2203 344 2238 nuptialis
365 2203 509 2239 canjugum
532 2211 693 2238 congressus
719 2204 929 2242 haudquaquam
953 2212 995 2232 se-
1015 2207 1037 2234 ι)
1051 2209 1082 2229 eo
1098 2202 1327 2236 quodimperator
1341 2208 1400 2228 eum
1413 2202 1491 2236 paulo
1509 2207 1569 2235 post
1583 2203 1710 2229 eductum
1724 2210 1845 2231 carcere

218 2249 360 2283 quebatur.
375 2249 456 2283 Cujus
475 2249 511 2276 rei
528 2249 598 2277 forte
621 2250 734 2284 cognita:
762 2255 937 2284 percontatus
965 2258 999 2278 ex

217 2294 315 2322 Basilio
333 2302 442 2322 causam
458 2295 615 2329 imperator,
636 2296 713 2323 abeo
730 2295 846 2330 primum
872 2297 1000 2325 eludeba-

217 2345 260 2367 Ittr
274 2340 408 2375 ambiguis
422 2341 558 2374 responsis
575 2351 582 2368 :
600 2341 708 2368 tandem
735 2341 837 2369 instans
864 2343 999 2372 ellicacius

216 2384 319 2410 audivit
343 2385 444 2411 nodum
473 2385 586 2412 Veneris
614 2387 719 2421 magico
754 2387 888 2414 maleﬁcio
922 2389 999 2416 novis

215 2429 322 2463 sponsis
338 2428 476 2463 injectum.
496 2429 551 2458 Hac
579 2431 714 2458 mentione
743 2433 940 2467 praestigiarum
971 2434 998 2461 in

215 2473 363 2502 familiares
388 2475 556 2510 suspiciones
582 2476 719 2503 revolutus
742 2477 878 2511 princeps,
910 2482 938 2505 et
969 2486 999 2505 se

217 2527 324 2554 quoque
340 2520 426 2555 ipsum
447 2520 561 2548 infernis
575 2521 679 2549 artibus
696 2522 843 2557 appetitum
855 2529 999 2552 autumans

217 2563 251 2590 ab
265 2566 360 2592 eodem
378 2566 488 2592 iudicati
502 2565 598 2592 fascini
617 2572 738 2599 auctore,
752 2567 926 2595 vehementer
950 2576 999 2596 ex-

216 2610 340 2643 canduit,
352 2616 472 2638 extrema
491 2612 608 2647 experiri
621 2619 734 2646 qumque
749 2617 839 2640 certus
854 2615 886 2641 ad
913 2615 999 2641 artiﬁ-

217 2663 276 2683 cem
298 2656 420 2683 veneﬁcii
444 2657 620 2684 noscendum.
635 2657 736 2685 Saccus
762 2658 902 2692 expeditur
928 2659 1000 2687 illico

216 2702 426 2734 stramentitius,
443 2707 471 2729 ct
487 2702 513 2728 iu
528 2710 588 2729 eum
612 2710 680 2730 anus
710 2703 808 2730 misera
833 2705 999 2733 nobilissima

219 2751 340 2773 matrona
356 2747 426 2774 nuda
449 2747 591 2782 conjicitur
607 2756 667 2776 cum
683 2748 789 2782 felibus,
806 2749 851 2784 qui
876 2750 1000 2778 videlicet

217 2792 319 2819 acubus
345 2792 474 2821 immissis
504 2801 552 2827 per
585 2799 688 2822 textum
719 2797 813 2830 tegetis
843 2797 997 2830 compuncti

217 2837 348 2872 unguibus
377 2838 430 2874 35
456 2839 572 2866 vetulam
598 2840 791 2875 discerperent.
820 2840 856 2869 Ea
888 2842 998 2870 immani

1053 2256 1104 2275 nou
1122 2247 1208 2274 solum
1226 2246 1304 2273 venia
1318 2245 1429 2274 donavit
1448 2251 1475 2273 et
1491 2247 1518 2274 in
1547 2247 1681 2282 integrum
1705 2248 1845 2282 restituit,

1052 2294 1099 2320 sed
1114 2298 1139 2320 et
1153 2292 1209 2320 suis
1219 2292 1310 2325 rebus,
1323 2292 1358 2319 ob
1375 2293 1498 2319 morbum
1513 2300 1545 2320 ex
1556 2300 1609 2327 quo
1624 2293 1846 2326 periclitabatur,

1052 2342 1182 2368 metuens,
1197 2337 1320 2371 proprios
1335 2336 1360 2363 ei
1377 2336 1477 2364 liberos
1492 2337 1700 2368 commendavit,
1716 2337 1845 2371 gratiam

1051 2384 1148 2410 ineum
1170 2390 1246 2410 suam
1263 2389 1418 2410 memorans
1444 2389 1475 2408 ea
1505 2382 1673 2417 indulgentia
1699 2387 1848 2417 tcstatam,

1051 2437 1102 2464 qua
1118 2429 1203 2463 ipsum
1220 2429 1254 2455 ob
1268 2433 1357 2455 vetera
1374 2427 1465 2462 utique
1474 2428 1587 2455 crimina
1607 2435 1687 2462 parua
1714 2420 1849 2463 dikuum,

1051 2476 1168 2510 benigno
1180 2474 1276 2501 allectu
1293 2473 1436 2507 miserans,
1457 2474 1522 2502 nulli
1537 2474 1621 2501 atroci
1638 2479 1665 2501 et
1679 2475 1850 2503 immedica-

1052 2521 1097 2548 bili
1114 2520 1245 2556 supplicio
1262 2520 1432 2555 subiecisset.

1052 2579 1095 2606 l3.
1113 2577 1185 2605 Mors
1203 2575 1462 2612 TheodoriAugurti,
1480 2582 1504 2604 et
1522 2578 1604 2610 ipsius
1617 2580 1680 2606 dum
1690 2579 1781 2606 viveret
1794 2587 1845 2606 res

1323 2612 1449 2647 prttclare
1464 2618 1553 2647 gestit.

1088 2659 1188 2686 Eodem
1201 2666 1281 2693 porro
1299 2666 1369 2686 anno
1384 2659 1411 2686 in
1433 2663 1590 2686 autunmum
1606 2665 1734 2696 vergente
1750 2661 1847 2688 mori-

1050 2711 1094 2733 tur
1105 2706 1260 2740 imperator,
1276 2704 1391 2739 pupillos
1408 2705 1565 2738 relinquens
1581 2711 1698 2740 quatuor
1720 2705 1845 2738 liberos,

1053 2757 1107 2779 tres
1123 2751 1240 2778 feminas
1255 2755 1281 2776 ιιι
1296 2758 1445 2777 noveuuem
1457 2759 1539 2777 unum
1554 2759 1655 2778 marem
1671 2759 1722 2778 avo
1733 2759 1848 2786 cogno-

1051 2798 1151 2824 minem
1189 2797 1332 2824 Joanacm.
1368 2797 1435 2825 Nam
1469 2799 1529 2826 lilia:
1560 2800 1664 2833 priores
1697 2799 1851 2827 collocata

1051 2843 1151 2870 dudum
1171 2842 1342 2878 36fuerant
1359 2843 1385 2871 in
1401 2845 1614 2879 matrimonium,
1639 2853 1692 2873 una
1724 2846 1851 2881 quidem
