1935 3071
98 230 217 263 σταντίνῳ
233 230 273 265 τῷ
284 230 384 265 Τείχῳ,
404 231 420 265 ἡ
440 231 468 257 δὲ
485 230 524 265 τῷ
541 230 587 257 τοῦ
605 229 716 256 δυτικοῦ
742 229 872 255 δεσπότου
888 230 910 257 Α

97 275 194 310 Μιχαὴλ
213 275 289 302 παιδὶ
305 276 455 310 Νικηφόρῳ
485 275 551 309 πρὸς
574 276 662 310 γάμον
688 275 810 309 ἔφθασαν
826 275 872 301 ὲκ-

96 321 205 355 δοθῆναι.
223 321 256 348 Ὀ
273 321 306 356 δὴ
324 322 372 347 καὶ
398 321 574 356 προεσήμηνέ
590 330 616 348 τι
646 322 776 356 σημεῖον·
795 320 872 354 ἣλιος

97 366 144 400 γὰρ
158 366 308 392 ἐκλελοίπει
328 366 370 400 ἐφ’
394 366 468 400 ὥραν
483 366 579 401 τρίτην
590 366 639 400 τῆς
653 365 735 399 ἕκτης
750 364 870 399 ἡμέρας,

96 412 136 438 καὶ
149 411 214 446 βαθὺ
231 412 326 444 σκότος
342 411 372 438 τὸ
383 413 436 439 πᾶν
451 411 619 445 κατειλήφει,
633 411 703 438 ὥστε
725 411 771 437 καὶ
784 411 871 445 ἄστρα

97 457 205 491 φανῆναι
233 458 294 483 κατ’
309 457 434 492 οὐρανοῦ.
452 457 507 484 Καὶ
526 457 558 492 δὴ
574 457 727 492 ἁρπάζεται
751 456 799 482 καὶ
819 455 871 490 πρὸ

95 501 160 535 ὧρας
176 501 246 537 ἀνὴρ
261 501 408 535 βασιλικῶς
420 502 469 536 μὲν
485 501 532 528 καὶ
542 501 680 537 γεννηθεὶς
690 502 736 528 καὶ
747 501 870 536 τραφεὶς,

95 546 234 581 βασιλικῶς
248 546 269 573 δ’
285 547 414 582 ἀναχθεὶς
429 548 476 573 καὶ
487 547 653 580 παιδευθεὶς,
669 547 721 573 κᾶν
735 547 759 573 ει
772 546 810 580 τῷ
822 555 872 572 πα-

94 593 134 626 τρὶ
152 593 180 618 οὺ
195 591 349 626 προσεῴκει
367 592 395 618 τὸ
411 592 478 626 βαθὺ
496 600 526 618 τε
543 592 590 618 καὶ
608 592 717 618 συνετὸν
733 592 800 626 πρὸς
815 593 828 618 ὃ
844 601 870 618 τι

95 638 156 669 λέξοι
169 638 214 664 καὶ
227 637 325 672 πράξοι
339 638 385 663 καὶ
396 638 426 663 τὸ
447 638 496 671 τῆς
515 637 628 672 γνώμης
643 639 758 673 στερρόν
774 646 802 663 τε
824 638 872 664 καὶ

94 684 263 716 ἀμετάθετον,
281 683 339 709 ἀλλ’
355 681 401 709 οὖν
409 683 441 709 ὲκ
453 684 566 710 πάππου
581 684 630 718 μὲν
645 684 714 718 ἔχων
725 685 756 711 τ³ι
770 683 813 720 [Ρ.
825 684 870 719 20]

94 730 119 760 ἐς
135 729 208 755 πάντ’
222 727 268 759 έξὺ
283 729 332 754 καὶ
346 729 516 763 μεγαλόφρον
531 730 577 755 καὶ
592 730 714 764 ἀρεῖκδν,
728 731 759 756 ὲκ
774 729 801 756 δὲ
821 739 869 764 μη-

93 775 148 809 τρὸς
158 775 186 801 τ),
200 775 426 808 φιλοδωρότατον,
442 775 478 805 ὼς
492 774 566 805 ὅλαις
582 776 660 809 χερσὶ
672 777 728 806 τοῖς
743 776 872 808 ὑπηκόοις

94 821 124 846 τὰ
140 821 266 854 χρήματα
286 819 423 852 ἐξαντλεῖν
457 819 504 846 καὶ
531 820 710 852 ὲξαντλοῦντα
731 821 779 855 οὐχ
797 822 871 851 ὅπως

93 866 209 892 ἀνιᾶσθαι
234 865 302 892 ἀλλὰ
319 865 365 891 καὶ
380 866 504 901 χαίρειν,
527 866 741 900 φιλιλογώτατος
763 867 784 893 δ’
798 868 826 898 ὲς
838 867 871 893 τὰ

95 912 203 946 μάλιστα
236 911 292 943 ὢν,
308 913 356 938 καὶ
379 912 445 938 πᾶσι
461 912 510 947 μὲν
533 913 652 945 λογικοῖς
685 912 868 946 εὐεργετικῶς

94 957 319 992 προσφερόμενος,
336 957 383 991 οὐχ
398 954 480 991 ἦττον
497 958 525 984 δὲ
542 958 587 983 καὶ
600 958 681 988 αὐτὸς
695 958 793 993 λογικῇ
806 967 868 984 παι-

93 1002 144 1037 δείᾳ
157 1001 362 1036 προσεσχηκώς,
377 1003 407 1028 οὐ
424 1002 524 1035 μᾶλλον
535 1003 566 1029 ὲκ
579 1002 747 1037 μαθήσεωςῆ
762 1002 868 1037 φύσεως

93 1049 136 1082 τὴν
148 1049 208 1082 περὶ
226 1048 256 1073 τὸ
283 1048 399 1082 γράφειν
417 1047 532 1082 δύναμιν
560 1048 640 1082 ἔχων,
655 1047 693 1079 ὡς
710 1048 757 1074 καὶ
783 1048 868 1074 πολλὰ

93 1094 233 1129 ἑπιρῤύδην
247 1094 394 1124 ἐκτιθέναι,
410 1094 434 1119 εἰ
453 1094 532 1128 μόνον
551 1095 698 1128 ὁρμήσειεν
709 1103 717 1110 ο
734 1094 786 1121 ἔδει
803 1096 866 1129 γὰρ,

93 1139 134 1165 καὶ
153 1139 245 1165 σιωπῶ
266 1139 301 1166 τὰ
320 1139 444 1171 πλεῖστα,
457 1140 474 1174 ὴ
488 1139 638 1175 περιφανὴς
655 1140 734 1173 ἁγίου
744 1140 869 1175 ἐφειστή-

93 1193 131 1210 κει
155 1186 262 1219 μνήμη,
278 1185 356 1211 οὐδὲν
371 1185 534 1220 προσθέντα,
560 1185 665 1220 ἢόπως
685 1185 791 1220 μακρὸν
815 1186 868 1212 τῶν

94 1230 256 1264 πραγμάτων
269 1230 407 1262 ἀνεθέντα,
429 1230 487 1261 Mc
502 1231 555 1257 τῶν
571 1230 616 1257 τοῦ
634 1231 736 1266 κλήρου
749 1231 868 1266 σχολκιό·

92 1285 164 1310 τερον
179 1277 208 1303 re
225 1277 459 1312 προκαταρκτικὸν
476 1277 527 1312 »τοῦ
545 1277 644 1312 δρθρου
662 1278 868 1312 μονολογοῦντος

91 1321 240 1356 ἐξάψαλμον
257 1322 357 1348 κανόνα
373 1322 508 1356 πλακῆναι
537 1321 576 1356 τῷ
595 1322 826 1357 μνημονευομένῳ
840 1322 868 1353 ἐς

888 899 907 925 Β

91 1409 264 1436 Constantino
297 1409 389 1436 Terho
419 1409 594 1442 Bulgarorum
623 1409 749 1444 principi,
782 1410 866 1437 altera

90 1463 149 1482 vero
164 1455 320 1490 Nicephoro
334 1455 471 1482 Michaelis
488 1455 606 1487 despotze
627 1454 782 1483 Occidentis
804 1457 866 1483 ﬁlio.

90 1501 140 1529 Nec
148 1501 226 1536 plane
238 1501 402 1536 improvisus
418 1500 515 1528 accidit
528 1501 569 1528 hic
583 1508 674 1532 casus,
686 1501 786 1536 quippe
801 1510 868 1536 prae-

90 1550 223 1575 nuntiatus
234 1547 342 1574 ctrlesti
356 1551 491 1581 portento.
506 1547 609 1574 Etenim
624 1547 664 1574 sol
679 1547 814 1574 defecerat
835 1548 867 1574 ad

89 1594 175 1619 horam
190 1592 300 1620 tertiam
314 1597 396 1618 sextae
406 1591 472 1624 diei,
491 1596 518 1618 et
533 1592 621 1619 densa:
637 1594 753 1619 tenebrte
773 1598 868 1621 cuncta

89 1639 359 1672 comprehenderant.
375 1638 442 1664 adeo
457 1644 486 1664 ut
517 1644 680 1673 apparerent
708 1640 792 1666 stellae
824 1647 870 1674 per

91 1685 195 1711 emittm.
210 1683 248 1710 Ita
268 1683 424 1717 prmripitur
439 1683 536 1710 acerba
550 1689 636 1711 morte
651 1685 691 1711 vir
702 1685 774 1720 regie
789 1692 869 1712 natus

90 1735 113 1756 et
137 1730 266 1761 ntttritus,
295 1728 369 1763 regie
395 1736 503 1762 qttoque
533 1729 663 1756 educatus
690 1734 717 1756 et
743 1731 864 1762 edoctus,

90 1775 151 1807 patri
167 1781 221 1801 non
236 1774 283 1801 ille
305 1774 411 1808 quidem
429 1773 524 1800 similis
552 1775 578 1801 in
595 1774 724 1809 profunda
742 1783 868 1802 consum-

90 1825 207 1854 ntataque
234 1819 379 1854 prudentia
397 1818 531 1845 dictorttm
554 1819 654 1853 pariter
685 1824 713 1847 et
735 1825 867 1852 actorum,

90 1872 170 1899 neque
187 1866 212 1892 in
230 1864 391 1892 immutabili
404 1864 556 1891 constantia
580 1865 665 1892 semel
682 1871 755 1892 recte
772 1866 868 1894 decre-

89 1916 181 1944 torum,
201 1916 333 1938 caeterum
344 1917 375 1936 ex
389 1918 439 1937 avo
454 1910 557 1937 habens
575 1911 690 1938 celerem
708 1911 741 1938 ad
764 1912 867 1943 omnia.

88 1957 218 1984 excelsum
230 1964 263 1983 ac
279 1963 406 1989 magnum
427 1955 551 1990 belloque
566 1962 656 1982 acrem
675 1956 794 1983 animum
810 1965 817 1990 ;
834 1966 865 1984 ex

88 2007 168 2029 matre
182 2010 245 2030 vero
263 2001 537 2028 bettelicentissimam
569 2005 705 2033 naturam,
723 2010 781 2036 quae
811 2010 867 2030 ant-

87 2048 165 2075 babus
179 2048 310 2074 manibus
328 2048 397 2073 dotta
411 2047 436 2073 in
461 2047 585 2073 subditos
612 2046 773 2080 eﬂ'ttnderet,
794 2048 867 2075 ttullo

87 2101 196 2120 tnrerore
211 2092 377 2127 largissime,
394 2091 448 2118 imo
472 2091 609 2118 ell‘undere
631 2092 771 2125 gauderet.
807 2092 868 2120 Stu-

87 2139 251 2166 diosissintus
265 2138 293 2164 itt
310 2136 403 2172 pritttis
415 2137 578 2170 litterarum,
596 2142 623 2164 et
648 2137 780 2176 litteratos
810 2147 867 2165 ant-

87 2185 160 2218 plecti
188 2183 335 2212 beneﬁciis
362 2182 470 2216 solitus,
502 2183 669 2211 meditationi
699 2184 763 2218 quin
785 2185 866 2211 etiam

883 1567 904 1595 C

585 177 634 207 DE
655 174 850 207 MICHAELE
871 173 1099 204 PAL/EOLCGO
1122 173 1195 202 LIB.
1219 173 1240 204 Ι.

923 228 963 254 ὅτι
981 229 1097 262 μάλιστι
1109 229 1230 262 ἄριστον,
1259 228 1329 255 ὥστε
1354 229 1400 255 καὶ
1422 229 1583 264 παμπληθὲς
1598 229 1705 255 ἐκινδῦ-

922 282 999 300 νευεν
1024 274 1227 308 εὐεργετεῖσοαι
1257 275 1294 309 μὴ
1320 275 1362 301 ὅτι
1376 276 1439 306 τοὺς
1459 275 1619 309 ψάλλοντας,
1635 275 1702 302 ἀλλὰ

922 320 968 346 καὶ
982 320 1080 350 αὖτοὺς
1098 319 1150 346 τῶν
1168 319 1260 354 ὓμνων
1285 321 1487 356 ἀκροωμένους,
1505 321 1557 347 κᾶν
1569 322 1622 347 τῶν
1640 330 1712 356 προ-ν

922 364 1082 391 κοιτούντων
1092 363 1126 400 ἦν
1141 373 1184 396 τις
1202 365 1253 391 κᾶν
1271 366 1324 391 τῶν
1338 366 1495 402 ὁπλοφόρων
1518 367 1565 393 καὶ
1580 375 1706 400 σωματο-

922 410 1114 444 φυλακούντων
1130 411 1168 445 τῷ
1184 411 1298 446 βασιλεῖ,
1325 412 1377 439 κᾶν
1389 412 1476 443 ἄλλως
1488 412 1636 447 ὑπηρετοίη
1650 413 1706 443 τοῖς

923 456 1082 491 βασιλείοις,
1099 457 1151 484 κᾶν
1165 457 1252 490 ἄλλως
1271 457 1382 484 ἄλλοθεν
1405 458 1537 485 ἐπελθών.
1558 459 1628 484 [ἰᾶσι
1651 458 1707 492 γὰρ

922 503 951 535 ἐξ
966 503 1023 529 ἴσον
1047 503 1077 529 τὺ
1101 503 1239 537 βασιλικὸν
1263 503 1468 538 ἀνεξαντλήτως
1496 503 1589 538 ἔχευεν
1618 503 1704 534 ἔλεος,

923 547 1103 582 στρατιώταις
1119 548 1145 574 δὲ
1160 548 1260 582 μᾶλλον
1277 549 1323 575 καὶ
1339 546 1399 580 οἷςό
1412 549 1490 582 λόγος
1503 549 1533 574 τὸ
1547 548 1707 582 σπούδασμα

921 590 965 627 ἦν,
979 593 1016 619 Οὐ
1036 593 1090 628 γὰρ
1102 591 1135 628 ἦν
1150 593 1249 628 ἡμέρα,
1265 594 1295 620 οὗ
1312 594 1370 626 νὺξ,
1386 593 1416 620 οὐ
1432 595 1528 629 καιρὸς
1543 594 1706 628 δυσθυμίας,

922 638 970 672 οὐχ
985 637 1044 672 ὥρα
1064 639 1159 672 χαρᾶς,
1180 639 1230 664 οὐκ
1247 639 1398 665 ἀνατέλλων
1415 639 1500 674 ἥλιος,
1519 639 1549 665 οὒ
1565 639 1705 674 δυόμενος,

922 684 965 710 ὅτε
979 693 1021 715 τις
1045 685 1206 718 εὐεργεσίας
1231 685 1291 720 δίχα
1306 686 1351 711 τὶν
1376 685 1491 717 ἄνακτα,
1516 683 1577 720 ἢεῦ
1605 686 1707 716 ἐκεῖνος

923 729 1033 764 πάσχων
1056 729 1072 764 ἢ
1102 729 1189 756 ἄλλων
1214 730 1249 756 τὰ
1276 731 1321 756 ῐσα
1347 730 1517 765 πασχόντων,
1540 731 1607 764 ὀρᾷν
1629 730 1708 764 iiva

922 774 1032 800 ἀκούειν
1043 772 1109 808 εἶχε.
1126 774 1251 806 Τοιοῦτος
1265 775 1292 800 δὲ
1303 774 1340 801 ὢν
1355 774 1439 809 βαρὺς
1452 775 1524 806 ἔδοξε
1539 776 1594 804 τοῖς
1615 776 1644 800 ἐν
1663 775 1708 799 τὲ-

922 819 973 850 λει,
985 820 1025 845 ὅτι
1040 820 1069 845 οὐ
1087 819 1147 845 κατ’
1161 819 1303 853 εὐγένειαν
1323 819 1370 845 καὶ
1386 820 1464 854 κῆδος
1481 819 1707 854 βασιλικὸν,ἁλλὰ

923 865 1079 900 ἀριστίνδην
1104 866 1166 896 τοὺς
1182 865 1301 891 ἐπὶτῶν
1330 865 1502 901 πραγμάτων
1527 866 1706 899 ἐκλεγόμενος

921 912 976 942 τοῖς
989 912 1174 946 προσήκουσιν
1191 911 1337 945 ἐσέμνυνεν
1359 910 1522 945 ἀξιώμασιν.
1540 908 1587 941 Οἷς
1603 910 1631 936 δὲ
1646 919 1708 936 συνη

922 957 1012 983 ἔϐαινε
1030 957 1206 992 προσγενέσιν
1232 953 1301 983 εἶναι
1324 956 1369 983 καί
1385 957 1409 982 οἱ
1432 956 1500 991 πρὸς
1517 956 1643 990 αἵματος,
1655 957 1706 989 ἀρ⁸

904 1024 906 1027 .
923 1003 980 1029 κεῖν
1000 1001 1090 1037 ἔκρινε
1102 1001 1132 1028 τὸ
1150 1001 1269 1028 τοιοῦτον
1288 1001 1336 1027 καὶ
1347 1001 1436 1027 ἱκανὸν
1451 1001 1491 1031 εἰς
1504 1001 1582 1034 λόγον
1599 1000 1705 1034 σεμνώ-

923 1056 1017 1082 ματος.
1037 1047 1074 1074 Τὸ
1090 1047 1117 1073 δὲ
1129 1045 1174 1082 ἦν,
1192 1047 1216 1072 εί
1234 1047 1346 1081 σκοποίη
1367 1055 1418 1077 τις,
1431 1046 1531 1080 ἀρετὴν
1546 1043 1705 1080 ὁερέλλοντος

921 1092 1050 1126 ἄρχοντος
1079 1091 1126 1118 καὶ
1141 1090 1365 1124 παρακαλοῦντος
1389 1090 1456 1124 πρὸς
1482 1090 1658 1124 εὐδοκίμησιν
1675 1091 1704 1115 τ³ι

923 1138 1049 1172 ὑπήκοον.
1065 1136 1103 1164 Οὐ
1118 1137 1172 1171 γὰρ
1189 1136 1318 1171 βλακεῖας
1334 1137 1423 1171 χάριν,
1441 1136 1646 1170 ἁλλ’ἀριστείας
1659 1137 1704 1161 καὶ

920 1183 967 1210 τοῦ
981 1183 1068 1214 καλῶς
1080 1183 1195 1216 ἄγεσθαί
1209 1191 1237 1208 τε
1249 1183 1317 1216 πρὸς
1333 1182 1436 1208 ἐκείνου
1453 1182 1498 1207 καὶ
1511 1182 1588 1215 ἄγειν
1605 1182 1706 1211 ἄλλους

921 1229 969 1260 τὰς
985 1228 1128 1264 βασιλικὰς
1147 1228 1306 1262 φιλοτησίας
1320 1226 1428 1262 ἔκρινεν
1441 1227 1628 1261 διανέμεσθαι.
1649 1227 1703 1252 Καὶ

920 1276 950 1301 τὸ
962 1265 1076 1309 φοῦερδν
1092 1274 1205 1308 προσῆν,
1219 1273 1256 1304 ὡς
1273 1273 1389 1304 ἑτοίμως
1403 1273 1449 1298 καὶ
1464 1273 1509 1298 τὸν
1527 1272 1614 1303 ἄλλως
1627 1272 1643 1306 ἢ
1665 1272 1704 1302 ὡς

921 1320 975 1346 ἔδει
990 1319 1118 1346 ποιοῦντα
1130 1319 1293 1351 κολάζεσθαι
1308 1318 1412 1345 καὶτὸν
1425 1317 1609 1352 κατορθοῦντα
1626 1317 1703 1352 εὐερ-

921 1408 989 1435 dona
1007 1407 1151 1434 videretur.
1175 1406 1248 1434 Adeo
1268 1414 1319 1432 nott
1346 1406 1500 1440 psallentes,
1527 1413 1580 1431 non
1609 1406 1705 1432 dantes

922 1461 1031 1489 operam
1066 1452 1236 1483 canentibus.
1268 1451 1409 1478 iudonatos
1437 1451 1615 1485 relinquebat.
1650 1450 1703 1478 Sett

921 1500 982 1533 quis
998 1499 1024 1524 itt
1048 1497 1235 1524 excubitorum
1255 1497 1358 1528 ordine,
1386 1504 1432 1524 seu
1460 1496 1484 1522 itt
1505 1495 1650 1522 satellitum
1676 1501 1704 1522 et

922 1545 1042 1577 corporis
1081 1544 1221 1570 custodum
1260 1550 1381 1573 munere.
1411 1550 1457 1570 sett
1490 1542 1544 1568 alio
1574 1541 1703 1576 quopiam

922 1589 1010 1616 aulico
1024 1587 1173 1615 ministerio
1189 1588 1342 1622 itnperatori
1363 1593 1515 1621 appareret,
1543 1588 1601 1613 sive
1622 1587 1703 1614 etiam

921 1634 1027 1661 aliunde
1041 1634 1138 1667 aliquis
1151 1641 1184 1660 eo
1199 1632 1268 1660 forte
1292 1633 1405 1660 veniens
1420 1638 1482 1660 tunc
1495 1637 1659 1664 occurreret,
1677 1633 1703 1659 in

923 1687 1018 1707 omnes
1027 1686 1060 1706 ex
1074 1687 1150 1713 mquo
1167 1679 1267 1713 regiam
1283 1678 1498 1706 beneﬁcientiam
1528 1677 1702 1710 extendebat,

921 1725 1020 1752 milites
1050 1725 1198 1759 praesertim
1231 1729 1259 1751 et
1288 1724 1436 1751 litterarum
1472 1724 1616 1751 studiosos.
1645 1723 1702 1750 Non

920 1772 990 1798 euiut
1018 1778 1082 1804 nox,
1109 1778 1162 1798 non
1192 1771 1259 1802 dies,
1275 1778 1328 1797 non
1351 1774 1456 1804 tempus
1479 1774 1616 1803 mmstum,
1646 1777 1700 1797 non

921 1819 984 1846 hora
1000 1817 1098 1850 laatior,
1113 1825 1165 1844 non
1180 1818 1271 1844 oriens
1298 1816 1350 1849 sol,
1374 1824 1428 1844 tton
1456 1817 1583 1844 occidens
1613 1816 1701 1850 ipsum

920 1869 1059 1891 vacantem
1088 1871 1104 1890 a
1128 1863 1320 1891 benefaciendo
1338 1863 1478 1898 reperiret.
1497 1862 1613 1890 Videres
1625 1863 1703 1890 audi-

920 1917 1018 1944 resQue
1032 1910 1103 1938 circa
1118 1918 1179 1937 eum
1196 1918 1303 1944 semper
1313 1915 1359 1937 aut
1375 1911 1419 1944 qui
1431 1917 1527 1937 munus
1536 1909 1702 1944 acciperent,

919 1961 963 1982 attt
978 1956 1022 1990 qui
1039 1961 1148 1990 accepto
1165 1958 1329 1987 recederent,
1348 1956 1393 1991 qui
1422 1963 1475 1983 non
1510 1957 1610 1983 frustra
1628 1961 1702 1990 pete-

920 2005 989 2033 rent,
1019 2001 1064 2035 qui
1096 2001 1167 2028 nacti
1183 2001 1254 2036 quod
1283 2001 1423 2028 voluerant
1452 2001 1554 2035 gratias
1579 2000 1698 2036 agerent.

918 2048 1006 2081 Atque
1019 2047 1062 2074 hic
1077 2051 1164 2074 tamen
1181 2047 1242 2073 talis
1253 2054 1315 2073 cutn
1331 2052 1403 2074 esset
1417 2047 1577 2082 imperator,
1609 2048 1700 2082 gravis

919 2095 977 2118 erat
991 2090 1154 2124 primoribus
1169 2098 1322 2125 procerum,
1338 2092 1442 2119 idcirco
1455 2093 1527 2127 quod
1541 2092 1567 2118 itt
1585 2092 1699 2119 deman-

920 2136 1015 2163 dandis
1031 2136 1199 2170 prtelectoris
1211 2144 1263 2163 non
1277 2137 1382 2170 patricii
1398 2138 1505 2172 generis
1519 2143 1565 2164 aut
1584 2139 1705 2165 llOCcSSl<

920 2181 1019 2207 tudinis
1034 2188 1094 2207 cum
1111 2181 1250 2216 principali
1261 2182 1341 2209 donto
1360 2183 1490 2209 rationem
1511 2183 1635 2215 haberet;
1653 2184 1699 2210 sed

85 2231 241 2265 οριίιηςπυιη
257 2229 358 2257 artium
375 2230 505 2261 intentus,
521 2233 619 2256 etnon
641 2230 727 2264 magis
758 2230 864 2256 inslilu—
882 2221 1052 2260 unemque
1074 2226 1172 2253 viritim
1195 2235 1228 2254 ex
1256 2228 1363 2262 propria
1390 2228 1546 2262 praestantia
1575 2228 1700 2262 verisque

86 2276 151 2302 tione
169 2283 253 2309 qualn
286 2274 376 2302 indole
403 2282 528 2309 magnam
559 2274 697 2308 eleganter
730 2275 864 2302 scribendi

85 2320 235 2348 facultatem
247 2326 402 2352 assecutus,
416 2324 444 2347 ut
460 2320 542 2346 multa
566 2320 667 2347 diserte
692 2328 864 2355 componeret

84 2368 184 2401 quoties
202 2367 271 2394 tanti
292 2366 404 2393 duceret
419 2366 445 2393 in
461 2366 488 2392 id
516 2366 682 2394 incumbere.
708 2367 792 2401 Cujus
827 2368 864 2394 rei

83 2411 274 2439 documentum
288 2410 383 2445 (multa
401 2411 498 2438 similia
520 2412 646 2446 reticens)
671 2412 780 2439 unicum
799 2420 864 2446 ιιι-οη-

84 2455 173 2483 fera-tt.
201 2456 256 2484 Ubi
297 2456 447 2483 solemnius
475 2457 561 2484 sancti
588 2457 739 2491 cujuspiam
766 2458 863 2485 festum

82 2500 216 2533 illurerat.
239 2509 294 2528 non
326 2501 379 2528 alia
409 2501 528 2528 adhibita
559 2503 757 2537 pralparalione
784 2511 863 2538 quant

83 2547 238 2573 avocatione
256 2547 355 2573 utentis
370 2554 384 2572 a
401 2547 527 2580 negotiis,
540 2555 592 2574 ttno
609 2548 687 2574 modo
703 2549 864 2576 clericorum

82 2592 199 2619 sedatius
242 2592 454 2625 distinctiusque
501 2593 690 2626 pronuntiante
727 2595 863 2620 senarium

83 2637 246 2670 psalmorum
273 2638 318 2671 qui
358 2639 482 2670 pra-mitti
508 2643 706 2666 consueverunt
733 2640 865 2666 matutino

83 2683 182 2715 cantui,
205 2683 325 2717 elogium
351 2682 433 2714 benti,
451 2683 520 2715 quod
538 2688 634 2710 vocant
665 2692 807 2715 cauonetn,
831 2692 862 2711 ex

84 2731 200 2762 tempore
213 2728 360 2762 pangebat,
376 2727 429 2762 37
443 2728 466 2754 ei
488 2729 564 2763 cujus
589 2729 717 2756 memoria
745 2730 865 2756 Celebra-

85 2772 158 2798 batur
170 2772 265 2799 lattdes
283 2779 362 2805 quam
373 2773 516 2800 scitissime
530 2778 676 2800 contexens
688 2774 861 2802 ornatissitno

85 2819 233 2852 praconio;
254 2819 327 2853 quod
345 2823 398 2845 tant
420 2818 521 2845 liberali
537 2819 683 2854 largitione
698 2821 863 2852 cumulabat,

88 2869 113 2889 ut
128 2872 255 2900 spargere
285 2864 382 2898 passim
404 2864 430 2891 in
451 2865 560 2899 quosvis
587 2873 617 2893 ac
642 2873 709 2900 pene
732 2865 864 2901 projicere

918 2271 1024 2298 dotibus
1041 2271 1190 2304 zeSIimans,
1201 2272 1360 2300 admovebat
1377 2273 1414 2300 rei
1429 2273 1551 2308 gerendae
1568 2273 1600 2300 ad
1616 2281 1702 2306 quant.

918 2323 996 2352 aptus
1006 2322 1076 2350 erat,
1090 2325 1120 2344 ac
1135 2318 1238 2345 meritis
1256 2317 1433 2353 dignitatibus
1444 2319 1568 2345 ornabat.
1595 2318 1700 2352 Cogna-

919 2363 953 2390 tis
972 2370 1036 2389 vero
1063 2370 1095 2390 ac
1119 2364 1326 2398 consnuguineis
1347 2365 1402 2391 suis
1430 2365 1556 2391 censebat
1576 2363 1700 2391 sullieere

917 2408 1018 2435 debere
1029 2410 1110 2436 istum
1125 2409 1254 2435 natalium
1271 2409 1411 2442 honorem,
1424 2415 1451 2436 et
1463 2417 1537 2436 suatn
1552 2414 1652 2436 sortem
1667 2418 1699 2436 ae

917 2454 1105 2481 claritudinem
1119 2456 1250 2489 prosapia:
1261 2455 1367 2482 abunde
1379 2463 1482 2490 magna:
1492 2455 1630 2489 dignitatis
1640 2455 1703 2482 loco

919 2500 1029 2527 ducere.
1045 2500 1072 2527 Id
1089 2506 1178 2528 autent
1199 2506 1226 2528 et
1246 2501 1379 2536 judicium
1396 2506 1424 2529 et
1452 2502 1551 2530 iactum
1573 2506 1642 2534 erat,
1674 2503 1700 2528 si

917 2548 977 2581 quis
997 2553 1069 2575 recte
1091 2549 1275 2576 consideraret
1290 2550 1419 2585 principis
1436 2550 1561 2578 virtutem
1589 2558 1700 2584 promo-

918 2593 1014 2625 ventis,
1030 2598 1057 2620 et
1072 2595 1243 2628 provocantis
1255 2595 1377 2623 subditos
1409 2596 1442 2623 ad
1465 2595 1582 2623 studium
1609 2596 1699 2622 omnis

919 2647 987 2665 verte
1001 2638 1099 2666 laudis.
1113 2639 1171 2666 Non
1187 2640 1258 2667 enirn
1286 2645 1489 2668 auctoramenta
1515 2641 1631 2674 inertite,
1649 2643 1697 2669 sed

919 2684 958 2712 vel
972 2684 1057 2711 stadia
1071 2685 1111 2712 vel
1129 2687 1237 2720 praemia
1259 2686 1373 2713 heroicae
1386 2687 1491 2714 virtutis
1504 2686 1624 2714 illustres
1638 2694 1699 2715 esse

918 2730 1108 2763 magistratus;
1121 2738 1189 2764 quos
1205 2731 1240 2758 ita
1253 2735 1280 2757 et
1294 2731 1346 2758 illis
1371 2731 1478 2758 demum
1501 2732 1598 2759 debere
1623 2740 1698 2759 cont-

917 2774 985 2801 mitti
996 2775 1157 2802 decernebat
1173 2777 1216 2809 qui
1233 2782 1258 2802 et
1271 2785 1299 2803 se
1314 2777 1368 2811 38
1383 2778 1510 2811 praeclare
1525 2778 1599 2812 ipsos
1615 2779 1640 2805 itt
1664 2779 1697 2805 iis

916 2828 1010 2855 gerere
1024 2825 1050 2847 et
1067 2820 1136 2848 alios
1146 2823 1285 2848 connuode
1300 2823 1494 2857 salubriterque
1504 2831 1582 2857 posse
1598 2824 1698 2858 guber-

918 2874 981 2894 nare
999 2864 1261 2900 iudicentur..l:terat
1279 2868 1338 2903 ejus
1357 2869 1477 2896 moribus
1495 2874 1521 2896 et
1546 2870 1697 2896 terriﬁcum
