1935 3071
190 165 240 198 4⁸11

791 164 953 195 GEORGII
973 163 1214 195 PACHYMERIE

1761 160 1819 192 47‘!

190 220 340 257 γετεῖσθαι.
352 220 389 247 Οὐ
406 220 459 256 γὰρ
473 220 569 255 μικρὸν
584 219 613 246 τὸ
627 219 675 246 τοῦ
692 219 853 253 μεγιστᾶνος
865 218 976 253 σφάλμα
990 217 1015 248 Α
1027 226 1072 244 νον
1088 216 1144 246 οἷον
1155 220 1204 254 τὴν
1217 219 1268 255 τῆς
1284 219 1440 255 ἀμπεχόνης
1461 218 1590 254 ἀκαιρίαν
1614 217 1744 249 ὠνείδιζε.
1761 218 1818 250 καὶ,

191 269 207 303 ἡ
226 267 279 302 μὴν
289 267 406 302 ἔμπαλιν
421 268 450 293 τὸ
467 266 642 301 κατόρθωμα,
660 265 715 292 ἀλλ’
728 266 815 292 ἐκεῖνο
839 265 977 299 μὲνὲκτο-

194 315 256 349 μίου
267 313 349 340 πάθει
365 313 525 348 προσέοικεν
545 312 582 344 ὡς
604 313 637 347 τῇ
654 312 700 339 τοῦ
719 311 814 346 μορίου
834 310 978 345 ἀφαιρέσει

194 359 281 393 μέγαν
295 359 400 394 ἔχοντος
410 359 489 393 λόγον
508 360 541 394 τῇ
559 359 638 392 φύσει
657 358 746 385 πάντα
768 357 979 392 συμπαραστιᾶ-

194 404 257 431 σθαι
275 405 322 430 καὶ
344 404 580 439 παρατρέπεσθαι,
602 404 631 430 τὸ
656 403 683 429 δὲ
700 403 866 438 κατόρθωμα
879 402 917 437 τῷ
932 401 979 429 τοῦ

194 449 295 476 κύκλου
316 450 430 485 κέντρῳ,
447 449 610 484 παμπόλλην
628 449 778 482 ἀσφάλειαν
804 449 836 483 τῇ
863 457 979 483 περιφε-

195 494 256 530 ρείᾳ
271 495 461 530 προσνέμοντι,
475 495 499 521 εἰ
521 495 592 522 κατὰ
611 494 703 530 χώραν
719 496 807 521 ἐκεῖνο
822 495 908 528 μένει.
926 492 981 520 Καὶ

195 540 254 571 πῶς
262 540 315 575 γὰρ
328 540 377 567 οὐκ
391 540 503 574 ἔμελλεν
517 540 564 576 τὴν
573 541 659 575 ἀρχὴν
673 540 715 576 [Ρ.
726 540 772 575 21]
787 541 898 567 διοικεῖν
911 539 981 566 κατὰ

195 586 225 612 τὸ
240 586 389 620 προσῆκον,
406 587 480 621 ὅστις
505 586 557 612 ὑπὸ
582 586 675 620 τοιῷδε
700 586 794 620 πατρὶ,
815 587 877 621 μηδ’
896 587 982 620 ὄνομα

197 631 335 666 βασιλείας
352 631 431 666 ἔχων,
448 631 486 658 ὢν
498 631 527 663 ἐξ
543 631 648 657 ἐκείνου
663 632 709 657 xxi.
728 632 816 665 μόνος,
828 631 903 666 ὅμως
917 633 982 666 ἀγε-

196 677 287 703 λατεῖν
302 677 432 711 ἀσφαλῶς
445 677 671 711 προὺδιδάσκετο;

197 734 356 767 ιδπῗθπως
370 733 543 759 ἐπαιδεύετο
557 735 574 760 ὁ
592 733 747 768 Λὰσκαρις
763 735 842 768 παρὰ
857 733 910 760 τοῦ
926 741 983 760 πα·

251 769 319 802 τρὺς
343 768 484 794 Ἰωάννου
497 770 538 801 εἰς
550 769 715 799 βασιλείαν
728 770 923 803 ἀναγόμενος.

235 814 283 845 Ὃς
298 814 358 840 ἐπεί
371 822 435 840 ποτε
448 815 493 840 καὶ
502 814 680 849 χρυσοφορῶν
693 814 765 849 ἐξῄει
783 816 823 846 είς
841 815 984 848 κυνήγιον,

198 857 353 890 ὑπέστρεφε
369 857 418 892 μὲν
433 858 536 889 ἐκεῖνος
551 857 667 889 ἐκεῖθεν,
684 859 803 893 συνήντα
818 859 845 885 δὲ
862 860 934 886 κατὰ
954 860 984 885 τὸ

197 902 351 937 προστυχὸν
378 903 416 937 τῷ
431 903 525 938 πατρί.
539 904 593 930 Καὶ
613 904 644 939 δὴ
671 905 891 939 προσκυνήσαντι
905 906 928 931 oi
947 906 984 940 μὴ

200 947 308 981 βλέπειν
325 948 429 979 ἐκεῖνος
450 949 517 983 μηδὲ
543 949 686 984 προσέχειν
710 951 912 984 προσεποιεῖτο,
939 951 985 977 καὶ

199 993 358 1028 προσιόντος
373 994 480 1027 ἠμέλει.
500 995 532 1020 ⁸0
547 995 579 1028 δὴ
597 996 644 1021 καὶ
657 994 805 1030 συμϐαῖνον
818 995 905 1030 ὀργῆς
917 996 985 1031 πρὸς

200 1039 282 1066 αὑτὸν
300 1040 435 1076 πατρόθεν
463 1041 585 1074 σημεῖον,
603 1041 673 1073 ὅπερ
695 1041 743 1067 καὶ
755 1041 854 1076 ἀληθὲς
869 1039 914 1076 ἦν,
929 1042 987 1068 ἐδο-

200 1085 256 1118 ξεν.
274 1085 356 1111 Ὀθεν
372 1085 460 1112 ἀλύων
473 1085 520 1111 καὶ
537 1086 579 1112 ὅτι
591 1086 708 1120 ἁμάρτοι
733 1086 923 1119 διανοούμενος
941 1087 988 1113 καὶ

200 1130 289 1166 ζητῶν
306 1131 445 1166 πρόσεισιν
459 1132 488 1157 οὐ
506 1131 577 1165 μάλα
592 1130 763 1166 θαρρούντως
775 1131 814 1166 τῷ
826 1132 911 1166 τιαίιιρλ⁸
926 1131 987 1158 κατ’

202 1176 279 1204 ἰδίαν.
303 1177 332 1203 '0
348 1177 370 1203 δ’
390 1177 452 1204 ἰδὼν
468 1177 570 1208 εὐθέως
595 1178 642 1204 καὶ
662 1178 820 1212 ἀλαστήσας
834 1177 902 1212 πρὸς
917 1178 988 1204 ἐκεῖ.

203 1267 278 1301 qttid,
296 1266 368 1294 vultu
382 1274 561 1301 sermoneque
577 1267 776 1294 declarantibus
789 1267 862 1294 ltaud
879 1267 990 1302 impune

203 1312 307 1339 laturos
337 1313 382 1346 qui
411 1312 490 1346 aliter
502 1320 533 1339 ac
548 1317 688 1347 oporteret
708 1318 831 1347 agerent,
846 1313 884 1340 uti
913 1318 940 1341 et
972 1321 988 1342 θ

208 1356 357 1389 eontratin,
374 1357 419 1391 qui
435 1363 514 1391 prottt
531 1365 579 1390 par
597 1361 657 1384 erat
677 1357 769 1384 ofﬁcio
799 1357 988 1392 fungerentur,

205 1408 375 1436 nequaquam
420 1403 544 1429 mercede
579 1402 722 1428 carituros.
756 1402 875 1436 Ingentis
918 1405 988 1431 enim

207 1448 338 1474 utramvis
351 1447 376 1474 in
397 1452 499 1481 partem
519 1447 628 1474 onntino
650 1449 777 1474 momenti
808 1453 848 1475 est
871 1449 989 1476 hominis

206 1493 233 1520 itt
246 1493 356 1520 civitate
372 1493 492 1527 pritnarii
508 1498 580 1520 recte
598 1499 644 1520 aut
668 1500 746 1520 secus
775 1493 885 1526 factum,
906 1503 987 1528 prava

1031 274 1039 290 ι
1054 265 1086 291 Τί
1098 265 1180 291 καλὸν
1191 265 1319 296 συνειδὼς
1334 264 1423 299 ἑαυτῷ
1433 264 1536 298 δράσεις
1555 262 1736 296 Ῥωμαίους,›
1756 261 1820 296 ἔφη,

1030 310 1079 336 «τὰ
1093 309 1206 336 ἐκείνων
1232 309 1337 343 ἑκχέεις
1359 309 1387 334 ἐν
1404 308 1554 343 διατριϐαῖς
1579 306 1662 341 μηδὲν
1684 306 1714 332 τὸ
1735 307 1822 339 ἀναγ-

1029 357 1106 383 καῖον
1116 355 1256 390 exoticam;
1273 354 1308 380 ’Ἡ
1325 354 1378 388 γὰρ
1394 354 1443 380 οὐκ
1456 351 1539 384 οἶδας,
1555 361 1564 377 ι
1583 352 1675 386 φησὶν,
1691 361 1700 376 t
1719 352 1823 385 αἵματα

1029 399 1098 428 εἶναι
1118 400 1261 434 Ῥωμαῖων
1273 399 1306 426 τὰ
1320 399 1481 434 χρυσόσημα
1495 397 1580 423 ταῦτα
1593 397 1639 423 καὶ
1650 396 1766 430 Σηρικὰ,
1781 393 1823 427 οἷς

1031 447 1100 482 ὑπὲρ
1117 446 1229 473 ἐκείνων
1245 446 1297 472 ἔδει
1318 445 1435 480 χρῆσθαι
1453 443 1565 470 ἐκείνων
1582 451 1613 476 γε
1629 440 1707 475 οὗοι;
1727 442 1824 475 Ζητεϊς

1030 493 1058 518 δὲ
1077 492 1172 527 μαθεῖν
1186 492 1232 518 καὶ
1251 491 1320 524 ὑπὲρ
1334 490 1446 516 ἐκείνων
1464 489 1548 520 ard-re;
1565 489 1629 514 Ὅτε
1647 486 1746 521 δηλαδὴ
1763 487 1825 512 ἑπι-

1032 539 1112 564 στᾶσι
1131 537 1279 572 πρέσϐεσιν
1295 537 1324 569 ἐξ
1340 536 1493 569 ἀλλοδαπῆς
1508 535 1552 561 τὸν
1581 533 1692 560 ἐκείνων
1708 531 1825 558 πλοῦτον

1032 582 1299 617 λαμπρειμονοῦντες
1314 581 1410 616 δηλοῦν
1430 581 1550 615 ἔχοιμεν.
1574 579 1604 605 ’0
1619 579 1675 613 γὰρ
1691 577 1828 612 βασιλέων

1033 628 1148 660 πλοῦτος
1178 628 1292 659 πλοῦτος
1320 628 1374 654 τῶν
1401 626 1528 661 ὑπηκόων
1546 625 1693 658 λογίζεται,
1709 623 1774 658 παρ’
1790 623 1824 657 ἣν

1033 675 1124 701 αἰτίαν
1143 675 1190 701 καὶ
1207 674 1236 700 τὺ
1251 673 1292 705 είς
1316 672 1438 699 δουλείαν
1453 671 1630 698 καθυπείχειν
1646 669 1749 703 ἑτέροις
1764 667 1828 701 σφί-

1035 729 1076 746 σιν
1091 720 1177 750 οὕτως
1189 719 1279 754 ἔχουσι
1298 718 1344 744 καὶ
1359 717 1418 743 λίαν
1439 716 1593 749 ἀπώμοτον.
1615 711 1662 745 Οἷς
1686 713 1717 740 σὺ
1732 713 1825 739 διακε-

1035 767 1082 800 νῆς
1097 766 1238 801 χρώμενος
1267 765 1297 791 οὐ
1313 764 1408 798 λογίζῃ
1435 763 1466 788 τὸ
1494 761 1654 796 πλημμελὲς
1681 759 1791 785 ὁπόσον.
1812 765 1823 782 ν

1036 812 1114 838 Οὕτω
1123 812 1169 838 καὶ
1183 811 1228 837 ἐπὶ
1245 809 1375 841 τοιούτοις
1390 809 1403 835 ὸ
1420 808 1459 839 είς
1477 805 1616 840 βασιλείαν
1634 803 1828 839 ἀναχθηαόμε-

1037 866 1081 888 νος
1098 857 1267 883 ἐπαιδεύετο.

1039 912 1079 941 ιε’,
1094 913 1196 944 Ὅπως
1214 913 1230 938 ὀ
1246 910 1513 944 πρωτοϐεστίιιριος
1520 907 1683 944 Μοιξζάλωνς
1693 904 1747 932 τοῦ
1761 911 1826 938 μει-

1069 941 1219 981 ρακίσκου
1234 941 1390 978 ,ϐἀσιλέως
1412 941 1554 971 Ἰωάννου
1574 941 1788 975 ἐπετρόπευεν.

1075 993 1116 1028 [Ρ.
1131 992 1177 1027 22]
1190 992 1256 1019 Τότε
1269 992 1296 1017 δὲ
1312 991 1436 1020 Θανόντος
1452 985 1567 1020 ἐκείνου,
1583 988 1642 1013 ἐπεὶ
1659 986 1706 1018 καὶ
1720 986 1734 1011 ὀ
1749 993 1826 1018 πρω-

1038 1038 1221 1073 τιιὸεστιάριος
1237 1036 1392 1072 Μομζάλων
1401 1035 1450 1071 τὴν
1465 1034 1615 1069 ἐπιτροπὴν
1629 1032 1675 1058 τοῦ
1694 1031 1829 1066 ἀφήλικος

1040 1084 1171 1120 βασιλέως
1185 1083 1257 1118 ἔχειν
1270 1082 1417 1118 ἠγγέλλετο
1433 1081 1508 1115 παρὰ
1522 1079 1568 1106 τοῦ
1596 1078 1698 1113 πατρὸς
1716 1077 1762 1103 καὶ
1780 1077 1829 1112 βα-

1041 1131 1135 1162 σιλέως
1150 1130 1196 1156 τὸν
1210 1128 1325 1164 μοναχὸν
1341 1127 1514 1156 ὑπελθόντος.
1533 1125 1571 1159 τῷ
1592 1125 1640 1159 μὲν
1655 1122 1831 1158 μειρακίσκῳ

1039 1177 1137 1211 ἐκείνῳ
1153 1177 1250 1203 ἄνακτι
1267 1175 1377 1210 Ἰωάννῃ
1395 1173 1444 1208 οὺχ
1460 1173 1509 1206 οἴῳ
1522 1171 1546 1198 τ’
1569 1171 1625 1197 δντι
1640 1169 1684 1196 διὰ
1700 1168 1749 1203 τὴν
1765 1167 1830 1202 ὴλι-
1879 1197 1883 1201 .

1041 1268 1085 1301 qui
1098 1265 1243 1300 quamdam
1269 1264 1482 1299 indignationem
1509 1269 1563 1296 prae
1588 1268 1618 1288 se
1642 1260 1754 1290 ferrent,
1779 1266 1830 1285 ex-

1041 1312 1183 1347 probravit
1199 1312 1235 1338 illi
1252 1311 1340 1338 cultus
1354 1309 1433 1336 istius
1458 1315 1490 1335 ac
1512 1307 1627 1335 vestitus
1652 1305 1828 1333 insolentiam

1042 1358 1086 1386 tali
1101 1358 1244 1386 occasione
1259 1356 1314 1392 39
1328 1355 1507 1389 intempestivi
1523 1363 1530 1381 :
1552 1363 1561 1379 ι
1578 1353 1644 1379 Nam
1658 1352 1733 1387 quid,
1751 1361 1760 1377 ι
1779 1351 1831 1382 ait,

1044 1413 1053 1428 ι
1069 1403 1115 1430 libi
1128 1403 1253 1430 conscius
1266 1410 1296 1430 es
1315 1400 1460 1435 perfecisse
1472 1405 1497 1426 te
1509 1399 1534 1425 in
1546 1399 1730 1425 Romanorum
1755 1404 1832 1423 com-

1043 1449 1160 1480 modum,
1176 1448 1276 1475 utinde
1290 1447 1336 1474 tibi
1347 1446 1481 1473 licentiam
1495 1449 1598 1479 partam
1610 1447 1687 1477 putes
1703 1441 1834 1469 attinendi

1042 1496 1138 1530 opibus
1162 1495 1272 1521 illorttm
1299 1494 1324 1519 in
1347 1498 1407 1519 tuas
1426 1491 1600 1518 remissiones
1631 1490 1663 1516 ad
1694 1489 1829 1523 privatum

193 1539 338 1584 qsiquidetn
355 1539 407 1565 vita
420 1543 447 1565 et
463 1539 530 1565 mala
547 1538 668 1566 facinora
684 1539 813 1566 nobilium
826 1547 875 1573 par
898 1541 992 1567 vitium
1007 1543 1030 1572 (ζ
1046 1543 1177 1568 duntaxat
1203 1540 1240 1566 tui
1272 1539 1355 1566 animi
1379 1538 1507 1569 fructum,
1538 1544 1590 1569 non
1609 1543 1674 1562 vero
1696 1534 1728 1561 ad
1749 1533 1830 1560 ullam

207 1586 364 1621 reipublicae
378 1586 526 1620 imp0rlant
541 1593 573 1613 ac
591 1586 709 1613 virilium
736 1587 856 1614 exsectio
873 1587 992 1616 humano

206 1632 324 1666 corpori,
337 1632 406 1666 quod
424 1632 485 1659 inde
496 1631 649 1659 universum
668 1633 823 1660 debilitatur
840 1641 993 1668 enerveque

207 1678 237 1704 Iit
254 1686 285 1704 ac
305 1677 456 1705 tlaccidum.
473 1678 571 1705 Contra
584 1679 670 1706 virtus
695 1683 723 1706 et
750 1679 822 1707 actio
849 1679 992 1707 laudabilis

208 1724 360 1758 principum
380 1724 498 1750 virorum
515 1723 611 1752 similis
625 1728 666 1751 est
686 1729 780 1751 centro
807 1725 911 1756 circuli,
939 1732 993 1760 quo

209 1774 283 1797 recte
297 1774 441 1796 constante
456 1777 486 1796 ac
498 1769 579 1797 situm
593 1770 767 1797 immobiliter
776 1771 916 1798 obtinente
929 1778 992 1805 pro-

170 1837 174 1840 .
208 1815 296 1850 prium
314 1819 401 1842 status
420 1815 495 1842 orbis
523 1822 554 1842 ac
575 1815 802 1842 circuntt‘erentim
826 1815 907 1842 totius
926 1815 994 1842 fixus

210 1868 243 1888 ac
259 1860 352 1887 firmus
365 1864 514 1894 permanet.
532 1860 677 1887 Enimvero
692 1861 785 1894 quidni
810 1861 914 1895 sperari
944 1861 994 1887 de-

211 1907 268 1934 buit
284 1911 356 1934 tanta
371 1906 545 1933 consiliorum
561 1907 698 1941 'sapientia
717 1914 826 1933 usttrunt
844 1908 995 1935 ttmderate-

211 1959 264 1987 que
284 1960 315 1980 ac
332 1952 436 1979 utiliter
452 1951 629 1986 praefuturum
654 1952 733 1978 rebtts
744 1952 817 1978 illtntt
834 1953 993 1987 principem,

210 1999 258 2034 qui
269 1999 452 2026 rudimentum
470 1998 620 2033 imperandi
637 1997 688 2025 sub
710 1998 754 2025 tali
781 2002 908 2033 tantoque
929 1997 994 2031 justi

211 2044 353 2078 regiminis
369 2043 509 2079 magistro,
525 2047 601 2078 patre
617 2043 732 2078 optimo,
748 2043 876 2077 posuerit,
898 2050 911 2069 a
943 2050 996 2077 quo

211 2091 308 2117 ttnicus
323 2090 387 2117 licet
401 2095 428 2117 et
441 2089 551 2116 adultus
571 2089 641 2116 filius
662 2089 688 2116 in
711 2089 823 2123 privatae
843 2089 925 2116 sortis
949 2089 998 2114 lm-

212 2137 327 2164 ntililate
344 2136 465 2167 relictus,
479 2135 658 2169 exclususque
669 2135 807 2161 consortio
836 2142 867 2161 ac
890 2134 998 2160 nomine

213 2182 330 2217 imperii,
344 2186 470 2209 accurate
498 2181 637 2215 otioseque
655 2180 879 2215 prmexercitatns
905 2184 945 2205 est
969 2179 995 2205 in

212 2229 340 2256 omnibus
357 2228 556 2255 meditamentis
580 2227 647 2254 artis
669 2228 761 2261 spissa:
791 2234 822 2253 ac
843 2225 998 2259 multiplicis
1013 2217 1037 2246 ι)

214 2274 339 2302 homines
355 2274 464 2308 regendi
479 2273 491 2300 ?

215 2333 259 2360 Ν.
276 2331 310 2359 Ut
326 2331 448 2358 Lasraria
469 2340 484 2358 α
495 2336 570 2365 patre
584 2330 687 2357 Joanne
706 2329 740 2355 ad
762 2329 898 2362 imprrium
913 2328 1002 2354 erudi-

541 2370 581 2392 tus
597 2366 684 2399 fuerit.

253 2411 321 2439 Huic
333 2411 480 2446 aliquando
492 2418 617 2437 venatum
635 2416 745 2444 egresso
758 2416 817 2436 cum
834 2412 907 2435 veste
932 2415 998 2435 auro

216 2464 301 2490 texta.
322 2458 440 2493 indeque
452 2458 560 2485 domum
575 2455 708 2486 redeunti,
724 2455 844 2482 occurrit
861 2455 930 2487 (orte
953 2461 1000 2488 pa-

216 2511 268 2538 ter,
277 2510 301 2532 et
313 2512 373 2532 eum
386 2511 415 2531 se
430 2503 627 2534 demississime
641 2506 812 2528 venerantem
826 2507 874 2527 nec
888 2504 1000 2532 aspectu

217 2553 343 2587 dignatus
358 2552 427 2579 velut
448 2551 649 2578 inobservatum
679 2547 820 2583 praeteriit.
842 2553 958 2580 moxque
970 2545 1003 2571 ab

217 2599 335 2626 adeunte
354 2598 532 2631 contemptim
550 2605 579 2624 se
599 2597 710 2624 awrtit.
736 2595 833 2630 ltapuit
859 2593 885 2621 id
907 2593 1002 2626 frigus,

221 2651 270 2670 nec
288 2643 358 2671 male
379 2644 564 2675 ratiocinatus,
581 2643 699 2678 prudens
717 2641 786 2667 filius
807 2640 834 2666 in
859 2646 1002 2674 argumen-

220 2694 275 2716 tum
290 2689 361 2716 hattd
375 2690 484 2716 dubium
501 2693 619 2724 pateram
631 2688 655 2713 itt
666 2695 694 2714 se
704 2687 759 2713 irae.
773 2685 849 2712 Unde
864 2690 1004 2719 postquam

220 2740 364 2764 aestuasset
390 2736 546 2770 aliquandiu
573 2740 600 2762 ct
630 2741 725 2761 severe
746 2740 837 2760 secum
865 2731 1005 2764 inquirens

219 2790 328 2809 causam
343 2782 499 2809 (tm-usionis
517 2782 617 2809 frustra
636 2781 662 2808 in
680 2787 727 2807 sua
749 2777 915 2806 conscientia
931 2783 1006 2811 quaa-

220 2829 322 2860 siisset,
335 2828 459 2862 privatim
476 2834 578 2863 patrem
597 2826 720 2854 convenit
737 2832 802 2853 sane
814 2823 944 2852 sollicitus
959 2829 1007 2848 nec

222 2879 293 2900 metu
314 2881 423 2900 ramus.
451 2873 536 2905 Quem
558 2872 601 2900 iilc
623 2871 714 2900 statim
741 2870 774 2898 iis
798 2870 908 2896 intuens
921 2867 1007 2895 oculis

1046 1587 1214 1622 pertinentes
1239 1585 1383 1612 utilitatem
1412 1583 1569 1619 publicam?
1591 1583 1630 1609 An
1656 1580 1744 1608 nesris
1764 1581 1832 1607 istas

1049 1641 1115 1660 auro
1128 1633 1248 1667 insignes
1268 1637 1295 1659 ct
1310 1631 1412 1658 sericas
1424 1629 1680 1663 vestessanguinem
1698 1634 1758 1654 cs~e
1776 1625 1832 1652 Ro-

1048 1687 1186 1707 manorum
1197 1687 1204 1711 ;
1216 1678 1312 1712 quibus
1325 1677 1425 1704 idcirco
1437 1677 1462 1703 in
1474 1683 1566 1702 eorum
1578 1679 1681 1700 tantum
1690 1671 1835 1699 enntmoda

1046 1726 1173 1753 utentium
1187 1729 1238 1754 est,
1252 1731 1314 1751 eum
1329 1730 1371 1750 res
1383 1723 1500 1756 ipsorum
1516 1720 1592 1747 sint?
1609 1719 1718 1752 Quatres
1736 1717 1834 1744 fortas—

1047 1779 1076 1799 se
1093 1770 1202 1806 quando
1214 1775 1239 1796 et
1250 1768 1386 1803 quomodo
1397 1767 1448 1794 illm
1462 1767 1489 1793 in
1505 1766 1624 1800 ipsorum
1638 1765 1737 1792 bonum
1754 1770 1834 1805 nsur:

1048 1815 1167 1852 peutur?
1183 1814 1260 1842 Tunc
1274 1812 1397 1840 videﬂcet
1414 1813 1522 1847 quando
1539 1811 1658 1838 admissa
1676 1815 1834 1837 exterarum

1049 1863 1169 1896 gentium
1189 1861 1323 1895 legatione
1351 1858 1463 1886 Romani
1485 1857 1574 1892 populi
1605 1864 1670 1890 opes
1702 1854 1835 1881 ostentari

1049 1910 1074 1936 in
1087 1908 1159 1936 cultu
1172 1912 1198 1935 et
1215 1911 1312 1933 ornatu
1327 1905 1457 1940 principis
1473 1903 1572 1938 publici
1585 1902 1694 1928 honoris
1710 1901 1841 1931 interest.

1049 1953 1148 1980 divitia:
1165 1952 1297 1987 siquidem
1315 1958 1408 1985 regum
1429 1950 1530 1976 divitia:
1556 1948 1726 1974 subditorum
1754 1953 1836 1979 repu-

1049 2003 1150 2025 tantur.
1166 1998 1248 2024 Extra
1265 2004 1346 2031 qualn
1362 2002 1471 2022 causam
1502 1994 1607 2029 publica
1619 1992 1733 2026 insignia
1752 1991 1837 2025 maje-

1049 2044 1126 2070 statis
1143 2044 1175 2069 ad
1193 2043 1312 2077 privatas
1334 2041 1416 2067 etiam
1440 2038 1619 2066 relatationes
1634 2036 1772 2068 adbibere,
1809 2035 1837 2061 id

1051 2097 1115 2117 vero
1133 2089 1169 2116 sit
1188 2088 1326 2115 dominum
1339 2094 1368 2113 se
1397 2089 1561 2116 monstrare,
1595 2091 1648 2110 non
1674 2081 1837 2116 principem,

1051 2140 1079 2163 et
1095 2134 1169 2168 qttasi
1183 2133 1343 2161 servitutem
1358 2132 1477 2158 indicere
1492 2130 1606 2161 civibus,
1623 2129 1668 2162 qtti
1689 2135 1750 2155 cttnt
1768 2127 1838 2153 tibe-

1052 2188 1097 2208 ros
1111 2188 1140 2207 se
1149 2183 1244 2214 putent
1259 2183 1286 2205 et
1306 2177 1401 2204 haberi
1419 2176 1512 2206 velint.
1540 2176 1590 2202 ista
1606 2174 1719 2201 vestium
1743 2173 1840 2199 odiosa

1053 2225 1179 2260 superbia
1196 2231 1257 2252 sese
1274 2224 1349 2250 velut
1360 2223 1385 2249 itt
1402 2221 1599 2255 mancipiorum
1615 2219 1734 2245 ordinem
1754 2217 1839 2250 redigi

1051 2271 1218 2297 detestantes
1235 2267 1461 2302 indignantesque
1478 2268 1688 2298 conquereutnr.
1699 2261 1766 2288 Nunt
1782 2261 1842 2295 jam

1053 2317 1133 2350 igitur
1150 2314 1285 2349 inteiligis,
1301 2314 1350 2340 ista
1366 2312 1475 2340 levitate
1492 2310 1605 2337 traducti
1621 2310 1654 2335 ad
1668 2307 1839 2335 venatoriunt

1053 2370 1128 2388 usum
1146 2361 1213 2396 regii
1242 2364 1354 2387 ornatus
1375 2363 1504 2392 quattttutt
1521 2355 1613 2389 flagitii
1631 2352 1838 2381 eonsriveris?»

1053 2407 1206 2435 Istiusmodi
1236 2405 1357 2436 monitis,
1383 2404 1433 2430 hac
1464 2402 1633 2430 institutione
1661 2405 1841 2430 Iatnsevera

1053 2453 1139 2480 ltznres
1153 2450 1259 2486 ituperii
1274 2458 1289 2476 a
1300 2454 1376 2484 patre
1386 2448 1488 2482 optimo
1497 2447 1530 2472 ad
1540 2445 1704 2472 moderatam
1717 2449 1743 2469 et
1756 2450 1843 2476 popu-

1055 2498 1137 2524 larem
1155 2496 1323 2530 principatus
1345 2491 1608 2520 administrationem
1631 2487 1842 2515 informabatur.

1055 2553 1098 2580 15.
1114 2551 1146 2579 Ut
1161 2549 1375 2587 protovestiariua
1386 2546 1512 2587 lifuzatou
1526 2543 1739 2587 pueripriuct'pis
1753 2541 1842 2568 Joan-

1263 2586 1303 2612 nis
1333 2583 1442 2611 tutelam
1477 2581 1629 2614 susceperit.

1091 2634 1148 2660 Hoc
1164 2639 1244 2667 porro
1256 2638 1326 2658 nttnc
1338 2635 1455 2660 mortuo,
1478 2627 1565 2663 palam
1577 2626 1712 2660 vulgatum
1724 2628 1764 2651 est
1779 2630 1844 2657 pro-

1057 2677 1243 2705 tovestiarium
1263 2680 1378 2702 tutorem
1395 2673 1470 2708 pueri
1485 2671 1614 2707 principis
1630 2677 1643 2695 a
1661 2675 1737 2704 patre
1758 2669 1844 2701 impe-

1058 2731 1147 2753 ratore
1163 2723 1329 2751 declaratum
1351 2729 1382 2748 eo
1400 2725 1520 2753 tempore
1535 2725 1588 2752 quo
1608 2716 1687 2743 morti
1705 2715 1846 2750 proximus

1058 2771 1180 2799 monachi
1196 2770 1315 2797 habittttn
1332 2766 1427 2794 induit.
1447 2765 1518 2792 Sane
1541 2762 1693 2790 succedenti
1714 2762 1739 2787 itt
1758 2760 1847 2794 iit-pe-

1060 2818 1126 2844 ritttn
1154 2816 1216 2843 huic
1244 2814 1356 2848 puerulo
1382 2811 1484 2839 Joanui-
1502 2818 1532 2837 ca
1561 2814 1651 2840 aetate,
1668 2807 1710 2833 ctti
1736 2813 1785 2832 nec
1813 2805 1847 2830 ad

1059 2862 1251 2898 providendqu
1270 2860 1321 2889 sibi
1339 2859 1421 2891 ratio,
1434 2863 1518 2892 neque
1534 2855 1566 2882 ad
1585 2862 1614 2881 se
1631 2854 1759 2882 tuendum
1774 2851 1848 2878 vires
