1935 3071
91 167 141 197 473

571 169 621 200 DE
642 169 838 200 MICHAELE
859 170 1090 201 PALIEOLOGO
1108 171 1183 203 LIB.
1205 171 1228 202 Ι.

1663 168 1715 201 ιιι

91 222 148 248 κίαν
159 222 190 248 τὸ
203 222 326 256 ἀσφαλὲς
339 225 491 259 περιποιεῖν
503 224 592 260 ἑαυτῷ
605 225 733 260 προνοίας
749 225 802 252 ἔδει
814 225 881 252 πάν·
893 228 916 256 Α
930 225 952 252 δ’
972 226 986 252 ὀ
998 226 1105 260 πρῶτος
1118 227 1173 255 τῶν
1187 226 1389 259 Μουζαλώνων,
1407 225 1435 257 ὃς
1453 224 1501 251 καὶ
1524 224 1563 259 τῷ
1579 224 1625 251 τοῦ
1642 233 1717 258 πρω-

90 275 140 297 rw:
155 266 202 294 τοῦ
221 269 257 302 μή
270 277 297 295 τι
309 268 405 295 παθεῖν
421 269 595 304 ἀπροόπτως,
608 270 714 298 πολλῶν
726 271 809 297 ὄντων
823 270 878 297 τῶν

90 313 326 345 ἐπιὸουλευόντων,
343 315 394 342 κᾶν
408 324 433 341 τι
451 316 548 350 μικρὸν
565 316 702 352 κινηθείη,
716 318 797 349 εὐθὺς
813 318 878 350 δρα-

91 358 213 384 σειᾶντων
227 359 261 385 τὰ
277 359 405 394 μέγιστα.
432 361 477 387 Διδ
495 362 542 388 καὶ
554 362 593 397 τῷ
618 363 689 389 κατὰ
712 363 756 389 τὸν
776 363 878 398 Ἕρμον

90 403 136 436 τῆς
160 404 325 440 Μαγνησίας
351 407 474 441 φρουρίῳ
500 407 603 434 ἐκεῖνον
630 408 758 443 φέροντες
780 409 879 442 ἐγκατ-

92 449 220 482 έστησαν,
237 451 353 484 συχνοὺς
371 452 433 482 τοὺς
447 452 570 487 ὀπτῆρας
588 453 632 479 ἐπὶ
647 453 798 487 βασιλικαῖς
809 454 878 488 ὑπη-

92 493 193 526 ρεσίαις
213 494 354 526 τάξαντες.
372 495 402 520 Οἱ
419 495 446 522 δὲ
474 497 648 530 μεγιστᾶνες,
669 498 693 523 οἱ
711 497 761 532 μὲν
775 498 803 524 ὲν
819 499 880 530 ταῖς

90 539 179 571 τιμαῖς
189 538 229 564 ἔτι
245 539 380 572 μένοντες.
392 541 416 566 οί
433 541 460 566 δὲ
475 544 521 567 καὶ
533 542 586 568 τῶν
599 542 652 578 ὅπη
663 543 726 569 ποτὲ
742 543 795 578 γῆς
809 544 879 578 cher;—

90 583 147 613 δέες
174 583 271 617 ἔμενον
298 585 326 617 ἐξ
350 585 432 620 ὀργῆς
449 587 554 618 γωνιῶν
580 588 733 622 ἑξάλμενοι,
757 589 811 615 τῶν
828 590 878 624 μὲν

91 629 262 662 πραγμάτων
284 630 434 666 ἐλευθέρως
453 630 537 666 ετχον,
555 634 604 667 τῆς
622 634 649 660 δὲ
662 634 788 669 γλώσσης
803 635 880 662 οὔπω

91 673 300 709 θαρροῦντες(οἱ
315 677 368 711 γὰρ
381 677 560 709 Μουζάλωνες
570 680 787 716 ἐφειστήκεισαν)
801 681 878 708 ἐδυσ-

91 717 235 751 σοδόμευον
263 719 314 751 τὰς
343 721 438 755 ὀργὰς,
457 723 503 748 καὶ
533 723 633 755 πάντες
664 725 879 759 προσεποιοῦντο

90 764 153 797 πρὸς
165 764 289 796 ἐκείνους
304 767 334 792 τὸ
347 768 471 798 εὐπειθὲς
488 769 525 800 ὡς
539 769 592 796 ὑπὸ
612 770 718 804 βασιλεί
734 770 814 805 δῆθεν
835 780 880 797 τε-

89 807 196 840 λοῦντες
210 811 250 844 τῷ
283 813 466 848 μειρακίσκῳ,
499 815 524 840 εί
551 815 598 841 καὶ
618 814 683 848 ὀδὰξ
707 816 732 842 οἱ
748 817 879 848 παθόντες

90 854 163 887 παρὰ
191 854 238 880 τοῦ
257 857 370 889 πατρὸς,
389 859 520 892 φαγόντος
536 861 598 892 τοὺς
615 861 665 896 τῆς
680 862 764 896 ὀργῆς
786 863 877 897 ὄμφα-

91 908 137 930 κεις
151 901 197 926 καὶ
213 901 292 927 κόνδυ
308 903 421 937 πικρίας
431 905 553 936 ἐκείνους
568 906 735 938 ποτίσαντος,
745 908 879 944 αἱμωδιᾷν

90 943 224 977 ὠρέγοντο
239 946 287 971 τὸν
301 946 369 973 υἱόν.
383 948 456 982 Πλὴν
482 949 529 975 καὶ
544 949 630 981 οὕτως
657 951 765 986 ἔχοντες
779 952 879 987 δυσμε-

91 989 159 1020 νείας
173 991 198 1016 οἱ
216 990 265 1024 μὲν
282 991 322 1027 τῷ
339 993 578 1030 ἐπιτροπευομένῳ
596 999 641 1022 καὶ
659 997 722 1032 νέῳ,
735 998 759 1024 οἱ
775 998 809 1024 δὲ·
821 1000 877 1030 τοῖς

90 1035 260 1070 ἐφεστηκόσι,
279 1038 412 1069 παθόντες
427 1041 476 1073 μέν
492 1050 517 1067 τι
530 1042 576 1067 καὶ
589 1041 617 1075 ἐξ
633 1043 746 1069 ἐκείνων
761 1045 790 1070 τὸ
803 1045 877 1079 πρὶν,

90 1081 118 1105 οὐ
136 1082 187 1115 μὴν
199 1082 220 1107 δ’
233 1082 292 1108 ἀλλ’
306 1084 383 1119 οὺό“ἡ
399 1085 510 1119 νέμεσις
525 1088 642 1122 ἠρεμεῖν
655 1089 699 1115 εἴα
714 1089 785 1116 οὕτω
803 1093 880 1126 παρὰ

90 1126 118 1152 ιδ
128 1127 200 1158 εἰκὸς
214 1128 390 1163 τιμηθέντων
404 1132 440 1166 μὴ
456 1132 683 1166 δυσμεναίνοντας
700 1139 880 1171 κακουργεῖν,

90 1172 126 1207 τῷ
139 1173 205 1206 πρὸς
228 1174 354 1207 ἐκείνους
367 1176 435 1208 τέως
452 1178 526 1213 φόϐῳ
543 1181 796 1213 συγκατεκλίνοντο.
813 1183 880 1209 Τότε

90 1233 272 1263 suppeterent,
288 1239 357 1264 opus
373 1233 482 1260 omnino
498 1241 558 1262 erat
575 1236 672 1264 idoneo
689 1239 827 1271 prmsidio,
846 1247 881 1266 ne

91 1274 152 1307 quid
175 1275 353 1309 improvisum
373 1283 522 1311 pateretur.
542 1281 686 1308 Multorum
707 1283 806 1317 quippe
829 1284 879 1317 ipsi

90 1320 156 1346 clam
179 1321 368 1349 insidiantium
387 1325 484 1352 infesta
509 1326 569 1353 odia
590 1327 767 1356 imminebant
786 1330 810 1356 in
834 1338 881 1357 oc-

89 1366 223 1394 casionem
245 1369 270 1394 ei
288 1370 425 1403 nocendi;
444 1379 510 1404 quos
528 1380 603 1406 sane,
617 1374 639 1400 si
659 1375 719 1408 quis
734 1382 821 1403 motus
837 1384 880 1404 re-

89 1419 145 1438 rum
179 1413 219 1440 vel
249 1414 405 1443 levissimus
430 1418 572 1445 eXsisteret
600 1427 653 1454 quo
680 1421 770 1455 aliqua
800 1423 880 1450 modo

89 1457 223 1491 quidpiam
240 1461 357 1487 novandi
379 1464 567 1496 opportttnitas
580 1466 700 1497 daretur,
714 1467 792 1493 avide
807 1467 879 1494 illam

89 1509 245 1538 captatores
261 1511 287 1531 et
305 1509 344 1533 vel
362 1513 482 1535 extrema
503 1517 615 1544 qumque
630 1511 686 1546 40
700 1518 810 1540 strenue
830 1522 879 1540 alt-

929 271 1119 306 τοὸεστιαρίου
1143 272 1274 307 τετίμητο
1297 270 1445 306 ἀξιώματι,
1459 269 1530 304 ὁρῶν
1553 271 1597 295 τὸν
1621 269 1717 304 φθόνον

929 317 1012 343 πολὺν
1027 318 1074 344 καὶ
1085 318 1170 344 δεινὸν
1185 318 1353 353 ὑφέρποντα,
1371 317 1417 343 καὶ
1437 316 1473 347 ὠς
1491 315 1630 350 βασιλειᾷν
1643 315 1718 349 παρὰ

930 362 1035 389 πολλῶν
1047 363 1236 395 ὑποπτεύοιτο,
1256 363 1404 390 κάντεῦθεν
1428 362 1474 388 τὸν
1495 361 1582 396 μέγαν
1595 361 1718 387 κίνδυνον

930 407 1115 443 ὑφορώμενος,
1141 408 1210 441 ἔγνω
1228 408 1336 439 συνετὸς
1359 407 1396 433 ὢν
1420 408 1500 441 πείρᾳ
1513 407 1542 432 ab
1561 406 1719 440 στράτευμα

929 453 1084 488 δοκιμάσαι,
1115 454 1172 489 ἅμα
1187 454 1215 480 δὲ
1232 454 1279 480 καὶ
1302 453 1363 485 τοὺς
1391 453 1555 486 μεγιστᾶνας
1581 453 1718 486 γνωρίσαι

928 500 1001 530 ὅπως
1020 500 1106 534 ἔχοιεν
1124 500 1222 534 ἐκείνῳ
1235 499 1389 531 διαθέσεως,
1406 499 1490 524 πολλᾶ
1508 498 1640 532 πρότερον
1654 497 1720 523 ὑπο-

928 545 1016 579 ταγῆς
1032 545 1080 572 καὶ
1097 545 1220 576 δουλείας
1241 546 1364 580 σύμϐολα
1388 546 1456 580 πρὸς
1470 545 1515 570 τὸν
1539 544 1661 578 ἀφήλικα
1677 543 1721 569 δε-

931 591 1034 626 σπότην
1050 591 1208 623 σπουδάζων
1225 590 1265 623 οἷς
1290 592 1362 625 λέγοι
1378 591 1425 618 καὶ
1440 591 1556 625 πράττοι
1585 590 1722 616 ἐνδείκνυ-

931 637 1005 663 σθαι.
1032 637 1098 663 Τότε
1115 637 1206 663 τοίνυν
1232 636 1473 671 συγκαλεσάμενος
1500 636 1561 661 ὅσον
1577 632 1610 669 ἦν
1625 635 1656 660 τὸ
1670 633 1720 666 τῆς

929 683 1076 718 γερουσίας
1102 683 1149 709 καὶ
1166 683 1228 709 ὅσον
1254 682 1302 709 τοῦ
1329 682 1465 717 βασιλείου
1490 682 1587 714 γένους
1614 681 1675 706 ὅσον
1691 688 1722 706 τε

929 729 984 755 τῶν
997 729 1134 764 ἀρχόντων
1156 729 1204 755 καὶ
1231 729 1293 755 ὅσον
1322 729 1369 762 τῆς
1388 728 1587 762 στρατιωτικῆς
1605 726 1719 759 τάξεως,

930 775 1070 810 παρόντων
1089 775 1178 801 ἐκεῖσε
1206 774 1324 801 καὶτῶν
1343 774 1389 801 τοῦ
1420 773 1589 808 προπάππηυ
1617 771 1720 807 [P.QS]

930 823 976 850 τοῦ
995 823 1126 858 βασιλέως
1151 823 1276 857 Λάτκαρι
1293 821 1479 855 αὔταδέλφων,
1495 820 1524 851 ὃς
1539 820 1570 854 δὴ
1585 820 1631 845 καὶ
1643 816 1722 850 οὗτος

930 870 960 895 τὸ
973 869 1056 895 πάλαι
1079 868 1216 903 βασιλείας
1250 867 1382 902 διέπρεπε
1402 866 1546 900 διαδήματι
1563 865 1609 892 καὶ
1625 865 1659 891 τὰ
1673 865 1725 898 τῆς

935 915 1084 949 Ῥωμαῖδος
1099 913 1248 947 πράγματα
1264 912 1433 947 συγχυθέντα
1447 912 1483 941 ὡς
1497 909 1568 945 εἶχεν
1582 910 1722 937 ιίινεκσιλεῖ⁴

928 968 970 992 τε,
987 959 1046 985 οὐδὲ
1058 959 1167 993 τυφλῶν
1184 958 1289 984 ἐκεῖθεν
1306 958 1429 983 ἀπόντων
1440 958 1464 993 (ὁ
1481 955 1723 990 Στρατηγὸπου).ος

928 1005 951 1031 δ’
964 1002 1036 1031 οὗτοι
1053 1003 1123 1039 ἦσαν
1137 1004 1185 1030 καὶ
1200 1005 1214 1030 ὁ
1228 1003 1333 1037 Φιλῆς),
1352 1002 1398 1028 καὶ
1422 1001 1523 1032 παντὸς
1541 1001 1621 1028 ἄλλου
1641 1008 1722 1034 μεγι-

929 1053 1026 1082 στᾶνος
1044 1049 1269 1085 συμπληροῦντος
1297 1049 1341 1076 τὸν
1374 1048 1515 1081 σύλλογον,
1548 1047 1590 1080 ἐφ’
1616 1046 1721 1080 ὑψηλοῦ

931 1096 1006 1129 στὰς,
1022 1096 1058 1127 ὡς
1071 1096 1104 1122 ἂν
1117 1095 1174 1128 ἅμα
1188 1094 1254 1121 οἵτε
1271 1094 1374 1129 πρῶτοι
1397 1093 1521 1120 ἀκούοιεν
1537 1093 1584 1119 καὶ
1598 1092 1623 1118 οἱ
1637 1090 1722 1117 ὕστα-

930 1151 983 1174 τοι,
999 1142 1076 1176 ἔλεγε
1090 1142 1152 1169 τάδε
1170 1149 1178 1156 ·

931 1251 1013 1277 quam
1039 1243 1111 1278 quod
1137 1246 1258 1276 optasset
1283 1249 1391 1276 passum
1416 1240 1586 1270 meminerat,
1609 1246 1722 1274 pronmn

929 1290 1051 1324 jndicatu
1073 1293 1114 1315 est
1132 1288 1339 1322 haudquaquam
1362 1291 1570 1320 temperaturam
1585 1292 1600 1311 a
1625 1289 1722 1312 conat-u

931 1335 1045 1362 ltadeudi
1069 1333 1238 1368 nocendique
1254 1333 1389 1365 capitibus
1406 1331 1496 1358 exosis
1516 1331 1721 1357 multitudinem

931 1378 1041 1413 iratam,
1058 1380 1108 1407 nisi
1128 1383 1216 1406 metus
1233 1378 1360 1412 potentia:
1380 1382 1491 1405 armata:
1506 1376 1648 1406 conscium
1672 1375 1722 1403 sibi

931 1426 1090 1460 exiguarum
1109 1425 1207 1451 virium
1222 1424 1339 1450 furorem
1355 1424 1488 1457 privatum
1505 1426 1654 1450 coerceret.
1670 1421 1725 1448 Ne-

932 1479 984 1506 que
1001 1472 1044 1499 bic
1061 1475 1113 1498 tam
1127 1476 1270 1504 suspectus
1284 1475 1310 1497 et
1326 1470 1417 1496 minax
1432 1474 1519 1496 tumor
1536 1476 1625 1495 rerum
1639 1475 1724 1501 quor-

932 1524 991 1543 sum
1018 1516 1124 1542 tandem
1141 1519 1296 1548 erumperet
1313 1521 1364 1541 non
1388 1513 1533 1541 verebatur
1552 1511 1723 1539 Muzalonum

88 1555 164 1576 suros
192 1552 356 1584 apparebat.
386 1553 475 1585 Quare
508 1555 582 1582 illmn
613 1557 638 1583 in
673 1560 916 1592 munitissimamC
933 1567 996 1588 natu
1028 1561 1173 1593 maximus,
1198 1559 1398 1595 protovestiarii
1427 1560 1552 1586 eminens
1578 1559 1723 1592 dignitate.

87 1601 175 1622 arcem
200 1597 238 1623 ad
263 1596 391 1624 llermum
417 1599 561 1635 Magnesia:
583 1603 794 1633 submovendum
815 1614 879 1635 cen-

88 1646 210 1674 suerunt,
242 1643 335 1670 addito
359 1644 456 1672 idoneo
479 1649 610 1674 comitatu
641 1654 670 1676 et
694 1651 772 1677 solita
798 1654 878 1687 regiae

89 1683 195 1713 familia:
220 1694 254 1714 ac
270 1687 382 1721 palatini
411 1690 554 1718 ministerii
575 1692 739 1728 frequentia,
760 1683 879 1726 studiose

89 1731 188 1758 deleat:
209 1739 247 1758 ex
264 1733 324 1760 lidis
341 1735 406 1761 viris
419 1740 446 1762 et
461 1736 494 1763 ad
512 1737 707 1772 invigilandum
726 1742 807 1769 saluti
825 1752 875 1777 pu-

89 1777 140 1811 pilli
155 1780 290 1814 principis
302 1781 399 1815 gnavis
407 1787 433 1808 et
447 1783 569 1811 acribus.
581 1784 712 1813 Caeterum
724 1788 879 1822 optimates,

88 1823 141 1850 sive
151 1826 197 1858 qui
217 1825 245 1851 in
263 1833 312 1852 usu
331 1826 462 1854 honorum
477 1834 503 1855 et
517 1828 655 1858 iunctione
672 1833 878 1867 magistratuum

89 1871 256 1902 perstabant,
278 1871 335 1898 sive
361 1873 404 1906 qui
432 1874 505 1900 varie
530 1875 658 1910 dispersi,
680 1877 795 1914 indeque
809 1881 879 1908 male

89 1917 195 1943 animali
221 1925 287 1951 erga
312 1919 398 1945 exsilii
420 1926 548 1949 auctores
568 1923 617 1950 bac
639 1926 816 1953 conversione
836 1936 879 1954 re—

89 1969 144 1989 rum
165 1964 342 1997 prosilierattt
365 1973 397 1992 ex
416 1967 532 2001 anguls,
556 1968 640 1996 libere
661 1970 718 2005 jam
741 1980 820 2006 agere
840 1974 878 2001 illi

88 2009 190 2042 quidem
213 2010 365 2044 audebant,
392 2013 566 2041 continebant
591 2019 681 2043 tmneu
711 2018 828 2053 linguas,
852 2026 878 2047 et

90 2057 160 2080 metu
185 2055 389 2089 invigilantium
414 2058 514 2085 acriter
529 2064 556 2086 et
573 2061 649 2094 quasi
673 2069 688 2088 e
706 2065 815 2096 specula
831 2072 878 2091 su-

89 2106 179 2127 sarrns
202 2108 301 2129 omnes
328 2110 394 2129 aure
417 2104 497 2131 anxia
521 2107 686 2140 captantium
709 2107 878 2137 Muzalonum

90 2144 159 2171 taciti
183 2145 377 2180 ringebantur,
393 2149 431 2174 ira
451 2149 567 2184 odioque
589 2152 696 2185 penitus
711 2155 829 2182 conditis
851 2159 879 2182 et

89 2189 260 2217 simulatione
276 2191 399 2225 obsequii
415 2193 521 2221 velatis.
540 2195 599 2222 Prae
621 2203 650 2223 se
666 2196 786 2225 ferebant
806 2200 878 2226 ettim

933 1607 1002 1642 Ergo
1026 1609 1049 1635 is
1075 1607 1156 1634 homo
1178 1613 1227 1634 nec
1252 1606 1335 1633 hebes
1354 1613 1402 1632 nee
1425 1605 1559 1636 incautus,
1585 1610 1726 1638 perspecta

933 1662 985 1682 non
1002 1654 1089 1681 dubiis
1107 1653 1190 1687 signis
1206 1652 1304 1679 invidia
1319 1655 1415 1679 contra
1430 1658 1459 1678 se
1476 1651 1587 1685 ingenti,
1599 1650 1725 1683 cognito-

933 1707 984 1734 que
1006 1699 1058 1735 41
1076 1699 1166 1726 tacitis
1191 1698 1394 1732 suspicionibus
1417 1697 1561 1724 multorum
1587 1696 1722 1730 designari

932 1753 962 1773 se
976 1753 1008 1771 ac
1028 1753 1103 1772 reum
1120 1745 1161 1777 agi
1177 1743 1296 1771 aﬂeetati
1312 1751 1359 1777 per
1372 1743 1460 1770 scelus
1473 1743 1591 1777 imperii,
1607 1743 1724 1775 indeque

932 1794 1062 1824 quantum
1078 1796 1127 1815 suo
1143 1789 1224 1823 capiti
1244 1788 1392 1822 pericttlutn
1412 1788 1590 1822 impenderet,
1607 1788 1724 1822 pruden-

934 1841 974 1862 ter
989 1835 1136 1865 atSIimans,
1156 1834 1270 1868 sapienti
1289 1834 1404 1861 consilio
1421 1834 1540 1861 decrevit
1552 1834 1724 1868 experimen-

934 1886 989 1908 tum
1009 1888 1105 1915 capere
1129 1880 1274 1908 voluntatis
1301 1881 1439 1915 studiique
1462 1880 1576 1906 militum
1596 1888 1658 1914 erga
1682 1888 1724 1912 se,

933 1927 1129 1961 explorareque
1145 1926 1372 1961 quemadmodum
1388 1926 1413 1952 in
1427 1933 1456 1953 se
1471 1926 1560 1952 aﬂ'ecti
1578 1926 1726 1960 optimates

932 1976 1031 1999 essent.
1046 1971 1128 2006 Igitur
1143 1971 1233 1998 multis
1249 1972 1323 2005 prius
1337 1971 1510 1998 documentis
1525 1971 1611 2005 palam
1629 1970 1724 2004 exqui-

932 2019 977 2046 siti
995 2017 1108 2045 allectus
1129 2018 1191 2044 fidei
1209 2025 1241 2044 ac
1261 2017 1447 2044 venerationis
1470 2024 1532 2050 erga
1557 2016 1724 2050 impuberem

933 2068 1082 2100 Angustum
1105 2065 1186 2093 editis
1210 2065 1282 2092 dicto
1305 2063 1441 2097 factoque,
1459 2071 1490 2089 ex
1514 2062 1612 2096 quibus
1628 2069 1724 2088 omnes

933 2111 1112 2146 intelligerent
1128 2118 1157 2137 se
1171 2111 1204 2137 ab
1218 2109 1291 2136 ωιιηὶ
1304 2109 1468 2142 cogitatione
1483 2107 1553 2134 insid
1567 2107 1627 2133 andi
1643 2106 1723 2140 ιονιιί

933 2163 979 2185 aut
995 2156 1129 2190 tnajestati
1149 2155 1208 2188 ejus
1222 2162 1281 2182 esse
1299 2161 1380 2188 qttam
1395 2152 1603 2183 alienissimum,
1619 2159 1724 2178 convu-

933 2203 1005 2230 ravit
1019 2207 1155 2236 quotquot
1172 2202 1285 2228 aderant
1299 2205 1439 2227 senatores
1456 2199 1645 2233 principesque
1661 2198 1724 2224 uni-

90 2242 181 2268 parere
197 2243 229 2262 se
251 2236 319 2270 ipsis
333 2238 399 2265 velle
417 2243 446 2265 ut
462 2239 548 2267 vicem
567 2242 720 2275 gerentibus
737 2244 881 2279 imperato-
897 2238 919 2265 ι)
935 2256 1027 2276 versos
1047 2248 1112 2282 regii
1126 2247 1276 2281 sanguinis,
1292 2251 1478 2280 quantumque
1503 2245 1723 2279 magistratuum,

91 2282 126 2307 ris
144 2283 264 2316 parvuli,
293 2283 336 2310 cui
362 2285 442 2312 etiam
471 2294 518 2320 per
543 2288 687 2317 ministros
714 2295 741 2317 et
764 2291 880 2320 vicarius

89 2325 232 2362 imperanti
254 2329 371 2356 libenter
387 2331 617 2364 obtemperarent.
634 2334 698 2363 Haec
715 2337 741 2363 in
760 2338 879 2371 speciem

89 2377 312 2408 ostentabantur,
337 2376 444 2404 interim
466 2378 528 2405 dum
553 2379 570 2407 ii
587 2382 739 2415 praesertim
764 2385 809 2417 qui
828 2392 880 2411 nu-

88 2427 150 2454 peru
167 2421 324 2455 principatu
346 2423 417 2456 passi
436 2424 548 2451 adversa
568 2425 684 2458 fuerant,
698 2429 836 2456 mordicus
853 2430 879 2457 in

88 2466 226 2497 proposito
250 2467 389 2494 contrario
410 2467 560 2502 haerebant,
586 2470 733 2498 ulciscendi
757 2473 880 2501 videlicet

89 2510 112 2536 in
127 2511 173 2537 lilii
190 2516 276 2545 caput
292 2517 416 2547 acCeplas
430 2521 443 2540 a
459 2519 535 2549 patre
551 2516 675 2550 injurias,
690 2525 721 2545 ac
737 2519 880 2546 vehemen-

88 2561 126 2582 ter
139 2557 278 2590 optabant
291 2558 398 2586 ellicere
414 2565 441 2586 ut
458 2559 555 2587 Joanui
572 2562 627 2589 lilio
640 2563 735 2590 dentes
751 2564 878 2598 obstupe-

87 2608 194 2630 scerent
223 2611 259 2630 ex
283 2611 316 2631 eo
337 2605 407 2638 quod
424 2605 583 2635 Theodorus
610 2613 687 2643 pater
710 2609 770 2643 ejus
799 2618 877 2636 uvam

88 2647 216 2675 acerbam
235 2650 284 2676 ira:
305 2649 417 2678 imtuitis
432 2656 458 2678 et
476 2652 534 2686 ipse
557 2654 704 2681 mandisset
724 2659 750 2681 et
769 2662 879 2690 expres-

87 2700 144 2720 sum
160 2702 192 2722 ex
211 2703 244 2722 ea
268 2696 342 2722 succi
363 2697 448 2724 amari
470 2698 595 2731 poculum
614 2700 680 2733 ipsis
695 2700 876 2734 propinasset.

90 2738 174 2775 llnjus
200 2742 312 2776 generis
339 2741 444 2770 infestis
473 2745 601 2773 sensibus
626 2751 706 2780 atque
735 2746 877 2774 all‘ectibus

90 2793 188 2814 arcano
204 2788 326 2822 .passim
349 2789 525 2823 gliscentibus
548 2792 645 2826 partim
671 2792 696 2818 in
722 2793 878 2820 adolescen-

91 2831 171 2859 tulum
185 2833 338 2868 principem
351 2839 461 2868 paterna
477 2836 640 2865 laborantem
656 2837 765 2870 invidia,
779 2839 876 2874 partim

92 2875 115 2903 iu
130 2883 260 2911 potentes
276 2886 379 2913 rerum,
397 2886 425 2908 ut
446 2882 558 2917 quisque
577 2882 609 2910 ab
624 2882 657 2911 iis
673 2883 739 2913 alias
754 2891 783 2913 se
805 2884 877 2912 aliud

932 2299 1063 2329 quantttm
1080 2301 1113 2320 ex
1131 2293 1241 2320 militari
1257 2292 1352 2318 ordine
1373 2291 1430 2324 cogi
1453 2299 1486 2318 cx
1503 2291 1653 2324 propinquo
1675 2297 1722 2322 po-

932 2340 994 2367 tuit.
1021 2339 1213 2366 Couvenerunt
1239 2345 1345 2373 quoque
1364 2338 1389 2363 in
1414 2344 1474 2363 ettm
1503 2341 1603 2362 emtum
1625 2335 1724 2362 fratres

932 2386 1025 2422 proavi
1053 2385 1245 2420 imperatoris,
1276 2384 1410 2414 Lascaris,
1436 2382 1482 2416 qui
1515 2387 1543 2408 ct
1571 2382 1628 2416 ipse
1657 2381 1722 2408 olim

931 2441 1055 2468 magnam
1069 2432 1120 2459 sibi
1135 2431 1240 2458 laudent
1255 2431 1359 2465 peperit
1375 2429 1479 2464 imperii
1495 2428 1625 2463 praeclare
1638 2427 1719 2453 admi-

931 2479 1049 2510 nistrati,
1064 2485 1118 2505 rem
1137 2477 1286 2504 Romanam
1306 2484 1337 2504 ex
1351 2475 1448 2502 alllicta
1467 2481 1493 2503 cl
1508 2481 1581 2502 retro
1602 2474 1675 2507 lapsa
1695 2473 1722 2499 in

931 2524 1015 2550 tnulto
1031 2523 1170 2551 meliorem
1189 2529 1321 2549 revocans
1344 2525 1456 2548 statum.
1474 2521 1512 2547 Ne
1534 2519 1597 2546 cmei
1613 2517 1721 2551 quidem

930 2567 1041 2594 abluere
1055 2566 1262 2601 Stratrgopulus
1275 2570 1301 2592 et
1318 2565 1418 2598 Philes,
1434 2562 1660 2591 concurrentibus
1674 2569 1727 2596 pro

930 2621 959 2640 se
990 2620 1098 2647 quoque
1126 2611 1300 2647 magnatibus
1324 2611 1451 2638 similiter
1473 2610 1589 2637 ea'teris.
1617 2607 1722 2640 Quibus

930 2659 1036 2686 cunctis
1059 2665 1190 2686 consessu
1204 2657 1327 2692 specioso
1345 2664 1375 2684 ac
1395 2656 1540 2684 venerabili
1557 2659 1724 2682 conventum

930 2704 1091 2731 ornantibus
1106 2704 1231 2738 apparuit
1255 2707 1331 2730 stans
1351 2702 1376 2728 in
1401 2702 1460 2736 lpco
1481 2701 1612 2736 superiori
1629 2704 1722 2734 proto-

929 2750 1084 2782 vestiarius,
1109 2751 1179 2776 unde
1199 2748 1318 2782 conspici
1343 2748 1445 2783 pariter
1463 2748 1497 2774 ab
1514 2746 1642 2774 omnibus
1663 2749 1689 2773 et
1704 2753 1723 2773 ἃ

932 2795 1026 2830 primis
1050 2803 1102 2822 non
1125 2795 1214 2821 minus
1233 2801 1312 2828 quam
1331 2793 1364 2820 ab
1385 2793 1486 2820 ultinns
1506 2792 1592 2819 audiri
1616 2794 1726 2826 posset,

935 2841 1079 2876 statimque
1097 2841 1122 2868 in
1135 2842 1205 2869 lzunc
1219 2840 1326 2868 tnodum
1341 2839 1412 2874 loqui
1432 2840 1512 2875 cmpit
1530 2847 1536 2866 :
