1935 3071
190 171 245 204 475

798 175 958 206 GEORGII
977 176 1217 210 PACHYMERJ!

1760 179 1811 211 476

193 228 241 260 ις’-
258 229 427 263 Δημηγορία
454 229 505 256 τοῦ
527 231 796 275 πρῳτοϐεστιαρίου
818 231 975 262 Μουζάλω-
989 234 1010 262 Α
1026 235 1191 271 ὑπέρχεσθαι
1203 238 1248 265 τὸν
1264 239 1359 275 καιρὸν
1375 240 1421 267 καὶ
1438 240 1472 267 τὰ
1488 240 1515 272 ἐς
1532 240 1634 275 βλάϐην
1650 240 1705 267 τισὶ
1721 249 1810 275 πραγ-

547 274 609 298 νος.

231 328 240 344 ι
261 320 297 345 Τὸ
311 320 360 353 μὲν
383 320 415 347 τὰ
434 322 552 357 ἡμέτερα
566 323 684 358 ἀρχῆθεν
696 325 764 360 πρὸς
786 326 856 360 ὑμᾶς
874 325 976 361 ἀρτίως

193 365 359 398 συντάττειν,
390 366 510 400 εὐγενεῖς
525 368 620 403 ἄνδρες
644 371 690 396 καὶ
706 372 861 406 σύντροφοι,
880 381 976 408 περιτ-

190 409 246 442 τὸν,
268 407 356 445 οἴμαι,
386 411 459 439 δοκεῖ
483 414 529 440 καὶ
554 414 600 441 τοῦ
627 416 760 451 παρόντος
783 417 836 450 ἔξω
858 407 974 454 καιροῦ·

192 457 299 492 ἀνάγκη
311 459 366 494 γάρ
377 459 480 493 ὲπείγει
495 460 582 488 ταῦτα
597 463 736 497 παρέντας
746 464 792 490 τοί
809 464 878 491 κατὰ
894 465 977 496 πόδας

191 501 326 534 δ.εξιέναι.
342 504 416 536 Τέως
443 505 466 530 δ’
482 505 529 532 οὖν
545 507 627 541 μόνον
643 508 672 534 οὺ
691 509 866 544 γεννηθέντες
882 511 910 536 ὲν
921 512 977 542 τοῖς

192 547 338 581 βασιλείοις
355 549 408 576 ὑπὸ
430 552 510 588 πατρὶ
523 553 705 588 ὑπηρετοῦντι
724 555 842 590 κάκείνῳ
857 557 914 587 τοῖς
929 556 977 591 βα-

192 591 312 619 σιλεῦσιν
327 595 495 629 ἐτράφημεν,
521 597 567 623 καὶ
583 597 803 632 προσληφθέντες
817 598 976 634 ἀνήχθημεν

192 637 383 674 παιδευόμενοι
411 640 463 667 ὑπὸ
486 642 532 668 τοῦ
559 643 710 678 μακαρίτου
738 644 871 679 βασιλέως
899 645 977 680 ἡμῶν

193 684 440 719 ὺςρηγεμονεύοντος
454 687 493 722 τῷ
507 689 603 725 πατρί.
625 690 680 717 Καὶ
697 691 733 721 ὠς
752 691 855 722 πιστῶς
875 692 978 727 ὑπηρε-

191 732 283 766 τοῖμεν
297 734 501 768 προσκείμενοι,
511 735 553 769 ἐφ’
564 733 605 766 οἷς
617 736 650 763 ἂν
664 738 710 763 καὶ
724 738 899 772 προστάττοι,
910 739 979 773 ἀγά-

194 785 246 810 πην
257 778 332 814 φόϐῳ
357 780 512 814 μιγνύντες,
530 782 632 813 πάντες
647 782 680 809 ἂν
706 785 922 818 μαρτυρήσοιτε.
939 787 976 812 Οὐ

193 825 246 860 γὰρ
260 823 374 860 ἦνὴμᾱς
388 827 452 854 ἄλλο
466 837 492 854 τι
508 829 658 864 τρέπεσθαι
670 830 686 864 ἢ
698 830 901 865 καθυπουργεῖν
915 832 978 858 ἀδό-

192 871 247 902 λως
262 872 300 907 τῷ
316 873 480 908 κυριεύοντι,
501 874 551 900 κᾶν
571 875 635 906 ἴσως
654 875 684 902 τί)
702 876 856 909 εὐδοκιμεῖν
881 878 930 903 οὑκ
943 875 977 912 ἦν

193 917 235 950 ἐφ’
249 916 290 949 οἷς
304 919 535 954 προὺθυμούμεθα
547 928 553 936 ·
571 921 662 947 πίστιν
681 921 708 959 δὲ
727 923 797 956 μετὰ
813 923 975 958 προθυμίας,

192 963 243 989 κᾶν
259 964 297 999 μὴ
313 964 381 1000 ἀνύῃ
398 974 449 998 τις,
468 967 513 992 καὶ
528 967 639 993 δύσνουν
658 969 736 1003 νικᾷν
751 968 927 1004 εὐδοκίμησιν
939 970 978 996 οῖ-

192 1009 287 1043 διμεν.
321 1010 357 1036 Τὸ
372 1011 399 1036 δὲ
417 1012 465 1038 καὶ
479 1012 559 1046 τιμὰς
573 1012 665 1039 λαϐεῖν
681 1014 755 1048 ἡμᾶς
770 1013 816 1040 καὶ
829 1014 882 1040 τῶν
898 1015 978 1048 ἀξιω-

194 1054 286 1087 μᾶιτων
299 1055 364 1088 παρ’
378 1055 391 1080 ὃ
403 1057 613 1091 προσεδοκῶμεν
628 1058 661 1084 τὰ
671 1058 787 1092 μέγιστα
803 1059 979 1093 βασιλεύσαν-

191 1100 290 1130 τοςτοῦ
303 1100 443 1135 δεσπότου,
462 1103 568 1130 ἐκείνου
592 1104 714 1135 θέλοντος
732 1102 776 1140 ἦν.
795 1105 826 1130 Τί
842 1107 896 1140 γὰρ
913 1106 978 1140 ἡμῖν

192 1145 238 1171 καὶ
249 1143 283 1180 ἦν
295 1146 335 1177 είς
346 1147 376 1173 τὸ
392 1146 558 1182 θαυμαστὸν,
573 1148 642 1175 ὥστε
657 1150 704 1176 καὶ
717 1151 865 1186 τιμηθῆναι
881 1151 976 1178 τοσαῦ-

191 1198 226 1217 τα
239 1199 247 1223 ;
261 1191 336 1225 ὅμως
350 1192 437 1219 ἐδόκει
452 1193 490 1228 τῷ
509 1194 688 1228 βασιλεύοντι,
708 1197 754 1222 καὶ
770 1196 849 1231 ἡμεῖς
865 1197 909 1223 ἐπὶ
924 1197 976 1223 τῶν

192 1237 355 1273 ἀξιωμάτων
376 1236 456 1275 ἦμεν,
476 1240 505 1265 οὑ
523 1240 575 1275 μὴν
595 1241 622 1267 δὲ
638 1240 706 1267 ὥστε
724 1242 770 1268 καὶ
787 1243 976 1277 κακεντρεχῶς

325 1327 366 1354 16.
383 1328 480 1355 Coucio
491 1329 682 1360 prolovestiarii
694 1329 854 1358 Maenianis.

233 1382 242 1399 ι
266 1374 316 1400 lies
332 1379 438 1402 nostras
453 1383 466 1400 a
479 1375 612 1408 principio
625 1377 693 1409 apud
710 1384 756 1404 vos
770 1377 901 1405 hodierna
917 1386 981 1405 ora-

193 1419 266 1446 tione
285 1423 414 1452 repetere,
433 1421 482 1445 viri
499 1420 601 1447 nobiles
616 1421 734 1453 aequales
749 1427 776 1448 et
794 1423 899 1449 sodales
915 1425 977 1456 mel.

194 1464 357 1499 supetlluum
384 1472 479 1499 opmor
507 1465 641 1492 videretur
667 1471 695 1493 et
724 1467 842 1494 alienum
869 1468 904 1494 ab
929 1469 979 1495 hoc

198 1515 331 1544 tempore,
345 1518 398 1544 quo
412 1510 482 1537 aliud
501 1511 576 1537 nobis
597 1510 724 1544 obiicitur
739 1512 920 1539 necessarium
939 1512 979 1539 di—

995 903 1014 927 li

1027 283 1204 316 ματεύεσθαι,
1232 284 1275 320 [Ρ.
1293 285 1339 321 24]
1358 284 1435 313 Οἶδεν
1463 286 1502 317 είς
1525 284 1605 311 τοῦτο
1631 285 1661 312 τδ
1675 285 1808 320 ἡμέτερον

1027 332 1155 363 συνειδὸς.
1179 331 1248 359 Οὔτε
1267 333 1321 368 γὰρ
1337 333 1367 359 τὸ
1380 333 1499 360 τοιοῦτον
1513 331 1596 368 ἦρξεν
1613 334 1679 368 ἡμῖν
1693 333 1742 367 τῆς
1766 341 1808 359 τι‹

1028 377 1091 412 μῆς,
1107 377 1154 404 καὶ
1169 377 1198 403 τὸ
1214 378 1282 410 μετὰ
1294 379 1380 405 ταῦτα
1395 380 1540 412 κρατύνειν
1554 378 1641 410 οὕτως
1651 379 1735 414 αὑτὴν
1749 378 1810 404 λίαν

1027 422 1166 457 ἡγούμεθα
1177 423 1232 449 τῶν
1245 424 1392 459 αἰσχίστων
1402 431 1409 439 ·
1422 425 1498 460 ἀνδρὶ
1514 424 1568 460 γὰρ
1588 424 1727 458 δυναμένῳ
1741 425 1815 458 μέγα

1028 469 1093 502 παρ’
1112 468 1232 503 ἄρχοντι,
1259 469 1284 495 εί
1297 469 1361 501 τοὺς
1375 469 1471 501 ἄλλους
1488 469 1626 505 πτερνίζοι
1654 469 1815 496 ὑπερϐάλλων

1027 514 1061 539 τὰ
1080 513 1117 548 μὴ
1139 514 1304 549 καθήκοντα,
1332 516 1382 542 οὐκ
1400 515 1474 542 ἔστιν
1501 516 1576 546 ὅστις
1594 515 1625 542 οὐ
1648 515 1759 547 δικαίως
1780 515 1815 542 ἂν

1026 559 1213 594 νεμεσήσειεν.
1247 561 1327 588 Ἀλλὰ
1344 561 1390 588 καὶ
1414 561 1445 588 τὸ
1472 561 1511 595 μὴ
1531 560 1664 593 θωπείαις
1687 561 1814 594 ἀγεννέσι

1027 605 1074 631 καὶ
1090 605 1279 641 ἀνελευθέροις
1301 607 1496 642 ὑποποιήσεσιν
1522 607 1682 642 ὑποτρέχειν
1700 607 1746 632 τὸν
1763 607 1815 641 ἂρ-

1027 660 1120 685 χοντα,
1133 652 1178 678 καὶ
1196 652 1264 686 πρὸς
1280 653 1395 683 ἑαυτοὺς
1412 653 1576 687 ἐφέλκεσθαι
1593 653 1641 684 τὰς
1667 651 1753 687 θύρας
1765 653 1814 685 τῆς

1027 696 1130 722 ἐκείνου
1143 697 1286 731 εὐμενείας
1301 699 1356 729 τοῖς
1371 697 1474 732 ἑτέροις
1488 697 1696 730 ὲπιζυγοῠντας,
1708 697 1813 728 ἔδειξαν

1027 741 1055 767 αξ
1069 741 1164 768 πολλαὶ
1178 742 1231 768 τῶν
1249 743 1353 769 ἐκείνου
1382 743 1494 777 πληγῶν
1509 743 1648 777 ἐπιφοραὶ,
1664 743 1735 770 ὥστε
1750 742 1815 768 πολ-

1027 786 1104 818 λάκις
1121 787 1193 821 ἡμᾶς
1211 787 1332 821 ἐγγίζειν
1364 787 1402 822 τῷ
1429 788 1536 823 θανάτῳ
1568 787 1814 822 μαστιγουμένῖυς.

1028 831 1122 864 Ὅπως
1134 832 1163 858 δὲ
1179 834 1224 858 καὶ
1239 832 1306 867 πρὸς
1320 832 1398 867 ὑμῶν
1423 832 1539 859 ἕκαστον
1566 832 1676 866 ἀγάπης
1692 833 1784 866 εἷχομ..
1794 841 1816 862 ν,

1028 877 1075 903 καὶ
1089 877 1126 908 ὡς
1136 877 1184 911 τὴν
1195 877 1331 911 ὑμετέραν
1342 877 1407 912 παρ’
1425 877 1521 911 ἐκείνῳ
1534 876 1669 912 ἀποδοχὴν
1685 877 1731 902 τοῦ
1745 885 1816 902 παν-

1027 923 1073 954 sit;
1090 923 1382 957 ἑτιμὼμεθα,πολλοὶις
1398 921 1474 956 οἶμαι
1490 923 1675 956 γινώσκοντας
1686 922 1816 954 ἐξειπεῖν.

1029 969 1059 995 Ei
1075 968 1104 995 δέ
1120 977 1164 995 ποι
1179 968 1225 995 καὶ
1239 968 1275 1003 μὴ
1287 968 1414 1002 ἀνύοιμεν
1429 968 1646 999 ἱκετεύοντες,οὑ
1663 969 1729 1002 πρὸς
1741 968 1816 1002 ἡμᾶς

1027 1011 1084 1038 οἶδα
1096 1012 1185 1039 τοῦτο.
1203 1013 1276 1048 Πλὴν
1293 1013 1322 1039 τὸ
1349 1012 1478 1039 δύσκολον
1505 1013 1551 1039 τοῦ
1569 1013 1666 1047 καιροῦ
1687 1013 1817 1048 περιϐάλ-

1027 1058 1083 1084 λειν
1105 1058 1248 1093 μεγίσταις
1263 1059 1392 1093 ὑποψίαις
1412 1060 1458 1085 καὶ
1477 1059 1538 1090 τοὺς
1557 1059 1640 1093 μηδὲν
1658 1059 1769 1089 δικαίως
1783 1058 1818 1085 ἂν

1028 1104 1291 1138 ἐγκληθησομένους,
1318 1104 1342 1130 εἰ
1359 1104 1447 1139 ὀρθῶς
1464 1113 1505 1135 τις
1521 1104 1609 1139 κρίνοι
1623 1123 1629 1135 ,
1646 1104 1722 1130 οὐδὲν
1737 1104 1819 1129 ἀπει-

1028 1150 1075 1181 κὸς
1094 1149 1168 1180 ἴσως,
1191 1149 1221 1176 Ἦ
1236 1150 1289 1184 γὰρ
1302 1149 1349 1176 τοῦ
1367 1150 1463 1185 καιροῦ
1478 1150 1607 1177 δυσκολία
1623 1150 1750 1184 ἁψαμένη
1767 1150 1817 1176 καὶ

1028 1194 1082 1220 τῶν
1096 1195 1242 1228 μεγίστων,
1272 1195 1317 1221 καὶ
1339 1192 1379 1225 οἷς
1394 1195 1444 1221 οὑκ
1467 1193 1500 1230 ἦν
1527 1195 1624 1221 παθεῖν
1652 1196 1683 1221 ἐκ
1698 1195 1816 1224 δικαίου.

1029 1240 1142 1270 ἐκείνοις
1159 1239 1208 1275 μὲν
1224 1241 1379 1276 συμφορὰν,
1393 1241 1458 1275 ἡμῖν
1472 1240 1500 1266 δὲ
1515 1240 1632 1274 ὑποψίαν
1647 1241 1687 1275 (οὐ
1698 1241 1751 1276 γὰρ
1767 1249 1818 1266 κα-

1031 1329 1107 1356 nobis
1136 1330 1336 1362 possessiOnem
1367 1329 1500 1357 hunorunt
1526 1330 1710 1363 turpissimum
1743 1331 1815 1358 istud

1029 1382 1114 1407 g-‘nus
1130 1375 1246 1402 astutia‘.
1264 1375 1370 1402 llotnitti
1391 1376 1490 1410 quippe
1510 1376 1579 1409 apud
1603 1377 1750 1411 principem
1770 1384 1816 1410 po-

1031 1421 1105 1452 tenti,
1127 1421 1149 1447 si
1167 1427 1279 1447 conetur
1296 1421 1472 1455 supplantare
1484 1422 1563 1452 alius,
1579 1429 1727 1456 suggerens
1744 1423 1815 1456 quod

1030 1468 1138 1494 irritare
1161 1468 1292 1493 adversus
1311 1467 1435 1493 innoxios
1450 1472 1606 1501 regnantem
1624 1468 1719 1501 possit.
1738 1476 1818 1495 nemo

1029 1518 1071 1540 est
1089 1513 1134 1548 qui
1157 1520 1208 1540 tton
1232 1513 1304 1547 juste
1328 1517 1487 1540 succenseat
1509 1517 1536 1539 et
1555 1513 1615 1539 dira
1641 1514 1815 1548 imprecetur.

193 1556 270 1584 eendi
286 1560 485 1590 argumentum,
502 1555 544 1583 isti
564 1556 656 1590 utique
672 1557 898 1591 praevertendum.
914 1557 978 1585 Οιιί-
992 1568 1012 1596 c
1031 1559 1083 1586 Sed
1107 1566 1196 1592 neque
1219 1566 1269 1585 nos
1294 1558 1493 1585 adulationibus
1508 1559 1605 1586 vilibus
1623 1564 1650 1586 et
1673 1559 1756 1586 libero
1777 1560 1818 1586 in-

195 1607 236 1629 ter
252 1601 338 1628 solum
351 1601 460 1628 intutam
482 1609 529 1628 nos
547 1606 650 1628 tantum
669 1609 721 1628 non
741 1601 773 1628 in
783 1602 883 1635 palatio
906 1603 981 1637 geni-

195 1653 237 1675 tus
249 1655 263 1674 a
287 1653 374 1681 patre,
391 1647 515 1674 tninistro
534 1652 560 1674 et
575 1647 632 1681 ipso
654 1647 858 1681 imperatm'um,
878 1648 904 1674 in
921 1648 981 1675 aula

193 1693 247 1728 42
272 1694 401 1720 θιιιιοιιιος
421 1701 492 1725 esse,
517 1698 545 1721 ct
570 1694 596 1721 in
624 1694 771 1729 palatinum
797 1696 980 1730 paedagogium

194 1739 315 1766 adscitos
331 1740 381 1767 sub
398 1740 569 1774 imperatore,
590 1748 668 1775 quem
694 1741 773 1768 modo
790 1746 925 1768 mortuum
942 1741 981 1768 lu-

193 1793 297 1819 geamus,
321 1786 472 1813 rudimenta
496 1786 607 1820 puerilis
628 1786 807 1813 institutionis
824 1787 909 1821 prittta
938 1794 983 1821 pu-

195 1831 296 1858 suisse.
313 1830 341 1857 in
358 1831 416 1865 ejus
428 1831 560 1866 obsequio
575 1832 626 1859 sub
642 1836 717 1866 patre
739 1832 901 1859 dominantis
915 1833 982 1860 ado-

194 1876 329 1909 levimus;
349 1881 375 1903 et
404 1884 454 1910 qtta
479 1877 503 1903 ei
524 1876 575 1903 fide
596 1877 771 1904 servicrimus
796 1878 982 1905 incumbentes

192 1922 297 1956 lnpctu
318 1923 471 1956 aﬂ‘ectuque
488 1928 543 1950 toto
557 1924 583 1950 in
600 1931 629 1950 ea
647 1932 705 1959 qua:
724 1923 846 1957 jubebat,
862 1932 981 1951 amorem

194 1977 255 1996 eum
278 1974 349 1996 metu
375 1971 530 2001 miscentes,
548 1971 639 1996 testari
657 1970 770 2004 potestis
787 1971 905 1997 universi
924 1978 981 1997 vos.

194 2015 337 2050 Nunquam
370 2016 440 2042 enim
469 2015 511 2043 vel
534 2016 668 2043 tantillum
687 2016 846 2043 deﬂeximus
870 2024 884 2043 a
908 2021 980 2044 recta

196 2061 282 2089 fidelis
297 2062 419 2096 obsequii
435 2062 488 2095 via,
505 2069 555 2089 nec
570 2062 642 2088 aliud
655 2062 809 2090 studuimus
829 2070 908 2097 quam
924 2063 983 2089 sine

193 2108 289 2136 fraude
301 2116 332 2135 ac
347 2107 409 2136 fuco
424 2108 529 2135 sincere
544 2107 654 2135 obedire
666 2108 784 2140 domino,
800 2109 880 2135 etiam
898 2109 923 2136 itt
940 2109 983 2137 Itis

195 2153 240 2180 ubi
256 2153 335 2186 forte,
351 2153 422 2192 quod
434 2154 523 2181 studio
537 2161 643 2181 sumtno
662 2154 838 2187 conabamur,
853 2155 885 2182 ad
901 2155 981 2183 tinem

195 2199 231 2226 illi
248 2199 370 2234 placendi
386 2206 437 2226 non
452 2199 626 2233 pet-lingeret.
641 2199 686 2227 Sie
699 2200 771 2226 enint
785 2201 980 2233 statuebamus,

196 2246 276 2273 tidem
292 2254 354 2273 curn
374 2246 495 2273 ofﬁciosa
511 2245 660 2278 voluntate,
678 2246 738 2274 licet
759 2254 884 2274 successu
900 2248 980 2274 desti-

198 2295 293 2325 tutam,
321 2291 443 2327 pra'ferri
476 2292 574 2319 debere.
596 2293 726 2327 obsequio
747 2294 818 2327 quod
843 2301 896 2320 non
922 2296 980 2320 stu-

195 2339 271 2366 diose
298 2345 346 2365 nec
375 2338 505 2365 benevolo
531 2338 678 2372 suscipitur
701 2338 809 2370 atTectu,
838 2338 901 2365 licet
919 2347 981 2373 pro-

196 2392 274 2419 spere
289 2392 320 2411 ac
340 2391 402 2411 cum
418 2385 521 2419 agentis
542 2384 619 2411 laude
639 2389 818 2418 perpetretur.
835 2384 910 2418 Quod
934 2393 981 2412 an-

195 2436 248 2458 tem
268 2431 384 2458 lt0u0res
402 2429 560 2458 admisimus
577 2434 604 2457 et
620 2431 765 2464 dignitates
779 2431 981 2465 exspectatione

195 2483 288 2505 nostra
315 2477 443 2511 majores,
472 2481 553 2511 atque
576 2477 643 2503 adeo
663 2477 805 2508 maximas,
832 2476 981 2510 imperante

195 2524 305 2551 domino
318 2527 422 2555 nostro,
433 2523 565 2550 voluntati
579 2522 637 2557 ejus
650 2522 836 2557 impu‘andum
850 2527 900 2549 est.
911 2522 980 2555 Quid

196 2570 267 2596 enim
282 2577 330 2596 nos
342 2570 446 2604 egimus
466 2574 519 2595 tant
532 2569 669 2603 egregium
686 2572 714 2594 ut
732 2573 837 2594 tantum
855 2568 980 2595 ltonorari

198 2615 390 2642 mererentur?
414 2615 515 2641 Tamen
538 2615 572 2640 ita
599 2613 742 2648 imperanti
760 2613 857 2640 visum.
885 2612 916 2640 Et
935 2621 982 2640 nos

197 2662 223 2689 itt
243 2661 421 2696 dignitatibus
438 2669 541 2691 sumus.
565 2669 617 2688 non
637 2666 725 2686 tamen
743 2663 772 2686 ιιι
797 2664 885 2686 astuta
904 2660 982 2686 mali-

197 2708 300 2743 gnitate
323 2707 510 2735 immineamus
534 2707 724 2735 occasionibus
753 2706 877 2738 nocendi,
903 2711 930 2733 et
956 2706 982 2732 itt

198 2754 356 2787 cujusquam
374 2754 498 2781 damnum
521 2758 653 2788 potestate
668 2754 820 2779 abutamur.
836 2751 942 2779 Testem
956 2752 982 2778 in

201 2799 227 2825 id
248 2799 344 2826 damus
369 2800 560 2826 conscientiam
581 2805 712 2825 nostram.
736 2797 828 2832 Neque
847 2797 918 2824 enim
937 2802 984 2824 aut

201 2844 334 2878 ejusmodi
349 2844 480 2871 dautnatat
493 2849 565 2871 artes
578 2844 645 2870 viam
669 2845 746 2871 nobis
761 2843 793 2870 ad
809 2842 983 2869 crescendnm

204 2890 369 2922 munierunt,
393 2895 438 2918 aut
456 2890 604 2919 conducere
627 2896 749 2919 putamus
769 2889 800 2916 ad
826 2888 982 2915 ﬁrmandam

1034 1605 1121 1639 dignis
1149 1604 1385 1631 assentatiunculis
1416 1604 1629 1631 circumvenisse
1659 1605 1816 1631 facilitatem

1033 1650 1171 1685 principis,
1184 1654 1210 1677 et
1228 1650 1262 1676 ita
1281 1651 1305 1676 itt
1324 1649 1384 1684 ejus
1400 1650 1543 1684 irrepsisse
1565 1651 1678 1683 grat‘ant
1701 1656 1729 1677 ut
1745 1651 1818 1678 fores

1033 1697 1090 1731 ejus
1106 1695 1298 1723 benevolentiae
1319 1703 1400 1730 supra
1417 1703 1467 1723 nos
1488 1696 1688 1723 attraherentns
1705 1696 1758 1731 43
1770 1704 1818 1723 ex-

1034 1742 1172 1769 cludendis
1185 1742 1255 1774 aliis,
1270 1742 1334 1769 satis
1350 1741 1470 1768 indicant
1488 1740 1595 1769 inﬂicta;
1615 1742 1692 1769 nobis
1713 1743 1746 1768 ab
1761 1743 1819 1776 ipszt

1033 1786 1124 1813 liberis
1142 1786 1221 1812 dictis
1235 1784 1338 1812 oﬂ’enso
1353 1785 1443 1811 multa:
1461 1791 1510 1811 nec
1533 1785 1604 1812 leves
1624 1785 1718 1820 plaga),
1738 1785 1773 1812 ita
1790 1791 1820 1812 ιιι

1034 1831 1066 1858 ad
1081 1830 1177 1858 mortis
1201 1837 1271 1863 saepe
1287 1829 1414 1856 viciniam
1432 1829 1535 1863 ﬂagella
1559 1837 1609 1856 nos
1621 1829 1677 1863 ejus
1693 1830 1821 1857 admove-

1036 1877 1099 1903 rint.
1116 1875 1220 1902 Cltaros
1240 1877 1332 1901 autent
1348 1874 1425 1901 ttobis
1447 1881 1494 1901 vos
1521 1882 1614 1901 oumes
1637 1882 1709 1907 esse,
1734 1880 1763 1902 et
1790 1881 1821 1901 ιιι

1034 1926 1153 1948 vestram
1180 1920 1309 1954 cujusque
1326 1919 1555 1946 introductioncut
1579 1921 1604 1946 itt
1627 1919 1687 1954 ejus
1703 1921 1819 1954 gratiam

1034 1967 1235 1995 ceuunodorum
1259 1966 1339 1993 etiam
1363 1970 1515 1992 nostrorum
1540 1973 1571 1992 ac
1587 1965 1701 1992 fortuna:
1721 1966 1821 1993 damno

1035 2012 1282 2047 procuraverimus.
1296 2011 1393 2038 multos
1406 2015 1470 2045 puto
1484 2011 1615 2044 dicturos,
1629 2011 1674 2046 qui
1690 2012 1821 2045 praeclare

1034 2058 1135 2086 norint.
1160 2057 1236 2091 Quod
1249 2057 1271 2084 si
1286 2057 1350 2092 quid
1375 2064 1408 2083 ex
1431 2056 1579 2090 cuiuspiam
1597 2062 1658 2084 voto
1674 2057 1821 2090 impetrare

1033 2104 1208 2139 supplicando
1221 2103 1399 2138 nequivimus,
1418 2111 1470 2129 non
1485 2102 1510 2129 id
1529 2103 1711 2136 imputandum
1729 2103 1819 2133 nobis,

1034 2152 1127 2186 utique
1141 2149 1257 2177 consciis
1270 2149 1446 2176 sincerissimi
1462 2149 1488 2175 in
1503 2148 1635 2183 ejusmodi
1650 2148 1746 2175 oﬂiciis
1763 2155 1821 2175 stu-

1035 2197 1081 2229 dii,
1098 2197 1145 2224 sed
1169 2195 1340 2223 tribuendutn
1362 2195 1563 2222 diﬂicultatibus
1579 2199 1741 2228 temporum.
1756 2203 1823 2229 sug-

994 2232 1190 2276 Dgerentibus
1217 2240 1299 2268 menti
1328 2239 1459 2274 principis
1485 2247 1563 2267 acres
1594 2240 1764 2274 suspiciones
1794 2241 1821 2267 in

1032 2288 1162 2322 quosdam
1186 2287 1298 2314 omnino
1324 2285 1485 2319 iucttlpatos.
1508 2286 1530 2313 si
1549 2290 1622 2312 recte
1641 2285 1821 2319 judicaretur.

1032 2334 1099 2367 Quis
1115 2333 1186 2359 enint
1203 2332 1286 2359 moris
1299 2332 1408 2359 humani
1425 2332 1514 2358 sciens
1529 2339 1581 2358 tton
1601 2331 1636 2358 ita
1654 2332 1763 2358 evenire
1782 2338 1824 2357 so-

1033 2379 1089 2406 lere
1112 2378 1207 2405 novit?
1228 2377 1404 2412 Temporum,
1420 2377 1543 2411 inquam,
1571 2377 1655 2403 certis
1678 2377 1823 2403 momentis

1033 2424 1142 2453 confusa
1155 2425 1277 2459 quaadam
1291 2423 1408 2458 maligne
1426 2422 1592 2457 perplexitas
1611 2422 1725 2448 summis
1739 2422 1821 2448 etiam

1034 2470 1098 2497 viris
1120 2470 1291 2504 suspiciones
1314 2468 1500 2502 iniquissiutas
1529 2468 1658 2502 aspergit,
1676 2467 1822 2501 importat-

1033 2524 1085 2551 que
1098 2517 1265 2544 calamitates
1284 2515 1317 2543 iis
1336 2514 1382 2549 qui
1407 2514 1516 2541 multari
1539 2521 1572 2541 ex
1592 2513 1688 2540 merito
1705 2520 1757 2539 non
1775 2519 1823 2546 po-

1035 2566 1156 2593 tuerant;
1187 2561 1264 2588 nobis
1294 2565 1384 2587 autem
1410 2558 1594 2587 familiaribus
1618 2557 1749 2592 principis
1775 2565 1823 2582 su-

1033 2608 1180 2642 spicionem
1210 2606 1395 2638 verisimilem,
1415 2613 1467 2632 non
1493 2604 1550 2631 veri
1583 2609 1671 2630 tamen
1700 2603 1822 2629 criminis

1034 2653 1158 2687 imponit,
1177 2653 1252 2687 quasi
1277 2651 1367 2679 causis
1388 2656 1416 2678 et
1440 2649 1596 2677 auctoribus
1614 2649 1744 2675 tttalorttnt
1761 2655 1823 2682 ψιίιι

1035 2706 1195 2736 praevertere
1217 2699 1398 2733 nequivimus.
1422 2697 1557 2725 Caeterum
1585 2695 1738 2730 ltujusntodi
1763 2701 1824 2720 οιιι-

1035 2748 1110 2774 ttitttn
1130 2746 1212 2781 jndex
1238 2746 1273 2773 sit
1294 2745 1401 2772 divintts
1417 2744 1523 2774 oculus,
1549 2742 1593 2776 qui
1616 2742 1668 2768 scit
1693 2740 1824 2766 malitiam

1035 2794 1149 2828 punire;
1162 2801 1210 2820 nec
1232 2793 1257 2820 ei
1274 2792 1348 2819 fraus
1363 2791 1520 2826 cujusquam
1534 2790 1605 2815 valet
1617 2789 1757 2821 obrepere.
1773 2785 1826 2811 lta-

1036 2848 1089 2875 que
1104 2841 1125 2867 si
1142 2847 1202 2874 qum
1217 2839 1388 2873 contigerunt
1405 2837 1481 2868 talia,
1497 2835 1574 2862 nobis
1594 2834 1687 2860 invitis
1701 2837 1728 2859 et
1744 2832 1826 2866 plane,

1038 2886 1153 2914 innoxiis
1171 2885 1354 2917 contigerunt.
1379 2883 1411 2910 Et
1435 2890 1494 2916 qum
1522 2888 1607 2915 puum
1633 2877 1826 2907 innocentibus
