1935 3071
89 174 141 205 477

588 172 636 203 DE
656 172 852 203 MICHAELE
871 172 1105 204 PAL/EOLOGO
1125 174 1199 204 LIB.
1221 174 1247 204 Ῐ.

1669 173 1723 204 473

90 233 154 259 κίαν
168 231 307 266 εἴποιμεν)
324 232 356 259 ἐκ
382 231 429 258 τοῦ
445 231 548 260 εἰκότος
563 231 698 267 προσῆψε.
717 230 789 266 Πλὴν
811 230 878 257 ἑκά-
892 232 918 262 Α
932 229 975 266 [Ρ.
989 231 1034 267 23]
1051 231 1162 267 Πρῶτον
1186 231 1236 266 μὲν
1250 230 1280 257 τὺ
1305 229 1379 262 νέαις
1397 230 1443 265 τῆς
1462 229 1568 265 ἡλικίας
1584 230 1724 264 φροντίσιν

91 286 154 305 στου
166 278 266 313 κριτὴς
277 279 308 305 τὶ
324 278 396 305 θεῖον
408 278 497 313 lippa,
513 277 540 308 il;
556 275 608 304 οἶδε
629 278 730 304 κακίαν
758 276 882 308 κολάζειν

93 324 176 359 μηδὲν
190 323 310 358 ἑχόντων
334 323 576 358 παραλογίζεσθαι.
592 323 686 354 Οὕτως
710 323 791 357 ἡμεῖς
808 322 883 349 ἐ.λεὺ-

92 369 164 403 θεροι
176 369 230 394 τῶν
244 369 385 400 τοιούτων,
402 368 434 395 ἀν
449 377 505 395 τισι
519 369 618 403 σννέὄη
631 369 678 394 καὶ
691 367 725 394 τὰ
736 368 880 402 ἀνήκεστα.

92 414 128 441 Τὸ
143 415 199 449 γὰρ
212 414 318 440 ἐκείνου
332 414 438 448 θέλημα
447 414 548 449 περιῆν
560 413 660 444 παντὸς
669 413 793 447 ἐμποδὼν
805 414 882 440 ίστα-

93 460 187 494 μένου,
203 456 227 493 ᾦ
244 460 277 495 δὴ
303 459 502 494 προσίστασθαι
525 459 570 494 μὴ·
582 459 629 485 καὶ
656 459 780 490 κίνδυνος
803 456 838 493 ἦν
853 459 883 491 ἐξ

91 506 225 540 ἀνάγκης,
243 506 290 531 καὶ
311 506 327 540 ἡ
341 504 452 538 ἀκαιρία
468 506 591 539 προσῆνο
618 503 755 539 κρείσσων
771 504 823 539 γὰρ
838 504 882 538 βα-

93 551 194 583 σιλεὺς,
209 549 249 577 ὅτ’
264 551 400 585 ὀργίζοιτο
422 550 534 584 χείρονι.
558 550 613 576 Καὶ
626 549 712 577 ταῦτα
737 550 786 584 μὲν
810 549 880 576 ὥστε

92 595 177 626 δεῖξαι
195 595 263 629 μήτε
274 594 309 621 τὰ
325 593 467 629 ἀξιώματα
489 594 692 625 σπουδάσαντας
709 595 792 628 σχεῖν,
811 594 880 628 μήτε

92 641 141 674 τῆς
155 640 202 666 ὲπί
221 648 296 671 τινος
319 639 372 665 τῶν
387 639 556 673 μεγιστάνων
568 640 614 665 τοῦ
639 639 771 672 βασιλέως
797 639 882 674 ὀργῆς

92 685 204 716 δικαίως
219 684 293 719 ἔχειν
319 685 392 719 ἡμᾶς
419 683 557 710 αξτιᾶσθαί
583 692 669 715 τινας.
685 683 757 710 Ἀλλ’
781 682 815 719 ἦν
832 684 882 718 μὲν

93 731 158 761 ἴσως
174 731 221 756 καὶ
244 730 370 763 πταῖσμα
383 738 446 761 τινι,
465 727 499 765 ἦν
514 730 536 756 δ’
552 730 640 761 ἄλλοις
653 730 697 756 καὶ
711 730 761 756 οῦκ
774 730 801 756 ἐν
815 731 882 764 ἀγα-

93 775 148 807 θοῖς
165 775 268 810 ὑποψία
280 795 288 807 ,
310 773 345 810 ἦν
372 775 400 802 δὲ
422 776 468 801 καὶ
486 774 619 806 βασιλέως
635 775 680 800 ὲπί
696 783 752 801 τισι
775 774 881 810 θέλημα

93 820 172 855 θυμῷ
198 820 444 856 συγκροτΟύμενον.
460 821 514 847 Καὶ
527 821 606 851 ἄλλος
622 821 723 854 ἀγαθὸς
738 821 776 848 ὢν
791 821 882 848 ἀδόκι-

95 875 143 900 μος
159 866 233 898 ἔδοξε
255 867 302 893 καὶ
317 866 491 900 παρὼραται,
502 866 594 900 ἥκιστ’
606 865 682 899 ἄξιος
702 866 749 892 ὢν.
764 864 819 893 Ἦν
835 867 881 893 οὖν

94 911 208 938 ἐκείνων
234 912 347 946 καιρὸς,
367 911 440 937 οὕτω
457 911 538 943 δόξαν
561 911 600 945 τῷ
631 913 777 945 κρείττονι.
803 912 883 939 Ἀλλὰ
898 903 919 930 Β

94 957 151 987 νῦν,
165 955 255 991 οἶμαι,
271 957 328 983 ἐστι
344 957 391 983 καὶ
407 957 456 991 τῆς
476 957 604 987 ἀνέσεως.
627 957 693 983 Ἰδοὺ
711 956 765 991 γὰρ
786 957 800 983 ὁ
818 966 885 992 κρασ

95 1004 149 1030 τῶν
165 1004 297 1036 ἐκποδὼν,
315 1003 386 1030 καὶό
401 1004 429 1036 ἐξ
443 1003 550 1035 ἐκείνου
577 1004 652 1036 ἄξιος
670 1003 765 1039 ἄρχειν
789 1004 887 1039 μεῖράξ

95 1050 179 1083 ιιι-τιν,
193 1050 231 1081 ὡς
247 1051 341 1085 ὁρᾶτε,
367 1051 414 1076 καὶ
429 1050 473 1076 διὰ
489 1050 569 1076 τοῦτο
584 1050 686 1084 πολλῆς
704 1050 754 1083 μὲν
779 1052 887 1082 πιστοῖς

95 1093 154 1121 οὖσι
169 1096 218 1130 τῆς
228 1095 273 1121 ἐπ’
290 1095 365 1130 αὐτῷ
376 1095 416 1121 δεῖ
432 1095 582 1129 φροντίδος.
600 1096 703 1130 συχνῆς
718 1095 746 1121 δὲ
763 1096 812 1128 τῆς
824 1096 886 1122 ἑπι-

97 1140 218 1173 μελείας,
238 1139 276 1170 ὡς
288 1140 322 1166 ἂν
336 1140 383 1166 καὶ
401 1139 470 1174 πρὸς
489 1140 553 1171 τοὺς
570 1140 644 1171 ἐντὸς
672 1140 720 1166 καὶ
736 1140 804 1175 πρὸς
825 1141 888 1172 τοὺς

97 1186 175 1217 ἐκτὸς
190 1186 342 1220 ἀγρυπνεῖν
366 1185 514 1218 ὀφείλουσι,
543 1185 578 1219 μή
606 1194 665 1216 πως
690 1185 772 1212 λαθόν
791 1195 817 1212 τι
835 1187 889 1213 τῶν

97 1232 255 1266 ἀνηκέστων
282 1230 408 1264 γένηται.
425 1230 520 1261 Ὀπως
546 1230 574 1256 δὲ
589 1231 636 1256 καὶ
661 1230 749 1262 καλῶς
766 1230 823 1265 ἔχει
840 1232 889 1258 καὶ

97 1277 202 1303 δίκαιον
217 1276 382 1311 πιστοτέραν
396 1275 445 1311 τὴν
459 1275 612 1309 ὑπηρεσίαν
625 1275 699 1310 νῦνῆ
712 1276 742 1302 τὸ
756 1277 889 1311 πρότερον

98 1323 242 1358 συντηρεῖν
254 1321 292 1357 τῷ
307 1321 556 1355 δεσπόζοντι,οὺδὲν
569 1321 798 1356 ὑποστειλάμενος
807 1321 887 1355 λέξω.

96 1413 197 1441 deinde
222 1412 411 1447 irreparahiles
435 1413 475 1440 sic
497 1412 606 1439 inﬂicta
633 1416 715 1445 sunt,
742 1413 801 1440 sine
823 1420 889 1440 con-

97 1466 193 1491 sensu,
207 1458 267 1486 sine
280 1458 358 1492 culpa
373 1462 436 1485 sunt
451 1461 543 1484 nostra
559 1457 678 1490 inﬂictae,
699 1458 755 1485 sola
771 1464 798 1485 et
814 1460 890 1486 nobis

95 1504 265 1532 ineluctabili
291 1504 430 1539 regnantis
446 1504 594 1531 voluntate.
613 1505 688 1531 Dicet
704 1504 802 1539 aliquis
816 1514 823 1532 :
837 1505 890 1532 Po-

98 1551 150 1578 tuit
164 1550 269 1577 talibus
284 1556 403 1584 praesens
418 1549 538 1584 obiicere
557 1556 586 1576 se
601 1549 718 1576 medium
737 1555 764 1576 et
784 1550 890 1584 injuria
903 1569 925 1596 α

96 1597 216 1624 obstare.
228 1595 332 1628 Potuit,
343 1597 389 1623 sed
402 1595 567 1630 patientibus
577 1595 719 1627 inutiliter,
732 1595 783 1622 sibi
796 1596 892 1631 noxie:

97 1650 177 1669 suam
192 1642 264 1668 enim
283 1642 324 1668 sie
338 1641 473 1668 fortunam
492 1641 628 1676 perderet,
648 1641 744 1668 aliena:
761 1648 814 1668 non
830 1649 892 1676 pro-

97 1688 200 1714 desset.
228 1686 277 1714 Vis
293 1691 387 1714 contra
402 1687 490 1721 major
503 1691 529 1714 et
552 1686 652 1713 invicta
668 1687 818 1714 necessitas
833 1694 894 1714 rue-

98 1733 153 1765 bat,
171 1732 310 1760 obstantia
338 1740 451 1766 quaeque
469 1735 642 1766 perruptura.
666 1732 798 1760 Prtevalet
818 1733 890 1760 enim

99 1784 156 1809 rex,
180 1784 244 1803 cum
269 1776 404 1803 imbecillo
427 1776 568 1804 irascitur.
592 1776 654 1804 Haec
679 1777 750 1804 dicta
764 1776 838 1810 lsint,
864 1781 894 1804 ut

99 1822 304 1849 demenstretur
328 1829 414 1856 neque
437 1823 508 1857 quod
535 1822 698 1856 dignitates,
723 1829 776 1849 non
803 1822 893 1849 studio

98 1867 239 1901 quaesitas,
269 1868 466 1901 aeccperiuius,
486 1875 572 1902 neque
588 1868 611 1895 si
631 1875 692 1902 quae
715 1868 801 1895 iratus
818 1868 894 1903 prin-

99 1918 161 1945 ceps
174 1918 248 1937 saeve
265 1911 290 1936 in
307 1911 436 1945 quosdam
454 1912 613 1946 optimatum
630 1911 780 1946 infesteque
796 1912 892 1939 decre-

98 1958 178 1990 verit,
199 1957 309 1983 crimini
326 1957 404 1984 nobis
422 1957 494 1992 juste
517 1965 531 1984 a
553 1965 688 1993 quoquam
714 1959 780 1985 verti
802 1965 890 1992 posse.

100 2002 152 2029 Sed
165 2003 208 2029 vel
231 2003 273 2029 Itis
289 2010 398 2030 causam
414 2002 560 2037 praebuerit
574 2004 634 2038 quis
646 2002 702 2038 44.
724 2003 798 2038 lapsu
823 2010 892 2037 quo-

99 2048 158 2075 dam
179 2056 253 2082 suo;
270 2049 339 2076 alios
355 2054 482 2084 tanquam
507 2057 561 2076 non
578 2049 665 2076 bonos
683 2051 749 2076 lalsa
773 2049 892 2083 suspicio

100 2094 273 2127 traduxerit;
289 2095 438 2122 excesserit
457 2094 574 2129 denique
594 2095 621 2122 in
644 2096 749 2130 aliquos
773 2095 811 2122 ira
826 2103 891 2122 eon-

100 2139 212 2168 sultrice
237 2147 290 2166 non
310 2140 380 2167 ﬁdeli
407 2148 454 2167 usa
478 2141 605 2167 voluntas
631 2141 769 2176 principis.
787 2140 892 2176 Perque

101 2186 204 2213 similes
232 2186 274 2212 his
298 2193 394 2213 causas
411 2187 533 2213 evenerit
550 2192 578 2213 ut
598 2186 643 2221 qui
661 2185 747 2213 bonus
761 2191 820 2213 erat
843 2192 891 2220 pro

934 276 1076 303 ἀττάλλειν
1084 277 1129 302 καὶ
1143 277 1226 312 μηδὲν
1233 276 1396 312 ὑπορύττειν
1404 276 1448 302 τὸν
1465 275 1642 310 βασιλεύοντα
1655 275 1722 308 προς

933 322 966 349 τὰ
990 323 1064 357 παρὰ
1084 321 1138 349 τῶν
1174 322 1334 358 ἀρχομένων
1361 321 1537 356 πραττόμενα
1563 321 1723 354 tonum,-

933 368 1008 395 ἐστιν
1022 368 1064 404 ἐφ’
1081 368 1178 395 ἑαυτὸν
1189 368 1304 401 εὔνοιαν,
1322 367 1406 403 μηδὲν
1421 366 1608 394 ὑπονοούντων
1632 366 1724 392 πείσε-

935 414 1007 446 σθαι,
1020 415 1068 441 καὶ
1081 414 1128 441 τοῦ
1153 415 1236 449 φόϐου
1252 414 1368 446 ἀπόντος
1394 415 1431 449 μὴ
1452 414 1584 441 δειλιῶντι
1598 414 1645 440 καὶ
1660 414 1723 447 περὶ

933 460 1022 495 ἑαυτῷ
1047 460 1157 495 ἕτοιμος
1185 461 1288 487 ὲσεῖται
1309 460 1343 486 τὰ
1372 459 1420 493 τῆς
1448 460 1557 494 ἀγάπης
1588 459 1723 486 ἐνδείκνυ-

934 505 1005 537 σθαι⁸
1019 506 1054 531 Τὸ
1068 505 1123 540 γὰρ
1140 505 1294 536 σπουδαῖον,
1311 505 1354 539 ἐφ’
1408 513 1450 535 τις
1467 504 1629 538 ὑπηρετοίη,
1645 504 1661 538 ἢ
1678 503 1725 537 φό-

933 550 980 576 ϐου
992 551 1009 586 ἥ
1022 551 1075 585 μὴν
1090 551 1200 585 ἀγάπης
1219 550 1416 583 συνιστώντων,
1439 550 1486 576 καὶ
1507 550 1573 584 ἡμῖν
1599 549 1723 582 ἀνάγκης

933 596 1041 627 πάντως
1068 595 1151 630 οὔσης
1181 596 1340 631 ὑπηρετεῖν,
1372 595 1488 626 ἀπόντος
1511 593 1558 620 τοῦ
1574 594 1657 628 φόῦου
1688 595 1721 628 τῇ

933 642 1026 678 ἀγάπῃ
1041 643 1070 669 τὸ
1086 643 1140 668 πᾶν
1157 643 1348 677 περιστήσεται
1364 649 1370 656 ·
1387 640 1527 676 παρούσης
1553 641 1580 666 δὲ
1597 640 1723 672 καθαρᾶς

933 688 982 722 τῆς
998 689 1107 722 ἀγάπης
1121 688 1167 714 καὶ
1183 687 1317 714 ἀθολώτου
1335 687 1385 713 οὐκ
1408 686 1480 712 ἔστιν
1505 686 1578 716 ὅστις
1601 685 1723 719 καθυφή-

934 742 975 759 σει
986 732 1032 759 τοῦ
1046 733 1113 769 πρὸς
1129 733 1175 768 τὴν
1189 733 1342 767 ὑπηρεσίαν
1367 732 1556 762 ἐπιϐάλλοντος
1581 731 1649 757 ὥστε
1675 730 1724 756 καὶ

933 778 1053 812 ἀμελεῖν.
1081 779 1137 805 Καὶ
1159 779 1266 814 πρῶτον
1295 779 1344 813 μὲν
1367 777 1445 804 τοῦτο
1459 798 1466 809 ,
1491 776 1615 811 δεύτερον
1633 776 1660 802 δὲ
1678 776 1725 802 καὶ

933 825 974 851 ὅτι
1000 825 1052 851 ὑπὸ
1083 816 1140 860 ’νέῳ
1172 824 1363 858 καθισταμένῳ
1398 823 1515 858 δεσπότῃ
1548 822 1725 857 βασιλευόμε-

935 879 984 902 νοι,
1017 871 1057 897 ὅτι
1086 871 1133 896 καὶ
1160 870 1197 906 μὴ
1213 870 1364 904 ἀναγκαίαν
1387 869 1469 896 οὖσαν
1491 869 1539 903 τὴν
1565 869 1725 903 εὐεργεσίαν

937 915 987 950 τὴν
1002 915 1164 952 ἀπ’ὲκείνου
1182 916 1248 950 πρὸς
1262 915 1439 949 τὸὺπήκοονὸ
1457 915 1552 948 καιρὸς
1572 914 1725 948 ἀναγκαίαν

937 961 1020 991 ποιεῖ,
1036 960 1084 994 οὐχ
1104 960 1176 990 ὅπως
1195 959 1361 994 ἐκφύγοιμεν
1381 960 1472 989 κακῶς
1494 959 1589 984 παθεῖν
1615 958 1724 992 μέλλον-

937 1014 981 1036 τες
994 1004 1172 1040 ζητήσαιμεν,
1187 1005 1243 1031 ἀλλ’
1266 1006 1338 1036 ὃπως
1362 1004 1391 1031 εὖ
1412 1004 1506 1031 παθεῖν
1529 1005 1594 1038 ἡμῖν
1622 1003 1726 1037 γένοιτο

938 1051 1096 1085 ὲλπίζοιμεν
1122 1051 1334 1085 προσδοκῶντες.
1368 1051 1499 1084 Ἐτςίμως
1520 1050 1607 1076 δὲκαὶ
1632 1046 1724 1083 ὧνπερ

937 1096 1051 1127 ἕκαστος
1068 1096 1150 1129 ϐέλει,
1168 1097 1192 1122 εί
1207 1097 1287 1130 μόνον
1307 1095 1381 1128 ἄξιος
1395 1095 1524 1130 κρίνοιτο,
1543 1094 1634 1128 τυχεῖν
1657 1093 1725 1124 ἐστι,

939 1143 986 1168 καὶ
997 1142 1028 1168 τδ
1042 1141 1151 1176 δαψιλὲς
1164 1141 1213 1176 τῆς
1231 1141 1389 1176 εὐεργεσίας
1407 1139 1563 1175 προσέσται.
1591 1139 1659 1169 Νὲος
1672 1137 1726 1172 γὰρ

939 1188 976 1214 ὢν
990 1189 1004 1214 ὀ
1018 1188 1126 1222 κρατῶν
1139 1188 1184 1214 καὶ
1195 1187 1247 1213 ὑπὸ
1262 1187 1391 1221 κηδεμόσι
1401 1186 1484 1212 τελῶν
1497 1187 1528 1220 τῇ
1543 1185 1591 1220 μὲν
1607 1184 1727 1219 σφετέρᾳ

940 1233 1076 1269 βουλήσει,
1091 1233 1151 1259 ὅθεν
1165 1231 1293 1262 πολλάκις
1313 1231 1401 1257 καὶτὸ
1416 1230 1580 1264 σφάλλεσθαι
1604 1230 1671 1263 πρὸς
1693 1227 1726 1254 τὸ

941 1279 1044 1313 πρέπον
1073 1279 1155 1309 ἐστὶν,
1182 1277 1343 1312 ἀρχοντικοῦ
1379 1276 1463 1308 τύφου
1492 1276 1553 1305 τοὺς
1580 1274 1728 1308 λογισμοὺς

941 1323 1160 1359 ὑπερϐαίνοντος,
1175 1324 1224 1358 οὐχ
1242 1322 1297 1355 ἔξει
1313 1322 1404 1357 χώραν
1419 1321 1528 1348 διδόναι.
1544 1321 1606 1352 Τοῖς
1633 1320 1660 1346 δὲ
1674 1327 1727 1354 κη-

941 1419 1043 1440 navare
1057 1411 1194 1439 communi
1214 1410 1335 1443 domino,
1354 1409 1420 1437 nihil
1443 1409 1615 1437 dissimulans
1629 1409 1726 1436 dicam.

942 1459 1064 1486 Primum
1083 1458 1125 1485 illa
1143 1457 1304 1492 simplicitas
1318 1457 1432 1489 domini,
1445 1456 1540 1491 puerili
1561 1455 1728 1487 sinceritate,

941 1504 1000 1531 sine
1018 1508 1077 1531 arte
1098 1511 1130 1530 ac
1145 1503 1207 1530 fuco
1224 1502 1328 1537 quidvis
1346 1502 1457 1536 agentis,
1476 1501 1540 1528 nihil
1559 1501 1728 1533 occultando,

941 1549 1009 1576 nihil
1031 1549 1184 1576 clanculum
1207 1553 1254 1576 aut
1274 1555 1372 1575 arcane
1389 1547 1576 1580 machinando,
1593 1547 1658 1574 nihil
1683 1555 1731 1574 su-

945 1596 1060 1630 spiciose
1086 1595 1229 1630 cogitando
1259 1595 1294 1622 de
1326 1595 1360 1621 iis
1391 1601 1450 1629 quae
1484 1593 1582 1621 subditi
1616 1592 1728 1624 faciunt,

945 1642 1010 1677 quid
1028 1641 1101 1668 aliud
1117 1649 1197 1676 quam
1218 1641 1302 1668 trahit
1320 1646 1346 1668 et
1362 1640 1526 1667 ineluctabili
1540 1639 1654 1673 quadam
1676 1638 1731 1672 pcl-

945 1688 1014 1715 lacia
1033 1688 1104 1722 rapit
1121 1688 1153 1714 ad
1171 1694 1233 1714 sese
1246 1687 1367 1714 omnium
1385 1685 1608 1718 benevolentiam,
1630 1685 1729 1716 studia,

945 1732 1105 1760 tenerrimos
1124 1732 1247 1764 alfectus,
1263 1732 1355 1767 utique
1370 1740 1432 1767 erga
1447 1731 1519 1758 omni
1535 1731 1590 1765 jam
1608 1738 1638 1757 ex
1656 1735 1731 1765 parte

944 1779 1086 1806 amabilem
1110 1779 1269 1813 principem,
1292 1785 1307 1804 a
1323 1785 1375 1812 quo
1396 1784 1474 1804 nemo
1489 1776 1634 1812 quidquam
1657 1777 1729 1809 quod

943 1823 1011 1851 nolit
1024 1832 1165 1858 passurum
1177 1831 1238 1851 sese
1246 1823 1288 1851 vel
1300 1823 1438 1857 cogitando
1450 1823 1534 1858 possit
1544 1822 1663 1856 ﬁngere?
1676 1821 1729 1849 Ex-

943 1870 1018 1898 cluso
1029 1874 1116 1897 autem
1130 1875 1200 1897 metu
1211 1870 1284 1897 omni
1297 1874 1380 1897 restat
1393 1877 1458 1903 pura
1469 1869 1587 1897 charilas
1598 1873 1624 1896 et
1634 1868 1730 1900 libera,

945 1917 1024 1951 cujus
1039 1917 1123 1944 solius
1139 1923 1270 1949 generoso
1284 1924 1316 1943 ac
1333 1916 1460 1943 laudabili
1475 1916 1589 1951 impulsu
1610 1922 1725 1950 pronqu

942 1967 984 1990 est
1004 1962 1057 1998 45
1075 1966 1104 1989 ut
1125 1962 1244 1989 studium
1263 1962 1377 1996 quisque
1391 1962 1514 1989 ostendat
1529 1962 1554 1988 in
1569 1961 1730 1996 principem,

942 2010 1014 2036 unde
1034 2008 1104 2043 quod
1123 2007 1174 2035 sibi
1195 2012 1296 2035 metuat
1312 2008 1391 2042 plane
1414 2008 1480 2034 nihil
1494 2011 1547 2034 est.
1565 2006 1636 2034 Sane
1651 2007 1732 2034 obse-

942 2055 1004 2089 quia
1029 2054 1128 2081 civium
1155 2054 1181 2080 in
1200 2061 1277 2088 reges
1297 2053 1391 2080 harum
1411 2053 1467 2080 fere
1485 2052 1569 2080 altera
1583 2060 1727 2080 causarum

946 2104 1044 2131 movet,
1068 2099 1149 2125 timor
1162 2103 1207 2125 aut
1224 2098 1351 2125 charitas.
1363 2098 1451 2131 Quare
1466 2105 1526 2125 cum
1543 2105 1616 2124 nunc
1627 2098 1727 2124 consti—

944 2145 1007 2171 terit
1033 2144 1123 2171 timori
1141 2143 1243 2170 nullmn
1269 2143 1356 2170 locum
1373 2150 1445 2175 esse,
1463 2142 1587 2176 Sequitur
1604 2142 1628 2168 id
1646 2146 1731 2168 toturn

943 2189 1129 2224 imputandum
1145 2188 1283 2216 cbaritati.
1301 2187 1348 2216 Ubi
1364 2192 1453 2215 autem
1468 2189 1545 2215 adest
1562 2195 1623 2214 vera
1637 2193 1664 2214 et
1675 2188 1732 2214 sin-

102 2238 228 2267 suspecto
242 2232 412 2265 rejiceretur,
426 2232 611 2266 praeteriretur
625 2239 677 2259 non
691 2233 780 2259 minus
794 2232 890 2267 dignus
903 2239 930 2269 Β
943 2242 1005 2263 cera
1017 2234 1146 2266 Charitas,
1157 2234 1213 2261 ﬁeri
1223 2241 1277 2261 non
1290 2238 1378 2268 potest
1390 2239 1419 2262 ut
1429 2234 1576 2268 quidquam
1587 2234 1731 2268 quisquam

103 2283 258 2313 assumpto.
276 2280 322 2306 Sic
337 2284 393 2305 tum
410 2284 488 2305 erant
506 2283 635 2313 tempora.
659 2278 705 2305 Sic
727 2283 792 2305 tunc
806 2279 893 2305 visum

102 2332 239 2352 summam
261 2324 370 2351 habenti
385 2328 556 2358 potestatem.
572 2324 607 2350 At
623 2323 761 2358 praeterito
778 2323 813 2349 illi
836 2322 892 2358 jam

103 2369 218 2404 tempori
235 2369 307 2395 aliud
320 2369 453 2396 successit
469 2369 548 2403 plane
565 2369 713 2400 diversum,
729 2373 833 2402 tempus
849 2375 893 2394 re-

103 2414 243 2441 missionis
268 2419 295 2440 et
315 2412 479 2440 securitatis.
509 2413 579 2440 Ecce
606 2412 652 2446 qui
679 2417 742 2439 tunc
766 2413 894 2447 regnabat

103 2459 226 2486 sublatus
240 2467 255 2486 e
272 2459 359 2486 medio
375 2464 440 2489 est;
463 2458 487 2485 ei
516 2459 646 2485 successit
671 2466 703 2485 ex
729 2458 773 2486 illo
788 2458 895 2493 genitus

103 2505 202 2540 dignus
222 2505 349 2538 imperio.
366 2504 438 2530 Puer
461 2508 513 2536 est,
538 2508 566 2530 ut
584 2504 691 2531 videtis.
716 2503 830 2538 Propter
847 2505 897 2531 hoc

103 2550 222 2577 ﬁdorum
239 2550 355 2583 plurium
371 2553 432 2583 eget
447 2557 523 2582 cura,
541 2549 672 2583 frequenti
686 2550 767 2576 etiam
779 2553 805 2575 et
820 2549 896 2577 solli-

104 2597 156 2623 cita
181 2596 336 2631 diligentia.
350 2595 512 2622 Custodibus
527 2600 580 2622 tam
596 2595 672 2622 citari
696 2595 792 2629 capitis
810 2595 897 2622 inten-

104 2642 194 2670 denda
211 2642 302 2676 vigilia
315 2645 366 2674 est,
385 2647 438 2668 tam
455 2640 482 2667 in
496 2648 543 2669 eos
556 2641 600 2674 qui
622 2641 695 2669 intus
711 2648 791 2675 quam
808 2641 833 2668 in
851 2648 898 2668 eos

105 2687 148 2721 qui
174 2688 246 2714 {oris
271 2691 346 2718 Sunt,
373 2694 407 2714 ne
429 2687 499 2721 quod
525 2687 549 2713 ei
575 2687 698 2713 alicunde
726 2687 824 2713 malutn
847 2686 897 2713 im-

107 2732 270 2760 medicabile
298 2732 367 2759 clam
395 2732 518 2766 obrepat.
544 2731 647 2758 Causas
671 2739 763 2767 porro.
785 2739 833 2758 cur
857 2732 898 2758 fas

107 2783 133 2805 et
146 2786 254 2813 aequum
278 2778 333 2813 juri
351 2783 378 2806 et
396 2779 482 2806 oﬁieio
501 2784 712 2806 consentaneum
738 2779 774 2805 sit
796 2778 899 2805 ﬁdelius

109 2823 292 2852 ministerium
317 2825 533 2858 obsequiumque
557 2824 725 2850 constantius
751 2823 851 2857 pariter
872 2827 899 2850 et

110 2868 227 2898 alacrius
249 2877 322 2897 nunc
335 2877 415 2905 quam
433 2873 508 2897 antea
523 2876 640 2904 unquam
656 2869 783 2896 exhibere
804 2876 852 2897 uos
867 2876 899 2897 ac

945 2285 1061 2313 recuset,
1085 2280 1233 2314 quidquam
1261 2278 1380 2314 negligat
1399 2287 1493 2307 eorum
1515 2288 1574 2314 quae
1600 2280 1632 2306 ad
1660 2279 1732 2306 illius

945 2333 1024 2362 quem
1043 2333 1107 2353 vere
1128 2326 1214 2361 diligit
1231 2325 1390 2360 obsequium
1406 2326 1551 2360 pertinent.
1566 2325 1657 2353 Altera
1672 2334 1732 2360 qua:

945 2371 1016 2407 quod
1041 2371 1167 2406 proposui
1187 2372 1282 2399 suadet
1298 2371 1378 2403 ratio,
1395 2371 1452 2398 hcce
1464 2376 1517 2398 est.
1533 2371 1638 2398 Recens
1652 2371 1731 2398 iusti-

947 2421 1004 2443 tuto
1020 2416 1134 2450 principi
1152 2416 1326 2443 beneﬁcentia
1348 2416 1374 2442 in
1390 2417 1526 2449 subditos,
1538 2417 1591 2443 alio
1612 2420 1733 2450 tempore

946 2461 1040 2493 libera,
1060 2461 1105 2488 tali
1119 2469 1209 2488 rerum
1226 2461 1340 2488 articulo
1355 2462 1508 2490 necessaria
1525 2463 1563 2488 lit.
1578 2461 1636 2488 Non
1654 2461 1733 2488 modo

947 2508 1030 2542 igitur
1044 2512 1116 2534 metu
1134 2514 1272 2539 vacatnus,
1285 2509 1332 2534 sed
1343 2507 1369 2534 in
1384 2515 1446 2542 spes
1459 2508 1574 2542 optimas
1587 2514 1732 2541 vocamur;

947 2560 998 2579 nec
1021 2557 1074 2578 tota
1100 2556 1192 2578 nostra
1213 2551 1240 2578 in
1268 2553 1414 2578 securitate
1438 2558 1453 2578 ε
1475 2552 1544 2577 malo
1555 2550 1670 2577 felicitas
1683 2550 1734 2577 sita

947 2602 1001 2629 est,
1021 2596 1120 2630 quibus
1143 2600 1273 2630 praiterea
1295 2599 1449 2622 ostentetur
1463 2594 1644 2628 exspectanda
1659 2593 1734 2626 copia

948 2641 1091 2668 bonorum.
1112 2640 1141 2667 ιιι
1166 2646 1289 2675 promptu
1313 2644 1354 2668 est
1376 2640 1448 2675 quod
1465 2641 1553 2674 quivis
1563 2644 1647 2674 optat.
1666 2639 1737 2666 Velit

954 2687 1046 2718 modo,
1060 2687 1170 2714 accedat
1188 2695 1194 2713 :
1211 2686 1336 2720 accipiet,
1351 2686 1373 2712 si
1390 2686 1651 2721 dignusjudicetur;
1666 2685 1737 2712 votis

950 2733 1074 2767 quamvis
1107 2733 1195 2760 avidis
1217 2737 1341 2760 occurret
1368 2732 1479 2768 largitas
1503 2732 1614 2759 minimc
1642 2732 1734 2763 avari,

956 2779 1054 2812 quippe
1078 2778 1196 2812 juvenis,
1216 2778 1356 2812 principis,
1370 2777 1544 2812 ejusdemque
1560 2785 1611 2804 non
1629 2779 1738 2812 proprio

950 2824 1063 2851 arbitrio
1087 2830 1130 2850 res
1145 2824 1337 2858 dispensantis.
1353 2823 1428 2857 Quod
1443 2823 1466 2851 si
1480 2828 1563 2856 esset,
1575 2823 1662 2850 timeri
1679 2830 1736 2849 ma-

950 2869 990 2904 gis
1013 2873 1104 2904 posset
1118 2877 1153 2898 ne
1182 2869 1221 2898 illi
1245 2876 1293 2898 sua
1319 2877 1367 2904 per
1392 2877 1422 2898 se
1450 2869 1577 2897 tractanti
1594 2868 1737 2904 obreperet
