1935 3071
193 166 246 198 4Τ9

791 167 953 199 GEORGII
975 167 1214 200 PACHYMERE

1763 175 1814 207 4Ξο

193 222 302 256 δεμόσιν
318 222 374 249 luet
391 222 435 250 καὶ
446 222 605 257 προσελθεῖν
619 222 650 250 ἐκ
661 222 708 250 τοῦ
728 222 907 258 παραχρῆμα,
933 221 980 248 καὶ
993 219 1018 250 Α
1032 225 1187 260 παρρησίας
1204 227 1250 253 καὶ
1265 227 1312 261 τῆς
1330 228 1520 263 προσηκούσης
1550 229 1706 265 ἐλευθερίας
1729 232 1815 258 εἰπεῖν

194 268 270 301 νύξαι
285 267 397 302 λέγοντα
417 268 619 303 συνεχέστερον.
645 268 706 294 Τῶν
723 268 770 295 νῦν
795 267 914 299 ἐλπίζειν
937 268 979 294 ὲν-

147 349 149 351 .
192 313 287 340 τεῦθεν
301 313 401 348 ῥᾳδίως
424 315 518 348 τυχεῖν
540 310 577 341 ὦν
603 314 698 348 ἐραταί
716 323 768 345 τις,
790 313 846 345 πῶς
862 314 893 340 οὐ
910 313 979 347 μετὰ

193 359 335 394 ῥᾳστώνης
353 359 462 394 ἀπάσης
475 359 631 386 δουλευτέον
641 359 678 393 τῷ
696 359 820 393 Butler;
839 359 924 394 χωρὶς
950 358 979 385 δὲ

192 403 306 435 τούτων,
319 405 365 430 καὶ
384 405 478 430 σιωπῶ
492 405 526 430 τὰ
541 404 666 434 πλεῖστα,
683 404 742 431 τότε
773 405 822 439 μὲν
850 404 905 439 γὰρ
931 404 980 430 καὶ

193 450 250 478 δέος
267 447 301 484 ἦν
311 449 348 484 μὴ
363 449 537 484 κατορθώσας
553 450 749 486 παρακρουσοῇ
763 459 813 482 τις,
829 450 917 477 ἄλλων
930 452 978 486 τὴν

193 495 335 529 βασιλικὴν
351 495 573 530 ὑποποιουμένων
585 495 672 530 ὁρμὴν
691 495 801 529 τρόποις
826 492 866 526 οἷς
886 495 978 530 ἐκείνη

191 542 298 576 πέφυκε
323 541 496 574 κλέπτεσθαι,
514 543 561 568 καὶ
580 542 622 569 διὰ
642 542 720 569 τοῦτο
731 542 786 569 οὔτ’
809 540 843 578 ἦν
864 542 979 569 σπουδά-

192 588 248 620 ζειν
277 587 322 614 ἐπὶ
350 588 381 614 τὸ
408 587 501 623 μεῖζον
527 589 542 624 ἢ
567 589 638 615 κατά
653 589 716 620 τοὺς
732 588 828 620 ἄλλους
847 588 977 623 πράττειν

191 633 351 667 πειρᾶσθαι,
371 633 418 660 τοῦ
434 633 583 668 δυνάμενου
597 634 686 668 λέγειν
701 634 769 669 πρὸς
792 633 904 668 βασιλέα
931 633 978 661 καὶ

192 680 340 714 μαρτυρεῖν
370 679 498 711 καθαρῶς
517 679 567 706 οὐκ
591 679 679 711 δντος,
709 679 756 705 καὶ
779 679 892 714 μάταιος
913 676 976 714 ἧνή

192 724 294 759 σπουδὴ
309 724 347 759 τῷ
369 725 546 756 σπουδάζοντι
573 725 818 760 παραλογιζομένῳ
848 722 977 756 πολλάκις

191 771 238 796 καὶ
253 770 429 806 ζημιουμένῳ
446 770 495 805 τὴν
511 771 552 804 ἐφ’
577 768 617 801 οἷς
638 770 756 805 ἔπραξεν
789 770 975 805 εὐδοκίμησιν.

189 815 247 842 Νῦν
262 816 285 843 δ’
305 816 362 843 ἀλλ’
389 816 436 842 ἐπὶ
459 816 514 843 τῶν
543 817 699 852 κηδεμόνων
720 816 774 842 τῶν
805 816 977 850 πραγμάτων

189 862 358 895 τελουμένων
370 862 460 893 καλῶς
475 862 508 888 ἂν
521 861 577 897 ἔχοι
591 862 638 898 τὴν
651 863 766 888 ἑκάστου
788 862 905 896 σπουδὴν
927 870 976 895 φα-

189 907 271 942 νερὰν
289 905 359 933 εἶναι
374 908 492 940 καὶτοῖς
518 908 656 943 ἀμείνοσιν
677 908 898 943 ἀνταμείϐεσθαι.
929 908 976 933 Διδ

189 954 237 980 καὶ
256 954 438 980 σπουδαστέον
452 954 528 989 ἡμῖν,
546 955 607 980 ἐπεὶ
623 955 673 981 οὐκ
688 955 744 980 ἔστι
758 954 788 981 τὸ
800 954 846 980 τὸν
864 953 977 988 βασιλέα

189 999 313 1031 δεδιέναι,
324 998 354 1025 τὸ
368 999 436 1033 ὑπὲρ
446 999 493 1025 τοῦ
514 999 645 1034 βασιλέως
657 999 813 1034 φοϐεῖσθαι,
833 1000 872 1031 ὡς
885 999 976 1026 ἐντεῦ-

189 1044 262 1079 θενῆ
278 1043 321 1077 εὖ,
342 1045 366 1071 εἰ
390 1045 496 1077 σῴζοιτ’
510 1046 624 1078 ἐκεῖνος,
643 1045 776 1080 ῆκπικῶς,
805 1046 829 1072 el
856 1045 893 1081 μὴ
924 1045 977 1071 σώ-

189 1089 272 1122 ζοιτο,
305 1089 371 1124 ἡμῖν
392 1089 512 1121 ἐλπίζειν
532 1090 705 1124 ωμὸαίνειν.
729 1091 785 1116 Καὶ
806 1089 892 1116 ταῦτα
926 1089 976 1123 μὲν

188 1135 257 1170 πρὸς
268 1135 331 1166 τοὺς
355 1135 437 1170 ἐμοὺς
467 1135 671 1171 συστρατιώτας
695 1136 766 1170 ὑμᾶς
788 1136 836 1162 καὶ
865 1135 977 1169 συντρό-

189 1189 256 1215 φους
267 1189 274 1196 ·
289 1179 332 1216 [Ρ.
348 1180 395 1216 26]
421 1180 488 1216 πρὸς
499 1181 527 1208 δὲ
545 1181 607 1212 τοὺς
622 1178 662 1212 οἷς
682 1180 809 1216 ὑπερέχει
839 1180 868 1206 τδ
898 1180 977 1213 γένος

188 1226 235 1252 καὶ
256 1225 402 1261 διαπρέπει
434 1227 468 1252 τὰ
497 1224 650 1261 ἀξιώματα,
676 1225 823 1260 ὑπέρχεταῖ
835 1233 880 1260 μοι
907 1225 976 1260 μετὰ

188 1320 333 1342 consuetus
361 1322 454 1349 regum
482 1314 569 1342 fastus
594 1314 627 1341 ad
659 1314 828 1349 spernendos
853 1314 977 1341 subditos

188 1361 332 1393 minusque
349 1359 482 1386 curandas
495 1359 669 1387 necessitates
683 1368 776 1386 eortun
793 1365 977 1393 ;metneretnr

189 1405 270 1432 ctiam
296 1412 329 1432 ne
356 1412 409 1431 non
427 1404 494 1431 adiri
521 1409 622 1438 pessct,
641 1412 674 1431 ne
691 1411 743 1431 non
758 1404 794 1431 illi
813 1410 920 1432 vacaret
935 1410 976 1432 at-

188 1450 310 1478 tendere.
335 1449 410 1476 Nunc
431 1449 499 1476 nihil
522 1449 619 1476 oberit.
648 1448 759 1476 Habetis
781 1447 922 1484 expositos
943 1450 976 1476 ad

188 1498 292 1521 vestros
315 1501 379 1520 usus
396 1498 534 1520 curatores
550 1494 624 1527 ejus;
640 1494 785 1521 convenire
797 1494 860 1521 licet
870 1495 976 1529 quando

189 1544 217 1565 et
233 1538 339 1573 quoties
356 1538 460 1570 libebit,
476 1538 576 1565 instare
594 1539 658 1572 quin
677 1539 770 1571 etiam,
787 1539 885 1566 iterare
905 1540 975 1573 peti-

188 1584 285 1616 tiones,
309 1591 389 1617 quam
415 1583 513 1610 crebro
531 1587 558 1610 et
577 1590 658 1617 quam
684 1583 792 1610 assidue
813 1591 880 1618 opus
894 1583 977 1610 fuerit

188 1636 295 1663 urgere.
321 1628 418 1654 Annon
453 1628 534 1661 igitur
565 1628 635 1662 justa
661 1635 741 1655 causa
764 1632 805 1655 est
831 1628 911 1656 facile
943 1636 975 1656 ac

187 1679 311 1709 prompta
334 1674 470 1701 voluntate
494 1673 659 1708 obsequendi
680 1673 807 1708 principi,
826 1681 888 1708 spes
900 1678 974 1701 certa

188 1725 215 1746 et
236 1719 348 1746 fundata
373 1720 533 1754 impetrandi
556 1725 584 1746 ct
604 1720 787 1754 consequendi
813 1720 847 1746 ab
866 1727 898 1747 eo
915 1728 975 1754 qua:

188 1769 355 1803 quiscunque
377 1768 563 1802 concupierit?
592 1768 653 1795 llaec
679 1775 731 1795 non
751 1773 863 1800 essent,
884 1769 906 1795 si
932 1775 976 1796 res

188 1821 242 1841 non
266 1815 483 1848 gubernarenlur
502 1821 549 1847 per
566 1813 633 1841 fidos
649 1820 675 1841 et
692 1821 803 1841 accessu
818 1813 888 1840 facili
905 1821 974 1841 cun-

187 1860 240 1887 ctis
256 1860 394 1894 expositos
419 1859 568 1886 ministros.
586 1858 653 1885 Nam
675 1859 792 1893 cogitate
814 1866 932 1892 nupera,
948 1863 977 1885 et.

187 1904 308 1932 conferte
323 1912 384 1931 cum
407 1905 594 1938 praesentibus.
618 1904 752 1932 Plurimas
767 1904 884 1931 reticebo
898 1903 975 1931 diffe-

186 1950 301 1981 rentias,
325 1950 373 1976 llas
395 1954 498 1976 tantum
520 1949 656 1976 indicans.
672 1948 747 1976 Tunc
764 1954 852 1976 metus
867 1954 926 1976 erat
942 1956 975 1976 ne

186 1995 232 2029 qui
258 1995 338 2021 etiam
363 1993 512 2021 rectissime
537 1993 647 2028 egisset,
669 1993 817 2021 oﬂ‘endcret
831 1994 975 2028 gratiaque

187 2041 337 2072 excideret,
352 2040 411 2067 aliis
424 2041 448 2067 in
462 2048 522 2066 cum
537 2040 668 2074 principis
679 2041 746 2067 iram
760 2040 971 2072 concitantibus,

187 2087 221 2114 iis
240 2086 328 2113 modis
347 2085 402 2121 46
424 2093 509 2120 eaque
530 2090 589 2113 arte
611 2093 690 2120 quam
710 2094 742 2114 ex
767 2087 908 2114 observata
924 2094 973 2113 na-

188 2136 247 2159 tura
264 2132 322 2166 ejus
336 2137 417 2166 atque
433 2132 521 2159 indole
536 2132 592 2159 fore
610 2132 795 2167 intelligebant
816 2132 848 2159 ad
861 2140 975 2167 scopum

187 2178 320 2205 intentum
344 2178 494 2206 t-fticacem.
520 2178 586 2205 llinc
612 2183 673 2206 erat
699 2178 794 2205 inutile
809 2179 974 2206 contendere

1029 270 1067 302 ὡς
1087 271 1174 306 ἀληθῆ
1189 271 1301 304 λέξοντι.
1319 273 1391 308 Ἐγὼ
1410 273 1466 300 οὔτ’
1482 275 1560 306 ἰδίαις
1574 275 1622 302 καὶ
1645 275 1815 308 αὖτοόοὑ).δις

1030 317 1222 350 προαιρέσεσιν
1234 317 1295 344 οὔτε
1311 319 1365 354 μὴν
1376 319 1470 354 σκοπῷ
1485 328 1539 346 τινι
1568 321 1614 346 καὶ
1633 320 1733 356 μελέτῃ
1755 322 1816 354 ταῖς

1029 361 1076 388 τοῦ
1094 361 1226 396 βασιλέως
1237 364 1415 400 προσανέχειν
1428 366 1589 400 ἐπιτροπαῖς
1601 366 1718 402 ῇρημαι,
1748 367 1817 394 ἀλλὰ

1030 407 1137 441 πρῶτον
1154 407 1204 442 μὲν
1223 409 1366 441 ἐπιστολὰς
1379 410 1490 446 πληρῶν
1505 411 1649 446 βασιλέως,
1665 413 1760 439 ἔπειτα
1774 412 1814 440 δέ.

1029 452 1100 479 Ἀλλ’
1127 453 1157 480 οὑ
1171 454 1299 489 βούλομαι
1321 455 1421 489 λέγειν.
1446 457 1518 492 Πλὴν
1545 459 1592 484 καὶ
1620 459 1696 492 ὑμῶν
1722 458 1816 485 θελόν-

1028 507 1092 531 των,
1106 498 1177 525 οὕτω
1193 500 1239 526 καὶ
1252 501 1330 534 μόνον
1349 503 1527 537 προσανέχειν
1540 503 1587 529 καὶ
1607 503 1646 529 ἔτι
1672 504 1732 535 ταῖς
1754 504 1817 530 ἑπι-

1029 544 1143 578 τροπαῖς
1161 543 1300 579 βούλομαι.
1316 545 1348 572 El.
1362 545 1384 572 δ’
1393 544 1450 578 οὖν,
1463 547 1520 573 ἀλλ’
1533 547 1612 582 ὑμεῖς
1630 547 1679 581 μὲν
1691 548 1737 574 τὸν
1756 548 1817 575 ἑπι-

1028 589 1211 624 τροπεύσοντα
1226 591 1366 624 ὲφιστᾶτε,
1380 592 1442 625 ἐμοὶ
1456 591 1478 617 δ’
1494 593 1606 626 ἀρκέσει
1627 592 1657 618 τὺ
1674 593 1719 619 ἐπ’
1734 593 1818 627 ἐσχά-

1027 643 1085 664 τοις
1109 634 1262 661 τάττεσθαι.
1296 635 1356 662 Κᾶν
1377 645 1419 667 τις
1439 637 1488 672 τὴν
1517 636 1659 672 βασιλικὴν
1677 637 1816 672 σωτηρίαν

1028 679 1187 714 πρεπόντως
1211 680 1376 716 πολυωροίη,
1406 682 1453 708 καὶ
1490 682 1648 714 ἱδιωτεύσας
1670 683 1815 718 ἀγαπήσω,

1028 723 1074 749 καὶ
1091 724 1306 759 προσλιπαρήσω
1326 726 1363 762 μὴ
1385 727 1543 762 ὀργίζεσθαι
1564 728 1611 754 τὸν
1624 728 1767 763 δεσπότην,
1791 729 1816 754 εὶ

1027 769 1123 795 λυπεῖν
1136 778 1211 800 τινας
1222 770 1298 805 ὑμῶν
1312 771 1400 807 δοκοίη
1419 773 1450 798 τὸ
1467 773 1532 807 ὲμδν
1547 773 1664 807 ἀξίωμα.
1680 774 1816 808 Κρεῖσσον

1027 814 1080 849 γὰρ
1091 815 1129 845 ὡς
1147 816 1194 842 ἕνα
1213 816 1267 842 τῶν
1291 817 1464 852 στρατιωτῶν
1482 818 1700 854 ἑξυπηρεταῦντα
1725 819 1818 853 ἀσφα-

1028 859 1081 890 λῶς
1091 860 1194 893 διάγειν
1207 861 1223 896 ἢ
1237 861 1311 897 φόϐῳ
1333 862 1380 888 καὶ
1402 862 1539 894 ὑπονοίαις
1568 865 1626 898 μετ’
1659 863 1817 898 ἀξιώματος

1029 905 1089 940 ζῇν.
1112 905 1175 932 Ἰδοὺ
1195 906 1285 933 τοίνυν
1301 907 1363 933 κατ’
1383 908 1488 942 ἀγαθὴν
1499 908 1608 940 πάντως
1625 909 1752 943 πρόνοιαν
1766 908 1814 935 τοῦ

1027 950 1095 977 Θεοῦ
1110 951 1200 977 καὶτὸ
1216 952 1334 986 ὑπήκοον
1350 953 1472 979 εὐπειθεῖ
1494 955 1541 980 καὶ
1560 954 1590 980 τὸ
1619 954 1816 989 στρατιωτικὸν

1026 995 1153 1022 εὐτακτεῖ
1165 996 1212 1022 καὶ
1223 996 1257 1023 τὰ
1270 996 1324 1023 ¹τῶν
1338 997 1443 1031 ἐχθρῶν
1454 998 1562 1033 ἠρεμεῖ.
1593 999 1648 1024 Καὶ
1663 998 1754 1024 πολλοί
1771 1006 1816 1024 τις

1026 1049 1070 1072 νες
1084 1041 1162 1076 ὑμεῖς
1175 1043 1220 1068 καὶ
1234 1043 1359 1077 μεγάλοι,
1371 1044 1395 1070 οι
1414 1044 1462 1078 μὲν
1478 1044 1546 1079 πρὸς
1563 1044 1678 1079 αἵματος
1691 1043 1729 1078 τῷ
1743 1052 1816 1076 κρα-

1026 1086 1128 1120 τοῦντι,
1146 1087 1170 1113 οἱ
1189 1087 1217 1112 δὲ
1231 1087 1277 1113 καὶ
1299 1088 1354 1119 τοῖς
1384 1087 1520 1123 ἀξιώμασι
1537 1088 1734 1122 διαπρέποντες
1766 1088 1816 1114 καὶ

1027 1133 1087 1161 καθ’
1104 1133 1117 1159 ὃ
1132 1141 1158 1159 τι
1174 1133 1205 1159 ἄν
1217 1142 1258 1165 τις
1282 1134 1353 1160 εῐποι
1370 1134 1450 1161 καλὸν
1479 1135 1525 1161 καὶ
1543 1136 1668 1168 γενναῖον
1695 1135 1816 1169 ὑπερτε-

1027 1179 1146 1215 ροῦντες.
1166 1178 1220 1205 Καὶ
1240 1178 1362 1213 ἀνάγκης
1373 1178 1457 1214 οὔσης
1472 1180 1660 1214 νεοκομεῖςῡαι
1673 1180 1719 1205 τὸν
1734 1179 1816 1213 βασι-

1026 1223 1084 1256 λέα,
1096 1223 1249 1257 ἐκλεγέσοω
1261 1223 1334 1260 μὲνὸ
1351 1223 1389 1259 μὴ
1408 1224 1530 1260 ἀπᾴδων,
1550 1224 1650 1258 ἕψομαι
1678 1224 1708 1250 δὲ
1737 1222 1818 1257 κάγὼ

1026 1318 1053 1340 et
1078 1313 1258 1347 prosperitate
1283 1313 1354 1340 illius
1381 1313 1508 1348 pendent.
1538 1313 1601 1340 "th
1626 1313 1758 1341 hactenus
1779 1313 1815 1340 ad

1026 1359 1225 1386 commilitones
1249 1363 1276 1386 et
1296 1359 1402 1386 sodales
1431 1367 1504 1386 meos
1525 1359 1579 1386 dixi
1602 1367 1610 1392 ;
1635 1359 1761 1393 deinceps
1780 1359 1814 1386 ad

1027 1412 1074 1432 eos
1102 1412 1216 1439 quorum
1238 1406 1339 1432 eminet
1363 1412 1458 1439 genus,
1485 1413 1599 1440 quorum
1625 1405 1771 1440 dignitates
1787 1405 1814 1431 in

1028 1452 1163 1486 republica
1185 1451 1353 1486 przfulgent,
1379 1451 1435 1478 inec
1453 1451 1574 1487 dicenda
1596 1451 1727 1486 iudicavi,
1751 1458 1814 1477 cum

1026 1504 1057 1523 ea
1082 1497 1206 1524 libertate
1226 1503 1257 1523 ac
1276 1496 1374 1523 fiducia
1386 1504 1466 1531 quam
1483 1496 1599 1531 inspirat
1613 1497 1732 1530 loquenti
1747 1503 1815 1522 con-

990 1543 1140 1583 cscieutia
1169 1542 1301 1569 veritatis.
1338 1541 1391 1577 Ego
1421 1550 1473 1569 non
1498 1542 1607 1576 propria
1639 1541 1814 1569 inclinatione

1030 1587 1194 1622 privatisque
1216 1586 1336 1614 consiliis
1353 1588 1386 1613 ad
1412 1587 1521 1614 tutelam
1545 1587 1678 1621 principis
1700 1586 1815 1618 accessi,

1030 1641 1079 1661 nec
1104 1638 1162 1660 arte
1187 1638 1234 1660 aut
1253 1633 1354 1660 ambitu
1376 1633 1486 1659 incubui
1503 1638 1532 1659 ut
1547 1632 1581 1659 ab
1593 1633 1652 1666 ejus
1668 1636 1743 1665 patre
1760 1638 1815 1657 tam

1029 1679 1116 1706 arduo
1142 1679 1248 1713 negotio
1270 1679 1432 1713 prmlicerer,
1454 1678 1501 1705 sed
1522 1679 1638 1714 primum
1656 1684 1688 1704 co
1702 1676 1817 1711 prosilui

1028 1725 1163 1759 supremis
1182 1724 1315 1751 mandatis
1332 1724 1504 1758 imperatoris
1527 1723 1688 1757 obsequens.
1704 1721 1816 1750 deinde.

1027 1785 1063 1792 ——
1082 1771 1135 1798 Sed
1158 1778 1255 1798 revoco
1278 1777 1332 1802 me,
1349 1777 1435 1804 neque
1450 1770 1500 1797 isto
1519 1777 1618 1804 genere
1630 1769 1760 1796 orationis
1777 1767 1817 1795 uti

1028 1817 1099 1844 volo.
1122 1818 1152 1843 lnl
1177 1817 1262 1844 solum
1289 1816 1358 1850 apud
1387 1823 1433 1842 vos
1459 1809 1598 1850 profiteor,
1628 1815 1664 1841 ita
1685 1821 1728 1841 me
1748 1814 1819 1842 velle

1028 1869 1203 1897 perseverare
1218 1862 1244 1888 iu
1262 1861 1314 1888 hoc
1329 1868 1452 1892 munere,
1467 1861 1488 1888 si
1505 1868 1552 1887 vos
1566 1860 1695 1893 iubeatis.
1719 1860 1818 1886 Decer-

1029 1909 1085 1935 nite
1108 1908 1191 1942 igitur
1207 1907 1280 1942 quod
1305 1907 1401 1942 placet.
1425 1906 1557 1933 Prtelicile
1576 1907 1620 1933 isti
1637 1913 1720 1938 curm,
1735 1905 1758 1932 si
1776 1905 1818 1931 vi-

1028 1955 1117 1982 detur.
1135 1954 1217 1981 alium
1236 1963 1243 1980 :
1261 1953 1355 1980 cedant
1372 1952 1498 1985 libenter,
1515 1952 1652 1986 redigique
1669 1959 1710 1978 Inc
1726 1952 1815 1984 patiar

1029 1998 1054 2025 in
1074 1998 1207 2030 ordinem,
1227 1997 1286 2024 loco
1297 1996 1350 2032 47
1368 1997 1407 2024 vel
1422 1997 1513 2023 intimo
1529 2001 1691 2028 contentus;
1709 1996 1818 2022 videns-

1027 2050 1080 2078 que
1102 2051 1116 2069 a
1145 2042 1221 2070 vobis
1243 2043 1377 2070 delectum
1401 2042 1485 2069 alium
1510 2042 1636 2068 idoneum
1660 2042 1706 2076 qui
1722 2041 1817 2076 pupilli

1027 2088 1158 2122 principis
1181 2087 1272 2118 saluti,
1300 2090 1329 2113 nt
1353 2095 1401 2121 par
1421 2091 1483 2119 est,
1501 2086 1634 2121 invigilet,
1660 2086 1820 2120 aequissimo

1027 2134 1119 2161 animo
1144 2134 1257 2168 privata:
1284 2133 1384 2167 quietis
1409 2138 1510 2160 sortem
1535 2133 1695 2166 atuplectar.
1729 2133 1815 2166 Agam

1028 2181 1091 2215 quiti
1115 2180 1197 2206 etiam
1222 2179 1322 2206 inﬁmis
1343 2180 1471 2214 precibus
1485 2186 1546 2205 cmn
1562 2179 1692 2212 principe,
1709 2186 1743 2205 ne
1759 2185 1820 2204 mo-

186 2224 306 2250 studium
333 2229 361 2250 et
385 2223 478 2251 conari
506 2223 581 2258 plura
611 2231 692 2258 quam
719 2224 797 2257 alios,
815 2232 876 2251 cum
895 2231 974 2251 nemo
992 2231 1014 2260 υ
1029 2227 1095 2253 leste
1108 2225 1178 2252 ferat
1193 2225 1321 2252 recedere
1339 2232 1381 2252 me
1394 2224 1428 2251 ab
1443 2224 1501 2257 ejus
1516 2231 1593 2258 cura,
1607 2224 1677 2258 quod
1694 2231 1725 2250 ea
1741 2228 1818 2250 tanta

186 2274 260 2296 esset
283 2269 328 2303 qui
359 2273 449 2302 pesset
474 2269 524 2296 hoc
546 2270 632 2304 ipsum
651 2270 808 2305 imperatori
823 2270 976 2304 signiﬁcare

187 2322 217 2342 ac
238 2315 359 2342 debitum
384 2316 478 2342 virtuti
505 2316 688 2343 testimonium
714 2317 838 2344 reddere.
863 2315 975 2349 Vanus,

186 2361 308 2396 inquam,
330 2366 388 2388 erat
408 2361 483 2387 labor
498 2361 652 2396 impendere
668 2369 697 2389 se
710 2354 817 2395 publico
836 2365 863 2389 et
879 2370 976 2397 magna

186 2406 214 2433 in
237 2414 293 2433 rem
317 2396 447 2440 principis
463 2405 562 2438 moliri,
580 2414 640 2433 cum
656 2414 728 2441 saepe
741 2407 910 2441 contingeret
925 2407 975 2433 de-

187 2454 273 2480 lusutn
300 2457 327 2479 et
350 2453 575 2485 circumventum,
593 2453 638 2488 qui
658 2454 697 2480 sic
714 2457 818 2488 egerat,
834 2460 882 2486 pro
898 2453 977 2481 laude

186 2507 219 2527 ac
239 2500 325 2534 gratia
346 2500 441 2526 damna
461 2504 488 2526 et
503 2499 696 2527 contumeliam
712 2499 825 2526 referre.
839 2499 916 2526 Nunc
933 2507 976 2526 re-

186 2545 237 2572 bus
262 2545 447 2573 ministrorum
471 2545 589 2572 ﬁdelium
605 2553 677 2572 cura:
691 2545 858 2577 commissis,
873 2545 974 2572 nullum

188 2596 261 2618 recte
287 2592 385 2618 factum
410 2592 514 2624 latebit,
541 2592 676 2627 cuiusque
699 2592 785 2619 virtus
800 2596 975 2626 agnoscatur,

188 2637 305 2662 studium
332 2636 419 2670 palam
445 2637 514 2668 erit,
538 2636 613 2664 labor
637 2636 857 2672 cotnpensabitur
882 2636 978 2664 condi-

188 2683 248 2715 gnis
266 2683 392 2716 prmmiis.
415 2682 504 2716 Quare
528 2683 680 2718 augendum
707 2683 824 2710 studium
848 2688 979 2716 est,con-

188 2726 321 2754 tendentia
351 2727 482 2755 industria
508 2727 535 2755 iu
563 2728 723 2763 obsequium
752 2729 893 2763 principis,
914 2733 942 2756 et
963 2736 978 2756 a

188 2780 242 2807 quo
266 2772 333 2800 nihil
355 2773 490 2806 timemus,
519 2776 543 2801 ei
570 2779 668 2801 cuncta
693 2774 849 2802 timeamus.
875 2774 978 2802 Felices

190 2819 292 2848 erimus
313 2820 335 2847 si
354 2819 444 2847 salvus
467 2820 520 2852 sit,
538 2821 560 2847 si
579 2821 641 2854 quid
653 2814 694 2848 illi
708 2821 846 2853 acciderit,
865 2821 976 2855 perieri-

193 2873 252 2894 mus
274 2874 323 2894 nos
345 2873 463 2901 quoque.
483 2866 555 2893 Bona
576 2872 601 2895 ct
624 2867 693 2894 mala
711 2871 804 2894 nostra
822 2874 852 2895 ex
871 2867 979 2896 fortuna

1030 2275 1138 2304 tamque
1168 2270 1317 2297 honorifica
1343 2268 1504 2304 praefectura
1533 2274 1657 2296 ornatum
1687 2276 1747 2296 esse
1775 2276 1821 2296 me

1029 2316 1189 2352 quibusdam
1230 2322 1348 2343 vestrum
1379 2323 1432 2342 non
1465 2316 1605 2350 probetur.
1634 2315 1820 2343 l’razstabilius

1029 2363 1101 2390 enim
1118 2362 1196 2397 longe
1210 2367 1252 2389 est
1267 2362 1294 2389 in
1315 2361 1408 2389 militis
1429 2362 1469 2390 vel
1484 2363 1600 2396 gregarii
1614 2362 1768 2389 conditione
1786 2369 1820 2388 ac

1030 2407 1136 2435 fortuna
1150 2408 1317 2442 .reipublica:
1341 2408 1452 2438 servire,
1482 2416 1562 2442 quatit
1591 2413 1662 2434 metu
1683 2411 1711 2434 et
1730 2407 1821 2441 suspi-

1029 2454 1155 2482 cionibus
1180 2454 1290 2481 anxium
1307 2454 1334 2480 in
1352 2454 1484 2488 dignitate
1499 2454 1601 2480 vivere.
1624 2453 1661 2479 En
1677 2453 1758 2487 igitur
1772 2460 1822 2486 per

1031 2499 1181 2526 beneﬁcam
1206 2498 1404 2532 providentiam
1420 2498 1546 2526 Numinis
1561 2504 1587 2525 et
1602 2498 1700 2534 subditi
1718 2497 1821 2524 doriles

1030 2545 1063 2572 ad
1087 2545 1234 2579 parendum
1255 2549 1328 2576 sunt,
1350 2549 1377 2572 et
1394 2544 1565 2578 disciplinam
1581 2543 1683 2570 milites
1696 2548 1819 2574 servant,

1030 2595 1055 2618 ct
1085 2593 1230 2626 quiescunt
1251 2591 1448 2626 quiescereque
1470 2598 1520 2618 nos
1546 2590 1639 2617 sinunt
1664 2590 1765 2621 hostes,
1791 2593 1822 2615 et

1031 2637 1081 2664 iste
1106 2643 1194 2664 vester
1206 2636 1273 2663 Ordo
1286 2636 1516 2670 amplissimorum
1533 2636 1685 2670 principum
1699 2633 1820 2661 abundat

1031 2690 1157 2715 numero,
1176 2689 1290 2716 quorum
1304 2682 1412 2716 quidam
1431 2682 1602 2716 imperatoris
1613 2679 1818 2713 consanguinei,

1030 2729 1141 2764 quidam
1164 2728 1259 2763 primis
1278 2732 1343 2755 sunt
1358 2727 1534 2762 dignitatibus
1549 2727 1676 2758 illustres,
1696 2725 1820 2752 dotibus-

1032 2782 1084 2810 quc
1106 2773 1195 2801 omnis
1220 2773 1328 2808 generis
1353 2773 1502 2808 praeclaris,
1521 2779 1582 2808 qua:
1597 2777 1732 2806 quemque
1744 2776 1821 2795 com-

1032 2821 1161 2848 meudare
1187 2820 1227 2848 vel
1255 2820 1372 2848 maxime
1395 2820 1518 2855 possint,
1539 2825 1645 2846 summe
1667 2815 1820 2850 conspicui.

1033 2866 1073 2894 Ex
1092 2867 1134 2894 his
1149 2867 1266 2902 eligatur
1280 2866 1336 2902 qui,
1353 2866 1423 2902 quod
1440 2873 1484 2894 res
1499 2865 1586 2901 poscit
1601 2868 1627 2893 et
1643 2869 1754 2892 necesse
1767 2866 1823 2894 cst,
