1935 3071
226 147 275 180 491

835 148 993 179 GEORGII
1015 147 1252 179 PAClIYMERdi

1794 147 1851 178 ΔΩΞ)

228 201 395 237 ἐκχώρησιν.
424 201 509 232 Εὐθὺς
533 200 580 228 οὖν
595 200 645 236 βοὴ
668 201 740 236 ἧρθη
761 201 798 233 ὡς
824 201 1011 236 ἐκχωροῦντος
1025 201 1049 230 Δ
1063 202 1160 236 φέρει,
1190 201 1262 237 μάλα
1289 201 1399 237 θερμῶς
1426 200 1611 235 εἰσηγοῦνται.
1629 201 1658 227 οἱ
1686 200 1708 226 δ’
1729 200 1850 234 ἠμέλουν

226 248 274 275 τοῦ
293 247 423 282 βασιλέως
434 265 441 277 .
457 246 505 273 καὶ
521 246 579 281 ἅμα
595 247 703 281 ἐχέοντο
718 247 879 282 παμπληθεῖ
889 267 897 279 ,
912 247 959 274 καὶ
974 247 1012 278 ὼς

226 292 347 328 τιμωρὸς
362 293 411 327 τῆς
428 291 571 326 βασιλικῆς
586 291 726 326 σωτηρίας
744 290 870 320 συνέθεεν
885 292 1010 323 ἕκαστος,

226 340 263 371 ὡς
279 339 327 365 καὶ
353 337 609 373 προσκινδυνεύσοι,
625 337 724 364 ειδέοι.
748 338 803 364 Καὶ
822 337 954 373 ἀλλήλους
972 337 1012 373 τῷ

228 386 335 421 θορύϐῳ
363 384 604 421 παρακροτοῦντες
627 385 676 411 ἐπὶ
692 385 741 420 τῆς
766 385 850 420 μονῆς
866 384 1012 420 ἠπείγοντο

226 433 281 459 τῶν
302 432 468 467 Σωσάνδρων
479 451 487 464 ,
509 432 544 458 τὰ
562 432 664 467 ἔσχατα
689 431 762 458 κακὰ
779 431 862 464 τοὺς,
881 431 919 463 ὡς
936 431 1013 458 αὐτοὶ

226 479 338 512 ἔλεγον,
360 478 474 510 δύσνους
499 478 538 514 τῷ
557 477 685 514 βασιλείῳ
705 478 801 514 κράτει
827 477 1011 513 πραξείοντες.

226 523 290 550 Εἰσὶ
301 522 324 549 δ’
340 523 365 550 οἶ
380 523 427 550 καὶ
440 522 536 557 ἔμενον
552 523 590 558 μὴ
607 523 784 554 συναπιόντες
794 542 802 555 ,
819 523 1013 558 προμηθέστε-

228 575 275 601 ρον
289 567 430 598 ποιοῦντες
448 567 466 602 ἣ
486 567 699 602 τολμηρότερον,
712 567 761 593 καὶ
774 567 834 601 ἅμα
852 567 877 593 ει
890 566 1013 594 ἐκποδὼν

227 612 390 648 γενομένους
410 612 474 643 τοὺς
500 612 561 639 καθ’
583 609 622 639 ὧν
640 612 766 639 συνέθεον
781 611 912 647 μάθοιεν,
927 612 1014 640 αὐθαο

224 658 353 694 δέστερον
376 658 547 694 δρασείοντες
577 659 623 685 ἐπὶ
648 659 710 691 ταῖς
743 660 856 694 σκηναῖς
886 659 955 694 πρὸς
982 659 1013 686 τὸ

225 705 354 740 ἐκφορεῖν
371 705 405 732 τὰ
420 704 551 739 κειμήλια
562 712 568 720 ·
586 704 624 740 μὴ
639 704 693 739 γὰρ
708 703 777 731 εἶναι
792 705 838 730 τὸν
856 704 1013 732 κωλύσοντα

225 750 298 777 οὕτω
321 750 375 777 τῶν
403 750 583 785 κεκτημένων
610 750 801 777 ἀπολωλότων.
831 750 876 782 Ὧς
899 750 965 784 γοῦν
988 751 1012 777 οἱ

229 795 278 830 μὲν
302 795 413 831 σύναμσ.
434 795 481 822 καί
505 803 560 822 τισι
582 795 637 822 τῶν
658 797 687 821 ἐν
709 795 780 822 τέλει
804 796 854 831 τῆς
876 796 1012 831 ὑμνῳδίας

227 841 393 876 τελουμένης
408 841 483 872 ἐντὸς
498 841 674 876 εἱστήκεισαν
689 842 735 868 τοῦ
755 842 836 874 ναοῦ,
854 842 879 868 οἱ
896 841 923 868 δέ
950 850 1012 868 συν-

227 872 452 922 έθεον-πανδημεὶ
477 872 656 923 θορυϐοῦντες
674 888 750 923 παρὰ
773 888 803 915 τὸ
825 872 939 924 σύνηθες
965 889 1011 915 καὶ
1026 872 1048 902 Β

227 933 277 967 ήδη
293 933 348 964 τοῖς
363 933 438 964 ἐντὸς
452 933 583 968 ἐμφανεῖς
595 930 664 968 ἦσαν
676 933 740 960 εὐθὺ
756 935 805 969 τῆς
819 934 901 970 μονῆς
917 934 1013 969 ίόντες,

226 979 300 1010 τινὲς
323 979 377 1006 τῶν
393 979 471 1011 ἐκτὸς
491 979 578 1006 ὄντων
596 979 741 1014 ὑπηρετῶν
757 979 802 1007 τὸν
818 981 931 1008 ἐκείνων
946 982 1014 1008 ὑπο-

225 1024 394 1056 τοτὲάσαντες
411 1025 546 1061 θόρυϐον,
571 1025 607 1061 μή
630 1025 656 1052 τί
681 1035 732 1053 που
755 1026 802 1054 καὶ
819 1027 872 1053 τῶν
895 1029 1013 1063 ἀπειρη·

227 1070 317 1104 μένων
342 1070 472 1105 δράσειεν
497 1071 591 1106 σχεδὸν
608 1071 754 1107 αὐτόνομοί
777 1072 873 1104 ὄντες,
903 1073 962 1107 ἄμα
985 1073 1013 1099 δέ

226 1116 274 1142 καὶ
302 1116 348 1142 τὸν
369 1117 554 1152 νεωτερισμὸν
579 1117 798 1150 ὑποπτεύοντες,
825 1118 935 1153 δηλοῦσι
964 1119 1013 1145 σὺν

226 1162 308 1198 ὠχρῷ
324 1161 363 1197 τῷ
380 1163 520 1198 προσώπῳ
535 1164 590 1195 τοῖς
609 1163 692 1191 ἔνδον.
709 1165 742 1190 Ol
755 1164 782 1190 δὲ
800 1164 901 1198 σπουδῇ
919 1164 950 1200 [P
964 1164 1011 1200 3'5]

225 1210 283 1240 τοῖς
298 1208 405 1244 κυρίοις
420 1209 450 1235 τὺ
464 1208 584 1243 δηλωθέν
603 1209 822 1243 ἀπαγγέλλουσι,
838 1210 884 1236 καὶ
899 1210 937 1242 ὡς
952 1211 1012 1237 ἐπι-

227 1254 348 1286 ζυγῶσαι
367 1255 416 1286 τὰς
432 1255 483 1290 τῆς
501 1255 584 1290 μονῆς
599 1255 686 1286 πύλας
699 1256 756 1287 τοῖς
767 1255 927 1291 ἐρχομένοις
943 1265 1012 1291 συμ-

228 1344 353 1372 assentiri
375 1345 525 1380 Augustum
547 1348 574 1372 et
596 1348 734 1372 auctorem
761 1344 829 1371 fieri.
854 1343 923 1372 Tum
948 1352 1010 1373 vero

227 1397 276 1424 pro
294 1397 323 1418 se
350 1391 466 1425 quisque
491 1397 664 1425 procurrere,
693 1390 807 1424 singulis
826 1390 927 1417 viritim
948 1398 1009 1418 sese

226 1436 328 1463 ultores
345 1436 505 1470 iniuriarum
519 1439 547 1462 et
561 1435 682 1462 vindices
699 1435 796 1463 salutis
809 1436 938 1470 principis
952 1437 1012 1471 opi-

227 1482 366 1515 nantibus,
379 1485 406 1509 et
418 1480 491 1508 velut
505 1481 532 1508 iu
547 1481 637 1509 studio
647 1480 685 1508 rei
697 1481 837 1516 prmelara:
848 1485 1010 1516 praevertere

227 1528 341 1555 invicem
355 1527 527 1555 festinatione
543 1527 610 1554 ntira
622 1527 799 1560 certantibus,
817 1535 848 1554 ac
860 1528 1008 1562 periculum

225 1573 504 1609 prmoceupare,quasi
519 1573 620 1600 heroici
635 1572 766 1600 facinoris
776 1573 1010 1608 perturbatissimo

225 1620 348 1647 discursu
379 1623 407 1646 et
433 1623 525 1646 ntutua
558 1619 714 1646 eatrusione
750 1619 884 1646 ruentium
910 1620 1009 1654 impetu

224 1666 346 1693 maximo
363 1672 458 1693 versus
483 1665 678 1692 monasterium
704 1664 1010 1696 SosandrorumJero-

224 1711 300 1737 cibus
312 1713 494 1737 extremorum
510 1709 642 1736 malorum
658 1709 738 1736 minis
748 1709 780 1736 iis
794 1709 1008 1743 inferendorutn,

224 1764 293 1792 quos
319 1755 459 1784 invidiosis
475 1755 613 1783 vocabulis
629 1754 773 1782 inﬂdorum
788 1755 916 1790 Augusta:
932 1761 1011 1789 pote-

224 1803 287 1830 stati
300 1801 481 1837 principisque
496 1801 612 1828 hostium
630 1800 821 1836 designabant.
842 1799 899 1828 Non
916 1806 1007 1828 tamen

224 1848 332 1874 deluere
357 1847 403 1882 qui
427 1845 617 1878 subsisterent,
640 1845 811 1873 continentes
832 1852 892 1873 sese
915 1845 942 1872 in
964 1846 1009 1874 illo

224 1892 310 1920 elluso
325 1891 440 1918 aliorum
452 1898 546 1922 cursu,
562 1890 605 1917 vel
621 1890 692 1924 quod
711 1889 818 1917 cautius
831 1897 910 1924 quam
924 1891 1009 1918 auda-

225 1937 283 1964 cius
309 1944 389 1971 agere
412 1936 566 1963 consultum
589 1936 720 1963 ducerent
735 1954 743 1967 .
771 1935 812 1963 vel
834 1936 905 1970 quod
928 1936 1009 1964 simul

223 1983 303 2009 etiam
319 1985 473 2016 sperarent,
488 1986 548 2015 post
573 1981 708 2016 negotium
722 1988 737 2008 a
749 1982 923 2009 currentibus
940 1989 1008 2010 con-

224 2029 323 2056 l‘ectum
339 2028 514 2062 sublatosque
530 2032 652 2062 potentes
667 2035 770 2061 rerum,
784 2027 1007 2062 quastuosiorem

223 2074 274 2101 sibi
290 2073 493 2108 relinquendam
504 2080 613 2107 operam
629 2072 797 2108 irrumpendi
815 2072 841 2099 in
852 2072 923 2099 aedes
938 2073 1008 2106 ipso-

223 2128 282 2147 rum
311 2125 339 2147 et
373 2118 569 2154 pretiosissima
604 2118 668 2145 inde
694 2125 807 2153 qua-que
827 2118 1005 2153 exportandi;

222 2174 289 2202 quas
299 2166 325 2193 in
340 2166 444 2200 opimas
466 2165 572 2199 praedas
596 2164 690 2192 utilius
711 2169 902 2200 expromerent
923 2169 1005 2192 totam

1063 246 1211 279 ἀκούοντες
1237 246 1326 282 (μηδὲ
1350 247 1404 281 γὰρ
1422 247 1493 282 ἔχειν
1517 245 1667 280 συμϐαλεῖν
1684 245 1783 272 ὁπόθεν
1803 246 1851 272 ἐπὶ

1064 291 1189 327 σφετέρῳ
1214 292 1292 326 κακῷ
1317 292 1382 318 ἴοιεν
1406 291 1432 318 οἱ
1459 291 1654 325 συνθέοντες),
1674 291 1803 326 ἔρχεσθαι
1822 292 1852 317 δὲ

1063 337 1206 369 κάκείνους
1222 337 1262 369 εἰς
1282 337 1330 369 τὰς
1346 337 1441 369 κοινὰς
1466 337 1574 368 ἐκείνας
1590 337 1703 368 τελετὰς
1729 337 1854 371 ὑπελάμ-

1064 383 1156 411 ϐανον.
1182 384 1226 415 Ὠς
1240 384 1268 410 δὲ
1283 383 1332 410 καὶ
1355 382 1433 415 αὖθις
1448 383 1601 417 ἐξελθόντες
1619 383 1717 409 ἐκεῖνοι
1733 383 1853 417 πλησια-

1063 430 1171 457 σάντων
1187 430 1233 456 καὶ
1254 429 1355 464 μᾶλλον
1372 430 1402 456 τὸ
1422 429 1575 464 θορυϐῶδες
1589 429 1636 456 καὶ
1654 429 1773 456 ἄτακτον
1805 429 1845 454 ὑπ

1071 476 1165 503 ενόουν
1176 496 1184 508 ,
1201 475 1241 501 ἐτι
1257 475 1358 510 μᾶλλον
1372 475 1570 511 κατωρρώδουν
1579 476 1627 501 καὶ
1649 474 1717 510 μετὰ
1732 475 1855 509 σπουδῆς

1063 520 1241 555 εἰσήγγελλον
1265 520 1299 546 τὰ
1311 521 1480 555 γιγνόμενα¹,
1507 521 1554 547 καὶ
1572 519 1617 546 ἐπ’
1639 520 1754 552 ἐκείνοις
1778 520 1855 547 ἄλλοι

1063 566 1308 601 ταχυδρομοῦντες,
1322 567 1370 592 καὶ
1383 566 1463 598 αὖθις
1473 566 1549 593 ἄλλοι
1559 573 1566 581 ·
1582 566 1642 593 οὐδὲ
1657 566 1712 602 γὰρ
1728 564 1762 601 ἦν
1777 567 1855 598 ὅστις

1062 611 1123 637 τότε
1147 611 1252 645 βλέπων
1283 611 1321 646 μὴ
1342 611 1390 638 ἐπὶ
1414 611 1493 647 κακῷ
1515 612 1638 647 μεγίστῳ
1662 613 1712 647 τὴν
1738 612 1854 639 ἐκείνων

1063 655 1156 690 ἄφιξιν
1180 656 1300 683 ὑπενόει.
1318 655 1401 683 Ὅθεν
1419 656 1468 684 καὶ
1481 657 1573 683 πολλοὶ
1591 657 1641 692 μέν
1658 657 1723 692 περὶ
1745 657 1854 688 ἑαυτοῖς

1063 703 1178 734 δεδιότες
1204 704 1236 729 ἐκ
1255 702 1310 730 τῶν
1331 702 1361 729 οὐ
1377 702 1469 729 καλῶν
1491 703 1604 729 ἐκείνων
1624 702 1748 736 ὑποψιῶν
1772 703 1854 733 ἄλλος

1063 748 1180 783 ἀλλαχοῦ
1199 748 1360 776 κατεδύοντο
1371 757 1378 764 ·
1397 747 1438 780 οἷς
1452 749 1474 775 δ’
1489 748 1570 783 ἔμελε
1587 749 1641 775 τῶν
1660 748 1853 781 Μουζαλώνων

1063 794 1144 820 πλέον
1157 794 1211 820 τῶν
1222 794 1321 828 ἄλλων,
1336 795 1496 830 προσιόντες
1512 795 1559 821 καὶ
1573 794 1651 826 αὖθις
1667 795 1778 830 ἀτάκτῳ
1791 795 1854 829 ἤθει

1063 840 1110 866 καὶ
1124 839 1263 876 προσώπῳ
1278 841 1329 876 τὴν
1361 841 1486 875 εἰσϐολὴν
1501 841 1556 867 τῶν
1581 841 1686 876 ἀνδρῶν
1701 841 1856 876 ὑπεμίμνη-

1064 894 1140 917 σκον,
1162 887 1208 912 καὶ
1225 886 1356 921 ἐφεκτέον
1369 886 1400 913 τὸ
1413 887 1493 921 τάχος
1509 886 1601 920 Eis-{0v
1616 886 1854 921 προκαταλαϐοῦσι

1063 932 1112 968 τὴν
1127 932 1241 960 ἐκείνων
1255 933 1343 968 ὁρμὴν
1361 924 1404 959 διά
1421 933 1470 967 τῆς
1490 933 1544 958 τῶν
1565 933 1658 959 πυλῶν
1683 933 1851 965 ἐπιθέσεως,

1065 980 1102 1015 μή
1125 989 1183 1011 πως
1205 981 1251 1006 καὶ
1272 980 1414 1014 φθάσωσιν
1439 980 1609 1011 εἰσελθόντες
1622 987 1629 996 ·
1649 980 1715 1015 μηδὲ
1734 980 1788 1015 γὰρ
1804 981 1854 1007 ἐπὶ

1063 1025 1140 1061 καλῷ
1158 1035 1212 1053 τινι
1233 1025 1280 1053 τὸν
1298 1027 1426 1052 τοσοῦτον
1450 1026 1565 1061 θόρυϐον
1586 1025 1670 1059 εἶναι,
1689 1026 1747 1052 ἀλλ’
1764 1027 1803 1058 εἷς
1827 1036 1854 1052 τι

1063 1070 1153 1105 λήξειν
1169 1071 1263 1098 κακόν.
1271 1072 1302 1098 Ol
1313 1072 1341 1098 δὲ
1352 1071 1406 1098 τῶν
1417 1071 1514 1106 φόϐους
1524 1073 1656 1106 λεγόντων
1665 1073 1715 1100 οὐκ
1727 1074 1853 1108 ἡκουσαν

1062 1118 1149 1149 ὅλως·
1166 1115 1218 1152 ἦγε
1230 1117 1295 1152 γὰρ,
1313 1115 1400 1152 οἶμαι,
1417 1118 1529 1149 τούτους
1545 1118 1575 1144 τὸ
1593 1119 1739 1153 μόρσιμον,
1759 1120 1805 1144 καὶ
1822 1119 1853 1144 τὸ

1063 1164 1208 1199 λεγόμενον
1233 1164 1350 1199 ἀληθὲς,
1373 1165 1410 1196 ῶς
1433 1165 1590 1200 ἀφαιρεῖται
1611 1164 1659 1196 τὰς
1687 1165 1790 1200 φρένας
1815 1162 1855 1192 ὧν

1063 1209 1195 1236 ἀπολέσαι
1216 1209 1307 1244 μέλλει
1319 1210 1349 1236 τὸ
1372 1209 1460 1236 Θεῖον.
1475 1210 1511 1235 Οὐ
1533 1210 1587 1244 μὴν
1600 1210 1627 1236 δέ
1641 1210 1698 1236 ἀλλ’
1718 1210 1778 1239 οὐδὲ
1795 1212 1854 1242 τοτς

1063 1255 1182 1291 παροῦσι
1201 1256 1254 1282 τῶν
1272 1255 1444 1290 μεγιστάνων
1465 1255 1545 1290 ἔμελε
1564 1256 1593 1282 τὸ
1608 1255 1748 1291 δρώμενον
1767 1257 1854 1283 ἀ.κοὺ-

1063 1345 1140 1373 diose
1156 1349 1346 1380 suggessertmt
1361 1353 1375 1372 e
1393 1352 1422 1373 re
1441 1344 1524 1372 videri
1544 1345 1635 1380 templi
1646 1345 1851 1373 valvasoccludi

1063 1391 1251 1425 venientibus;
1281 1392 1361 1426 idque
1391 1392 1488 1419 ardore
1514 1392 1634 1419 maxime
1663 1392 1796 1427 urgebant
1822 1397 1853 1418 ut

1061 1439 1153 1466 statim
1165 1443 1316 1466 curaretur.
1329 1440 1362 1465 At
1376 1439 1413 1466 illi
1430 1440 1571 1466 audientes
1583 1439 1762 1474 negligebant,
1776 1439 1850 1466 nulla

1062 1485 1159 1512 idonea
1175 1484 1330 1519 conjectura
1348 1484 1405 1511 fieri
1424 1485 1573 1512 verisimile
1589 1485 1692 1512 causati
1714 1485 1747 1512 ad
1764 1486 1849 1512 ullum

1063 1530 1180 1565 ipsorum
1193 1531 1341 1565 periculum
1351 1531 1429 1558 istum
1440 1538 1549 1558 cursum
1556 1531 1692 1566 pertinere
1703 1539 1708 1556 :
1721 1531 1849 1559 ttitnirutn

1061 1576 1243 1610 opinabantur
1259 1576 1301 1611 agi
1327 1575 1458 1611 religione
1479 1580 1526 1602 aut
1548 1576 1640 1604 studio
1653 1578 1849 1604 coltonestantli

1061 1622 1190 1657 principis
1204 1622 1309 1649 turbam
1327 1622 1410 1655 illam,
1423 1626 1451 1649 et
1467 1622 1532 1649 nihil
1545 1623 1619 1650 aliud
1633 1631 1712 1657 quant
1724 1630 1851 1658 spectare

1062 1673 1107 1695 aut
1125 1667 1337 1703 frequentiorem
1354 1669 1467 1696 reddere
1489 1668 1628 1696 funebrem
1645 1669 1755 1704 Augusti
1774 1675 1851 1696 mor-

1062 1714 1098 1741 tui
1114 1713 1271 1749 panegyrim
1288 1722 1396 1748 cupere.
1414 1714 1449 1742 Ut
1465 1720 1555 1742 autem
1567 1716 1610 1749 qui
1629 1716 1685 1742 hac
1705 1715 1850 1743 nuntiave~

1061 1765 1121 1787 rant
1138 1768 1243 1787 rursum
1259 1761 1359 1794 egressi
1383 1761 1493 1796 propius
1505 1761 1559 1794 iam
1576 1762 1696 1795 appulsae
1723 1762 1850 1788 lllttlliltt-

1060 1805 1132 1833 diuis
1149 1805 1263 1833 furentis
1281 1805 1419 1833 fremitum
1437 1814 1452 1834 e
1467 1807 1558 1834 vicino
1575 1807 1761 1834 terribiliorem
1779 1808 1850 1834 lutu-

1059 1859 1120 1879 lere
1150 1851 1288 1884 sensibus,
1315 1859 1347 1879 eo
1378 1851 1437 1886 plus
1462 1852 1689 1880 cohorrescentes
1713 1853 1850 1880 iteruruut

1059 1896 1187 1923 indicium
1203 1897 1350 1924 crescentis
1370 1897 1443 1930 mali,
1460 1897 1623 1929 nuntiantes,
1641 1903 1668 1924 nt
1681 1898 1766 1932 prius,
1786 1905 1849 1931 qua:

1059 1941 1194 1968 recentius
1205 1945 1363 1976 cognorant.
1376 1941 1451 1974 Quod
1474 1950 1536 1968 mox
1558 1942 1753 1969 continuarunt
1763 1950 1848 1970 cursu

1058 1987 1155 2014 anltelo
1181 1986 1342 2014 festinantes
1372 1988 1417 2015 alii
1437 1995 1519 2022 super
1542 1988 1621 2015 alios.
1647 1988 1741 2023 Neque
1772 1990 1846 2016 enim

1058 2032 1115 2068 jam
1142 2032 1200 2064 ulli,
1219 2033 1264 2067 qui
1280 2037 1401 2060 uteretur
1417 2034 1496 2061 tttodo
1510 2034 1650 2067 sensibus,
1666 2035 1774 2061 dubium
1787 2040 1848 2062 erat

1058 2078 1120 2112 quin
1146 2078 1171 2105 in
1195 2079 1325 2114 tragicum
1351 2080 1451 2107 exitum
1479 2079 1614 2108 fanaticus
1641 2080 1693 2108 iste
1715 2089 1848 2109 accursus

1057 2128 1220 2158 erumperet.
1246 2123 1336 2157 Quare
1362 2124 1439 2152 ntulti
1462 2125 1515 2152 sibi
1535 2126 1661 2159 privatim
1693 2131 1847 2162 metuentes

1057 2170 1196 2197 admonitu
1227 2170 1388 2198 indiciorum
1423 2171 1572 2205 ingruentis
1598 2172 1660 2198 tttali
1688 2172 1757 2200 alius
1781 2173 1847 2199 alibi

224 2213 276 2240 vim
290 2211 478 2239 audacissima:
490 2211 655 2246 rapacitatis,
676 2212 785 2239 nemine
809 2217 864 2239 tum
887 2213 1006 2247 proltibi-
1022 2218 1043 2245 ι)
1059 2215 1260 2243 abscondebam
1289 2223 1359 2244 sese.
1390 2215 1493 2249 Quibus
1526 2221 1616 2244 autetn
1647 2217 1732 2252 major
1758 2226 1844 2252 quam

223 2264 302 2292 turo,
339 2258 438 2293 quippe
465 2258 521 2292 jam
549 2258 663 2286 mortuis
692 2259 895 2293 possessoribus
926 2266 1008 2293 opera

221 2313 314 2333 eorum
333 2311 401 2339 quos
415 2304 441 2331 in
466 2304 492 2330 id
515 2311 682 2338 praecurrere
696 2304 833 2331 sinebant.
852 2304 918 2331 Cum
931 2312 1006 2340 ergo,

222 2352 285 2378 dum
306 2350 451 2386 ltytnnodia
461 2350 656 2382 celebraretur,
669 2349 824 2376 Muzalones
835 2357 894 2376 cum
908 2351 1006 2384 primo-

221 2397 297 2425 ribus
325 2397 485 2432 optimatum
525 2397 595 2423 intra
632 2395 759 2430 templum
802 2400 924 2428 starent,
953 2395 1008 2431 58

220 2451 320 2476 ruens.
338 2448 367 2471 ut
385 2443 484 2470 dictum
508 2447 550 2470 est
563 2462 571 2475 ,
588 2442 702 2470 tumultu
729 2442 837 2470 insolito
867 2442 1007 2470 multitudo

220 2490 392 2518 adventabat.
410 2489 443 2516 Et
457 2489 511 2524 jam
525 2489 569 2523 qui
586 2488 657 2516 intus
668 2494 746 2516 erant
759 2488 906 2523 intelligere
917 2496 1008 2523 cmpe-

221 2543 282 2564 rant
297 2544 356 2563 eam
372 2536 477 2562 turbam
499 2542 571 2562 recta
587 2535 612 2562 itt
640 2534 832 2562 monasterium
857 2534 931 2568 ferri,
945 2542 1005 2561 curn

220 2582 328 2618 quidam
340 2590 355 2609 e
370 2582 498 2609 ministris
521 2581 690 2608 llluzalonum
705 2581 771 2608 foris
795 2581 1006 2615 opperientibus,

221 2627 298 2654 veriti
314 2634 367 2662 quo
381 2631 527 2662 tempestas
541 2625 814 2661 suspectre’uovitatis
824 2626 1004 2658 incumberet,

220 2677 247 2700 et
264 2680 315 2699 ιιοιι
329 2673 389 2699 sine
401 2678 482 2699 causa
505 2676 657 2699 metuentes
684 2679 718 2699 ne
739 2676 842 2698 artnata
866 2676 893 2698 et
916 2672 924 2698 l
942 2679 1004 2706 gum

220 2723 316 2745 secura
332 2717 429 2744 seditio
445 2717 471 2744 in
491 2716 592 2744 foedum
609 2716 717 2751 aliquod
733 2716 868 2744 desineret
889 2716 1003 2748 fucinus,

221 2763 319 2798 pallido
337 2763 409 2790 vultu
423 2763 572 2798 periculum
593 2764 751 2790 nuntiarunt
766 2763 798 2790 iis
811 2763 855 2797 qui
875 2771 908 2790 ex
932 2763 1004 2790 inte-

221 2809 286 2837 riori
299 2809 430 2836 comitatu
446 2809 617 2836 Muzulonum
632 2809 701 2836 intra
715 2809 842 2844 templum
857 2810 1005 2835 VtilSnlntn-

222 2858 274 2883 tur.
301 2854 333 2882 lli
347 2858 403 2882 rem
419 2855 510 2883 statim
528 2856 560 2882 ad
577 2855 700 2882 dominos
724 2855 877 2883 detulerunt
906 2858 930 2882 et
949 2860 1005 2882 stu-

1059 2261 1164 2289 czetet'is
1180 2260 1348 2288 Muzalonum
1366 2269 1430 2289 cura
1448 2267 1518 2295 erat.
1540 2263 1628 2290 denuo
1643 2263 1747 2297 trepido
1762 2271 1846 2291 cursu

1059 2307 1187 2342 vultuque
1199 2307 1307 2335 turbato
1320 2307 1392 2341 ipsos
1405 2308 1523 2341 adibant,
1536 2309 1664 2344 itnpetuttt
1677 2315 1846 2337 armatorum

1059 2351 1220 2378 irruentium
1251 2351 1410 2385 indicantes,
1439 2358 1467 2380 et
1492 2360 1655 2388 magnopere
1682 2355 1845 2387 suadebant,

1055 2397 1185 2432 juberent
1198 2398 1295 2432 oppotti
1312 2397 1465 2426 furentibus
1480 2403 1616 2433 portarum
1643 2399 1735 2426 obices
1749 2399 1805 2435 59
1818 2407 1847 2428 et

1059 2443 1188 2476 templum
1203 2444 1294 2470 statim
1311 2444 1398 2471 claudi
1412 2444 1524 2479 jatnjum
1546 2445 1618 2472 itttro
1650 2445 1804 2479 irrupturis,
1821 2447 1844 2473 si

1058 2492 1163 2523 pateret
1178 2495 1186 2515 :
1204 2495 1265 2514 nam
1283 2493 1386 2515 tantum
1404 2489 1546 2516 tumultum
1567 2490 1633 2516 ttiltil
1649 2490 1710 2517 boni
1729 2496 1843 2525 porten-

1058 2534 1131 2561 dere.
1146 2532 1332 2561 Narrabautur
1350 2541 1380 2561 ea
1395 2536 1495 2562 surdis.
1511 2534 1671 2563 Perstabant
1689 2537 1714 2563 in
1734 2544 1844 2563 summo

1058 2579 1179 2614 periculo
1199 2583 1299 2608 temere
1317 2580 1418 2607 securi.
1434 2580 1535 2615 Agebat
1553 2581 1651 2616 quippe
1672 2581 1732 2608 ilﬁos
1751 2582 1844 2608 fatalis

1057 2630 1121 2659 puto
1132 2626 1240 2654 caecitas
1254 2625 1281 2652 in
1298 2626 1437 2653 decretuut
1454 2626 1518 2661 ipsis
1534 2626 1724 2655 infortunium.
1738 2627 1838 2655 Verum

1057 2670 1161 2697 scilicet
1172 2677 1212 2698 est
1227 2671 1298 2706 quod
1317 2671 1370 2697 dici
1383 2671 1462 2703 solet,
1478 2679 1545 2706 quos
1561 2672 1674 2706 perdere
1682 2668 1739 2699 vult
1756 2671 1840 2706 Deus,

1058 2716 1090 2742 iis
1109 2721 1172 2743 ante
1189 2717 1280 2743 omnia
1301 2722 1419 2744 mentem
1437 2718 1553 2752 eripere.
1577 2718 1629 2745 Sed
1654 2725 1703 2745 ttec
1730 2720 1774 2752 qui
1791 2719 1841 2745 ad-

1055 2769 1133 2791 erant
1148 2770 1285 2798 proceres,
1302 2764 1414 2790 multum
1430 2771 1527 2792 curare
1539 2764 1697 2792 videbantur
1709 2773 1842 2800 quorsum

1055 2815 1210 2843 spectarent
1225 2818 1284 2845 quae
1298 2810 1446 2838 audiebant
1460 2811 1529 2844 ﬁeri,
1544 2811 1586 2838 vel
1600 2812 1716 2846 quadam
1733 2820 1841 2846 pramo-

1058 2857 1129 2884 tione
1145 2857 1334 2891 gerendorum,
1351 2855 1394 2884 vel
1407 2857 1440 2884 ad
1456 2856 1530 2891 ipsos
1546 2856 1619 2884 haud
1633 2847 1687 2884 ‘rati
1703 2856 1842 2891 pertinere
