1935 3071
176 165 227 196 ἅθ’)

778 162 937 192 GEORGII
958 161 1196 192 PACHYMERJE

1745 163 1798 194 496

177 223 242 258 φθαι
254 231 261 238 ·
285 222 369 253 οὕτως
388 220 507 252 ὥπλιζεν
524 218 622 250 αὐτοὺς
638 218 751 253 ἡκακία
762 238 769 250 ,
786 219 834 245 καὶ
851 220 864 245 ὁ
878 219 964 254 θυμδς
979 220 999 246 Δ
1016 217 1107 245 δύσνοι
1123 219 1180 250 τοῖς
1198 217 1356 253 βασιλεῦσιν
1367 237 1374 250 ,
1397 218 1421 245 oi
1446 218 1653 254 βασιλειῶντες,
1669 219 1695 245 οί
1719 221 1799 246 παντὶ

177 268 332 304 μεμηνότας
347 267 434 302 θῆρας
458 266 575 294 ἐδείκνυ.
596 265 647 291 Τὺν
665 265 758 299 μέντοι
776 273 806 298 γε
822 259 962 299 πρωτοδε-

176 314 298 348 στιάριον
322 311 462 346 Κάρουλός
482 319 523 341 τις
543 310 598 336 τῶν
621 309 726 336 ἀδύτων
752 309 961 343 κατατολμήσας

176 360 222 386 καὶ
238 358 272 385 τὰ
289 357 374 384 πολλὰ
391 355 647 392 διερευνησάμενος,
670 355 731 381 ἐπεὶ
747 356 796 389 οὐχ
816 353 960 389 εὕρισκεν,

175 403 300 431 ἀπειπὼν
322 402 432 437 ἔμελλεν
457 401 650 436 ὑποστρέφειν.
683 400 752 426 Ἀλλ’
769 400 784 434 ἡ
804 401 887 434 μοῖρα
905 399 961 426 οὐδ’

175 451 278 476 ἐκεῖνον
301 449 344 476 εἴα
367 447 413 474 τοῦ
439 447 541 477 πάθους
559 446 656 477 ἐκτός·
683 445 734 480 τὴν
755 446 808 480 γὰρ
833 445 961 481 πρόθεσιν

175 495 305 522 εἰσελθὼν
331 494 378 520 καὶ
408 494 472 528 τῇδε
500 493 612 519 κάκεῖσε
641 491 880 527 περιϐλεψάμενος
915 491 963 518 ἐπὶ

175 541 270 574 γόνασι
286 539 461 571 συνιζάνοντα
478 537 601 564 κάτωθεν
619 534 672 563 εἶδε
687 538 732 563 τὴν
747 537 882 564 οἴκτιστον
892 557 899 569 ,
915 538 963 564 καὶ

177 587 240 614 ίδὼν
261 586 334 621 ὁρμᾷ
358 585 501 619 καθαιρεῖ]
525 583 648 618 ἀπηνῶς.
670 583 726 609 Καὶ
746 583 775 614 ὃς
791 583 912 609 δυσωπεῖ
933 582 964 609 τὸ

175 633 275 659 οἰκεῖον
295 628 365 666 αἷμα
382 629 479 657 πολλοῦ
497 637 571 660 τινος
586 627 783 662 ἐξωνούμενος.
812 626 842 654 ’0
857 627 885 653 δὲ
900 626 962 654 οὔτε

176 678 243 712 πρὸς
258 677 289 703 τὸ
305 677 397 711 σχῆμα
414 677 461 710 τῆς
477 674 595 705 ἱκετείας
610 673 720 700 ἀπεῖδεν
736 672 797 699 οὗτε
831 673 885 708 μὴν
916 672 965 699 ὑπ·

176 723 296 758 ικλάσοη
320 723 376 753 τοῖς
389 721 603 756 ἑπηγγελμένοις
615 739 622 750 ,
635 718 691 745 ἀλλ’
715 719 795 749 εὐθὺς
820 718 964 754 κατασχὼν

175 769 283 803 ἀναιρεῖ
298 767 415 802 ξιφιδίῳ.
434 766 466 802 [Ρ
481 765 526 801 55]
543 765 597 792 Καὶ
612 765 691 800 δῆλον
706 764 817 798 γεγονὸς
840 766 872 791 eo
891 773 964 799 πρα-

175 815 239 850 χθὲν
250 814 300 840 οὐκ
311 811 346 849 ἦν
357 814 431 844 ὅστις
446 812 519 846 ἀπῆν
531 811 646 843 ἐκεῖθεν,
658 810 714 837 ἀλλ’
725 810 840 842 ἕκαστος
852 811 965 843 ἐπιστὰς

177 861 215 890 ὡς
233 857 307 893 εἶχεν
333 857 455 890 οὐτάζων
479 857 527 884 καὶ
548 855 609 891 μεθ’
623 855 728 890 ὕϐρεων
748 855 843 891 ᾔκιζε,
868 857 914 883 καὶ
936 858 964 887 ὲς

173 905 303 931 τοσοῦτον
326 903 448 936 μελεϊστὶ
472 902 656 929 κατεδάσαντο
673 901 743 928 ὥστε
762 902 809 927 καὶ
832 902 895 932 τοὺς
921 902 964 928 ὲν-

176 950 327 984 ταῳιαστὰς
338 949 451 984 ὕστερον
464 949 560 984 σάκκῳ
571 948 605 974 τὰ
618 947 685 983 μέλη
700 947 869 978 καταθέντας
877 946 908 973 οὖ
914 956 964 978 τως

178 996 331 1030 ἐκφορῆσαι
347 995 395 1021 καὶ
412 994 491 1028 τάφῳ
506 992 610 1020 δοῦναι.
633 992 710 1019 Ἐπεὶ
726 991 749 1019 δ’
763 993 803 1023 είς
819 992 893 1023 τέλος
909 993 966 1023 τοῖς

177 1042 327 1077 ἀνημέροις
341 1040 455 1071 ἐκείνοις
469 1039 594 1074 ἐπράχθη
610 1038 640 1065 τὺ
654 1038 783 1074 τόλμημα
795 1058 802 1070 ,
826 1038 888 1070 συὸς
905 1038 967 1073 τρό-

175 1096 227 1114 πον
243 1087 374 1122 θήξαντες
386 1086 449 1116 τοὺς
461 1085 571 1116 ὀδόντας
584 1084 621 1116 ὡς
636 1084 704 1119 μηδὲ
717 1084 765 1111 καὶ
777 1084 841 1116 τοὺς
855 1076 966 1111 ὲνητέλει

176 1132 334 1164 κατωπαδὶς
356 1132 471 1159 ἐκείνων
497 1131 569 1165 ἔχειν
593 1130 719 1157 ἵστασθαι
743 1131 790 1157 καὶ
801 1130 924 1165 ἐλέγχειν
948 1130 964 1166 ἢ

177 1179 231 1214 μὴν
244 1179 349 1214 ἐρωτᾷν
358 1179 383 1204 τί
395 1176 528 1208 παθόντες
537 1176 584 1202 καὶ
595 1176 666 1208 τίνος
675 1176 846 1211 ὁρμήσαντος
854 1176 930 1202 τοιαῠ
937 1186 966 1203 τα

176 1224 332 1260 πράττοιεν,
349 1223 398 1249 ἐπὶ
411 1224 460 1254 τὰς
477 1223 580 1256 σκηνὰς
593 1222 674 1253 εὐθὺς
686 1221 788 1256 ὥρμων
803 1221 856 1248 τῶν
868 1229 964 1256 φονευ-

177 1270 277 1297 θέντων
290 1290 297 1302 ,
315 1270 363 1297 καὶ
384 1265 406 1303 ᾧ
427 1268 608 1303 προστετύχει
628 1268 743 1298 ἕκαστος
761 1267 824 1302 μεθ’
839 1268 881 1294 ὅτι
902 1276 966 1302 γενο

176 1317 252 1342 ναίου
268 1316 315 1342 τοῦ
336 1316 570 1350 παραστήματος,
586 1315 623 1346 ὡς
640 1314 748 1346 οὐδενὸς
766 1314 862 1341 καινοῦ
886 1321 967 1349 γεγο-

177 1361 264 1392 νότος,
281 1360 425 1395 ὲξεφόρουν
438 1359 656 1394 ἐπεγγελῶκτες,
672 1358 720 1386 καὶ
736 1358 766 1385 τὸ
781 1359 827 1385 ἐπὶ
841 1358 966 1394 γλώσσης

178 1405 305 1440 ἔγκλημα
331 1404 461 1439 συχνάκις
483 1404 630 1439 λεγόμενον
649 1401 699 1439 ἦν,
729 1413 739 1430 ι
760 1404 792 1430 Ol.
811 1403 903 1440 ἐχθροὶ
919 1404 966 1431 καὶ

180 1461 289 1489 modum
319 1460 405 1487 ferina
436 1468 549 1495 prorsus
577 1460 653 1488 rabie
682 1465 805 1489 ruerent.
836 1461 966 1494 Qumrens

178 1509 296 1543 denique
309 1507 548 1542 protovestiarium
563 1506 678 1534 Carolus
691 1508 800 1542 qttidam
822 1512 966 1542 penetrare

1014 263 1118 299 τρόπῳ,
1134 265 1158 290 εί
1177 264 1214 299 μὴ
1228 263 1394 296 κεκώλυντο,
1407 262 1458 291 οἶοί
1469 265 1493 291 τ’
1506 265 1598 300 ἄρξαι,
1613 266 1639 291 οἱ
1654 265 1702 292 τοῦ
1717 274 1800 300 στρα-

1012 310 1140 336 τιωτικοῦ
1156 311 1309 345 ἀλιτήριοι,
1327 311 1351 337 oi
1370 312 1551 346 μαγγανείαις
1569 312 1619 346 μὲν
1634 313 1679 338 τὸν
1693 313 1799 346 πατέρα

1016 354 1077 390 μεθ’
1090 356 1273 390 ὑπουλότητος
1288 356 1468 388 ὑπελθόντες,
1490 357 1613 392 φυλακῆς
1627 358 1657 384 δὲ
1676 358 1739 394 δόξῃ
1753 358 1801 384 καὶ

1013 401 1163 435 ἀσφαλείας
1194 401 1233 436 τῷ
1261 402 1312 437 υἱῷ
1343 403 1535 438 ἐφεδρεύοντες
1553 424 1560 435 ,
1587 404 1625 436 ὼς
1653 404 1802 431 δεδώκασιν

1015 446 1092 479 ἀξίας
1110 448 1157 474 καὶ
1172 448 1210 479 ὡς
1222 448 1276 474 ἔδει
1291 449 1340 480 τὰς
1357 449 1434 480 δίκας
1445 468 1452 480 ,
1465 449 1503 479 ὡς
1518 450 1632 481 εἰκότως
1645 449 1801 485 διαπεπρά-

1014 502 1095 529 χαται
1105 513 1112 526 ,
1129 495 1175 520 καὶ
1195 495 1232 525 ὡς
1246 495 1379 526 εὐνοϊκῶς
1393 495 1439 521 τοῦ
1453 495 1548 522 λοιποῦ
1563 496 1744 531 δουλεύσομεν
1763 497 1802 530 τῷ

1013 540 1131 575 δεσπότῃ
1148 540 1203 566 τῶν
1219 540 1325 566 ἐκεῖθεν
1341 541 1548 574 ἀπαλλαγέντες
1569 542 1674 569 κακῶν.
1692 551 1701 568 ι
1719 542 1803 568 Ταῦτ’

1014 585 1107 619 ἔλεγον
1118 606 1126 618 ,
1147 587 1194 612 καὶ
1215 585 1290 613 λείαν
1305 586 1408 613 Μυσῶν
1420 587 1550 614 τάκείνων
1569 587 1680 614 ἐποίουν
1691 609 1698 620 ,
1712 588 1802 622 ἀμφο-

1014 633 1108 665 τέραις
1129 633 1319 665 ὲξαντλοῦντες
1342 632 1388 658 τὸν
1408 632 1525 659 πλοῦτον
1549 633 1582 659 ὲκ
1599 634 1654 659 τῶν
1680 633 1801 668 σκηνῶν.

1015 677 1124 703 Τούτων
1140 677 1186 704 οὖν
1200 678 1271 705 οὕτω
1288 678 1472 705 τελεσθέντων
1483 698 1489 709 ,
1508 678 1624 713 μηδενδς
1643 679 1700 705 οἴου
1715 688 1744 705 τε
1761 679 1789 705 δι

1016 723 1126 754 κοῦντος
1158 724 1301 758 μαργῶντι
1328 723 1425 758 πλήθει
1454 726 1501 750 καὶ
1533 724 1650 759 ἀναρχίᾳ
1678 724 1804 759 ἐμποδὼν

1016 768 1141 796 ἵστασθαι
1152 789 1159 801 ,
1176 769 1231 796 τῶν
1248 770 1298 804 μὲν
1312 771 1371 800 ταῖς
1393 770 1535 801 ἀληθείαις
1548 770 1685 803 δεδιότων,
1704 771 1758 796 τῶν
1775 771 1804 796 (Σὲ

1015 815 1064 842 καὶ
1088 815 1158 842 κατὰ
1183 815 1367 849 προσποίησιν
1383 816 1516 851 (σημεῖον
1533 816 1579 842 δέ·
1607 816 1655 843 καὶ
1677 815 1732 851 γὰρ
1752 816 1805 848 τῆς

1015 860 1063 886 τοῦ
1085 860 1339 896 πρωτοὸεστιαρίου
1367 860 1486 894 συζύγου
1511 861 1570 887 ἐκεῖ
1588 861 1730 895 παρούσης
1756 862 1806 887 καὶ

1017 906 1093 933 δεινά
1114 907 1242 942 ποιούσης
1262 907 1310 933 καί⁵
1325 906 1460 941 λεγούσης
1474 906 1521 933 ἐπὶ
1537 907 1594 938 τοῖς
1609 906 1804 941 τολμηθεῖσιν,

1016 952 1229 987 ἐμϐριθέστερον
1249 953 1262 979 ὁ
1276 953 1362 987 μέγας
1376 952 1555 983 κονοσταῦλος
1570 953 1618 979 καὶ
1636 953 1707 984 θεῖος
1723 953 1807 979 αὑτός

1016 999 1062 1025 θεν
1085 1000 1215 1034 ἐπεῖχεν,
1244 999 1395 1026 ἐπιτάττων
1425 1000 1504 1034 σιγᾷν
1528 999 1684 1035 φοδουμένῃ
1703 1000 1741 1034 μὴ
1758 1001 1808 1026 καὶ

1016 1045 1085 1080 αὑτὴ
1102 1045 1202 1076 πάθοι,
1223 1046 1247 1072 ει
1265 1045 1303 1081 μὴ
1319 1045 1405 1080 σιγῲη
1417 1065 1426 1076 ,
1442 1046 1477 1071 τὰ
1491 1045 1593 1080 ὃμοια)
1606 1065 1614 1078 ,
1632 1061 1668 1066 —
1682 1045 1720 1077 ὡς
1740 1047 1808 1080 γοῦν

1016 1091 1205 1126 συνεχύθησαν
1220 1091 1340 1123 ἅπαντες
1352 1113 1360 1124 ,
1376 1092 1423 1118 καὶ
1441 1092 1531 1127 κύριοι
1547 1092 1593 1118 καὶ
1609 1091 1744 1127 ὑπηρέται
1760 1092 1807 1118 ἐπ’

1017 1136 1078 1171 ῐσης
1095 1135 1169 1172 είχον
1180 1137 1233 1163 τῶν
1254 1136 1390 1172 φοϐερῶν,
1404 1137 1521 1164 ἑκάστου
1542 1137 1688 1171 ζητοῦντος
1703 1137 1734 1163 τδ
1754 1137 1808 1162 σώ-

1016 1183 1132 1215 ζεσθαι,
1153 1183 1319 1218 ἀπαίρουσιν
1345 1183 1449 1209 ἐκεῖθεν
1478 1183 1577 1215 εὐθὺς,
1605 1184 1650 1216 ὲφ⁴
1670 1183 1683 1209 ὂ
1707 1191 1733 1208 τι
1757 1183 1807 1209 καὶ

1017 1227 1217 1262 παραγένοιντο
1230 1227 1267 1261 μὴ
1279 1227 1484 1262 φροντίσαντες.
1496 1227 1543 1253 καὶ
1552 1227 1600 1253 σὺν
1608 1227 1695 1253 οὐδενὶ
1708 1228 1805 1262 κόσμῳ

1016 1271 1174 1306 φεύγοντες.
1193 1271 1237 1306 Τῷ
1259 1271 1308 1306 μὲν
1328 1270 1434 1306 βασιλεῖ
1448 1271 1557 1306 ἀσφαλῆ
1581 1272 1660 1298 πλέον
1673 1271 1690 1306 ἢ
1706 1272 1806 1307 πρόκ-

1018 1325 1064 1353 ρον
1077 1317 1111 1344 τὰ
1125 1317 1174 1352 τῆς
1190 1317 1315 1352 φυλακῆς
1328 1317 1471 1351 ὲφιστῶσι,
1486 1317 1524 1353 μή
1537 1325 1563 1344 τι
1577 1318 1625 1344 καὶ
1637 1318 1803 1353 νεωτερισεῇ

1017 1363 1109 1390 πλέον.
1138 1363 1216 1390 Οὕτω
1244 1363 1433 1398 συγχυθέντων
1459 1363 1603 1396 ἁπάντων,
1629 1363 1742 1395 ἕκαστος
1770 1364 1806 1390 τὰ

1017 1408 1078 1435 καθ’
1094 1408 1206 1442 ἑαυτὸν,
1219 1407 1256 1441 ὡς
1273 1407 1329 1444 εἶχε
1341 1429 1348 1442 ,
1365 1408 1596 1444 κατησφαλίζετο.

1017 1465 1186 1497 aﬂ‘eclautes,
1201 1470 1229 1492 et
1240 1465 1338 1500 quovis
1354 1465 1444 1498 modo,
1463 1465 1512 1491 nisi
1527 1465 1567 1492 sic
1584 1465 1767 1499 prohiberentt
1781 1474 1805 1497 r,

1018 1511 1050 1538 ad
1066 1511 1234 1546 tyrannidem
1252 1510 1420 1545 perventuri,
1438 1510 1563 1537 militaris
1577 1511 1680 1536 ordinis
1692 1518 1808 1544 oppres-

177 1562 260 1582 ausus
275 1555 301 1581 itt
315 1554 408 1589 adyta,
425 1557 452 1580 et
468 1553 502 1579 ibi
519 1553 602 1580 multa
621 1553 801 1588 nequidquam
817 1560 965 1588 scrutatus,
980 1565 1003 1595 α
1018 1564 1095 1584 seres
1117 1556 1308 1588 detestabiles,
1335 1557 1500 1591 magicarunt
1522 1556 1622 1583 artium
1639 1557 1808 1584 clandestino

177 1603 321 1634 desperata
338 1599 493 1626 inventione
511 1599 639 1627 recedere
661 1600 784 1634 parabat.
805 1600 858 1628 Sed
879 1601 964 1628 fatum

177 1655 230 1675 non
246 1647 310 1674 sivit
323 1646 396 1674 illum
412 1646 526 1673 evadere
545 1646 692 1674 immunem
710 1647 801 1674 damni
819 1656 826 1674 :
848 1655 909 1675 nam
922 1655 967 1675 re-

177 1697 284 1727 sumpta
316 1696 429 1726 repente
455 1691 568 1718 Carolus
597 1691 735 1719 scrutandi
768 1699 832 1719 cura
859 1700 965 1719 sacram

179 1745 297 1765 mensam
319 1737 441 1767 subiens,
463 1741 491 1763 et
520 1736 572 1764 huc
594 1736 713 1772 illucque
727 1743 840 1765 versans
860 1738 964 1772 oculos,

176 1786 335 1820 depressum
361 1783 459 1811 subtus
487 1783 514 1810 itt
542 1790 630 1819 genua
660 1783 843 1811 miserrimum
870 1785 966 1819 depre-

178 1831 281 1864 hendit,
307 1837 358 1858 nec
373 1830 477 1857 distulit
499 1830 524 1856 itt
542 1837 604 1857 eum
629 1831 815 1858 trucidaturus
838 1831 964 1864 irruere,

185 1877 287 1904 frustra
303 1877 349 1904 illo
364 1877 538 1911 deprecante,
557 1881 585 1903 et
599 1881 731 1909 quanlutn
749 1877 829 1904 vellet
845 1878 887 1904 sui
903 1885 965 1904 san-

179 1924 268 1959 guinis
281 1922 412 1951 oll'erente
428 1922 556 1957 pretium,
568 1922 702 1956 siquidem
718 1922 788 1950 latro
805 1930 854 1950 nec
872 1923 966 1950 habitu

178 1969 309 2003 supplicis
326 1968 422 2000 ﬂexus,
439 1975 488 1995 nec
504 1968 591 2002 rigore
607 1967 690 1994 animi
707 1968 891 2002 magnitudine
903 1976 966 2003 pro-

180 2015 324 2046 missorum
344 2014 385 2042 vel
406 2014 542 2041 tantillum
559 2013 687 2046 infracto,
703 2015 797 2040 statim
815 2014 966 2048 apprehen-

178 2068 238 2087 ιιιιιιι
252 2056 368 2094 ρυςῶηθ
388 2058 517 2086 confecit.
535 2058 613 2091 Quod
629 2066 690 2085 cum
711 2067 773 2085 mox
788 2064 862 2086 esset
877 2059 966 2092 publi-

176 2110 272 2132 catnm
286 2125 293 2138 ,
310 2105 400 2132 nullus
421 2104 473 2131 fuit
487 2104 533 2138 qui
549 2111 582 2131 eo
596 2111 649 2131 non
663 2109 818 2132 accurreret
831 2112 862 2131 ac
885 2112 966 2139 supra

169 2157 253 2183 .stans
264 2151 377 2179 caderet
391 2158 508 2185 cumque
516 2149 677 2177 contumelia
686 2150 876 2177 couscinderet
893 2159 966 2178 utor-

179 2204 264 2225 tuum.
273 2197 400 2231 Adeoque
413 2196 486 2224 illum
496 2195 666 2223 membratim
680 2196 868 2227 cortcidcrunt,
879 2201 907 2223 ut
919 2197 965 2231 qui

1020 1602 1154 1630 maleﬁcio
1173 1602 1198 1629 in
1215 1606 1320 1638 patrem
1342 1602 1496 1637 Angustum
1518 1603 1647 1636 grassati,
1672 1602 1728 1628 ﬁlio
1756 1611 1807 1637 pu—

1019 1649 1084 1684 pillo
1110 1648 1201 1683 specie
1233 1647 1364 1675 custodiae
1403 1653 1430 1674 et
1462 1648 1623 1682 praestanda:
1653 1649 1807 1675 securitatis

1021 1694 1189 1727 insidiantes,
1202 1698 1231 1720 ut
1239 1701 1334 1728 poenas
1345 1693 1476 1720 dederunt
1486 1697 1564 1727 prout
1572 1694 1690 1728 oportuit
1699 1694 1776 1728 digra
1797 1694 1804 1721 l

1019 1745 1048 1768 ut
1063 1742 1123 1775 jure
1138 1748 1169 1767 ac
1184 1740 1280 1767 ttterito
1293 1739 1364 1774 quod
1376 1739 1467 1766 decuit
1484 1738 1585 1766 factum
1601 1740 1658 1766 est!
1680 1746 1717 1766 ut.
1731 1741 1773 1766 ηιιι
1786 1740 1806 1766 !i

1019 1794 1050 1814 ac
1064 1786 1161 1813 devoto
1176 1786 1281 1812 alacres
1300 1785 1401 1817 animo,
1422 1785 1480 1812 dira
1502 1785 1679 1812 scelestoruut
1698 1785 1807 1812 libera'i

1020 1830 1184 1867 tyrannide,
1217 1830 1335 1858 Domino
1366 1831 1493 1866 deinceps
1530 1831 1718 1858 serviemuslr
1745 1830 1808 1858 ll:ec

1019 1877 1100 1905 simul
1127 1877 1318 1911 loquebantur,
1349 1876 1430 1903 simul
1457 1876 1566 1911 impune
1590 1877 1663 1904 velut
1686 1884 1701 1904 e
1725 1876 1808 1912 My~is

1019 1924 1135 1959 pratdam
1147 1923 1343 1958 congerebant,
1361 1926 1472 1957 agentes
1496 1923 1668 1957 ierentesquc
1685 1929 1727 1950 res
1744 1924 1807 1957 opi-

1019 1977 1077 1996 tuas
1089 1977 1104 1997 e
1120 1969 1198 2003 plena
1211 1968 1381 1995 Muzalonnm
1396 1968 1487 1996 donto.
1500 1967 1561 1995 llaec
1573 1969 1600 1995 in
1613 1968 1683 1995 ltunc
1696 1968 1806 1995 modum

1019 2020 1083 2043 sunt
1106 2020 1184 2046 acta,
1215 2015 1324 2042 nemine
1351 2014 1401 2041 sibi
1429 2018 1532 2040 tantum
1558 2014 1729 2042 auctoritatis
1759 2021 1808 2042 aut

1020 2062 1117 2088 virittnt
1150 2061 1237 2087 inesse
1266 2063 1396 2094 pplante,
1442 2064 1545 2093 quanto
1574 2065 1646 2087 esset
1675 2067 1743 2094 opus
1772 2060 1807 2087 ad

1020 2107 1220 2142 reprimendum
1247 2105 1366 2132 furerent
1388 2105 1527 2132 elIrenata:
1550 2105 1742 2137 multitudinis,
1758 2104 1809 2133 ob-

1019 2153 1163 2187 standique
1176 2150 1353 2178 contumacia:
1364 2151 1450 2186 legum
1461 2156 1487 2177 et
1499 2150 1603 2184 imperii
1617 2151 1730 2184 vit‘lrit'i,
1744 2151 1808 2179 aliis

1020 2206 1113 2226 revera
1132 2196 1300 2229 timentibus,
1317 2196 1378 2223 aliis
1391 2195 1583 2223 simulantibus
1601 2195 1736 2223 tiumrcm.
1755 2197 1807 2222 Ar-

179 2245 275 2271 deinde
286 2243 400 2278 sepelire
415 2242 567 2274 voluerunt,
584 2247 695 2269 necesse
707 2241 850 2269 habuerint
861 2242 966 2270 laceros
983 2246 1004 2273 D
1019 2250 1145 2280 gumento
1170 2243 1205 2271 sit
1224 2243 1294 2276 quod
1312 2241 1511 2277 protovestiarii
1533 2248 1643 2268 uxorem
1661 2240 1715 2268 illic
1739 2248 1808 2274 prae-

180 2294 207 2318 et
217 2290 250 2317 ab
259 2290 371 2317 invicem
383 2289 512 2316 discissos
524 2292 598 2315 artus
613 2287 640 2314 in
654 2294 762 2315 saccum
773 2287 900 2322 colligere
916 2297 969 2323 quo

180 2336 214 2363 ad
239 2336 404 2370 sepulturam
424 2333 520 2361 eﬂ‘erre
534 2337 656 2368 possent.
674 2334 820 2368 Postquam
837 2341 901 2361 vero
916 2335 968 2361 int-

180 2389 273 2408 manes
287 2380 452 2415 sanguinarii
470 2380 523 2407 voti
535 2386 564 2407 se
577 2384 716 2413 compotes
740 2383 895 2413 perpetrato
917 2387 966 2407 au-

180 2421 326 2454 dacissimo
338 2425 440 2452 scelere
455 2424 592 2457 viderunt,
612 2429 668 2451 tum
683 2431 746 2451 vero
768 2424 883 2451 Sll'idel‘e
899 2425 967 2452 den-

180 2474 251 2501 tibus
276 2473 360 2500 iustar
377 2478 503 2507 aprorum
526 2470 718 2502 frendentium,
740 2475 770 2497 ut.
790 2478 870 2498 nemo
885 2472 966 2499 etiam

179 2520 336 2552 optimatum
348 2517 674 2553 autntagistralutln162
688 2524 770 2552 prope
793 2517 858 2550 ipsis
877 2523 967 2546 astare

167 2566 347 2596 'SUsltItcrct,
374 2564 458 2590 ntulto
480 2564 570 2590 miutts
600 2563 811 2597 reprehendere,
835 2569 880 2590 aut.
902 2563 965 2598 quid

182 2610 253 2643 passi
267 2616 354 2642 quove
373 2609 518 2643 instigante
530 2608 595 2636 talia
609 2608 731 2635 facerent
744 2616 850 2644 rogare.
871 2608 967 2638 Subito

180 2654 277 2681 deinde
301 2654 328 2681 itt
350 2655 422 2682 aedes
449 2655 607 2688 irruperunt
629 2653 852 2686 interfectorum,
877 2655 968 2689 ibique

181 2699 313 2733 quidquid
339 2701 436 2734 cuique
462 2699 533 2734 quod
560 2699 689 2734 placeret,
714 2705 887 2732 occurrerat,
912 2705 966 2727 tam

181 2753 276 2774 secura
293 2745 434 2773 ludibundi
459 2754 489 2773 ac
505 2746 622 2773 ridentes
639 2745 786 2772 elferebant
804 2746 916 2772 audacia
935 2754 968 2773 ac

183 2792 205 2818 si
223 2791 289 2818 nihil
313 2793 376 2819 novi
390 2792 559 2826 contigisset,
580 2792 606 2818 in
621 2799 667 2818 ore
684 2792 813 2818 habentes
828 2799 858 2819 ac
873 2793 966 2819 vrehro

183 2837 315 2865 iterantes
333 2842 502 2864 mortuorum
516 2844 620 2864 crttneu
638 2837 678 2864 his
690 2845 848 2872 expressum
861 2839 964 2864 Verbis:

186 2891 196 2910 ι
215 2883 312 2912 llostes
333 2887 359 2911 ct
382 2883 533 2918 proditores
557 2883 763 2918 itttpcralmum,
782 2883 964 2918 prilltill.l'.lllll

1020 2296 1134 2322 sentem,
1149 2294 1176 2316 et
1191 2295 1250 2323 quae
1265 2295 1314 2323 par
1331 2292 1389 2314 erat
1412 2287 1548 2314 videntem
1572 2286 1636 2313 talia
1659 2286 1808 2320 deploran-

1022 2341 1072 2364 tcnt
1087 2343 1119 2362 ac
1131 2335 1297 2370 loquentem,
1311 2341 1422 2368 magnus
1435 2332 1609 2360 conostaulus
1621 2332 1679 2367 ejus
1692 2338 1806 2365 patruus

1021 2382 1138 2416 graviter
1160 2380 1320 2414 increpitam
1337 2378 1468 2413 corripuit
1483 2383 1511 2406 et
1529 2379 1610 2406 silere
1622 2378 1715 2412 jussit,
1730 2383 1806 2404 tttctu

1020 2435 1053 2455 ne
1067 2431 1203 2461 pateretur
1214 2426 1271 2452 viro
1284 2425 1396 2456 similia,
1413 2424 1436 2451 si
1453 2424 1543 2451 verbis
1561 2424 1669 2451 irritare
1683 2423 1806 2450 furentes

1019 2476 1153 2507 pergeret.
1166 2470 1237 2505 Ergo
1248 2471 1374 2498 cohibitis
1387 2470 1414 2497 in
1425 2469 1531 2504 direpta
1545 2470 1624 2497 donto
1639 2469 1696 2504 pari
1709 2469 1807 2496 timore

1018 2519 1072 2553 63
1091 2518 1197 2546 cunctis
1225 2524 1300 2552 atque
1316 2516 1432 2544 dominis
1455 2521 1482 2543 et
1505 2515 1625 2548 famulis,
1641 2521 1805 2549 unoqquue

1019 2565 1046 2592 itt
1060 2565 1134 2592 lucro
1149 2568 1265 2598 ponente
1280 2562 1303 2590 si
1318 2562 1409 2590 salvus
1419 2562 1558 2593 evaderet,
1572 2561 1720 2588 abscedunt
1737 2561 1801 2592 inde

1019 2611 1139 2641 tandem,
1163 2608 1230 2635 nihil
1256 2608 1332 2643 pensi
1360 2608 1492 2634 habentes
1514 2615 1568 2641 quo
1597 2606 1742 2638 ferrentur,
1771 2613 1804 2632 ac

1018 2655 1093 2691 quasi
1110 2655 1243 2690 fugientes
1260 2653 1334 2680 ttullo
1358 2653 1463 2685 ordine,
1476 2652 1591 2687 principi
1609 2651 1716 2686 quidem
1732 2649 1801 2677 Val?-

1018 2702 1121 2729 diorem
1139 2707 1220 2736 quam
1244 2699 1320 2734 prius
1344 2698 1496 2726 custodiam
1515 2701 1666 2732 apponunt,
1686 2703 1718 2723 ne
1738 2696 1803 2730 quid

1018 2755 1050 2774 ex
1065 2754 1097 2774 eo
1109 2754 1186 2774 novae
1207 2746 1244 2773 rel
1262 2749 1355 2780 posset
1369 2751 1528 2778 exsurgere.
1545 2744 1590 2771 Sic
1603 2743 1721 2771 contusis
1732 2749 1784 2768 (un

1019 2793 1082 2826 ctis,
1097 2793 1285 2827 unusquisque
1299 2791 1439 2819 securitati
1455 2798 1487 2818 ac
1496 2790 1576 2818 saluti
1591 2790 1709 2826 propria:
1718 2796 1802 2824 quam

1019 2843 1127 2874 plllt‘ral
1141 2838 1350 2873 diligentissime
1366 2836 1488 2864 cavebat.
