1935 3071
149 134 201 166 499

753 135 911 164 GEORGII
933 136 1170 166 PACilYMEllE

1708 134 1760 166 500

148 191 296 223 νεάζοντες.
310 190 356 216 aut
368 190 553 223 Παλαιολόγοι.
566 189 667 223 Sirmi";
678 195 722 218 καὶ
736 192 871 222 Βατάτζαι
884 193 930 217 καὶ
945 196 965 222 Α
981 192 1032 226 κβ’.
1049 193 1148 225 Ὅπως
1167 190 1348 225 προετιμήοη
1366 193 1408 223 εἰς
1428 191 1516 218 τοῦτο
1541 191 1600 217 τῶν
1623 191 1725 218 ἄλλων
1742 191 1760 217 ὁ

148 238 173 264 οἱ
187 236 232 262 τοῦ
241 235 319 268 Φιλῆ,
329 232 366 261 ὄιν
377 235 390 259 ὁ
405 235 497 270 πατὴρ
507 236 644 271 θεὸδωρος
655 237 808 271 τετύφλωτο
819 237 866 263 καὶ
880 236 929 262 αὑ-

148 283 192 312 φὸς
209 281 258 307 σὺν
273 280 310 315 τῷ
326 280 558 316 Στρατηγοπούλῳ
571 283 619 315 τῆς
635 282 720 315 αὐτῆς
742 283 837 317 ἐκείνῳ
851 282 931 316 χάριν

149 327 248 358 αἰτίας,
261 327 309 352 σὺν
325 326 524 360 Καϐαλλαρῑοις
534 336 563 353 τε
577 328 601 354 οἱ
611 327 761 361 Νοστόγγοι
774 326 822 353 καὶ
836 328 860 353 οἱ
872 328 930 353 Κα-

150 373 261 407 μύτζαι,
276 371 325 399 σύν
337 380 366 397 τε
379 374 427 399 καὶ
441 373 584 406 ’Λπρηνοῖς
597 373 643 398 καὶ
655 372 792 405 ’Δγγέλοις
806 372 830 398 οἱ
846 372 931 398 Λιϐί-

149 418 247 453 δάριοτ,
261 419 474 453 Ταρχανειῶται,
484 418 705 453 Φιλανορωπηνοῖ
718 418 764 445 καὶ
777 419 801 444 οἱ
812 418 932 451 εὐγενεῖς

148 463 388 498 Καντακουζηνοὶ,
405 464 451 489 καὶ
466 464 523 489 ὅτοι
548 463 624 490 ἄλλοι
640 461 679 493 οἷς
703 463 720 497 ἡ
746 462 930 497 μεγαλογενὴς

150 510 228 543 σειρὰ
239 510 285 534 καὶ
295 509 382 544 χρυσῆ
393 509 607 544 συγκεκρότητο.
625 509 655 534 ’0
666 508 758 543 μέντοι
771 516 801 542 γε
811 508 930 541 Νοστόγ-

148 562 195 588 γος
211 554 345 588 Γεώργιος
364 554 412 581 καὶ
426 554 693 589 προσεφιλοτιμεῖτο·
713 553 856 587 ὲκυδροῦτο
877 553 931 588 γὰρ

149 599 203 626 τῶν
217 599 303 626 ἄλλων
321 600 360 631 εἰς
375 600 453 633 κῆῑοι
473 599 611 634 βασιλικὸν
625 598 842 634 προτιμώμενος.
866 599 922 625 Καὶ

150 645 204 681 γὰρ
219 645 258 672 ἔτι
276 646 329 678 ζῶν
344 645 357 671 ὁ
369 646 476 680 κρατῶν
493 644 624 680 ἁρμόζειν
635 646 675 676 εἰς
687 645 775 678 γάμον
789 644 864 679 αὐτῷ
881 644 931 679 τὴν

150 690 232 717 παῖδα
246 691 290 717 διὰ
305 690 404 725 βῡυλῆς
422 690 490 726 ἔχων
505 691 613 722 πολλοῖς
629 691 674 717 καὶ
692 690 782 722 ἄλλοις
805 690 930 716 ἐπίστευε

150 738 200 772 τὴν
218 736 316 771 βουλὴν
330 756 338 768 ,
357 736 409 769 κᾶν
430 736 549 771 ἐπλήρου
570 737 616 762 καὶ
637 735 668 761 τὺ
686 736 863 770 συνάλλαγμα
875 755 882 766 ,
907 736 930 761 εἰ

152 780 190 816 μή
209 789 240 814 γε
256 779 297 816 Ι[Ρ
309 779 356 814 38]
382 780 496 811 θάνατος
517 780 555 814 τῷ
580 779 685 815 βασιλεῖ
704 779 825 806 ἐπελθὼν
843 781 929 814 ὲμπο-

151 826 204 853 δὼν
229 826 294 861 ἔστη
315 827 348 862 τῇ
371 826 479 861 πράξει.
504 827 571 853 Τότε
598 824 709 858 δάὗθις
729 825 930 861 ὲ¹πιθαρῤοὖντα

1260 227 1475 260 Παλιιιολόγος.
1725 260 1729 265 Ι

1016 281 1090 312 Τέως
1104 289 1135 314 γε
1151 282 1215 316 μὴν,
1230 281 1291 307 ἐπεὶ
1306 281 1355 308 οὐκ
1372 278 1405 316 ἦν
1421 280 1651 316 ἀνεπιτρόπευτον
1666 279 1756 314 μένειν

981 327 1025 352 τὸν
1049 326 1176 360 βασιλέα,
1198 326 1228 352 ὲν
1248 326 1357 360 ἀφήλιξι
1376 326 1575 361 γνωριζόμενοι
1593 325 1641 352 καὶ
1658 325 1760 352 ἁπαλὸν

981 370 1048 406 ἦτορ
1073 371 1209 406 φέροντα,
1237 371 1411 402 συνελθόντες
1434 371 1491 406 ἃμα
1511 371 1536 396 οἱ
1561 371 1590 396 ἐν
1612 371 1684 396 τέλει
1713 369 1760 396 καὶ

982 417 1192 451 βουλευσάμενοι
1207 417 1243 448 ὡς
1258 416 1308 442 οὐκ
1323 417 1442 450 ἀσφαλὲς
1457 417 1517 451 δίχα
1532 417 1581 450 τῆς
1597 414 1761 449 Ἐκκλησίας

982 463 1028 488 καὶ
1045 462 1091 488 τοῦ
1110 462 1211 497 ταύτης
1227 462 1398 497 προεστῶτος
1414 462 1564 497 (Ἂρσένιος
1580 461 1602 488 δ’
1615 458 1691 492 οὗτος
1711 458 1761 495 ἦν)

982 506 1113 541 καθιστᾷν
1126 507 1161 533 τὰ
1176 507 1288 533 τοιαῦτα
1298 526 1305 538 ,
1321 506 1390 541 προς
1404 507 1454 541 μὲν
1468 507 1513 532 τὸν
1526 505 1555 537 ἐξ
1568 504 1762 540 Λύτωρειανῶν

982 551 1155 587 πατριάρχην
1184 551 1323 587 πέμπουσι
1351 552 1400 586 τὴν
1427 552 1557 586 ταχίστην
1594 550 1762 585 μετακαλού-

984 605 1059 632 μενοι
1084 597 1236 632 Νικαίηοεν
1262 597 1375 628 τοῦτον,
1400 597 1490 624 αὐτῶν
1509 597 1536 623 δὲ
1565 597 1625 622 καθ’
1651 597 1761 637 satu-reb;

982 642 1025 678 ἐφ’
1055 643 1174 678 ἡμέραις
1203 643 1442 678 διασκεπτομένων
1462 663 1469 675 ,
1505 643 1585 669 ἄλλον
1613 643 1694 670 ἄλλου
1724 642 1763 672 εἰς

982 688 1148 723 κηδεμονίαν
1165 689 1211 714 τοῦ
1234 688 1368 723 βασιλέως
1388 688 1579 724 προκρίνοντος
1593 710 1600 720 ,
1618 688 1694 719 τέλος
1717 687 1763 714 ὲτὶ

981 734 1020 768 τῷ
1036 734 1144 768 ῥηθέντι
1161 734 1338 769 Παλαιολόγιρ
1354 735 1370 769 ἠ
1392 734 1468 770 κοινὴ
1490 734 1571 769 βουλὴ
1587 734 1709 768 καταντᾷ
1728 733 1764 763 ὡς

982 780 1066 807 αὑτοῦ
1081 789 1113 814 γε
1127 781 1174 807 καὶ
1192 780 1273 815 μόνου
1290 782 1366 816 παρὰ
1386 781 1448 811 τοὺς
1463 780 1560 812 ἄλλους
1583 779 1677 806 ἱκανοῦ
1698 778 1766 813 πρὸς

982 827 1062 853 τοῦτο
1078 827 1225 861 φανέντος”
1253 828 1334 862 εἰπερ
1347 827 1402 862 γὰρ
1418 827 1497 854 ἄλλον
1508 847 1516 859 ,
1539 825 1766 860 στρατηγικώτα-
1796 846 1799 848 .

150 873 208 903 ’τοῖς
230 872 411 906 ἐγνωσμένοις
426 872 464 903 ὡς
484 873 532 898 καὶ
551 872 631 898 πάλιν
646 873 738 906 τυχεῖν
755 871 829 897 ἔσται
845 871 870 897 οἱ
885 870 932 896 τοῦ
949 861 968 887 Β
984 881 1030 898 τον
1055 869 1124 898 εἶναι
1144 871 1189 897 τὸν
1212 871 1297 907 ἄνδρα
1309 861 1323 903 ,7
1336 872 1382 898 καί
1400 872 1424 898 οι
1443 872 1475 897 ὲκ
1499 870 1614 897 παλαιοῦ
1630 869 1766 903 σῦταρκες

152 918 249 952 κήδους
264 917 335 951 μέγα
351 918 458 952 φρονεῖν
476 918 492 952 ὴ
507 918 584 948 ἐλπὶς
605 918 701 949 ἐποίει,
718 919 764 944 καὶ
782 917 932 950 κατηλαζο-

152 965 246 990 νεῦετο
267 964 334 998 προς
356 964 419 995 τοὺς
435 964 547 996 ἄλλους,
564 964 611 990 καὶ
628 964 729 998 μᾶλλον
751 963 797 989 τὸν
820 963 934 989 αὐτανέ-

152 1009 231 1043 ψιον,
253 1009 282 1040 ὃς
302 1007 336 1044 ἦν
358 1010 372 1035 ὁ
396 1009 483 1043 μέγας
508 1004 705 1040 κονοσταῦλος,
733 1007 934 1042 διαφιλοτιμού-

155 1063 246 1088 μενος.
263 1055 344 1081 Ὅθεν
358 1055 408 1081 κὰν
424 1055 480 1085 τοῖς
498 1054 648 1088 βασιλικοῖς
663 1053 821 1088 προαυλιοις
836 1052 934 1088 ἀνέδην

153 1099 279 1135 ίσκήνει,
300 1100 346 1126 καὶ
365 1098 426 1126 καθ’
448 1098 546 1134 ἡδονὴν
567 1098 710 1133 διατριϐῆς
736 1097 934 1132 ἱππαζομένοις

152 1146 208 1176 τοῖς
231 1146 358 1180 ἄρχουσιν
386 1145 432 1171 ἐπὶ
460 1145 564 1171 κοντῶν
590 1143 719 1178 συντριϐῇ
746 1143 761 1178 ἢ
788 1144 836 1169 καὶ
864 1143 935 1169 κατὰ

154 1190 278 1224 παίγνιον
297 1190 411 1225 σύνηθες
423 1190 498 1224 σφίσι
516 1190 565 1224 τῆς
581 1190 698 1224 σφαίρας
711 1191 741 1216 ὲκ
751 1190 869 1224 μεγάλου
887 1189 933 1215 τοῦ

154 1237 272 1272 θάρρους
295 1236 479 1268 συνιππάξετο
501 1236 547 1262 καὶ
563 1236 734 1268 συνέπαιζεν,
760 1235 843 1269 ἐγγὺς
861 1237 935 1262 ἱστα-

156 1281 251 1317 μέναις
271 1282 317 1308 καὶ
339 1281 456 1317 ὁρώσαις
480 1283 538 1313 ταῖς
554 1281 688 1316 ﬁas-Ms»
703 1281 934 1333 ἐπιδξικνύμενος.

155 1369 271 1396 Batalzae
285 1373 313 1396 et
337 1369 420 1395 Pltilis
436 1368 499 1400 lilii.
523 1375 637 1402 quorum
660 1375 757 1403 parens
780 1368 936 1396 Theodorus

154 1421 214 1442 cum
228 1414 417 1448 Strategopuio
427 1414 547 1441 eamdem
561 1415 594 1442 ob
604 1421 711 1442 causam
724 1419 874 1442 excaecatus
885 1421 936 1447 est,

154 1463 258 1486 etcum
279 1458 437 1486 Caballariis
456 1458 584 1493 Nostongi
609 1467 639 1486 ac
661 1460 806 1494 Camytzre,
829 1465 855 1487 et
876 1467 936 1487 cum

155 1505 269 1539 Aprcnis
285 1509 366 1538 atque
381 1505 488 1540 Angelis
503 1505 650 1538 Libadarii,
665 1505 860 1538 Tarcltaniolat,
876 1506 937 1533 ΡΙιί-

157 1551 327 1584 lanthropeni
349 1555 375 1577 et
389 1551 492 1578 nobiles
505 1551 700 1584 Cantacuzenl;
718 1557 772 1578 tum
788 1552 810 1579 si
825 1553 868 1587 qui
881 1554 938 1585 alii,

156 1596 254 1631 quibus
270 1595 312 1622 illa
330 1597 470 1630 magnifica
494 1597 580 1624 series
595 1602 620 1624 et
636 1598 714 1632 quasi
733 1606 812 1625 aurea
828 1599 938 1626 nobilis-

155 1642 284 1668 simorum
311 1648 452 1675 procerum
482 1649 580 1669 corona
608 1643 758 1670 constabat.
786 1643 939 1679 Nostougus

157 1688 227 1714 inter
242 1694 288 1714 cos
303 1686 435 1722 Georgius
458 1688 811 1716 :cmnlationis‘communis
830 1691 937 1717 modum

156 1733 286 1767 peCuliari
296 1733 450 1759 ambitionis
459 1734 610 1768 arrogantia
623 1735 775 1768 superabat,
784 1743 814 1763 eo
825 1737 938 1763 maxime

157 1778 184 1804 in
210 1777 361 1812 superbiam
380 1778 465 1804 elatus
481 1779 550 1812 quod
575 1779 720 1812 imperator
742 1780 830 1807 adhuc
847 1781 939 1808 vivens

156 1822 237 1849 ﬁliam
262 1822 298 1848 illi
322 1821 454 1849 collocare
478 1823 502 1848 in
529 1823 700 1850 matrimonio
724 1825 888 1858 decreverat,
912 1831 938 1852 et

157 1867 256 1894 multos
273 1867 348 1894 istius
365 1867 405 1894 sui
422 1867 526 1894 consilii
547 1869 692 1903 participes
710 1871 820 1902 iecerat,
835 1875 859 1896 et
882 1878 939 1897 om-

157 1913 221 1939 nino
238 1911 413 1938 mandaturus
427 1913 593 1939 exsccutioni
610 1921 665 1940 rem
690 1921 748 1941 eam
767 1915 863 1948 fuerat,
887 1916 938 1942 nisi

157 1962 245 1984 morte
275 1957 369 1984 fuisset
397 1963 609 1992 praeoccupatus.
641 1958 725 1986 Porro
752 1965 815 1988 tunc
850 1961 938 1988 adhuc

157 2002 287 2037 Georgqu
303 2003 330 2029 in
349 2009 379 2028 ca
398 2006 521 2037 perstans
545 2003 639 2031 lidueia
664 2005 833 2038 perﬁciendae
859 2006 938 2040 hujus

159 2048 295 2075 affinitatis
308 2048 364 2083 jam
381 2053 442 2075 ante
458 2050 608 2081 destinatae,
631 2050 680 2077 ista
703 2051 759 2084 ipsa
781 2059 828 2085 spe
853 2051 878 2078 in
897 2057 939 2079 tu-

159 2100 261 2120 morem
280 2100 331 2119 non
349 2093 482 2120 modicum
504 2092 656 2125 inﬂabatur,
671 2101 731 2121 cum
749 2095 814 2122 alios
824 2097 939 2131 superbe

157 2139 320 2174 despiciens,
343 2143 398 2165 tum
416 2139 501 2173 ipsum
525 2139 640 2166 maxime
659 2144 780 2174 nepotem
797 2148 829 2168 ex
845 2148 938 2169 sorore

156 2191 282 2218 magnum
298 2183 483 2211 conostaulum
500 2184 672 2217 impotentius
687 2186 827 2213 temulans.
849 2187 937 2219 Quare
953 2199 975 2226 ι)

156 2230 185 2257 in
201 2230 277 2256 atriis
288 2229 453 2264 imperatorii
467 2229 559 2264 palatii
571 2237 639 2257 vane
649 2238 680 2258 ac
695 2231 865 2266 impudenter
878 2239 939 2260 sese

154 2274 283 2309 jactabat,
299 2275 367 2302 adeo
381 2279 410 2301 ut
431 2281 483 2302 non
499 2274 636 2303 dubitaret
655 2276 804 2310 puerilibus
826 2277 938 2312 Augusti

156 2319 228 2346 ludis
244 2326 275 2346 se
298 2320 460 2352 immiscere,
481 2320 640 2348 collusorem
664 2328 694 2348 se
716 2321 831 2357 principi
848 2323 939 2350 obtru-

111 2386 113 2391 ι
156 2367 235 2398 dens,
246 2370 274 2392 et
287 2372 348 2392 eum
364 2373 397 2393 eo
417 2366 496 2393 simul
517 2367 641 2401 equitans
655 2366 682 2394 in
701 2368 849 2401 arundine,
865 2369 939 2403 pari-

110 2415 112 2418 '
157 2415 262 2444 terque,
289 2414 318 2437 ut
344 2410 451 2437 solitum
478 2411 542 2443 illis,
570 2412 624 2445 pila
648 2412 703 2447 66
728 2412 837 2445 ludens,
863 2418 887 2440 et
912 2413 938 2440 in

156 2455 258 2482 similes
281 2455 339 2489 ejus
355 2455 443 2483 aetatis
458 2455 632 2484 remissiones
649 2464 708 2484 sese
723 2457 847 2492 ingerens
862 2457 940 2484 fami-

155 2499 274 2528 liaritate
292 2501 373 2528 nimis
387 2502 491 2534 audaci,
505 2503 597 2537 sicque
609 2510 669 2530 sese
685 2503 784 2539 reginis
800 2504 938 2531 sororibus

156 2546 327 2580 imperatoris
342 2554 431 2574 coram
448 2555 463 2575 e
484 2549 633 2582 propinquo
650 2548 834 2583 spectantibus
846 2551 937 2577 vendi-

156 2595 216 2619 tans
229 2599 296 2620 vano
309 2593 426 2627 gloriolae
439 2595 552 2629 pruritu.

156 2667 200 2695 22.
231 2668 265 2695 Ut
276 2670 402 2708 prwlqtm
417 2673 517 2698 caeteris
532 2673 696 2708 Paltrologus
715 2675 807 2708 fuerit,
830 2674 938 2701 deman-

342 2706 404 2732 data
424 2707 447 2733 ei
477 2709 557 2734 tutela
574 2706 746 2742 imperatoris.

192 2768 287 2797 Verum
301 2772 439 2799 enimvero
454 2780 514 2800 cum
529 2773 628 2801 diutius
644 2781 694 2801 non
710 2780 799 2808 posset
811 2775 936 2805 parvulus

156 2813 301 2843 ltnoeralor
325 2817 349 2843 in
374 2821 426 2844 tam
450 2818 580 2846 imbecilla
604 2827 635 2847 ac
656 2825 746 2848 tenera
764 2825 843 2849 actate
866 2823 934 2850 certi

986 915 1055 944 εἷναι
1072 917 1101 943 τὸ
1115 917 1240 951 εὐγενὲς,
1255 917 1302 943 καὶ
1317 917 1409 952 τρίτον
1423 916 1454 943 τδ
1467 916 1535 951 πρὸς
1551 916 1596 942 τὸν
1613 914 1767 950 κρατοῦντα

988 962 1119 996 συγγενὲς
1136 961 1194 996 ἅμα
1211 961 1261 997 μὲν
1283 962 1406 994 αὐτόθεν,
1425 962 1482 997 ἅμα
1498 961 1527 987 δὲ
1543 961 1589 987 καὶ
1606 961 1638 987 ὲκ
1651 960 1701 996 τῇς
1718 968 1765 985 συ-

987 1007 1070 1042 ζύγου
1090 1007 1155 1042 (τῆς
1174 1007 1225 1043 μὲν
1242 1007 1295 1043 γὰρ
1312 1007 1439 1042 δεύτερος
1459 1006 1621 1042 αὐτανέψιος
1644 1004 1696 1041 ἦν.
1719 1005 1766 1032 τοῦ

987 1054 1015 1080 δὲ
1031 1053 1158 1088 δευτέρου
1175 1053 1340 1088 αὑτανεψίου
1353 1053 1427 1086 υἱὸς)
1442 1053 1542 1088 πολλὴν
1556 1054 1680 1088 ἐμποιεῖν
1693 1051 1770 1086 αὐτῷ

987 1098 1035 1132 τὴν
1059 1099 1099 1128 εις
1120 1098 1151 1124 τὸ
1174 1097 1354 1132 κηδεμονικὸν
1378 1097 1426 1124 τοῦ
1449 1097 1581 1132 βασιλέως
1603 1097 1678 1132 παρὰ
1705 1098 1768 1127 τοὺς

988 1143 1084 1174 ἄλλους
1108 1143 1270 1178 ἐκχώρησιν.
1288 1143 1369 1170 Ἀλλὰ
1392 1143 1426 1170 τὰ
1449 1144 1498 1178 μὲν
1522 1143 1626 1169 ἐκείνου
1647 1142 1714 1178 πρὸς
1739 1142 1769 1168 τὺ

989 1188 1173 1224 προτιμᾶσθαι
1192 1189 1244 1215 τῶν
1268 1189 1356 1215 ἄλλων
1372 1188 1464 1214 δίκαια
1478 1188 1553 1214 ταῦτ’
1569 1185 1639 1222 ἦσαν
1653 1207 1660 1218 ,
1686 1187 1733 1213 καὶ
1755 1187 1770 1212 ὁ

989 1234 1059 1269 ὑπὲρ
1088 1234 1192 1260 ἐκείνου
1214 1234 1302 1268 λέγων
1326 1234 1413 1261 ταῦτα
1436 1234 1636 1268 προύΰάλλετο·
1656 1233 1770 1268 παρέχει

989 1279 1016 1304 δὲ
1043 1279 1090 1305 καὶ
1114 1280 1143 1305 τδ
1167 1279 1238 1310 εἰκὸς
1261 1279 1362 1306 ἐννοεῖν
1386 1278 1424 1311 ὼς
1448 1279 1575 1309 κάκεῖνος
1599 1278 1629 1304 τδ
1653 1278 1769 1313 πρᾶγμα

990 1368 1088 1394 tutoris
1110 1366 1277 1401 providentia
1302 1367 1446 1394 destitutus
1468 1366 1592 1401 relinqui.
1607 1367 1639 1394 ad
1657 1366 1772 1394 electio-

990 1419 1050 1439 nem
1076 1412 1130 1447 apti
1155 1412 1188 1439 ad
1211 1412 1238 1439 id
1265 1419 1361 1440 muntts
1386 1417 1514 1440 coeuntes
1541 1419 1636 1447 magno
1661 1419 1773 1440 numero

991 1457 1116 1492 prmcipni
1139 1457 1237 1492 quique
1257 1457 1432 1492 magistratus
1452 1462 1532 1492 atque
1555 1457 1624 1485 anim
1645 1465 1772 1492 proceres

991 1507 1053 1529 ante
1068 1503 1156 1529 omnia
1172 1503 1347 1530 decreverunt
1363 1503 1567 1537 haudquaquam
1584 1508 1670 1530 tutum
1686 1504 1770 1531 videri

991 1553 1063 1574 tanta
1080 1549 1112 1575 de
1129 1556 1156 1575 re
1176 1552 1293 1575 statuere
1305 1548 1364 1575 sine
1378 1548 1442 1575 clcri
1456 1553 1483 1576 et
1497 1548 1622 1576 Ecclesia.-
1639 1556 1771 1576 consensu

990 1594 1100 1628 ejusque
1125 1593 1238 1621 consilio
1261 1601 1293 1621 ac
1320 1598 1386 1621 nutu
1411 1594 1456 1628 qui
1476 1595 1556 1622 rebus
1581 1595 1772 1623 ecclesiasticis

990 1643 1053 1666 tunc
1080 1644 1194 1673 praeerat
1214 1639 1248 1674 (is
1265 1644 1324 1667 erat
1339 1639 1491 1675 Arsenius).
1509 1641 1599 1675 Itaque
1623 1649 1670 1674 per
1682 1642 1772 1669 Exau-

991 1685 1154 1712 torianorutn
1169 1686 1350 1719 patriarcltatn
1366 1685 1441 1713 illum
1458 1693 1490 1713 ex
1506 1687 1571 1714 urbe
1587 1686 1673 1714 Nicaea
1685 1688 1772 1714 curri-

989 1730 1050 1758 culo
1070 1735 1222 1758 accersunt.
1237 1731 1288 1765 Ipsi
1303 1738 1366 1758 vero
1383 1732 1490 1759 interim
1506 1732 1577 1759 serio
1595 1732 1621 1759 in
1641 1732 1773 1760 delibera-

990 1776 1090 1803 tionem
1114 1777 1229 1811 ingressi
1244 1781 1304 1812 post
1322 1777 1433 1804 multam
1450 1781 1476 1804 et
1493 1781 1623 1806 attentam
1646 1778 1772 1814 diSquisi-

990 1821 1090 1848 tionem
1108 1821 1373 1856 disceptationesque
1395 1822 1496 1855 varias,
1514 1823 1566 1850 alio
1580 1824 1660 1851 alium
1675 1824 1771 1858 pratic-

991 1874 1075 1900 rente,
1094 1869 1199 1896 tandem
1226 1869 1251 1896 itt
1277 1878 1336 1897 eam
1361 1871 1519 1898 sententiam
1535 1871 1627 1907 majori
1643 1879 1675 1899 ex
1697 1877 1771 1906 parte

990 1914 1152 1941 conveniunt
1182 1922 1242 1947 qua:
1275 1922 1367 1942 curam
1397 1915 1567 1950 imperatoris
1594 1924 1626 1943 ac
1661 1916 1771 1943 tutelam

990 1958 1086 1991 saepius
1099 1963 1249 1986 memorato
1261 1967 1356 1994 magno
1367 1960 1523 1988 conostaulo
1535 1960 1685 1995 Palasologo
1696 1969 1772 1988 com-

991 2003 1149 2030 mittendam
1173 2004 1300 2032 censebat
1315 2012 1322 2031 :
1336 2005 1421 2032 videri
1436 2005 1507 2033 enim
1524 2006 1597 2033 illum
1619 2014 1701 2034 unttm
1717 2015 1772 2043 prce

989 2048 1093 2081 cunctis
1104 2049 1214 2082 reliquis
1224 2049 1322 2076 adeam
1334 2057 1389 2076 rem
1404 2050 1528 2077 idoneum
1543 2052 1667 2085 maxime,
1678 2058 1772 2088 utpote

989 2094 1076 2121 virum
1106 2093 1202 2121 fortem
1229 2098 1257 2121 et
1282 2094 1321 2121 rei
1347 2095 1471 2123 militaris
1493 2096 1771 2132 cxperientissimum,

989 2140 1085 2174 euique
1099 2139 1198 2167 all'atim
1215 2145 1371 2175 suppeteret
1386 2142 1502 2176 antiquas
1517 2142 1672 2170 nobilitatis.
1688 2144 1773 2171 Acce-

990 2185 1070 2212 debat
1090 2185 1170 2212 tcrtio
1192 2185 1253 2212 loco
1274 2186 1423 2213 domestica
1444 2187 1584 2221 sanguinis
1602 2189 1772 2216 necessitudo

990 2237 1050 2257 cum
1066 2230 1274 2265 imperatoribus
1290 2238 1340 2258 avo
1351 2235 1377 2258 et
1392 2237 1468 2266 patre
1480 2232 1607 2267 principis
1623 2235 1771 2268 regnantis,

989 2282 1021 2303 et
1036 2280 1150 2310 utraque
1166 2276 1248 2310 stirpe
1271 2281 1380 2310 paterna
1400 2281 1584 2312 maternaque.
1598 2278 1665 2306 Nam
1680 2281 1772 2315 Augu-

989 2326 1039 2349 sta
1049 2321 1156 2355 quidem
1167 2329 1309 2356 pronepos,
1322 2329 1355 2350 ex
1368 2322 1542 2358 imperatoris
1552 2331 1615 2351 vero
1625 2330 1773 2359 pronepote

990 2371 1070 2394 natus
1083 2370 1150 2394 erat.
1167 2366 1215 2395 His
1231 2375 1294 2395 vere
1316 2361 1496 2397 ﬁrmamentis.
1515 2369 1652 2397 nitebatur
1666 2370 1771 2398 Palam-

989 2412 1040 2446 Ιοεί
1066 2419 1146 2447 spes,
1171 2419 1256 2447 eaque
1284 2413 1416 2449 allegabat
1441 2414 1609 2449 potissimum
1641 2417 1685 2450 qui
1712 2417 1771 2451 ejus

989 2457 1149 2484 electionem
1174 2458 1304 2485 suadebat
1325 2464 1431 2493 orator,
1448 2459 1599 2488 Verisimile
1621 2466 1708 2489 tamen
1728 2469 1771 2490 est

989 2502 1059 2530 haud
1074 2503 1154 2538 plane
1166 2503 1208 2530 bis
1220 2504 1386 2538 argumentis
1399 2506 1529 2533 conlisum
1543 2515 1615 2539 eum,
1630 2513 1727 2542 praeter
1738 2516 1768 2535 ea

987 2555 1047 2581 qua:
1070 2549 1158 2582 palam
1179 2550 1327 2584 agebantur
1349 2550 1404 2586 67
1427 2551 1650 2587 dicebanturque,
1675 2554 1769 2580 admo-

987 2594 1059 2621 visse
1080 2595 1234 2621 clanculum
1263 2603 1377 2623 arcanas
1400 2601 1472 2624 artes
1495 2599 1670 2632 corrogandis
1693 2600 1767 2626 varia

988 2639 1120 2666 industria
1136 2639 1271 2675 suifragiis
1289 2640 1438 2675 studiisque
1458 2642 1586 2670 velitirari
1608 2643 1665 2678 ejus
1681 2643 1768 2670 ambi-

988 2685 1053 2712 tioni
1080 2685 1243 2718 valentium,
1272 2687 1391 2721 qualium
1416 2688 1515 2716 multos
1540 2693 1650 2723 putatur
1671 2689 1768 2724 atuplis

986 2731 1037 2759 sibi
1059 2732 1282 2766 prontissiouibns
1306 2733 1478 2768 adjnnxisse,
1503 2735 1652 2768 praesertim
1676 2742 1709 2762 ex
1735 2735 1769 2762 iis

987 2777 1033 2811 qui
1056 2778 1166 2811 nuperis
1184 2777 1251 2804 aultn
1273 2780 1478 2812 tempestatibus
1491 2779 1625 2814 jacturam
1649 2780 1769 2814 dignita-

988 2828 1045 2851 tum
1060 2822 1187 2850 iecerant.
1206 2822 1238 2849 Et
1253 2824 1364 2851 suberat
1375 2832 1454 2853 causa
1468 2833 1516 2854 cur
1527 2827 1696 2854 occasionem
1712 2834 1766 2853 non
