1935 3071
194 145 248 177 503

804 148 959 180 GEORGH
981 146 1188 181 P:\CllY.iiEIl
1201 152 1221 180 E

1766 152 1818 184 5H

190 196 288 233 p694;
304 198 334 226 τὺ
354 198 493 234 βασιλικὸν
512 199 604 233 ἔλεος,
625 201 654 228 τδ
680 202 772 229 λοιπὸν
797 203 853 230 τῶν
873 204 980 238 χρημά-
998 206 1018 232 Α
1033 204 1059 230 τί
1076 204 1129 239 γὰρ
1146 205 1159 230 ὁ
1177 205 1224 231 τοῦ
1239 204 1360 239 Χριστοῦ
1377 204 1458 239 νόμος
1473 205 1538 232 ἄλλο
1555 205 1820 240 βούλεταιόδιδόναι

195 252 251 270 των
275 246 331 276 τοῖς
360 245 497 280 ταμιείοις
525 247 767 282 ὲντεοησαύριστο.
797 247 834 274 Τὸ
855 249 909 283 γὰρ
934 250 982 275 ἐπὶ

197 289 291 325 Κύρου
306 290 353 317 καὶ
368 291 486 326 Δαρείου
501 291 532 318 τὸ
546 293 631 318 πάλαι
647 293 795 328 λεγόμενον
811 294 854 320 ἐπ’
868 294 983 326 ἐκείνοις

194 335 326 369 ἄντικρυς
339 333 390 370 ἦν,
408 337 454 364 καὶ
470 338 483 364 ὁ
502 339 551 372 μὲν
574 339 699 373 Ἰωάννης
715 340 808 374 πατὴρ
825 340 982 376 Ῥωμαίων,

195 381 209 406 ὁ
223 380 246 406 δ’
259 379 293 407 αὖ
307 381 445 418 Θεόδωρος
459 383 591 419 δεσπότης
606 385 826 419 ἐπωνομάζοντο.
846 387 892 418 Et;
906 387 983 413 τόσον

197 428 243 453 καὶ
259 428 313 462 γάρ
328 429 341 455 ὁ
358 428 407 463 μὲν
425 429 551 466 Ἰωάννης
565 432 795 466 προμηθευτικῶς
811 433 865 464 τοῖς
881 431 984 460 ἅπασιν

196 471 281 508 εἶχεν,
299 473 369 500 ὥστε
388 475 435 501 καὶ
452 476 522 503 ἰδίαν
536 477 665 510 πρόνοιαν
682 478 734 513 τῆς
749 477 892 514 βασιλικῆς
907 478 983 511 ἐξου-

197 517 257 548 σίας
287 519 320 545 τὰ
353 519 489 555 λεγόμενα
517 522 697 556 ζευγελατεία
730 524 885 559 ἡγούμενος
917 525 984 560 παρ’

198 564 313 592 ἕκαστον
335 566 454 602 κάστρον
477 569 524 595 καὶ
548 569 678 604 φρούριον
698 569 794 605 κώμας
813 571 859 597 ἐπὶ
879 570 985 602 τούτοις

197 611 314 646 καθίστη
326 632 333 645 ,
350 613 393 647 ἐφ’
406 610 483 649 ᾧπερ
505 616 537 642 ἐκ
557 615 608 650 τῆς
623 616 735 643 ἐκείνων
751 617 920 653 ἐπικαρπίας
936 620 985 644 καὶ

198 657 328 692 εἰσφορᾶς
345 661 504 694 σιταρκοίτο
515 661 564 695 μὲν
575 662 623 688 καὶ
639 662 668 688 τὸ
684 662 889 697 παρακείμενον
904 662 986 697 φρού-

199 710 257 737 ριον
271 722 279 734 ,
299 703 355 738 ἔχοι
371 705 398 731 δέ
416 713 448 739 γε
471 706 519 732 καὶ
535 707 549 732 ὁ
566 708 675 742 κρατῶν
695 709 821 736 ἐντεῦθεν
842 709 950 740 πολλοῖς
967 709 984 744 ἦ

199 749 247 774 καὶ
269 750 354 777 πᾶσιν
375 751 514 783 ἐξαντλεῖν
538 753 587 785 τὰς
609 754 660 788 τῆς
683 755 846 790 εὐεργεσίας
863 755 984 790 ἀμάρας.

203 792 234 819 ’0
253 794 281 820 δέ
297 802 329 829 γε
342 796 478 832 Θεόδωρος
497 799 520 824 εί
536 799 583 825 καὶ
604 799 824 835 δραστικώτερον
839 801 986 835 ὲχρυσολό-

198 847 242 873 γει
258 840 291 867 ὲκ
304 842 402 869 κοινῶν
423 844 585 876 συνδόσεων,
602 845 661 872 ἀλλ’
681 847 720 876 εις
733 846 763 872 τδ
784 847 986 874 πολλαπλάσιον

199 886 325 919 ἑξεκένου
343 889 457 924 γνώμης
474 891 619 926 ἁπλότητι,
641 892 669 925 ἐξ
685 889 722 919 ὧν
740 893 897 928 ἀμπώτιδες
913 903 986 926 τινες
1003 879 1023 906 Β

199 934 247 961 καὶ
271 935 416 970 χαρύὸδεις
436 936 473 968 ὡς
489 937 547 964 ἐκεῖ
563 938 614 973 τῆς
634 938 773 974 Θαλάσσης
787 940 911 966 ’ἐνταῦθα
931 941 987 968 τῶν

198 981 350 1016 χρημάτων
365 982 519 1010 ἐδείκνυντο
529 990 537 998 '
553 984 584 1011 τὸ
604 985 659 1020 γὰρ
681 986 886 1021 ἀφαιρούμενον
901 987 987 1022 ἐπλη-

200 1025 282 1060 ροῦτο
299 1027 382 1054 πάλιν
405 1029 438 1055 ὲκ
460 1029 507 1056 τοῦ
531 1030 647 1066 ῥᾳδίως,
675 1032 722 1058 καὶ
746 1029 780 1067 ἦν
803 1033 819 1067 ἡ
838 1032 886 1059 τοῦ
911 1033 986 1066 ὄντος

197 1073 344 1108 ἀφαίρεσις
357 1074 404 1101 τοῦ
418 1077 636 1111 προσγινομένου
653 1078 709 1109 τοῖς
720 1078 892 1113 ἀφαιρεθεῖσι
902 1080 986 1114 πρόσ-

199 1117 274 1150 θεσις
291 1118 393 1146 πλείων
410 1139 417 1152 ,
438 1120 556 1147 ἑκάστου
589 1123 665 1156 μεῖον
689 1123 739 1157 μὲν
757 1124 926 1156 συνδιδόντος
942 1124 988 1151 διὰ

197 1164 248 1198 τὴν
261 1164 356 1200 κοινὴν
368 1165 523 1201 εἴσπραξιν.
537 1166 617 1194 πλέον
629 1168 652 1194 δ’
664 1168 771 1204 ἔχοντος
783 1166 868 1205 οὗπερ
882 1170 988 1206 ἀφῄρη-

199 1218 244 1236 ται
265 1210 298 1237 ἐκ
322 1210 369 1237 τοῦ
396 1212 501 1243 πάντας
521 1213 553 1239 ἐκ
574 1213 708 1247 βασιλέως
729 1215 820 1250 ἔχειν,
841 1217 988 1245 κάντεῦθεν

200 1255 248 1282 καὶ
264 1256 441 1291 ἐπιχορηγεῖν
455 1258 517 1284 ὅτου
533 1258 619 1286 δέοιτό
638 1269 680 1291 τις
696 1261 727 1288 ὲκ
747 1261 794 1288 τοῦ
818 1262 968 1297 προχείρου
980 1283 986 1295 ,

199 1301 250 1328 κᾶν
263 1301 302 1335 τῷ
313 1301 414 1330 διδόναι
429 1304 530 1338 μᾶλλον
545 1305 652 1340 χαίρειν
667 1306 683 1341 ἢ
700 1306 740 1341 τῷ
754 1306 917 1341 λαμϐάνειν.
935 1308 988 1334 Καὶ

200 1391 244 1419 nia
267 1390 377 1420 ﬂumina
395 1394 586 1422 redundarent.
595 1395 734 1431 Quod69
751 1404 815 1424 vero
825 1399 884 1426 istis
894 1406 990 1433 Super-

200 1440 258 1463 erat
291 1437 455 1471 sumptibus,
470 1440 562 1468 sedulo
579 1443 802 1470 conservabatur.
817 1443 892 1476 Quod
916 1446 988 1472 enim

201 1483 235 1510 de
249 1483 319 1518 Cyro
336 1482 471 1518 Darioque
493 1485 644 1518 dicebatur,
662 1488 736 1516 hisce
757 1497 865 1524 quoque
879 1492 990 1518 omnino

1035 250 1118 276 πᾶσιν
1139 250 1292 276 ἐπιτάττων
1307 250 1428 277 αἰτοῦσιν
1445 250 1460 285 ἢ
1478 251 1549 278 ὥστε
1567 252 1671 283 πάντας
1686 250 1756 286 ἔχειν
1771 254 1820 279 καὶ

1035 295 1232 330 ὲξαπορεῖσοαι
1243 296 1355 330 μηδένα,
1367 296 1458 323 κοινοῦ
1473 298 1655 332 προκειμένου
1664 298 1711 324 τοῦ
1723 297 1819 332 νόμου.

1034 342 1073 373 ὡς
1092 341 1173 368 ἄλλου
1190 342 1357 376 παρέξοντος
1373 343 1494 377 ἑτοίμου,
1513 344 1569 377 εἴγε
1590 344 1669 376 ἄλλος
1686 345 1824 379 ἀπορήσει

1034 387 1132 419 διδούς.
1151 388 1213 419 Τοῖς
1232 388 1260 414 δέ
1278 397 1310 422 γε
1328 389 1510 424 μικροψύχοις
1527 389 1574 416 καὶ
1593 390 1623 416 τδ
1640 390 1700 416 κατ’
1717 391 1822 425 ἐγγύην

1035 434 1116 468 χρέος
1142 434 1183 465 εἰς
1208 434 1412 461 πολλαπλάσιον
1428 436 1582 470 πρόσεστι,
1609 434 1656 461 καὶ
1682 436 1824 471 ἐγγυητὴς

1035 480 1118 512 Θεὸς,
1133 481 1164 506 τὸ
1181 480 1344 515 θαυμάσιον,

1036 535 1084 563 κδ’.
1101 536 1201 568 Ὅπως
1216 538 1357 570 νοσήσας
1372 539 1388 564 ὀ
1402 538 1554 570 ,βασιλεὺς
1567 538 1710 571 Ἰωάννης
1721 538 1824 564 πολλή

1222 572 1285 606 τοῖς
1297 573 1428 606 πένησιν
1440 573 1639 608 ἐχορήγησεν.

1072 618 1103 655 ῘΡ
1119 619 1176 654 41]·
1192 618 1330 653 Βούλομαι
1345 619 1436 645 τοίνυν
1451 618 1498 644 καὶ
1513 618 1577 645 ἄλλο
1598 627 1624 645 τι
1638 619 1825 653 διηγήσασθαι

1037 666 1102 700 περὶ
1116 666 1235 696 τούτων,
1254 665 1443 699 παραιτοῦμαι
1463 665 1490 691 δὲ
1504 687 1511 698 ,
1534 666 1574 692 ὅτι
1593 667 1641 692 καὶ
1656 668 1669 692 ὁ
1683 665 1762 699 λόγος
1779 666 1825 692 διὰ

1036 712 1068 738 τδ
1095 713 1231 746 χρήσιμον
1262 710 1481 745 παραόέόασται.
1515 711 1599 742 Νότος
1624 712 1758 746 ἐνέσκηψε
1785 711 1826 745 τῷ

1039 759 1145 794 βασιλεῖ
1167 758 1277 792 Ἰωάννῃ
1299 757 1364 783 ποτὲ
1384 756 1561 791 ἀφαιρεθέντι
1578 757 1630 791 τὴν
1652 757 1695 783 ἐπ’
1712 757 1827 790 ἀγαθοῖς

1039 805 1137 839 βοηθὸν
1152 804 1269 838 σύζυγον
1279 823 1287 835 ,
1309 803 1356 837 τὴν
1374 803 1424 829 οὐκ
1442 801 1490 829 οἷδ’
1503 803 1517 829 ὃ
1533 811 1558 829 τι
1573 804 1621 829 καὶ
1634 803 1676 837 φῶ
1689 803 1744 830 τῶν
1757 803 1826 830 Bau-

1040 850 1146 885 μασίων
1159 849 1300 884 ὀνομάτων
1317 849 1448 883 Εἰρήνην,
1464 849 1511 876 καὶ
1524 849 1539 884 ἠ
1551 848 1632 887 ,νόσος
1646 849 1683 879 ὡς
1697 849 1804 883 χαλεπή
1816 857 1826 866 ·

1040 897 1191 931 ἐπείληπτο
1206 897 1259 930 γὰρ
1274 895 1317 922 διὰ
1335 895 1364 922 to
1384 895 1474 929 γῆρας
1485 916 1492 927 ,
1508 893 1597 930 οἶμαι.
1613 895 1675 921 Τῶν
1697 895 1763 929 γοῦν
1785 897 1830 922 ία-

1037 942 1110 977 τρῶν
1122 942 1298 978 ἀπορούντων
1312 941 1355 974 ἐφ’
1371 941 1385 967 ὃ
1403 949 1430 967 τι
1445 941 1492 967 καὶ
1508 941 1667 976 τράποιντο,
1686 940 1830 972 αὖτὺς¹ὲπὶ

1037 988 1104 1014 Θεὸν
1119 986 1305 1021 καταφεύγει,
1323 986 1370 1014 καὶ
1387 987 1417 1013 τὸ
1432 987 1539 1013 ἐκείνου
1555 987 1622 1021 πρὸς
1637 987 1742 1017 πάντας
1753 986 1831 1018 ἔλεος

1038 1033 1108 1060 κατὰ
1124 1033 1155 1059 τὸ
1179 1033 1292 1060 δυνατὸν
1316 1033 1485 1068 ἐκμιμεϊται.
1513 1033 1626 1066 Ὦριστο
1645 1032 1756 1065 τοίνυν,
1781 1033 1830 1058 καὶ

1039 1079 1152 1110 σάκκοις
1167 1079 1181 1106 ὁ
1196 1078 1297 1113 χρυσὸς
1312 1077 1483 1110 ὲξαντλεῖται
1495 1097 1501 1109 ,
1515 1079 1562 1104 καὶ
1576 1077 1630 1104 ἀνὰ
1644 1077 1674 1110 ἒξ
1686 1077 1733 1104 καὶ
1747 1079 1830 1112 τριά-

1038 1132 1122 1151 κοντα
1156 1125 1210 1150 τῶν
1241 1124 1393 1158 ἀκιόδήλων
1422 1124 1601 1158 νομισμάτων
1631 1123 1739 1159 ἑκάστῳ
1772 1124 1830 1150 τῶν

1038 1169 1207 1204 ὁπουδήποτε
1223 1168 1335 1203 ἀπόρων
1350 1168 1470 1200 δίδοται,
1495 1169 1581 1203 χωρὶς
1595 1169 1650 1194 τῶν
1674 1169 1713 1199 είς
1739 1168 1830 1199 θείους

1039 1216 1121 1247 ναοὺς
1137 1218 1185 1242 καὶ
1203 1216 1286 1250 μονὰς
1300 1216 1346 1241 καὶ
1367 1214 1500 1248 θεοφιλεῖς
1525 1214 1625 1249 ἄνδρας
1651 1215 1832 1248 ὲξαντληθέν-

1038 1270 1093 1288 των
1104 1281 1112 1294 ,
1129 1261 1369 1296 ἐπιμετρουμένου
1384 1261 1430 1287 τοῦ
1446 1261 1538 1292 ἐλέους
1552 1261 1688 1292 πλείστοις
1708 1261 1833 1295 ἡμιόνων

1040 1308 1189 1343 σάγμασιν.
1215 1306 1285 1333 Ἀλλ’
1301 1307 1491 1342 ἐπιμετρεῖται
1509 1306 1547 1342 τῷ
1566 1306 1635 1332 ἐλέει
1650 1306 1680 1333 τὸ
1699 1306 1746 1332 τοῦ
1761 1306 1832 1332 Θεοῦ

1039 1405 1118 1433 quatit
1140 1397 1295 1431 acciperet:
1313 1396 1379 1431 quid
1402 1397 1473 1423 enim
1493 1397 1547 1432 7o
1566 1395 1636 1422 aliud
1663 1394 1763 1422 Christi
1786 1394 1831 1422 lex

1041 1444 1200 1480 praescribit,
1218 1444 1284 1470 dare
1310 1443 1395 1471 cuivis
1419 1443 1522 1478 pctcnli
1549 1441 1725 1477 praecipiens?
1752 1440 1832 1475 cujus

1042 1490 1136 1517 beatus
1157 1489 1263 1517 fructus
1274 1494 1315 1516 est
1331 1489 1471 1516 abundare
1485 1489 1635 1520 ιιιιίιέι-ειιε,
1650 1495 1729 1522 egere
1746 1487 1833 1514 nenti-

201 1528 378 1556 conveniebat
393 1530 569 1565 principibus.
583 1532 621 1559 Ac
635 1532 752 1562 Joannes
764 1536 871 1569 quidem
891 1535 986 1563 Ruma-
1004 1551 1025 1579 ο
1043 1544 1113 1568 nem,
1141 1540 1336 1570 compensanle
1361 1535 1548 1562 vicissitudine
1572 1533 1754 1561 communiter
1774 1533 1832 1559 utili

203 1581 299 1601 norum
322 1579 408 1608 pater,
430 1575 587 1604 Theodorus
603 1585 668 1605 vero
685 1578 809 1607 dominus
832 1582 989 1610 vocabatur.

204 1618 270 1647 Tam
287 1620 396 1654 provida
420 1629 537 1656 namque
552 1630 615 1650 cura
637 1623 755 1652 Joannes
770 1627 877 1661 quidem
895 1633 990 1656 cuncta

202 1665 380 1700 gubernabat,
397 1672 426 1694 ut
442 1676 491 1696 nec
509 1669 646 1703 indignum
663 1670 738 1706 regio
754 1671 863 1706 fastigio
881 1673 992 1702 duceret

203 1710 236 1736 ad
259 1712 477 1745 procurationem
494 1712 623 1740 humilem
640 1716 802 1743 descendere
820 1717 991 1746 instrumenti

202 1756 284 1783 etiam
307 1758 398 1785 rustici
422 1765 453 1786 ac
465 1759 648 1793 jumentorum
664 1761 697 1788 ad
718 1762 891 1796 agricultura
914 1765 994 1791 uviui-

204 1803 297 1837 steria,
323 1804 365 1831 Vel
390 1809 480 1832 aratra
506 1805 546 1832 vel
571 1814 681 1834 sarraca
708 1808 889 1843 trahentium;
915 1810 992 1844 cujus

205 1849 313 1883 generis
329 1851 482 1884 provisorcs
499 1858 531 1878 ac
555 1853 698 1886 praefectos
713 1861 761 1887 per
778 1859 865 1881 castra
889 1855 992 1889 singula

204 1895 394 1929 constituerat,
410 1896 548 1924 attributis
562 1898 659 1931 cuique
676 1899 730 1926 arci
746 1900 856 1934 ejusque
869 1901 994 1934 prresidio

204 1940 287 1968 certis
302 1941 387 1975 pagis,
402 1942 472 1969 unde
489 1941 645 1970 suﬂicientis
663 1950 778 1971 annona:
790 1945 867 1979 copia
883 1952 935 1972 non
949 1953 992 1973 so—

205 1986 260 2012 lum
280 1986 410 2014 militibus
435 1993 600 2022 suppeteret,
617 1989 663 2016 sed
686 1997 718 2016 ex
743 1991 889 2018 abundanti
912 1992 992 2018 etiam

206 2034 268 2061 inde
286 2035 413 2069 princeps
427 2033 538 2062 haberet
553 2035 623 2068 quod
638 2035 711 2070 larga
730 2036 755 2063 in
772 2036 870 2065 multos
893 2038 993 2064 lieueli-

206 2081 292 2108 ccutia
308 2081 491 2115 profunderet.
510 2081 668 2109 Theodorus
690 2091 770 2117 porro
789 2084 838 2111 etsi
859 2083 994 2111 efﬁcacior

206 2127 233 2152 in
249 2133 315 2154 auro
329 2133 362 2153 ex
377 2125 513 2153 communi
527 2126 670 2155 collatione
688 2129 886 2164 cougrrgando,
906 2133 993 2157 tamen

205 2171 276 2199 idem
291 2175 350 2199 erat
367 2178 420 2206 pra!
437 2171 608 2206 simplicitate
625 2173 722 2200 tuentis
739 2173 810 2201 haud
827 2174 892 2201 satis
908 2180 994 2202 cauta:

1044 1586 1151 1608 mutuos
1166 1580 1299 1613 defectus,
1323 1581 1384 1607 dum
1407 1584 1504 1614 praesto
1525 1584 1567 1606 est
1587 1578 1633 1613 qui
1659 1577 1782 1605 refundat
1798 1585 1831 1604 ex

1043 1627 1150 1662 publico
1164 1631 1294 1662 quantum
1309 1633 1340 1652 ex
1357 1626 1462 1659 privan
1473 1625 1586 1660 quilibet
1600 1623 1721 1652 contulit.
1740 1624 1764 1650 Α
1778 1630 1834 1657 quo

1043 1681 1077 1701 ne
1095 1673 1260 1701 abhorreant
1276 1673 1439 1700 cammercio
1457 1671 1539 1698 animi
1569 1670 1669 1706 pusilli,
1689 1671 1834 1702 ﬁdeiusso-

1044 1727 1112 1751 rem,
1141 1717 1212 1751 quod
1237 1716 1333 1744 mirum
1355 1720 1405 1749 est,
1433 1723 1462 1742 se
1484 1714 1556 1743 Deus
1580 1714 1676 1746 oll'ert.
1704 1713 1836 1748 pollicens

1044 1773 1072 1793 se
1097 1770 1274 1798 repensurum
1304 1760 1480 1796 multiplicato
1505 1760 1610 1788 foenore
1637 1759 1708 1796 quod
1739 1759 1835 1786 datum

1044 1810 1135 1838 fuerit.

1043 1865 1090 1893 25.
1109 1864 1142 1892 Ut
1165 1868 1297 1900 a'grotans
1315 1863 1457 1900 imperator
1474 1860 1592 1900 Joannes
1613 1859 1695 1887 multa
1709 1859 1837 1893 pauperi-

1343 1899 1389 1924 bus
1404 1897 1560 1932 eragaverit.

1081 1944 1149 1972 Volo
1164 1948 1190 1971 et
1217 1943 1291 1970 aliud
1314 1942 1394 1977 hujus
1421 1941 1530 1976 generis
1555 1947 1690 1972 narrare,
1719 1943 1836 1974 petoque

1045 1991 1162 2022 veniam,
1189 1989 1210 2016 si
1232 1987 1383 2022 argumenti
1413 1986 1532 2013 utilitate
1562 1989 1667 2012 tractus
1682 1982 1837 2019 digressio—

1046 2037 1125 2064 nibus
1142 2035 1277 2070 indulgeo.
1298 2033 1393 2061 Merbo
1407 2036 1548 2066 correptus
1565 2031 1709 2065 aliquando
1727 2035 1769 2058 est
1781 2030 1835 2057 i-n-

1046 2087 1154 2117 perator
1164 2081 1283 2109 Joannes
1299 2087 1394 2108 recens
1411 2079 1538 2107 viduatus
1558 2078 1687 2113 prfeclara
1707 2077 1734 2104 in
1753 2076 1836 2104 rebus

1046 2129 1123 2156 bonis
1142 2127 1276 2162 adjutrice
1291 2127 1418 2162 conjuge,
1445 2126 1503 2157 illa,
1530 2124 1652 2158 inquam,
1678 2123 1834 2150 admirabili

1046 2176 1132 2207 lrene,
1147 2175 1190 2201 cui
1208 2181 1257 2208 pro
1273 2172 1371 2200 merito
1387 2171 1529 2199 laudandae
1546 2170 1628 2198 verba
1643 2170 1753 2197 desunt.
1771 2168 1838 2195 Erat

206 2217 234 2244 in
257 2217 351 2244 eodem
369 2216 482 2252 prodige
499 2218 676 2253 dispergeudo
695 2219 847 2253 profusior,
874 2225 902 2247 ut
924 2221 993 2254 quod
1009 2216 1033 2245 ῐ)
1048 2225 1140 2247 autem
1172 2219 1282 2246 morbus
1307 2226 1373 2246 sane
1401 2217 1524 2244 soutictts
1550 2221 1577 2244 et
1602 2215 1700 2251 gravis.
1733 2215 1837 2249 Quippe

208 2263 234 2290 in
249 2263 392 2291 maritimis
407 2263 515 2291 aestibus
532 2263 691 2299 Euriporum
708 2272 740 2292 ae
754 2264 936 2299 Charybdutn,
952 2267 995 2293 hic

206 2315 314 2343 quoque
329 2310 444 2344 quadam
459 2309 561 2336 alterna
578 2310 789 2344 reciprocatione
804 2310 937 2337 ellluentis
953 2319 995 2338 re-

206 2355 368 2390 ﬂuentisque
392 2355 511 2389 pecunia:
534 2360 699 2387 cerneretur,
724 2356 848 2382 exliatisti
870 2363 916 2389 per
941 2357 994 2383 lur-

207 2402 324 2437 gitioncs
336 2400 424 2428 aerarii
438 2400 543 2428 damnis
556 2400 627 2428 facili
644 2409 705 2428 mox
718 2401 904 2436 corrogatione
920 2410 996 2436 repo-

208 2447 279 2480 sitis,
293 2447 347 2474 imo
356 2446 426 2481 quod
439 2453 586 2480 expensum
599 2451 657 2474 erat
669 2446 849 2474 abundantius
867 2448 996 2475 redeunte

209 2501 257 2526 per
272 2493 391 2520 modicas
408 2492 471 2519 licet
487 2492 610 2526 singulis,
627 2497 752 2519 caeterum
771 2497 879 2526 propter
905 2492 997 2520 multi-

210 2537 328 2565 tudinem
360 2537 555 2565 conferentium
587 2538 614 2565 in
646 2544 767 2565 summas
795 2537 837 2565 vel
867 2538 997 2565 maximas

209 2584 372 2612 cxcedentes
407 2585 621 2612 contributiones
647 2584 834 2616 subditorum;
862 2591 910 2611 nec
937 2584 999 2611 inde

210 2629 340 2656 exhausta
369 2630 473 2665 privata
499 2637 722 2666 quorumcuuque
739 2630 878 2662 facultate,
906 2629 998 2663 utique

210 2683 291 2708 qualn
303 2675 357 2703 late
369 2677 401 2703 ad
416 2684 509 2704 omnes
523 2681 714 2710 promanantes
723 2681 751 2703 et
763 2676 837 2703 varie
850 2676 875 2702 in
890 2676 997 2703 dontum

213 2728 244 2747 ac
262 2720 395 2748 fortunam
419 2731 555 2758 quamque
569 2723 679 2758 perenni
701 2724 816 2758 quodam
834 2730 914 2750 cursu
936 2729 999 2757 pro-

212 2766 326 2796 fluentes
358 2768 514 2804 principalis
552 2769 735 2797 beneficentiae
774 2769 876 2796 alerent
908 2769 998 2796 rivuli.

212 2812 339 2848 Prompta
353 2815 452 2849 quippe
460 2807 565 2850 praesto
582 2817 676 2842 aderat
692 2815 811 2842 omnium
829 2814 998 2842 necessitati-

213 2858 348 2895 buslarga
375 2861 526 2896 benignitas
551 2860 678 2897 principis
703 2861 830 2889 libentius
854 2860 997 2888 tribuentis

1047 2273 1126 2293 casus
1143 2265 1289 2292 inducebat
1314 2263 1466 2298 epileplicis
1489 2262 1692 2289 accessionibus
1717 2261 1835 2291 similae,

1046 2313 1096 2339 etsi
1115 2312 1184 2339 forte
1200 2311 1226 2338 hi
1247 2309 1379 2337 debilitati
1406 2309 1493 2336 :uatis
1515 2308 1569 2342 jam
1585 2312 1719 2342 provecta:
1733 2306 1838 2339 justius

1047 2357 1174 2392 imputari
1194 2357 1359 2390 potuissent.
1386 2354 1500 2382 Incertis
1518 2353 1629 2380 medicis
1645 2360 1700 2386 quo
1724 2359 1753 2379 se
1770 2359 1835 2378 ver-

1048 2409 1145 2435 terent,
1161 2410 1232 2437 (eger
1248 2402 1280 2428 ad
1298 2402 1382 2428 Deum
1400 2399 1533 2435 confugit,
1562 2404 1589 2426 et
1612 2399 1672 2433 ejus
1686 2398 1788 2433 largam
1806 2398 1835 2424 in

1048 2456 1141 2477 omnes
1155 2448 1368 2476 misericordiam
1385 2450 1462 2481 prout
1480 2450 1585 2480 poterat
1617 2445 1749 2471 imitatur.
1763 2442 1838 2476 Ergo

1048 2494 1108 2528 ejus
1125 2495 1253 2520 tnandalo
1281 2491 1407 2519 hauritur
1431 2499 1446 2517 e
1465 2490 1600 2518 thesauris
1626 2496 1721 2516 aurqu
1748 2488 1838 2522 plenis

1049 2539 1146 2571 saccis,
1163 2542 1191 2566 et
1205 2538 1237 2565 ad
1251 2545 1297 2565 sex
1309 2541 1336 2564 et
1353 2537 1464 2571 triginta
1480 2536 1569 2571 proba:
1595 2539 1708 2561 moneta:
1731 2534 1834 2560 nummi

1047 2591 1195 2619 egenorum
1209 2583 1321 2610 cuilibet
1331 2583 1485 2617 ubicunque
1496 2581 1651 2616 degentium
1667 2579 1745 2607 divisi
1759 2584 1835 2609 sunt,

1050 2636 1147 2665 praeter
1159 2637 1191 2657 ea
1206 2636 1266 2664 quae
1281 2629 1307 2656 in
1322 2636 1399 2656 sacra
1425 2629 1469 2655 Dei
1495 2627 1605 2662 templa,
1627 2627 1652 2653 iu
1671 2625 1836 2652 monasteria

1050 2681 1078 2704 ct
1093 2677 1166 2703 viros
1181 2675 1236 2703 Deo
1251 2675 1364 2702 devotos
1379 2679 1443 2701 sunt
1462 2681 1591 2707 expensa,
1618 2672 1781 2700 liberalitate
1804 2677 1838 2697 ca

1049 2729 1098 2756 per
1115 2721 1213 2749 multos
1223 2725 1336 2748 onustos
1357 2720 1442 2747 mulos
1459 2727 1511 2754 quo
1527 2719 1647 2754 oportuit
1664 2718 1757 2744 missa.
1774 2716 1839 2743 Hmc

1051 2767 1167 2800 Augusti
1196 2766 1384 2793 misericordia
1415 2765 1535 2791 divinam
1566 2765 1592 2792 in
1621 2772 1681 2790 eum
1711 2763 1837 2789 attraxit.

1051 2814 1121 2847 Ergo
1146 2814 1168 2840 is
1185 2814 1345 2846 argritudiue
1364 2812 1480 2846 primum
1509 2811 1577 2838 facta
1605 2810 1711 2841 leviori,
1740 2809 1840 2837 deinde

1053 2861 1130 2895 plme
1149 2859 1296 2891 convaluit,
1313 2858 1409 2893 gaudio
1422 2857 1479 2892 ejus
1495 2861 1520 2885 ct
1536 2856 1623 2885 fructu
1638 2856 1731 2888 animi,
1748 2863 1838 2890 quan-
