1935 3071
187 129 192 134 ’
237 133 293 167 523

842 135 1003 167 GEORGII
1022 135 1262 167 ΡΑΕΗΥΜΕΒιΕ

1805 133 1860 165 5⁸24

237 192 369 220 τελεῖται.
385 189 476 219 Ἦσαν
502 189 531 218 δέ
558 198 650 225 σφισιν
663 189 692 217 αἱ
711 182 860 223 συνθεσίαι,
873 189 891 226 ἦ
905 191 959 226 μὴν
975 191 1021 217 τὸν
1035 200 1059 227 Α
1075 190 1221 225 μετέπειτα
1236 190 1356 225 συνεχεῖς
1366 189 1412 217 καὶ
1424 189 1536 225 μεγάλοι
1548 189 1622 225 σφίσι
1634 190 1680 216 καὶ
1692 188 1860 224 ἀμφοτέροις

240 238 291 274 μὲν
315 237 452 274 πρίγκιπα
483 237 631 272 Ῥωμαίοις
654 236 746 263 δοῦναι
776 238 822 264 καὶ
852 237 958 272 βασιλεῖ
992 236 1022 269 ἐξ

238 280 326 318 αὐτῆς
356 282 506 316 κατασχεῖν
532 281 572 312 εἰς
600 281 759 307 δεσποτείαν
791 280 973 314 ἀναφαίρετον
988 280 1022 305 τὰ

237 330 307 355 κατά
328 327 531 362 Πελοπόννησον
563 325 660 357 ταῦτα,
686 325 888 359 Μονεμὸασίαν,
902 325 1021 358 Μαΐνην,

243 374 377 408 Ίεράκιον
416 373 568 408 Μυξηθρᾶν
588 371 747 407 (Ἄνάπλιον
770 371 798 398 δὲ
812 371 859 398 καὶ
876 371 978 405 Ἀργος
994 371 1022 396 ὲν

237 418 401 453 ἀμφιϐόλοις
430 418 527 451 ἐτίθει)
554 418 602 444 καὶ
628 417 687 452 ἃμα
705 418 758 444 πᾶν
772 417 802 443 τὸ
814 417 878 451 περὶ
890 417 938 450 τὴν
954 417 1020 442 Κιν-

238 464 356 498 στέρναν
369 463 439 498 θέμα
448 463 515 489 πολύ
531 471 563 496 γε
576 462 606 489 ὃν
620 462 651 489 τὸ
665 463 751 497 μῆκος
758 463 804 488 καὶ
817 462 923 494 πολλοῖς
939 461 1020 496 βρύον

236 511 293 541 τοῖς
319 510 443 543 ἀγαθοῖς,
465 509 510 536 καί
524 518 555 543 γε
571 509 651 536 αὑτὸν
666 510 694 539 ἐς
706 508 749 535 ἀεὶ
762 508 855 535 δοῦλον
868 508 1018 542 κεκλῆσθαι

240 555 384 589 Ῥωμαίων
417 554 465 581 καὶ
490 555 636 590 βασιλέως,
671 555 718 581 καὶ
743 554 870 588 ὀφφίκιον
894 553 1020 580 ἐντεῦθεν

234 600 275 631 εἰς
290 600 412 631 δουλείας
443 601 555 635 σημεῖον
570 600 789 635 ἀποφερόμενον,
804 600 851 626 τὸν
870 600 899 626 δέ
916 608 948 635 γε
968 601 1019 636 βα-

235 645 311 672 σιλέα
325 646 496 681 σεμνύναντα
512 646 608 673 τοῦτον
637 646 677 681 τῷ
689 645 736 673 τοῦ
754 646 870 681 μεγάλου
884 646 1019 682 ἀξιώματι

233 691 396 726 δομεστίκου
427 693 497 727 μετὰ
523 693 607 727 τιμῆς
636 693 795 719 ἀποστεῖλαι
822 692 934 727 σύναμα
963 694 1020 725 τοῖς

233 738 306 772 ἀμφ’
334 737 426 770 αὐτὴν,
446 739 504 764 ὅσοι
519 739 567 764 καὶ
598 738 741 772 περιόντες
754 736 838 773 ἦσαν,
854 739 909 765 Καὶ
925 738 957 774 δὴ
973 739 1019 765 ἐπὶ

233 784 340 814 τούτοις
352 783 503 817 γεγονότων
517 783 641 810 σπονδῶν
653 783 733 810 αὐτδν
748 784 797 818 μὲν
806 783 955 810 ἀπέστελλε
970 784 1018 810 σὺν

234 829 325 863 τιμαῖς
341 829 522 863 πρεπούσαις,
540 830 603 860 τοὺς
616 830 644 856 δέ
659 838 690 863 γε
703 829 873 865 ληψομένους
885 830 919 856 τὰ
932 829 1018 864 λύτρα

1073 236 1246 271 ἀνερρώγασι
1259 236 1382 270 πόλεμοι.
1391 235 1447 262 Καὶ
1455 236 1541 263 ταῦτα
1555 236 1604 270 μὲν
1620 236 1770 271 ἐπράττετο
1784 235 1860 271 τῇδε.

1073 313 1123 349 λβ’.
1143 313 1243 347 ὀπως
1259 316 1274 341 ό
1290 314 1411 348 Μιχαὴλ
1434 314 1587 348 δεσπότης
1604 314 1676 350 νικᾷ
1696 314 1861 350 Ῥωμαίους

1313 351 1361 376 καὶ
1378 350 1455 384 αἱρεῖ
1469 351 1615 384 Καίσαρα.

1113 417 1142 443 Ὀ
1156 417 1245 451 μέντοι
1260 418 1392 453 δεσπότης
1415 418 1524 454 Μιχαὴλ
1541 418 1589 445 νῦν
1603 418 1654 453 μὲν
1668 419 1715 445 καὶ
1731 418 1785 445 ἀπὸ
1800 419 1862 445 τού·

1071 469 1126 488 των
1142 462 1279 494 κολουθεὶς
1290 464 1338 498 τῆς
1356 464 1494 498 δυνάμεως
1526 464 1651 500 (πλείστῃ
1679 466 1733 500 γὰρ
1760 466 1862 500 ἐχρᾶτο

1072 508 1119 535 καὶ
1134 509 1208 544 παρὰ
1224 509 1270 535 τοῦ
1283 509 1332 543 τῆς
1353 510 1463 544 ’Λχσιΐας
1482 510 1629 545 πρίγκιπος
1645 511 1677 544 τῇ
1690 511 1859 546 συμμαχία),

1072 554 1112 582 ἔτι
1126 554 1154 582 δὲ
1169 555 1216 581 καὶ
1226 556 1302 590 παρὰ
1313 555 1365 582 τῶν
1377 557 1448 590 ἀμφὶ
1467 555 1512 582 τὸν
1529 557 1589 582 τότε
1618 556 1861 592 σεϐαστοκράτορα

1077 599 1203 635 Ἰωάννην
1213 601 1259 627 τὸν
1285 600 1466 634 Παλαιολογον
1494 601 1554 635 μεθ’
1575 601 1687 636 ὕστερον
1709 602 1743 629 τὰ
1774 602 1862 629 πολλὰ

1071 646 1215 678 κακωθεὶς,
1228 645 1265 677 ὡς
1281 647 1326 672 καὶ
1344 647 1372 672 ὲν
1384 646 1468 681 στενῷ
1483 647 1650 681 καταστῆναι
1665 649 1784 682 πάμπαν
1804 648 1860 674 τῶν

1070 699 1098 716 τε
1111 691 1207 726 χωρῶν
1222 693 1269 717 καὶ
1282 692 1383 726 ταύτης
1399 693 1448 725 τῆς
1478 693 1674 727 στρατιωτικῆς
1705 693 1860 728 δυνάμεως,

1070 736 1180 770 πέμψας
1192 737 1259 771 πρὸς
1275 738 1373 772 Μαφρὲ
1389 739 1434 763 τὸν
1460 737 1508 771 τῆς
1526 738 1641 767 “nulla;
1669 738 1746 773 ρἧσ.
1761 740 1808 766 καί
1834 740 1861 774 γ’

1069 782 1116 808 ἐπὶ
1133 782 1247 817 Θυγατρὶ
1256 783 1379 817 γαμϐρὸν
1399 783 1505 813 ἑαυτοῦ,
1518 784 1565 809 καὶ
1594 784 1724 819 πλείστην
1750 794 1862 820 συμμα-

1071 827 1132 861 χίαν
1146 828 1246 860 λαϐὼν,
1259 829 1424 863 παραδίδωσι
1440 830 1489 860 τὰς
1503 829 1634 864 δυνάμεις
1643 830 1683 865 τῷ
1703 830 1755 866 υίῷ
1777 831 1860 858 αὑτοῦ

233 874 471 909 προσεπεπόμφει.
489 874 543 901 Καί
561 883 592 909 γε
609 876 622 901 ὁ
639 875 756 910 πρίγχιψ
765 875 797 901 τὰ
814 876 866 901 [δια
883 876 1017 909 κατελάμ-
1032 868 1052 895 Β
1068 873 1216 908 Νικηφόρῳ
1234 875 1437 909 συμπράττοντι
1452 875 1580 909 κάκείνῳ,
1603 875 1632 906 ὃς
1652 875 1698 901 καὶ
1713 875 1861 910 συμῦαλὼν

234 921 309 951 δινε,
327 921 444 956 πρίγκιψ
461 922 575 956 ’Λχαΐας
588 922 635 947 καὶ
651 922 738 956 μέγας
767 922 928 956 δομέστικος
945 923 1014 949 Ῥω-

234 966 331 1001 μανίας
361 967 607 1002 ἐπιφημιζὸμενος,
638 968 698 995 καὶ.
717 967 775 1003 ἅμα
807 968 846 1003 τῷ
872 969 1015 1003 ἐπιστῆναι

234 1012 318 1046 μηδὲν
333 1012 469 1048 μελλήσας
485 1012 612 1039 ἀπεδίδου
621 1013 655 1039 τὰ
672 1013 757 1048 λύτρα
768 1013 806 1044 ὡς
821 1015 1011 1048 προϋπέσχετο

235 1058 292 1085 Κᾶν
308 1059 432 1092 ἐνέμεινε
461 1060 509 1085 καὶ
534 1060 563 1090 ἐς
587 1059 664 1091 τέλος
690 1059 844 1092 ἐνσπόνδως
858 1061 928 1095 ἔχων
948 1061 1016 1095 πρὸς

238 1104 394 1139 Ῥωμαίους
406 1104 445 1140 τῷ
459 1106 507 1140 τῆς
527 1105 676 1140 Ῥωμαῖδος
694 1106 869 1147 κλεῖζόμρνος
885 1107 1015 1142 ὀφφικίῳ,

234 1151 256 1177 εἰ
271 1151 308 1186 μή
317 1159 348 1185 γε
363 1151 376 1176 ὁ
392 1151 508 1183 πάππας
521 1151 651 1183 ἀκούσας,
667 1152 845 1186 παροξυνθεὶς
870 1154 916 1179 καὶ
931 1154 1018 1180 ταῦτα

236 1197 300 1231 προς
314 1196 361 1222 τοῦ
380 1197 477 1232 ρηγὺς,
493 1197 541 1223 καὶ
557 1197 640 1224 αὐτοῦ
652 1206 685 1232 γε
717 1198 940 1233 προσδραμόντος
971 1201 1018 1227 καὶ

236 1241 427 1274 ἱκετεύσαντος
440 1242 480 1277 (οὐ
497 1243 551 1277 γὰρ
568 1243 606 1274 είς
631 1245 754 1270 συνοῖσον
784 1244 872 1270 ἐδόκει
886 1246 911 1270 οἰ
928 1245 958 1272 τὸ
974 1246 1018 1272 διὰ

238 1288 328 1320 τέλους
344 1289 504 1315 σπένδεσθαι
536 1289 604 1324 πρὸς
625 1289 800 1324 Ῥωμαίους),
817 1291 866 1322 τὰς
881 1291 1019 1327 συνοήκας

237 1335 344 1366 ὲκείνας
355 1334 397 1370 [Ρ.
415 1334 460 1370 55]
477 1335 566 1361 διέλυε
596 1335 642 1361 καὶ
662 1336 725 1366 τοὺς
753 1337 851 1370 ὄρχους
865 1337 930 1372 παρ’
941 1338 1019 1364 οὐδὲν

236 1381 324 1408 me“
342 1381 380 1412 ὡς
391 1382 420 1408 ἐν
434 1382 542 1416 φυλακῇ
561 1382 608 1408 καὶ
628 1381 760 1416 ἀφύκτοις
780 1383 899 1417 δεσμοῖς,
915 1385 962 1410 καὶ
983 1384 1020 1419 μὴ

237 1426 379 1459 ἑκουσίως,
404 1427 441 1458 ὡς
453 1427 537 1462 ἐχρῆν
563 1427 740 1461 πράττοντος.
760 1428 840 1455 Ὄοεν
857 1429 903 1455 καὶ
935 1430 974 1461 εἰς
989 1430 1020 1457 τὸ

237 1521 447 1543 convcnnonnm
465 1516 537 1544 inter
552 1523 599 1543 eos
616 1517 729 1544 istarum
746 1517 833 1552 capita
859 1518 915 1545 ha‘c
930 1523 1019 1551 erant,

237 1562 384 1597 principem
411 1562 508 1590 cedere
541 1562 671 1590 Romanis
697 1567 725 1590 et
759 1563 927 1598 imperatori,
958 1564 1020 1599 jure
1036 1562 1057 1576 "

237 1616 316 1642 quam
333 1608 436 1642 optimo
451 1608 611 1642 possidenda
626 1613 652 1635 et
669 1608 696 1635 in
719 1614 876 1644 perpetuum
894 1611 953 1646 ejus
970 1613 1020 1638 do-

237 1654 349 1681 minium
376 1662 408 1681 ex
435 1661 506 1681 nttnc
525 1655 683 1687 transitura,
707 1655 764 1682 haec
782 1656 808 1682 in
832 1656 1018 1692 Peloponneso

237 1700 299 1732 sita,
326 1699 549 1733 Monembasiam,
575 1699 704 1734 Mainam,
738 1700 902 1736 llieracinm,
929 1703 1019 1739 Myze—

237 1746 336 1772 thram.
353 1745 495 1780 Auaplium
513 1753 576 1773 vero
591 1751 617 1773 et
631 1746 718 1782 Argos
743 1751 771 1774 ut
793 1741 968 1776 controversa
993 1754 1021 1777 et

237 1792 304 1823 |uris
317 1792 389 1818 dubii
407 1791 498 1818 relicta
511 1791 538 1818 in
555 1791 642 1819 medio
655 1798 727 1826 sunt,
744 1793 780 1820 uti
797 1799 824 1820 et
842 1800 944 1822 tractus
958 1797 1020 1822 unl-

238 1844 336 1863 versus
351 1837 422 1863 circa
437 1837 608 1863 Ciuslernam
626 1838 704 1865 \‘alde
718 1839 745 1865 in
761 1839 869 1874 longum
887 1846 981 1874 patens
993 1845 1020 1868 et

238 1882 329 1909 multis
346 1887 456 1909 scatens
474 1882 561 1909 bonis.
578 1881 730 1917 Principem
746 1889 834 1911 autent
853 1885 938 1918 ipsum
959 1893 1021 1920 per-

238 1933 345 1962 petuum
362 1928 418 1954 fore
433 1928 616 1956 Romanorum
638 1932 665 1955 cl.
686 1929 856 1963 imperatoris
877 1931 1016 1964 clientem,

238 1978 266 1999 et
280 1974 304 1999 in
319 1973 497 2007 subiectionis
513 1974 617 2008 signum
630 1974 746 2001 ofﬁcium
762 1975 825 2002 inde
838 1981 1019 2010 sumpturum.

239 2019 364 2046 Vicissim
378 2020 412 2046 ab
430 2020 594 2054 imperatore
611 2020 759 2054 principem
785 2026 911 2048 ornatum
933 2023 1022 2057 digni-

239 2069 294 2092 tate
314 2065 402 2099 magni
420 2065 561 2092 domestici
580 2065 728 2093 honorifice
749 2066 940 2093 dimittendum
956 2069 1023 2096 libe-

239 2119 310 2142 rum,
330 2118 391 2137 cum
416 2110 450 2138 iis
481 2118 592 2138 suorum
609 2111 653 2145 qui
677 2115 742 2138 tunc
760 2112 921 2145 superstites
943 2120 1021 2147 repe-

238 2157 369 2183 rircnlur.
397 2157 426 2182 In
455 2156 511 2183 lucc
527 2156 630 2184 fcedere
655 2157 727 2184 facto
743 2157 846 2184 dimisit
870 2159 1021 2193 principem

1066 929 1098 946 πε
1104 920 1130 955 pi.
1139 920 1187 955 τὴν
1193 921 1362 955 Τρικόρφυον
1369 922 1422 951 τοῖς
1431 921 1502 955 ἀμφὶ
1509 921 1554 947 τὸν
1563 921 1700 956 Καίσαρα,
1710 922 1756 947 καὶ
1771 922 1862 956 μάχην

1067 967 1202 1001 συρράξας
1214 966 1241 993 δε
1247 967 1312 1002 ινῇν,
1322 967 1460 998 πλείστους
1467 975 1496 993 τε
1505 969 1596 994 πεσεῖν
1602 967 1655 993 τῶν
1662 967 1771 994 Νικαέω
1778 978 1786 991 Ι
1795 975 1863 1002 παρ-

1066 1012 1207 1044 εσκεύασε,
1227 1012 1368 1044 πλείστους
1378 1021 1408 1039 τε
1422 1015 1468 1039 καὶ
1483 1013 1578 1044 ἄλλους
1592 1012 1638 1043 οὒς
1651 1013 1700 1048 μὲν
1715 1013 1862 1047 φονεύσας»

1066 1057 1145 1088 οὒςδὲ
1161 1060 1297 1093 περισχὼν
1306 1060 1352 1085 καὶ
1366 1059 1446 1085 αὐτὸν
1462 1060 1534 1094 αἱρεῖ
1545 1059 1682 1095 Καίσαρα.
1698 1059 1739 1090 Ὧς
1748 1059 1770 1086 δ’
1781 1058 1862 1092 αὖθις

1068 1104 1188 1131 σπονδῶν
1203 1105 1356 1139 γενομένων
1370 1104 1474 1136 ἐλύετο,
1488 1105 1549 1131 τότε
1567 1105 1616 1139 μὲν
1641 1105 1676 1132 τὰ
1705 1105 1776 1132 κατὰ
1807 1106 1858 1140 τὴν

1068 1150 1144 1176 πόλιν
1154 1150 1334 1185 συμπράττει,
1351 1151 1415 1185 περὶ
1432 1147 1470 1177 ὥν
1491 1150 1590 1177 αὐτίκα
1607 1150 1765 1185 ῥηθήσεται,
1781 1150 1862 1177 ὕστε-

1069 1204 1115 1230 ρον
1131 1196 1153 1222 δ’
1167 1195 1243 1227 αὖθις
1259 1197 1322 1228 ’τοῖς
1350 1196 1468 1228 δυτικοῖς
1482 1197 1530 1223 καὶ
1545 1197 1720 1230 προσϐάλλων
1742 1198 1863 1232 αἱρεῖται

1069 1242 1150 1268 πάλιν
1163 1242 1209 1268 καὶ
1224 1242 1284 1268 τότε
1299 1242 1373 1277 παρὰ
1384 1241 1429 1268 τοῦ
1444 1243 1574 1269 δεσπότου
1589 1243 1708 1278 Μιχαὴλ,
1726 1243 1774 1270 καὶ
1789 1245 1860 1269 dm-

1070 1288 1210 1315 στέλλεται
1226 1288 1294 1323 πρὸς
1310 1289 1354 1316 τὸν
1367 1289 1439 1325 ῥῆγα
1452 1290 1567 1322 Πουλίας
1581 1290 1626 1317 τὸν
1640 1291 1749 1325 Μαφρὲ,
1765 1291 1812 1318 καί
1829 1299 1861 1324 γε

1070 1336 1102 1369 τῇ
1121 1335 1186 1369 παρ’
1194 1335 1289 1369 ἐκείνῳ
1299 1335 1399 1362 δίδοται
1413 1335 1530 1371 φυλακῇ,
1547 1336 1634 1372 χρόνῳ
1645 1335 1668 1362 δ’
1685 1336 1798 1371 ὕστερον
1809 1339 1861 1371 τῆς

1070 1381 1213 1416 δεσποίνης
1229 1381 1329 1416 Ἀννης
1341 1381 1460 1417 ἀδελφῆς
1476 1381 1559 1417 οὕσης
1572 1382 1673 1417 Μαφρὲ
1693 1382 1861 1416 ἀνταμείϐε-

1070 1435 1126 1454 ται.
1144 1427 1224 1454 Ἀλλὰ
1240 1427 1327 1454 ταῦτα
1339 1428 1388 1463 μὲν
1399 1427 1507 1459 ἐσαῦθις
1520 1427 1646 1463 ἐροῦμεν.

1074 1517 1192 1544 vinculis
1209 1517 1370 1550 constricto,
1390 1525 1422 1545 ac
1438 1525 1486 1552 per
1502 1517 1552 1545 hoc
1574 1525 1626 1544 non
1647 1517 1688 1544 sui
1708 1517 1791 1550 juris,
1808 1524 1859 1545 nec

1074 1563 1135 1597 ejus
1158 1563 1298 1590 libertatis
1328 1570 1360 1591 ac
1386 1563 1488 1598 proprii
1522 1563 1629 1590 arbitrii
1654 1562 1860 1598 89compote,

1073 1615 1135 1643 qme
1156 1609 1365 1643 requirebantur
1380 1608 1413 1636 ad
1431 1609 1484 1636 hoc
1504 1613 1535 1636 ut
1549 1609 1694 1636 cenventio
1708 1614 1767 1636 rata
1791 1609 1860 1636 vali-

1074 1654 1164 1688 daque
1177 1660 1262 1688 esset,
1279 1655 1353 1682 unde
1368 1655 1527 1682 consecutis
1540 1655 1601 1682 inde
1614 1654 1783 1689 temporibus
1795 1661 1862 1682 con-

1073 1701 1145 1727 tinua
1158 1705 1185 1728 et
1199 1708 1294 1736 magna
1314 1701 1384 1728 inter
1396 1707 1525 1736 utrOsque
1539 1705 1665 1728 arserunt
1683 1700 1772 1728 bella:
1788 1705 1817 1729 et
1827 1707 1861 1729 ea

1071 1746 1180 1780 quidem
1197 1749 1238 1774 sic
1252 1754 1282 1774 se
1301 1747 1465 1774 habuerunt.

1071 1822 1115 1850 52.
1133 1821 1167 1850 Ut
1181 1822 1295 1863 Michael
1309 1824 1418 1858 despola
1432 1822 1566 1863 Romanos
1581 1823 1671 1850 vicerit
1682 1827 1706 1850 ιι
1723 1821 1862 1851 tharem

1405 1864 1512 1890 ceperit.

1106 1930 1141 1956 At
1153 1930 1262 1964 despota
1279 1931 1392 1958 Michael
1406 1931 1431 1958 in
1445 1939 1563 1966 praesens
1578 1932 1686 1966 quidem
1705 1931 1741 1959 ob
1760 1936 1860 1960 eventa

1072 1982 1180 2003 narrata
1197 1977 1317 2004 minutus
1329 1977 1423 2011 copiis,
1439 1985 1499 2011 qua:
1523 1977 1560 2004 illi
1577 1977 1713 2012 pleraeque
1731 1985 1859 2005 accesse-

1071 2022 1277 2049 rantsocietate
1299 2023 1430 2057 principis
1444 2023 1565 2055 Achaim,
1588 2028 1719 2057 praeterea
1751 2031 1766 2050 a
1781 2024 1861 2050 seba-

1072 2071 1223 2094 slocratore
1235 2067 1338 2095 Joanne
1352 2068 1499 2103 l’alaeologo
1515 2069 1640 2103 plurimis
1656 2073 1762 2103 'poslea
1780 2071 1860 2097 dam-

1073 2115 1115 2140 nis
1131 2114 1255 2147 all'ectus,
1269 2115 1339 2142 adeo
1349 2119 1378 2142 ut
1392 2115 1506 2142 multum
1530 2116 1556 2143 in
1572 2121 1650 2144 arcto
1677 2116 1727 2152 ipsi
1758 2124 1802 2144 res
1816 2124 1860 2144 ess

1072 2164 1133 2187 seut
1148 2167 1208 2187 cum
1222 2161 1423 2195 provinciarum
1440 2165 1497 2188 tum
1510 2162 1658 2194 exercitus,
1674 2162 1764 2190 missis
1777 2170 1809 2190 ea
1825 2163 1860 2190 de

239 2203 385 2236 imperator
406 2209 438 2229 eo
466 2210 521 2236 quo
541 2210 589 2237 par
609 2207 667 2229 erat
685 2202 799 2236 honore,
826 2203 916 2231 missis
937 2205 1019 2232 simul
1036 2216 1058 2244 ι)
1075 2205 1211 2238 relegatis
1226 2208 1259 2233 ad
1273 2214 1365 2242 regem
1380 2207 1483 2241 Apuliae
1497 2207 1662 2235 Manfrednm
1688 2215 1767 2235 suum
1781 2215 1860 2243 gene-

238 2256 298 2276 cum
314 2248 360 2275 illo
382 2248 429 2282 qui
446 2248 532 2282 pretia
557 2249 701 2283 libertatis,
717 2249 751 2277 de
772 2249 871 2284 quibus
888 2257 1022 2278 convene-

239 2299 291 2326 rat,
316 2294 479 2329 reciperent.
511 2293 602 2322 Rediit
628 2295 708 2329 igitur
734 2296 844 2322 domum
883 2297 1019 2330 princeps,

239 2340 348 2368 Achaiae
359 2340 490 2375 principis
505 2345 534 2367 et
548 2341 636 2376 magni
654 2341 794 2368 domestici
806 2341 944 2369 Romaniae
958 2343 1021 2369 titu-

238 2387 280 2414 los
294 2386 416 2414 referens
427 2406 434 2418 ,
452 2393 501 2413 nec
514 2386 660 2420 quidquam
673 2391 815 2414 cunctatus
826 2391 886 2421 post
903 2388 1017 2415 reditum

238 2438 336 2471 cuncta
348 2440 407 2467 qua!
418 2433 578 2467 promiserat
589 2432 782 2467 redemptionis
794 2434 880 2467 pretia
893 2434 1020 2461 exsolvit.

238 2479 437 2512 Mansissetqne
460 2482 588 2512 perpetuo
616 2477 643 2504 in
661 2476 713 2505 fide
739 2482 892 2512 pactorum,
919 2479 1020 2513 quippe

238 2529 396 2551 auctoratus
424 2522 554 2550 Romanis
585 2527 736 2550 memorato
762 2523 850 2557 magni
878 2524 1019 2552 domestici

240 2570 339 2602 othcio,
354 2569 404 2597 nisi
430 2576 498 2604 papa
513 2576 541 2596 re
553 2569 653 2600 audita,
669 2575 729 2595 cum
746 2576 792 2603 per
807 2575 837 2597 se
856 2569 1020 2603 indignatus,

240 2616 337 2643 tumin
355 2615 382 2642 id
405 2615 492 2649 ipsum
519 2613 650 2648 impulsus
665 2613 790 2649 precibus
814 2615 884 2648 regis
907 2615 1021 2650 Apuliae,

239 2668 354 2695 quorum
383 2660 506 2686 neutrius
531 2658 681 2685 rationibus
694 2660 928 2686 aecommodatum
946 2659 1021 2687 vide-

239 2706 318 2733 batur
333 2709 437 2732 tantum
455 2711 565 2731 suarum
591 2704 723 2731 hactenus
737 2704 854 2738 partium
872 2705 1020 2739 principem

239 2750 446 2783 stipendiarium
473 2749 604 2777 “omanis
630 2756 800 2784 permanere,
823 2756 931 2784 pactum
957 2751 1021 2778 illud

239 2796 419 2828 dissolvisset,
437 2795 647 2830 jurameutaque
666 2795 744 2823 irrita
760 2796 926 2824 declarasset
942 2797 1019 2831 quasi

238 2845 346 2870 extorta
361 2840 528 2870 ineluctabili
542 2840 568 2868 vi
583 2840 755 2868 necessitatis
781 2841 814 2869 ab
835 2841 942 2870 homine
955 2842 1022 2871 diris

1074 2257 1145 2281 rum,
1162 2255 1190 2278 et
1215 2258 1324 2284 magnas
1341 2251 1375 2278 ab
1395 2259 1427 2279 eo
1452 2251 1597 2279 auxiliares
1624 2253 1716 2287 copias
1731 2253 1860 2288 adeptus,

1071 2301 1117 2321 eas
1134 2295 1248 2322 tradidit
1279 2303 1330 2323 suo
1348 2296 1403 2323 filio
1428 2296 1591 2332 Nicephoro,
1610 2305 1672 2324 suas
1700 2302 1813 2326 strenue
1833 2299 1862 2327 in

1073 2339 1320 2374 idempropositum
1336 2344 1362 2368 et
1373 2348 1438 2374 opes
1457 2347 1484 2369 et
1501 2350 1610 2376 operam
1627 2342 1793 2371 conferenti.
1810 2344 1862 2372 llic

1072 2392 1133 2412 cum
1153 2385 1259 2413 Caesare
1280 2386 1352 2413 circa
1369 2386 1564 2422 Tricoryphum
1591 2388 1649 2415 aeri
1680 2389 1774 2423 prtelio
1794 2398 1863 2418 con-

1072 2438 1181 2464 gressus
1194 2431 1339 2458 maximam
1353 2437 1470 2466 stragem
1487 2431 1666 2460 Nitztecnsium
1685 2434 1772 2468 dedit,
1790 2436 1862 2464 alios

1072 2477 1203 2510 plurimos
1220 2477 1317 2511 partim
1335 2478 1447 2510 occidit,
1460 2479 1556 2511 partim
1573 2479 1655 2512 cepit,
1673 2479 1760 2513 ipsunt
1778 2481 1862 2508 deni-

1071 2529 1125 2556 que
1142 2523 1276 2557 captivutn
1301 2523 1580 2557 abduxitCaesarem;
1610 2525 1656 2558 qui
1676 2532 1743 2559 pace
1760 2526 1861 2555 deinde

1072 2567 1143 2594 facta
1170 2568 1239 2595 liber
1264 2568 1394 2596 dimissus
1420 2577 1450 2596 ca
1476 2576 1536 2604 qua:
1565 2577 1627 2596 mox
1654 2570 1804 2598 referemus
1824 2573 1859 2598 ad

1073 2613 1166 2639 urbem
1192 2613 1286 2647 gessit,
1305 2619 1332 2640 ct
1363 2621 1467 2640 rursum
1488 2622 1548 2641 cum
1576 2615 1794 2643 Occidentalibus
1808 2623 1860 2650 pu-

1072 2665 1124 2693 gna
1139 2658 1204 2684 inita
1220 2664 1316 2692 captus
1331 2659 1429 2686 iterum
1444 2664 1486 2687 est
1510 2667 1525 2686 a
1543 2660 1678 2688 Michaele
1693 2661 1817 2695 despota,
1831 2666 1860 2689 el

1072 2704 1105 2730 ad
1118 2712 1207 2739 regem
1223 2705 1325 2738 Apulia:
1334 2705 1500 2732 lilaufredunt
1516 2706 1616 2733 missus
1633 2706 1667 2733 ab
1683 2713 1715 2733 eo
1727 2708 1861 2734 custodia:

1076 2751 1190 2778 traditus
1202 2755 1257 2781 est,
1271 2751 1394 2778 insccuto
1409 2751 1507 2779 deinde
1523 2756 1642 2786 tempore
1659 2759 1719 2779 cum
1749 2752 1862 2780 domina

1073 2797 1150 2825 Anna
1166 2805 1261 2825 sorore
1287 2798 1417 2826 Manl‘redi
1442 2804 1620 2834 permutatos.
1643 2799 1696 2828 Sed
1715 2799 1775 2829 hac
1805 2801 1864 2829 suis

1073 2842 1140 2871 locis
1153 2843 1249 2872 deinde
1269 2844 1430 2872 referemus.
1654 2858 1656 2861 -
