1935 3071
73 153 121 185 5Ξ5

546 153 596 184 DE
616 154 810 185 Mlt‘HAELE
832 155 1060 187 PAL/EOLOGO
1078 157 1153 188 LIB.
1175 156 1219 189 II.

1647 156 1698 189 526

860 215 925 267 ιδ’.

71 299 104 324 α’.
119 297 218 330 Ὅπως
239 298 257 324 ὁ
277 296 631 337 πιζτριάρχηρᾎρσέζιος
650 296 685 323 ἐν
698 297 860 331 φροντίσιν
873 301 896 329 Α
910 296 1095 333 ἐπιστήσομεν
1116 299 1149 334 τῇ
1178 298 1233 334 νηΐ.
1264 297 1438 325 Κινδυνεύειν
1459 297 1482 324 δ’
1496 298 1566 324 οὕτω
1581 298 1628 325 καὶ
1652 298 1699 326 τὸν

306 331 346 367 ἦν
359 332 426 366 περὶ
444 332 500 366 τῆς
511 332 619 367 ἀρχῆς.

104 388 144 423 [Ρ.
161 388 205 425 57]
243 388 376 424 Ἀρσενίῳ
403 387 431 414 δὲ
458 387 497 423 τῷ
527 387 684 424 πατριάρχῃ
702 387 769 414 νέων
780 385 858 423 ζῆρξε

71 435 213 469 φροντίδων
227 435 245 470 ἡ
262 435 311 468 τῆς
337 434 383 460 ἐπὶ
395 435 428 469 τῇ
443 433 570 468 βασιλείᾳ
585 433 782 464 καταστάσεως
810 432 857 460 τοῦ

72 481 249 514 Παλαιολόγου
268 480 387 514 ἀνάγκη,
404 479 510 512 μεγάλη
521 487 563 510 τις
587 478 654 505 οὖσα
668 478 715 504 καὶ
743 479 859 513 ἀπαραί-

70 535 154 561 τητος.
182 526 256 560 Πλὴν
281 526 335 560 γὰρ
362 525 469 558 ὀλίγων,
503 523 672 550 καὶτούτων
697 523 794 558 καιρὸν
810 525 859 550 οὐκ

71 573 181 606 Elii/tow
197 572 241 597 διὰ
254 572 305 604 τὴν
322 570 375 596 τῶν
388 570 476 597 ἄλλων
496 569 601 596 πολλῶν
613 569 660 595 καὶ
673 569 799 603 μεγάλων
812 569 857 596 δν-

69 626 118 642 των
133 616 261 651 βούλησιν
276 617 318 650 ἐφ’
332 613 354 649 ᾧ
368 615 516 650 ὲπίσχοιεν.
529 615 652 649 φανερῶς
664 615 688 640 οἱ
700 614 774 642 ἄλλοι
791 615 860 642 πάν-

69 671 110 693 τες
123 664 185 696 μιᾶς
204 662 302 697 βουλῆέ
319 659 389 696 ἦσαν
405 661 451 687 καὶ
465 659 593 695 γνώμης,”
607 660 757 694 ἀγαπητῶς
784 661 858 696 ἔχον-

71 716 112 737 τες
124 708 146 733 εἱ
159 707 345 742 βασιλεύοιντο
359 706 404 732 ὑπ’
420 707 528 741 ἐκείνῳ.
563 706 690 740 ’Δρίστην
707 706 761 741 γὰρ
780 705 858 742 βασι-

71 753 139 778 λεῖεν
156 751 225 778 εἶναι
239 753 270 778 οὺ
288 751 337 787 τὴν
352 752 508 786 κληρωτὴν,
525 751 561 786 ἢν
576 751 676 786 ὸλίσθῳ
692 751 777 787 τύχης
805 753 858 779 τινὶ

70 799 123 824 ἐστι
135 799 282 832 λαγχάνειν
298 798 345 824 καὶ
362 797 406 823 τὸν
421 797 540 830 ἀνάξιον,
557 797 617 823 οὐδέ
633 805 665 830 γε
680 797 729 830 τὴν
741 797 795 824 ἀπὸ
812 798 859 831 γέ-

71 852 139 875 νους,
158 845 197 874 et;
208 844 244 878 ἢν
259 842 511 878 παρεισφθαρέντες
537 842 667 874 πολλάκις
697 842 858 870 λανθάνουσι

70 890 114 916 καὶ
134 890 158 916 οἱ
185 890 323 920 κάκιστοι,
355 888 400 920 οὓς
420 888 452 922 δὴ
483 888 529 914 καὶ
541 888 769 923 ἀποδοκιμάσειεν
795 890 828 915 ἂν
844 889 858 915 ὁ

70 935 166 969 ἀγαθὸς
180 935 273 969 ἄρχων
289 935 338 962 καὶ
357 935 386 960 ὲν
407 934 535 970 ὑπηκόων
565 933 740 968 ἐξετάζεσθαι
765 934 857 970 μοίρᾳ,

914 343 1015 376 μᾶλλον
1032 344 1190 380 καθάρσεως
1205 344 1254 370 εἴτ’
1266 342 1312 371 οὖν
1332 345 1499 375 παιδεύσεως
1513 345 1551 376 είς
1566 344 1596 370 τὸ
1609 344 1699 376 καλῶς

914 390 1065 425 βασιλεύειν
1084 390 1208 425 δεόμενον
1225 391 1380 425 ἀκάθαρτον
1407 387 1478 416 εἴναι
1497 390 1624 424 μάλιστα,
1640 390 1699 424 ἅμα

912 435 1078 469 γεννηθέντα
1093 436 1140 461 καὶ
1154 436 1212 470 ἃμα
1228 437 1345 470 τρυφαῖς
1362 435 1408 461 καὶ
1434 436 1585 465 σπατάλαις
1611 444 1702 469 παρα-

914 480 1052 514 ληφθέντα
1067 480 1232 515 βασιλικαῖς,
1249 481 1450 516 ὑφεδρευούσης
1467 480 1517 514 μὲν
1544 480 1699 512 κολακείας,

913 526 1035 552 ἐκποδὼν
1050 526 1072 553 δ’
1086 525 1168 561 οὗσης
1184 526 1326 561 ἀληθείας,
1342 527 1388 553 καὶ
1418 527 1472 553 τῶν
1491 527 1630 553 κακίστων
1661 527 1701 558 ὡς

912 571 1066 598 καλλίστων
1091 573 1342 607 ὑποκοριζομένων,
1370 572 1407 603 ὡς
1436 573 1450 598 ὁ
1478 572 1592 601 παλαιὸς
1621 573 1700 606 λόγος

912 616 980 652 ἔχει,
993 617 1037 644 ὅτε
1052 618 1098 644 καὶ
1109 617 1139 644 τὸ
1152 617 1268 652 ἐμμελὲς
1285 617 1393 652 βήττειν
1403 618 1511 644 ἀκούειν
1526 615 1560 654 ἦν
1575 619 1607 644 ἐκ
1621 619 1700 645 κολά-

912 672 968 690 κων
982 662 1020 699 τῷ
1036 663 1094 698 ἅμα
1111 663 1160 698 μὲν
1172 663 1284 698 ἄρχοντι
1293 663 1350 698 ἃμα
1363 663 1390 690 δὲ
1416 664 1559 698 πάσχοντι,
1587 665 1638 691 κάν
1658 672 1700 696 τις

911 709 1045 736 νουθετῶν
1074 709 1226 744 ὑπογρὺξῃ,
1242 709 1279 741 ὡς
1301 709 1412 741 δύσνους
1440 709 1487 735 καὶ
1512 711 1640 742 κάκιστος
1658 710 1699 737 δι-

912 755 1051 787 εϐάλλετο,
1067 755 1104 787 ὡς
1112 755 1161 790 τὴν
1180 755 1341 790 παραίνεσιν
1356 754 1503 790 πρόσταξιν
1518 755 1644 790 ἐχόντων,
1667 756 1700 782 Οἱ

911 799 938 826 δὲ
954 800 1001 826 καὶ
1014 800 1049 826 τὰ
1058 800 1188 834 γινόμενα
1198 798 1419 834 δυσχεραίνοντες
1436 799 1511 824 οὐδὲν
1526 796 1606 833 ἦττον
1617 797 1700 825 κολα-

911 845 1048 877 κεύουσιν,
1077 844 1310 880 ἀποσεμνύνοντες
1334 844 1416 871 πλέον
1442 844 1488 870 τοῦ
1520 844 1630 879 μετρίου
1653 845 1700 870 τὸν

910 891 1039 925 ἄρχοντα,
1072 890 1118 918 καὶ
1148 890 1194 917 τὸν
1217 889 1302 924 τῦφον
1324 890 1514 922 συναύξουσιν.
1540 890 1654 916 Ἐκεῖνοι
1670 890 1700 917 δὲ

910 935 1004 967 ὥσπερ
1021 935 1068 962 ἐπὶ
1098 937 1202 971 σκηνῆς
1232 935 1349 969 διάφορα
1374 935 1536 969 προσωπεῖα
1561 933 1698 969 περιτιθέ-

71 981 133 1007 ἁλλὰ
145 981 193 1015 τὴν
208 981 238 1012 ἐξ
253 980 354 1015 ἀρετῆς
370 981 416 1006 καὶ
431 980 594 1014 δοκιμασίας
621 981 738 1015 ἀρίστης
753 977 791 1007 ὧν
808 981 858 1016 ἀρε
873 980 894 1007 Β
910 991 996 1018 μενοι,
1010 983 1077 1018 πρὸς
1089 983 1120 1009 τὺ
1136 983 1254 1018 ἀρίστως
1267 981 1420 1017 βασιλεύειν
1433 981 1463 1008 τὸ
1475 982 1552 1015 γένος
1567 981 1698 1016 ἐχέγγυον

71 1035 124 1061 χειν
140 1026 241 1061 μέλλει.
258 1026 333 1062 Δῦτη
345 1026 399 1060 γὰρ
416 1027 461 1053 καὶ
479 1025 620 1062 λυσιτελὴς
631 1027 689 1058 τοῖς
714 1026 856 1062 πλήθεσιν,

71 1073 173 1099 εἰδότων
198 1073 254 1098 τῶν
276 1073 317 1102 εἰς
343 1072 430 1106 ἀρχὴν
456 1072 650 1098 καταστάντων
668 1071 714 1098 ἐπὶ
727 1072 780 1098 τίνι
809 1073 857 1099 καὶ

71 1117 305 1152 προσεκλήθησαν.
322 1117 423 1151 ’ἰατρὸν
436 1116 491 1151 γὰρ
507 1115 569 1143 οὔτε
581 1117 626 1144 τὸν
649 1118 681 1144 ὲκ
701 1117 788 1152 τύχης
797 1117 859 1145 οὔτε

70 1164 112 1189 τὸν
123 1164 154 1189 ἐχ
166 1163 262 1197 γένους
273 1163 313 1194 είς
329 1162 358 1188 τὸ
367 1163 455 1189 ποιεῖν
466 1162 562 1196 ὑγείαν
580 1163 636 1194 τοῖς
648 1162 770 1190 νοσοῦσιν
784 1163 858 1196 ἀξιό-

72 1217 153 1243 χρεων
170 1209 298 1243 εἴποιμεν
315 1217 321 1223 ·
339 1209 386 1235 καὶ
403 1209 427 1235 ει
438 1209 470 1234 ὲκ
485 1208 580 1242 γένους
595 1208 639 1234 τὸν
655 1208 857 1243 κυϐερνήσοντα

72 1255 258 1290 ἐγκρινοῦμεν,
274 1254 493 1290 καταποντιστὴν
523 1254 623 1289 μᾶλλον
647 1253 664 1289 ἢ
686 1254 857 1292 κυϐερνήτην

910 1027 1022 1061 οἴονται,
1038 1027 1132 1063 ὥσπερ
1153 1029 1182 1054 ἐν
1203 1028 1264 1059 ταῖς
1296 1027 1418 1062 πρώταις
1445 1027 1499 1054 τῶν
1533 1027 1698 1062 σπερμάτων

910 1073 1074 1104 καταϐολαῖς
1090 1072 1239 1107 βασιλικῶν
1250 1080 1332 1098 τινων
1353 1072 1494 1106 δυνάμεων
1518 1073 1559 1103 είς
1581 1072 1698 1106 ἀρίστην

907 1119 1056 1154 ἠγεμονίαν
1070 1118 1197 1146 ὲνουσῶν.
1215 1118 1309 1146 Ταῦτα
1319 1118 1444 1152 λέγοντες
1458 1118 1600 1145 ἐπέκειντο
1615 1118 1698 1145 πλέον

907 1164 972 1191 ίδείν
984 1165 1030 1191 τὸν
1043 1165 1177 1199 δεσπότην
1189 1164 1237 1191 καὶ
1250 1164 1431 1199 στεφηφὸρον,
1441 1165 1487 1190 καὶ
1501 1164 1597 1199 ἤνυτον
1611 1172 1697 1198 προσ-

905 1211 1104 1245 αναγκάζοντες
1121 1210 1249 1246 συνεχῶς.
1266 1209 1310 1247 [Ρ.
1323 1209 1370 1246 58]
1383 1207 1439 1237 Ἦν
1452 1210 1506 1245 γὰρ
1523 1209 1570 1236 καὶ
1597 1210 1611 1237 ό
1637 1210 1697 1237 Πα-

905 1257 1046 1292 λαιολόγος
1060 1256 1184 1284 ἐντεῦθεν
1198 1256 1395 1292 συγκροτηθεὶς
1407 1254 1440 1284 τὰ
1457 1255 1525 1283 αὐτὰ
1539 1256 1635 1292 λέγων,
1648 1257 1697 1284 καὶ

851 1329 922 1374 ΙΙ.

72 1393 96 1420 Ι.
110 1393 143 1420 Ut
154 1393 284 1421 Arrenius
300 1393 453 1434 patriarcha
467 1393 495 1420 in
510 1391 688 1435 sollicitudine
716 1392 797 1427 fuerit
825 1396 856 1420 ob

378 1436 418 1456 res
434 1436 549 1463 tmpmt.

102 1484 156 1520 90
167 1486 201 1512 At
218 1485 339 1512 Arsenio
364 1485 527 1520 patriarchae
547 1494 678 1514 ttovarum
695 1486 858 1514 sollicitudi-

70 1538 129 1557 num
146 1531 257 1558 initium
272 1530 363 1557 attulit
376 1538 473 1566 magna
488 1535 516 1558 et
529 1531 715 1559 ineluctabilis
737 1532 857 1560 necessi~

908 1396 1060 1430 perautium
1075 1400 1175 1430 pestes,
1207 1395 1377 1422 adulatorum
1411 1402 1518 1430 greges,
1546 1395 1584 1422 ita
1603 1396 1696 1431 tlepra.

909 1447 973 1469 vattt
991 1447 1081 1469 utnec
1092 1449 1201 1470 sensum
1215 1442 1315 1469 habere
1327 1441 1450 1468 veritatis
1464 1442 1696 1469 assentationihue

907 1489 1034 1520 exclusae,
1053 1488 1246 1524 uecjtttlicium
1274 1487 1342 1515 recti
1363 1492 1392 1515 et
1404 1488 1485 1523 aequi,
1506 1494 1555 1514 aut
1582 1488 1695 1516 fortnam

908 1541 1007 1568 capere
1034 1533 1165 1561 ntoderati
1191 1533 1334 1568 regimittis
1368 1533 1487 1566 valeant,
1516 1534 1608 1569 utique
1633 1541 1695 1562 cum

70 1582 107 1604 las
117 1577 265 1604 imminens
279 1577 412 1605 evehendi
438 1576 619 1613 Palzeologum
641 1581 675 1604 ad
700 1577 855 1612 ituperittm.
871 1570 892 1598 (ἶ
909 1579 954 1613 qtti
972 1587 1066 1606 eorum
1083 1584 1110 1606 et
1122 1579 1208 1606 latera
1219 1579 1382 1606 obsidentet
1393 1579 1504 1606 auribus
1525 1579 1694 1607 insidiantur

69 1623 130 1650 Nam
144 1629 245 1658 pra-ter
260 1630 361 1658 paucos
376 1628 543 1650 momentum
560 1631 613 1652 non
631 1624 771 1656 habentes,
783 1624 855 1658 qttod

69 1678 155 1697 eorum
172 1669 306 1703 suﬂragia
321 1669 495 1696 multitudine
524 1670 726 1698 contrariorum
754 1671 855 1698 obruc-

70 1722 167 1747 rctttttr,
195 1714 329 1742 concordi
356 1722 451 1742 omnes
467 1715 558 1742 studio
580 1715 606 1742 in
633 1723 714 1742 ttnant
743 1721 854 1743 sentcn-

71 1763 128 1788 tiatu
147 1761 373 1796 desideriumque
389 1760 584 1796 conspirabant
597 1761 747 1797 Palzeologo
760 1767 789 1789 ut
802 1763 853 1789 im-

71 1809 180 1842 peratori
210 1807 364 1835 serviendi.
383 1805 467 1842 Vulgo
496 1810 526 1834 ut
554 1808 684 1842 optimam
708 1807 856 1836 laudabattt

70 1861 124 1880 (‘Ill
143 1856 252 1881 demutn
279 1853 450 1888 principatus
470 1852 600 1885 formam,
627 1861 688 1888 qua:
719 1854 854 1888 principis

70 1900 194 1927 delectum
223 1907 280 1927 non
303 1898 487 1933 praerogativae
516 1899 625 1933 generis
650 1899 802 1932 addiceret,
822 1907 855 1927 ac

71 1945 105 1970 sic
122 1945 294 1979 permitteret
321 1943 438 1971 arbitrio
453 1944 546 1977 sortis,
561 1945 638 1978 cujus
653 1946 798 1972 temerario
812 1944 855 1978 ju-

70 1991 134 2016 diem
147 1991 220 2017 velut
246 1997 320 2017 ca-co
351 1990 415 2017 aleae
441 1997 505 2017 casu
537 1998 590 2016 tton
614 1990 704 2018 solum
727 1991 853 2025 indignus

70 2036 195 2062 interdum
219 2035 417 2070 prmiiccretttr,
441 2034 490 2063 sed
514 2035 541 2062 itt
570 2044 706 2063 summum
723 2044 794 2071 salpe
815 2038 855 2064 lo-

70 2088 125 2107 cum
138 2082 296 2116 irrepercnt
316 2081 425 2116 prssitni
453 2081 587 2115 homines,
607 2086 635 2108 et
661 2082 770 2110 omnino
787 2082 854 2110 tales

71 2134 132 2160 quos
154 2127 175 2154 si
200 2127 270 2154 satis
303 2127 456 2161 exploraret
472 2127 562 2162 gravis
586 2132 612 2154 et
636 2133 763 2155 accurata
788 2135 853 2155 cens

70 2174 194 2205 sttra,vix
212 2174 239 2200 in
258 2172 382 2199 inllmuut
407 2173 579 2200 subditorum
610 2174 723 2208 gradum
755 2174 853 2201 admit-

72 2217 328 2245 teret.’l‘utissimum
345 2226 403 2245 esse
415 2219 489 2246 illtttn
506 2219 586 2254 igitur
599 2220 715 2254 eligendi
731 2220 852 2253 modum,

71 2271 118 2298 quo
129 2265 182 2292 vita
199 2264 261 2299 ejus
277 2268 306 2291 et
324 2272 414 2291 mores
432 2266 477 2299 qtti
496 2266 695 2299 promovendus
709 2270 760 2299 est,
780 2266 852 2300 ipso-

70 2317 124 2337 rum
139 2313 241 2346 quibus
258 2315 302 2339 est
327 2311 490 2346 przel'uturus
506 2312 690 2345 subjiciuntur
707 2313 825 2339 examini
845 2321 852 2340 :

70 2357 141 2385 istam
159 2359 233 2385 enim
264 2357 398 2385 rationem
425 2363 453 2385 et
471 2358 577 2393 populis
609 2365 686 2392 aeque
703 2358 796 2385 utilem
826 2363 853 2385 et

70 2404 128 2438 ipsis
146 2404 332 2439 principibus,
359 2405 454 2439 utique
469 2412 517 2439 per
541 2413 599 2431 eam
636 2404 851 2439 intelligentihtts

69 2457 112 2476 cur
125 2457 150 2478 et
179 2451 212 2477 ad
235 2451 302 2485 quid
337 2451 418 2478 oﬂit-ii
448 2456 588 2478 vocentur.
614 2451 686 2478 Sane
713 2459 850 2486 nunquam

69 2496 213 2526 dixerimus
230 2497 405 2531 aptissimum
438 2497 496 2524 fore
521 2497 595 2524 illum
627 2505 698 2530 ξιιμ-ο
731 2497 853 2524 cttrautlo

68 2543 208 2574 medicum,
222 2551 304 2576 quem
321 2551 403 2577 genus
414 2548 460 2570 aut
477 2543 585 2570 fortuna
616 2543 850 2575 conttnen-larittt;

68 2593 92 2614 et
107 2589 128 2615 si
144 2597 176 2616 ex
190 2596 292 2624 genere
318 2589 526 2622 gubernatorem
551 2589 711 2623 navigantes
727 2589 852 2615 adscive-

68 2635 159 2667 rittttts,
176 2636 368 2661 demersorem
386 2635 474 2668 potius
488 2643 569 2670 quam
600 2634 692 2661 utilem
717 2640 849 2662 rectorem

68 2680 235 2714 imponemus
259 2681 334 2707 navi.
364 2680 516 2708 Periculum
549 2689 631 2715 porro
663 2688 778 2708 essene
807 2681 852 2715 qui

69 2733 124 2753 sunt
137 2728 163 2754 in
177 2735 262 2762 regno
275 2727 330 2753 nati
344 2727 464 2753 omnium
483 2727 539 2754 sint
561 2727 726 2761 itteptissitni
741 2727 773 2754 ad
790 2735 851 2761 per-

69 2772 213 2805 cipiendam
227 2771 399 2798 institutione
416 2771 468 2806 91
480 2771 650 2804 disciplinam
668 2777 748 2806 atque
763 2776 849 2798 artem

71 2822 137 2844 rt-ute
169 2815 396 2844 administranda:
422 2816 587 2851 reipubltcae,
609 2817 708 2851 quippe
735 2825 801 2850 qttos
825 2821 852 2843 ct

73 2861 180 2896 deliciae,
199 2864 226 2891 itt
241 2870 358 2898 quarum
371 2863 431 2890 sinu
448 2863 616 2896 nutriuntur,
634 2867 659 2890 el
675 2862 788 2890 a~sitlum
799 2863 850 2889 itn-

907 1623 1037 1651 iudividtti
1053 1625 1180 1656 comites,
1199 1623 1232 1651 ad
1258 1625 1374 1659 gratiam
1391 1624 1465 1659 loqui
1485 1625 1578 1652 omnia
1595 1626 1693 1660 parati,

907 1669 1168 1704 pessimajqumque,
1194 1673 1224 1696 ut
1256 1674 1334 1696 vetus
1365 1669 1476 1696 verbum
1507 1669 1599 1701 habet,
1632 1670 1692 1705 pul-

906 1715 1101 1742 chcrrimarum
1118 1721 1207 1741 rerum
1231 1714 1411 1748 appellatione
1432 1714 1622 1747 cohonestent,
1640 1723 1692 1743 ttsu

906 1761 1023 1787 subactis
1038 1761 1189 1795 principum
1208 1760 1306 1787 animis
1318 1760 1350 1786 ad
1382 1760 1434 1787 ista
1459 1765 1486 1787 et
1503 1761 1643 1788 toleranda
1662 1767 1690 1788 et

905 1807 1050 1839 credenda,
1065 1807 1133 1834 adeo
1145 1806 1266 1833 utetiam
1283 1805 1398 1834 libenter
1410 1806 1520 1833 audiant
1533 1807 1600 1834 viles
1613 1807 1694 1835 istius

906 1853 979 1880 itecis
998 1852 1135 1879 houtintttn
1148 1857 1237 1883 voces,
1253 1851 1352 1886 quibus
1365 1851 1529 1878 ntodulatam
1543 1853 1625 1879 etiam
1639 1853 1693 1882 sibi

905 1898 990 1926 videri
1002 1897 1161 1932 mgrotantis
1177 1897 1310 1932 principis
1324 1897 1419 1925 tussim
1444 1897 1616 1932 putidissintc
1632 1906 1695 1934 gar-

906 1943 1108 1976 riunt.Qttibtts
1140 1943 1162 1970 si
1188 1944 1286 1970 audeat
1310 1943 1475 1970 intervenire
1499 1944 1629 1979 quispiam
1647 1952 1693 1972 sa-

905 1990 992 2023 piens,
1011 1994 1106 2024 etquae
1120 1997 1183 2016 vera
1198 1990 1307 2024 etjusta
1325 1995 1389 2017 sunt
1423 1990 1540 2023 hiscere,
1564 1991 1694 2019 contitttto

905 2038 934 2060 ut
946 2034 1122 2062 deiectionem
1135 2035 1268 2062 meditans
1282 2035 1395 2062 etltomo
1408 2036 1590 2070 nequissimus
1601 2036 1694 2064 tradu-

905 2080 986 2112 citur,
1000 2080 1033 2107 iis
1044 2080 1177 2114 siquidem
1193 2080 1237 2114 qtti
1255 2081 1296 2107 sic
1307 2081 1442 2115 itnperattt
1455 2081 1543 2108 muttis
1571 2082 1694 2110 admoni-

905 2126 986 2153 tionis
1001 2125 1059 2153 loco
1072 2125 1195 2152 absoluta
1210 2130 1237 2152 et
1248 2125 1388 2152 liberrima
1409 2126 1517 2159 quidvis
1541 2128 1690 2161 imperandi

905 2172 1014 2199 licentia
1023 2177 1075 2203 est,
1088 2179 1148 2199 cutn
1163 2172 1271 2198 interim
1290 2172 1338 2206 ipsi
1353 2180 1460 2206 quoque
1472 2173 1516 2206 qui
1533 2180 1564 2200 ea
1580 2174 1693 2202 tnolesle

906 2217 1006 2250 lerunt,
1022 2217 1148 2244 accinere
1173 2217 1375 2245 asscntantibus
1401 2222 1544 2252 cogantur,
1560 2223 1586 2245 et
1620 2219 1690 2247 ultra

904 2269 1010 2289 ountem
1036 2262 1145 2289 modum
1169 2261 1351 2297 qualicunque
1378 2262 1492 2298 principi
1508 2264 1629 2291 encomia
1649 2265 1692 2292 vcl

906 2308 1023 2335 maxima
1039 2308 1139 2340 dicere,
1162 2308 1261 2342 quibus
1273 2307 1378 2335 scilicet
1394 2309 1479 2344 magis
1493 2309 1634 2344 magisque
1650 2315 1693 2338 tu-
1739 2323 1743 2327 -

907 2354 996 2382 mitius
1010 2354 1069 2389 ejus
1085 2354 1194 2381 animus
1213 2353 1333 2381 inﬂatur.
1348 2355 1435 2389 Atque
1450 2355 1501 2382 ltoc
1518 2363 1602 2389 genus
1616 2356 1693 2390 prin-

905 2401 990 2435 cipes,
1006 2401 1128 2427 diversas
1142 2400 1193 2427 sibi
1210 2399 1299 2427 larvas
1315 2400 1389 2427 velut
1405 2401 1432 2428 itt
1447 2408 1528 2428 scena
1553 2401 1693 2436 imponen-

906 2450 957 2479 tes,
976 2445 1008 2474 ad
1019 2446 1121 2481 optime
1138 2446 1323 2481 imperandum
1335 2447 1441 2474 abunde
1454 2451 1550 2481 putant
1565 2447 1691 2476 sullicere

905 2493 1012 2526 generis
1027 2492 1092 2527 regii
1105 2491 1357 2527 claritatetu,qttasi
1386 2493 1555 2521 nascentium
1577 2494 1603 2521 in
1624 2501 1695 2529 pur-‘

905 2546 971 2572 pura
991 2538 1152 2573 primigenia
1165 2539 1222 2573 ipsa
1241 2538 1346 2565 semina
1370 2539 1424 2566 vim
1440 2540 1586 2573 quamdam
1613 2547 1694 2568 arcas

905 2593 966 2612 nam
988 2593 1082 2612 secum
1102 2585 1217 2618 ferrent,
1233 2585 1336 2612 (lotium
1350 2586 1382 2612 ad
1395 2585 1526 2619 praeclare
1551 2586 1690 2620 imperan-

904 2632 967 2659 duttt
995 2631 1210 2659 necessariarum
1245 2632 1438 2666 pra-bitricem.
1476 2632 1538 2660 llaec
1567 2633 1689 2660 dicentes

904 2678 1115 2706 cxardescehant
1135 2678 1160 2705 in
1182 2678 1367 2713 impatientem
1393 2678 1550 2706 instantiam
1580 2679 1689 2706 videndt

904 2724 1077 2760 praepositum
1096 2724 1177 2751 rebus
1192 2731 1285 2751 verum
1313 2724 1452 2751 dominum
1483 2729 1510 2752 et
1536 2732 1637 2752 corona
1650 2725 1692 2752 die

904 2778 997 2804 gnum,
1023 2777 1107 2804 seque
1131 2774 1272 2805 compotes
1291 2775 1428 2802 votorum,
1444 2776 1538 2806 utpote
1553 2771 1691 2807 subjectos

904 2816 1016 2851 principi
1030 2815 1090 2850 ejus
1115 2816 1208 2843 forma:
1223 2824 1302 2851 quam
1318 2817 1528 2852 descripserant.
1545 2818 1570 2846 ls
1583 2825 1690 2853 quoque

905 2863 963 2896 ip~c
977 2869 1056 2896 quem
1074 2863 1135 2890 istis
1161 2863 1274 2891 vocibus
1304 2863 1494 2897 designabant,
1520 2864 1688 2897 Palmologus
