1935 3071
554 80 559 94 l

239 126 291 159 527

848 122 1010 154 GEORGII
1030 121 1271 152 PACHYMERE

1817 119 1875 152 5⁵18

236 187 273 217 ὼς
287 185 312 211 εί
326 183 363 221 μὴ
374 182 448 216 ἄξιος
461 181 510 216 τῆς
524 180 672 216 ἡγεμονίας
683 180 790 216 κριθείη
803 181 848 208 καὶ
864 181 913 213 όὲξ
931 179 1024 213 αὑτοῦ,
1041 182 1062 210 Α
1079 181 1226 216 ἀργοῦντος
1239 180 1267 206 δὲ
1285 180 1332 206 καὶ
1347 179 1394 205 τοῦ
1407 179 1529 215 σιδήρου,
1545 179 1583 210 ὼς
1600 179 1793 215 ἐπηρτημένου
1824 180 1877 205 καὶ

236 231 319 262 αὐτὸς
349 228 472 256 ἐντεῦθεν
502 228 604 254 ἐκεῖνον
629 227 842 261 ἀποψηφίζεται.
873 226 945 261 Πλὴν
978 226 1024 253 καὶ

237 277 324 305 πο).λά
337 284 397 303 τινα
412 274 562 310 κατορθοῦν
587 273 754 307 ὑπισχνεῖτο,
770 272 819 308 τὴν
836 272 886 307 μὲν
910 272 1025 306 Ἐκκλη-

236 323 297 350 σίαν
313 320 431 352 availaon
447 319 594 350 ὃσον,τοὺς
607 319 629 344 δ’
643 318 808 353 ίερωμὲνους
819 318 866 344 καὶ
881 317 961 343 πλέον
976 316 1024 343 τοῦ

237 369 349 403 μετρίου
361 367 453 401 τιμᾷν,
468 365 557 398 ἀξίαις
571 373 600 391 τε
617 365 758 399 μεγίσταις
773 363 820 389 καὶ
843 364 906 394 τοὺς
932 363 1025 394 ἀξίους

235 414 289 441 τῶν
300 414 328 440 ὲν
341 412 411 439 τέλει
424 411 615 446 προσιὸάζειν,
637 410 683 436 καὶ
701 409 805 444 κρίσεις
821 408 1025 443 ὑπεραποδέχε-

236 459 299 486 altat
312 458 429 490 δικαίας,
443 457 490 483 καὶ
505 457 567 487 τοὺς
593 455 723 490 ἀῤῥεπὼς
740 454 898 490 κρινοῦντας
923 452 1024 487 ἐγκαθ-

236 505 324 539 ισοᾷν,
336 500 372 529 ὧν
392 503 440 529 καὶ
459 502 531 537 μάλα
546 502 593 528 καὶ
617 499 768 535 πρώτιστον
787 500 833 526 τὸν
858 499 950 526 Κακδν
969 499 1025 526 Μι-

238 550 309 585 χαὴλ
319 549 367 576 καὶ
383 548 556 583 Σεναχηριὶμ
571 546 798 580 ἐπικεκλημένον,
812 542 842 572 εὖ
862 545 916 572 τῶν
937 545 1024 579 λόγων

234 598 281 623 καί
295 596 349 622 τῶν
362 595 453 630 νόμων
467 594 574 629 ἔχοντα,
590 594 620 619 ἐν
635 591 674 627 τῷ
690 591 780 618 δοῦναί
801 592 826 617 oi
845 591 892 618 καὶ
918 599 1024 625 πρωτο-

234 641 387 676 αοηκρῆτις
414 639 498 667 πάλαι
525 638 639 665 σϐεσθὲν
668 637 788 672 ἀξίωμα,
821 637 868 664 καί
889 637 914 663 ei
936 636 1024 663 θέλειν

233 687 386 722 ἀσηκρῆτις
400 685 544 717 ὑποτάξαι,
562 685 606 718 ἐφ’
619 681 641 718 ᾧ
653 683 810 714 ἀδεκάστως
823 683 870 710 καὶ
881 681 1023 717 ἀνεριοεύο

233 741 287 764 τως
316 731 445 766 κρίνοιεν.
478 730 538 756 Ἔτι
569 737 599 755 τε
614 729 691 762 λόγον
717 728 833 763 τιμῆσαι
860 727 982 757 καὶτοὺς
995 726 1024 752 ἐν

234 779 306 814 λόγῳ
337 777 402 812 περὶ
433 775 561 802 πλείστου
586 774 642 801 τῶν
663 774 749 801 ἄλλων
771 774 869 800 ποιεῖν.
893 772 930 799 Τὸ
947 772 975 798 δέ
991 780 1024 805 γε

235 822 431 860 στρατιωτικὸν
437 820 686 856 ὑπεραγαπᾷν,καὶ
698 820 748 851 τὰς
761 819 873 846 ἐκείνων
885 817 1022 853 προνοίας,

234 870 286 897 κᾶν
303 869 332 896 ὲν
348 867 459 902 πολέμῳ
474 867 600 893 πίπτοιεν
615 865 666 891 κᾶν
680 864 891 898 ἀποθνήσκοιεν,
910 864 1021 898 γονικὲις
1039 860 1059 887 Β

233 913 401 949 ὲγκαθιστᾷν
421 913 477 943 τοῖς
493 912 583 943 παισὶ,
600 911 652 938 κᾶν
664 918 734 936 τισιν
749 910 776 936 αι
799 910 928 943 γυναῖκες
953 908 1024 935 κατὰ

233 959 352 994 γαστρὸς
378 958 465 993 ἔχοιεν
488 957 519 983 τὸ
546 955 776 992 κυοφορούμενον.
808 953 985 989 Εἰσπράξεων
1001 953 1023 979 δ’

235 1006 336 1034 ἀδίκων
350 1004 411 1040 μηδ’
426 1004 511 1038 ὄνομα
522 1001 603 1035 εἶναι,
621 1001 689 1037 μηδὲ
704 1001 796 1036 χώραν
811 999 910 1026 διδόναι
930 999 1023 1026 διαδο-

233 1052 304 1085 λαῐς,
316 1049 465 1086 ἀργοῦντος
488 1049 537 1084 μὶν
554 1047 602 1075 τοὺ
618 1047 665 1074 ἐπὶ
696 1047 811 1078 ταύταις
845 1045 1022 1081 μονομαχίου,

233 1141 329 1169 eadem
342 1139 386 1167 illa
404 1139 577 1173 loquebatur,
594 1137 696 1165 addens
724 1137 808 1164 etiam
824 1143 864 1169 se,
897 1136 921 1164 si
951 1135 1022 1162 forte

234 1187 385 1222 imperaret
399 1189 426 1213 et
441 1184 526 1211 [ilium
548 1183 660 1211 haberet
676 1190 728 1210 non
754 1183 896 1218 praeditum
913 1183 1023 1209 dotibus

234 1233 394 1267 artibusque
411 1231 444 1258 ad
461 1231 530 1257 bene
550 1229 696 1265 regendum
716 1229 798 1263 aptis,
819 1229 889 1256 ultro
916 1228 1023 1255 abdica-

235 1283 327 1306 turum
345 1277 574 1310 redacturumque
601 1274 628 1301 in
651 1275 786 1302 ordinem.
811 1273 860 1301 His
884 1273 1024 1301 inserebat

235 1322 432 1359 promissiones
450 1321 609 1355 magniﬁcas
624 1319 861 1353 perliciendarum,
880 1320 903 1346 si
928 1318 1023 1346 decla-

235 1367 406 1403 raretur92
422 1366 582 1400 imperator,
598 1364 770 1391 laudatarum
784 1369 811 1390 ct
839 1366 947 1391 cunctis
973 1371 1022 1390 cx-

235 1414 380 1448 petitarum
399 1418 489 1438 rerum
510 1409 657 1437 Ecclesiam
673 1409 782 1443 quidem
810 1417 870 1437 sese
890 1410 918 1436 in
946 1409 1025 1436 altis-

235 1460 334 1485 simmn
365 1457 503 1491 fastigium
528 1461 698 1486 erecturum,
720 1462 815 1482 sacros
844 1462 908 1482 vero
942 1455 1021 1481 mini-

235 1509 308 1531 stros
336 1503 531 1530 bonoraturum
551 1500 777 1535 exquisitissime.
805 1500 939 1527 Praeterea
963 1509 1022 1527 ma-

236 1550 366 1584 gistratus
379 1553 406 1574 et
433 1546 612 1583 prefecturas
637 1553 690 1573 non
718 1547 770 1573 nisi
785 1547 873 1582 dignis
890 1554 921 1572 ex
938 1547 1025 1582 primo

236 1595 331 1623 ordine
355 1594 533 1621 tributurum.
563 1591 733 1619 Judiciurum
760 1599 855 1619 curam
883 1597 1024 1626 susceptu-

237 1648 308 1673 rum,
326 1644 355 1667 ut
374 1639 448 1674 juste
469 1646 501 1666 ac
515 1639 575 1666 sine
599 1639 734 1666 calumnia
765 1638 873 1670 tierent,
901 1637 1025 1672 mquiqne

237 1693 346 1715 tenaces
359 1691 386 1714 et
399 1685 559 1713 inﬂexibiles
573 1684 607 1712 ad
621 1685 737 1720 gratiam
753 1685 778 1712 ei
796 1685 834 1712 rei
854 1686 928 1712 viros
954 1692 1024 1718 pra:-

237 1733 383 1760 fccturum.
405 1732 489 1766 Cujus
507 1731 545 1759 rei
569 1730 624 1767 jam
644 1738 717 1758 nunc
740 1731 876 1766 specimen
904 1734 932 1757 et
948 1729 1026 1764 qna>i

236 1781 335 1815 pignus
349 1779 424 1806 dedit
437 1778 464 1805 in
480 1779 599 1812 quodatn
622 1777 765 1804 notissimo
781 1780 844 1803 tunc
864 1780 891 1803 et
904 1777 1025 1803 omnium

235 1828 324 1860 primo
341 1824 582 1859 judice,perdocto
595 1823 641 1850 illo
657 1823 765 1857 quidem
780 1827 808 1850 et
824 1822 1027 1849 cousultissimo

235 1871 314 1905 juris,
329 1870 375 1897 sed
390 1869 525 1904 iniustitia
535 1869 639 1902 infami,
657 1869 728 1895 unde
753 1868 829 1895 illum
854 1867 953 1894 Malum
977 1867 1028 1894 Mi-

238 1916 359 1943 chaelem
375 1920 403 1942 et
423 1915 638 1941 Seuacherihum
653 1914 733 1947 vulgo
757 1914 924 1941 vocitabant.
940 1913 1025 1946 Quem

237 1961 330 1997 specie
345 1961 457 1988 honoris
473 1960 498 1987 in
528 1965 666 1994 posterttm
694 1959 834 1986 coarcuit:
865 1959 1025 1986 exstinctam

238 2008 310 2036 enim
323 2007 398 2042 prius
418 2007 578 2042 dignitatem
601 2006 680 2040 primi
697 2013 713 2031 a
728 2004 840 2032 secretis
855 2005 1023 2032 resuscitans

237 2054 261 2082 ei
279 2053 408 2086 tradidit,
433 2052 582 2087 subiiciens
613 2051 653 2078 sic
682 2051 719 2078 illi
746 2057 900 2078 assessorcs
929 2050 1028 2077 multos

237 2099 337 2135 probos
353 2099 448 2126 virosa
468 2097 595 2130 secretis,
610 2097 662 2124 hoc
679 2101 720 2124 est
749 2096 859 2124 arcanis
887 2095 1026 2129 suffragiis

235 2145 415 2180 judicaturos,
439 2148 466 2171 et
495 2144 535 2171 sic
549 2145 617 2171 citra
634 2151 813 2179 personarum
840 2143 1026 2178 acceptionem

1076 225 1200 252 κινδύνου
1220 225 1359 259 μεγίστου,
1377 224 1403 250 εί
1424 232 1467 254 τις
1493 223 1603 258 τολμῴη
1624 223 1679 249 τῶν
1710 222 1876 257 δυναμένων

1075 271 1123 297 καὶ
1137 271 1165 297 ὲν
1180 272 1278 306 ἀρχαῖς
1290 270 1404 305 ὑπέχειν
1433 270 1479 296 τὸν
1509 269 1609 305 μύδρον
1635 268 1875 304 καταναγκάζειν.

1076 317 1117 342 Τὰ
1127 317 1156 342 δὲ
1171 317 1221 351 τῆς
1240 316 1379 346 πολιτείας
1395 315 1481 346 οὕτως
1493 315 1603 349 ἀφόϐως
1620 315 1649 341 ἐν
1663 314 1760 350 εἰρήνῃ
1776 315 1877 348 διατη-

1079 361 1196 396 ρεῖσθαι,
1210 361 1279 387 ὥστε
1295 361 1341 387 καὶ
1356 360 1421 391 τοὺς
1438 360 1610 395 ἀποροῦντας
1631 360 1680 386 καὶ
1706 360 1809 391 ίκαιιῶς
1821 359 1875 393 τῆς

1076 404 1233 442 περιουσίας
1257 407 1367 442 ἔχοντας
1385 406 1625 440 ἐπιδεικνυμένους
1644 405 1680 432 τὰ
1710 406 1876 440 ὑπάρχοντα

1075 453 1239 488 κυδροῦσθαι
1254 455 1300 480 καὶ
1311 455 1341 479 τὸ
1356 453 1488 486 παράπαν
1509 452 1546 487 μὴ
1560 452 1687 479 δεδιέναι.
1707 452 1770 477 Ἐπὶ
1787 452 1875 478 πᾶσιν

1077 500 1226 527 ὑπακούειν
1240 502 1290 535 τῆς
1311 500 1486 534 Ἑκκλησίας,
1502 501 1549 526 καὶ
1564 499 1670 534 μητέρα
1697 498 1803 534 ταύτην
1833 498 1875 530 ὡς

1076 545 1150 577 εἰκὸς
1164 546 1300 581 ἡγεῖσθαι,
1326 546 1372 572 καὶ
1389 546 1443 572 πᾶν
1459 546 1489 571 τὸ
1519 546 1560 576 εἰς
1589 545 1758 571 κατάστασιν
1784 545 1874 577 αὐτῆς

1076 591 1332 628 πραγματεύεσθαι.
1347 591 1440 618 Ταῦτα
1464 591 1492 617 δὲ
1520 591 1688 626 προσετίθει,
1706 591 1748 617 ὅτι
1771 591 1821 617 καὶ
1843 591 1874 616 ὲν

1076 639 1218 670 ὑπονοίαις
1233 639 1246 665 ὁ
1259 637 1466 673 προδασιλεύων
1481 635 1515 672 ἦν
1531 637 1577 663 τοῦ
1602 636 1785 672 καταφρονεῖν
1816 635 1872 661 τῶν

1076 684 1184 719 ἐκείνης
1211 683 1367 718 προνομίων
1397 683 1444 709 καὶ
1471 682 1619 718 βασιλικῶς
1636 681 1870 715 κατεπαίρεσθαι,

1075 729 1145 756 ὥστε
1164 729 1210 756 καὶ
1224 729 1271 756 ἐπὶ
1293 729 1401 760 πολλοῖς
1416 728 1462 754 τὸν
1478 727 1651 763 πατριάρχην
1663 726 1808 754 λυπεῖσθαι
1823 727 1871 753 καὶ

1074 775 1124 810 τὴν
1137 775 1182 801 τοῦ
1206 773 1271 801 λαοῦ
1297 773 1467 810 προστασίαν
1486 772 1761 808 ἀποπροσποιεῖσθαι,
1785 772 1871 807 μηδὲν

1075 821 1127 847 κᾶν
1139 819 1253 851 δικαίως
1275 819 1347 855 ὑπὲρ
1366 828 1448 846 τινων
1469 819 1544 853 λέγοι
1568 818 1787 852 είσακουόμενον.
1814 816 1870 845 Ἦν

1074 863 1120 892 οὖν
1135 865 1197 891 τότε
1212 865 1251 899 τῷ
1265 864 1434 899 πατριάρχῃ,
1451 865 1498 890 καὶ
1510 861 1551 895 οἷς
1574 864 1628 890 τῶν
1657 864 1810 899 ἀρχιερέων
1838 863 1870 889 τὸ

1076 912 1116 941 είς
1130 911 1161 938 τὸ
1179 910 1274 945 μέλλον
1289 911 1430 946 προμηθὲς
1452 907 1497 945 ἦν,
1526 910 1611 936 διττοί
1642 918 1713 941 τινες
1742 910 1870 943 λογισμοὶ

1076 957 1145 992 πρὸς
1166 957 1309 992 ἀμφότερα
1321 956 1467 990 κρούοντες
1487 956 1533 982 καὶ
1549 956 1719 991 ἑκατέρωθεν
1744 956 1868 990 ἰσχυροί.

1076 1003 1140 1029 Ὅῖε
1154 1004 1209 1038 γὰρ
1227 1003 1294 1038 πρὸς
1311 1002 1361 1037 τὴν
1374 1003 1423 1036 τῆς
1443 1001 1582 1035 βασιλείας
1596 1002 1732 1028 ὲντέλειαν
1752 1001 1870 1028 ἁποὸλέι

1075 1049 1165 1083 ψαιεν,
1179 1049 1226 1075 καὶ
1240 1048 1271 1075 τὸ
1285 1047 1351 1083 παρ’
1367 1047 1472 1082 ἀμφοῖν
1488 1047 1634 1083 βασιλέοιν,
1649 1047 1696 1074 τοῦ
1714 1048 1764 1083 μὲν
1778 1057 1870 1075 νεοκο-

1078 1135 1242 1167 decertaret,
1259 1141 1340 1163 nemo
1350 1139 1481 1163 contactu
1494 1134 1560 1163 ferri
1573 1135 1716 1164 candentis
1733 1137 1866 1165 innoce-t-

1076 1181 1139 1207 tiam
1158 1181 1297 1215 probaret,
1323 1181 1391 1209 satis
1420 1189 1504 1217 gnaro
1531 1189 1698 1217 unoquoque
1713 1184 1866 1218 magistra-

1076 1231 1152 1254 tuum
1170 1234 1297 1262 magnum
1315 1228 1378 1255 mali
1397 1228 1553 1262 gravissimi
1570 1229 1626 1256 sibi
1641 1229 1792 1264 periculum
1812 1230 1867 1257 ἰηι-

1077 1272 1206 1308 pendere.
1235 1274 1257 1300 si
1281 1272 1322 1300 vel
1342 1277 1448 1301 tantum
1474 1273 1645 1306 conniveret,
1671 1280 1700 1301 ut
1714 1276 1805 1309 quivis
1821 1277 1869 1303 de-

1075 1319 1146 1346 latus
1165 1319 1199 1346 ad
1218 1319 1435 1354 experimentum
1451 1327 1549 1347 massae
1575 1320 1719 1347 candentis
1746 1321 1870 1357 adigere-

1075 1370 1128 1392 tur.
1156 1365 1313 1398 Spondebat
1337 1365 1402 1400 quin
1426 1366 1508 1393 etiam
1523 1373 1657 1393 summam
1690 1368 1866 1395 securitatem

1075 1410 1151 1444 pacis
1169 1410 1294 1444 publicae,
1308 1417 1357 1444 per
1372 1416 1452 1444 quam
1466 1410 1549 1437 etiam
1568 1414 1662 1438 tenues
1680 1416 1708 1438 et
1724 1411 1800 1446 prius
1813 1411 1868 1448 93

1077 1460 1187 1488 egentes
1197 1455 1252 1490 jam
1272 1460 1376 1483 tantum
1390 1455 1572 1490 abundarent,
1583 1461 1612 1483 ut
1624 1464 1674 1485 nec
1683 1457 1752 1492 ipsis
1763 1458 1867 1486 deferet

1078 1501 1192 1528 facultas
1215 1500 1441 1528 ostentandarum
1469 1508 1551 1537 opum
1580 1507 1608 1530 et
1627 1510 1656 1530 se
1681 1503 1867 1538 familiamque

1079 1547 1229 1574 domestica
1248 1547 1326 1580 copia
1345 1547 1518 1581 lioneslandi,
1549 1548 1622 1575 omni
1651 1555 1766 1582 prorsus
1792 1556 1864 1577 metu

1078 1593 1184 1620 vacuis.
1198 1593 1284 1626 Super
1300 1593 1390 1619 omnia
1414 1593 1670 1621 obedientiSsimum
1685 1603 1758 1628 sese,
1775 1601 1804 1622 ut
1820 1603 1868 1630 par

1077 1645 1130 1670 est,
1159 1638 1287 1666 Ecclesia:
1320 1639 1507 1673 pra-biturum,
1537 1644 1564 1667 et
1593 1641 1687 1669 matris
1709 1641 1783 1668 illam
1809 1642 1870 1669 loco

1079 1686 1235 1716 ducturum,
1261 1685 1384 1720 nihilque
1409 1693 1462 1712 non
1481 1687 1637 1713 moliturum
1664 1688 1735 1722 quod
1763 1688 1795 1714 ad
1811 1688 1869 1722 ejus

1079 1735 1179 1758 statum
1196 1738 1344 1764 pacemque
1360 1732 1521 1759 servandam
1536 1733 1675 1760 videretur
1685 1734 1867 1762 conducihiie.

1078 1777 1107 1804 in
1130 1785 1184 1812 quo
1201 1782 1231 1804 ut
1249 1777 1432 1805 abundantius
1458 1779 1615 1813 religionem
1643 1784 1811 1813 ostentaret,
1826 1781 1869 1808 in-

1079 1824 1217 1850 citabatnr
1232 1831 1281 1858 spe
1301 1824 1513 1858 comparationis
1540 1831 1554 1851 a
1574 1825 1674 1860 populo
1691 1825 1869 1854 instituendas

1079 1869 1212 1896 factorum
1243 1877 1356 1896 suorum
1388 1869 1448 1904 ejus
1484 1871 1593 1904 generis
1623 1878 1684 1898 cum
1721 1873 1869 1900 contrariis

1077 1915 1210 1949 exemplis
1224 1915 1394 1950 imperatoris
1407 1923 1493 1950 nuper
1505 1916 1637 1948 defuncti,
1661 1918 1693 1944 de
1715 1925 1770 1952 quo
1793 1919 1866 1945 scie-

1078 1960 1124 1988 bat
1136 1960 1283 1988 invaluiSse
1299 1961 1480 1994 suspicionem
1499 1962 1572 1989 haud
1596 1965 1686 1998 magni
1701 1971 1762 1990 eum
1778 1964 1867 1992 facere

1079 2005 1207 2033 Ecclesiae
1220 2008 1423 2037 auctoritatem,
1444 2006 1595 2042 eﬂ‘erreque
1610 2015 1639 2035 se
1665 2009 1691 2035 in
1708 2015 1768 2035 eam
1795 2009 1867 2037 fastu

1079 2051 1163 2085 regio.
1186 2050 1263 2078 Unde
1277 2058 1303 2078 ct
1329 2053 1484 2086 contigerat
1507 2061 1539 2080 eo
1563 2059 1694 2089 regnante
1712 2055 1812 2083 multas
1827 2056 1869 2084 of-

1079 2097 1217 2125 fensiones
1232 2103 1259 2124 et
1274 2097 1383 2125 dolendi
1399 2105 1497 2127 causas
1512 2101 1677 2134 patriarcha:
1687 2100 1780 2128 offerri
1796 2102 1866 2129 adeo

1080 2149 1109 2170 ut
1122 2143 1177 2177 jam
1193 2151 1246 2171 non
1267 2146 1380 2171 auderet
1395 2146 1533 2180 suscipere
1559 2148 1742 2182 patrocinium
1760 2148 1866 2182 populi,

238 2191 298 2218 sine
311 2190 391 2218 ullius
407 2194 532 2225 respectu
559 2197 591 2217 ac
616 2190 794 2222 verecundia,
825 2190 895 2223 quod
920 2189 1024 2224 justum
1041 2190 1066 2220 D
1081 2196 1129 2216 nec
1146 2189 1352 2223 deprecatorem
1371 2198 1400 2218 se
1417 2191 1540 2227 ingerere
1558 2192 1584 2219 in
1600 2193 1727 2227 periculis
1754 2194 1869 2221 misero-

237 2242 310 2263 esset
323 2236 489 2263 decreturos.
507 2235 690 2263 Polliccbatur
705 2236 788 2262 etiam
803 2243 862 2263 sese
893 2235 1027 2262 litteratos

239 2281 339 2309 eximie
353 2281 490 2308 culturum
514 2280 743 2316 prmlaturumque
771 2281 888 2308 cunctis.
909 2281 949 2307 Ad
970 2281 1027 2308 hazc

238 2327 367 2355 eximiam
386 2335 450 2361 erga
475 2327 621 2354 militarent
646 2327 769 2354 ordinem
799 2327 940 2354 caritatem
965 2334 1028 2360 pro-

239 2374 376 2405 mittebat,
389 2373 532 2407 stipendiis
542 2372 575 2399 ad
596 2373 665 2399 diem
683 2372 872 2404 numerandis,
892 2371 1028 2398 donativis

241 2419 590 2453 reprzcsentmdis,eurum
607 2425 672 2445 vero
687 2418 733 2453 qui
762 2418 790 2445 in
815 2417 888 2445 bello
915 2417 1029 2444 cecidis-

240 2472 303 2495 sent
316 2471 344 2494 ct
356 2466 382 2494 in
401 2466 533 2500 obsequio
560 2465 717 2500 reipublicae
745 2465 827 2492 vitam
843 2463 1028 2500 px-ol‘udissent

241 2513 344 2545 liberis,
364 2512 386 2539 si
403 2519 472 2547 quos
501 2511 689 2546 reliquissent,
717 2511 806 2538 debita
833 2511 900 2545 patri
919 2511 1027 2545 prannia

242 2557 399 2591 reddendo;
415 2558 440 2584 in
452 2565 538 2592 eoque
555 2562 608 2584 tam
627 2557 784 2591 diligentem
810 2555 879 2588 fore,
894 2561 922 2582 ut
941 2557 962 2582 si
979 2564 1028 2582 cn-

240 2603 286 2638 jus
300 2603 382 2630 Occisi
407 2602 503 2630 militis
524 2610 593 2629 uxor
610 2609 751 2636 praegnans
775 2607 939 2636 superesset,
958 2601 1028 2628 fetus

245 2648 274 2675 in
289 2655 321 2675 ea
333 2647 455 2682 concepti
468 2647 661 2682 providentiam
678 2651 795 2682 gereret,
814 2646 894 2680 eique
920 2647 1025 2674 serVuri

243 2694 344 2721 mortui
375 2694 496 2727 parentis
529 2693 676 2720 honoraria
716 2696 835 2719 curaret.
864 2690 1028 2727 lnjustaruin

243 2746 325 2774 porro
338 2739 514 2766 exactionum
525 2746 558 2766 ne
573 2746 671 2766 nomen
686 2738 796 2773 quidem
816 2738 905 2765 audiri
933 2746 1011 2772 passu
1022 2752 1029 2758 -

243 2792 316 2812 rum.
343 2784 398 2813 Nec
416 2785 505 2813 locutu
525 2784 652 2812 daturum
679 2784 842 2817 calumniis;
871 2785 943 2811 unde
973 2784 1028 2819 janl

244 2837 326 2859 nemo
342 2832 376 2860 ad
393 2838 487 2860 earum
510 2829 698 2866 depulsionem
724 2830 853 2866 singulari
880 2831 1030 2858 certamine

1079 2243 1150 2267 rum,
1164 2235 1293 2270 quoniam
1312 2243 1364 2263 non
1379 2242 1501 2272 speraret
1519 2245 1549 2265 se
1569 2239 1691 2266 auditunt
1716 2239 1761 2273 iri,
1776 2248 1866 2274 quan-

1079 2281 1178 2308 tumvis
1187 2289 1264 2316 atqua
1284 2282 1394 2310 diceret.
1411 2283 1489 2311 Tunc
1502 2292 1582 2318 porro
1598 2285 1754 2319 patriarcha
1764 2291 1790 2312 et
1805 2286 1822 2313 ii
1835 2295 1868 2313 cx

1078 2327 1247 2355 antistitibus
1259 2329 1303 2363 qui
1319 2328 1401 2356 futuri
1425 2330 1622 2364 providentiam
1640 2332 1869 2367 liabebaut,‘cogi-

1080 2373 1227 2401 tationibus
1255 2375 1370 2402 invicem
1389 2376 1511 2403 adversis
1536 2382 1560 2404 et
1578 2378 1665 2405 valide
1685 2379 1814 2413 utrinque
1839 2380 1867 2406 in

1079 2419 1215 2446 contraria
1246 2420 1450 2449 incurrentibus
1486 2422 1717 2452 distrahebantur.
1752 2424 1869 2458 Quando

1079 2467 1148 2492 enim
1175 2467 1274 2494 bonum
1302 2467 1407 2503 imperii
1429 2473 1530 2496 statum
1553 2472 1725 2505 reputabant,
1752 2475 1867 2506 praecla-

1079 2519 1137 2538 rum
1164 2513 1230 2547 ipsis
1250 2518 1277 2540 et
1296 2514 1394 2548 populo
1423 2515 1542 2542 salutare
1569 2516 1720 2548 videbatur.
1751 2518 1863 2544 admini-

1079 2558 1158 2584 strari
1185 2559 1378 2592 rempublicam
1407 2562 1516 2588 nomine
1541 2566 1622 2595 atque
1649 2563 1813 2589 auctoritate
1829 2565 1868 2591 si-

1080 2602 1133 2628 mul
1145 2601 1247 2635 junctis
1267 2604 1419 2638 principum
1439 2605 1553 2633 duorum
1569 2615 1577 2639 ;
1593 2606 1704 2634 alterius
1729 2608 1821 2642 pupilli
1839 2614 1867 2636 et

1080 2647 1105 2674 in
1121 2646 1267 2681 perfectam
1282 2654 1388 2678 aetatem
1404 2651 1493 2678 debita
1507 2659 1572 2679 cura
1585 2652 1717 2679 educandi
1731 2660 1738 2685 ;
1753 2652 1867 2680 alterius

1080 2700 1127 2727 per
1142 2700 1172 2720 se
1192 2693 1308 2721 valentis
1330 2703 1427 2730 resque
1446 2704 1526 2731 opera
1555 2697 1724 2732 consilioque
1746 2699 1866 2733 propriis

1080 2738 1209 2772 gerentis.
1223 2738 1328 2766 Rursus
1344 2749 1405 2768 cum
1418 2742 1604 2769 extendebant
1619 2745 1742 2769 animum
1763 2743 1789 2770 in
1803 2752 1867 2778 pro-

1081 2782 1210 2809 visionem
1225 2791 1315 2811 rerum
1330 2785 1495 2819 futurarum,
1512 2787 1576 2815 hinc
1603 2787 1713 2822 quidem
1731 2794 1865 2816 occurre-

1081 2830 1125 2856 bat
1150 2835 1280 2863 quautum
1311 2834 1461 2866 exspectari
1485 2834 1547 2862 boni
1578 2838 1668 2868 posset
1684 2841 1716 2861 ex
1749 2834 1868 2869 imperio
