1935 3071
242 128 292 161 531

849 114 1006 159 Csonnn
1028 125 1268 156 PACHYMERIE

1811 119 1866 150 532

240 183 337 218 καιρὸν
351 183 545 219 συναιρομένου
571 181 619 219 τῆς
641 183 729 219 ἀρχῆς
756 182 794 218 τῷ
816 183 869 218 νέῳ
893 183 942 217 τῆς
965 181 1028 216 βοη-
1043 181 1066 210 Α
1081 181 1140 215 νήν.
1154 181 1183 206 El
1196 177 1358 211 δὀὗν,ἅλλ“
1374 177 1450 205 οὐδὲν
1477 176 1510 204 ἂν
1530 175 1680 210 καταγνοίη
1703 183 1743 206 τις
1772 175 1868 208 μεῖζον

241 222 316 260 ίῖείας
330 228 469 265 χρῄζοντι.
490 229 716 261 Τὰς.τοὺντεῦθεν
731 229 758 256 δὲ
779 230 833 256 τῶν
849 229 940 263 ὅρκων
954 235 1024 267 συμ-

241 274 335 305 ϐάσεις
347 275 394 301 ἐπὶ
406 275 532 301 τοσοῦτον
547 276 577 302 τὺ
593 275 701 310 ἰσχυρὸν
729 274 800 310 ἔχειν
813 274 859 301 καὶ
882 273 1024 300 ἀδιάλυτον

241 319 312 346 ὥστε
323 320 428 352 καὶτὰς
453 321 586 356 προτέρας
610 322 729 347 συνεῖναι
757 320 880 351 ταύταις,
905 319 943 351 ὼς
978 318 1025 345 καὶ

241 365 410 399 ἀμφοτέραις
425 365 470 392 τὸν
499 366 680 399 Παλαιολόγον
704 365 857 400 ἐνέχεσθαι,
882 365 908 391 ετ
927 372 973 390 ποι
986 363 1024 398 τῷ

241 410 293 444 νέῳ
323 410 500 438 ἐπιϐουλεύοι.
533 412 569 437 Οὐ
599 412 651 446 μὴν
674 411 702 438 δὲ
722 411 788 438 ἀλλὰ
808 410 855 437 καὶ
883 410 1024 445 ἀντιστρό-

243 463 301 489 φως
333 456 424 492 ἐζήτει
445 457 494 492 τὴν
523 458 593 491 ἀρὰν
616 457 738 483 τίθεσθαι
764 457 811 483 καὶ
840 456 903 487 τοὺς
927 456 1025 490 ὅρκους

242 501 376 534 γίνεσθαι,
393 502 477 529 εἴποι
497 503 545 529 καὶ
567 504 581 529 ὁ
604 503 663 534 νέος
684 502 747 529 κατ’
768 501 849 528 αὐτοῦ
876 502 1026 536 μελετήσας

243 546 429 581 διαπράξοιτο,
445 549 482 576 ὡς
494 548 523 581 ἐξ
536 548 656 581 ἀνάγκης
679 548 736 578 τοῖς
757 547 849 577 αὐτοῖς
874 545 1025 581 ἐνέχεσθαι.

243 593 389 626 Προϐαίνει
400 593 497 624 ταῦτα,
509 595 557 620 καὶ
571 594 690 628 γραφαῖς
705 594 729 619 ol
757 593 832 627 ὅρκοι
860 591 1028 625 κατασφαλί-

242 637 344 669 ζονται.
359 639 413 665 Καὶ
426 640 440 665 ό
457 639 570 674 γράφων
584 639 598 666 ὁ
611 639 652 670 είς
676 638 906 674 πρωτασηκρῆτις
931 645 1028 670 τεταγ-

243 684 323 718 μένος
336 685 427 716 Κακὺς
436 682 482 721 ἦν.

241 766 278 798 γ’.
300 765 392 800 ῌΟπως
415 764 537 800 ῷμνυυν
558 765 608 792 καὶ
634 765 681 792 ἐπ’
692 765 871 800 ἀμφοτέροις
885 765 1027 798 δουλείας

294 798 386 832 ὅρκον
406 799 552 834 Ῥωμαῖοι,
566 800 616 827 καὶ
635 800 670 828 ὲν
685 798 783 835 ποίοις
796 798 990 848 διορισμοῖς..

280 864 323 901 [Ρ.
337 865 382 901 61]
398 867 531 894 Τάττεται
549 867 578 894 δὲ
598 868 716 900 καὶτοὺς
730 869 895 902 ἑπουδήποτε
908 869 1030 903 τῆςῬω-
1046 857 1066 884 Β

244 912 339 946 μαῖδος
357 912 467 946 ὀμνύειν
485 913 528 939 ἐπ’
543 914 706 948 ἀμφοτέροις
731 915 811 949 δρκον
828 915 948 947 δουλείας
961 915 1031 942 κατὰ

242 958 274 984 τὸ
301 958 432 993 σύνηθες·
451 959 519 994 πλὴν
539 960 714 994 προσέκειντο
732 960 787 992 τοῖς
814 959 1031 995 συντεθειμένοις

245 1005 290 1031 ἐπ’
304 1005 439 1039 ἀσφαλείᾳ
454 1005 500 1031 καὶ
514 1005 678 1040 ἀμφοτέρων
698 1003 837 1040 μείζονι.ἦ
854 1006 908 1040 μὴν
924 1005 1031 1039 ἕτοιμον

245 1048 315 1076 εἶναι
328 1050 358 1076 τὸ
372 1050 493 1084 ὑπήκοον
504 1050 547 1076 ἐπ’
563 1051 667 1077 ἐκεῖνον
682 1051 771 1085 ὁρμᾷν
785 1049 892 1086 φονώσῃ
907 1052 991 1086 χειρὶ,
1001 1051 1031 1082 ὂς

244 1096 278 1122 ἂν
289 1096 475 1123 ἐπιϐουλεύσω
491 1097 607 1132 θατέρῳ.
618 1097 807 1132 Ὠρκωμότουν
820 1096 875 1131 γὰρ
895 1096 963 1130 μετὰ
974 1096 1029 1122 τῶν

244 1142 332 1170 ἄλλων
347 1142 394 1169 καὶ
406 1142 496 1176 τοῦτο,
512 1143 582 1169 κατὰ
593 1143 686 1177 φόϐον,
699 1140 786 1177 οἶμαι,
801 1141 817 1178 ἢ
833 1141 928 1179 χρείαν
936 1142 1030 1177 ἀληθι-

246 1232 317 1266 quod
335 1231 392 1258 ﬂeri
422 1231 604 1266 Pala’ologum
627 1231 780 1265 contigerat
798 1232 957 1267 participem
976 1232 1028 1259 im-

245 1277 326 1312 pu-rii.
352 1284 521 1312 nequaquam
549 1285 609 1305 esse
632 1278 766 1305 nefarium
791 1283 818 1305 et
841 1278 903 1305 tidei
931 1277 1030 1313 iuratae

246 1323 413 1349 contrarium
430 1321 547 1353 facinus,
560 1322 607 1350 sed
639 1323 733 1350 utilem
766 1323 920 1357 reipublicae
943 1323 1030 1350 colla-

248 1369 346 1395 tionem
373 1376 462 1403 opera:
486 1369 511 1395 in
537 1369 635 1395 bomuu
658 1369 775 1403 imperii,
798 1376 825 1395 et
846 1369 1030 1396 conservatio-

249 1421 309 1440 nem
338 1414 504 1448 principatus
520 1414 545 1441 ei
572 1415 604 1441 ad
621 1422 700 1449 quem
724 1415 756 1442 de
788 1414 848 1448 jure
875 1416 1026 1449 spectabat,

246 1460 305 1486 sine
320 1459 372 1485 ulla
401 1467 449 1494 spe
466 1459 608 1493 potestatis
621 1459 699 1487 istius
714 1461 842 1494 precariae
873 1461 898 1487 iu
926 1460 1027 1495 prolem

245 1505 417 1532 suctessione
438 1505 651 1532 transmittenda:
665 1514 672 1535 ;
691 1513 751 1540 qua:
764 1506 891 1534 salutaris
918 1512 974 1534 tum
988 1507 1027 1534 rei

245 1550 376 1578 Romanae
406 1551 563 1586 conparatio
589 1557 788 1586 peropportuna
812 1557 839 1579 et
867 1553 1021 1580 necessaria

245 1595 418 1629 indicabatur
436 1596 578 1624 imbecilla:
595 1605 626 1623 ac
643 1597 688 1623 tali
702 1597 804 1624 auxilio
828 1598 915 1632 egenti
934 1597 1028 1632 pupilli

245 1641 380 1676 pueritiae.
397 1641 491 1676 Itaque
508 1642 573 1669 nihil
586 1642 710 1670 obstante
736 1643 836 1677 prioris
862 1642 1028 1671 sacramenti

247 1687 385 1722 religione,
402 1695 501 1714 novum
522 1688 708 1722 juramentum
726 1694 813 1715 ratum
832 1689 1030 1716 inviolabilem-

247 1742 300 1768 que
327 1733 481 1762 tiri-nitatem
512 1735 688 1767 habiturum,
714 1735 814 1770 quippe
843 1743 904 1762 cum
932 1740 1028 1762 neutra

247 1779 390 1807 contentio
406 1780 552 1814 quidquam
568 1780 644 1807 alteri
658 1781 822 1808 contrarium
838 1781 947 1812 habeat,
962 1789 1031 1815 quo-

248 1826 338 1852 minus
362 1825 447 1852 ambaa
469 1826 558 1852 valere
582 1825 663 1852 simul
687 1825 805 1860 possint;
830 1827 900 1852 unde
923 1825 979 1852 tore
1004 1829 1032 1852 ut.

248 1871 354 1898 duobus
369 1871 496 1904 deinceps
515 1871 624 1898 totidem
639 1870 769 1898 foederum
786 1875 955 1898 sacramento
971 1879 1032 1898 sau-

217 1925 220 1930 ν
247 1918 362 1944 citorum
380 1917 494 1944 vinculis
514 1917 675 1944 constrictus
697 1916 863 1952 Palmologus
885 1921 1031 1949 teneretur,

248 1967 276 1990 et
292 1963 315 1989 si
333 1962 400 1989 ullas
416 1969 535 1996 unquam
552 1962 661 1997 collega:
676 1969 760 1996 puero
777 1962 887 1988 insidias
905 1967 1032 1994 strueret,

249 2009 363 2044 duplicis
380 2007 490 2043 periurii
508 2015 569 2035 reus
584 2008 662 2034 foret.
676 2007 740 2040 Qum
754 2005 921 2041 Palaeologus
936 2006 1034 2034 admit-

248 2057 309 2080 teus
330 2052 447 2079 vicissim
469 2052 546 2086 petiit
567 2051 698 2079 devinciri
712 2056 813 2078 'mutuo
832 2059 939 2086 quoque
958 2052 1035 2085 iura-

250 2104 341 2126 mento
360 2098 392 2125 ad
410 2098 584 2125 securitatem
602 2105 678 2124 suam
695 2097 926 2126 adolescentulum
949 2098 1036 2132 impe—

249 2149 379 2177 ratorem,
397 2144 572 2177 imprecando
593 2147 621 2171 et.
642 2143 731 2178 ipsum
753 2143 804 2170 sibi
827 2143 900 2170 diras
921 2148 949 2170 et
971 2151 1037 2170 ana-

250 2191 342 2217 thema
365 2190 455 2217 statim
479 2189 671 2217 inevitabiliter
691 2189 900 2222 incurrendum,
916 2191 937 2216 si
957 2189 1035 2224 quid-
1053 2198 1074 2227 υ

251 2243 332 2270 quam
351 2243 468 2270 unquam
488 2235 620 2262 adversus
637 2234 817 2270 Palmologum
836 2235 1038 2262 machinarctur

253 2287 299 2309 aut
315 2285 416 2315 ageret.
432 2280 494 2308 Haec
510 2281 548 2308 uti
565 2285 734 2308 convenerat
748 2285 956 2316 processerunt,
972 2287 1040 2308 cou-

252 2328 338 2362 ccptis
354 2328 479 2361 utrinque
494 2326 657 2360 iuramentis
671 2331 698 2354 et
711 2326 767 2363 96
782 2334 811 2354 re
829 2330 883 2354 tota
903 2327 929 2354 in
949 2327 1038 2362 publi-

252 2383 298 2400 ras
316 2373 367 2401 rite
384 2373 488 2400 tabulas
507 2372 588 2399 relata
607 2372 640 2399 ad
657 2373 814 2400 memoriam
830 2372 1039 2407 ﬁrmitatemque

251 2418 474 2450 irrevocabilem,
492 2417 629 2444 scribente
652 2417 702 2444 ista
727 2420 755 2444 et
775 2417 939 2444 authenticis
962 2425 1038 2445 com-

253 2464 392 2492 mentariis
405 2463 550 2491 mandante
565 2463 634 2490 Malo
652 2463 711 2496 illo,
725 2470 803 2496 quem
819 2463 952 2496 diximus,
968 2464 1040 2490 anti-

252 2516 334 2544 quato
351 2510 424 2543 prius
442 2515 467 2536 et
484 2509 542 2543 ejus
558 2515 640 2536 causa
658 2508 775 2543 reposito
792 2509 870 2543 primi
891 2516 906 2536 a
927 2511 1038 2537 secretis

251 2556 338 2584 cilicio
353 2557 490 2582 donatum.

254 2614 280 2641 5.
297 2612 330 2639 Ut
347 2612 483 2647 ﬁdelilntis
493 2613 675 2648 juramentum
687 2613 791 2646 utrique
806 2613 917 2646 principi
925 2613 956 2640 de
973 2621 1038 2640 nouo

288 2647 479 2710 Erwsliterint,‘
494 2647 523 2675 'ct
542 2647 635 2683 quibus
652 2649 684 2674 de
702 2656 766 2675 novo
786 2649 884 2674 additis
909 2649 1039 2676 cautioni-

307 2691 347 2710 us.

307 2691 347 2710 us.

288 2740 412 2768 Edictum
428 2747 535 2775 quoque
549 2744 591 2768 est
604 2744 633 2767 ut
647 2747 695 2776 per
707 2748 800 2768 omnes
816 2740 936 2768 llomano
953 2741 1036 2776 impe-

252 2785 294 2815 rio
313 2785 449 2820 subiectas
466 2785 591 2820 regiones
610 2793 703 2813 omnes
719 2785 828 2821 utrique
845 2787 946 2821 pariter
962 2787 1037 2822 prin-

254 2831 304 2868 cipi
319 2836 489 2860 sacramento
503 2831 579 2860 tidem
595 2832 808 2868 obsequiumque
824 2840 899 2860 suum
916 2833 948 2860 de
964 2840 1037 2860 more

1077 226 1132 252 τῶν
1147 225 1233 252 ταῦτα
1246 224 1418 260 πραττόντων
1431 223 1447 258 ἢ
1465 222 1495 249 τὸ
1511 222 1658 258 ἐμφυλίους
1678 220 1813 255 πολέμους
1829 219 1868 254 τῷ

1078 271 1160 306 κοινῷ
1187 271 1338 306 προξενεῖν,
1359 270 1469 297 εἴποτε
1495 268 1573 296 τοῦτο
1608 267 1740 303 συμϐαίη,
1770 266 1868 300 Ὅμως

1078 317 1166 344 ἐδόκει
1178 317 1275 348 ταῦτα,
1289 317 1336 344 καὶ
1348 317 1388 347 είς
1397 315 1477 351 ἔργον
1492 315 1525 340 τὰ
1536 313 1715 349 βουλευόμενα
1728 311 1868 346 προῦϐαι-

1078 370 1134 390 νον.
1153 363 1240 396 Χεῖρα
1265 361 1409 396 τοιγαροῦν
1433 360 1550 392 ἐτίθουν,
1569 359 1617 386 καὶ
1640 359 1686 384 ἐπὶ
1701 357 1754 384 τῶν
1781 356 1870 390 ἁγίων

1079 408 1254 443 Εὐαγγελίων
1268 407 1375 442 ὤμνυον
1389 404 1407 442 ἦ
1421 406 1473 443 μὴν
1489 406 1538 433 καὶ
1554 403 1721 440 ἀμφοτέροις
1730 401 1871 429 δουλεύειν

1078 454 1127 480 καὶ
1140 453 1217 480 ταῦτ’
1233 453 1364 480 ἐκτελεῖν.

1079 513 1111 540 δ’.
1127 512 1227 545 Ὅπως
1243 511 1370 547 ὤμνυεν.
1382 511 1399 537 ὁ
1412 508 1628 547 αΠαλαιονξόγος
1651 505 1700 532 ἐπὶ
1719 503 1760 536 τῷ
1784 502 1871 530 παιδὶ

1324 545 1374 572 καὶ
1390 545 1417 571 οἱ
1429 545 1619 578 μεγιστᾶνες.

1115 593 1190 624 Τέως
1213 592 1234 618 δ’
1261 593 1278 627 ἡ
1303 591 1386 627 κυρία
1408 590 1514 625 παρῆν,
1541 589 1602 624 ἥτις
1623 585 1669 623 ἦν,
1684 586 1723 618 ὡς
1750 584 1870 621 ὲρρήθη.

1084 638 1321 673 Ἑκατομϐαιῶνος
1338 636 1483 672 νουμηνία.
1496 636 1552 663 Καὶ
1563 634 1671 670 πρῶτος
1690 631 1772 663 αὐτὸς
1792 632 1806 658 ό
1827 632 1871 662 είς

1080 683 1218 719 βασιλείαν
1231 681 1465 718 προϐιϐαζόμενος
1481 680 1589 715 ὤμνυεν
1599 678 1669 714 ὑπὲρ
1699 676 1747 704 τοῦ
1772 676 1872 707 παιδὸς

1080 729 1114 756 τὰ
1134 729 1228 755 εἰκότα
1253 729 1301 755 καὶ
1321 727 1467 763 βασιλέως,
1488 726 1559 760 πλὴν
1572 725 1620 760 οὐχ
1650 724 1689 756 ὡς
1717 722 1873 750 δουλεύσων

1080 777 1138 804 ἀλλ’
1152 775 1190 807 ὡς
1205 774 1417 809 συμϐουλεύσων
1429 774 1529 808 ἐκείνῳ
1541 773 1588 799 καὶ
1612 771 1696 807 μηδὲν
1720 770 1873 804 ἀνήκεστον

1083 821 1236 856 μελετήσων
1251 819 1475 854 κατ’ὲπιϐουλήν.
1499 819 1617 853 Ὠμνυον
1628 817 1656 844 δὲ
1671 817 1718 843 καὶ
1738 816 1763 842 ol
1788 823 1869 850 μεγι-

1081 867 1186 898 στᾶνες,
1214 866 1261 892 καὶ
1289 866 1326 896 ὠς
1346 864 1536 895 δουλεύσαντες
1561 863 1736 898 ἀμφοτέροις,
1759 861 1807 887 καὶ
1832 860 1874 891 ὡς

1081 911 1248 946 ἀμυνοῦντες
1264 910 1375 942 αὐτίκα,
1389 910 1422 945 ἦν
1435 909 1486 935 πού
1499 917 1540 940 τις
1550 906 1731 938 ἐπιϐουλεύοι,
1744 906 1783 941 τῷ
1799 906 1865 932 ἐπι-

1081 957 1262 984 ϐουλευθέντι.
1288 956 1343 983 Καὶ
1364 955 1436 982 οὕτω
1459 952 1640 981 τελεσθέντων
1680 952 1736 978 τῶν
1761 952 1866 987 ὅρκων,

1081 1003 1172 1030 ἀσπίδι
1188 1002 1311 1037 βασιλικῇ
1325 1001 1442 1033 ὲνιξάνει
1457 1001 1471 1027 ὁ
1490 1001 1530 1031 είς
1548 999 1599 1034 τὴν
1630 998 1770 1033 βασιλειαν
1799 999 1874 1023 ἐτοξ-

1082 1048 1246 1084 μαζόμενος,
1260 1048 1368 1081 πρῶτον
1382 1046 1421 1073 τὼ
1437 1045 1501 1072 πόδε
1519 1047 1576 1076 τοῖς
1597 1044 1747 1080 βασιλικοῖς
1769 1043 1876 1077 συμϐάν

1080 1095 1137 1126 λοις
1158 1094 1352 1130 ὲναρμοσθεὶς,
1371 1094 1418 1119 καὶ
1440 1092 1534 1127 χερσὶν
1551 1091 1627 1117 ἕνοεν
1648 1090 1697 1125 μὲν
1716 1090 1876 1125 ἀρχιερέων

1080 1138 1156 1166 ἔνθεν
1175 1138 1203 1164 δὲ
1223 1138 1396 1173 μεγιστάνων
1415 1136 1510 1171 ἀρθεὶς
1523 1135 1716 1169 ἀνακτορικοίς
1744 1134 1876 1165 antri-mn;

1080 1228 1242 1264 obligarent.
1256 1227 1309 1254 Sed
1332 1226 1364 1253 ad
1387 1225 1518 1260 majorem
1537 1224 1678 1258 utriusque
1696 1223 1877 1251 securitatem

1079 1279 1216 1302 consueta:
1243 1273 1337 1300 talium
1361 1271 1485 1299 formulae
1511 1271 1655 1306 adiungere
1681 1274 1746 1297 tune
1769 1269 1877 1302 visum,

1087 1319 1142 1346 Deo
1158 1318 1284 1346 similiter
1303 1322 1370 1345 teste
1388 1318 1537 1349 ﬁrmatam,
1555 1315 1748 1350 professionem
1766 1321 1793 1342 et
1809 1322 1879 1349 pro-

1082 1365 1239 1393 missionem
1257 1365 1375 1392 universi
1390 1364 1496 1399 populi,
1512 1363 1582 1390 bello
1597 1367 1623 1390 et
1638 1361 1794 1397 inexpiabili
1811 1362 1879 1389 odio

1080 1411 1261 1446 persequendi
1277 1417 1338 1437 eum
1353 1418 1368 1437 e
1383 1410 1503 1441 duobus,
1518 1409 1595 1443 cuius
1613 1413 1702 1436 essent
1719 1409 1745 1434 in
1763 1407 1878 1442 collega

1080 1458 1163 1484 vitam
1181 1456 1222 1484 vel
1242 1456 1344 1484 nefaria
1362 1456 1402 1483 vis
1421 1455 1464 1483 vel
1486 1455 1592 1482 insidiae
1614 1454 1800 1489 deprehensae.
1817 1453 1877 1481 Tali

1083 1503 1300 1530 extraordinario
1326 1502 1510 1530 additamento
1536 1500 1665 1536 populare
1687 1500 1876 1534 iuranieutum

1085 1549 1249 1576 cumulatum
1270 1553 1340 1575 metu
1361 1547 1462 1582 magis,
1480 1552 1508 1574 ut
1525 1549 1632 1581 opinor,
1650 1546 1732 1573 nimio
1748 1546 1878 1580 proclivis

1082 1595 1108 1622 iu
1140 1595 1216 1628 regni
1243 1596 1374 1622 societate
1399 1594 1593 1626 dissensiOnis,
1616 1600 1695 1628 quam
1725 1593 1778 1619 ulla
1807 1593 1878 1620 satis

1081 1648 1177 1675 magna
1194 1640 1313 1668 utilitate
1329 1641 1440 1667 remedii
1457 1639 1489 1667 ad
1508 1645 1610 1667 tantum
1629 1639 1691 1665 mali
1707 1645 1878 1673 praeverten-

1080 1687 1143 1713 dum
1169 1687 1304 1721 ancipitis.
1329 1687 1396 1713 Naut
1423 1686 1445 1713 si
1471 1691 1545 1713 recte
1569 1685 1628 1720 quis
1651 1685 1781 1717 a'stimet,
1805 1684 1879 1711 istud

1081 1733 1242 1767 profitentes
1265 1733 1324 1760 belli
1343 1733 1398 1766 iam
1423 1736 1479 1759 tum
1501 1732 1589 1759 civilis
1609 1736 1636 1758 et
1658 1730 1819 1757 interneciui
1842 1731 1882 1756 si-

1082 1786 1162 1812 gnum
1181 1779 1320 1812 tollebant,
1333 1786 1366 1806 ex
1383 1785 1465 1812 prona
1481 1783 1508 1805 et
1522 1778 1566 1804 vix
1586 1777 1703 1804 evitabili
1720 1776 1882 1810 suspicione

1083 1824 1160 1850 facile
1173 1831 1204 1850 ac
1218 1824 1271 1851 cito
1285 1824 1419 1852 exarsuri.
1432 1824 1565 1851 Catterum
1583 1823 1764 1858 qualicunque
1784 1823 1881 1850 c0nsi-

1083 1871 1134 1902 lio,
1153 1870 1204 1897 ista
1230 1870 1269 1897 sic
1296 1875 1358 1897 tunc
1377 1870 1482 1897 decreta
1504 1875 1532 1897 ct
1553 1869 1721 1897 cxsecutioui
1745 1870 1876 1896 mandata

1083 1919 1159 1946 sunt.
1180 1915 1307 1942 llomauis
1329 1915 1427 1950 ubique
1447 1915 1547 1942 viritim
1572 1915 1720 1947 universis.
1741 1914 1871 1947 imposita

1085 1962 1171 1989 sacris
1185 1961 1341 1996 Evangeliis
1356 1969 1446 1993 manu,
1459 1961 1613 1996 iurantibus
1629 1968 1657 1988 se
1672 1966 1698 1987 et
1713 1960 1792 1986 [idem
1810 1960 1884 1986 utri-

1088 2015 1140 2044 que
1157 2008 1270 2041 principi
1286 2007 1456 2034 concorditer
1472 2007 1614 2042 imperanti
1629 2006 1884 2039 subiectionemque

1089 2053 1272 2088 przestituros,
1285 2058 1313 2080 et
1327 2054 1348 2080 si
1364 2053 1425 2088 quis
1442 2053 1560 2088 ipsorum
1578 2053 1605 2079 in
1623 2052 1737 2078 alterum
1753 2051 1885 2086 insurge-

1093 2103 1145 2132 ret,
1157 2105 1295 2126 auctorem
1309 2099 1414 2134 iniuria:
1430 2099 1537 2134 publice
1552 2100 1667 2127 ulturos.

1088 2155 1115 2182 4.
1132 2154 1168 2182 Ut
1190 2154 1399 2195 Palwologus‘et
1417 2163 1535 2195 proceres
1560 2156 1715 2195 imperatori
1730 2164 1812 2192 puero
1836 2156 1886 2190 iu-

1337 2192 1482 2224 rejurando
1498 2192 1624 2218 cauerint.

1125 2236 1241 2270 Jamque
1264 2237 1358 2264 aderat
1385 2237 1584 2271 inaugttralioni
1611 2238 1743 2272 designati
1767 2239 1886 2274 Allgllsli

1090 2282 1160 2310 dicta
1176 2283 1243 2314 dies,
1257 2290 1318 2317 qua:
1336 2282 1397 2314 fuit,
1413 2287 1442 2309 ut
1457 2283 1559 2310 dictum
1577 2288 1629 2316 est,
1643 2283 1764 2311 kalendae
1779 2284 1883 2312 Janua'

1090 2329 1150 2361 riae,
1166 2330 1272 2363 quando
1293 2329 1316 2355 is
1336 2329 1381 2364 qui
1402 2330 1435 2356 ad
1457 2328 1598 2364 imperium
1620 2330 1785 2357 evehebatur
1803 2331 1887 2365 jura-

1091 2379 1199 2406 menta,
1225 2375 1258 2401 de
1282 2374 1380 2409 quibus
1407 2378 1586 2407 convenerat,
1611 2375 1714 2409 primus
1742 2378 1889 2411 conceptis

1089 2420 1179 2447 verbis
1201 2421 1321 2454 protulit,
1337 2421 1414 2448 [idem
1435 2428 1484 2456 per
1504 2428 1535 2448 ea
1557 2421 1678 2456 obligans
1698 2429 1782 2456 puero
1805 2425 1889 2457 prin-

1090 2466 1141 2500 cipi
1160 2473 1210 2493 non
1229 2470 1259 2493 ut
1275 2467 1300 2494 ei
1319 2466 1441 2494 subditus
1458 2466 1579 2500 futurus,
1595 2467 1642 2494 scd
1664 2472 1693 2495 ut
1709 2468 1890 2497 consulturus

1090 2519 1123 2538 ac
1145 2518 1322 2546 snggesturus
1343 2518 1509 2547 opportuna,
1527 2512 1645 2547 nihilque
1663 2513 1688 2539 in
1707 2513 1794 2547 ipsum
1813 2514 1888 2541 insi-

1090 2557 1166 2584 diose
1188 2559 1339 2586 moliturus.
1354 2558 1482 2586 Jurarnnt
1501 2558 1667 2594 post'ipsnm
1691 2560 1831 2593 optimates
1855 2569 1888 2588 se

1093 2604 1200 2638 utrique
1224 2604 1346 2631 subditos
1367 2604 1488 2636 futuros,
1506 2609 1533 2631 et
1554 2604 1607 2639 97
1630 2605 1653 2631 si
1674 2605 1735 2639 quis
1759 2605 1884 2638 ipsorum

1090 2649 1265 2676 insidiaretur
1289 2650 1380 2682 alteri,
1398 2650 1488 2676 statim
1511 2650 1640 2677 ultionem
1664 2651 1696 2677 dc
1719 2650 1883 2679 insidiatum

1089 2699 1255 2730 sumpturos.
1271 2695 1317 2722 Sic
1342 2700 1530 2722 consummata
1552 2696 1770 2730 juramentorum
1796 2704 1886 2724 caere-

1090 2742 1197 2773 ntonia,
1224 2741 1379 2775 designatus
1408 2741 1533 2775 princeps
1562 2746 1637 2768 scuto
1663 2741 1735 2775 regio
1761 2741 1884 2775 insedit,

1089 2795 1204 2822 utroque
1224 2787 1297 2822 prius
1316 2788 1380 2821 pede
1397 2787 1578 2822 imperatoriis
1596 2787 1745 2821 insignibus
1765 2795 1883 2823 ornato;

1089 2838 1115 2862 et
1129 2834 1252 2861 inanibus
1268 2833 1328 2860 hinc
1344 2833 1448 2868 quidem
1468 2833 1616 2862 antistitum
1638 2835 1698 2862 inde
1716 2836 1882 2870 optimatum
