1936 3069
196 89 250 121 535

800 92 961 123 GEORGII
978 93 1218 124 PACHYMERE

1763 92 1818 124 5'36

195 147 242 177 ιοι,
260 145 408 182 προθύμως
429 147 668 183 πολεμησείοντες.
685 150 737 177 Τὸν
765 151 858 184 μέντοι
878 159 909 185 γε
929 160 980 177 πα-
997 153 1020 182 Α
1034 152 1072 186 τῷ
1083 153 1224 187 ἀγνοοῦντι
1237 152 1284 179 τὸν
1299 152 1508 187 βασιλεύσαντα,
1523 151 1581 179 ἀλλ’
1593 151 1623 184 ἐς
1647 151 1682 178 τὶ
1698 151 1817 186 μάλιστα

194 191 330 227 τριάρχην
343 193 383 224 είς
396 193 515 221 Νίκαιαν
528 195 699 230 ἀποπέμπει,
717 196 777 230 μετ’
791 197 881 230 ὀλίγον
894 205 979 224 κατα-

194 236 288 263 λαϐεῖν
312 239 358 264 καὶ
383 239 463 270 αὐτὸς
481 240 696 276 ὑπισχνούμενος
716 242 824 276 σύναμα
853 242 891 276 τῷ
915 242 978 276 νέῳ,

194 283 438 319 ταινιωθησόμενοι
448 286 494 312 καὶ
506 287 666 322 ἀμφότεροι.
678 289 706 314 'O
720 289 769 322 μὲν
783 287 828 314 οὖν
842 288 980 323 πατριάρ-

194 337 246 363 χης
261 329 370 364 σύναμα
383 331 421 365 τῷ
437 332 530 366 κλήρῳ
557 333 603 359 καὶ
619 335 675 364 τοῖς
696 334 864 369 ἀρχιερεῦσι,
884 343 979 360 συντα-

194 375 305 408 ξάμενοι
325 377 360 403 τὰ
373 377 465 404 εἰκότα
480 379 537 409 τοῖς
558 378 708 413 βασιλεῦσι,
724 380 773 412 τὴς
799 380 846 406 ἐπὶ
862 379 978 406 Νίκαιαν

194 419 312 453 ἥπτοντο
323 429 329 436 ·
342 423 356 447 ὁ
372 421 400 448 δέ
414 430 444 455 γε
459 422 587 456 βασιλεὺς
603 423 653 455 τὰς
680 424 812 459 δυνάμεις
836 423 979 450 ἀναλαϐὼν

194 467 241 494 καὶ
258 468 391 500 συντάξας
404 469 512 503 συνάμα
525 470 572 496 καὶ
586 471 642 501 τοῖς
657 470 687 495 ὲν
703 470 775 496 τέλει
788 471 834 496 ἐπὶ
853 470 981 497 Φιλαδέλ-

194 521 275 546 φειαν
291 514 401 548 ἤλαυνε,
414 516 459 541 καὶ
475 515 506 549 δὴ
522 516 636 547 ἐπιστὰς
652 517 684 552 τῇ
706 516 783 542 πόλει
811 516 917 542 ἐκείηεν
931 517 979 548 τὰς

195 559 282 594 ἄκρας
295 560 413 595 ὠχύρου,
435 561 498 592 τοὺς
515 561 564 595 μὲν
578 562 707 596 πέμπων,
723 562 821 593 ἄλλους
835 562 859 588 δ’
875 563 980 589 ἐκεῖθεν

195 605 339 639 δεχόμενος
365 607 510 638 κατιόντας
526 608 574 634 καὶ
588 608 686 643 δώροις
712 608 750 640 ὡς
762 606 819 634 οἷόν
834 617 863 634 τε
879 607 982 641 φιλοτι-

196 651 342 686 μούμενος,
362 653 520 687 προθύμους
534 655 578 685 ἐἰς
594 654 719 688 φυλακὴν
742 653 827 680 ποιῶν
852 654 900 679 καὶ
916 653 982 688 θαρ-

195 698 383 733 ραλεωτέρους
398 700 489 726 ἐλπίσι
514 701 648 734 χρησταῖς
667 699 813 731 καθιστάς.
840 699 948 734 Προὸἁς
959 699 981 725 δ’

195 742 300 768 ἐκεῖθεν
318 744 415 778 μικρὸν
438 745 486 770 καὶ
508 744 543 770 τὰ
555 744 647 779 κύκλῳ
670 744 834 778 περιελθὼν,
853 744 900 770 καὶ
918 744 982 775 τοὺς

196 789 247 823 μὲν
283 789 460 823 προσλαλιαῖς
488 790 615 823 ἀγαοατς,
655 791 717 821 τοὺς
741 790 769 816 δὲ
805 790 981 824 φιλοτιμίαις,

195 835 260 867 τοὺς
287 835 315 862 δὲ
340 836 389 862 καὶ
422 836 614 871 ὑποσχέσεσιν,
642 836 741 862 ἔστιδ’
770 833 800 863 οὗ
826 836 873 862 καὶ
901 835 982 869 φόϐον

196 881 294 917 κιρνὰς
328 881 499 916 ήμερότητι,
537 883 573 909 τὰ
611 880 838 916 παρεμπίπτοντα
878 881 982 916 βασιλι-

196 928 253 960 κῶς
282 928 498 963 μετερχόμενος,
536 927 573 959 ὡς
608 925 664 954 οἷόν
701 935 732 954 τε
762 928 840 954 τάκεῖ
869 927 984 953 καθίστα

196 977 244 1006 καὶ
267 976 468 1010 ἀσφαλέστερον
497 976 626 1011 φρουροῖς
653 973 823 1010 κατωχύρου.
852 972 914 1009 Εἶχε
927 974 982 1009 γὰρ

196 1022 245 1056 τὴν
258 1023 303 1048 ἐπὶ
317 1021 394 1048 δύσιν
409 1021 555 1056 μέριμναν,
585 1021 622 1052 ὡς
636 1021 754 1055 ἑτοίμων
778 1019 846 1054 πρὸς
862 1020 892 1046 τὸ
910 1020 982 1054 ἅψη-

197 1069 255 1102 νιᾷν
268 1067 364 1100 ὄντων,
383 1068 407 1094 εί.
421 1067 563 1102 εὐκαιρίας
577 1067 650 1098 τινὸς
666 1066 884 1102 ἐπιδράττοιντο.
903 1065 983 1093 Ὅθεν

196 1115 245 1142 καὶ
261 1113 391 1148 πρέσΰεις
416 1114 456 1145 εἰς
476 1113 584 1147 Πέρσας
606 1111 810 1144 ἐξαποστείλας,
836 1111 916 1138 τοῦτο
933 1111 982 1145 μὲν

195 1160 366 1194 δηλώσοντας
379 1160 419 1191 εἰς
437 1159 487 1194 τὴν
499 1159 588 1194 ἀρχὴν
601 1158 776 1186 καταστάντα
793 1157 823 1184 ὃν
837 1157 884 1184 καὶ
901 1157 982 1192 ἀκρι-

196 1206 252 1238 εῶς
270 1206 370 1237 ἰδόντες
384 1206 494 1242 ᾔδεσαν.
511 1205 590 1232 τοῦτο
604 1204 632 1231 δὲ
659 1205 705 1231 καὶ
719 1204 758 1239 τῷ
774 1203 890 1231 σουλτὰν
916 1203 983 1238 περὶ

197 1252 251 1281 τῶν
271 1254 330 1279 ἐκεῖ
346 1251 517 1287 πραγμάτων
537 1250 824 1285 κοινολογησομένους,
841 1249 902 1276 οὐδὲ
920 1249 984 1276 τοὺ-

197 1341 365 1368 alacritatem
389 1346 495 1375 quoque
509 1339 653 1366 maximam
679 1338 827 1374 prs-ferens
853 1338 886 1367 ad
901 1345 984 1374 quos-

197 1386 240 1413 vis
274 1386 428 1413 subeundos
465 1384 572 1412 labores
605 1385 831 1420 pugnandumque
872 1385 984 1412 ubicun-

199 1439 252 1465 que
281 1436 308 1458 et
335 1431 464 1458 adversus
499 1438 673 1464 quoscunque
708 1432 829 1459 duceret.
861 1430 983 1458 Patriar-

1031 198 1100 231 φίλῳ
1114 198 1182 230 δντι,
1203 198 1283 229 αὐτὸς
1297 199 1346 232 τὴν
1361 198 1493 232 ταχίστην
1518 197 1693 232 ὑποστρέψας
1707 197 1753 224 καὶ
1771 197 1818 224 τὸν

1030 244 1113 269 παῖδα
1131 243 1298 276 παραλαϐὼν
1312 243 1365 269 ὑπὸ
1381 243 1464 278 πολλῇ
1484 245 1575 278 τρυφῇ
1586 252 1614 269 τε
1640 244 1686 268 καὶ
1701 243 1818 278 δορυφο-

1031 289 1077 324 ρίᾳ
1097 290 1211 324 μεγίστῃ
1237 290 1286 323 τῆς
1306 290 1351 315 ἐπὶ
1375 289 1425 324 τῆς
1452 289 1568 321 Νικαίας
1591 290 1705 324 ἥπτετο.
1728 289 1772 320 Ὠς
1795 288 1818 314 δ’

1030 337 1183 369 ἐπέστησαν
1201 336 1237 370 μὴ
1269 335 1451 369 μελλήσαντες
1469 334 1541 368 (οὑδὲ
1569 335 1623 369 γὰρ
1646 332 1680 369 ἦν
1707 334 1820 367 suam.

1031 381 1157 416 περὶτῶν
1171 381 1287 406 δυτικῶν
1300 380 1520 415 σκοπουμένοις).
1530 381 1609 411 εὐθὺς
1625 379 1821 414 εὐτρεπίζοντο

1030 426 1064 452 τὰ
1088 426 1137 459 τῆς
1160 425 1338 456 ταινιώσεως,
1367 424 1531 456 ἐλπιζόντων
1553 425 1672 456 πάντων,
1691 424 1705 450 ὃ
1722 424 1754 458 δὴ
1772 425 1821 450 καὶ

1032 472 1211 506 συγκείμενον
1225 469 1269 507 ἦν,
1286 471 1328 507 [Ρ.
1344 470 1390 506 64]
1415 471 1593 504 ταινιωϐἦναι
1610 470 1660 505 μὲν
1684 470 1731 496 τὸν
1758 471 1820 496 νέον

1032 517 1181 552 βασιλικῶς
1196 518 1243 544 καὶ
1261 517 1382 555 πρώτως
1395 517 1589 552 εὐφημηθῆναι
1607 519 1820 550 στεφανωθέντα

1031 563 1079 590 καὶ
1095 563 1280 598 προκατάγειν
1303 563 1349 589 τὸν
1376 562 1521 598 Θρίαμϐον,
1546 563 1650 588 ἐκεῖνον
1663 561 1750 587 δὲκαὶ
1769 562 1822 596 τὴν

1031 608 1135 636 ἐκείνου
1153 609 1269 642 σύζυγον
1281 610 1310 636 ὲν
1327 609 1432 644 ὑστέρῳ
1449 607 1672 642 στεφανωθέντας
1686 606 1724 642 τῷ
1739 607 1820 642 πρώ-

1032 663 1071 690 τῳ
1087 653 1252 689 μεοέψεσοαι
1267 654 1336 681 κατὰ
1348 653 1397 689 τὴν
1408 653 1552 688 βασιλικὴν
1568 652 1616 679 καὶ
1631 652 1732 688 συνήθη
1750 660 1822 688 προ-

1033 700 1149 728 έλευσιν.

1034 757 1067 790 ζ’.
1086 757 1187 790 Ὅπως
1200 755 1423 790 παρελογίσατο
1444 755 1496 788 τὰς
1509 754 1667 788 συνθήκας
1680 754 1735 789 τῆς
1750 763 1822 781 στε-

1222 792 1372 825 φηφορίας
1389 792 1405 817 ὀ
1419 791 1632 824 Παλαιολόγος.

1070 837 1107 864 Τὸ
1121 837 1143 864 δ’
1163 835 1196 873 ἦν
1218 838 1250 863 ὲκ
1269 835 1381 871 πρώτης
1398 835 1551 871 ἁφετηρίας
1566 835 1641 866 δόλος
1659 834 1706 861 καὶ
1727 843 1821 869 παρα-

1035 884 1192 918 σπόνδησις,
1208 884 1248 914 εἰς
1267 881 1323 909 οἷον
1348 880 1413 918 ἧξον
1429 882 1516 914 τέλος,
1537 881 1613 908 οὐδὲν
1634 882 1665 908 τὺ
1688 882 1822 917 παράπαν

1034 930 1167 965 ἀγνοηθὲν
1189 931 1244 960 τοῖς
1271 929 1389 959 πολλοῖς.
1409 929 1440 954 Οἱ
1462 928 1512 963 μὲν
1528 925 1574 954 οὖν
1603 928 1632 954 ὲν
1649 927 1720 954 τέλει
1748 936 1822 958 προ-

1034 975 1242 1012 κατελήφθησαν
1258 974 1287 1001 εὖ
1306 974 1439 1005 παθόντες
1459 974 1506 1000 καὶ
1531 972 1561 999 εὖ
1578 973 1618 999 ἔτι
1633 973 1725 1008 τυχεῖν
1742 972 1823 999 ἑλπί-

1034 1023 1125 1054 ζοντες
1135 1029 1142 1036 ·
1165 1021 1281 1054 ἐπέδησε
1296 1021 1350 1054 γὰρ
1368 1019 1458 1046 αὐτῶν
1472 1019 1521 1049 τὰς
1531 1018 1668 1053 γλώσσας,
1684 1016 1753 1053 πλὴν
1764 1017 1823 1043 ὀλί-

1033 1076 1091 1103 γων
1105 1067 1186 1094 τινῶν
1206 1067 1240 1093 τὰ
1255 1066 1472 1101 φιλοτιμήματα,
1486 1065 1533 1091 καὶ
1547 1065 1620 1100 εἶχον
1635 1064 1742 1099 ἡσύχως
1756 1063 1821 1089 καῦ⁸

1033 1115 1046 1141 δ
1062 1122 1088 1140 τι
1105 1112 1250 1148 πραχθείη.
1266 1111 1345 1142 Τινὲς
1367 1110 1395 1137 δὲ
1421 1111 1474 1137 τῶν
1497 1110 1591 1140 κακῶς
1617 1109 1758 1135 παθόντων
1777 1109 1821 1140 εἰς

1032 1160 1139 1195 ἄμυναν
1160 1157 1330 1192 λογιζόμενοι
1354 1156 1403 1190 τὴν
1424 1156 1471 1182 τοῦ
1496 1156 1591 1186 παιδὸς
1609 1154 1819 1189 καταφρόνησιν

1033 1206 1081 1233 καὶ
1095 1204 1289 1240 προσέχαιρον.
1306 1202 1338 1229 '0
1362 1201 1454 1237 μέντοι
1465 1209 1498 1235 γε
1520 1200 1692 1235 πατριάρχης
1709 1199 1750 1226 ἔτι
1769 1199 1822 1226 καὶ

1032 1252 1113 1283 αὐτὸς
1129 1251 1157 1278 ὲν
1172 1250 1279 1278 ἐλπίσιν
1292 1246 1328 1285 ἦν
1342 1248 1390 1275 τοῦ
1415 1248 1498 1284 μηδέν
1512 1255 1539 1274 τι
1555 1241 1748 1282 παραόαὔῆναι
1763 1244 1820 1271 τῶν

1036 1342 1099 1371 inde
1111 1341 1258 1377 quidquam
1283 1338 1424 1367 sinistrum
1447 1336 1548 1365 hatredi
1569 1336 1704 1364 Theodori
1720 1335 1822 1371 prioris

1036 1389 1209 1425 imperatoris
1222 1388 1272 1415 sibi
1287 1387 1351 1414 olim
1368 1393 1420 1413 non
1432 1385 1528 1420 ignoti,
1541 1384 1689 1419 quinetiam
1709 1382 1823 1410 amicisp

1034 1436 1106 1464 simi.
1137 1435 1184 1462 llis
1206 1434 1325 1469 peractis
1348 1432 1491 1460 celerrime
1517 1438 1656 1463 reversus,
1680 1435 1822 1463 assumpto

198 1478 276 1505 t-ham
312 1477 420 1503 interim
461 1475 576 1503 Nicaeam
609 1477 756 1509 praemittit,
786 1475 859 1503 brevi
887 1475 981 1503 eodem
996 1494 1018 1524 α
1036 1489 1127 1510 secum
1139 1480 1242 1508 Joanne
1256 1486 1352 1514 puero,
1370 1486 1430 1506 cum
1446 1477 1586 1512 splemlido
1601 1481 1730 1511 apparatu
1744 1483 1822 1510 ρυιιι-

199 1527 356 1549 secuturum
372 1529 401 1548 se
414 1520 552 1555 pollicitus
568 1529 629 1547 cum
652 1528 736 1555 puero
763 1521 900 1556 Augusto,
916 1521 981 1554 regii

199 1567 360 1594 diadematis
382 1574 434 1594 uua
463 1573 525 1593 cum
555 1566 598 1593 illo
621 1566 672 1593 rite
697 1566 853 1594 assumendi
886 1567 981 1601 gratia.

200 1612 290 1645 Quare
324 1612 454 1639 Arsenius
484 1619 545 1638 cum
586 1611 659 1639 clero
689 1617 716 1639 et
740 1612 901 1646 praesulibus
924 1612 984 1639 vale

199 1657 272 1684 dicto
290 1656 429 1691 Augustis,
445 1654 561 1682 Nicaeam
572 1664 667 1683 versus
685 1656 736 1683 iter
754 1656 847 1683 tenuit.
865 1655 984 1690 Impera-

201 1709 244 1730 tor
274 1710 338 1729 vero
367 1702 483 1736 sumptis
511 1710 601 1729 sccum
629 1702 724 1735 copiis,
747 1702 874 1730 salutatis
897 1703 923 1729 in
947 1702 985 1729 di-

200 1757 296 1784 gressu
319 1748 506 1783 optimatibus,
531 1747 744 1781 Philadelphiam
769 1747 906 1782 profectus
922 1747 984 1775 inde

201 1796 356 1822 muniendis
370 1794 478 1823 arcibus
492 1802 583 1822 curam
600 1794 742 1828 impendit,
759 1795 869 1822 mittens
886 1798 919 1822 ad
937 1803 984 1822 eas

201 1841 396 1876 praesidiarios,
420 1841 622 1874 accersitosque
637 1841 683 1874 qui
705 1840 762 1868 illic
777 1840 887 1867 fuerant
911 1840 985 1868 heni-

201 1895 254 1922 gnc
270 1887 416 1922 accipiens,
440 1891 466 1913 et
479 1885 612 1913 donativis
625 1893 674 1920 pro
689 1887 766 1920 copia
783 1887 909 1920 prmsenti
928 1895 985 1914 ma-

200 1931 309 1966 guilicis
333 1929 586 1964 Iiberalissituisque
599 1930 743 1965 promissis
757 1931 824 1957 bene
848 1931 983 1959 animatos

202 1979 234 2007 ad
251 1977 476 2013 perseverandum
493 1978 521 2004 in
543 1977 593 2005 lide
609 1977 738 2005 custodiat
752 1978 862 2005 credita:
885 1986 986 2013 speque

200 2025 294 2060 plenos
310 2025 412 2058 optima
428 2023 569 2050 remittens
586 2023 656 2050 unde
679 2029 819 2050 venerant.
838 2022 905 2051 llinc
921 2032 986 2058 pan-

199 2071 256 2098 lum
274 2077 432 2105 progressus
454 2076 551 2096 cuncta
570 2077 618 2104 per
635 2070 778 2096 circuitum
795 2069 930 2102 lustravit,
959 2076 986 2097 et

200 2119 249 2144 hos
261 2117 370 2150 quidem
388 2116 599 2143 allocutionibus
618 2116 752 2151 benignis,
773 2116 841 2143 alios
862 2116 984 2151 largitio-

200 2163 300 2194 nibus,
324 2162 457 2197 quosdam
496 2161 640 2196 promissis
678 2162 822 2190 demeruit.
849 2163 911 2190 Fuit
941 2164 985 2190 ubi

199 2214 226 2235 ot
249 2214 381 2235 terrorem
405 2207 557 2234 clementia:
589 2207 779 2235 submisceret.
805 2207 925 2241 Denique
951 2209 986 2236 ibi

201 2255 294 2281 omnia
317 2254 480 2281 auctoritate
498 2260 530 2279 ac
542 2253 674 2287 sapientia
692 2253 862 2288 majestatem
877 2255 985 2289 imperii

201 2302 315 2327 decente
339 2299 497 2331 constituit,
516 2303 544 2326 et
560 2300 592 2326 ad
609 2299 784 2326 securitatem
802 2299 829 2326 in
849 2305 986 2335 posterum

200 2347 334 2382 prasidiis
359 2346 464 2373 idoneis
489 2345 619 2373 ﬁrmavit.
643 2345 804 2373 lmminebat
822 2347 892 2373 enim
905 2346 932 2373 in
948 2353 989 2372 re-

203 2399 262 2418 rum
283 2390 464 2417 Occiduarttm
489 2396 601 2421 curam,
623 2397 684 2417 cum
709 2398 763 2417 non
789 2391 929 2425 ignoraret
947 2391 988 2418 in-

201 2436 278 2462 hiare
307 2434 387 2461 rebus
406 2433 484 2460 novis
500 2434 545 2467 qui
559 2433 704 2467 plurimum
727 2435 782 2462 illic
801 2439 944 2470 poterant,
960 2440 988 2462 et

200 2482 233 2507 u-l
249 2479 454 2508 detrectaudum
472 2480 631 2513 obsequium
644 2480 791 2515 jugumque
805 2481 891 2515 palam
904 2489 986 2508 etcu-

202 2526 323 2553 tieudum
339 2525 406 2553 nihil
422 2524 471 2552 uisi
480 2526 648 2552 commodam
662 2528 834 2554 occasionem
848 2532 990 2560 exspecta-

201 2580 241 2600 re.
257 2573 376 2599 Indidem
393 2572 475 2598 etiam
492 2571 596 2605 legatos
611 2572 644 2599 ad
662 2573 758 2599 Persas
777 2573 868 2606 misit;
887 2573 986 2608 partim

203 2623 233 2645 ut
250 2618 300 2644 illis
312 2617 478 2653 signiﬁcaret
494 2625 571 2644 suam
588 2618 758 2645 evectionem
782 2618 808 2644 iu
829 2618 986 2652 imperium.

203 2671 264 2697 quze
289 2669 364 2698 grata
388 2663 454 2698 ipsis
469 2663 565 2690 fuitob
588 2665 706 2698 priorem
729 2664 787 2698 ejus
813 2665 936 2691 notitiam
960 2668 988 2692 et

204 2710 350 2738 amicitiam
367 2715 502 2743 veterem;
522 2711 622 2745 partim
642 2714 669 2736 Iit
683 2711 781 2737 sultani
798 2711 918 2744 quredam
946 2712 987 2738 in-

204 2755 287 2784 terius
302 2756 534 2782 communicarent
545 2757 577 2783 de
590 2757 668 2783 modo
685 2761 712 2783 et
728 2758 817 2784 causis
830 2757 987 2784 mutationis

206 2799 285 2838 100
295 2807 380 2837 nuper
394 2800 482 2834 factae,
493 2808 552 2838 quae
565 2801 639 2828 illum
651 2806 802 2830 avcrtercut
816 2809 829 2828 a
844 2801 987 2829 metuendo

1035 1532 1123 1561 paque
1147 1524 1289 1558 magniﬁca
1317 1522 1531 1550 numerosissimi
1558 1522 1677 1549 satellitii
1699 1520 1819 1547 Nicmam

1033 1571 1086 1599 iter
1112 1569 1238 1597 intendit.
1258 1569 1317 1602 Quo
1338 1572 1368 1595 ut
1392 1571 1590 1602 pervenerunt,
1614 1566 1681 1593 nihil
1699 1565 1821 1593 cunctati

1035 1618 1099 1652 (non
1111 1617 1183 1643 enim
1200 1620 1307 1650 tempus
1319 1620 1406 1642 terere
1425 1613 1534 1641 sinebat
1553 1611 1708 1641 sollicitudo
1727 1619 1819 1638 rerum

1034 1662 1227 1694 Occiduarum)
1244 1660 1335 1688 statim
1349 1667 1379 1687 se
1394 1659 1537 1694 accingere
1557 1661 1697 1692 coeperunt
1716 1657 1749 1684 ad
1772 1663 1820 1682 so-

1034 1709 1152 1737 lemnem
1178 1706 1394 1734 coronationem.
1423 1705 1453 1732 ln
1481 1712 1534 1739 qua
1557 1709 1670 1732 eventus
1700 1702 1823 1730 ostendit

1035 1754 1136 1782 frustra
1160 1757 1298 1788 speratum
1314 1752 1347 1779 ab
1368 1751 1514 1783 universis,
1531 1755 1575 1782 ut,
1592 1749 1821 1783 quemadmodum

1035 1805 1211 1832 convenerat,
1235 1799 1310 1834 prior
1337 1797 1514 1832 imperatorio
1536 1795 1689 1822 diademate
1709 1794 1824 1828 insigni-

1035 1852 1111 1874 retur
1132 1850 1160 1872 et
1179 1846 1318 1879 Augustus
1350 1843 1546 1870 acclamaretur
1577 1840 1796 1867 adolescentulus
1812 1857 1821 1871 ,

1035 1892 1198 1927 praeiretque
1221 1890 1327 1918 cunctis
1342 1889 1368 1915 iu
1384 1895 1480 1923 pompa
1496 1884 1654 1921 triumphali
1666 1906 1674 1918 ,
1689 1892 1751 1920 quae
1773 1885 1821 1912 tali

1035 1937 1177 1965 occasione
1196 1934 1379 1964 coronationis
1394 1933 1588 1967 imperatorum
1603 1930 1672 1958 solet
1699 1929 1821 1964 institui,

1036 1983 1192 2016 Paleologus
1215 1988 1280 2008 vero
1301 1984 1329 2007 et
1354 1977 1431 2012 hujus
1446 1977 1545 2013 coojux
1567 1977 1688 2004 secundo
1709 1981 1770 2010 post
1788 1976 1822 2004 il-

1036 2029 1090 2055 lum
1108 2027 1202 2054 Ordine
1219 2024 1387 2060 procederet.

1059 2084 1084 2111 7.
1107 2082 1141 2109 Ut
1157 2087 1235 2117 pacta
1252 2085 1382 2117 conventu
1389 2080 1414 2106 in
1431 2080 1600 2117 coronatiane
1623 2084 1805 2115 transgressus

1312 2117 1345 2142 sit
1365 2115 1539 2150 Palwolagur.

1075 2164 1131 2192 lloc
1159 2170 1222 2190 vero
1253 2162 1302 2189 l’uit
1325 2161 1472 2196 impingere
1500 2160 1527 2187 in
1561 2160 1643 2188 limen
1671 2165 1698 2187 et
1725 2167 1740 2187 a
1765 2160 1824 2194 pri-

1038 2211 1090 2238 mis
1121 2209 1249 2236 aberrare
1282 2207 1440 2234 carcerihus
1465 2214 1514 2242 per
1538 2206 1630 2233 dolum
1660 2209 1687 2233 et
1712 2205 1825 2246 foederis

1038 2255 1249 2285 infractionem;
1274 2259 1306 2279 ex
1333 2259 1387 2286 quo
1417 2251 1490 2280 ftedo
1524 2251 1656 2286 principio
1689 2251 1715 2277 iu
1741 2259 1823 2284 quem

1039 2302 1119 2328 finem
1142 2298 1274 2334 proclivis
1300 2302 1373 2324 esset
1394 2297 1543 2332 prolapsio,
1564 2304 1644 2324 nemo
1669 2296 1724 2323 fere
1758 2304 1825 2331 pru-

1038 2346 1156 2374 dentium
1191 2351 1243 2383 nou
1261 2343 1405 2370 sentiebat.
1431 2341 1529 2369 Verum
1560 2342 1742 2377 prator-cupati
1777 2343 1826 2368 he—

1038 2389 1143 2417 neficiis
1167 2395 1194 2417 et
1221 2388 1348 2423 suspensi
1373 2389 1475 2423 spebus
1491 2389 1616 2424 plerique
1639 2389 1826 2423 potentiorum

1039 2439 1185 2462 tacuerunt
1204 2444 1210 2462 :
1235 2435 1344 2467 linguas
1359 2433 1434 2460 enim
1452 2434 1573 2460 omnium
1587 2455 1595 2467 ,
1619 2434 1761 2468 perpaucis
1777 2442 1826 2460 ex-

1038 2482 1135 2517 ceptis,
1149 2481 1301 2508 ambitiosa:
1317 2480 1477 2514 largitiones
1493 2481 1683 2512 deriuxeraut,
1696 2485 1725 2506 ut
1741 2479 1824 2514 quid-

1038 2528 1079 2554 vis
1097 2526 1169 2552 taciti
1191 2525 1303 2552 ferrent.
1320 2525 1434 2558 Quidam
1447 2525 1529 2551 etiam
1547 2532 1560 2552 a
1575 2529 1652 2559 patre
1666 2525 1744 2560 pueri
1760 2532 1823 2557 qua:

1039 2580 1092 2599 non
1114 2571 1253 2598 voluerant
1275 2570 1359 2605 passi,
1377 2569 1548 2597 dulcedinem
1570 2570 1697 2597 vindicta:
1719 2577 1819 2604 quaru-

1038 2618 1099 2645 dam
1124 2615 1303 2647 degustahant
1329 2616 1357 2642 in
1379 2615 1556 2649 depressione
1589 2615 1637 2641 filii
1658 2614 1716 2648 ejus
1735 2623 1749 2641 a
1766 2623 1822 2648 quo

1038 2671 1067 2690 se
1082 2661 1192 2688 affectos
1211 2660 1307 2693 injuria
1327 2661 1467 2694 putabant.
1489 2659 1580 2692 Quare
1606 2659 1656 2686 hoc
1683 2659 1751 2694 ipsis
1772 2660 1821 2693 ju.

1039 2707 1156 2735 cu-ndum
1179 2705 1328 2733 accidebat.
1348 2704 1506 2732 Patriarcha
1526 2710 1598 2732 totus
1616 2705 1823 2742 incumbcus_ad

1038 2753 1200 2788 sperandum
1219 2751 1289 2785 quod
1303 2751 1425 2786 optabat,
1440 2755 1497 2777 rata
1513 2751 1638 2777 videlicet
1655 2755 1733 2785 pacta
1755 2758 1823 2777 cou-

1039 2803 1119 2828 vcuta
1137 2798 1161 2825 in
1186 2805 1289 2826 summa
1306 2797 1342 2824 rci
1366 2797 1433 2829 lore,
1455 2796 1521 2824 nihil
1541 2797 1567 2824 iu
1591 2796 1634 2824 his
1660 2804 1825 2831 magnoch
