1936 3069
206 132 259 163 5S7

817 134 976 165 GEORGII
998 134 1239 166 PACIIYMER/E

1782 140 1836 171 548

204 191 344 227 Σηλυϐρία
363 191 515 227 κατείχετο,
531 192 642 227 πέμψας
664 193 737 228 αἱρεῖ
753 194 825 220 κατὰ
835 194 936 229 κράτος
947 194 995 221 καὶ
1009 196 1032 224 Α
1048 188 1115 228 πρε-ς
1132 194 1254 225 ἐκείνους
1283 193 1404 220 κάκεῖνοι
1423 193 1491 229 πρὸς
1512 193 1638 227 τούτους,
1661 195 1709 221 καὶ
1735 196 1837 231 τρόπον

204 238 258 264 τῶν
276 237 421 271 Ῥωμαίων
435 238 553 265 ποιεῖται
572 238 620 274 τὴν
641 238 719 265 πάλιν
744 238 859 265 ἀκονιτί.
880 239 941 265 Ἔτι
963 247 993 265 τε

205 281 398 316 προσεχώρουν
412 280 559 316 ἐγγύτερον
573 283 597 308 οἱ
612 282 753 316 ἡμέτεροι,
772 283 820 309 καὶ
829 282 863 308 τὰ
875 282 928 314 ἔξω
942 283 993 317 τῆς

206 326 311 357 πόλεως
328 327 356 352 ἐν
382 326 476 361 χερσὶν
499 324 573 361 εἶχον
601 327 671 362 πλὴν
703 326 857 361 Ἀιραμείας
883 328 992 362 ίσχυροῦ

205 371 337 406 φρουρίου
348 372 530 407 κατεχομένου
545 373 612 404 τοῖς,
624 372 745 404 Ἰταλοῖς.
769 372 861 400 Ἦσαν
879 373 909 399 δέ
921 382 994 404 τινες

205 418 398 449 κατοικοῦντες
415 419 468 444 ἀπὸ
479 418 615 452 Χρυσείας
641 427 670 445 τε
688 419 735 445 καὶ
757 421 906 452 ἐπέκεινα,
931 420 993 446 ἀνέ-

205 471 268 495 τους
276 465 325 495 τὰς
341 464 454 498 γνώμας
474 465 581 499 ἔχοντες
605 466 660 492 εἴτε
677 466 745 501 πρὸς
768 466 920 500 Ῥωμαίους
936 467 993 493 εἴτε

205 510 273 543 πρὸς
294 510 413 540 Ἰταλοὺς
439 511 557 537 ἐθέλοιεν
581 511 750 545 ἀποκλίνειν,
776 514 830 540 τῶν
856 514 905 548 μὲν
928 515 995 541 Ῥω-

207 555 295 589 μαίων
310 556 519 591 προσκειμένων
537 557 629 589 αὐτοῖς
643 556 702 585 οὖσι
730 559 889 594 Ῥωμαίοις,
905 561 960 587 τῶν
972 561 993 587 δ’

169 597 176 609 ’³
212 600 322 628 Ἰταλῶν
346 602 470 637 φυλακὴν
487 603 519 629 ἐκ
533 603 637 629 τούτων
653 605 840 631 πιστευόντων
863 606 936 641 ἔχειν
949 607 994 633 διὰ

205 646 236 673 τὸ
247 647 315 681 πρὸς
339 647 438 679 αὐτοὺς
461 647 595 683 σύνηθες*
619 649 650 675 οὐ
676 650 730 685 γὰρ
761 648 794 685 ἦν
817 651 923 686 ἑτέροις
946 660 994 678 πι-

206 693 321 720 στεύειν.
341 693 417 720 Τὸδέ
438 694 486 721 καὶ
509 695 572 726 τοὺς
586 696 781 728 κατοικοῦντας
796 697 936 731 ἐκδιῶξαι,
956 698 994 733 μὴ

205 739 252 764 καὶ
262 738 382 770 κίνδυνος
396 740 428 765 ἐκ
446 739 624 775 τῆςὲρημίας
642 741 805 776 προσέσται.
824 739 914 768 Ἦσαν
928 743 994 776 γοῦν

207 784 309 818 μεταξὺ
333 784 476 819 Ῥωμαίων
497 785 544 811 καὶ
562 785 682 818 Ἰταλῶν,
704 787 752 813 καὶ
769 787 814 813 διὰ
834 788 912 813 τοῦτο
935 788 994 814 ἐκέ-

206 829 306 864 κληντο
323 830 371 856 καὶ
399 829 608 866 θεληματάριοι,
626 832 676 866 τὴν
689 832 741 865 ἔξω
761 833 810 867 τῆς
827 833 931 864 πόλεως
942 834 994 869 γῆν

206 875 415 910 καρπιζόμενοι,
430 864 576 908 διαζῶντες
599 864 766 904 ἐκείθεννκαὶ
788 864 856 913 παρ’
870 864 993 914 ἀμφοτέ-
1012 864 1031 892 Β

208 929 262 955 ρων
274 922 313 952 εις
324 922 417 949 ἄνεσιν
430 923 569 957 μένοντες,
594 924 753 960 χρῃςόντων
775 925 918 960 ἑκατέρων
942 926 994 961 τῆς

206 967 318 994 ἐκείνων
328 968 448 1003 ἀγάπης,
460 968 497 1000 ὡς
512 969 546 996 ἄν
553 978 586 1004 γε
603 970 640 1005 μὴ
656 970 828 1005 βλάπτοιντο.
845 972 925 1006 Δῆλοι
939 973 994 1006 γὰρ

205 1012 275 1050 ἦσαν
292 1015 335 1042 διὰ
349 1016 444 1050 μίσους
459 1019 522 1048 τοὺς
534 1018 585 1044 οὐκ
614 1019 733 1049 οἰκείους
749 1018 856 1051 ἕξοντες
869 1027 875 1033 ·
892 1017 926 1054 ἦν
940 1019 992 1054 γὰρ

206 1062 252 1088 καὶ
265 1063 328 1093 τοὺς
347 1063 465 1094 Ἰταλοὺς
480 1065 512 1090 ἐκ
527 1063 574 1090 τοῦ
589 1065 742 1100 ἀναχωρεῖν
753 1065 860 1091 ἐκεῖθεν
874 1065 993 1096 ἐκείνους

207 1107 373 1141 βλάπτεσθαι
392 1109 584 1144 ἐρημωθέντος
601 1111 649 1137 τοῦ
672 1112 766 1141 τόπου,
781 1112 829 1138 καὶ
846 1113 909 1143 τοὺς
926 1111 993 1138 Ῥω-

207 1151 314 1186 μαίους,
334 1153 358 1178 εί
379 1154 528 1188 ἐγχειροῖεν
549 1155 595 1181 ἐπί
611 1164 646 1188 τι,
673 1155 709 1190 μὴ
720 1157 794 1187 ὅπως
805 1165 836 1190 γε
853 1158 994 1191 συνεργεῖ-

208 1197 281 1227 σθαι,
298 1198 365 1224 ἀλλὰ
378 1200 507 1226 καὶκατὰ
535 1200 633 1235 κράτος
661 1202 805 1236 εἴργεσθαι
825 1203 890 1237 παρ’
904 1202 994 1229 αὐτῶν

206 1243 251 1270 διὰ
265 1243 294 1270 τὺ
311 1245 379 1279 πρὸς
404 1246 527 1277 ἐκείνους
542 1248 621 1281 μῖσος
641 1248 770 1283 καθαρῶς
784 1249 994 1283 προσκειμένων

205 1291 262 1322 τοῖς
284 1290 403 1323 Ἰταλοῖς.
420 1292 497 1319 Μετὰ
514 1292 578 1326 γοῦν
591 1293 640 1328 τὴν
660 1293 708 1328 τῆς
725 1294 880 1329 Σηλυϐρίας
893 1294 993 1321 ἅλωσιν

206 1336 282 1362 οὐδὲν
297 1334 330 1371 ἦν
352 1337 433 1371 μέσον
448 1338 537 1363 αὐτῶν
548 1347 577 1364 τε
590 1339 639 1366 καὶ
654 1339 708 1366 τῶν
721 1340 876 1374 ἡμετέρων,
895 1340 953 1366 ἀλλ’
968 1340 996 1367 εἴ

206 1389 258 1407 που
280 1381 437 1418 συντύχοιεν
464 1384 602 1419 ἀλλήλοις,
634 1384 748 1419 φιλικῶς
763 1384 836 1420 εἶχον
863 1385 941 1412 αὐτοί
963 1394 993 1412 τε

206 1480 279 1505 rum,
295 1473 385 1501 missis
398 1474 483 1508 copiis
501 1475 588 1509 primo
602 1482 661 1502 eam
690 1475 799 1502 incursu
818 1476 891 1510 cepit
914 1481 941 1504 et
957 1478 995 1503 Γςι-

207 1517 259 1544 cile
270 1517 368 1552 adjecit
384 1518 478 1545 ditioni
506 1519 699 1547 Romanorum.
718 1519 831 1554 Propius
845 1521 927 1548 etiam
943 1523 994 1548 ad-

208 1568 348 1591 moventes
361 1571 423 1591 sese
446 1565 504 1591 urbi
528 1566 612 1592 nostri
637 1565 791 1593 suburbana
803 1572 992 1602 occuparunt,

206 1615 318 1644 excepta
331 1611 481 1645 Aphamea,
495 1612 646 1639 munitione
659 1612 746 1639 valido
758 1612 884 1640 ltalorum
900 1614 994 1648 prmsi-

207 1656 253 1682 dio
266 1655 386 1684 defensa.
404 1656 487 1683 Erant
502 1662 591 1684 autem
607 1661 686 1684 terra:
705 1657 778 1684 illius
793 1658 917 1692 inquilini
933 1660 994 1693 qni-

206 1703 266 1728 dam
286 1708 301 1729 a
316 1702 434 1738 Cbrysea
455 1708 484 1729 et
507 1703 575 1730 locis
588 1703 764 1730 ulterioribus
784 1703 900 1738 profecti
916 1703 994 1731 liheri

209 1748 332 1776 homines
346 1753 373 1775 et
385 1749 427 1776 sui
438 1748 518 1783 juris,
533 1749 699 1784 ancipitique
714 1750 739 1776 in
758 1749 896 1777 Romanos
913 1756 994 1784 atque

206 1793 288 1820 italos
308 1793 418 1826 favore,
433 1798 460 1821 et
475 1794 508 1821 ad
523 1794 669 1821 alterutros
685 1799 763 1828 prout
779 1794 895 1821 libuerat
915 1794 995 1821 incli-

207 1847 272 1866 nare
286 1839 380 1871 soluti,
397 1839 529 1866 Romanis
542 1841 568 1866 in
584 1839 659 1874 ipsos
681 1844 773 1873 utpote
791 1839 928 1867 Romanos
946 1847 994 1866 na-

208 1884 286 1912 turali
305 1885 420 1912 caritate
435 1885 663 1919 propendentibus
677 1904 684 1916 ,
702 1885 775 1911 italis
788 1885 875 1919 gentis
887 1885 939 1912 sibi
962 1885 994 1912 ad

208 1932 317 1959 tutelam
333 1931 425 1959 ﬁnium
441 1931 564 1966 perntilis
575 1931 709 1959 demereri
723 1932 813 1958 studia
831 1931 994 1959 conantibus

207 1979 403 2006 consuetudine
418 1979 573 2005 commercii
593 1978 719 2012 utrinque
739 1978 889 2012 quaestuosi
914 1985 991 2004 com-

208 2025 346 2058 modique.
374 2024 434 2051 Non
458 2024 530 2051 enim
560 2024 626 2050 alios
646 2023 780 2050 habebant
806 2024 906 2058 quibus
932 2023 996 2050 lide-

207 2074 281 2102 rent;
300 2074 326 2096 et
347 2069 369 2095 si
384 2069 433 2096 hos
455 2069 623 2103 expellerent
645 2070 739 2096 unicos
753 2068 900 2096 suburbani
922 2068 995 2095 terri-

207 2115 270 2142 torii
285 2115 406 2147 colonos,
425 2115 540 2141 desertae
563 2115 626 2148 ipsis
640 2114 798 2148 incultzeque
818 2114 940 2148 reginnes
958 2115 996 2140 vi-

206 2167 280 2188 ctum
299 2165 438 2196 negarent.
454 2160 523 2188 Cum
544 2168 610 2194 ergo
627 2161 695 2187 inter
711 2159 848 2187 Iioinauos
865 2165 891 2187 ct
913 2160 995 2187 ltalos

1047 240 1282 276 μᾶχηςοὺδέτεροι
1311 239 1443 274 θατέρους
1462 240 1621 268 ἐσκύλευον.
1649 241 1753 268 Ἐδόκει
1772 242 1839 276 γοῦν

1043 285 1082 320 τῷ
1099 285 1204 320 βασλεῖ
1217 285 1250 311 δι’
1273 285 1470 320 Ἑλλησπόντου
1487 287 1675 320 περαιωθέντα
1687 288 1736 322 τὴν
1749 288 1838 321 Σηλυ-

1045 332 1124 365 ϐρίαν
1137 332 1199 366 ἄρτι
1218 332 1335 358 ἁλοῦσαν
1351 332 1524 364 καταλαϐεῖν,
1538 333 1585 359 καὶ
1600 334 1633 360 τὰ
1648 334 1712 368 περὶ
1726 334 1769 369 [Ρ.
1792 334 1839 370 72]

1044 378 1090 405 τοῦ
1106 378 1164 410 πῶς
1175 379 1207 404 ἂν
1223 379 1239 413 ή
1257 377 1333 409 πόλις
1356 378 1504 413 Ῥωμαίοις
1519 379 1593 414 ἁλῴη
1611 380 1668 405 ἐκεῖ
1681 379 1838 414 καθήμενον

1045 424 1299 458 πραγματεύεσθαι.
1337 424 1417 450 ’Δὶ-λὰ
1450 424 1480 450 τὺ
1509 425 1574 459 περὶ
1601 424 1649 460 τὴν
1672 425 1838 461 Ἐκκλησίαν

1046 470 1154 504 συμϐὰν
1173 471 1222 497 οὐκ
1235 471 1277 497 εἶα
1289 470 1382 497 τοῦτον
1401 471 1548 506 διαπερᾷν.

1046 552 1087 576 ιε’.
1102 549 1203 582 ’Ὅπως
1223 550 1239 576 ό
1250 549 1437 584 πατριάρχης
1457 549 1614 583 ’Λρσένιος
1628 549 1682 577 τοῦ
1697 558 1840 584 πατριαρο

1285 586 1370 619 χεΙου
1386 585 1597 617 ὑπεξίσταται.

1055 654 1068 676 ι·
1087 651 1116 678 ’0
1131 652 1186 686 γὰρ
1200 653 1374 688 πατριάρχης
1395 653 1423 680 Ἀ
1430 653 1534 687 ρσένιος
1545 653 1595 679 εἴτ’
1611 653 1838 687 ἐπιλογισάμενος

1043 698 1074 724 τὸ
1091 698 1135 724 ἐπὶ
1148 698 1187 733 τῷ
1208 698 1312 732 βασιλεῖ
1326 698 1460 733 πραχθὲν,
1477 699 1515 730 ὡς
1526 699 1695 734 ἐξηπάτηται
1717 700 1768 734 μὲν
1786 700 1837 725 αὺ-

1044 744 1099 775 τδς,
1115 743 1128 768 ὀ
1148 742 1175 768 δὲ
1191 742 1240 777 τῆς
1256 742 1396 777 βασιλείας
1420 742 1509 777 ὖρπηξ
1529 743 1679 777 ἀγέραστος
1695 744 1771 778 μένει
1788 751 1838 769 πε-

1046 789 1270 824 ριφρονοῦμενος,
1295 789 1350 815 τῶν
1377 790 1549 824 πραγμάτων
1574 790 1641 815 ὅλων
1658 789 1710 815 ὑπὸ
1725 789 1763 824 τῷ
1782 791 1837 816 Πα-

1045 836 1177 870 λαιολόγῳ
1192 835 1397 870 διοικουμένων,
1418 836 1471 862 εἴτε
1488 836 1534 862 καὶ
1559 835 1638 862 ἄλλου
1655 836 1786 868 νύξαντος
1799 837 1838 868 ὡς

1048 881 1235 914 ἐπινυστάξειε
1262 882 1377 916 μέγιστα
1400 881 1507 916 πράξας
1533 882 1579 908 καὶ
1600 881 1714 916 ἄληστα,
1741 883 1799 908 εἴτε
1812 892 1837 909 τι

1049 927 1096 954 καὶ
1110 927 1175 954 ἄλλο
1190 935 1216 953 τι
1231 926 1262 953 τὸ
1272 926 1373 953 λυποῦν
1389 923 1424 961 ἦν
1439 926 1509 962 (οὐδὲ
1524 926 1578 960 γὰρ
1594 927 1696 957 ἐκεῖνος
1707 926 1788 960 δῇλεν
1805 924 1838 960 ἦν

1048 973 1133 1000 ποιῶν
1147 973 1190 1008 ἐφ’
1201 970 1223 1006 ᾧ
1237 971 1374 1008 ἐξεχώρει,
1389 973 1478 1003 αἰτίας
1491 972 1514 999 δ’
1535 973 1684 998 ἐπλάττετο
1696 973 1733 1004 ὡς
1748 980 1838 999 κατα-

1047 1020 1170 1053 φρονοῐτο
1188 1019 1233 1044 καὶ
1257 1018 1295 1046 ὡς
1311 1018 1389 1044 οὐδὲν
1418 1018 1494 1053 παρὰ
1521 1018 1628 1053 βασιλεῖ
1652 1018 1727 1044 ἁνύοι
1750 1018 1839 1052 λέγων

1047 1064 1117 1099 ὑπὲρ
1133 1064 1188 1091 τῶν
1202 1065 1234 1099 τῇ
1243 1063 1390 1098 Ἐκκλησία
1404 1063 1600 1097 καθηκόντων),
1613 1062 1662 1097 ἅμ’
1673 1063 1758 1090 εἰπὼν
1769 1064 1839 1098 πρὺς

1047 1111 1092 1137 τὸν
1107 1111 1207 1146 κλῆρον
1223 1112 1269 1138 καὶ
1281 1111 1330 1146 ἅμ’
1345 1111 1470 1146 ὁρμήσας
1491 1111 1541 1145 τὴν
1558 1110 1646 1145 πύλην
1661 1111 1711 1145 τῆς
1733 1110 1838 1141 πόλεως

1047 1159 1163 1190 Νικαίας
1186 1157 1392 1193 καταλαμϐάνει
1412 1157 1493 1193 πεζῇ,
1513 1157 1559 1184 καὶ
1575 1157 1613 1188 ὡς
1637 1155 1694 1192 εἶχε
1713 1157 1759 1183 τὸν
1774 1157 1839 1191 πῖρὶ

1048 1204 1129 1231 αὐτὸν
1158 1203 1236 1238 ὄχλον
1265 1202 1498 1236 ἀποτιναξιίμενος
1525 1200 1730 1236 ἀμεταστρεπτὶ
1754 1200 1837 1232 ἵεται,

1047 1250 1153 1284 ὀλίγους
1164 1249 1233 1284 ἔχων
1245 1249 1307 1281 τοὺς
1326 1249 1537 1283 συνεπομένους.
1555 1248 1610 1273 Καί
1635 1255 1688 1274 τινι
1711 1246 1779 1281 πρὸς
1799 1246 1840 1280 τῷ

1046 1296 1133 1330 τείχει
1149 1296 1181 1330 τῇ
1202 1294 1248 1321 τοῦ
1266 1295 1425 1329 ἀγάλματος
1449 1293 1638 1328 προσκαθίσας
1654 1294 1734 1328 μονῇ.
1758 1293 1840 1319 νυκτὶ

1047 1340 1096 1376 τὴν
1112 1341 1223 1376 πορείαν
1242 1339 1377 1372 πιστεύει,
1394 1340 1441 1366 καὶ
1454 1339 1546 1373 φέρων
1560 1339 1656 1365 ἑαυτὸν
1671 1339 1703 1373 τῇ
1715 1338 1762 1364 τοῦ
1782 1339 1841 1364 Πα-

1048 1387 1158 1422 σχασίου
1178 1388 1245 1422 μονῇ
1272 1387 1373 1418 δίδωσι,
1394 1387 1462 1421 μονῇ
1482 1385 1552 1420 πρὸς
1579 1384 1694 1420 ἡσυχίαν
1722 1384 1837 1420 εὐθέτῳ,

1047 1478 1155 1502 nostros
1175 1473 1304 1500 medium.
1322 1471 1424 1499 Tamen
1442 1471 1603 1499 necessariis
1619 1470 1644 1497 in
1663 1471 1706 1497 illa
1730 1471 1832 1497 vicinia

1047 1519 1207 1547 orcursibus
1235 1519 1322 1546 amice
1351 1523 1499 1554 pacateqne
1525 1519 1762 1554 diiungebantur,
1786 1526 1838 1545 nec

1047 1566 1175 1593 Reinanis
1196 1566 1268 1600 ipsos
1288 1573 1338 1593 nec
1361 1567 1427 1600 ipsis
1459 1565 1600 1593 Romanos
1618 1565 1763 1593 inciviliter
1782 1570 1838 1592 tra-

1045 1613 1183 1640 ctautibns
1204 1617 1251 1639 aut
1275 1612 1329 1639 vim
1355 1612 1436 1639 ullam
1458 1612 1619 1646 injuriaznve.
1647 1611 1835 1639 ollerentibns.

1046 1657 1123 1685 Tunc
1140 1658 1228 1685 visum
1245 1662 1427 1693 opportunum
1446 1659 1603 1693 imperatori
1616 1663 1657 1685 est
1673 1658 1838 1685 transmiSso

1047 1703 1220 1738 Hellesponto
1233 1705 1258 1731 in
1273 1712 1358 1738 nuper
1373 1709 1479 1738 captam
1493 1703 1642 1739 Sclybriani
1655 1711 1684 1731 se
1701 1703 1836 1736 conferre,

1045 1749 1137 1784 ibique
1162 1758 1195 1777 ex
1224 1750 1376 1784 propinquo
1408 1749 1521 1777 consilia
1542 1757 1640 1784 capere
1663 1750 1838 1783 rationesque

1046 1796 1114 1823 inire
1129 1796 1203 1822 urbis
1226 1795 1373 1829 potiundae.
1389 1794 1442 1822 Sed
1468 1800 1613 1822 revocatus
1629 1795 1663 1821 ab
1683 1803 1712 1822 ea
1730 1795 1838 1829 mgita-

1046 1842 1118 1869 tione
1149 1841 1413 1875 lransmissioneqne
1440 1845 1482 1867 cst
1504 1849 1535 1868 eo
1564 1842 1636 1875 quod
1662 1845 1760 1875 praeter
1775 1841 1837 1875 opi-

1046 1889 1153 1915 nionem
1170 1887 1196 1914 in
1217 1886 1336 1914 Ecclesia
1355 1891 1418 1913 tunc
1433 1886 1557 1920 contigit.

1066 1955 1109 1982 15.
1131 1954 1162 1982 Ut
1176 1955 1330 1988 patriarcha
1352 1952 1480 1981 Arsenins
1495 1953 1680 1988 patrima/tatu
1695 1954 1815 1981 cesuril.

1081 2022 1239 2050 Patriarclia
1257 2021 1389 2055 siquidem
1409 2021 1548 2051 Arseuius.
1560 2021 1617 2048 sive
1637 2026 1766 2055 reputans
1781 2022 1835 2049 sibi

1047 2069 1154 2096 illusum
1172 2069 1323 2096 interversa
1344 2069 1520 2095 coronatione
1543 2069 1618 2102 pueri
1639 2068 1766 2102 Augusti.
1794 2067 1837 2094 in-

1045 2115 1180 2149 digneque
1195 2114 1287 2142 ferens
1296 2114 1403 2140 haerede
1417 2114 1523 2148 imperii
1539 2119 1694 2147 contempto
1706 2121 1838 2148 paeni-que

1047 2162 1073 2188 in
1088 2162 1210 2188 ordinem
1227 2161 1338 2188 redacto
1350 2161 1383 2188 ad
1398 2166 1493 2187 nutum
1509 2160 1590 2188 unius
1607 2159 1748 2194 Palaeologi
1764 2168 1838 2187 cuu-

207 2212 364 2234 neotrarum
395 2213 483 2234 essent
510 2207 646 2241 partium,
679 2206 871 2233 Thelematarii
894 2206 989 2241 (quasi
1007 2211 1088 2241 Dcta
1105 2207 1269 2241 gubernari,
1297 2207 1354 2233 sive
1381 2206 1571 2233 indormivisse
1598 2206 1650 2233 sibi
1666 2206 1793 2237 conscius
1809 2207 1837 2234 in

206 2255 313 2282 diceres
333 2254 499 2288 voluntarii)
523 2254 700 2286 vocabantur,
725 2254 807 2288 quod.
825 2258 855 2280 ut
871 2253 937 2285 dixi,
960 2253 993 2279 ad

206 2307 275 2335 quos
292 2300 418 2327 volebant
437 2300 546 2334 impune
564 2301 780 2334 propenderent,
801 2307 911 2334 campos
933 2298 992 2325 urbi

207 2346 309 2373 vicinos
322 2346 440 2373 colentes
456 2345 574 2380 indeque
587 2346 718 2377 viventes,
737 2353 786 2372 ncc
800 2345 903 2372 Latinis
920 2346 994 2379 ipsos

207 2400 257 2420 nec
275 2392 402 2419 Romanis
423 2392 609 2419 inleslantibus
623 2411 631 2424 ,
657 2392 729 2425 quod
755 2399 848 2418 eorum
865 2398 945 2426 opera
965 2395 994 2417 ct

207 2438 394 2466 benevolentia
414 2439 516 2473 pariter
528 2438 638 2472 utrique
650 2438 812 2471 indigerent.
824 2437 889 2463 Nam
904 2444 993 2464 uiros-

207 2485 247 2511 vis
264 2485 298 2510 ob
325 2489 449 2517 acceptas
470 2483 583 2517 injurias
601 2484 739 2514 odissent,
764 2481 871 2509 allicere
893 2482 992 2508 damno

208 2537 343 2565 poterant,
359 2530 440 2557 Italos
460 2531 566 2565 quidem
581 2529 732 2556 recedendo
753 2529 824 2560 inde,
836 2532 864 2555 et
886 2527 991 2554 desola-

209 2578 243 2603 tis
261 2578 425 2611 inCnltisqne
455 2575 656 2609 relinquendis,
675 2574 746 2600 unde.
772 2573 858 2600 victus
886 2578 991 2607 partem

209 2625 352 2651 maximam
381 2624 457 2657 111
485 2625 638 2655 habebant,
654 2622 744 2654 terris,
770 2622 906 2648 Romanos
930 2629 992 2648 vero

207 2671 374 2702 ulciscendo,
389 2673 410 2698 si
428 2671 611 2701 irritarentur,
627 2674 653 2695 ct
673 2677 751 2694 tnnntl
774 2674 878 2695 armata
899 2675 991 2702 perse-

207 2717 331 2751 quendo;
346 2718 370 2742 in
385 2724 465 2750 quam
482 2721 584 2750 partem
600 2720 676 2742 erant
692 2723 739 2750 per
756 2722 816 2741 sese
833 2715 990 2748 proniores,

208 2771 258 2790 usu
271 2769 296 2790 et
308 2763 433 2789 instituto
450 2763 511 2789 vitae
526 2762 612 2796 palam
628 2762 815 2788 incumbentes
830 2761 856 2786 in
872 2761 989 2787 favorem

207 2809 333 2836 ltalorum
352 2814 377 2836 ct
395 2817 408 2835 a
430 2808 558 2836 Romanis
581 2808 769 2835 abhorrentes.
791 2807 832 2838 lli,
849 2813 990 2841 postquam

207 2859 285 2890 capta
299 2860 339 2882 est
354 2855 487 2891 Selybria,
505 2854 634 2889 niliiljam
649 2853 781 2881 habebant
798 2854 868 2881 inter
880 2853 952 2887 ipsos
965 2857 991 2880 ct

1046 2253 1170 2280 maximis
1192 2257 1219 2279 et
1234 2253 1346 2287 publicm
1363 2253 1465 2280 notitia:
1490 2252 1673 2279 indelebiliter
1694 2253 1838 2288 insculptis

1044 2306 1111 2325 serae
1142 2299 1204 2326 inde
1228 2299 1392 2333 paenitentia:
1425 2307 1516 2326 morsu
1542 2299 1757 2334 inquietabutnr,
1784 2306 1835 2326 seu

1043 2345 1104 2378 quis
1132 2344 1201 2371 alius
1229 2345 1322 2372 urebat
1342 2345 1467 2372 occultus
1494 2345 1570 2371 dolor
1586 2345 1661 2379 (nam
1682 2346 1838 2379 apparebat

1043 2398 1105 2418 eum
1119 2399 1171 2417 non
1195 2391 1271 2417 faleri
1299 2391 1363 2426 quid
1388 2397 1460 2418 esset
1477 2399 1609 2426 quoa'ere
1625 2396 1791 2423 nmverelur,
1806 2398 1838 2419 et.

1045 2438 1146 2472 lingere
1158 2445 1225 2472 quas
1242 2438 1375 2472 allegabat
1389 2446 1505 2470 causas,
1524 2438 1596 2472 quod
1619 2438 1746 2464 nimirum
1773 2439 1837 2464 ani-

1044 2483 1227 2510 madverteret
1243 2490 1303 2510 sese
1330 2484 1465 2511 contemni
1484 2483 1518 2510 ab
1535 2484 1708 2518 imperatore,
1725 2486 1752 2510 et
1768 2491 1834 2510 cum

1043 2529 1066 2556 ei
1083 2529 1116 2556 de
1142 2530 1222 2556 rebus
1247 2529 1375 2556 Ecclesiae
1402 2530 1568 2564 loqueretur,
1592 2529 1656 2556 nihil
1675 2530 1834 2564 prolicere),

1045 2576 1106 2603 talia
1123 2576 1195 2603 clero
1208 2585 1269 2603 cum
1282 2577 1396 2603 dixisset
1408 2598 1414 2608 ,
1438 2583 1550 2611 repente
1574 2577 1674 2609 impetu
1689 2583 1767 2610 capto
1784 2585 1835 2610 pe-

1043 2622 1089 2649 des
1106 2622 1151 2649 ad‘
1163 2627 1267 2656 portam
1283 2623 1357 2650 urbis
1372 2622 1467 2650 Nicaea:
1488 2631 1646 2657 progressus
1670 2627 1720 2653 est,
1739 2622 1835 2656 ibique

1043 2673 1249 2702 persequentem
1276 2668 1359 2695 tﬂ‘use
1376 2669 1482 2695 turbam
1497 2676 1511 2695 a
1528 2676 1556 2695 se
1576 2668 1709 2701 repellens
1723 2668 1834 2695 irrevo~

1042 2714 1167 2741 cabiliter
1176 2721 1204 2741 se
1217 2714 1243 2741 in
1256 2716 1325 2742 viam
1343 2715 1414 2742 dedit
1429 2715 1506 2750 112
1521 2716 1613 2748 paucis
1625 2714 1834 2747 comitantibus;

1042 2765 1067 2786 et
1080 2767 1139 2786 cum
1152 2761 1179 2787 in
1192 2762 1306 2793 quodam
1320 2762 1409 2788 vicino
1425 2762 1559 2788 tltCBllllMlS
1573 2760 1738 2788 monasterio
1749 2761 1837 2795 Agal-

1044 2807 1123 2833 matis
1135 2811 1229 2833 vocato
1246 2807 1353 2839 paulum
1376 2807 1554 2839 consedisset,
1574 2813 1708 2833 nocturno
1730 2805 1836 2833 itinere

1043 2859 1071 2879 se
1087 2851 1200 2879 contulit
1225 2854 1258 2880 ad
1274 2855 1466 2881 monasterium
1484 2853 1623 2881 l‘ascltasii
1645 2852 1678 2879 ad
1700 2852 1838 2886 tranquil-
