1936 3069
99 147 151 179 549

577 146 626 176 DE
648 144 842 175 MlCIIAELE
863 142 1096 173 PALEOLOGO
1117 143 1190 173 LIB.
1216 144 1255 174 ΙΙ,

1678 143 1728 174 55‘)

97 205 174 230 ἔνθεν
194 203 242 238 μὲν
261 202 362 238 ἐχούσῃ
387 203 436 235 τὴν
454 203 603 235 θάλασσαν,
631 201 706 228 ἔνθεν
723 202 745 228 δ’
762 201 889 236 ὑπεράνω
905 205 925 230 Α
943 201 1016 235 ρεῦσι
1036 200 1065 226 τὸ
1091 199 1211 234 πραχθὲν
1235 198 1274 234 τῷ
1294 199 1451 234 πατριάρχῃ
1471 198 1603 225 κοινοῦντι
1633 199 1679 225 καὶ
1696 199 1726 224 τὸ

97 249 209 284 κειμένῃ
231 248 278 275 τοῦ
294 248 419 283 ποταμοῦ
438 249 602 284 Δράκοντος,
628 248 675 274 καὶ
706 248 748 282 ἐφ’
773 247 889 282 ἡσυχίαις

96 296 184 322 ἐκεῖσε
205 294 339 328 καθῆστο.
359 295 414 320 Καὶ
427 295 440 320 ὁ
457 295 507 329 μὲν
519 293 591 320 οὕτω
605 293 644 328 τῷ
659 294 734 328 τόπῳ
754 293 888 327 ὲνησυχάη

97 342 151 372 ζων
165 340 270 371 οὐδενὸς
285 339 339 366 τῶν
354 340 532 374 καθηκόντων
545 341 577 374 τῇ
593 339 762 374 πιτριαρχίᾳ
776 339 888 374 ἥπτετο,

97 386 178 412 πάντ’
196 387 291 418 ἐάσας,
321 386 410 421 ἑαυτῷ
424 386 452 412 δὲ
469 386 542 421 μόνῳ
569 386 730 421 προσλαλῶν
747 387 794 413 καὶ
818 386 889 419 Θεῷ.

97 432 128 457 Ol
141 431 168 457 δὲ
183 431 231 457 τοῦ
252 432 365 466 κλήρου,
380 433 426 458 καὶ
439 432 497 458 ὅσοι
514 432 566 458 τῶν
580 432 731 467 ἀρχιερέων
745 434 777 468 τῇ
788 433 890 468 Νικαίᾳ.

97 477 263 512 ἐπεδήμουν,
281 478 368 504 δεινὸν
384 478 412 504 τὺ
432 478 540 512 συμϐἒιν
557 477 673 512 ἡγοῦντο
686 479 734 504 καὶ
752 479 889 512 προσεπέ-

97 523 207 550 στελλον
228 524 408 555 ῐκετεύοντες,
431 525 467 558 μή
493 533 545 550 που
563 525 608 550 καὶ
625 524 752 559 βασιλεὺς
767 524 889 556 ἀκούσας

97 568 125 594 ὲν
151 568 233 603 δεινῷ
259 569 291 594 τὸ
311 569 431 604 πραχθὲν
455 571 574 604 ποιήσοι.
603 570 659 596 Καὶ
680 570 768 602 ἄλλως
784 571 889 597 δίκαιον

97 612 178 645 εἶναι,
195 614 222 640 ετ
239 614 281 646 τίς
303 619 368 641 rte-4'
384 616 430 641 καὶ
447 615 555 650 λυποίη,
583 615 665 642 αὑτοῦ
689 624 741 642 που
768 616 816 642 τοῦ
838 624 891 642 πα-

97 660 257 694 τριαρχείου
280 661 415 695 καθῆσθαι
432 662 479 687 καί
498 670 526 695 γε
544 661 667 696 ἐλέγχειν
682 661 727 688 τὸν
750 663 811 688 κατ’
823 663 890 696 ἐπή-

99 711 177 738 ρειαν
192 705 364 740 ἐνοχλοῦντα,
384 706 627 740 προσιναφέροντα
656 707 702 732 καὶ
718 706 756 741 τῷ
771 706 887 741 βασιλεῖ,

98 751 123 776 εἱ
137 750 160 777 δ’
176 750 258 781 αὐτὸς
270 753 318 777 καὶ
334 751 414 786 μόνος
435 751 478 785 εἴη
495 751 622 786 ἐνοχλῶν,
649 751 730 778 αὑτὸν
753 752 890 778 νουθετεῖν

97 795 222 830 ἐλέγχειν
239 797 419 830 παρακαλεῖν,
436 796 680 830 συλλαμϐανόντων
695 797 742 823 καὶ
764 797 818 824 τῶν
842 798 891 832 ἁρ-

98 841 214 876 χιερέων
233 841 349 868 καθόσον
366 841 494 877 ἰσχύοιεν.
511 841 547 868 Τὸ
562 842 585 868 δ’
599 843 750 877 ἀναχωρεῖν
769 842 806 877 μὴ
823 851 891 876 προ--

99 887 191 921 φανῶς
206 888 255 919 τὰς
277 888 367 919 αἰτίας
396 889 515 922 λέγοντι,
552 888 590 924 μὴ
633 889 746 919 μάταιον
772 891 886 925 νομισθῇ

98 933 128 958 τὸ
143 932 310 968 ἐγχείρημα.
325 931 380 960 Ἦν
397 933 425 960 δὲ
451 934 503 970 ἄρα
518 937 564 962 καὶ
587 934 755 969 ἀμφοτέροις
772 935 890 968 ἀνήνυτα

99 978 132 1004 τὰ
143 979 331 1012 πραττόμενα,
346 981 403 1009 τοῖς
420 979 445 1006 τ’
463 981 651 1007 ἐπιστέλλουσι
668 979 711 1016 [Ρ.
731 979 776 1016 75]
793 980 839 1006 καὶ
852 979 890 1016 τῷ

101 1024 276 1059 ἡσυχάζοντι,
290 1024 398 1059 δοκήσει
414 1025 469 1051 τῶν
492 1025 541 1060 μὲν
557 1028 604 1052 τοῦ
622 1025 659 1061 μὴ
677 1026 748 1061 ἔχειν
764 1027 891 1061 ἀποσπᾷν

99 1070 204 1096 ἐκεῖθεν
224 1071 340 1103 ἐκεῖνον,
353 1071 405 1097 κᾶν
417 1071 430 1097 ὅ
445 1079 472 1098 τι
488 1071 601 1106 λέγοιεν,
619 1072 667 1099 τοῦ
687 1072 714 1099 δὲ
735 1072 782 1098 τοῦ
794 1072 830 1107 μὴ
846 1072 892 1098 ἐπὶ

102 1116 193 1149 ῥητοῖς
210 1116 288 1151 ιστᾷν
303 1117 336 1142 τὰ
348 1117 397 1150 τῆς
417 1118 615 1153 ἀναχωρήσεως
626 1118 711 1152 αἴτια,
731 1119 774 1152 ἐφ’
826 1118 891 1144 πολ-

99 1161 180 1192 λάκις
199 1163 247 1188 καὶ
263 1162 399 1198 θεραπεία
415 1163 532 1197 γένοιτο.
546 1163 713 1198 Τριὸομένου
729 1164 757 1190 δὲ
771 1163 817 1190 τοῦ
832 1172 893 1191 και·

102 1206 148 1241 poi
160 1207 256 1241 φθάνει
277 1209 326 1234 καὶ
345 1208 373 1238 ἐς
389 1209 501 1244 βασιλέα
520 1209 551 1236 τδ
563 1210 666 1244 δρᾶμα,
688 1210 735 1236 καὶ
753 1209 822 1245 βαρὺ
839 1210 890 1235 αὑ-

99 1255 162 1280 τικα
176 1254 250 1281 δοκεί
262 1255 409 1283 ἀκουσθέν.
426 1257 480 1283 Καὶ
494 1256 522 1288 ὃς
535 1259 593 1288 τοῖς
615 1256 684 1292 ἀμφ’
700 1257 782 1283 αὐτὸν
798 1258 890 1292 dexte-

101 1343 153 1370 lam
172 1344 293 1378 quietem
316 1349 466 1379 opportune
484 1345 576 1377 silum,
600 1346 662 1373 hinc
689 1346 796 1380 quidem
823 1346 891 1373 mari

100 1395 275 1424 prmtentum,
295 1391 370 1418 illinc
387 1389 511 1417 Dracone
526 1390 648 1424 ﬂumine,
665 1392 697 1419 ad
714 1392 791 1427 cujus
805 1393 891 1426 ripam

98 1441 286 1463 constructum
304 1441 382 1468 erat;
399 1437 490 1471 ibique
512 1437 537 1464 in
559 1438 642 1464 altum
658 1445 688 1464 se
701 1438 784 1465 otimn
799 1439 892 1465 condi-

99 1482 148 1513 dit,
163 1481 268 1508 nullam
292 1482 420 1516 deinceps
436 1489 571 1516 usurpans
592 1490 624 1509 ex
641 1483 759 1518 propriis
775 1484 892 1518 patriar-

98 1529 157 1556 cha:
183 1528 389 1559 functionibus,
417 1528 466 1554 sed
493 1527 599 1554 cunctis
625 1528 745 1560 omissis,
773 1529 823 1556 sibi
847 1529 928 1568 uuic

99 1573 210 1607 Deoque
224 1573 391 1607 colloquens.
403 1573 437 1599 At
449 1572 538 1600 clerus
553 1572 709 1604 Nicaeensis,
721 1579 749 1600 et
760 1578 892 1608 quotquot

99 1620 221 1654 episcopi
240 1619 267 1646 in
285 1625 316 1646 ea
341 1619 407 1646 urbe
431 1622 488 1646 tum
514 1619 587 1654 regia
614 1620 784 1654 negotiorum
811 1628 892 1647 causa

100 1665 321 1697 diversabantur,
335 1665 411 1697 moli,
423 1669 453 1692 ut
472 1672 521 1699 par
529 1668 598 1697 erat,
614 1670 668 1691 tam
685 1664 790 1692 insueto
808 1665 892 1697 facto,

99 1711 274 1746 scripserunt
292 1710 325 1738 ad
351 1711 424 1738 illum
451 1710 586 1746 supplices
603 1710 720 1744 litteras,
738 1717 849 1738 orantes
866 1715 895 1738 nt

101 1758 215 1790 rediret,
234 1762 262 1783 et
279 1761 452 1792 suggerentes
467 1757 525 1784 fore
541 1762 570 1783 ut
584 1757 729 1791 imperator
745 1765 774 1784 re
788 1758 831 1784 tali
846 1766 894 1785 au-

102 1805 154 1832 dita
180 1804 367 1832 oﬂ'enderetur
391 1811 398 1831 :
422 1804 494 1839 quod
512 1805 613 1840 siquid
640 1805 689 1838 ipsi
717 1813 809 1832 eormn
836 1813 896 1839 qua:

102 1851 202 1878 ﬁebant
221 1851 388 1885 displiceret,
412 1858 517 1884 aequum
531 1851 613 1878 fuisse
637 1850 712 1878 illum
734 1850 894 1877 insidentem

104 1898 201 1924 throno
213 1904 274 1928 suo.
289 1897 463 1931 patriarcbali
478 1897 638 1924 auctoritate
652 1904 790 1931 perperam
805 1903 894 1923 aetum

103 1943 317 1977 reprehendere,
332 1947 359 1969 et
374 1942 396 1970 si
411 1942 455 1969 cui
473 1950 520 1977 per
544 1950 574 1970 se
599 1943 699 1970 mederi
717 1950 769 1969 non
794 1948 895 1977 posset,

103 1989 134 2015 ad
152 1989 349 2022 imperatorem
377 1987 480 2015 referre
495 1997 502 2016 :
518 1988 583 2022 quin
607 1988 666 2021 ipso
683 1988 709 2014 in
735 1988 896 2022 imperatore

103 2035 125 2061 si
138 2039 213 2062 esset
227 2035 299 2068 quod
316 2037 497 2066 snecenscret,
512 2039 634 2061 moneret
651 2034 750 2066 ipsum,
770 2033 894 2067 objurga-

104 2084 146 2108 ret
170 2081 254 2107 etiam
278 2087 327 2114 pro
345 2083 478 2113 potestate
495 2079 625 2105 divinitus
642 2083 762 2112 accepta,
783 2079 896 2105 hortati-

105 2125 192 2160 doque
222 2133 255 2152 ac
281 2126 402 2158 rogando
429 2129 584 2156 revocaret,
615 2124 798 2158 cooperutnris
818 2123 842 2150 in
871 2123 896 2150 id

105 2171 190 2205 ipsum
210 2178 261 2205 pro
284 2170 354 2196 virili
378 2169 484 2197 caeteris
507 2169 652 2204 episcopis.
674 2169 807 2197 Seeedere
831 2177 896 2196 vero

106 2225 158 2244 non
176 2217 305 2252 allegatis
321 2217 424 2243 idoneis
439 2221 520 2243 tantae
537 2216 664 2243 novitatis
679 2216 780 2247 causis,
797 2215 898 2241 rideret
913 2206 935 2234 Β

105 2263 186 2290 etiam
211 2268 294 2296 atque
316 2262 396 2288 etiam
420 2268 454 2288 ne
476 2269 570 2295 parum
594 2269 687 2287 sanum
705 2261 789 2288 videri
806 2261 897 2287 consi-

106 2307 170 2335 lium
188 2312 292 2342 posset.
308 2306 371 2334 Hzec
392 2311 418 2333 et
433 2307 492 2341 ejus
513 2307 653 2333 sententia:
669 2306 719 2333 alia
738 2306 819 2333 missa
838 2313 898 2340 per-

106 2355 218 2389 lataque
239 2359 314 2386 sunt,
338 2353 429 2380 labore
450 2353 527 2387 juxta
553 2353 735 2380 scribentibus
757 2357 783 2379 et
805 2353 828 2379 ei
854 2352 897 2379 cui

107 2401 262 2428 consultum
290 2399 364 2427 ibant
388 2407 498 2434 prorsus
532 2399 631 2425 inutili.
656 2398 721 2425 Nam
749 2405 796 2426 nec
822 2398 896 2425 illiilli

107 2445 303 2472 abstraxerunt
317 2452 330 2470 a
347 2444 406 2471 suis
425 2443 546 2476 latebris,
568 2450 617 2470 nec
631 2443 725 2470 Saltem
741 2451 815 2477 spem
834 2444 897 2477 ipsis

107 2490 279 2525 relinquebat
305 2489 460 2523 proﬁciendi
479 2489 623 2523 quidquam
640 2489 665 2514 in
680 2494 816 2522 posterum
832 2489 898 2515 taei-

108 2538 228 2562 turnitns
250 2535 429 2569 patriarchae,
452 2535 594 2561 obﬁrmate
617 2533 764 2567 perstantis
787 2533 812 2560 in
845 2541 896 2560 non

107 2582 249 2616 prodendo
261 2588 330 2616 quas
344 2581 378 2607 ob
390 2588 487 2607 causas
500 2580 676 2612 secessisset;
692 2587 751 2613 qua:
766 2581 788 2606 si
801 2588 899 2614 cogno-

107 2635 271 2660 scerentnr,
300 2627 378 2662 113
405 2631 433 2654 υι
463 2628 623 2662 plerumque
646 2626 778 2660 contingit
809 2626 897 2653 curari

107 2675 285 2708 aegritudines
305 2681 419 2707 quarum
434 2673 509 2708 origo
526 2680 577 2700 non
603 2672 676 2704 latet,
693 2673 754 2698 iniri
770 2673 898 2699 nonnulla

108 2721 227 2746 [ortusse
243 2719 375 2753 potuisset
389 2719 462 2745 utilis
475 2719 544 2745 ratio
562 2718 683 2744 remedii.
697 2717 773 2745 Nunc
790 2718 814 2744 iii
829 2725 898 2744 caeca

109 2765 282 2800 ignoratione
300 2771 460 2791 arcanorum
486 2763 560 2790 senis
583 2771 727 2795 sensuum,
753 2763 900 2798 quamlibet

111 2811 196 2837 inulta
219 2810 353 2841 dicerent,
368 2809 449 2836 verba
468 2809 494 2836 in
514 2809 619 2836 irritum
634 2808 778 2841 iactarent,
792 2809 830 2835 uti
853 2808 899 2842 qui

107 2857 265 2890 jacu‘antur
277 2863 360 2891 scopo
375 2863 426 2883 non
440 2857 507 2884 viso.
520 2855 689 2889 Consmnpto
703 2855 729 2882 in
744 2855 785 2883 liis
801 2855 899 2882 frustra

941 247 1067 280 ποιητέον
1097 247 1182 281 ζητεῖ.
1203 247 1265 277 Τοῖς
1283 246 1331 280 μὲν
1361 245 1406 272 οὖν
1422 245 1564 281 προτροπὴ
1583 243 1673 281 ἦνὲπὶ
1696 246 1726 271 τὸ

940 292 983 318 διὰ
1009 292 1135 318 πλείστου
1161 292 1263 318 τιθέναι
1294 292 1342 326 τὴν
1369 291 1544 326 ἀνχχώρηπιν
1572 292 1601 318 τό
1621 301 1649 317 τε
1679 293 1727 318 τοῦ

941 338 1106 372 πράγματος
1134 337 1217 372 ἄηθες
1236 338 1314 373 καὶὴ
1338 338 1387 372 τῆς
1405 339 1517 373 εἰρήνης
1536 338 1665 371 συνήθεια
1681 339 1728 364 κιὶ

940 383 971 408 τὸ
987 383 1025 418 μὴ
1041 384 1069 415 ἐξ
1087 384 1197 418 ἑτοίμου
1219 384 1293 417 δόξαι
1307 385 1572 419 ἀποπροσποιεῖποαι
1591 385 1637 410 τὸν
1651 384 1727 418 πρῶ-

939 437 986 455 τον
1002 431 1048 456 καὶ
1065 431 1157 464 ζητεῖν
1188 430 1292 465 ἕτερον,
1312 430 1364 465 πρὲι
1381 430 1409 456 δὲ
1426 430 1528 456 τούτοιν
1557 431 1686 457 ἁπάντων
1712 431 1729 465 ἡ

940 475 987 500 τοῦ
1000 475 1132 509 βασιλέως
1151 476 1324 510 παράκλησις
1337 476 1454 511 Μιχαὴλ,
1474 476 1597 511 λιπαρῶς
1613 476 1729 508 δ;διότος

943 521 980 555 μὴ
992 521 1035 554 ἐφ’
1046 520 1120 555 αὐτῴ
1143 522 1176 548 τὰ
1187 522 1236 555 τῆς
1248 523 1447 557 ἀναχωρήσεως
1466 523 1570 556 γένοιτο
1586 523 1660 549 αἴτια
1673 531 1678 538 ·
1699 522 1730 548 τὸ

941 566 996 600 γὰρ
1011 567 1128 598 συνειδὸς
1155 567 1276 602 ἀρρεπὲς
1292 568 1434 602 κριτήριον
1459 565 1491 602 ἦν
1515 568 1561 594 καὶ
1576 568 1605 593 τὺ
1626 567 1729 594 λυποῦν

941 612 991 638 οὐκ
1007 613 1109 647 ήγνὸει,
1128 613 1180 639 κᾶν
1200 614 1304 644 ἐκεῖνος
1323 614 1373 640 οὐκ
1396 614 1471 647 ἔλεγε
1488 614 1621 648 φανερῶς,
1640 614 1729 649 λύπην

943 658 1028 692 μόνην
1064 659 1160 693 κωφὴν
1186 660 1234 684 καὶ
1260 659 1466 694 καταφρόνησιν
1500 659 1729 694 προὸαὶλόμενος.

949 704 1054 730 Ἐκεῖσε
1061 703 1128 737 γοῦν
1144 704 1197 730 τῶν
1210 704 1379 739 ὁπουδήποτε
1393 705 1579 739 συναχθέντων
1596 705 1731 740 ἱεραρχῶν

943 748 1057 783 ζήτησις
1086 747 1120 784 ἦν
1151 750 1216 784 περὶ
1239 749 1340 776 τούτων
1365 749 1411 776 καὶ
1442 750 1546 784 σκέψις.
1579 750 1634 776 Καὶ
1655 751 1730 783 τέλος

941 794 1081 828 πέμπουσι
1095 795 1157 826 τοὺς
1171 796 1234 830 περὶ
1259 795 1305 821 τὸν
1325 795 1487 829 Ἡρακλείας
1504 795 1627 830 Νικήτιν
1640 796 1730 831 (ἔτυχε

942 840 996 874 γὰρ
1015 841 1076 867 τότε
1094 841 1140 867 καὶ
1166 842 1341 876 πατριάρχης
1365 843 1396 876 τῇ
1418 843 1485 876 μονῇ
1503 841 1549 868 τοῦ
1573 843 1651 874 ἁγίου
1671 844 1730 868 Διο-

944 886 1046 920 μήδους
1071 887 1247 922 προσμένων)
1277 886 1462 920 ἁγγελοῦντας
1484 887 1535 921 μὲν
1555 887 1623 922 πρὸς
1650 889 1733 914 αὑτίν

942 932 988 957 καὶ
999 932 1034 958 τὰ
1051 931 1105 958 ἀπὸ
1120 932 1169 968 τῆς
1185 933 1296 959 συνόδου
1316 933 1561 969 μετακαλουμένης
1586 934 1666 960 αὐτὸν
1683 934 1731 961 καὶ

942 978 1053 1013 βαρεῖαν
1066 978 1196 1014 δοκούσης
1210 979 1339 1013 ἡγεῖσθαι
1355 981 1404 1013 τὴν
1417 979 1602 1014 ἀναχώρησιν,
1619 980 1730 1014 ἑτοίμου

942 1024 965 1049 τ’
978 1023 1061 1058 οΰσης
1071 1024 1139 1059 πρὸς
1156 1024 1186 1050 τὸ
1199 1024 1295 1058 μαθεῖν
1315 1025 1440 1056 εἰπεντος
1460 1026 1493 1051 τὰ
1509 1025 1594 1055 αἴτια.
1619 1026 1688 1061 πλὴν
1701 1027 1730 1052 δὲ

943 1072 988 1095 καὶ
1006 1070 1188 1102 ὀνειδιοῦντας
1203 1071 1240 1102 ὡς
1260 1072 1290 1097 οὐ
1309 1072 1423 1103 δεόντως
1449 1073 1636 1107 διαπράξαιτο,
1662 1074 1731 1100 ἀλλὰ

943 1116 1144 1150 συναρπασθεὶς
1160 1116 1225 1148 ἴσως
1242 1116 1271 1149 ἐξ
1298 1117 1394 1151 ὀδύνης
1419 1118 1449 1144 τὺ
1467 1118 1505 1152 μὴ
1524 1120 1593 1144 κατὰ
1609 1120 1638 1144 τὸ
1657 1119 1730 1151 εἰκὸς

942 1162 1092 1196 ποιήσειεν,
1108 1162 1141 1197 ἢν
1155 1162 1209 1188 ἔδει
1237 1163 1394 1198 συναχθεῖσι
1408 1163 1507 1197 δηλοῦν
1536 1165 1583 1190 καὶ
1604 1165 1729 1200 διοροοίν

942 1206 1035 1239 ἀξιοῦν
1052 1207 1225 1242 πατριάρχην
1236 1208 1299 1234 ὄντα
1310 1210 1356 1235 καὶ
1368 1209 1430 1240 τοὺς
1440 1209 1493 1235 τῶν
1505 1210 1633 1245 Πατέρων
1649 1215 1730 1238 κανόε
1758 1231 1761 1233 -

942 1260 989 1284 νας
1003 1252 1048 1279 διὰ
1062 1253 1190 1280 πλείστου
1205 1254 1357 1289 τιθέμενον.
1366 1255 1421 1281 Ποῦ
1430 1255 1485 1290 γὰρ
1495 1255 1524 1282 τὸ
1535 1257 1667 1292 ἐλέγχειν,
1678 1257 1730 1284 παῦ

943 1340 1046 1368 dierum
1066 1341 1169 1376 aliquot
1189 1341 1279 1376 spatio
1295 1343 1490 1378 desperatoque
1510 1351 1644 1378 regressun,
1667 1352 1729 1378 per-

942 1385 1027 1413 fertur
1040 1388 1072 1413 ad
1090 1387 1279 1422 imperatorem
1300 1390 1336 1415 rei
1353 1389 1434 1422 fama,
1449 1397 1508 1424 qua:
1529 1393 1619 1425 gravis
1631 1392 1653 1417 ei
1668 1398 1730 1425 pe:-

944 1434 1113 1468 molestaque
1136 1442 1202 1461 sane
1230 1435 1339 1462 accidit.
1364 1435 1458 1470 Itaque
1484 1436 1507 1465 is
1533 1438 1731 1464 COttttttttniralo

943 1481 1015 1514 quod
1039 1481 1161 1508 audierat
1184 1483 1315 1516 episcopis
1335 1482 1380 1516 qui
1403 1482 1472 1509 forte
1488 1483 1642 1514 adfuerunt,
1658 1492 1732 1518 qua-.-

945 1529 1021 1555 rebat
1035 1529 1068 1554 ab
1087 1529 1152 1563 ipsis
1165 1530 1228 1562 quid
1245 1528 1398 1556 faciendum
1415 1529 1459 1556 tali
1480 1531 1621 1557 occasione.
1635 1538 1731 1557 cense-

944 1578 1014 1600 rent.
1029 1573 1157 1608 Perplexa
1181 1581 1272 1600 eormn
1289 1575 1377 1601 oratio
1398 1575 1458 1608 fuit,
1484 1575 1596 1609 primunt
1615 1583 1730 1610 exagge-

946 1618 1061 1645 rantium
1084 1624 1247 1646 momentum
1272 1620 1467 1647 inusitatissimi
1492 1621 1563 1652 facti,
1586 1623 1731 1649 secessisse

946 1665 978 1691 de
1003 1665 1090 1691 medio
1109 1671 1217 1698 tepente
1241 1667 1389 1700 principetn
1413 1674 1549 1694 sacrorum
1576 1668 1647 1694 nulla
1668 1673 1729 1694 nota

947 1717 1040 1741 causa,
1056 1711 1081 1736 in
1097 1711 1175 1745 plena
1191 1719 1250 1738 eum
1267 1712 1393 1739 Ecclesiae
1407 1717 1462 1738 ttun
1480 1712 1636 1746 rcipnblictr
1652 1721 1728 1748 pace.

948 1759 1003 1782 tum
1018 1757 1170 1783 addentium
1190 1758 1258 1784 haud
1276 1758 1300 1784 in
1322 1763 1444 1792 promptu
1461 1766 1520 1786 esse
1540 1764 1669 1786 rationem
1685 1765 1732 1787 ant

948 1803 1007 1830 loco
1024 1805 1146 1831 movendi
1172 1805 1287 1838 primum
1312 1805 1471 1837 antistitem,
1491 1810 1537 1832 aut.
1560 1806 1640 1832 alium
1658 1815 1732 1841 qua-.-

948 1849 1022 1876 rendi
1037 1851 1080 1883 qui
1094 1850 1117 1876 ei
1132 1850 1309 1878 sullireretur.
1325 1851 1376 1878 Sed
1392 1859 1445 1886 prae
1460 1852 1501 1879 his
1514 1852 1638 1879 omnibus
1651 1861 1733 1887 auge-

948 1894 993 1921 bat.
1007 1900 1101 1922 mstum
1116 1904 1207 1922 eorum
1224 1897 1268 1931 qui
1285 1897 1496 1925 consulebantur
1511 1899 1544 1924 de
1559 1906 1587 1924 re
1603 1899 1658 1932 tali,
1674 1898 1732 1932 ejus

948 1940 994 1974 qui
1010 1941 1166 1968 considebat
1181 1942 1301 1970 eminens
1314 1950 1345 1969 ex
1362 1943 1435 1969 vultu
1450 1948 1477 1970 et
1494 1943 1592 1970 frustra
1606 1943 1733 1971 dissinnt-

947 1984 1000 2011 luta
1017 1986 1193 2018 perturbatio.
1211 1986 1270 2021 lpse
1285 1988 1383 2022 quippe
1404 1987 1516 2014 Michael
1540 1989 1601 2015 dum
1621 1988 1732 2023 rogabat

948 2031 1010 2064 quid
1023 2039 1089 2065 opus
1103 2032 1183 2064 facto,
1198 2033 1267 2059 unde
1283 2033 1418 2060 metuebat
1433 2042 1466 2060 ne
1478 2035 1584 2062 audiret
1597 2036 1666 2069 quod
1682 2043 1731 2063 sua

950 2075 1035 2111 (rujus
1051 2082 1093 2103 est
1107 2076 1251 2103 inﬂexibile
1265 2078 1289 2104 in
1306 2079 1419 2113 gratiam
1434 2079 1574 2115 judicium)
1591 2081 1662 2108 intus
1680 2083 1730 2115 ipsi

948 2123 1128 2157 exprobrabat
1144 2123 1323 2156 conscientia,
1342 2132 1450 2151 causam
1478 2126 1604 2152 nimirum
1625 2127 1732 2155 dedisse

949 2168 1033 2202 ipsnm
1047 2169 1188 2195 secedendi
1203 2170 1373 2203 patriarchae,
1390 2171 1563 2204 quantumvis
1580 2172 1624 2199 ille
1644 2172 1669 2199 id
1691 2173 1731 2199 [ιι-

950 2215 997 2240 teri
1016 2219 1161 2247 recusaret,
1175 2215 1221 2242 sed
1243 2219 1343 2242 mutum
1365 2216 1485 2244 dolorem
1507 2218 1620 2244 obtentu
1638 2218 1731 2245 nescio

950 2259 1038 2295 cujus,
1061 2259 1095 2287 de
1122 2267 1174 2294 quo
1203 2260 1261 2287 solo
1288 2260 1462 2295 querebatur,
1492 2262 1535 2289 sui
1564 2267 1734 2298 contemptus

949 2306 1105 2333 occultaret.
1123 2306 1259 2332 Continuo
1278 2307 1542 2341 ergo.episcoporum
1558 2309 1734 2344 undecunque

949 2353 1109 2387 conquisitio
1132 2352 1169 2379 lit.
1192 2353 1317 2380 Erocatis
1333 2354 1491 2382 deliberatio
1513 2355 1639 2382 indicitur
1653 2356 1684 2382 de
1706 2363 1734 2383 re

949 2399 1083 2433 pra-senti.
1100 2398 1265 2425 Convenitur
1282 2399 1309 2425 in
1333 2400 1358 2426 id
1375 2399 1482 2426 tandem
1507 2405 1534 2426 ut
1554 2399 1661 2428 Nicetas
1677 2401 1734 2435 cpi«

948 2451 1044 2478 scopus
1060 2444 1196 2471 Heraclea:
1213 2444 1364 2472 mitteretur
1382 2446 1414 2472 ad
1431 2446 1610 2480 patriam-liam
1625 2449 1696 2481 (nam
1713 2447 1735 2474 is

951 2495 1014 2517 tunc
1026 2484 1154 2517 tlit‘ersaii
1169 2491 1309 2518 dicebatur
1323 2492 1348 2518 in
1364 2493 1528 2519 monasterio
1544 2492 1572 2519 S.
1589 2493 1733 2528 Diomedis)

950 2537 1101 2571 perlaturus
1116 2537 1148 2562 ad
1165 2537 1250 2570 ipsum
1263 2536 1338 2571 jussa
1355 2538 1447 2572 synodi
1466 2539 1615 2565 revocantis
1633 2539 1732 2572 ipsum,

949 2587 976 2608 et
1002 2582 1107 2616 publice
1132 2582 1237 2608 noxiam
1265 2583 1536 2617 iiiteiitjwstivnmqtte
1561 2584 1683 2619 judicare
1707 2593 1735 2611 se

951 2628 1034 2662 ipsius
1049 2628 1230 2655 secessionem
1244 2629 1414 2660 derint-antis,
1430 2638 1510 2663 seque
1524 2636 1642 2663 paratum
1658 2631 1736 2657 exli.-
1761 2656 1763 2659 ,

951 2674 1037 2700 bentis
1059 2674 1092 2701 ad
1112 2675 1259 2701 audiendas
1274 2682 1306 2701 ex
1321 2674 1379 2708 ipso
1396 2683 1491 2701 causas
1509 2674 1589 2711 114
1607 2675 1665 2708 ejus
1680 2676 1738 2702 ino-

950 2719 1111 2753 pinatissimi
1129 2726 1188 2750 ,nec
1215 2720 1362 2753 probabilis
1396 2719 1475 2753 iacti;
1503 2721 1609 2747 interim
1646 2727 1735 2747 autem

952 2765 1166 2798 reprehensttrus
1187 2765 1256 2798 quod
1281 2772 1421 2798 perperam
1445 2765 1544 2798 egisset
1570 2766 1613 2791 ille
1629 2766 1735 2798 quidem

952 2809 1020 2836 forte
1045 2810 1070 2836 in
1104 2813 1286 2836 transversum
1322 2814 1399 2836 actus
1432 2810 1591 2844 mgritudiue
1620 2812 1735 2844 qua‘atn

951 2855 1034 2883 anitni
1052 2875 1059 2883 .
1075 2859 1199 2882 cat-terunt
1218 2856 1300 2888 illam,
1322 2856 1516 2890 qualis-minque
1530 2857 1636 2884 (Ιιιιιιιιιιι
1652 2863 1735 2889 es:et,
