1936 3069
121 130 177 163 565

602 129 649 159 ΒΕ
670 127 864 159 MlCllAELE
885 126 1113 157 PALJEOLOGO
1137 126 1207 156 ΗΒ.
1230 126 1269 156 ll.

1691 116 1743 152 {£66

121 192 177 224 κγ’.
193 189 289 222 Ὅπως
305 190 321 216 δ
341 189 492 222 βασιλεὺς
509 189 563 214 τὸν
582 188 654 214 νέον
671 187 816 220 Ἰωάννην
837 185 909 212 ἀπε·
923 184 948 213 Δ
963 185 1008 211 καὶ
1023 185 1163 220 ἐμελῴδει,
1196 184 1283 211 οὐδενὶ
1305 183 1326 210 δ’
1355 183 1448 216 ἔθελγε
1465 181 1494 208 τὺ
1515 181 1653 216 παράπαν.
1673 181 1744 206 Ἀλλ’

423 224 607 250 σκευάσατο.

165 291 195 317 '0
205 291 294 324 μέντοι
306 299 336 323 γε
348 290 471 325 βασιλεὺς
480 290 541 315 ὅσον
556 286 612 323 εἷχε
622 288 666 314 διὰ
674 287 785 322 γνώμης
800 295 907 320 κατωρ-

123 336 232 367 Οωκὼς,
250 336 362 371 μηδενὸς
375 335 600 368 ἀντιπράττοντος
616 334 655 367 (rb
667 334 720 366 γὰρ
731 332 834 358 παιδίον
851 331 908 357 κατ’

122 383 214 415 ὀλίγον
232 382 405 416 παρὲριξιπτο
420 381 467 407 καὶ
481 379 588 415 ἠσθένει
605 379 671 413 προς
689 378 737 412 τὴν
750 377 847 412 ἀρχὴν,
873 377 909 408 ὡς

122 428 169 453 21‘:
190 427 258 453 αὐτὰ
272 427 302 461 δὴ
318 427 349 453 τὰ.
367 427 415 460 τῆς
430 425 569 459 βασιλείας
585 423 707 458 σύμϐολα
720 423 800 457 ἄχθος
816 424 909 457 φέρειν

122 473 202 499 κενόν
224 480 230 487 ·
245 472 345 506 ὥριστο
356 471 410 506 γὰρ
423 472 469 497 καὶ
488 470 573 497 ταῦτα
588 470 755 501 ἀποὸαλεῖν),
775 469 818 495 διὰ
832 468 911 494 τοῦτο

123 518 153 542 ἐν
173 518 327 551 ὰνακωχαῖς
341 515 375 551 ἦν
392 516 437 542 καὶ
452 517 567 551 ἐτρύφα,
582 518 614 551 τῇ
636 515 689 541 τῶν
710 515 844 547 γυναικῶν
864 514 912 540 αὑ-

123 563 263 596 ταδέλφων
278 563 411 597 Θεραπεία
437 562 631 596 θρυπτόμενος,
645 559 688 592 αἷς
703 561 750 587 καὶ
778 561 817 591 είς
835 559 910 586 πάντ’

124 609 236 642 ἐχρῆτο,
253 610 285 643 τῇ
302 609 350 641 μὲν
365 607 464 642 Μάρθα
479 608 516 637 ὡς
528 606 601 642 αὐτῷ
615 607 728 641 φανείσῃ
758 607 828 632 κατὰ
858 613 912 639 μη-

123 656 151 678 τέ
159 662 192 687 ρα
208 654 255 679 καὶ
268 655 328 680 κατ’
342 652 415 680 οἷκον
431 653 474 689 [Ρ.
489 653 535 689 85]
564 654 712 688 ἀναγούσῃ.
735 652 774 686 τῷ
803 651 912 686 μεγάλῳ

124 700 278 733 δνλμεστίκῳ
295 701 334 730 είς
349 700 482 733 ὁμόζυγον
493 698 571 733 οὔσῃ,
589 698 684 724 πολλοῦ
696 706 768 729 τινος
788 696 912 731 τιμωμέ-

126 753 164 778 νῳ
183 753 197 770 τ
208 745 219 775 ξι
238 745 341 778 βασιλΞί
356 745 380 772 (ὁ
396 744 562 778 περίπυστος
577 742 600 769 δ’
616 741 651 777 ἦν
678 742 781 772 ἐκεῖνος
804 742 914 776 Ταρχα-

126 789 262 822 νειώτης),
274 791 308 824 τῇ
319 789 341 816 δ’
357 789 473 824 Εὑλογίᾳ
485 789 521 820 ὠς
538 789 584 816 καὶ
597 789 665 823 αὑτῇ
698 787 789 818 καλῶς
813 786 912 821 ἐχούσῃ

125 835 172 860 τοῦ
187 835 267 870 ﬁrma;
278 835 326 861 καὶ
340 835 418 862 πλέον
433 835 449 870 ἢ
464 835 554 869 ἐκείνη
567 833 756 870 τυρϐαζομένῃ
783 833 850 868 πρὸς
866 833 914 868 βα-

128 881 214 912 σιλέα,
228 881 278 907 οὐκ
293 879 352 907 οἶδα
366 881 394 907 δὲ
417 881 441 907 εἰ
458 881 542 907 καὶτὸ
558 879 710 907 ὑποτείνειν
725 879 833 909 ἐλπίδας
847 887 915 913 χρη-

129 926 194 956 στὰς
213 926 259 951 ἐπὶ
272 927 304 960 τῇ
320 926 497 961 μεγαλοπόλει
509 925 547 960 τῷ
564 925 671 960 βασιλΞῖ
684 925 720 955 ὡς
749 923 850 958 ταύτην
875 924 916 950 αι-

129 973 280 1006 ρήσοντιὲκ
293 971 487 1007 μορσίμου.Τὸ
500 972 528 999 δὲ
555 972 700 1007 μόρσιμον,
729 970 794 1006 μεθὸ
824 970 873 1005 μὲν
898 970 915 1004 ἡ

128 1018 205 1048 πόλις
225 1017 307 1049 ἑάλω,
323 1016 414 1051 ἐκείνη
425 1017 515 1052 τρανῆ)
530 1017 648 1051 διηγεῖτο
661 1016 773 1050 στόματι
787 1015 835 1042 καὶ
849 1015 916 1041 ἀπε-

128 1063 253 1097 θαύμαζε
268 1063 394 1095 λέγουσα,
409 1063 463 1088 ἔδει
474 1062 503 1088 δὲ
521 1063 566 1088 καὶ
578 1062 627 1092 τὴν
644 1061 696 1096 πρὸ
709 1061 756 1087 τοῦ
783 1061 915 1095 λέγουσαν

129 1108 245 1142 θέλγειν.
260 1108 296 1134 Τὸ
314 1109 342 1135 δὲ
352 1106 397 1143 ἦν,
410 1108 447 1140 ὡς
464 1107 685 1142 κατακοιμίζωτο
703 1108 752 1143 μὲν
765 1107 778 1133 ὁ
791 1107 916 1142 βισιλεὺς

129 1155 181 1180 ὑπὸ
203 1154 296 1189 τίτθης
324 1154 424 1189 βρέφος
456 1155 484 1180 ὲν
512 1154 596 1188 λίκνῳ
625 1153 710 1184 ποτὲ,
747 1153 876 1183 πολλάκις
893 1152 915 1178 δ’

129 1200 254 1234 ὴγρίαινέ
275 1208 302 1226 τε
320 1201 366 1226 καὶ
394 1199 595 1234 ὲκλαυθμὺριζε
624 1199 670 1225 τὸν
699 1197 782 1224 ὕπνον
807 1198 916 1225 ἀποδιο-

130 1245 332 1279 πομ.πεὺμενον,
348 1245 409 1271 ἐπεὶ
424 1245 445 1271 δ’
458 1244 564 1279 ἐκείνην
581 1245 634 1271 ἔδει
647 1243 702 1270 τινλ⁵
727 1243 801 1277 μέλει
828 1243 872 1270 διὰ
885 1243 916 1270 τὸ

129 1291 268 1326 ὰγριαίνον
282 1291 447 1326 κατασιγᾷν,
459 1291 544 1317 πολλὰ
557 1291 607 1326 μὲν
622 1291 654 1317 ἐκ
667 1290 782 1326 μελέτης
808 1291 915 1325 συνεῖρε

127 1381 172 1408 23.
192 1380 224 1407 Ut
241 1380 382 1415 imperator
400 1388 509 1414 puerum
532 1378 663 1406 Joannem
690 1379 914 1405 aduolaret-erit.

163 1427 332 1453 Succrdebat
355 1433 435 1460 porro
458 1425 614 1459 imperatori
633 1425 770 1459 negotium
797 1424 914 1451 trahenti

127 1473 160 1498 ad
178 1480 207 1497 se
223 1472 248 1498 in
264 1471 378 1498 solidum
393 1470 511 1504 imperii,
527 1478 625 1505 resque
641 1471 747 1497 nemine
765 1470 820 1505 jam
837 1470 914 1505 (ιιιῐώ

128 1526 209 1552 quam
230 1523 324 1544 contra
342 1516 469 1544 moliente
489 1515 662 1550 proeedebat.
679 1515 750 1542 Puer
763 1515 836 1542 enim
853 1523 918 1549 pau-

128 1564 204 1590 lnllttl
228 1563 416 1590 removebatur
439 1570 453 1589 a
478 1562 640 1597 principatu,
659 1568 710 1589 nec
725 1561 780 1595 jam
803 1561 856 1588 nisi
877 1567 917 1589 te-

129 1617 209 1636 Itllt‘lll
232 1613 259 1636 et
280 1609 420 1635 evanidam
438 1608 497 1643 ejus
515 1606 632 1641 speciem
654 1606 780 1640 habebat,
803 1607 917 1643 insignia

129 1655 204 1689 regni
220 1659 328 1689 gestans
342 1655 386 1681 ille
397 1654 505 1687 quidem
518 1654 618 1685 adhuc,
630 1654 677 1681 sed
693 1660 822 1689 tanquam
839 1654 919 1681 inane

130 1701 251 1732 pondus;
264 1707 324 1735 qute
335 1704 362 1727 et
374 1700 430 1734 ipsa
442 1699 466 1727 ei
479 1699 623 1727 auferenda
633 1699 688 1734 jam
700 1701 836 1727 decretum
848 1704 918 1727 erat.

129 1748 151 1779 υ
173 1754 219 1773 are
240 1745 355 1773 Michatl
379 1753 473 1773 securo
495 1745 550 1780 jam
575 1745 713 1780 liberoque
729 1746 818 1772 animo
840 1752 869 1772 se
893 1745 918 1772 in

130 1795 249 1829 (ιιιὶυιειιι
268 1793 431 1827 deliciasque
448 1792 596 1825 relaxabat,
612 1792 716 1826 prolixo
731 1793 756 1818 in
775 1791 816 1819 his
832 1792 921 1819 indul-

131 1841 259 1875 g~nti1ue
283 1839 449 1866 admittendo
474 1838 624 1866 ministerio
646 1845 767 1865 sororum
794 1839 919 1866 certatim

132 1889 283 1921 Augustum
301 1885 411 1913 fratrem
425 1885 562 1920 obsequiis
577 1885 669 1912 favore
683 1885 808 1912 mollibus
823 1886 920 1913 mulie-

132 1934 188 1961 εὶηί
205 1932 335 1960 sdulitate
349 1931 540 1966 satagentium.
561 1932 646 1959 Porro
667 1931 711 1959 ille
732 1938 920 1966 germanorum

131 1986 214 2013 opera
239 1986 293 2005 non
320 1978 346 2005 in
374 1985 438 2004 cura
466 1977 551 2004 solum
575 1976 707 2011 corporis,
732 1976 779 2003 sed
807 1976 834 2003 in
861 1977 922 2004 aliis

132 2033 209 2060 mque
233 2025 339 2052 cunctis
363 2024 499 2054 utebatur,
516 2022 661 2056 plurimum
685 2022 792 2057 utrique
815 2022 920 2049 illarum

133 2073 158 2099 in
176 2071 250 2099 omni
274 2077 373 2105 genere
399 2069 486 2097 fidens
506 2069 691 2103 tribuensque,
712 2067 843 2095 Martham
860 2068 921 2103 qui-

133 2125 193 2145 rictu
220 2117 308 2144 διιιάἰο
333 2116 483 2150 fiduciaque
509 2114 581 2142 liliali
606 2114 701 2141 solitus
725 2113 861 2149 amplecti,
888 2121 921 2141 ex

133 2173 187 2198 quo
207 2164 241 2191 ab
258 2171 289 2190 ea
313 2167 342 2190 ut
358 2167 444 2189 matre
467 2162 596 2189 educatus
613 2160 797 2187 amantissime
823 2159 919 2194 fuerat,

134 2211 252 2237 lmbcllle
275 2209 361 2243 ipsum
377 2215 469 2235 secum
493 2207 519 2234 in
537 2206 588 2232 viri
610 2206 652 2233 sui
669 2206 749 2232 domo
763 2205 853 2240 magni
873 2206 920 2232 do-

124 2255 253 2286 ‘nu-stici,
270 2257 303 2282 ab
319 2255 480 2288 imperatore
496 2258 551 2280 tum
569 2256 698 2286 regnante
714 2252 799 2279 multo
817 2252 843 2279 in
860 2259 922 2286 pre-

136 2303 171 2328 lin
185 2301 282 2337 habili.
296 2300 394 2327 Fuerat
407 2300 429 2327 is
441 2300 556 2334 inclytus
570 2298 613 2326 ille
625 2297 816 2326 Tarchaniota.
832 2298 923 2325 Altera

134 2356 158 2375 Cl
167 2352 193 2374 at
207 2347 289 2381 128
300 2353 425 2381 germana
438 2345 608 2380 imperatoris
619 2343 741 2379 Eulogia,
754 2343 925 2371 suavissimis

135 2397 162 2419 et
175 2393 231 2427 ipsa
249 2392 378 2423 moribus,
392 2389 614 2424 frequentiusque
629 2389 705 2416 solita
722 2389 790 2415 itare
802 2389 835 2415 ad
851 2388 926 2422 prin-

135 2439 224 2473 cipem
249 2437 362 2464 fratrem
388 2443 501 2470 seseque
525 2435 677 2471 immiscere
701 2434 827 2469 negotiis,
855 2433 925 2460 haud

136 2483 195 2510 scio
212 2489 244 2508 an
262 2488 314 2508 non
333 2481 356 2507 ei
373 2480 545 2515 peculiariter
566 2480 694 2513 jucunda,
717 2479 788 2514 quod
812 2479 926 2512 aupurio

137 2527 189 2562 ipsi
215 2533 345 2560 prospero
371 2525 600 2559 recuperationem
629 2531 732 2558 magna
757 2523 831 2550 urbis
849 2523 925 2549 fratri

135 2574 307 2600 ominaretur
327 2576 355 2598 ut
379 2571 434 2597 fato
457 2570 582 2598 debitam.
601 2569 677 2597 Unde
700 2574 791 2596 autem
815 2569 840 2595 in
867 2575 925 2595 earn

136 2627 214 2653 spem
239 2621 313 2644 esset
328 2617 459 2651 ingressa,
474 2617 512 2643 sit:
532 2616 586 2648 illa,
603 2620 745 2651 postquam
769 2618 812 2642 est
830 2613 927 2641 deinde

136 2668 218 2697 capta
242 2663 349 2694 civitas,
364 2670 475 2689 narrare
496 2665 686 2694 consueverat,
706 2661 844 2688 admirans
859 2659 927 2688 divi-

137 2719 202 2738 nam
221 2710 246 2736 in
269 2716 302 2736 eo
328 2709 534 2742 providentiam.
550 2708 697 2743 Oportebat
712 2712 800 2735 autem
817 2713 865 2734 eos
881 2707 926 2742 qui

138 2756 192 2784 hoc
215 2755 311 2782 audire
325 2762 358 2782 ex
378 2755 438 2789 ipsa
454 2754 563 2786 vellent,
579 2753 692 2781 delinire
709 2753 794 2788 ipsam
812 2753 886 2788 prius
901 2756 928 2779 et

139 2809 247 2836 rogare.
264 2800 408 2827 Referebat
430 2807 509 2834 porro
524 2800 550 2827 in
564 2800 635 2826 hunc
652 2799 760 2826 modum
778 2807 784 2825 :
799 2806 859 2826 cum
876 2798 927 2824 im-

138 2851 248 2882 perator
273 2847 361 2874 adhuc
387 2847 475 2873 infans
499 2845 549 2873 sub
570 2845 652 2873 ubere
670 2845 769 2879 jacoret
791 2845 817 2871 iu
837 2846 925 2877 cunis,

959 231 1023 257 ὅταν
1041 230 1176 264 μεμυκόσι
1188 230 1303 264 χείλεσιν
1318 227 1533 263 ὑποκοριζομὲνη
1548 227 1577 252 τὸ
1601 225 1663 260 περὶ
1695 225 1746 260 τὴν

961 276 1037 302 πόλιν
1048 276 1145 311 διεξῄει
1168 273 1211 310 (ἦν
1225 275 1253 301 δὲ
1270 275 1300 302 τὸ
1328 274 1473 308 λεγόμενον
1489 273 1527 303 ὡς
1542 270 1604 305 εὖγε
1632 271 1670 305 τῷ
1699 271 1747 304 βα-

961 321 1029 348 σιλεῖ
1041 321 1089 353 τῆς
1106 321 1218 353 πόλεως,
1237 321 1283 347 καὶ
1297 320 1332 351 ὡς
1362 320 1431 345 κατὰ
1448 319 1564 353 χρυσέαν
1591 317 1678 351 πύλην
1691 317 1748 342 εισ-

961 368 1047 393 ελθείν
1068 367 1168 401 μέλλοι,
1186 368 1232 393 καὶ
1256 366 1292 397 ὡς
1307 367 1337 392 τὸ
1361 366 1406 392 καὶ
1427 365 1457 391 τὺ
1484 365 1574 390 ἐκεῖσε
1601 362 1748 398 μεγαλυνό-

963 421 1041 447 μενος
1059 412 1247 447 ἐκτελέσειεν),
1263 412 1362 438 αὐτίκα
1379 411 1482 440 τούτοις
1509 409 1606 444 ὥσπερ
1635 407 1746 442 Σειρῆσι

961 460 991 485 τὸ
1002 459 1107 485 παιδίον
1120 458 1281 493 Θελγόμενον
1298 457 1442 491 κατεσιγα,
1456 456 1503 483 καί
1530 463 1588 485 πως
1616 453 1746 490 μαλακῶς

962 505 1010 531 καὶ
1024 504 1109 539 ἡδέως
1120 504 1337 536 κατεκοιμίζετο.
1350 502 1442 533 Οὕτως
1453 499 1523 536 ἦσαν
1540 501 1568 527 αἱ
1581 499 1748 533 αὐτάδελφαι

962 550 1000 584 τῷ
1015 550 1119 585 βασιλεῖ
1135 549 1182 575 καὶ
1195 549 1278 576 πάλαι
1300 549 1347 583 μὲν
1359 549 1398 579 είς
1409 546 1579 582 προμήθειαν
1593 546 1642 580 τὴν
1657 553 1746 579 προσ-

963 596 1092 630 ήκουσαν,
1113 594 1160 621 καὶ
1175 594 1235 620 τότε
1248 594 1276 620 δὲ
1292 591 1479 627 πολυωροῦσαί
1495 600 1523 618 τε
1541 591 1587 617 καὶ
1618 589 1750 625 κηδεύου-

964 649 1019 672 catt,
1032 640 1076 674 ὑφ’
1094 637 1137 671 αἶς
1157 638 1336 674 λιπαρούσαις
1352 638 1400 673 μὲν
1414 637 1498 663 πολλὰ
1517 644 1586 662 τισιν
1606 636 1645 666 εἰς
1670 635 1746 666 εὐερ-

963 687 1057 721 γεσίας
1072 685 1201 720 ἔπραττε,
1228 683 1475 719 συμϐουλευούσαις
1491 682 1519 710 δὲ
1546 683 1675 716 προσεῖχε
1702 681 1750 706 καὶ

965 731 1146 766 συγκατήνυε.
1165 730 1281 763 Λέγεται
1297 729 1324 756 δὲ
1338 729 1384 756 καὶ
1410 729 1449 760 ὡς
1474 728 1555 762 βουλῇ
1589 726 1674 760 σφῶν,
1703 727 1751 753 καὶ

966 777 1067 812 μᾶλλον
1078 777 1128 812 τῆς
1143 775 1274 810 Εὑλογίας
1290 775 1403 810 (θατέρα
1417 774 1470 808 γὰρ
1489 774 1554 808 περὶ
1578 773 1612 799 τὰ
1636 772 1751 798 πλεῖστα

928 845 952 875 Β
968 821 1157 857 μαλακώτερον
1181 820 1282 856 εἶχεν),
1305 819 1451 846 ἰδιωτεύειν
1476 819 1522 846 τὸν
1555 818 1681 845 Ἰωάνντιν
1710 817 1751 843 αἰ-

967 869 1049 903 ροῖτο.

966 946 1014 974 κδ’.
1030 946 1068 974 Τὰ
1081 947 1156 973 κατὰ
1166 947 1221 973 τὸν
1229 945 1377 979 Χαλυφᾶν
1391 945 1439 971 καὶ
1449 944 1518 976 τοὺς
1530 943 1656 977 Πέρσας,
1671 943 1752 976 ὅπως

1178 981 1318 1016 Τοχάροις
1331 980 1538 1014 ὑπετάγησαν.

1001 1048 1157 1084 Τηνικαῦτα
1169 1048 1216 1075 καὶ
1238 1046 1291 1074 τῶν
1308 1040 1448 1083 Τοχάρων,
1465 1045 1511 1076 οὓς
1540 1046 1557 1080 ἡ
1581 1044 1659 1080 κοινὴ
1678 1045 1754 1070 Ἀτα-

967 1096 1042 1131 ρίους
1061 1095 1135 1128 λέγει
1152 1093 1291 1129 συνήθεια,
1305 1094 1382 1129 δίκην
1399 1091 1608 1128 συρῤευσάντων
1635 1090 1753 1125 χειμάρ-

966 1142 1014 1176 ρου
1029 1141 1098 1167 κατὰ
1119 1139 1259 1175 Περσίδος,
1282 1140 1296 1166 ὸ
1327 1138 1376 1174 μὲν
1389 1138 1519 1172 Χαλυφᾶς
1548 1137 1658 1171 χρυσοῖς
1687 1136 1752 1170 παρ’

966 1187 1077 1213 ἐκείνων
1104 1185 1294 1220 ψωςιιζόμενος
1333 1182 1476 1215 ἐτελεύτα,
1505 1182 1534 1208 οὺ
1565 1182 1666 1215 μᾶλλον
1681 1181 1752 1206 κατὰ

965 1232 1059 1268 χρείαν
1072 1231 1178 1266 σφαγῆς
1193 1231 1211 1266 ἢ
1225 1230 1296 1256 κατὰ
1305 1229 1414 1264 χλεύην,
1429 1228 1467 1258 ὡς
1493 1226 1554 1259 ὲξὺν
1579 1226 1623 1253 τὸν
1651 1225 1752 1260 χρυσὸν

965 1279 1071 1315 ὲκχέειν
1095 1278 1143 1305 καὶ
1172 1278 1250 1312 νικᾷ-ν
1277 1275 1321 1302 τὸν
1342 1274 1447 1310 ἐχθρὸν,
1477 1276 1490 1300 ὁ
1521 1273 1544 1299 δ’
1562 1273 1656 1308 ἠγάπα
1672 1272 1753 1298 πλέον

966 1368 1051 1397 fuisse
1068 1369 1143 1396 illum
1169 1376 1240 1402 smpc
1260 1367 1456 1395 rabiosiuscule
1471 1365 1611 1400 querulum
1626 1369 1652 1391 et
1667 1364 1753 1392 somni

966 1415 1091 1447 difﬁcilis,
1108 1422 1137 1442 se
1155 1422 1219 1442 vero
1238 1413 1341 1441 sororia
1364 1413 1476 1440 caritate
1492 1411 1643 1446 soporando
1659 1410 1755 1437 frater-

967 1462 1028 1489 culo
1049 1462 1157 1488 dantem
1183 1468 1290 1496 operam
1318 1459 1415 1486 multas
1439 1464 1468 1486 et
1489 1458 1577 1485 varias
1599 1457 1706 1485 solitam
1721 1456 1756 1483 ad

931 1517 952 1545 ο
969 1515 1030 1536 eum
1046 1506 1250 1535 demulcendum
1275 1506 1415 1533 cantiliare
1437 1505 1550 1536 ntenias,
1567 1503 1638 1531 nulla
1660 1510 1755 1531 earum

969 1557 1083 1589 pacante
1104 1552 1318 1588 inquietudinem
1344 1551 1460 1585 pueruli,
1477 1550 1564 1578 donec
1586 1549 1755 1583 semiapertis

969 1600 1053 1628 labris
1085 1600 1147 1627 data
1176 1606 1258 1634 opera
1292 1598 1444 1626 balbutiens
1471 1595 1601 1624 modulari
1629 1595 1756 1629 cmpisset

969 1645 1131 1674 cantilenam
1145 1645 1178 1673 de
1192 1645 1258 1672 urbe
1270 1644 1348 1679 hujus
1360 1643 1417 1671 fere
1428 1643 1539 1670 formae:
1556 1652 1564 1668 ι
1583 1641 1655 1676 Euge
1670 1641 1757 1674 impc-

970 1698 1045 1720 rator
1059 1692 1145 1725 urbis,
1163 1691 1189 1718 in
1212 1698 1273 1718 eam
1291 1697 1373 1717 aurea
1393 1688 1530 1716 inveberis
1550 1692 1637 1722 porta,
1660 1693 1758 1720 resque

971 1739 1019 1766 has
1033 1743 1058 1766 et
1073 1738 1120 1765 has
1136 1737 1215 1764 isthic
1228 1736 1383 1772 magnificas
1395 1735 1473 1769 plane
1492 1733 1625 1768 perﬁcies.
1647 1742 1656 1758 ι
1673 1733 1712 1759 Ad
1725 1739 1756 1758 ea

971 1784 1070 1820 quippe
1087 1785 1178 1811 statim
1201 1782 1282 1810 verba
1299 1781 1441 1817 puerulum
1458 1780 1531 1808 velut
1547 1778 1672 1806 Sirenum
1688 1786 1758 1813 quo-

971 1831 1033 1858 dam
1059 1833 1139 1857 rantu
1166 1827 1305 1856 delinitum
1329 1827 1448 1858 siluisse,
1472 1825 1600 1860 mollique
1624 1832 1655 1851 ac
1680 1824 1756 1852 suavi

970 1876 1104 1912 quievisse
1120 1882 1226 1903 somno.
1245 1874 1324 1902 Tales
1339 1879 1366 1902 et
1381 1873 1421 1901 sic
1436 1873 1462 1900 in
1478 1872 1565 1906 ipsum
1581 1871 1683 1898 affectas
1705 1870 1757 1897 im.

971 1922 1104 1957 peratoris
1123 1928 1230 1950 sorores
1247 1925 1341 1954 erant;
1363 1928 1422 1955 qua:
1443 1924 1468 1947 et
1495 1919 1580 1954 ipsum
1603 1918 1677 1949 olim,
1696 1925 1757 1945 cum

971 1969 1029 2003 eius
1053 1969 1095 1996 vel
1116 1973 1182 1996 tetas
1207 1968 1248 1995 vel
1274 1967 1382 1995 fortuna
1407 1966 1529 2001 ipsarum
1550 1964 1650 1992 auxilio
1674 1964 1758 1998 eguit,

949 2021 954 2024 '
972 2016 1062 2044 studio
1079 2023 1110 2043 ac
1122 2014 1235 2042 caritate
1252 2012 1487 2048 providentissima
1504 2012 1634 2038 fovissent
1647 2013 1674 2037 et
1688 2017 1758 2036 nunc

972 2062 1091 2096 ejusdem
1110 2058 1270 2094 imperantis
1284 2057 1421 2085 securitati
1439 2063 1470 2083 ac
1482 2054 1681 2083 conversaliuni
1694 2060 1758 2088 per-

972 2108 1045 2143 vigili
1071 2114 1135 2134 cura
1162 2104 1362 2140 prospicerent;
1392 2110 1504 2137 quarum
1527 2100 1759 2129 rormnendatione

973 2162 1005 2181 ac
1019 2153 1145 2188 precibus
1173 2151 1255 2178 multa
1278 2150 1304 2177 in
1328 2149 1458 2184 quosdatn
1483 2147 1612 2175 beneficia
1635 2146 1758 2178 contulit,

934 2183 1085 2229 ‘Dcon'silia
1114 2207 1180 2227 vero
1207 2205 1301 2226 earum
1329 2183 1357 2224 et
1385 2196 1499 2223 libenter
1520 2195 1623 2222 audivit
1647 2200 1675 2222 et
1704 2195 1760 2229 ple-

977 2254 1090 2282 rumque
1106 2250 1213 2273 secutus
1235 2249 1287 2273 est.
1313 2243 1416 2271 Dicitur
1438 2242 1518 2268 etiam
1543 2243 1638 2269 harum
1664 2249 1761 2275 sugge-

975 2294 1062 2321 stione
1081 2292 1161 2328 129
1179 2291 1315 2323 inductus,
1341 2288 1458 2317 maxime
1481 2293 1570 2316 autem
1589 2288 1706 2323 Eulogize
1721 2287 1759 2322 (in

976 2341 1046 2367 hanc
1076 2340 1147 2366 enim
1182 2337 1309 2365 teneriori
1342 2336 1399 2364 fere
1427 2335 1567 2363 videbatur
1596 2334 1762 2369 propendere

976 2386 1096 2419 affectu),
1112 2385 1235 2420 redigere
1253 2385 1278 2410 ln
1297 2383 1419 2411 ordinem
1437 2387 1464 2410 et
1482 2382 1633 2417 insignibus
1655 2381 1760 2422 imperii

976 2440 1077 2460 exuere
1089 2431 1219 2460 Joannem
1235 2430 1373 2458 statuisse.

975 2489 1022 2516 24.
1053 2487 1089 2515 De
1105 2487 1242 2523 Cltalypha
1257 2490 1282 2514 et
1312 2486 1416 2557 faceis,
1432 2490 1459 2513 ut
1481 2484 1609 2512 Tochari:
1626 2483 1680 2511 sint
1699 2482 1761 2510 sub-

1328 2530 1354 2548 ec
1368 2530 1388 2549 ι.

1328 2528 1388 2549 ειη.

1014 2569 1077 2597 129,
1100 2569 1177 2596 Tunc
1201 2567 1350 2601 Tocliaris,
1365 2574 1436 2603 quos
1461 2566 1569 2593 Atarios
1583 2564 1677 2600 vulgus
1693 2563 1763 2592 solet

977 2623 1088 2648 vocare,
1109 2615 1137 2642 in
1163 2613 1302 2642 Persidem
1327 2612 1454 2641 torrentis
1474 2611 1527 2638 ritu
1549 2610 1762 2643 conﬂuentibus.

978 2661 1129 2696 Cbalyphas
1144 2667 1212 2688 auro
1226 2658 1371 2695 liquefacto
1387 2659 1413 2685 in
1429 2665 1460 2685 os
1475 2656 1563 2684 infuso
1584 2656 1762 2690 interemptus

979 2707 1013 2735 ab
1029 2707 1081 2735 illis
1091 2711 1142 2740 est,
1162 2714 1213 2734 non
1235 2711 1290 2733 tam
1305 2705 1378 2740 quod
1400 2712 1453 2732 non
1469 2703 1552 2731 alium
1569 2703 1762 2738 expeditiorem

979 2753 1109 2780 baberent
1122 2752 1180 2787 ejus
1192 2751 1302 2779 tollendi
1317 2751 1436 2782 modum,
1449 2757 1529 2784 quam
1540 2751 1566 2777 in
1578 2749 1763 2783 exprobratio-

979 2797 1077 2824 tionem
1092 2804 1169 2824 crees:
1188 2796 1272 2831 ipsius
1285 2796 1415 2829 avaritiae,
1431 2796 1475 2830 qui
1491 2802 1553 2822 cutn
1569 2794 1648 2822 facile
1657 2793 1764 2829 potuis-

981 2848 1020 2870 sel
1033 2850 1128 2870 aurum
1140 2841 1303 2870 cll‘undendo
1315 2842 1405 2870 hostes
1416 2842 1537 2875 vincere,
1550 2840 1685 2869 maluerat
1697 2847 1764 2868 auro
