1936 3069
136 78 186 110 589

607 79 656 111 DE
677 77 874 111 MICHAELE
890 79 1118 110 PALzEOLOGO
1137 79 1210 110 LIB.
1234 79 1276 110 II.

1701 82 1754 115 590

136 144 228 163 σταται
246 135 372 163 ὕπνοῦντι
388 135 427 170 τῷ
447 135 562 171 βασιλεῖ.
576 137 613 164 Τὸ
629 136 693 171 γοῦν
704 137 853 169 διυπνίζειν
862 136 920 171 ἅμα
936 139 957 167 Α
972 137 1010 172 τῷ
1025 137 1085 172 seu
1099 138 1222 173 ἐμφανὴς
1231 135 1265 173 ἦν
1284 137 1318 165 τὰ
1334 137 1395 166 καθ’
1411 139 1507 175 ἡδονὴν
1522 139 1632 176 ὲροῦσα,
1647 141 1677 168 οὺ
1699 142 1753 177 μὴν

135 181 178 208 καὶ
187 181 275 215 λέγειν
287 180 416 215 τοιαύτην
430 181 561 215 ἀγγελίαν
573 182 622 208 οὐκ
636 182 791 217 ἐδοκίμαζε,
804 182 841 216 μή
859 189 918 213 πως

135 228 179 254 καὶ
195 227 277 254 πάθοι
288 236 314 254 τι
328 227 455 262 ἐξαίφνης
472 227 519 254 καὶ
535 228 610 263 παρὰ
620 228 783 263 προσδοκίαν
798 226 919 259 ἀκούσας

135 274 189 309 ἅμα
207 273 246 308 τῷ
260 273 306 300 τὸν
323 273 407 300 ὕπνον
421 273 573 306 διολισθεῖν,
590 274 670 307 σοφόν
684 283 710 300 τι
726 275 773 301 καὶ⁸
796 273 826 300 οῦ
848 273 917 300 κατὰ

133 321 261 354 γυναῖκας
279 319 403 347 ποιοῦσα.
417 319 470 346 Τοῦ
481 322 534 354 γὰρ
547 319 669 353 ἐμφύτου
683 320 835 354 πνεύματος
848 321 918 354 μετὰ

133 367 180 400 τὴν
196 365 298 401 τροφὴν
313 366 378 399 περὶ
396 365 445 400 τὴν
462 365 544 399 πέψιν
559 365 759 400 ἀσχολουμένοὺ
777 366 825 391 καὶ
842 365 917 396 ἐντὸς

134 411 299 442 είσδύνοντος
317 411 422 446 ἀνάγκη
442 410 490 442 τὰς
506 410 648 444 αἰσθήσεις
662 410 677 445 ἦ
698 410 792 444 ἀργεῖν
808 409 918 436 ὑπνοῦν-

133 457 215 491 τωνῆ
236 457 340 484 ἀτονεῖν
356 455 572 492 γρηγορούντων.
598 455 636 490 μὴ
668 455 759 490 σφίσιν
788 455 918 482 ἐπιπολά-

133 503 232 534 ζοντος,
260 500 320 528 εἶτα
340 501 391 527 κᾶν
419 510 445 528 τι
473 502 535 536 περὶ
550 501 584 527 τὰ
603 501 720 534 αἰσθητὰ
745 501 866 536 copiian
880 501 917 534 μὴ

133 547 314 577 καταστάντος
328 547 397 573 κατὰ
424 546 516 581 χώραν
543 546 723 582 [imminuti]
752 545 798 572 καί
818 554 845 572 τι
871 547 918 572 καὶ

133 593 200 627 πρὸς
214 592 355 627 ἀντίληψιν
369 591 598 627 προσόιάζωνται,
625 592 649 617 εί
673 592 722 626 μὲν
739 591 840 626 ὁμαλὸν
869 591 917 618 καὶ

132 639 184 665 τῶν
212 638 334 673 συνήθων
356 638 415 664 ἐστι
439 637 470 663 τὸ
502 637 786 672 ἀντιλαμϐανόμενον,
818 637 917 671 αἴφνης

133 685 300 716 ἀκούσαντας
309 684 598 719 κατεῤῥᾳθυμημένως
615 683 773 719 προσέσθαι,
787 684 810 710 εί
819 683 841 709 δ’
852 684 917 717 ἀτη-

133 730 176 765 ρὸν
192 729 279 761 ἄλλως
300 729 316 764 ἦ
331 729 483 763 τοῦμπαλιν
498 730 592 764 χαρίεν
610 730 659 756 καὶ
679 729 733 755 τῶν
763 729 915 764 ἀσυνήθων,

133 772 168 810 μὴ
184 774 283 806 ἱκανῶς
302 774 342 800 ἔτι
358 775 424 808 πρὸς
442 773 582 808 ἀντίληψιν
604 773 719 808 ἑχούςας
743 773 914 808 θορνσετσθαι

132 821 177 847 καὶ
192 821 224 855 τῇ
243 820 316 855 ψυχῇ
334 819 436 850 εὐθέως
461 819 683 854 τεθορυϐημένας
710 819 914 854 προσπαιούσας

131 865 260 899 ἔκπληξιν
276 864 491 900 ἀπεργάζεσθαι.
511 864 579 890 Τότε
590 864 678 890 τοίνυν
692 864 784 899 ἐκείνη
799 865 848 898 τῆς
868 864 915 891 τοῦ

134 910 265 945 βασιλέως
281 909 431 944 ἀσφαλείας
446 911 495 944 οὐχ
512 907 594 945 ἦττον
611 909 686 944 ἢτοῦ
704 910 738 936 τὰ
749 909 814 946 ἡδέα
828 910 917 944 λέγειν

134 957 268 992 προῦνόει,
293 956 340 983 καὶ
355 955 416 983 κατ’
444 955 534 989 ὀλίγον
559 956 709 990 γρήγορσιν
735 954 915 990 ἀνελάμϐανε.

133 1003 192 1029 Τῶν
220 1003 275 1037 γὰρ
305 1002 353 1029 τοῦ
379 1001 458 1033 ποδὸς
483 1001 623 1028 δακτύλων
636 1001 680 1027 τὸν
695 1001 822 1036 μέγιστον
833 1009 916 1028 κατα-

133 1047 232 1084 σχοῦσα
250 1047 366 1083 μετρίως
383 1047 474 1079 ἐπίεζε
493 1048 552 1079 τοῖς
575 1046 717 1079 δακτύλοις
744 1046 782 1079 ὡς
806 1047 916 1082 ὁμαλῶς

131 1094 315 1126 διυπνίσουσα,
343 1093 391 1120 καὶ
417 1092 538 1125 διύπνιζε
570 1092 740 1128 παραυτίκα.
761 1093 818 1120 Καὶ
835 1093 865 1124 ὃς
882 1094 914 1129 τῇ

132 1141 234 1174 μοναχῇ
264 1137 359 1165 ἐνιδὼν
390 1138 533 1175 ίσταμένῃ,
562 1138 576 1165 δ
597 1147 623 1165 τι
651 1138 775 1165 παθοῦσα
800 1138 916 1172 πράττει

129 1184 242 1212 τοιαῦτα
255 1183 456 1211 διεπυνθάνετο.
480 1184 514 1211 'H
525 1184 554 1211 δὲ
566 1183 664 1219 γέλωτι
679 1184 729 1220 μὲν
744 1184 791 1210 καὶ
802 1183 915 1220 χαροπῷ

130 1275 199 1308 perit
217 1273 399 1302 dormientem
428 1273 635 1308 imperatorem;
656 1277 683 1299 et
697 1273 723 1300 in
749 1276 824 1300 tanta
853 1273 914 1300 licet

131 1325 183 1347 tam
199 1320 327 1354 expetita:
339 1320 379 1347 rei
404 1319 460 1348 cito
481 1320 630 1347 indicanda:
654 1320 792 1354 prurigine
819 1319 916 1346 mulie-

129 1367 203 1394 brem
229 1366 404 1401 cupiditatem
435 1365 566 1400 sapientia
595 1365 691 1399 majori
726 1367 752 1393 iu
782 1370 916 1399 potestate

129 1411 235 1445 habuit,
250 1413 387 1439 moderata
405 1411 468 1444 sibi,
489 1419 524 1441 ne
537 1411 612 1438 fratri
631 1419 646 1439 ο
672 1419 770 1439 somno
797 1412 915 1439 excitato

128 1463 231 1485 tantam
262 1458 354 1485 subito
371 1457 489 1485 latitiam
516 1457 658 1491 obiiceret,
688 1465 741 1493 qua
765 1458 949 1506 periclitaric

127 1503 255 1531 valetudo
269 1503 330 1538 ejus
342 1506 442 1536 posset,
456 1503 571 1530 extremi
591 1502 680 1536 gaudii
707 1503 916 1531 vehementissi-

128 1558 201 1577 mum
216 1557 251 1577 ex
266 1549 405 1583 inopinato
420 1548 561 1583 appulsum
588 1548 633 1575 tali
655 1548 769 1576 articulo
786 1549 856 1575 haud
875 1549 916 1575 in-

127 1596 208 1624 noxie
232 1595 361 1623 fortassis
383 1599 529 1629 excepturo
549 1594 705 1621 semisomni
731 1602 854 1629 corpore,
879 1595 915 1622 si-

126 1642 237 1676 quidem
255 1640 370 1668 naturali
396 1640 493 1674 spiritu
517 1645 578 1674 p05t
609 1641 697 1668 cibum
725 1646 859 1675 sumptum
886 1641 914 1668 in

127 1687 185 1721 ejus
199 1686 379 1715 concoctioue
395 1689 539 1720 occupatu,
565 1691 592 1713 et
607 1686 681 1713 intus
708 1693 740 1713 ea
764 1693 845 1714 causa
872 1695 914 1713 re-

127 1739 224 1764 tracto,
241 1739 354 1760 necesse
373 1736 414 1759 est
445 1739 542 1760 sensus
566 1736 612 1759 aut
637 1732 716 1766 plane
741 1732 821 1760 otiari
851 1733 914 1759 dor-

125 1779 279 1812 mientium,
294 1783 340 1805 aut
355 1785 449 1805 reccus
465 1778 645 1805 excitaturum
676 1778 814 1813 languere,
834 1778 913 1812 capia

126 1825 252 1852 videlicet
278 1824 435 1857 spirituum,
459 1831 574 1858 quorum
588 1823 686 1850 allluxu
717 1824 820 1858 vigent,
848 1828 912 1850 tunc

125 1873 215 1899 adhuc
237 1871 302 1898 alibi
316 1871 435 1898 detenta.
458 1869 548 1903 Quare
564 1869 599 1903 si,
624 1870 696 1905 quod
723 1870 749 1896 in
778 1874 912 1897 momento

123 1925 176 1952 quo
192 1917 259 1952 quis
273 1915 469 1951 expergiscitur
489 1919 578 1942 movet
599 1923 719 1947 sensum,
747 1915 808 1942 lene
831 1915 913 1942 fuerit

122 1968 150 1991 et
162 1963 288 1994 solitum,
302 1962 466 1997 percipiatur
478 1961 537 1989 sine
562 1968 643 1993 noxa,
670 1962 798 1989 mediocri
823 1966 911 1989 atten-

123 2010 207 2041 tione,
222 2012 253 2036 el.
267 2007 355 2043 qualis
380 2012 423 2035 est
441 2007 651 2035 ludibundorum
679 2012 706 2034 et
731 2007 804 2034 altud
829 2015 913 2043 agen-

123 2055 201 2085 tium,
222 2053 258 2080 ad
288 2053 313 2080 id
333 2052 494 2080 sullieiente.
520 2051 606 2079 Purro
632 2052 665 2078 ad
690 2052 760 2079 hanc
784 2051 852 2079 satis
872 2052 914 2079 in-

121 2103 225 2126 strncta
240 2097 356 2125 facultas
367 2102 420 2131 est,
438 2103 574 2132 utcunque
602 2097 674 2125 intro
688 2098 774 2125 adhuc
789 2102 913 2124 teneatur

968 182 990 209 δ’
1010 183 1041 209 ὲκ
1057 182 1104 210 τοῦ
1120 184 1276 219 παραυτίκα
1287 184 1321 211 τὰ
1333 184 1403 211 κατὰ
1415 185 1477 212 νοῦν
1487 186 1642 220 ἐξήγγελλε,
1657 188 1753 222 μέχρις

969 227 1002 254 ἂν
1015 227 1166 262 κατασταίη
1182 228 1252 255 κατὰ
1268 229 1298 255 τὸ
1310 229 1384 261 είκὺς
1402 229 1432 256 τὸ
1454 230 1582 264 φρονοῦν.
1619 231 1696 259 Ἐπεὶ
1724 232 1752 258 δι
1774 258 1779 264 ,

968 273 1116 300 καθίστατο
1136 275 1182 301 καὶ
1211 272 1289 307 αὖθις
1307 275 1400 310 ἠρώτα
1420 276 1514 311 μαθεῖν
1534 277 1693 311 γλιχόμενος
1723 278 1753 304 τὺ

968 319 1091 354 ήδυνοῦν,
1106 321 1142 351 ὼς
1159 320 1278 352 ὑπενόει,
1299 321 1360 347 τότε
1375 322 1529 356 προσετίθει
1545 322 1578 349 τὰ
1593 323 1752 356 εὐαγγέλια,

967 365 1005 397 ὡς
1021 365 1038 400 ἦ
1051 374 1079 392 τε
1096 366 1172 397 πόλις
1183 366 1257 401 ἁλῴη
1269 367 1282 394 ὅ
1294 375 1322 392 τε
1333 367 1441 400 Καῖσαρ
1457 369 1525 401 μετὰ
1545 368 1591 394 τοῦ
1618 368 1753 395 Σκυθικοῦ

968 411 1042 442 ἐντὸς
1068 411 1163 446 ἀνέδην
1177 411 1275 445 διάγοι,
1292 412 1335 448 [Ρ.
1350 412 1395 448 98]
1410 414 1454 439 καὶ
1467 414 1505 445 ὡς
1522 413 1667 448 εὐαγγέλια
1681 414 1753 440 ἐκεῖ·

967 455 1014 482 θεν
1030 456 1153 491 ἥκοντος,
1172 457 1219 483 ἐπὶ
1240 457 1346 489 τούτοις
1375 457 1581 493 ἰσχυριζομένου
1605 458 1639 485 τὰ
1672 459 1752 493 μάλι-

968 509 1018 527 στα
1047 500 1085 532 ὡς
1113 501 1172 527 ἐκεῖ
1202 503 1399 535 πραττομένων
1429 504 1574 537 παρόντος.
1611 504 1687 530 Ἐπεὶ
1723 504 1753 531 δὲ

967 545 1015 570 καὶ
1034 544 1058 570 εί
1073 545 1238 580 ἀποσταλείη
1261 546 1336 580 παρὰ
1370 546 1416 572 τοῦ
1444 547 1580 581 Καίσαρος
1600 544 1677 578 οὗτος
1707 549 1752 574 ὰνυ

967 588 1141 620 επυνθάνετο,
1169 590 1184 624 ὴ
1205 589 1232 615 δὲ
1254 590 1304 616 οὐκ
1330 591 1429 617 είδέναι
1452 591 1501 626 μὲν
1527 592 1655 625 ἔφασκεν,
1677 593 1752 627 ὅμως

967 633 1048 660 αὐτὸν
1073 635 1193 669 παρόντα
1221 635 1345 671 αὐτάρκη
1373 633 1443 663 εἷναι
1473 637 1690 672 ἀποκρινεῖσθαι.
1723 637 1752 664 ’0

968 680 1059 715 μέντοι
1073 688 1104 713 γε
1121 681 1248 715 βασιλεὺς
1265 682 1363 709 ὲννοιῦν
1382 682 1432 717 μὲν
1451 683 1498 710 καὶ
1515 683 1545 710 τὸ
1559 683 1606 710 τοῦ
1624 684 1752 718 πράγμα-

966 734 1011 757 τος
1025 726 1100 760 ξένον
1116 727 1162 754 καὶ
1179 727 1210 762 δὴ
1227 727 1274 754 καὶ
1288 728 1325 760 ὡς
1352 729 1401 755 οὑκ
1423 729 1582 756 ἀποστέλλοι
1605 730 1619 756 6
1646 731 1752 764 Καίσαρ

967 772 1013 798 ἐπὶ
1047 773 1162 806 τούτοις,
1192 774 1290 801 ἐννοῶν
1315 775 1343 801 δὲ
1368 775 1416 801 καὶ
1449 775 1479 802 τὸ
1508 776 1563 803 τῶν
1575 776 1752 811 ὲφεπομένων

969 817 1069 852 πλῆθος
1081 818 1118 849 ὡς
1130 819 1240 847 ἔλαττον
1249 819 1279 846 ὃν
1294 820 1310 855 ἢ
1327 820 1414 847 ταῦτα
1436 820 1575 856 πράττειν,
1601 821 1648 848 καὶ
1667 821 1704 852 ὡς
1727 821 1752 846 εἰ

968 862 1180 898 βουληθείη,οὐκ
1199 864 1232 891 ἂν
1246 865 1376 901 ἠδυνήθη,
1391 866 1444 892 οὐδ’
1462 867 1531 898 ὅλως
1558 868 1614 899 τοῖς
1642 867 1750 901 λεγομέ-
1775 885 1778 889 .

966 915 1021 938 νοις
1038 908 1134 934 ἑαυτὸν
1148 908 1245 936 ὲδίδου.
1259 909 1300 936 Τὰ
1316 910 1343 936 δὲ
1360 910 1442 946 χλεύη
1455 912 1500 938 καὶ
1521 911 1601 938 πάλιν
1616 909 1697 942 εἶναι,
1714 912 1752 947 μὴ

966 953 1012 979 καὶ
1028 953 1172 989 ἀϐέλτερος
1187 954 1230 989 εἴη
1247 955 1261 981 6
1283 955 1369 982 ταῦτα
1393 956 1634 991 συσκευαζόμενος.
1667 959 1751 990 Λύτίις

966 997 1012 1024 οὖν
1031 997 1101 1032 ἔγνω
1116 998 1231 1031 καθίσας
1249 999 1381 1036 διερωτᾷν
1400 1001 1448 1027 τὸν
1462 1001 1576 1036 ἥκοντα,
1592 1002 1623 1028 οὐ
1639 1002 1677 1037 τῷ
1696 1004 1751 1034 τοῖς

968 1044 1163 1080 ῥηθησομένοις
1175 1045 1205 1077 ὲξ
1218 1045 1327 1081 ἑτοίμου
1350 1046 1491 1081 θήσεσθαι,
1505 1047 1545 1083 τῷ
1573 1047 1602 1074 δὲ
1630 1048 1751 1082 νομίζειν

965 1090 1069 1117 ἐκεῖνον
1095 1091 1134 1122 εἰς
1172 1089 1256 1125 φόϐον
1282 1092 1455 1120 καταστάντα
1478 1092 1618 1127 βασιλικὸν
1646 1094 1751 1130 τάληθῆ

964 1136 1061 1168 λέξειν,
1069 1136 1184 1171 τάληθὲς
1190 1136 1306 1168 ἐλπίζων
1317 1137 1458 1164 πυθέσθαι.
1468 1137 1600 1173 Εἱσήγετο
1607 1138 1694 1166 τοίνυν
1702 1138 1750 1166 τοῦ

966 1181 1097 1217 βασιλέως
1113 1183 1324 1217 προστάξαντος,
1341 1183 1389 1210 καὶ
1406 1183 1580 1220 ἐρωτώμενος
1593 1184 1681 1219 ἔλεγε,
1703 1187 1751 1214 καὶ

965 1271 1115 1304 admirans,
1131 1271 1212 1298 satin'
1224 1278 1291 1299 sana
1304 1276 1331 1299 et
1347 1279 1477 1307 quorsum
1497 1271 1533 1300 ibi
1553 1276 1627 1300 esset
1652 1272 1750 1308 quidve

965 1323 1070 1352 ageret.
1103 1317 1150 1344 illa
1167 1317 1247 1345 hilari
1271 1318 1395 1346 arridens
1418 1318 1492 1346 vultu
1521 1318 1589 1345 satis
1611 1318 1669 1353 ipsa
1695 1319 1750 1346 oris

965 1363 1117 1390 renidentia
1137 1363 1309 1390 monstrabat
1328 1371 1463 1398 prospera:
1487 1371 1517 1391 se
1535 1363 1573 1391 rei
1596 1364 1692 1392 adesse
1708 1363 1749 1391 in-

965 1409 1062 1437 dicem.
1077 1408 1200 1437 Nondum
1215 1414 1302 1437 tamen
1316 1409 1381 1444 quid
1396 1409 1503 1438 ali'erret
1517 1410 1651 1445 exposuit,
1664 1411 1748 1438 otium

966 1454 1089 1489 praebens
1113 1455 1238 1482 sensibus
1265 1455 1419 1482 exeutiendi
1452 1456 1569 1490 torporis
1596 1456 1749 1491 vigorisque

966 1501 1130 1528 resumendi.
1148 1501 1217 1528 Tum
1232 1499 1277 1528 ubi
1295 1501 1362 1528 satis
1375 1501 1454 1536 spatii
1476 1501 1567 1528 datum
1591 1502 1749 1537 natumjm

965 1547 1067 1574 dicavit
1079 1547 1113 1574 ad
1126 1546 1356 1582 restituendamjn
1367 1551 1465 1574 statum
1478 1553 1688 1576 consentaneum
1705 1549 1747 1576 in-

965 1592 1102 1627 telligendi
1119 1592 1394 1627 facultatem,cupide
1419 1593 1548 1629 ﬂagitanti
1572 1595 1693 1630 Augusto
1715 1603 1748 1623 ne

964 1639 1067 1666 diutius
1086 1642 1189 1666 taceret
1212 1639 1283 1674 quod
1301 1639 1379 1668 dulce
1402 1640 1495 1667 auditu
1520 1641 1675 1668 nuntiatura
1700 1649 1748 1669 ve-

966 1687 1061 1718 nisset,
1079 1685 1187 1712 tandem
1212 1686 1338 1720 exposuit
1361 1691 1468 1721 captam
1493 1687 1578 1714 teneri
1602 1689 1694 1715 urbem
1721 1693 1748 1715 et

963 1731 1100 1759 Caesarem
1117 1731 1187 1759 intra
1212 1739 1272 1758 eam
1287 1739 1382 1759 secure
1411 1739 1470 1759 cum
1500 1732 1635 1768 Scylhiris
1659 1735 1748 1768 copiis

964 1777 1072 1811 degere.
1099 1777 1126 1804 ld
1154 1782 1229 1804 certo
1247 1777 1310 1804 sciri
1335 1784 1367 1804 ex
1397 1778 1507 1806 orulato
1534 1784 1612 1812 teste,
1639 1780 1748 1806 homine

965 1823 1027 1850 inde
1041 1830 1146 1850 summa
1162 1823 1300 1850 celeritate
1324 1823 1457 1857 profecto,
1473 1825 1748 1860 constantissimeque

965 1867 1117 1895 aﬂirmante
1144 1875 1204 1896 sese
1231 1867 1386 1896 interfuisse
1408 1869 1472 1897 dum
1498 1877 1542 1898 res
1566 1876 1706 1906 gereretur
1720 1876 1747 1900 et

963 1917 1066 1948 gestam
1078 1913 1188 1942 vidisse.
1202 1913 1390 1949 luterrogante
1397 1922 1462 1943 vero
1472 1915 1634 1950 imperatore
1647 1916 1746 1952 ecquid

964 1959 1008 1986 ille
1024 1960 1124 1987 missus
1138 1966 1153 1987 a
1164 1959 1273 1988 Caesare
1289 1960 1421 1994 venisset,
1437 1961 1481 1988 illa
1498 1969 1528 1989 se
1539 1962 1644 1990 nescire
1658 1963 1745 1990 dixit:

964 2009 1092 2032 caeterum
1122 2005 1219 2033 adesse
1245 2005 1381 2034 hominem
1410 2011 1437 2034 et
1469 2006 1628 2043 interrogari
1656 2015 1745 2043 posse,

963 2051 1062 2085 quippe
1092 2050 1219 2078 idoneum
1247 2051 1393 2079 reddendas
1417 2052 1460 2080 sui
1488 2053 1599 2081 rationi.
1624 2053 1746 2082 Prudens

963 2096 1111 2130 imperator
1129 2102 1259 2131 reputans
1271 2105 1350 2132 quam
1378 2105 1446 2126 nova
1470 2104 1498 2126 et
1525 2099 1662 2134 inopinata
1680 2108 1744 2127 nar-

121 2151 184 2178 pars
200 2143 292 2178 major
302 2143 454 2178 spirituum.
467 2141 515 2169 Sin
527 2150 590 2169 vero
603 2142 767 2177 inopinatum
782 2142 909 2178 quiddam
923 2143 950 2173 D
965 2147 1071 2169 raretur
1091 2149 1145 2174 res,
1161 2142 1194 2170 de
1209 2150 1261 2177 qua
1280 2143 1391 2171 nuntius
1403 2151 1418 2171 a
1435 2144 1552 2178 Cresare,
1570 2145 1614 2180 qui
1629 2146 1746 2181 gessisse

121 2195 148 2216 et
164 2197 296 2224 tuagnum
311 2188 467 2223 objiciatur,
483 2190 509 2215 in
528 2188 659 2215 utrumvis
678 2187 739 2215 mali
764 2193 811 2215 aut
834 2187 910 2219 boui.

121 2235 223 2262 doloris
256 2238 303 2261 aut
328 2234 417 2269 gaudii
449 2238 599 2261 extremum
636 2233 792 2266 excedens,
822 2233 913 2260 turbat

120 2282 242 2308 animum
261 2280 465 2312 vehementius,
484 2284 511 2307 et
525 2287 586 2306 eum
616 2280 711 2313 raptim
737 2279 854 2306 incitans
878 2278 912 2305 ad

119 2328 272 2363 exigendas
287 2333 304 2354 ο
320 2326 459 2357 sensibus,
481 2329 554 2357 tunc,
583 2329 612 2351 ut
628 2324 728 2352 dictum
755 2328 805 2356 est,
830 2323 911 2358 spiri-

119 2379 196 2401 tuum
216 2372 342 2400 absentia
358 2371 517 2403 debilitatis,
545 2378 622 2398 acres
640 2370 822 2405 operationes,
839 2370 912 2397 laedit

117 2427 165 2447 eos
184 2425 213 2447 et
231 2418 415 2445 valetudinem
443 2417 603 2451 corrmnpil,
634 2415 710 2451 151
739 2423 851 2450 corpore
870 2415 913 2443 in-

118 2467 228 2492 terdum
258 2464 284 2490 iu
305 2463 453 2496 deliquium
482 2467 509 2489 et
535 2467 684 2498 sympltmta
705 2462 842 2488 sonticum
867 2468 911 2487 re-

117 2511 210 2538 dacto.
229 2509 294 2537 Hanc
313 2509 449 2543 sapienter
468 2514 532 2535 tunc
548 2513 674 2542 reputans
691 2507 804 2542 Eulogia
821 2506 910 2535 instil-

117 2557 175 2583 lare
195 2556 329 2590 gandiunt
356 2561 438 2588 quam
466 2551 661 2586 superfundere
689 2551 767 2578 fratri
796 2551 908 2582 maluit;

116 2610 166 2629 nec
185 2602 314 2629 nuntium
350 2599 532 2626 felicissimum
549 2599 600 2625 nisi
626 2597 785 2633 prmparutis
807 2597 910 2624 idonee

117 2646 308 2682 suspensionis
327 2653 401 2672 mora
412 2644 623 2679 expergisceutis
635 2644 744 2670 auribus
760 2643 908 2670 commisit.

117 2693 244 2720 Primum
262 2693 390 2720 vellicato
407 2691 483 2726 pedis
507 2691 622 2718 articulo
640 2689 733 2724 majori
754 2689 832 2723 sopiti
852 2689 909 2716 fra-

116 2738 166 2765 tris
183 2746 313 2765 somnum
330 2737 462 2764 excussit.
477 2736 598 2771 Cumque
611 2736 634 2764 is
649 2736 734 2764 oculis
750 2737 849 2771 apertis
864 2744 908 2763 su-

117 2785 169 2812 lam
184 2791 218 2812 eo
235 2785 298 2812 loco
317 2791 350 2811 ac
365 2790 485 2818 tempore
497 2791 618 2811 sororem
640 2784 760 2816 vidisset,
784 2784 907 2818 quaesivit

963 2187 1115 2221 dicebatur,
1132 2187 1221 2215 nullus
1244 2193 1399 2223 appareret,
1425 2197 1530 2216 memor
1544 2190 1625 2218 etiam
1652 2192 1745 2226 pauci-

964 2233 1027 2260 tatis
1051 2233 1193 2267 copiarum
1218 2241 1280 2260 cum
1297 2233 1404 2261 Caesare
1425 2233 1608 2269 profectarum
1631 2235 1692 2263 talis
1717 2242 1746 2263 ut

964 2283 1065 2305 tantam
1082 2278 1177 2305 urbem
1201 2286 1349 2315 occupasse
1370 2280 1452 2307 etiam
1477 2280 1549 2307 ultro
1574 2281 1632 2308 sine
1655 2287 1744 2310 certa-

962 2326 1035 2352 mine
1061 2330 1195 2360 apertam,
1220 2325 1263 2353 vel
1289 2325 1312 2352 si
1336 2326 1487 2354 voluissent
1511 2327 1640 2361 maxime,
1673 2328 1745 2355 haud

962 2371 1082 2405 potuisse
1111 2371 1279 2405 viderentur,
1295 2372 1421 2400 sustinuit
1437 2379 1578 2401 assensum
1598 2380 1647 2401 nec
1666 2374 1744 2401 tidem

962 2416 1084 2444 adhibuit
1097 2417 1204 2449 nuntio,
1220 2417 1299 2453 152
1319 2417 1472 2452 suspicatus
1487 2418 1551 2453 quin
1567 2419 1650 2446 etiam
1668 2419 1745 2446 illudi

962 2462 1013 2488 sibi
1028 2462 1062 2489 ab
1073 2462 1184 2489 homine
1193 2462 1309 2490 fortasse
1323 2462 1437 2490 nimium
1450 2463 1566 2498 simplici
1592 2468 1640 2491 aut
1651 2464 1742 2499 plano,

960 2508 1006 2542 qui
1024 2508 1081 2536 haec
1097 2512 1185 2535 astute
1200 2512 1247 2535 aut
1261 2509 1342 2536 stulte
1359 2509 1532 2536 conﬁnxerit.
1549 2508 1675 2537 Decrevit
1689 2509 1742 2545 igi-

962 2559 1006 2581 tur
1018 2553 1075 2588 ipse
1090 2561 1139 2588 per
1153 2553 1238 2581 otium
1254 2562 1315 2581 eum
1331 2553 1510 2589 interrogare,
1533 2561 1648 2590 sperans
1667 2555 1745 2590 agni-

963 2604 1050 2625 turum
1067 2605 1100 2625 ex
1122 2597 1182 2632 ejus
1206 2598 1342 2633 responsis
1366 2599 1430 2633 quid
1457 2599 1484 2626 in
1513 2606 1542 2626 re
1567 2604 1663 2628 esset:
1680 2608 1742 2627 nam

961 2648 1031 2671 lllclll
1048 2643 1192 2678 praesentis
1214 2644 1364 2679 majestatis
1387 2645 1599 2678 simulationem,
1623 2645 1646 2672 si
1662 2653 1743 2680 quam

959 2689 1140 2722 adhibuisset,
1170 2689 1222 2724 ipsi
1260 2689 1461 2722 excutiendam,
1492 2690 1682 2726 iassurumque
1708 2698 1743 2718 ex

960 2743 1023 2763 vero
1048 2741 1155 2763 cuncta.
1181 2732 1259 2763 Tunc
1285 2736 1368 2770 igitur
1398 2736 1432 2763 ad
1452 2736 1644 2771 imperatorem
1664 2736 1743 2772 jussu

959 2782 1043 2817 ipsius
1058 2781 1227 2809 introductus
1243 2789 1338 2810 cursor
1352 2787 1405 2816 est,
1424 2786 1451 2810 et
1467 2783 1501 2811 ab
1513 2789 1546 2811 eo
1559 2782 1743 2817 interrogatus
