1936 3069
227 237 279 270 595

834 237 993 268 GEORGII
1011 235 1252 268 PACHYMERA'E

1791 229 1845 264 596

225 294 266 328 τῷ
286 292 421 328 Ἀϐραὰμ,
438 292 475 323 ὡς
490 273 588 319 αὐτίκα
613 291 661 327 τῆς
674 291 814 327 Αἰγύπτου
832 293 1010 327 ἀπαλλαγεῖσι
1027 295 1048 323 Α
1064 300 1150 323 σεται,
1166 292 1243 318 πόλιν
1255 290 1318 318 ἀντὶ
1331 289 1476 325 πολιχνῑων
1491 288 1671 324 αίρουμένων.
1698 286 1747 323 τὴν
1760 287 1846 322 ὕνομα

225 337 389 373 ληψομένοις
406 338 524 372 ἐκείνην,
539 338 553 364 ὀ
565 337 593 364 δὲ
605 337 716 365 ἐκείνων
732 337 780 372 μὲν
795 338 842 365 ἐπὶ
868 339 918 373 τῆς
944 339 1008 374 ἐρή-

228 393 280 419 μου
295 385 388 410 πεσεῖν
401 383 434 410 τὰ
448 383 516 410 ὀστᾶ
530 383 730 418 παρεσκεύασε,
746 384 801 415 τοῖς
814 384 836 410 δ’
853 384 923 411 υἱέσι
936 384 1007 419 πλη-

227 430 270 465 ροῖ
284 429 333 463 τὴν
357 429 535 463 ἐπαγγελίαν.
551 429 598 456 καὶ
613 429 642 455 οὐ
663 429 786 456 διέπεσεν
808 430 825 463 ἠ
851 429 1007 463 ὑπόσχεσις.

225 470 305 501 Οὕτω
317 473 431 504 δικαίοις
446 473 553 508 μέτροις
566 473 614 500 καὶ
625 474 755 507 σταθμοῖς
770 474 799 501 αί
817 473 886 501 Θεῖαι
896 474 1009 509 πράξεις

226 517 440 554 οίκονομοῦνται.
453 518 558 553 Καιρὺς
581 517 647 551 γοῦν
664 519 801 553 μετοικεῖν
828 519 1010 553 προστάσσον-

224 571 271 595 τος
288 564 334 590 τοῦ
350 563 430 596 Θεοῦ,
446 563 476 589 οὐ
491 563 637 594 σκιαδείοις
663 564 694 590 ἔκ
708 564 816 598 φύλλων
843 565 872 591 ἐν
899 564 1008 598 λαμπήι

225 617 285 637 ναις
302 608 397 643 (ταῦτα
413 609 467 644 γὰρ
481 606 550 643 ἦσαν
562 608 591 634 τδ
611 608 718 640 πάλαι),
744 609 812 636 ἀλλὰ
830 609 1010 643 σκεπομένοις

225 653 318 687 χάριτι
336 651 382 679 τοῦ
397 652 475 680 Θεοῦ.
499 653 554 679 Καὶ
570 653 602 688 δὴ
622 653 652 685 ἐξ
671 653 756 688 αὐτῆς
778 653 836 689 ἃμα
857 653 1008 688 πεμπὲσθω

225 707 268 730 τις
289 698 343 724 τῶν
369 698 519 734 ἀρχόντων,
545 702 592 725 καὶ
612 698 774 733 λαμϐανέτω
796 699 859 731 τοὺς
882 701 971 731 οἴκους
984 698 1010 726 οἷ

226 742 351 770 πανοικεὶ
369 743 538 777 κατοικήσει.
559 743 590 770 Et
609 742 659 778 μιν
687 744 831 778 συμϐαίνοι
863 745 926 774 τοὺς
959 752 1010 770 πα-

225 788 319 823 τρίους
334 785 401 815 εῖναι
418 789 464 815 καὶ
478 789 540 820 τοὺς
561 788 607 815 τοῦ
621 788 716 822 γένους
730 790 872 825 περιόντας
896 789 948 822 ἔτι,
978 788 1009 817 εὖ

227 834 260 860 ἂν
276 834 369 869 σχήσοι
386 841 393 849 ⁵
405 835 429 860 εἰ
442 834 466 860 δ’
480 832 537 866 οὖν,
560 834 627 860 ἀλλά
640 842 681 865 τις
700 834 855 868 ἑκλεγέσθω
881 835 947 866 τοὺς
961 835 1011 870 ἁρ-

226 879 344 914 μοδιους.
381 879 479 914 Ἐχρῆν
502 879 557 914 γὰρ
582 879 650 906 Θεοῦ
679 880 797 911 διδόντος
825 879 867 916 [Ρ.
885 880 1011 916 1011τὴν

226 925 307 960 χάριν
323 924 393 951 κατὰ
403 925 500 958 νόμους
516 924 622 952 ἐκείνου
651 925 737 951 ποιεῖν
762 926 809 952 καὶ
835 925 1010 960 προσφιλοτι-

226 969 336 1005 μεῖσθαι
359 969 388 995 τὸ
407 969 489 1004 μέρος
514 970 632 1005 ἑκάστῳ.
662 969 730 996 Οὐδὲ
756 969 810 1005 γὰρ
825 971 891 1005 ἡμῖν
907 971 1008 1004 μόνοις,

224 1015 294 1042 ἀλλὰ
309 1014 355 1041 καὶ
372 1014 435 1049 ὑμῖν
447 1014 549 1042 δίκαιον
566 1015 691 1050 ἡγεῖσθαι
704 1015 733 1042 τὸ
747 1016 823 1042 Θεῖον
838 1015 1007 1051 χαρίζεσθαι·

224 1061 272 1087 καὶ
285 1059 381 1095 ὥσπερ
392 1060 421 1086 τὸ
444 1060 613 1097 άπερρῖφθαι
628 1061 717 1088 κοινὸν
737 1061 769 1087 τὺ
785 1062 834 1094 τῆς
850 1061 937 1096 ὀργῆς
951 1061 1010 1095 ἅμα

225 1105 334 1132 πίνουσι
347 1105 437 1138 κόνδυ,
457 1104 528 1132 οὕτω
543 1105 591 1132 καὶ
604 1106 634 1132 τὸ
653 1107 884 1133 ὲπανακαλεῖσοιι
901 1106 1010 1132 x1091:-

225 1151 272 1177 κδν
286 1150 334 1186 τὴν
345 1150 502 1185 εὺεργεσίαν
530 1151 721 1186 λαμῦάνουσιν.
746 1151 877 1186 "Bal/own
897 1152 919 1178 δ’
948 1152 1011 1185 ἔφες

225 1197 273 1231 ξῆς
286 1198 371 1228 ἄλλοι.
388 1198 435 1225 καὶ
451 1197 522 1224 οὕτω
539 1197 620 1224 πάλιν
633 1198 662 1224 τὸ
680 1197 798 1224 κενωθὲν
812 1197 1011 1232 ἀναπληρωοἡ-

223 1288 347 1316 liberatis
363 1296 394 1315 ex
411 1287 528 1323 (Egypto
540 1287 624 1322 ipsius
638 1287 763 1322 posteris,
788 1287 814 1314 hi
830 1287 937 1321 quidem
955 1295 1007 1314 nou

225 1339 387 1369 acceperunt
405 1334 430 1361 in
445 1335 553 1361 deserto
571 1333 683 1365 mortui,
711 1332 758 1360 sed
785 1339 877 1360 eorum
902 1332 1009 1360 ossibus

224 1387 336 1416 peregre
350 1380 450 1407 relictis
467 1379 603 1407 feliciores
620 1378 726 1406 illorum
746 1378 792 1405 lilii
807 1378 937 1412 desponsa
954 1385 1007 1404 non

224 1426 338 1461 singulis
351 1425 493 1461 quibusvis
505 1425 650 1459 capitibus.
669 1425 717 1452 sed
734 1424 881 1450 universim
899 1423 1008 1450 Israeli-

226 1473 286 1502 ticae
298 1472 371 1508 genti
387 1471 546 1499 haereditate
557 1471 680 1498 adeunda
709 1470 787 1497 iidem
814 1469 1005 1496 vaticittiorunt

224 1518 384 1549 liberarunt.
402 1516 595 1552 splendideque
612 1516 831 1543 demonstrarunt
848 1515 919 1542 haud
935 1515 1008 1541 exci-

224 1565 299 1592 «'isse
323 1571 355 1591 ac
379 1563 413 1590 ad
437 1567 589 1591 extremum
613 1569 690 1590 cassa
717 1566 814 1588 eventu
844 1560 1008 1587 remansisse

1059 337 1173 373 ιχουσαν
1187 336 1242 363 τῶν
1253 335 1403 370 ἀνωνύμων
1417 335 1465 361 καὶ
1486 334 1613 362 εὐτελῶν.
1638 333 1674 360 οὐ
1690 333 1743 368 μὴν
1757 333 1784 360 δὲ
1798 333 1847 359 καὶ

1058 381 1280 416 καταφρονητέον
1290 381 1346 407 τῶν
1355 380 1421 416 τῇδε
1437 388 1444 396 ·
1461 380 1595 414 ἀσφάλεια
1616 378 1671 414 γὰρ
1695 377 1847 416 τῶνιὲντδς

1061 427 1188 463 μεγίστη.
1207 427 1231 453 εί
1245 426 1281 453 τὰ
1297 426 1389 461 κύκλῳ
1404 425 1503 460 φεύγοι
1518 425 1563 452 τὸν
1589 425 1682 451 σάλον.
1694 423 1786 451 Ταῦτα
1814 423 1845 450 δι

1058 474 1105 500 τὸν
1120 473 1200 500 σάλον
1217 472 1378 507 φευξοῦνται
1393 472 1605 506 πολυωρούντων
1625 471 1680 497 τῶν
1696 469 1847 504 οἰκητόρων

1060 519 1118 553 ἅμα
1132 520 1187 550 τοῖς
1200 519 1387 553 πεμπομένοις
1402 517 1544 552 ἄρχουσιν.
1559 516 1639 543 Ἀλλὰ
1654 517 1688 542 τὰ
1711 516 1759 550 μὲν
1775 514 1848 541 κατὰ

1060 566 1154 600 καιρὶν
1178 565 1225 591 καὶ
1256 564 1429 599 λεχθήσοντοιι
1458 562 1505 590 καὶ
1534 561 1747 597 πραχθήσονται,
1777 559 1846 585 Θεοῦ

1060 611 1255 645 συνσιρομένου
1274 610 1307 636 δι’
1321 610 1393 641 ἔλεος
1408 617 1416 625 ο
1429 609 1475 635 νῦν
1486 608 1508 635 δ’
1529 608 1579 641 ἆγε
1604 607 1740 637 κάκείνοις
1762 606 1794 632 δι’
1808 603 1847 631 ὢν

1060 655 1235 691 ἑπεμετρήθη
1258 656 1324 690 ἡμῖν
1348 654 1462 690 ὴχάρις
1482 654 1539 688 (κα1⁵
1561 653 1616 688 γὰρ
1640 652 1754 685 δίκαιον)
1779 652 1846 686 γρά-

1060 709 1154 734 φοντες
1170 701 1205 726 τὰ
1218 701 1310 727 εῑκὸτα
1323 700 1454 735 δείξωμεν
1466 699 1546 735 χάριν
1556 700 1647 733 σφίσιν
1661 699 1758 728 εἰδότες
1775 697 1846 732 μετα

1060 745 1136 772 Θεό-ι.
1160 755 1170 772 ι
1187 746 1233 780 Τῷ
1249 754 1289 773 τοι
1300 746 1347 773 καὶ
1361 747 1393 772 ὲκ
1409 745 1456 772 τοῦ
1471 745 1642 780 παραχρῆμα
1660 744 1764 770 κελεύει
1779 752 1847 778 γρα-

1060 791 1143 825 φῆνσι
1156 792 1189 818 τὰ
1203 793 1378 826 χαριστήρια,
1394 790 1536 825 ἐκλέγεται
1549 790 1577 817 δὲ
1592 791 1640 817 καὶ
1653 787 1692 821 οἷς
1720 790 1752 816 ἂν
1773 797 1846 824 πεμ-

1061 837 1151 872 φθεῖσι
1166 837 1216 872 τὴν
1227 836 1421 872 κληροδότησιν
1438 835 1579 870 ἐπιτρέψοι
1593 835 1647 862 τῶν
1663 835 1844 870 μεγιστάνων.

1061 883 1125 914 Τοῖς
1144 882 1199 917 γὰρ
1213 882 1320 914 πολλοῖς
1334 890 1366 914 γε
1385 882 1431 908 καὶ
1442 880 1603 908 ἀνεϐάλλετο
1616 880 1646 906 τὺ
1660 880 1769 911 διδόναι,
1797 879 1846 906 καὶ

1063 929 1201 963 πρόφασις
1215 927 1310 962 ἐκείνῳ
1325 927 1355 953 τὸ
1365 926 1412 953 διὰ
1428 925 1535 960 σπάθης
1552 926 1657 956 ἑλόντος
1672 924 1776 959 μηδένα
1803 922 1845 950 εἷς

1062 974 1163 1001 ναιτδν
1179 973 1290 1004 δικαίως
1303 972 1337 999 ἂν
1360 972 1414 999 τῶν
1433 972 1516 1003 ἰδ’ων,
1534 970 1561 997 εῖ
1584 979 1634 997 που
1650 971 1773 1005 παρεῖεν,
1797 969 1846 996 ἐπὶ

1059 1020 1108 1053 τῆς
1128 1019 1230 1050 πόλεως
1260 1017 1449 1052 άνθεξόμενον.
1488 1016 1629 1052 Περιῆσαν
1656 1016 1710 1051 γάρ
1734 1015 1773 1042 ἔτι
1794 1015 1846 1041 οὐκ

1058 1066 1136 1099 ὀλίγα
1150 1065 1198 1092 καὶ
1213 1064 1266 1091 τῶν
1277 1064 1423 1098 τυχόντων,
1441 1063 1470 1089 ἐν
1485 1061 1557 1089 ὀκτὼ
1581 1062 1671 1097 μόνοις
1697 1061 1765 1095 πρὸς
1788 1063 1846 1092 τοῖς

1059 1111 1226 1145 πεντήκοντα
1245 1109 1317 1135 ἔτεσι
1334 1108 1518 1143 κατεχομένης
1539 1107 1588 1142 τῆς
1602 1107 1704 1137 πόλεως
1718 1108 1774 1137 τοῖς
1801 1108 1846 1142 ἔχη

1059 1157 1143 1192 θροίς.
1163 1156 1207 1182 Ἐν
1217 1153 1257 1187 οἷς
1272 1155 1317 1181 καὶ
1333 1154 1422 1181 πάντα
1440 1154 1473 1181 ἂν
1486 1154 1629 1188 περιῆσαν,
1658 1153 1715 1186 εῑγε
1732 1153 1846 1188 είρήνην

1059 1201 1132 1238 εἶχον
1160 1202 1227 1237 πρὸς
1251 1201 1370 1232 ἑκείνους
1402 1200 1428 1227 οί
1456 1200 1576 1236 βασιλεῖς
1592 1207 1598 1216 '
1616 1200 1640 1226 εί
1658 1198 1712 1234 γὰρ
1734 1199 1771 1234 μὴ
1788 1199 1842 1225 τῶν

1060 1289 1140 1325 regim
1157 1289 1319 1324 inclyta'que
1332 1289 1502 1324 splendorem
1528 1288 1648 1316 civitatis
1665 1288 1844 1315 obscurorum

1058 1341 1083 1362 et
1100 1335 1158 1362 sine
1176 1336 1283 1362 nomine
1306 1335 1496 1370 oppidulorum
1513 1334 1646 1369 angustiis
1671 1340 1697 1360 et
1714 1334 1845 1360 sordibus

1059 1380 1198 1414 pr.el't-rre.
1226 1379 1283 1407 Non
1309 1380 1465 1406 Iamenhaec
1482 1380 1527 1406 ubi
1554 1387 1624 1406 nttnc
1649 1386 1742 1406 sumus
1767 1387 1844 1413 sper-

1059 1424 1144 1451 neudu
1161 1428 1208 1450 ant
1227 1424 1334 1458 penitus
1351 1424 1525 1457 relinquendo
1544 1429 1616 1450 sunt.
1632 1423 1699 1450 Nam
1715 1429 1742 1449 ιιι
1756 1424 1843 1450 media

1058 1475 1114 1497 tuta
1130 1470 1194 1501 sint,
1211 1470 1386 1504 circnmjocta
1407 1474 1468 1496 sunt
1483 1470 1601 1502 tuenda;
1622 1476 1669 1496 uec
1693 1474 1780 1503 potest
1801 1476 1845 1495 se-

1058 1517 1160 1542 curitas
1178 1515 1251 1542 intus
1274 1523 1344 1548 esse,
1369 1515 1392 1542 si
1418 1515 1552 1542 exteriora
1582 1515 1608 1541 in
1637 1516 1749 1541 tumultu
1777 1515 1843 1542 sint.

1057 1559 1248 1587 Providobitur
1264 1565 1354 1588 autem
1379 1565 1408 1586 ut
1427 1560 1482 1587 hinc
1507 1560 1533 1587 in
1560 1567 1624 1594 pare
1641 1562 1843 1592 contineantur,

225 1618 285 1645 qua!
299 1610 369 1637 Deus
380 1609 553 1644 pradixerat.
570 1607 616 1635 Sic
627 1607 708 1642 justis
723 1606 857 1633 mensuris
868 1605 1006 1639 aequisque
1020 1616 1043 1646 ο
1060 1610 1113 1632 ιιιιιι
1130 1605 1285 1632 colonorum
1309 1605 1352 1632 hic
1378 1605 1533 1632 relictorum
1562 1611 1590 1633 et
1616 1613 1664 1632 sua
1690 1607 1844 1633 curantiqu

225 1654 389 1690 penderibus
400 1654 495 1682 divinae
507 1661 613 1687 semper
623 1653 814 1686 dispensnnlttr
823 1651 1006 1687 operatinnes.

225 1701 342 1736 Tempus
353 1701 437 1736 igitur
453 1707 525 1727 nunc
540 1703 582 1726 est
605 1698 717 1733 jubeute
743 1697 807 1729 Deo,
823 1701 851 1723 ut
867 1698 928 1730 jnon
948 1703 1009 1724 um-

227 1747 347 1775 braculis
375 1746 501 1773 foliorum
528 1748 575 1771 aut
595 1751 731 1770 ramorum
759 1742 869 1776 attegiis
893 1741 1007 1776 protecti

225 1799 349 1827 pompam
365 1790 506 1818 curulibus
530 1787 710 1817 tabernaculis
727 1788 821 1814 festam
836 1787 1009 1815 traducamus

225 1838 263 1873 (id
277 1842 337 1865 erat
351 1835 521 1869 vetcrisjam
547 1835 678 1868 antiquati
706 1833 814 1866 moris).
844 1834 890 1861 sed
917 1833 1006 1860 ornati

223 1881 273 1910 Dei
290 1882 375 1917 gratia
399 1881 567 1909 calebremus
592 1879 711 1907 laetitiam
739 1887 819 1914 quam
849 1879 907 1914 ipse
931 1879 1006 1912 fecit,

226 1931 308 1962 atque
325 1927 393 1954 adeo
404 1926 460 1960 jam
475 1933 546 1953 nunc
560 1925 739 1961 przentittatur
756 1925 782 1952 in
801 1925 894 1952 urbem
908 1924 1007 1959 aliquis

225 1971 377 2006 principum
405 1975 520 1998 metator
542 1970 683 1997 dontorum
707 1969 852 2001 avitsrum,
883 1970 908 1996 in
939 1977 1007 2005 quas

224 2024 320 2044 sumus
349 2016 500 2050 migratmi.
529 2015 562 2043 Et
586 2015 719 2050 siquidem
752 2015 811 2042 illas
837 2015 909 2049 ipsas
938 2022 1006 2049 quas

224 2065 317 2095 patres
334 2061 505 2089 incoluerunt
519 2060 689 2088 hmrediturio
705 2060 802 2093 cuique
824 2061 885 2094 jure
902 2061 1006 2088 debitas

224 2107 336 2134 idoneus
353 2107 496 2140 repererit,
523 2107 591 2133 bene
610 2106 740 2133 habebit:
765 2107 807 2134 sin
832 2114 907 2138 vero.
925 2115 1008 2141 quas-

224 2160 330 2187 cunque
353 2158 430 2187 aptas
447 2152 575 2185 inveniet,
591 2158 669 2187 paret
694 2161 743 2187 pro
768 2157 900 2188 tempore.
926 2153 1007 2181 Decet

223 2199 295 2225 enim
312 2205 360 2225 nos
375 2203 429 2225 tam
448 2198 578 2233 singulari
600 2198 647 2226 Dei
666 2198 798 2226 beneﬂcio
811 2198 921 2227 allectos
938 2199 1007 2234 legi-

226 2245 308 2271 timas
330 2244 354 2271 ei
373 2244 398 2271 in
419 2243 536 2279 ipsailla
552 2251 632 2279 quam
657 2244 846 2272 liberalissime
871 2245 1007 2272 concessit

1061 1651 1112 1677 lida
1133 1651 1266 1683 custodia,
1284 1656 1338 1677 tum
1356 1651 1499 1685 adjuvuute
1512 1657 1592 1686 atque
1612 1651 1766 1686 inrigilante
1781 1659 1846 1686 pro-

1060 1696 1178 1724 videntia
1198 1698 1403 1731 magistratuum
1422 1704 1454 1723 cx
1477 1697 1544 1723 urbe
1564 1697 1768 1724 mittendorum.
1792 1697 1845 1724 Sed

1061 1742 1118 1770 haec
1139 1749 1188 1769 suo
1202 1747 1321 1776 tempore
1343 1742 1482 1769 edit-untur
1511 1747 1689 1778 egeriturque,
1717 1743 1772 1770 Deo
1798 1751 1846 1776 pro

1060 1796 1106 1816 sua
1127 1789 1313 1816 misericordia
1336 1789 1413 1816 nobis
1428 1790 1579 1816 adfuturo:
1602 1797 1684 1821 nunc,
1707 1797 1767 1823 age,
1791 1790 1847 1817 illis

1059 1833 1158 1870 quibus
1173 1835 1206 1862 ad
1224 1839 1326 1862 tantum
1346 1835 1421 1862 nobis
1437 1835 1605 1870 largiendum
1625 1835 1723 1862 bonum
1752 1835 1845 1863 di\ina

1059 1880 1238 1908 beneﬁcentia
1261 1880 1393 1909 ministris
1411 1889 1456 1909 usa
1479 1887 1529 1913 est,
1547 1887 1637 1916 grates
1655 1881 1846 1916 rependamus,

1059 1933 1128 1960 quas
1142 1933 1190 1960 par
1201 1929 1228 1952 et
1241 1932 1346 1959 aequum
1361 1930 1402 1952 est
1416 1925 1448 1953 iis
1471 1925 1565 1953 referri
1582 1925 1679 1959 quibus
1695 1925 1847 1952 Secundum

1058 1971 1143 1999 Deum
1157 1971 1269 1998 debetur
1285 1977 1299 1997 a
1313 1970 1394 1997 nobis
1408 1971 1564 2006 plurimum.
1584 1980 1593 1997 ι
1615 1969 1671 1998 Sub
1698 1971 1749 1998 hoc
1777 1978 1844 1997 ron-

1058 2015 1148 2044 l'estim
1179 2016 1306 2051 praecepit
1332 2016 1470 2043 conscribi
1512 2017 1667 2043 authentico
1698 2016 1846 2050 diplomate

1059 2062 1168 2089 decreta
1186 2061 1334 2089 victoribus
1357 2062 1466 2095 praemia
1485 2070 1492 2088 :
1510 2062 1593 2095 elegit
1614 2063 1695 2089 etiam
1717 2070 1732 2089 e
1750 2070 1845 2095 proce-

1059 2107 1132 2135 ribus
1147 2115 1215 2142 quos
1234 2108 1266 2135 ad
1293 2108 1386 2135 urbem
1410 2108 1506 2135 missos
1535 2108 1570 2135 ibi
1596 2115 1712 2142 pra’esse
1736 2108 1846 2142 iuberet

1057 2153 1241 2180 distributioni
1256 2153 1382 2180 domuum
1397 2158 1422 2182 et
1435 2159 1580 2185 terrarum,
1594 2159 1620 2180 et
1633 2154 1654 2180 si
1668 2161 1719 2188 qua
1736 2155 1844 2181 residua

1057 2205 1073 2226 e
1093 2199 1171 2226 bonis
1182 2198 1286 2226 caeteris
1301 2203 1391 2231 erant,
1407 2199 1566 2233 optimatum
1592 2199 1689 2232 cuique
1713 2198 1846 2227 faciendae

1058 2251 1148 2271 rerum
1174 2245 1206 2271 ad
1232 2245 1305 2279 ipsos
1330 2253 1362 2272 ex
1390 2251 1502 2279 paturna
1537 2246 1642 2272 aviture
1673 2247 1847 2273 suctessione

224 2291 350 2320 Ecclesia:
364 2295 391 2319 et
403 2292 506 2327 imperii
521 2291 662 2326 metropoli
677 2292 779 2327 gratias
793 2299 884 2327 agere,
899 2299 931 2319 ac
947 2298 1006 2320 cum
1026 2287 1047 2316 ι)
1061 2291 1231 2319 Ιισιιειιίιτιι-ἰιι
1244 2291 1303 2326 jure
1330 2291 1531 2326 pertinentium.
1555 2291 1733 2326 Optimatilms
1754 2300 1845 2320 autum

224 2345 267 2369 eo,
286 2342 314 2363 ut
331 2337 420 2364 divina
436 2337 477 2364 lex
495 2336 585 2370 jubet,
602 2337 630 2364 in
647 2344 695 2364 sua
715 2344 849 2371 quemque
871 2336 1005 2371 postlimi-

224 2383 270 2410 nio
299 2382 438 2410 reducere.
464 2381 522 2409 Non
551 2382 622 2410 enim
651 2381 729 2409 nobis
753 2382 829 2414 solis,
857 2381 904 2409 sed
930 2381 1007 2409 vobis

224 2429 303 2456 etiam
332 2432 360 2455 et
383 2432 502 2456 vestrum
520 2427 624 2454 viritim
644 2427 759 2463 singulis
785 2426 932 2461 gratiﬁcari
955 2427 1006 2455 hoc

224 2475 293 2502 miro
311 2479 408 2502 eventu
437 2473 521 2501 Deutn
543 2473 661 2502 voluisse
684 2474 831 2509 putandum
857 2477 910 2501 est.
934 2473 1004 2507 Quin

224 2521 294 2559 sicut
309 2519 491 2548 communiter
507 2519 539 2547 ad
554 2526 649 2547 omnes
665 2519 827 2555 imperantes
846 2519 924 2553 juxta
940 2519 1005 2546 sub-

223 2565 349 2600 ditosque
363 2565 493 2601 pertinuit
511 2563 681 2599 expulsionis
704 2571 719 2591 e
743 2564 829 2598 patria
854 2564 1004 2596 calamitas,

223 2616 305 2646 atque
331 2611 357 2638 in
390 2611 474 2638 calice
501 2611 548 2638 iraa
575 2609 622 2638 Dei
650 2617 697 2645 per
725 2616 820 2636 omnes
845 2608 1005 2636 circumlato

224 2661 329 2691 partem
357 2657 472 2692 quisque
487 2664 563 2684 suam
584 2663 684 2683 amarat
709 2656 827 2690 potionis
850 2655 950 2687 hausit,
968 2655 1003 2682 ita

223 2702 350 2730 convenit
364 2706 395 2730 ut
408 2709 546 2730 conversas
559 2701 585 2729 in
602 2702 698 2729 melius
712 2702 795 2729 sortis
815 2705 842 2728 et
855 2701 1005 2729 exuberan-

222 2750 258 2776 Iis
276 2748 338 2776 inde
352 2748 451 2776 laetitia:
474 2755 554 2775 sensu
579 2754 674 2775 omnes
708 2747 914 2781 perfundantur.
941 2745 1006 2773 Post

222 2794 324 2828 primus
341 2794 386 2829 qui
410 2793 474 2821 llluc
500 2793 717 2826 remigravcriut,
737 2797 884 2827 sequentur
909 2793 1003 2819 eodem

221 2847 272 2868 suo
291 2839 389 2867 deinde
402 2839 498 2867 ordine
514 2839 620 2873 reliqui.
639 2838 671 2865 Et
693 2839 732 2866 sic
750 2839 847 2866 iterum
873 2838 1003 2866 exhausta

221 2884 406 2919 replebuutur,
423 2891 592 2919 unoquoque,
610 2884 688 2919 157
711 2889 740 2910 ιιι
763 2892 811 2919 par
843 2889 894 2915 est.
919 2891 1005 2917 pra-o-

221 2935 328 2964 ptaturo
355 2930 382 2958 in
408 2929 475 2958 urbe
504 2937 586 2963 quam
611 2931 638 2958 in
662 2930 816 2964 municipiis
843 2930 951 2964 degere.
977 2934 1005 2957 et

1058 2344 1128 2364 nunc
1153 2337 1259 2371 quidem
1287 2337 1351 2363 solis
1380 2337 1406 2363 in
1429 2344 1462 2363 eo
1487 2344 1587 2371 genere
1611 2337 1727 2371 providit
1750 2340 1846 2373 :plu-bi

1058 2380 1161 2416 pariter
1185 2381 1326 2408 consulere
1350 2381 1475 2413 distulit,
1503 2382 1529 2408 in
1562 2382 1651 2408 animo
1685 2382 1790 2409 habens
1820 2384 1846 2409 id

1057 2432 1167 2460 prorsus
1196 2426 1331 2458 omittere,
1350 2425 1423 2452 nullo
1441 2432 1470 2452 se
1502 2425 1534 2452 ad
1558 2425 1583 2452 id
1604 2426 1715 2460 astringi
1733 2426 1848 2459 iustitiae

1056 2471 1144 2500 olIicio
1155 2471 1325 2504 existimans,
1340 2472 1410 2507 quod
1423 2472 1516 2499 urbem
1533 2472 1555 2498 vi
1571 2476 1598 2498 et
1611 2472 1694 2498 armis
1710 2477 1847 2506 rect-ptui:

1056 2526 1087 2547 ex
1104 2519 1190 2551 hoste,
1204 2518 1265 2552 jure
1281 2517 1340 2544 belli
1366 2522 1487 2552 spectare
1506 2517 1532 2545 in
1544 2517 1658 2546 solidum
1687 2518 1720 2544 ad
1744 2519 1848 2552 princi-

1056 2572 1117 2600 pem
1144 2565 1212 2591 etin
1240 2564 1357 2599 pru-dam
1384 2571 1415 2591 ac
1453 2565 1568 2591 l‘rnctum
1599 2564 1717 2590 victoriae
1747 2566 1847 2592 cedere

1056 2617 1162 2644 atquum
1176 2617 1236 2638 esse
1253 2610 1378 2642 duceret;
1405 2617 1460 2644 quo
1489 2610 1597 2638 nomine
1610 2615 1742 2645 qnzestum
1772 2610 1844 2637 haud

1056 2657 1190 2683 modicum
1213 2656 1285 2684 fecit.
1311 2658 1475 2691 Supereraut
1503 2658 1576 2684 enim
1603 2658 1691 2685 adhuc
1723 2665 1738 2685 e
1764 2658 1846 2684 bonis

1055 2702 1222 2738 privatorum
1241 2707 1269 2730 et
1285 2703 1422 2730 hominum
1439 2710 1455 2730 e
1469 2703 1548 2738 vulgo
1562 2711 1576 2730 a
1593 2703 1709 2730 dominis
1722 2704 1843 2736 antiquis

1055 2748 1230 2783 agnoscibilia
1243 2755 1295 2775 non
1312 2756 1408 2783 pauca,
1427 2753 1455 2775 ut
1470 2750 1495 2775 in
1510 2749 1619 2776 civitate
1643 2753 1705 2776 octo
1721 2753 1747 2774 et
1759 2749 1842 2783 quin.

1055 2794 1182 2827 quagluta
1197 2792 1283 2819 solum
1300 2794 1379 2821 annis
1396 2795 1429 2820 ab
1454 2794 1576 2821 hostibus
1600 2794 1720 2821 detenta.
1745 2793 1773 2820 In
1789 2802 1842 2827 qua

1056 2838 1132 2873 plura
1158 2838 1240 2864 etiam
1268 2843 1349 2872 atque
1379 2839 1446 2866 adeo
1472 2843 1567 2866 cuncta
1596 2838 1725 2865 servanda
1756 2842 1784 2864 ct
1815 2838 1842 2865 in

1055 2883 1144 2918 primo
1170 2887 1239 2910 statu
1264 2883 1347 2911 fuisse
1374 2884 1550 2918 relinquenda
1582 2883 1726 2911 verisimile
1743 2887 1797 2914 est,
1819 2883 1842 2910 si

1056 2929 1191 2964 principes
1216 2930 1343 2965 quixpust
1366 2930 1460 2957 urbem
1488 2938 1502 2956 ει
1523 2930 1625 2957 Latinis
1651 2935 1758 2964 captam
1783 2928 1843 2957 Ro-
