1936 3069
93 149 150 182 605

569 156 618 187 DE
638 157 834 188 MICIIAELE
855 158 1085 190 PALEOLOGO
1103 162 1176 191 LlB.
1198 162 1238 193 Π.

1621 166 1623 170 ‘
1666 160 1720 190 606

93 214 153 240 μην
178 207 311 242 προϐαίη,
340 207 410 236 ὥστε
438 211 486 237 καὶ
501 211 514 238 ὅ
527 220 554 239 τι
576 213 679 248 αίροῖτο
694 213 825 249 πράττειν
838 213 885 240 καὶ
898 212 923 242 Α
935 214 1058 247 δυσνοίας
1078 216 1145 251 πρὸς
1160 217 1257 243 ἑαυτὸν
1273 216 1357 251 ἐπῆγε
1384 216 1428 242 καλ
1453 215 1630 245 ὑπεδλέπετο,
1661 215 1717 241 ἐπι

95 253 183 287 μῆδὲν
195 254 309 288 μηδέσιν
328 256 519 292 ὑπολελεῖφθαι
537 260 576 291 εἰς
602 261 753 288 σκανδάλου
779 261 885 295 πρόφα-

94 305 151 324 σιν.
166 298 208 333 ιΡ.
223 299 286 336 107]
314 301 453 328 Ἐδεδίειδ¹
467 303 544 335 αὖθις
571 305 607 340 μή
626 314 684 336 πως
710 306 886 340 ἐκκρουσθεὶς

94 343 209 380 ἁμάρτῃ
225 345 279 372 τῶν
294 347 364 373 κατὰ
387 347 510 384 γνώμην,
537 349 583 376 καί
606 351 630 377 οἱ
658 351 782 377 ἐντεῦθεν
805 350 886 386 βυθὸς

94 389 269 422 πραγμάτων
281 391 459 427 ἀναῤῥειγείη.
472 394 508 420 Τὸ
521 394 544 420 δ’
560 395 741 432 ὑπερφρονεῖν
753 397 799 422 καὶ
813 396 886 422 ἀντι-

93 433 228 469 καθιστᾷν
254 435 348 470 ἕτερον
378 438 535 472 προεαίνειν
566 440 615 474 μὲν
649 440 794 472 ἀκωλύτως
828 441 886 472 ταῖς

96 479 231 512 πράξεσιν
244 481 294 506 οὐκ
307 482 448 516 ἀμήχανον
464 485 610 517 ἐλογίζετο,
623 486 745 520 ταραχὴν
767 487 789 512 δ’
800 485 886 517 ἄλλως

95 520 180 556 εἶναι,
199 524 235 551 δι’
246 524 280 560 ἢν
293 526 352 552 οὐδὲ
372 528 405 554 τὰ
431 529 565 563 γενόμενα
590 531 773 565 προσήσεσθαι
798 539 885 562 τινας,

94 569 171 596 δεινὰ
186 573 232 598 καὶ
245 572 332 604 ἄλλως
348 574 424 606 ὄντα,
437 575 491 601 τῶν
522 577 637 602 εἰκότων
663 576 766 612 ἔκρινε.
794 577 884 608 Μέσος

93 613 144 641 οὖν
166 617 406 653 ὲναπειλημμένος
429 621 592 656 ἀμφοτέρων
617 623 672 649 τῶν
693 623 830 657 λογισμῶν
857 623 886 649 ἐν

93 661 200 696 ἀπορίᾳ
211 663 388 699 καθειστήκει
400 666 446 692 τοῦ
460 667 513 693 τίσι
528 667 661 695 τίθεσθαι.
682 669 777 702 Ὅμως
799 670 887 703 ἐκχω-

94 706 152 740 ρῶν
180 707 219 742 τῷ
244 709 333 743 καιρῷ
363 711 483 745 προῖόντι
510 711 547 744 ὥς
564 714 689 748 κρεῖττόν
701 722 727 740 τι
748 714 885 746 ὲπάξοντι,

92 753 176 786 ἀφεδς
187 755 258 781 κατὰ
274 756 344 790 σφᾶς
354 757 416 788 τοῦς
433 757 564 793 ἱεράρχας
582 759 647 794 περὶ
664 759 760 786 τούτου
774 759 886 794 βουλεύ-

93 799 174 824 εσθαι
193 799 264 826 ὥστε
280 802 327 828 καὶ
343 802 485 836 ὁμολογεῖν
511 804 637 839 ἀλλήλοις
656 805 694 839 μὴ
719 805 886 839 διαφωνοῦν-

92 851 156 876 tu,
169 845 251 876 αὐτὸς
264 846 310 872 ἐπὶ
327 847 376 879 τὰς
389 847 443 874 τῶν
454 849 551 876 κοινῶν
575 850 706 885 ἐτρέπετο
724 850 883 885 διοικήσεις,

93 890 124 916 οὖ
140 890 193 925 μὴν
210 891 238 917 δὲ
251 891 322 918 ὥστε
337 894 383 919 καὶ
399 894 585 929 ἀφροντίστως
600 896 713 923 ἑκείνων
729 896 810 930 ἕξειν.

95 946 144 975 λε’.
160 949 258 981 Ὅπως
278 951 295 977 ό
307 950 459 982 βασιλεὺς
472 952 506 979 ἐκ
522 952 624 980 ποδῶν
637 953 691 980 τὸν
703 954 776 981 νέον
787 955 886 982 Ἰωάν-

141 992 201 1017 νην
216 984 321 1012 ἐποίει.
339 985 394 1012 Καὶ
407 986 489 1019 ὅπως
505 987 708 1018 κατοικίζοντο
722 989 838 1018 Ἰταλοί.

132 1029 170 1055 Τὸ
183 1030 237 1064 γὰρ
249 1030 320 1057 κατὰ
329 1031 391 1057 νοῦν
403 1031 669 1068 βυσσοδομευὸμενον
677 1034 726 1070 οὐχ
739 1035 886 1070 ἡσυχάζειν

95 1074 183 1101 ἐποίει
198 1076 262 1106 τοὺς
278 1076 436 1110 λογισμούς.
455 1077 514 1104 Οὐκ
529 1079 636 1114 ἀφανὴς
666 1079 720 1114 γὰρ
739 1078 772 1115 ἦν
791 1080 820 1113 ἐξ
848 1078 885 1108 ὥν

94 1121 152 1152 τοῖς
170 1121 378 1156 ὕπονοονμένοις
389 1123 427 1158 τῷ
449 1123 558 1160 Ἰωάννῃ
569 1125 747 1160 προσκεῖσθαι
760 1127 887 1162 ἔγκλημα

98 1211 292 1245 patriarcbalis
307 1214 477 1242 auctoritatis
492 1220 559 1242 nutu
581 1221 607 1244 et
629 1216 825 1253 sud‘ragatione
842 1226 886 1246 ro-

96 1258 230 1286 boranda.
259 1259 306 1287 Sic
320 1261 391 1287 enim
410 1262 520 1296 etquod
541 1263 698 1291 decreverat
725 1264 883 1299 perliceret,

95 1309 122 1331 et
137 1305 220 1332 simul
235 1313 342 1332 omnem
359 1307 484 1335 omnibus
497 1307 654 1335 offensionis
668 1317 701 1337 ac
715 1311 885 1344 querelarum

94 1350 267 1377 oet-asionem
284 1351 414 1380 demeret.
427 1352 480 1380 Sed
498 1361 591 1382 rursus
617 1356 759 1382 verebatur
783 1363 816 1382 ne
839 1364 887 1390 spe

95 1395 145 1422 ista
165 1397 297 1424 exeidens
309 1399 425 1425 securim
442 1399 498 1426 suis
510 1401 590 1428 rebus
603 1409 725 1436 magnam
740 1401 885 1436 inﬂigerel,

95 1449 127 1468 ac
153 1442 233 1476 quasi
264 1443 382 1477 quadam
400 1450 470 1471 mnta
500 1445 642 1473 Camarina
669 1454 799 1474 novarum
826 1448 886 1475 inde

94 1491 286 1522 tempestatum
316 1490 557 1524 periculosissimas
581 1493 712 1521 excitaret
744 1495 852 1523 nubes:
870 1503 885 1523 e

92 1534 234 1561 coulrario
249 1535 270 1561 si
295 1536 449 1569 persisterct
466 1537 491 1564 in
513 1537 629 1564 Arsenio
645 1539 737 1572 procul
759 1540 883 1568 ltabt'ndo
897 1548 918 1576 ο

93 1578 234 1613 aliumque
263 1580 442 1614 patriam-bam
470 1582 530 1616 eligi
553 1589 683 1616 curaret,
719 1585 882 1612 occurrebat

95 1624 151 1651 ﬁeri
165 1625 277 1659 quidem
299 1630 361 1653 tunc
376 1634 457 1661 posse
469 1634 500 1654 ac
514 1627 592 1655 facile
606 1629 708 1662 sperari
725 1634 751 1656 ut
766 1630 880 1657 consilia

95 1669 127 1697 de
142 1670 325 1696 amovendos
352 1679 397 1705 spe
421 1671 528 1706 imperii
557 1673 657 1707 pupillo
682 1675 783 1702 exitum
802 1675 885 1703 babe-

97 1724 155 1745 rent
178 1727 185 1745 :
205 1722 332 1745 cauerunt
354 1719 433 1755 166
447 1720 566 1747 orituras
580 1721 641 1748 inde
657 1722 747 1750 turbas
763 1724 887 1757 provide-

96 1763 152 1794 bat,
173 1763 237 1797 cupi
251 1764 281 1790 'is
297 1771 384 1790 rerum
411 1772 542 1791 ltovnrnnt
568 1766 723 1800 speciosum
743 1768 885 1795 adversum

94 1816 154 1835 sese
169 1808 332 1842 coniurandi
358 1815 518 1843 praetextum
543 1818 594 1838 non
619 1813 800 1847 neglecturis;
820 1821 888 1847 qun-

96 1861 152 1880 tum
169 1854 263 1888 utique
280 1854 402 1882 seditiosi
427 1861 541 1883 conatus
557 1857 678 1884 favorem
698 1858 768 1892 apud
792 1859 887 1893 vulgus

94 1899 163 1926 haud
179 1899 291 1926 dubium
306 1899 365 1926 inde
381 1901 528 1932 traherent,
550 1901 622 1936 quod
635 1902 748 1936 justitite
764 1911 795 1930 ac
822 1904 886 1931 reli-

96 1945 182 1978 gionis
212 1945 238 1972 in
270 1945 432 1972 vindicanda
461 1947 532 1974 sacri
564 1947 660 1982 capitis
689 1948 800 1982 injuria,
830 1949 886 1983 jam

96 1991 242 2025 plurimum
265 1990 408 2024 invidiosa,
424 1993 516 2020 colore
541 1993 733 2021 honestissimo
748 2002 887 2022 rommrn-

97 2037 238 2063 darentur.
257 2036 306 2064 llis
331 2044 479 2071 suspensus
502 2038 575 2065 curis
590 2044 672 2074 alque
700 2041 832 2068 utramvis
859 2041 885 2067 itt

97 2087 201 2115 partem
234 2082 378 2116 ambiguus
405 2083 539 2117 optimum
567 2084 701 2119 judicavit
730 2086 886 2119 permittere

98 2127 236 2161 negotium
258 2126 336 2158 quasi
353 2128 436 2155 sortis
457 2129 580 2162 arbitrio,
597 2130 670 2164 ipsos
683 2131 727 2164 qui
746 2138 884 2158 convene-

98 2177 154 2196 rant
170 2172 317 2206 episcopos
342 2172 456 2199 sinendo
482 2173 568 2200 libere
580 2174 728 2202 decernere
745 2176 816 2209 qttod
832 2175 887 2202 vel-

937 261 960 288 δ¹
976 259 1007 288 οὗ
1019 262 1066 289 καὶ
1082 262 1172 294 αἰτίας
1185 263 1367 296 πλαττόμενος
1388 262 1501 296 ἀπηνῶς
1517 261 1639 293 ἐκόλαζε,
1653 260 1721 295 μηδὲ

923 308 1035 342 ιμέχρις
1058 308 1190 342 ὀνόματος
1209 309 1335 335 κοινωνὸν
1351 308 1396 334 ἐπὶ
1417 309 1448 343 τῇ
1483 307 1606 342 βασιλείᾳ
1637 306 1722 332 Θέλων

937 352 1009 388 ἔχειν
1024 353 1069 379 τὸν
1086 353 1213 388 Ἰωάννην
1237 354 1283 379 καὶ
1301 353 1331 379 τὸ
1346 353 1468 379 ἐκποδὼν
1483 352 1537 378 τῶν
1552 352 1619 378 ὅλων
1636 358 1722 376 κατα-

938 398 1036 433 στῆσαι
1075 398 1120 425 διὰ
1138 398 1265 425 πλείστου
1295 398 1466 435 ποιούμενος.
1484 396 1538 424 Ἦν
1563 397 1591 424 δὲ
1608 397 1638 423 τὸ
1671 396 1720 430 μὲν

937 443 1059 477 ὲρεθίζον
1077 444 1117 474 εἰς
1130 442 1216 470 ταῦτα
1228 442 1282 471 τῶν
1298 444 1347 477 μὲν
1361 444 1512 479 ἀνθρώπων
1528 445 1551 470 οἱ
1579 443 1643 478 περὶ
1671 443 1720 477 τὴν

937 489 1054 523 ἀδελφὴν
1065 489 1209 522 Εὑλογίαν,
1227 490 1280 516 τῶν
1292 490 1321 517 δὲ
1337 491 1507 525 πραγμάτων
1531 490 1561 515 τὸ
1590 490 1636 516 τον
1664 489 1720 516 υἱὸν

944 533 1111 567 Ἀνδρόνικον
1124 536 1156 569 τῇ
1171 534 1264 570 ἡλικίᾳ
1276 536 1453 571 προκόπτειν,
1469 536 1498 562 ὃν
1515 536 1551 570 μὴ
1563 536 1631 562 κκτὰ
1643 536 1720 570 βασι-

937 579 1000 611 λέας
1011 580 1120 613 ἀνάγειν
1134 580 1219 607 δεινὸν
1235 582 1351 608 ἐποιεῖτο
1369 581 1412 608 καί
1428 583 1452 608 οἱ
1466 582 1495 608 οὐ
1527 583 1642 617 φορητὸν
1660 583 1718 607 ἑνο-

939 624 1040 660 μίζετο,
1063 625 1092 651 τὸ
1110 626 1138 652 δὲ
1161 626 1241 653 πλέον
1263 627 1279 662 ἡ
1314 627 1429 662 μεγίστη
1452 627 1592 661 φλοτιμία
1613 627 1660 654 καὶ
1689 627 1721 653 τὸ

937 670 1050 705 ἄκαιρον
1065 670 1238 705 ὑπερήφανον
1253 671 1344 706 μένειν
1360 671 1407 697 ἐπὶ
1420 671 1540 706 μετρίοις
1551 672 1601 697 οὐκ
1621 673 1722 706 ἀρκου-

938 717 1031 751 μένου.
1057 716 1089 742 'H
1110 717 1138 742 δὲ
1152 716 1198 743 τοῦ
1213 717 1301 743 δοκεῖν
1315 717 1364 743 οὑκ
1386 717 1536 751 ἀλογίστως
1555 717 1640 744 ταῦτα
1660 717 1723 750 βού-

936 761 1028 788 λεσοαι
1047 761 1184 796 πρόφασις
1211 762 1227 796 ἡ
1241 762 1291 797 τῆς
1307 761 1410 794 πόλεως
1426 762 1534 793 ἅλωσις,
1545 763 1588 798 ιΡ.
1606 762 1665 798 1081
1681 763 1721 793 είς

937 808 1031 843 θρόνον
1049 809 1189 844 βασιλείας
1213 810 1392 845 λογιζομένης
1418 810 1542 845 αὐτάρκη
1564 810 1603 844 τῷ
1635 818 1720 836 nata.-

937 855 1027 889 σχόντι
1042 863 1050 871 ⁸
1068 855 1149 883 αὑτὸν
1173 856 1196 882 δ’
1222 853 1291 882 εἶναι
1319 856 1365 882 καὶ
1395 857 1474 890 μόνον
1490 856 1536 882 τὸν
1556 857 1595 887 είς
1621 855 1722 889 ταύτην

937 901 1068 936 κληθέντα
1105 901 1262 937 προτείνων,
1281 902 1364 928 αὐτὸν
1385 902 1433 928 καὶ
1468 901 1546 936 μόνον
1570 901 1723 936 βασιλεύειν

936 945 1132 980 συνελογίζετο.
1155 947 1216 974 Ἔτι
1232 947 1254 974 δ’
1264 948 1338 982 ὅμως
1355 946 1470 973 ὓπουλον
1486 944 1520 981 ἦν
1537 946 1567 972 τὸ
1576 946 1661 972 sum
1676 947 1724 973 καὶ

934 993 990 1023 τοῖς
1005 991 1113 1022 πολλοῖς
1131 991 1181 1018 οὐκ
1204 992 1383 1023 εὐσύνοπτον,
1400 991 1424 1017 εί
1451 992 1497 1018 καί
1514 1000 1571 1022 πως
1587 991 1611 1017 οἱ
1638 991 1721 1026 βιού-

934 1046 1013 1073 τερον
1028 1037 1219 1068 ἐπιϐάλλοντες
1234 1037 1265 1063 ἔκ
1278 1045 1307 1063 τε
1325 1036 1428 1063 πολλῶν
1442 1037 1528 1063 ἄλλων
1548 1036 1595 1062 καὶ
1619 1035 1665 1062 τοῦ
1685 1035 1722 1070 μὴ

936 1082 1116 1109 συνεισελθεῖν
1131 1083 1181 1117 τὴν
1197 1082 1274 1109 πόλιν
1285 1082 1383 1116 ἐκείνῳ
1396 1082 1441 1108 τὶν
1462 1082 1588 1115 Ἰωάννην
1607 1081 1637 1107 οὐ
1660 1081 1722 1107 δυσ-

935 1129 1023 1164 χερῶς
1050 1126 1122 1163 εἶχον
1144 1127 1285 1155 ὑπιδέσθαι
1300 1127 1330 1154 τδ
1359 1127 1557 1163 μελετώμενον,
1585 1127 1599 1152 ὃ
1614 1127 1645 1163 δὴ
1662 1135 1724 1162 τρε-

935 1217 1055 1244 sincbat.
1078 1215 1222 1244 Multorum
1241 1216 1267 1244 in
1288 1216 1480 1251 imperatorem
1497 1215 1646 1250 gliscebant
1664 1222 1717 1241 non

935 1263 1063 1290 obscutis
1080 1263 1204 1290 excitata;
1220 1262 1327 1289 indit-iis
1341 1263 1522 1296 suspiciones,
1549 1269 1642 1296 parum
1661 1269 1721 1288 eum

935 1308 1065 1336 benevole
1079 1309 1105 1335 in
1126 1308 1256 1343 pupillum
1272 1307 1405 1335 Joannem
1429 1307 1497 1334 ιιωοί
1512 1313 1593 1341 atque
1610 1308 1678 1334 adeo
1695 1308 1720 1334 in

936 1355 995 1389 ejus
1025 1354 1285 1382 circumventionem
1318 1354 1491 1386 incumbere,
1521 1355 1592 1382 unde
1616 1355 1721 1381 crimen

937 1401 1055 1435 perﬁdim
1072 1401 1097 1427 in
1111 1407 1141 1427 se
1153 1400 1239 1433 ipsum
1251 1399 1391 1426 atlrabens
1404 1399 1520 1433 obliqttis
1532 1399 1724 1433 plerarumque

937 1445 1125 1480 indignitatem
1141 1445 1178 1471 rei
1192 1452 1243 1472 non
1261 1444 1405 1471 ferentium
1421 1443 1507 1471 oculis
1520 1444 1722 1479 designabatnr.

936 1490 1085 1518 Constabat
1112 1497 1174 1517 eum
1215 1490 1284 1517 lictis
1313 1489 1403 1516 causis
1437 1489 1557 1524 graviter
1595 1489 1723 1517 inuitasse

937 1536 1078 1571 quosdam,
1101 1544 1215 1571 quorum
1233 1537 1312 1570 culpa
1331 1543 1382 1562 non
1403 1539 1461 1562 erat
1475 1535 1526 1562 alia
1543 1543 1623 1571 quam
1641 1534 1724 1562 Joan-

939 1590 998 1609 nem
1015 1583 1206 1617 imperatorem
1221 1581 1303 1608 libera
1318 1589 1383 1609 voce
1400 1582 1579 1617 praedicasse;
1593 1588 1674 1615 quem
1690 1588 1722 1607 ne

937 1629 1047 1656 ttomine
1062 1627 1170 1663 quidem
1185 1632 1262 1654 tenus
1271 1627 1321 1654 sibi
1333 1628 1440 1663 adjungi
1448 1627 1578 1662 collegam
1590 1634 1723 1662 supremas

938 1671 1079 1707 potestatis
1107 1672 1179 1698 ferre
1207 1676 1323 1704 poterat.
1354 1671 1409 1699 Nec
1437 1672 1504 1699 satis
1533 1672 1724 1699 dissimulabat

940 1717 1060 1752 redigt-re
1077 1716 1156 1750 plane
1178 1723 1208 1743 se
1231 1724 1343 1750 puertttn
1366 1717 1391 1742 in
1407 1717 1527 1743 ordinettt
1552 1721 1579 1743 et.
1599 1717 1633 1744 ab
1648 1717 1722 1744 omni

937 1762 1059 1790 funditus
1089 1762 1234 1789 excludere
1265 1763 1472 1797 participatione
1506 1762 1612 1797 imperii
1647 1762 1722 1789 omni

937 1809 1026 1837 studio
1042 1815 1152 1843 cupere,
1170 1815 1201 1834 ac
1226 1808 1251 1834 iu
1268 1815 1301 1835 eo
1314 1808 1381 1835 verti
1402 1808 1536 1836 fortunam
1554 1809 1724 1844 salutemque

939 1854 1073 1890 propriam
1090 1854 1201 1881 ducere.
1215 1853 1253 1881 Eo
1269 1853 1343 1880 illum
1361 1854 1510 1882 incitabant
1525 1854 1622 1890 partim
1636 1855 1724 1881 homi-

938 1908 996 1934 nes,
1023 1901 1119 1935 partint
1137 1901 1201 1934 ipsa:
1216 1908 1270 1927 res.
1296 1900 1406 1935 Eulogia
1428 1901 1552 1928 videlicet
1571 1901 1631 1936 ejus
1645 1909 1723 1929 soror

938 1946 1043 1973 ttullutn
1065 1945 1183 1973 iaciebat
1210 1946 1292 1972 liuent
1315 1946 1373 1980 ejus
1398 1946 1551 1980 iniquitatis
1566 1947 1722 1975 snadendtc.

937 1991 1110 2018 Andronicus
1126 1996 1215 2018 autem
1237 1999 1312 2025 puer,
1340 1991 1409 2018 ﬁlius
1427 1992 1601 2026 imperatoris
1624 1992 1723 2019 Palu-o-

937 2036 1003 2071 logi,
1023 2043 1151 2063 crescens
1178 2035 1204 2062 in
1229 2036 1286 2062 dies
1304 2044 1351 2070 spe
1368 2036 1512 2070 indoleqne
1531 2037 1611 2069 bona,
1641 2039 1723 2064 tacito

937 2082 978 2108 sui
997 2084 1107 2115 aspectu
1123 2085 1225 2115 patrem
1241 2082 1349 2108 assidue
1365 2081 1443 2116 167
1461 2081 1627 2114 stinmlabat,
1645 2082 1721 2116 quasi

938 2128 1086 2162 deprecans
1106 2134 1139 2153 ne
1161 2134 1190 2154 se
1210 2127 1344 2161 privatum
1361 2126 1517 2153 adolescere
1541 2128 1721 2161 permitteret.

938 2173 996 2206 Quo
1014 2177 1116 2199 tantum
1131 2173 1361 2206 commovebatur,
1383 2177 1411 2199 ιιι
1426 2172 1517 2200 \‘idere
1531 2173 1721 2200 cbarissintu-n

97 2215 111 2242 Ι.
122 2222 160 2248 ιιι,
180 2223 330 2244 autumans
342 2218 497 2248 allaturum.
516 2223 545 2245 ιιι
561 2219 639 2252 solet,
654 2220 753 2254 aliquid
769 2220 840 2247 lortc
856 2221 882 2247 is
897 2215 923 2245 D
937 2219 1020 2246 lilium
1039 2223 1174 2252 expertem
1189 2219 1289 2245 summi
1307 2219 1420 2246 ltonoris
1442 2226 1497 2245 rem
1523 2218 1604 2253 plane
1624 2219 1721 2245 intole-

97 2271 148 2289 rent
167 2271 223 2290 non
247 2263 448 2291 incommodum
469 2269 575 2299 tempus
596 2266 684 2301 ipsum
700 2274 730 2293 ac
755 2274 882 2299 moram;

99 2316 155 2342 qum
184 2315 213 2336 nt
245 2309 352 2344 longior
379 2311 571 2345 contingeret,
595 2312 732 2339 antistites
759 2312 830 2339 inter
856 2321 886 2340 se

97 2355 258 2382 commissos
276 2356 426 2388 admonuit,
441 2357 536 2384 darent
551 2364 660 2391 operam
678 2363 782 2385 tnature
796 2359 886 2386 consi-

97 2400 225 2427 derandis
239 2401 357 2433 cunctis,
387 2409 438 2429 nec
453 2401 640 2429 deliberationi
663 2403 743 2430 ﬁnem
759 2404 884 2438 impone-

100 2447 359 2479 rentquoadomnes
372 2447 404 2474 ad
414 2456 494 2474 unum
508 2448 534 2474 itt
544 2448 704 2475 concordem
719 2450 881 2476 sententiam

100 2493 285 2520 convenirent.
306 2493 365 2527 lpse
393 2494 447 2520 alio
462 2501 542 2520 curas
558 2495 638 2521 vertit
667 2495 699 2521 ad
726 2495 882 2522 instantiuut

99 2537 370 2570 az!ministratimietn,
393 2540 463 2566 baud
497 2544 585 2566 tamen
611 2540 760 2566 attentione
776 2541 884 2575 penitus

99 2589 191 2609 aversa
206 2583 287 2610 abiis
302 2592 360 2618 (ιιι-ι-
376 2585 402 2611 in
423 2586 526 2619 synodo
548 2593 562 2611 a
583 2584 707 2612 Palribns
728 2591 882 2620 agerentur.

101 2637 166 2661 quos
194 2630 274 2664 quasi
302 2631 409 2657 l'ttttitis
431 2631 582 2662 obtutibus,
609 2630 682 2656 aliud
712 2632 774 2659 licet
799 2641 880 2668 agt-re

102 2677 243 2709 simulans,
261 2678 378 2710 perrexit
395 2679 549 2705 observare.

104 2731 146 2758 55.
167 2731 199 2760 Ut
215 2733 358 2764 imperator
369 2743 478 2764 puerum
494 2735 626 2762 Joannem
651 2736 774 2762 amoveri!
789 2744 798 2767 ;
817 2740 840 2761 et
857 2740 884 2761 nt

225 2767 304 2795 Italis
320 2769 480 2795 domicilium
496 2771 652 2797 attributum
669 2770 761 2804 fuerit.

135 2811 200 2840 Nam
229 2813 301 2849 quod
328 2814 534 2842 macltinabatur
567 2815 675 2848 animo,
708 2815 881 2849 acquiescere

105 2856 189 2892 ἰρ-ιιιιι
213 2859 239 2886 ἱιι
263 2867 290 2887 re
307 2859 354 2887 tali
379 2864 406 2887 et
431 2859 520 2888 nitnite
536 2861 639 2888 "ducite
657 2861 802 2889 indormire
830 2868 881 2887 non

936 2265 1047 2292 randam
1064 2265 1257 2291 arbittaretur.
1283 2263 1555 2292 Veltemcntissimnm
1568 2273 1649 2299 porro
1669 2273 1719 2291 tna-
1757 2295 1766 2303 .

937 2311 1102 2338 cltinationis
1129 2311 1316 2345 iujustissimte
1341 2311 1506 2338 incentivum
1532 2316 1590 2338 erat
1625 2311 1721 2343 ingens

940 2357 1051 2383 ambitio
1077 2361 1105 2384 et
1136 2357 1324 2391 intempestiva
1351 2357 1476 2392 superbia
1506 2356 1641 2383 moderari
1670 2357 1721 2383 sibi

935 2408 1016 2436 atque
1051 2403 1121 2428 intra
1156 2402 1221 2429 lines
1246 2409 1329 2436 aqua:
1353 2401 1548 2429 mediocritatis
1572 2409 1602 2428 se
1631 2407 1721 2429 tenere

934 2447 1129 2482 dedignantis;
1149 2446 1192 2473 cui
1210 2451 1368 2481 prmtextum
1390 2445 1565 2478 coloremque
1580 2445 1720 2478 cupiditati

935 2493 1057 2521 fucandae
1075 2493 1237 2527 suggerebat
1252 2492 1369 2527 aliquem
1383 2491 1553 2525 recttperatio
1568 2491 1652 2522 urbis,
1662 2498 1721 2524 quae

934 2541 1012 2567 sedes
1029 2544 1102 2567 esset
1137 2538 1243 2573 imperii
1264 2538 1410 2572 praecipua,
1437 2537 1513 2571 quasi
1540 2544 1570 2563 ea
1592 2537 1721 2570 capienda

934 2587 1043 2620 proprie
1069 2586 1095 2612 in
1121 2585 1227 2620 imperii
1251 2586 1376 2611 tbrommt
1401 2583 1580 2613 ascendisset.
1597 2590 1627 2609 ac
1644 2589 1671 2609 ιιι
1694 2583 1720 2608 iu

933 2640 992 2659 eam
1022 2632 1120 2664 solus,
1156 2631 1223 2658 Suis‘
1241 2630 1334 2664 utique
1368 2635 1549 2664 expugnatam
1575 2628 1719 2663 auspiciis,

934 2682 1062 2704 evocatus
1078 2683 1160 2708 esset,
1176 2678 1214 2703 sic
1237 2677 1371 2710 imperare
1396 2676 1469 2704 solus
1494 2675 1518 2701 itt
1535 2683 1565 2703 ea
1580 2680 1607 2703 et
1628 2683 1660 2702 ex
1689 2684 1721 2702 ea

935 2725 1055 2750 deberet.
1084 2723 1169 2749 Porro
1189 2723 1214 2748 id
1233 2721 1402 2756 propositunt
1429 2721 1547 2748 habebat.
1575 2721 1601 2748 in
1619 2729 1720 2748 arcano

935 2768 1181 2804 indeprehensibile
1197 2768 1291 2802 primis
1310 2768 1450 2794 obtutibus
1465 2769 1676 2794 occurrentium.
1689 2766 1718 2794 Si

933 2813 979 2848 qui
1009 2818 1096 2840 tatnen
1129 2813 1247 2847 penitius
1273 2811 1492 2845 introspicerent,
1520 2820 1580 2839 cum
1603 2820 1635 2839 ex
1657 2812 1718 2839 aliis

934 2859 1030 2891 signis,
1046 2864 1101 2886 ιυιιι
1122 2867 1153 2886 ex
1169 2866 1202 2886 eo
1221 2857 1291 2890 quod
1309 2865 1400 2885 secum
1422 2856 1554 2885 Joannem
1582 2859 1608 2885 in
1625 2858 1716 2885 ttrbctn
