1936 3069
112 105 160 137 625

583 109 630 138 DE
652 109 846 139 MICTIAELE
871 109 1097 139 PALEOLOGO
1118 111 1190 140 LIB.
1216 111 1272 140 lll.

1681 109 1742 139 626'

111 163 223 193 ἐκεῖνον,
241 162 264 188 εἰ
276 162 339 189 ἄλλο
350 171 376 189 τι
393 163 518 198 πράττοιν
530 163 578 198 τῆς
594 163 641 190 τοῦ
659 163 777 198 Χριστοῦ
798 164 889 198 ὁλομεν
906 162 932 192 Α
944 164 991 192 τοῦ
1008 165 1106 191 πάππα
1119 166 1166 191 καὶ
1176 165 1229 190 τῶν
1241 164 1286 190 τοῦ
1302 163 1464 192 mittat.le
1475 164 1512 194 ὡς
1520 163 1595 189 aii-toi.
1604 164 1681 196 φαῖεν
1690 164 1734 196 ἂν,

110 208 181 238 λείας
193 207 231 239 ὡς
245 207 325 241 μέλος
337 209 454 243 σεσηπὺς
468 209 517 244 ἤδη
533 209 579 236 καὶ
594 209 743 244 Θεραπεὲαν
758 209 795 244 μὴ
811 217 894 244 προσ-

112 254 226 288 ιέμενον,
244 254 305 280 ἐπεὶ
317 254 388 288 ἔγνω
403 255 595 291 προσκρούσας
612 257 626 282 ὁ
637 256 762 291 βασιλεὺς
786 259 894 291 ἰσχυρο-

109 300 178 334 τέρῳ
186 300 240 326 τῶν
255 300 337 326 αὐτοῦ
349 301 490 335 δυνάμεων
506 302 553 328 καὶ
570 301 605 333 ὡς
631 302 699 336 πρδς
716 303 812 336 Κρῆτα
830 311 896 337 κρη-

110 343 174 376 τίζει
190 343 271 377 δῆθεν
280 345 326 370 τὸν
344 345 395 379 ἤδη
413 345 533 380 μαθόντα
555 346 605 377 τὰς
621 346 726 373 ἐκείνου
751 347 893 381 ἐπιχειρή-

111 398 164 421 σεις
184 389 255 424 (οὐδὲ
276 391 332 425 γὰρ
348 391 394 417 ἐπὶ
409 391 506 426 μικρὸν
523 392 576 418 οὐδ’
595 392 702 428 ἐκείνου
724 393 839 428 ἠρεμεῖν
854 393 896 419 εἴα

109 434 168 464 τοὺς
189 434 338 468 λογισμοὺς
361 436 376 470 ή
398 436 445 462 τοῦ
458 436 553 468 παιδὸς
578 437 700 464 Ἰωάννου
715 437 760 464 ἐπὶ
773 436 805 474 τῇ
822 438 898 471 βασι-

110 479 165 514 λείᾳ.
181 480 356 515 παρόρασις),
376 481 505 516 πρύμναν
524 491 552 508 τε
570 482 708 516 κρούεται,
725 483 755 509 τὸ
780 483 827 509 τοῦ
854 483 898 509 λό-

113 535 169 559 γου.
199 527 245 552 καὶ
264 527 301 558 ὡς
329 525 402 561 εἶχεν
420 528 565 561 ἐφοδιάσας
589 529 639 563 τὴν
660 529 803 555 δέσποιναν
834 530 898 555 ’Λν-

110 581 153 598 νιν
169 573 215 598 ἐπὶ
229 573 261 598 τὰ
277 574 364 600 οἰκεῖα.
380 575 498 608 πέμπειν
515 576 643 609 αἱρεῖται,
670 574 712 609 [Ρ.
730 574 792 610 125]
825 575 896 610 πλὴν

110 618 150 644 ὲπ¹
177 618 329 654 ἁνταμοιϐῇ
353 620 398 645 τοῦ
426 621 501 654 παρὰ
521 620 651 656 ,τάδελφῷ
666 621 769 656 ταύτης
798 621 897 655 Μαφρὲ

82 687 86 693 ,
111 664 290 696 κατεχομένου
315 665 453 700 Καίσαρος
469 673 476 680 ”
509 665 569 691 ἐκεῖ
592 666 646 700 γάρ
678 666 702 691 οξ
725 667 738 692 ό
769 666 898 700 πενθερὸς

111 709 213 735 ἐκείνου
226 709 333 744 Μιχαὴλ
347 711 360 736 ὁ
374 710 506 745 δεσπότης
522 711 615 738 τοῦτον
632 713 772 746 κρατήσας
783 712 900 746 ἐξέπεμ-

112 755 170 789 ψεν,
201 756 239 786 ὡς
271 757 442 792 προείρηται.
471 757 533 784 "Ott
551 758 578 784 δὲ
596 758 697 792 σκῆψις
710 756 744 793 ἧν
759 759 856 793 ἐκείνῳ
870 759 901 785 τὸ

112 800 339 835 προϐαλλόμενον,
356 803 402 828 καὶ
419 802 499 836 μόνον
516 802 616 837 ἔρωτος
633 802 767 837 θεραπεία
796 803 843 829 καὶ
869 803 900 828 οὐ

112 846 156 872 τοῦ
181 845 271 873 κοινοῦ
295 848 461 882 προμήθεια,
491 849 505 874 ό
532 847 585 874 τῶν
622 849 796 884 πραγμάτων
821 848 899 880 εἰδὼς

112 892 230 926 ἀκριϐῶς
245 892 294 928 τὴν
307 894 423 928 μελέτην
445 894 641 929 συνελογίζετο.

114 973 147 1005 η’.
163 970 204 998 Τὰ
216 971 293 998 κατὰ
312 970 366 997 τὸν
385 971 520 1008 ᾁὸελφὸν
533 972 646 1006 Ἀννης
665 971 719 1008 τῆς
733 973 901 1008 δεσποίνης

294 1007 401 1040 Μαφρὲ
418 1007 467 1034 καὶ
479 1008 532 1034 τὸν
548 1008 716 1042 Κάρουλον.

147 1075 177 1102 'll
198 1076 252 1111 γὰρ
269 1076 353 1103 ’Δννα
365 1077 528 1113 Φρεδερίχου
546 1079 594 1114 μὲν
604 1076 637 1114 ἦν
653 1079 786 1114 Θυγάτηρ,
803 1080 902 1115 Μαφρὲ

116 1122 137 1148 δ’
147 1122 352 1157 αὐταδέλφη,ὠς
362 1123 377 1148 ό
386 1124 463 1158 λόγος
475 1124 578 1159 φθάσας
591 1125 734 1161 ἐδήλωσεν,
744 1126 903 1152 ἀποστατῶν

119 1215 201 1240 vitate
213 1214 259 1240 tali
275 1221 388 1248 persona
414 1215 493 1248 digna
527 1221 681 1243 monentem
710 1216 902 1250 patriarcham,

117 1261 246 1296 clareque
273 1262 384 1296 insuper
411 1262 558 1289 minantem
578 1269 640 1290 sese
665 1263 752 1296 illum,
776 1263 797 1290 si
824 1270 905 1298 porro

117 1307 236 1341 Cogitata
254 1312 437 1342 promoveret,
461 1314 476 1334 e
489 1307 590 1335 Christi
604 1315 717 1343 corpore
732 1309 803 1335 velut
819 1315 905 1336 ntem-

117 1354 196 1380 brum
214 1353 351 1388 putridum
380 1358 407 1380 et
422 1353 590 1380 curationem
610 1362 740 1389 respuens
766 1354 904 1382 abscissu-

115 1408 187 1432 rum,
206 1399 339 1426 reveritus
354 1399 511 1433 imperator,
524 1404 570 1426 aut
594 1400 683 1434 potius
706 1399 836 1428 confusus
864 1401 907 1427 de-

118 1447 254 1481 prehensa
270 1445 356 1478 turpis
383 1445 438 1472 voti
455 1445 630 1478 conscientia,
654 1449 834 1480 eventumque
860 1447 906 1473 de-

114 1500 233 1527 sperans
250 1492 332 1526 ccepti
363 1490 493 1519 facultate
518 1491 598 1526 (quod
625 1499 687 1519 sero
712 1492 859 1527 sentiebat)
879 1497 905 1519 et

115 1538 223 1565 viribus
244 1537 404 1571 superioris,
421 1536 532 1571 insuper
548 1540 672 1565 metuens
694 1545 727 1564 ne
740 1541 845 1565 veteres
861 1545 907 1572 pa-

114 1584 246 1611 triarchae
261 1583 287 1610 in
305 1589 334 1610 se
346 1582 508 1610 olfensiones
532 1583 566 1610 ob
597 1587 716 1611 amotum
742 1584 776 1611 ab
801 1584 907 1619 imperii

114 1630 232 1664 collegio
250 1628 383 1656 Joannem
401 1628 554 1662 refricaret,
571 1636 603 1657 ac
615 1629 689 1657 clare
706 1631 812 1657 tandem
829 1631 910 1659 intel-

114 1676 204 1711 ligens
219 1675 323 1702 frustra
337 1682 366 1702 se
383 1675 474 1703 fucum
491 1675 693 1709 perspicacibus
722 1676 801 1712 135
819 1677 909 1705 facere

116 1727 250 1749 conatum
267 1726 427 1756 erumpente
443 1722 470 1748 in
488 1722 612 1749 notitiam
630 1722 700 1749 male
713 1727 783 1750 tecta
802 1723 909 1757 fraude,

114 1768 276 1803 remigium,
293 1773 323 1795 ut
340 1768 379 1795 sic
392 1768 499 1802 loquar,
521 1768 649 1800 inhibuit,
666 1774 692 1796 et
709 1769 784 1804 quasi
799 1777 814 1796 a
830 1777 910 1797 cursu

117 1819 222 1842 temere
240 1815 308 1840 inito
334 1821 363 1841 se
385 1813 536 1848 reprimens
552 1813 684 1847 incubuit,
702 1814 772 1849 quod
800 1815 910 1848 dicitur,

117 1860 144 1887 in
160 1867 286 1894 prmam,
302 1863 374 1887 retro
387 1861 484 1887 cessim
501 1859 621 1892 nitendo,
639 1867 709 1887 novo
737 1860 862 1888 videlicet
877 1868 910 1888 ex

116 1915 147 1934 re
174 1913 259 1942 capto
282 1906 406 1938 consilio,
431 1906 584 1934 dimittendi
607 1907 639 1933 ad
668 1915 715 1934 sua
741 1908 851 1942 copioso
869 1908 911 1934 in-

115 1959 253 1981 structam
270 1954 369 1980 viaticu
382 1954 518 1980 dominam
537 1954 653 1985 Annam,
672 1959 798 1981 eazterum
817 1960 910 1989 postu-

113 2001 176 2028 lans
188 2009 253 2028 cum
269 2007 300 2026 ea
318 2000 468 2033 permutari
491 2003 519 2026 et.
542 1999 661 2027 vicissim
678 1999 793 2027 liberum
807 2001 907 2028 dimitti

115 2048 257 2076 Caesarem
273 2047 344 2082 apud
353 2046 524 2073 Manfredum
536 2046 619 2073 Anna:
633 2046 744 2073 fratrem
759 2047 909 2076 detentum:

115 2103 148 2122 eo
162 2095 267 2129 quippe
281 2094 359 2121 illum
378 2101 392 2120 a
405 2100 434 2120 se
449 2093 519 2120 bello
532 2098 639 2127 captum
668 2093 726 2129 ejus
748 2101 827 2121 socer
850 2094 911 2122 des-

115 2148 181 2176 pota
199 2139 319 2167 Michael
340 2139 491 2167 ducendum
520 2144 676 2172 curaverat,
694 2144 724 2166 ut
740 2139 842 2167 dictum
859 2145 910 2167 est.

114 2187 203 2214 l‘orro
219 2187 300 2214 istam
329 2186 361 2212 ab
382 2185 545 2220 imperatore
562 2189 725 2212 ostentatam
754 2185 914 2213 sollicitudi-

115 2240 177 2259 nem
188 2229 364 2266 prmcavendi
380 2237 413 2256 nc
425 2230 532 2265 cognati
547 2230 629 2257 Anna:
645 2231 772 2264 Augusta:
785 2237 846 2257 cum
863 2238 912 2258 ca:-

115 2280 186 2306 teris
202 2277 313 2304 Latinis
326 2276 525 2310 conspirarent,
553 2276 620 2303 nihil
637 2276 690 2303 nisi
708 2284 806 2303 vanum
823 2280 850 2304 et
869 2276 913 2303 in-

114 2324 301 2352 verisimilem
317 2327 477 2357 praetextum
491 2322 574 2349 fuisse
585 2322 658 2349 vafra
671 2322 846 2349 simulatione
865 2323 914 2349 oh-

115 2377 225 2398 teutum
248 2370 347 2397 vitioso
363 2371 446 2396 amori
463 2376 515 2403 quo
542 2367 686 2402 ﬂagrabat,
715 2368 803 2403 palam
831 2375 914 2403 appa-

114 2419 172 2445 ruit
187 2421 294 2444 statum
313 2422 403 2442 rerum
418 2419 482 2441 tunc
506 2413 659 2441 Italicarum
674 2422 705 2440 ex
724 2422 787 2440 vero
799 2413 911 2440 scienti-

116 2461 180 2488 bus.

112 2527 140 2554 8.
158 2527 199 2554 De
215 2525 302 2561 fratre
331 2524 444 2552 domina:
460 2525 541 2551 :lmue
556 2523 705 2558 Manfredo,
719 2530 742 2551 et
760 2524 793 2551 de
806 2524 912 2552 Carolo.

149 2593 320 2621 Fridericus
334 2592 404 2618 enim
420 2595 447 2618 et
462 2590 627 2621 Manfredus,
641 2598 754 2625 quorum
770 2590 842 2617 illum
857 2594 915 2625 qui—

113 2643 178 2671 dem
204 2642 296 2668 Annrc
318 2644 434 2672 patrem,
453 2638 524 2665 hunc
548 2637 658 2665 fratrem
679 2637 762 2664 fuisse
784 2637 913 2671 diximus,

113 2691 199 2717 ambo
219 2697 236 2715 a
255 2695 323 2722 papa
343 2691 369 2712 et
384 2694 458 2722 papae
475 2686 597 2721 partibus
615 2685 779 2718 defecerant,
795 2691 820 2713 et
834 2691 863 2713 ut
879 2687 914 2714 lbi

112 2735 323 2770 loquebantur,
344 2732 569 2759 exeonununieati
596 2732 630 2758 ab
653 2731 770 2758 Ecclesia
796 2732 914 2766 ipsorum

113 2790 182 2810 suas
208 2779 267 2807 sibi
294 2779 408 2806 senrsim
433 2786 475 2805 res
502 2779 644 2805 habebant.
668 2777 725 2804 Non
750 2778 820 2805 enim
847 2779 916 2805 sicut

115 2826 212 2855 raeteri
230 2825 424 2859 ubleutprrztrc
442 2832 472 2852 ac
490 2832 518 2851 sc
534 2823 682 2858 morigeros
701 2824 820 2857 praebere
834 2823 916 2858 jussis

945 212 996 244 τῆς
1010 210 1282 244 αὗτῶνῈκκληο-ίας.
1296 209 1361 236 Οὐδὲ
1372 210 1426 243 γὰρ
1441 209 1582 235 ἐϐούλοντο
1595 209 1664 236 κατὰ
1672 211 1735 244 τοὺς

946 256 1041 287 ἄλλους
1056 257 1104 283 καὶ
1116 257 1192 283 αὐτοὶ
1209 256 1346 282 εὑπειθεῖν
1362 264 1390 281 τε
1404 255 1449 281 καὶ
1469 255 1735 282 ὑποκατακλῐνεσὺαι

947 301 1009 328 καθ’
1023 302 1037 327 ὅ
1052 309 1077 327 τι
1089 301 1160 333 λέξοι
1183 302 1228 327 καὶ
1248 301 1344 336 πράξοι
1373 302 1387 326 ὁ
1404 301 1453 334 τῆς
1475 301 1640 335 Ἐκκλησίας
1661 302 1737 328 ἐπει-

947 347 1094 382 λημμένος,
1114 347 1172 373 ἀλλ’
1190 347 1350 380 αὐτονόμοις
1370 347 1477 381 χαίρειν
1503 347 1602 381 ὁρμαῖς
1628 347 1675 372 καὶ
1690 345 1736 372 οὖ-

946 401 1001 424 τιυς
1016 393 1061 419 ἐπὶ
1072 393 1196 423 Σικελίας
1214 393 1260 418 καὶ
1277 392 1331 418 τῶν
1346 393 1425 423 ἐκτὸς
1436 392 1485 426 τὴν
1502 392 1590 427 ἀρχὴν
1614 392 1736 418 διοικεῖν.

953 439 1143 474 ’Υὸριοπαθῶν
1153 439 1174 465 δ’
1188 440 1202 465 ὁ
1211 439 1326 469 πάπποις
1337 438 1405 471 πρὸς
1417 437 1514 467 ταῦτα.
1526 438 1613 472 εὑρὼν
1621 438 1738 472 δραστή-

949 493 1006 520 ριον
1023 485 1116 520 ἄνδρα,
1135 484 1249 518 ἀδελφὴν
1273 483 1356 520 ρηγὸς
1373 484 1427 510 τῶν
1452 483 1645 519 Φραντζίσκων
1675 483 1738 510 ὕντα

950 530 997 557 καὶ
1011 531 1051 561 εἰς
1071 529 1186 560 κὸντους
1199 531 1376 564 τεταγμένον,
1389 530 1435 556 τὸν
1456 529 1607 564 Κάρουλον,
1618 530 1664 556 ’τὺ-ι
1679 530 1739 556 κατ’

950 576 1060 602 ἐκείνων
1079 576 1114 606 ὡς
1134 575 1213 610 δῆθεν
1242 575 1404 602 ἀποστατῶν
1431 575 1578 609 ἐγχειρίζει
1606 575 1738 610 πόλεμον,

949 623 1034 654 τάξας
1071 623 1173 648 ἐκεῖνον
1199 623 1238 653 εἰς
1271 621 1320 656 τὴν
1337 622 1427 648 αὐτῶν
1456 623 1540 656 ρἦα,
1562 622 1607 646 ναὶ
1623 621 1740 653 πόλεμον

951 667 1079 701 ὲμὸαλὼν
1094 666 1207 698 ἐκείνοις
1220 667 1344 693 ἐντεῦθεν
1360 668 1528 700 ἀκήρυκτον.
1541 667 1582 701 [Ρ.
1605 667 1664 701 I'ZH
1680 667 1741 697 HC»;

951 711 997 740 οὖν
1009 714 1032 739 οξ
1049 715 1124 738 τόσον
1138 713 1329 747 διαφερόμενοι
1345 712 1412 747 προς
1422 712 1467 737 τῦν
1498 711 1634 746 Κέρουλον
1662 713 1743 745 ὁμαι-

952 759 1033 793 χμεῖν
1054 757 1122 792 μετὰ
1137 757 1184 783 τοῦ
1210 757 1341 792 βασιλέως
1358 756 1472 790 ἔμελλον
1492 755 1622 788 nubta-.5;
1647 756 1743 791 Ὅμως

953 804 983 829 τὸ
1000 802 1187 839 μελετώμενον
1203 802 1390 837 ἀπεκρούσθη,
1408 802 1453 828 καὶ
1470 802 1484 827 ὁ
1502 801 1630 836 βασιλεὺς
1647 801 1742 836 ἔμενεν

917 840 937 867 Β
953 850 998 875 ἐπὶ
1014 849 1115 882 τρόπον
1132 847 1225 873 καὶτὰ
1241 847 1323 873 αὐτοῦ
1339 847 1469 873 ἔπραττε,
1488 847 1528 872 Τὰ
1559 847 1583 872 δ’
1608 844 1679 880 ἦσαν
1713 847 1743 872 τὸ

954 893 1052 928 βουλὰς
1081 892 1203 926 ὑφαίνειν
1230 893 1277 918 σὺν
1303 893 1443 926 ἄρχουσιν,
1472 892 1546 923 ὃπως
1571 892 1744 923 ἀνακτίζοιτο

955 941 1004 974 μὲν
1026 941 1043 974 ἠ
1071 939 1145 971 πόλις
1163 939 1207 966 διὰ
1224 938 1331 974 ταχέων
1358 938 1401 965 ἐπ’
1426 938 1515 973 ἀδήλῳ
1534 938 1572 973 τῷ
1591 938 1616 964 τί
1647 937 1744 965 Ἰταλοὶ

954 987 1077 1021 φρονοῖεν
1091 986 1155 1020 περὶ
1170 986 1255 1020 αὐτῆς
1265 986 1333 1017 (δέος
1343 985 1396 1019 γὰρ
1410 984 1446 1019 μὴ
1459 984 1570 1018 ἀφανῶς
1585 984 1744 1018 ἐπιθοῖντο),

954 1033 1027 1063 ὅπως
1043 1032 1071 1058 δὲ
1089 1031 1237 1067 φυλαχθείη
1258 1030 1404 1065 Ῥωμαιοις
1427 1031 1598 1056 ἐπιστάντων
1620 1030 1743 1060 ἐκείνων,

954 1079 1000 1105 καὶ
1017 1078 1054 1113 μὴ
1071 1078 1200 1112 φανέντες
1215 1077 1362 1111 λαφύξαιεν
1381 1077 1418 1108 ὡς
1441 1076 1470 1108 ἐξ
1480 1076 1601 1110 ἀνάγκης
1616 1076 1746 1110 κραταιό-

953 1133 1032 1159 τερον
1059 1124 1225 1159 ἐπιθέμενοι.
1256 1125 1323 1150 Οὐδὲ
1341 1125 1394 1158 γὰρ
1410 1124 1525 1159 ἠρεμεῖν
1555 1123 1615 1149 οὐδὲ
1647 1121 1744 1157 μικρὸν

957 1225 989 1246 ac
1003 1217 1109 1253 placitis
1125 1216 1291 1244 moderantis
1307 1215 1454 1243 Ecclesiam
1469 1215 1604 1248 volebant,
1619 1215 1666 1243 sed
1681 1215 1746 1243 atl'c-

956 1265 1067 1293 ctahant
1085 1265 1308 1298 usurpabantqne
1324 1262 1425 1289 nemini
1444 1262 1586 1290 obnoxiam
1610 1261 1745 1289 licentiam

957 1310 1051 1346 agendi
1065 1313 1092 1337 et
1105 1309 1240 1337 statuendi
1258 1312 1337 1343 prout
1350 1308 1457 1340 liberet,
1469 1315 1500 1335 ac
1515 1308 1553 1334 sic
1569 1313 1621 1334 tam
1637 1307 1663 1334 in
1679 1307 1747 1334 Sici-

957 1355 991 1382 lia
1006 1362 1085 1390 quam
1102 1359 1188 1386 extra,
1206 1354 1284 1388 pleno
1300 1358 1325 1380 et
1339 1353 1440 1380 nullutn
1455 1357 1615 1387 agnoscente
1627 1352 1748 1386 superio-

959 1409 1014 1428 rem
1030 1400 1160 1431 dontinio,
1176 1407 1298 1434 regnare.
1312 1399 1430 1433 Quarum
1449 1398 1657 1425 intolerabilium
1676 1397 1747 1430 inju-

958 1447 1060 1473 riarum
1078 1452 1174 1473 nactus
1191 1453 1257 1480 papa
1276 1445 1400 1472 idoneum
1418 1445 1533 1472 ultorem
1552 1444 1675 1471 Caroluzn
1693 1443 1748 1470 fra-

959 1497 1027 1520 trem
1047 1493 1118 1526 rcgis
1137 1491 1322 1524 Francorum,
1336 1499 1368 1518 ex
1389 1496 1529 1518 contorum
1547 1490 1603 1517 sive
1620 1490 1748 1516 comitum

959 1537 1073 1571 ordine,
1094 1538 1180 1564 virutn
1207 1543 1361 1569 strenuum,
1381 1536 1451 1564 bello
1472 1544 1532 1563 eum
1558 1536 1678 1570 prazfceit
1699 1535 1750 1562 illi;

962 1585 1041 1613 veluti
1061 1584 1204 1611 rebellibus
1221 1589 1248 1612 et
1264 1583 1395 1618 apostolis
1416 1583 1532 1615 indicto,
1551 1589 1662 1617 regnum
1685 1582 1750 1616 ipsis

960 1635 1080 1666 ereptum
1104 1629 1141 1657 illi
1163 1630 1284 1657 tribuens
1305 1636 1386 1663 quant
1407 1628 1510 1662 optimo
1528 1627 1590 1661 jure
1610 1627 1751 1661 possiden-

961 1676 1035 1709 dum,
1045 1676 1065 1703 si
1078 1683 1124 1702 eos
1135 1675 1160 1702 vi
1174 1680 1200 1702 et
1212 1674 1294 1701 armis
1307 1673 1368 1700 inde
1381 1673 1508 1707 pelleret;
1523 1672 1548 1699 id
1561 1673 1630 1706 quod
1643 1679 1749 1700 summa

961 1730 1012 1757 ope
1026 1726 1089 1748 tune
1104 1729 1163 1749 cum
1181 1720 1298 1747 maxime
1313 1719 1358 1746 ille
1371 1719 1468 1745 ardens
1483 1718 1604 1752 nihilque
1622 1725 1674 1744 non
1692 1725 1750 1744 mo-

961 1775 1028 1794 vens
1044 1766 1204 1794 conabatur.
1222 1765 1364 1798 Quodnam
1383 1771 1462 1799 ergo,
1479 1771 1586 1798 quaeso.
1603 1763 1751 1797 perieulum

962 1817 1031 1844 erat,
1051 1819 1085 1838 ne
1103 1811 1146 1838 isti
1172 1810 1253 1846 186
1275 1818 1336 1837 cum
1360 1809 1458 1836 Carolo
1481 1809 1633 1836 communis
1657 1809 1682 1834 in
1704 1815 1753 1835 nos

963 1856 1147 1891 expeditionis
1164 1855 1321 1883 societatem
1340 1854 1452 1885 inirent,
1467 1854 1575 1887 quicum
1594 1852 1753 1887 capitalibus

963 1903 1100 1931 commissi
1118 1902 1187 1929 odiis
1205 1901 1373 1928 internecino
1393 1900 1461 1927 bello
1479 1900 1513 1927 de
1529 1904 1599 1926 statu
1623 1904 1649 1926 et
1666 1899 1753 1926 salute

962 1948 1144 1976 dimicabant?
1161 1947 1188 1974 lu
1209 1947 1282 1974 [tunc
1301 1947 1408 1973 modum
1427 1945 1478 1972 illac
1494 1946 1526 1971 de
1541 1953 1610 1972 novo
1627 1945 1754 1979 conjugio

964 1995 1136 2030 imperatoris
1154 1993 1333 2028 cogitationes
1349 1995 1527 2023 evanuerunt,
1546 1990 1604 2025 ipso
1623 1991 1648 2017 in
1665 1991 1754 2018 ollicio

963 2044 1139 2077 permanente
1155 2047 1187 2066 ac
1204 2039 1238 2066 de
1257 2043 1356 2065 cmtero
1373 2037 1477 2064 intento
1495 2036 1577 2064 rebus
1597 2037 1665 2063 suis.
1682 2035 1754 2064 lnter

963 2094 1030 2123 quas
1043 2094 1102 2121 qum
1115 2090 1177 2113 tunc
1189 2084 1332 2119 urgebant,
1343 2087 1422 2110 erant
1435 2082 1643 2109 deliberationes
1656 2083 1754 2110 crebro

963 2134 998 2161 ab
1015 2133 1060 2160 illo
1079 2132 1176 2159 habita:
1192 2137 1254 2158 cum
1272 2129 1367 2164 primis
1388 2136 1501 2156 suorum
1523 2129 1556 2155 de
1577 2129 1754 2156 restauranda

928 2185 950 2212 1)
964 2178 1165 2215 quamprimum
1177 2177 1254 2208 urbe,
1263 2176 1357 2210 sicque
1370 2175 1443 2203 omni
1456 2174 1643 2209 praesidiorum
1656 2183 1755 2210 genere

964 2231 992 2253 et
1007 2226 1117 2252 intentm
1129 2223 1227 2259 vigiliae
1242 2222 1364 2250 custodia
1382 2221 1525 2252 firmanda,
1540 2225 1568 2247 ut
1581 2227 1641 2254 qua:
1656 2228 1756 2249 arcano

964 2271 1118 2306 comparari
1140 2271 1297 2298 ferebantur
1319 2269 1352 2295 ad
1374 2275 1433 2295 eam
1457 2268 1667 2301 recuperandam
1688 2269 1756 2295 insi—

965 2318 1047 2346 diosa;
1061 2316 1216 2344 molitioncs
1230 2315 1386 2341 Latinorum
1396 2334 1403 2346 ,
1417 2313 1631 2348 quandocunque
1649 2314 1675 2340 in
1701 2314 1754 2340 vim

964 2364 1128 2398 erupissent,
1140 2368 1266 2389 successu
1278 2361 1487 2388 frustrarentur.
1495 2358 1673 2386 Timebantur
1683 2361 1756 2387 enim

964 2409 1076 2437 occulta:
1104 2415 1177 2436 artes
1203 2414 1230 2436 et
1255 2409 1436 2444 proditionum
1466 2408 1586 2435 fraudes.
1610 2407 1755 2442 Copiarum

966 2463 1076 2491 quoque
1094 2463 1125 2482 ac
1144 2460 1304 2483 cwterorum
1320 2460 1499 2490 apparatuum
1518 2454 1580 2481 belli
1597 2454 1760 2490 curabatur,

967 2507 995 2528 ut
1011 2506 1114 2528 tantum
1132 2506 1204 2529 esset
1219 2501 1252 2528 ad
1275 2509 1384 2528 manum
1407 2505 1535 2534 qutantum
1557 2507 1624 2535 opus
1646 2506 1703 2527 erat
1725 2499 1758 2526 ad

966 2548 1180 2582 prohibendum,
1198 2555 1230 2575 ne
1247 2548 1338 2575 statim
1355 2552 1436 2582 atque
1451 2548 1477 2575 in
1493 2552 1668 2582 conspectum
1685 2546 1760 2572 urbis

966 2595 1084 2622 venisset
1098 2593 1279 2621 formidabilis
1294 2594 1349 2626 ille,
1362 2601 1442 2628 quem
1457 2594 1528 2621 fama
1543 2597 1604 2620 erat
1617 2592 1755 2625 adornari,

967 2641 1103 2668 exercitus
1120 2640 1259 2673 Italorum,
1278 2648 1336 2667 eam
1355 2641 1523 2673 absorberet,
1538 2640 1584 2666 sed
1602 2639 1636 2666 ab
1650 2639 1758 2666 illorum

953 2687 1144 2721 -quantumvis
1170 2686 1375 2714 vehementibus
1401 2686 1590 2713 defenderetur
1615 2684 1759 2712 insultibus

968 2738 996 2760 et
1015 2732 1137 2760 Romano
1163 2732 1276 2767 imperio
1298 2737 1464 2760 servaretur.
1482 2732 1650 2766 Frequentcs
1675 2738 1758 2765 porro

970 2780 1156 2806 memorabant
1172 2778 1259 2805 nuntii
1277 2778 1347 2805 haud
1366 2785 1475 2806 cessare
1494 2778 1547 2804 ulla
1567 2777 1592 2804 in
1613 2782 1688 2811 parte
1704 2776 1757 2804 Ita-

970 2825 1021 2857 los,
1037 2824 1083 2852 sed
1097 2824 1122 2851 in
1139 2823 1316 2858 expeditionis
1331 2828 1460 2860 apparatu
1475 2823 1572 2858 duplici
1590 2827 1658 2850 totos
1671 2830 1732 2850 esse
1747 2832 1754 2849 :
