1936 3069
93 119 149 152 6‘29

575 121 622 150 DE
644 120 840 150 Ili'iCIIAELE
861 111 1091 152 PALl/EOLOGO
1111 123 1186 154 LIB.
1207 122 1263 154 ΙΙΙ.

1666 125 1731 156 iii-0‘

91 176 139 210 τῷ
155 175 185 202 δέ
201 183 234 210 γε
259 174 451 210 Γασμουλικῷ,
468 175 514 207 οὓς
542 175 575 210 δὴ
591 175 761 210 συμμίκτους
789 176 805 210 ἠ
834 176 887 202 τῶν
901 176 924 206 Α
939 176 983 203 νὺν
1002 178 1069 212 πρὸς
1082 179 1178 214 ἄρχειν
1195 179 1250 211 ἕξει
1269 179 1306 216 μὴ
1321 180 1384 212 τοὺς
1400 179 1537 216 ὑπηκόους
1550 180 1722 216 ἐὑεργετῶν.

96 221 210 248 Ἰταλῶν
224 221 310 248 εἴπειε
322 221 434 255 γλῶσσα
446 219 526 257 (ἦσαν
552 220 606 256 γὰρ
628 221 660 248 ἐκ
682 230 712 247 τε
739 221 885 254 Ῥωμαίων

91 267 142 294 καὶ
153 267 277 293 Λατίνων
289 266 518 302 ’γεγεννημένοι),
536 267 758 301 προσανεπαύετο
782 268 887 301 ἐκπέμ-

92 322 155 340 πων
184 314 231 340 ἐπὶ
261 314 353 349 νηῶν·
381 311 452 349 ἦσαν
478 314 532 349 γὰρ
563 313 593 340 τὺ
623 313 672 347 μὲν
685 313 825 348 προμηθὲς
849 313 888 341 εἰς

93 360 232 394 πολέμους
244 360 292 387 καὶ
308 360 418 387 συνετὸν
431 361 464 387 ὲκ
478 359 637 394 Ῥωμαίων,
656 360 686 386 τὺ
700 360 722 386 δ’
737 359 887 395 ὀρμητικὸν

92 413 124 431 τε
147 406 195 432 καὶ
212 405 327 438 αῠθαδες
356 407 389 433 ἐκ
420 406 545 433 Λατίνων
570 406 688 441 ἔχοντες.
712 406 766 432 Καὶ
795 405 888 432 στόλον

95 451 210 486 μέτριον
224 451 381 487 ἐξηρτύετο,
397 453 446 479 καὶ
470 453 641 488 προσεκτᾶτο
656 453 689 479 τὶι
715 452 769 478 τῶν
798 452 887 486 νήσων

93 496 243 532 ἑγγύτερα,
260 497 344 532 ρόγας
357 497 406 532 μὲν
431 498 591 525 ἀποτάττων
606 498 697 529 αὐτοῖς
715 498 747 524 ἐκ
768 496 815 524 τοῦ
831 506 887 525 κοι-

95 542 144 569 νοῦ
160 543 285 576 ταμιείου
303 545 349 570 καὶ
366 543 532 578 φιλοτιμίαις
544 543 632 576 αὔξων
643 544 693 575 τὰς
722 543 886 578 προθυμίας,
904 541 908 545 ’

96 587 307 621 ὰντιλαμὸάνων
320 588 342 614 δ’
358 589 390 615 ὲκ
415 589 465 624 τῆς
480 590 592 615 ἐκείνων
608 589 728 623 σπουδῆς
739 589 787 616 καὶ
802 590 888 624 ἔργα-

95 632 159 663 σίας
171 633 294 670 πλείοναΙ
315 632 379 669 Εἶχε
396 635 450 669 γὰρ
464 635 524 666 ταῖς
539 634 680 670 ἀληθείαις
696 635 744 661 καὶ
760 635 790 661 τὺ
810 634 888 669 εὐερ-

92 677 205 711 γετικὸν
230 679 298 713 πρὸς
326 679 459 712 ἅπαντας,
490 680 536 707 καὶ
571 681 741 715 ἀμφοτέραις
765 680 887 714 ὲξήντλει

93 722 204 749 πολλῶν
228 724 481 760 προαποκειμένων,
523 725 573 751 οὐκ
602 723 659 752 οἴδα
686 725 742 752 εἴτε
769 733 810 756 τις
837 725 887 759 τὴν

96 767 180 801 φύσιν
199 768 318 801 τοιοῦτος
336 769 412 804 ὣν,ἢ
439 770 671 806 προσποιούμενος
691 771 725 797 δι’
742 770 809 798 ἄλλα
841 770 888 805 μὲ-

95 821 181 846 γιστα
208 814 240 840 τὸ
270 815 429 849 φιλότιμον,
467 816 673 850 ἁναγκαστικὰς
702 816 752 848 τὰς
780 815 887 847 εὐνοίας

97 859 325 895 ὑποποιούμενος.
340 861 378 891 ὡς
387 861 466 896 δῆθεν
480 861 530 888 οὐκ
546 862 660 893 ἐκδίκως
672 861 767 897 ἄρξας,
780 861 796 895 ἢ
812 862 841 888 τό
857 870 888 895 γε

95 905 202 940 τρίτον,
226 907 295 941 πρὸς
325 907 373 938 τὰς
405 907 460 934 τῶν
484 908 626 943 προτέρων
655 908 785 943 βασιλέων
813 908 892 944 εὐερ-

96 951 195 985 γεσίας
224 952 463 988 ἀντιὸαλλὸμενος,
489 954 540 980 κᾶν
569 955 606 989 μὴ
636 954 714 981 τόσον
745 954 890 989 εὐηργέτει

99 998 271 1033 μηδόὕτως.
287 999 362 1030 Τέως
376 999 404 1026 δέ
433 1008 464 1034 γε
487 1000 557 1026 κατὰ
582 999 702 1034 βασιλεῖς
721 1000 891 1034 ἠναγκάζετο

97 1043 289 1079 χρῆτθαιτοῖς
302 1046 457 1080 πράγμασι,
481 1046 518 1080 μὴ
543 1045 590 1072 καὶ
612 1046 682 1078 δόξοι
699 1046 834 1081 σκηνικῶς
862 1047 892 1072 τὸ

97 1089 195 1124 ἄρχειν
220 1090 400 1125 ἐπιτηδεύων.
427 1090 495 1117 Οὔτε
520 1091 575 1126 γὰρ
602 1091 678 1125 ἥλιος
701 1091 829 1122 ποθεινὸς
854 1091 891 1126 μὴ

97 1134 149 1165 τὰς
174 1135 287 1166 ἀκτῖνας
315 1135 456 1170 παρίσχων
487 1136 565 1162 τοῦτο
587 1136 635 1170 μὲν
657 1137 692 1171 γῇ
713 1136 791 1162 τοῦτο
804 1136 826 1162 ῦ’
847 1137 892 1162 ἀν-

101 1179 223 1215 θρώποις
237 1180 283 1206 καὶ
296 1180 374 1212 ζώοις
391 1181 504 1215 ἅπασιν,
519 1181 580 1208 οὔτε
596 1182 723 1217 βασιλεὺς
750 1182 780 1207 τὺ
799 1182 893 1216 ἀληθι-

103 1279 164 1299 rum
183 1278 296 1306 genere,
311 1279 378 1307 quos
397 1272 522 1300 ltalorum
540 1272 629 1306 lingua
648 1274 802 1301 commistos
819 1273 893 1302 dice-

102 1322 154 1351 ret,
169 1318 292 1350 conﬁdit,
307 1324 411 1352 partem
428 1318 526 1346 talibus
541 1318 695 1353 reipublicae
709 1319 892 1352 committens,

103 1363 229 1390 navalem
244 1363 369 1390 videlicet
386 1363 506 1390 militiam
517 1384 524 1396 ,
539 1363 565 1390 in
579 1371 661 1398 quam
679 1371 773 1391 eorum
790 1364 893 1397 pleros-

102 1415 156 1443 que
176 1409 355 1442 conscripsit,
373 1414 450 1443 aptos
470 1409 494 1436 ei
513 1408 644 1436 functioni
664 1413 756 1444 utpote
774 1410 893 1444 pruden-

102 1455 169 1481 tiam
195 1453 388 1488 solertiamque
411 1462 443 1482 ex
464 1455 613 1488 Romanis,
631 1455 760 1490 impetum
784 1463 847 1483 vero
868 1461 895 1483 et

101 1500 245 1527 audaciam
258 1507 290 1527 ex
302 1499 405 1527 Latinis
419 1500 543 1528 haustam
558 1500 638 1528 simul
650 1501 790 1528 habentes.
801 1501 894 1536 Itaque

100 1553 135 1573 ex
161 1545 204 1572 his
228 1546 348 1573 maxime
372 1546 488 1574 classem
514 1546 642 1573 instruxit
664 1547 731 1574 satis
756 1555 892 1582 magnam,

101 1597 155 1625 qua
169 1590 275 1617 vicinas
295 1591 396 1618 insulas
414 1591 584 1625 recuperavit
600 1595 628 1618 et
644 1591 774 1624 obtinuit,
791 1592 893 1626 stipen-

103 1638 146 1666 dia
167 1642 195 1665 et
216 1638 343 1665 donativa
364 1637 430 1672 ipsis
462 1645 495 1665 ex
515 1638 612 1665 :erario
633 1638 769 1665 communi
790 1640 894 1666 consti-

103 1689 193 1716 tuens,
210 1691 242 1711 ac
263 1691 323 1711 cum
347 1684 398 1712 lide
419 1689 629 1719 reprresentans,
643 1684 756 1718 aliisque
778 1685 894 1720 prremiis

103 1731 175 1757 ultro
200 1729 315 1757 subinde
339 1731 408 1757 datis
431 1731 599 1757 alacritatem
624 1731 744 1764 ipsorum
770 1731 894 1758 excitans

104 1783 274 1811 angeusque,
293 1775 469 1811 vicissimque
490 1775 525 1803 ab
539 1776 572 1803 iis
595 1776 684 1803 utilem
705 1783 815 1810 operam
835 1780 894 1802 stu-

106 1821 236 1854 diumque
259 1820 284 1847 iu
308 1821 437 1854 obsequia
461 1820 543 1848 etiam
566 1821 717 1856 periculosa
740 1826 893 1856 promptum

104 1867 250 1901 recipiens.
269 1866 368 1893 Habuit
384 1866 455 1893 enim
473 1867 516 1894 hic
533 1868 678 1901 imperator
694 1874 758 1894 vere
776 1867 894 1894 liberali-

105 1917 188 1940 tatem
211 1913 239 1939 in
264 1919 344 1939 omne
369 1912 507 1939 hominum
532 1920 615 1947 genus
636 1912 765 1945 retrusam,
783 1919 895 1948 utraque

104 1959 239 1987 hauriens
259 1966 339 1985 manu
360 1967 391 1986 ex
414 1963 506 1992 parata
529 1960 603 1993 copia
619 1960 795 1986 'c0uditarurn
816 1960 895 1994 longa

106 1999 277 2044 parcimonia
292 2015 383 2042 opum,
396 2014 456 2041 quae
473 2007 525 2034 late
541 2010 680 2040 spargeret
694 2007 720 2032 in
737 2013 800 2033 usus
815 2013 896 2040 egen-

106 2056 192 2088 tium,
211 2054 285 2081 haud
310 2055 434 2088 equidem
460 2053 516 2080 scio
540 2061 573 2079 an
599 2051 727 2079 instinctu
754 2052 896 2086 indoleque

107 2104 224 2131 naturai,
240 2107 272 2126 an
287 2099 390 2133 judicio
404 2098 486 2126 animi
500 2099 532 2124 ob
549 2102 705 2132 prmsentem
721 2098 779 2132 ejus
793 2099 829 2125 rei
845 2099 895 2125 ιιιί⁴

108 2144 213 2172 lltatem
234 2143 348 2171 benelici
368 2151 465 2171 nomen
486 2143 648 2176 affectantis,
664 2151 695 2170 eo
717 2144 819 2171 scilicet
838 2144 896 2171 adi-

108 2181 190 2226 gente
208 2190 372 2217 necessitate
392 2190 518 2224 parmula:
539 2189 578 2216 sic
596 2188 668 2223 \‘ttlgi
687 2189 895 2222 benevolentiae,
915 2183 935 2209 ί)

108 2243 162 2271 qua
187 2235 214 2262 in
238 2235 335 2270 primis
359 2242 426 2270 opus
451 2235 532 2270 189
554 2240 613 2262 erat
635 2235 659 2262 ei
683 2235 727 2269 qui
750 2235 801 2262 sibi
824 2240 897 2262 esset

108 2282 237 2310 conscius
255 2281 377 2315 usurpati
395 2281 488 2308 fraude
506 2289 554 2308 nec
568 2280 639 2314 iuste
660 2282 776 2316 possessi
798 2281 898 2315 princi-

109 2333 198 2362 patus.
212 2327 304 2354 Potest
315 2331 341 2354 et
354 2327 432 2354 tertia
445 2327 592 2360 excogitari
607 2334 699 2358 causa,
712 2334 770 2360 qua:
783 2326 898 2353 Michaeo

109 2373 161 2400 lem
178 2372 360 2407 Palaaologum
381 2371 414 2398 ad
434 2371 507 2406 large
527 2371 653 2405 plurimis
675 2370 897 2398 benel'aeiendum

71 2435 74 2438 ν
108 2419 228 2454 potuerit
249 2418 400 2452 impellere,
416 2417 552 2444 antuulatio
571 2417 659 2444 laudis
680 2418 705 2443 in
728 2417 778 2443 isto
800 2423 899 2449 genere

109 2462 251 2498 praeclarae
276 2462 384 2489 illorum
408 2462 453 2496 qui
480 2467 545 2488 ante
570 2461 658 2496 ipsum
684 2462 898 2496 imperaverant;

109 2516 230 2543 qmirum
249 2507 363 2535 eﬂusum
382 2507 504 2534 studium
522 2509 587 2534 bene
605 2508 726 2534 mereudi
749 2507 899 2534 tribuendiv

107 2562 162 2590 que
177 2562 212 2582 ex
228 2553 314 2589 priori
331 2553 462 2580 memoria
481 2561 541 2580 cum
561 2558 702 2588 repeteret,
718 2560 853 2588 nunquam
871 2561 901 2580 se

107 2605 229 2635 putaret,
247 2599 423 2634 quantumvis
441 2599 513 2632 large
531 2599 630 2633 passim
647 2598 772 2625 donando
789 2605 902 2625 conare-

110 2651 166 2679 tur,
183 2645 269 2672 decus
285 2645 335 2672 lioc
352 2645 472 2678 ipsorum
489 2653 520 2672 ac
533 2645 630 2672 famam
646 2651 754 2679 aequare
771 2644 901 2672 imitando

110 2698 159 2720 aut
174 2692 296 2726 assequi.
311 2691 374 2718 Mihi
389 2692 498 2725 quidem
517 2692 556 2718 sic
571 2692 689 2722 videtur,
703 2691 777 2717 illum
797 2698 828 2718 ex
847 2697 901 2724 quo

109 2739 288 2774 imperatoris
303 2745 400 2764 nomen
422 2741 619 2771 assump-erat,
648 2736 778 2764 indixisse
795 2736 846 2764 sibi
863 2737 902 2764 in-

108 2783 291 2811 eluctabilem
310 2783 497 2810 necessitatem
520 2782 693 2816 imperatorio
707 2789 779 2809 more
791 2782 900 2816 agendi,

111 2837 145 2858 ue
162 2837 216 2856 uon
238 2836 302 2856 rere
319 2827 452 2863 imperare
469 2827 515 2855 sed
533 2827 603 2855 velut
625 2827 651 2854 in
673 2834 753 2855 scena
774 2827 903 2856 simulare

905 846 926 874 Β

939 222 1034 254 ’Όστις
1046 224 1074 250 δὲ
1088 224 1237 260 βασιλεύων
1251 225 1380 261 γλίσχρος
1393 226 1450 252 ἐστὶ
1464 226 1533 261 πρὸς
1560 227 1589 253 τὸ
1615 227 1725 258 διδόναι,

938 270 1041 302 ἐκεῖνος
1056 271 1158 306 σκηνὴν
1171 272 1317 306 βασιλείας,
1333 272 1363 299 οὐ
1375 272 1516 308 βασιλείαν
1528 273 1723 308 μεταχειρίζει.

938 315 982 352 [Ρ.
997 316 1058 352 126]
1084 318 1240 353 Τεκμήριον
1267 318 1295 346 δὲ
1324 320 1338 345 ὁ
1360 319 1406 345 ἐπὶ.
1430 319 1531 354 σκηνῆς
1542 320 1726 354 Ἀγαμέμνων

938 364 986 390 καὶ
1014 364 1158 399 Οἰνόμαος,
1188 365 1315 396 Οἰδίπους
1343 374 1373 392 τε
1397 366 1444 392 καὶ
1462 366 1487 392 οῑ
1517 365 1546 398 ἐξ
1569 365 1650 392 αὐτοῦ
1679 366 1726 392 καὶ

940 409 1088 443 ⁸Ἄδραστος
1103 409 1230 445 βασιλεὺς
1246 411 1362 445 Ἄργους
1377 411 1425 437 καὶ
1447 411 1471 436 οἱ
1497 411 1595 442 λοιποὶ,
1613 411 1656 436 ἵνα
1689 411 1726 445 μὴ

940 455 1126 482 καθ’έγαστον
1139 456 1210 490 λέγω
1226 456 1281 483 τῶν
1296 456 1340 483 ἐπὶ
1357 457 1460 491 σκηνῆς
1486 456 1628 491 βασιλέων.
1657 457 1726 483 Πότε

939 500 994 535 γὰρ
1007 501 1036 533 ἐξ
1054 500 1167 528 ἐκείνων
1182 511 1224 532 τις
1239 501 1269 528 εὖ
1286 502 1376 534 πάθοι,
1395 503 1458 528 πότε
1476 502 1503 528 δὲ
1520 503 1565 529 καὶ
1579 502 1726 536 εὐεργετη-

939 546 1009 580 θείη,
1032 548 1254 582 ὐποκρινομένων
1280 548 1315 574 τὰ
1339 548 1392 574 τῶν
1422 548 1553 583 βασιλέων
1578 549 1726 582 apicum;

945 592 1016 618 Ἀλλ’
1044 593 1158 624 ἐκείνοις
1179 594 1228 627 μὲν
1260 593 1317 620 ἐστι
1344 593 1391 620 καὶ
1415 593 1727 628 ἁπολογεῖσϐαικαὶντὴν

941 637 1043 672 μέμψιν
1056 638 1213 673 διαφεύγειν
1226 639 1274 674 τὴν
1301 639 1355 666 τῶν
1382 640 1486 666 πολλῶν
1502 648 1509 654 ·
1527 640 1653 674 σχήματα
1672 639 1727 674 γὰρ

939 683 1093 718 προσώπων
1107 684 1154 710 καὶ
1169 685 1199 711 ού
1214 685 1348 719 πρόσωπα
1364 685 1443 716 ὄντας
1463 685 1569 720 ἀνάγκη
1597 686 1641 712 καὶ
1662 687 1728 720 51+,—

941 737 1006 762 μασι
1023 729 1114 763 μόνοις
1128 730 1280 764 εὐεργετεῖν
1294 738 1301 745 ·
1328 730 1433 761 τούτοις
1447 730 1474 756 δέ
1490 739 1521 764 γε
1537 731 1577 761 τίς
1597 732 1728 763 ἀπολογία

940 773 987 799 καὶ
1003 774 1194 801 ὑπολέλειπται
1208 777 1244 810 μὴ
1265 775 1381 802 διδοῦσιν
1400 783 1408 808 ;
1422 776 1453 802 Et
1471 775 1492 801 δ’
1504 773 1561 806 οὖν,
1580 776 1648 803 ἀλλὰ
1665 786 1730 811 σχη-

943 819 1098 853 ματίζονται
1120 821 1166 847 καὶ
1179 819 1253 848 οὗτοι
1268 822 1313 848 τὸν
1335 821 1456 855 βασιλέα,
1470 822 1590 856 βασιλεῖς
1607 822 1643 856 μὴ
1655 823 1730 854 ὄντες

943 863 1004 898 μηδ’
1020 865 1153 892 ὁπωσοῦν.
1166 860 1289 892 Τοιοῦτοι
1307 866 1328 892 δ’
1340 866 1415 897 ὄντες
1427 866 1453 892 τί
1468 866 1571 899 ἀξιοῦσι
1585 867 1728 905 τιμᾶσθαι,

943 910 980 944 μὴ
1009 909 1143 944 ἀληθινῶς
1169 910 1374 945 βασιλεύοντεςς
1406 913 1422 946 ἡ
1455 912 1509 946 γὰρ
1534 913 1600 946 τιμὴ
1625 913 1731 947 βασιλεῖ

943 955 1023 990 μετὸν
1042 955 1091 981 καὶ
1119 956 1149 981 οὐ
1180 955 1317 990 σκηνικῶς
1339 955 1519 990 βασιλεύοντι.
1544 956 1628 982 Ταῦθ’
1658 957 1729 991 ὁρῶν

936 1000 1053 1036 έκεῖνος,
1067 1000 1113 1026 καὶ
1126 1000 1275 1035 partem:
1301 1001 1419 1034 ὑπογύου
1438 1001 1543 1036 βλέπων
1561 1003 1624 1033 τοὺς
1654 1003 1728 1036 παρὰ

941 1044 996 1071 τῶν
1010 1045 1179 1071 ἀπελθόντων
1191 1045 1324 1080 βασιλέων
1333 1046 1594 1081 εὐεργετουμένους,
1610 1048 1729 1078 συνειδὸς

942 1089 1011 1124 ἔχων
1037 1091 1176 1125 ἠλέγχετο,
1205 1092 1250 1117 καὶ
1277 1091 1419 1126 εὐηργέτει
1436 1091 1495 1126 μὲν,
1523 1091 1591 1126 πλὴν
1607 1093 1655 1126 οὐχ
1667 1094 1728 1119 ὅσον

943 1136 1054 1167 ἐκεῖνοι,
1081 1135 1111 1161 τὸ
1130 1136 1180 1170 μὲν
1194 1136 1238 1162 διὰ
1250 1135 1299 1170 τὴν
1316 1137 1439 1171 ἀνάγκην
1457 1138 1504 1163 καὶ
1526 1138 1588 1168 τοὺς
1601 1138 1729 1172 ἐλέγχους

943 1180 1038 1212 δεδιὼς
1060 1180 1096 1212 ὡς
1112 1182 1172 1208 κατ’
1190 1182 1345 1216 ὀφθαλμοὺς
1363 1181 1453 1214 ὂντας,
1469 1182 1499 1208 τὸ
1511 1183 1539 1208 δὲ
1561 1183 1640 1217 φύσει
1657 1184 1729 1219 χρώο

945 1269 1134 1303 imperatorem
1155 1269 1303 1297 videretur.
1320 1269 1355 1297 Ut
1375 1271 1446 1298 enim
1469 1271 1592 1298 amabilis
1613 1271 1652 1298 sol
1676 1280 1728 1298 non

944 1320 1017 1343 esset
1038 1316 1089 1343 nisi
1113 1316 1203 1343 radios
1223 1320 1375 1350 spargeret,
1393 1324 1515 1350 perquos
1534 1317 1609 1350 jurat
1633 1323 1729 1350 terras,

945 1362 1068 1389 lmmines
1092 1366 1117 1389 et
1136 1367 1248 1389 cunctas
1268 1362 1485 1396 auimantes,ita
1506 1363 1550 1390 ille
1572 1372 1664 1391 verum
1687 1365 1729 1391 in-

945 1415 1000 1436 star
1011 1409 1138 1444 principis
1153 1417 1204 1436 non
1221 1409 1310 1442 habet,
1324 1409 1368 1443 qui
1379 1410 1518 1437 cumulare
1532 1411 1667 1437 beneﬁciis
1677 1419 1728 1437 non

946 1455 1035 1482 studet
1050 1462 1096 1482 eos
1111 1454 1207 1488 quibus
1222 1455 1347 1490 imperat.
1364 1454 1432 1486 Mea,
1448 1455 1569 1490 inquam,
1584 1456 1729 1489 sententia,

908 1516 931 1546 ο
947 1500 990 1533 qui
1014 1500 1085 1535 regis
1106 1500 1209 1527 habens
1230 1507 1326 1527 nomen
1347 1507 1446 1532 parcus
1467 1505 1493 1528 et
1514 1502 1606 1528 tardus
1629 1502 1662 1527 ait
1683 1504 1731 1528 ilo-

947 1546 1063 1572 nandum
1087 1549 1143 1578 est,
1160 1545 1334 1572 simulacrum
1357 1551 1385 1573 et
1407 1546 1508 1573 larvam
1532 1552 1617 1581 gestat
1639 1547 1730 1581 regni,

946 1592 1054 1618 minimc
1068 1596 1157 1618 autem
1171 1598 1262 1618 veram
1277 1592 1335 1626 ejus
1349 1592 1418 1619 tituli
1433 1592 1600 1625 majestatem
1614 1594 1728 1622 obtinet.

946 1637 1112 1670 Argumento
1128 1637 1182 1664 sint
1199 1637 1235 1663 illi
1255 1637 1374 1664 tralatitii
1393 1644 1536 1664 scenarum
1554 1646 1644 1672 reges,
1661 1640 1732 1673 Aga-

946 1691 1090 1715 memnon,
1114 1683 1285 1717 OEnomaus,
1311 1683 1430 1717 ()Edipus
1458 1688 1484 1710 et
1511 1684 1591 1718 hujus
1619 1686 1729 1719 posteri.

946 1729 1079 1756 Adrastus
1097 1736 1203 1763 quoque
1218 1728 1349 1763 Argorum
1368 1736 1431 1759 rex,
1447 1733 1474 1755 et
1491 1737 1524 1756 ne
1541 1730 1661 1764 singulos
1681 1740 1731 1756 uu-

947 1782 1060 1806 merem,
1073 1775 1131 1809 ejus
1149 1774 1243 1801 fortine
1261 1775 1367 1807 caeleri;
1385 1782 1399 1801 a
1419 1776 1517 1809 quibus
1534 1777 1594 1810 quis
1612 1784 1729 1811 unquam

946 1825 1128 1856 spectatorum
1147 1821 1293 1855 patientem
1310 1821 1376 1855 ipsis
1391 1828 1501 1855 operam
1518 1821 1632 1849 iulrianti
1647 1823 1732 1850 silen-

948 1868 985 1894 tio
999 1867 1133 1899 dantium,
1143 1867 1207 1894 dum
1223 1874 1253 1894 se
1269 1867 1410 1900 magnifice
1425 1872 1558 1895 ostentant
1575 1867 1600 1894 in
1615 1875 1731 1902 purpura
1771 1876 1773 1878 '

947 1922 998 1940 nou
1021 1921 1084 1946 sua,
1101 1918 1201 1940 mutuae
1223 1913 1368 1948 quidquam
1389 1914 1493 1947 accepit
1515 1915 1626 1948 gratiae?
1647 1915 1731 1947 Quem

947 1967 1027 1986 unum
1042 1960 1168 1994 juverunt
1183 1966 1211 1986 re
1226 1959 1297 1986 ulla?
1310 1959 1359 1986 Cui
1373 1959 1508 1986 commodi
1524 1961 1668 1994 quidquam
1686 1966 1732 1988 aut

947 2006 1009 2033 doni
1035 2005 1208 2033 tribuerunt?
1230 2006 1318 2040 Atque
1343 2005 1369 2032 hi
1394 2005 1502 2040 quidem
1528 2007 1732 2034 excusationem

948 2050 1048 2077 habent
1077 2051 1221 2085 purganda:
1250 2052 1283 2078 ad
1310 2051 1435 2086 populum
1462 2051 1650 2079 illiberalitatis
1676 2060 1732 2079 sua:

948 2088 1129 2131 plausibilem,
1145 2097 1214 2130 quod
1229 2098 1364 2131 personati
1382 2100 1566 2124 tantummodo
1582 2103 1643 2125 sunt
1658 2099 1732 2133 prin-

948 2144 1035 2176 cipes;
1053 2151 1138 2177 quare
1157 2145 1222 2178 ipsis
1240 2143 1273 2170 ad
1292 2148 1428 2178 utcunque
1454 2143 1650 2178 defungendum
1669 2152 1732 2178 pre-

949 2189 1023 2215 cario
1042 2188 1094 2215 isto
1110 2189 1226 2222 quodam
1243 2189 1331 2216 oﬂicio
1347 2189 1478 2216 simulatae
1495 2190 1527 2215 ad
1546 2190 1639 2216 horam
1657 2195 1733 2224 pole-

948 2234 1026 2261 statis
1048 2233 1155 2260 abunde
1175 2233 1211 2260 sit
1231 2233 1357 2261 simulata
1380 2233 1444 2260 item
1466 2238 1493 2260 et
1513 2241 1582 2260 vanu
1605 2241 1733 2268 expressa

949 2283 1022 2313 gestu
1056 2279 1245 2306 beneﬁcentia.
1261 2279 1305 2310 ,At
1331 2279 1391 2306 istis
1418 2280 1463 2314 qui
1490 2287 1569 2307 veros
1598 2287 1627 2306 se
1654 2287 1732 2314 reges

949 2329 1051 2360 putant,
1069 2325 1134 2360 quid
1155 2326 1186 2351 ail
1209 2325 1391 2352 defensionem
1417 2325 1587 2360 relinquitur,
1606 2327 1655 2353 uisi
1679 2327 1734 2353 lar-

949 2373 1067 2406 g3anlur.
1084 2379 1137 2406 quo
1160 2372 1248 2398 minus
1272 2372 1298 2397 in
1322 2371 1484 2398 larvatorutu
1510 2380 1615 2406 quoque
1642 2381 1731 2406 regum

951 2426 1091 2444 munerum
1119 2424 1151 2444 ac
1176 2425 1283 2452 gregem
1309 2417 1496 2453 compingendi
1525 2418 1596 2445 siut?
1621 2418 1734 2446 Prorsus

950 2469 1014 2489 vero
1043 2462 1205 2489 exturbandi
1236 2462 1370 2496 longeque
1402 2462 1577 2489 submoveudi
1606 2469 1621 2488 a
1651 2470 1733 2489 censu

952 2507 1032 2542 190
1059 2515 1089 2534 ac
1116 2515 1244 2534 consessu
1272 2515 1397 2534 Verorum
1423 2507 1595 2542 principum,
1619 2515 1734 2542 quortun

951 2555 1013 2588 quid
1036 2561 1099 2587 ergo
1122 2553 1173 2580 sibi
1196 2554 1325 2580 honorem
1347 2557 1490 2586 arrogant,
1507 2560 1568 2580 cum
1592 2554 1656 2580 tales
1680 2561 1734 2580 nou

951 2599 1022 2626 sint?
1047 2599 1114 2625 Nam
1136 2599 1223 2626 honor
1247 2599 1318 2633 regis
1339 2599 1394 2626 veri
1419 2599 1526 2634 propria
1550 2607 1592 2626 res
1615 2603 1665 2632 est,
1683 2608 1734 2626 non

953 2645 1027 2672 mimi
1044 2646 1195 2673 diademate
1212 2645 1318 2672 larvati.
1333 2644 1394 2672 [hec
1410 2645 1522 2673 Michael
1541 2645 1614 2674 clare
1631 2646 1736 2680 perspi-

952 2692 1042 2724 ciens,
1056 2699 1088 2718 ac
1105 2691 1232 2718 beneﬁcia
1249 2698 1308 2725 quat
1324 2698 1421 2726 magna
1437 2691 1462 2718 in
1480 2691 1577 2718 multos
1593 2692 1736 2719 exstabant

954 2737 1084 2772 priorum'
1100 2737 1309 2771 imperatorum,
1327 2730 1384 2764 suis
1406 2742 1560 2771 comparata
1582 2738 1736 2772 praecellere

953 2781 1089 2815 sentiens;
1113 2781 1262 2816 simulque,
1278 2783 1348 2816 quod
1372 2781 1430 2817 ipse
1447 2782 1625 2810 convincente
1642 2784 1739 2810 intime

954 2827 1118 2858 conscientia
1145 2827 1242 2855 tacitus
1269 2827 1418 2862 fatebatur,
1440 2835 1472 2856 ne
1499 2828 1547 2856 alii
1571 2834 1738 2858 monstrante
