1936 3069
179 125 231 156 6ῗὸ

788 123 948 154 GEORGli
969 121 1208 152 PACHYMERJE

1753 111 1804 144 636

182 180 298 212 Νικαίςς
327 180 414 214 τᾶκρα
444 181 568 215 χωρῖται,
598 179 713 215 ἀγρόται
746 179 794 214 μὲν
820 179 896 210 ὅντες
922 177 969 204 καὶ
983 179 1005 207 Α
1022 185 1082 208 σαις
1097 177 1156 207 ταῖς
1173 174 1233 202 κατ’
1245 175 1346 201 ἐκεῖνον
1358 172 1524 208 προθυμίαις
1539 170 1664 202 ἐνεδίδου,
1677 169 1723 196 καλ.
1736 170 1808 197 ἅπαν

182 226 305 261 γεωργίᾳ
327 225 518 260 προσέχοντες,
537 225 682 261 θαρραλέοι
703 225 725 251 δ’
748 225 846 256 ἄλλως,
862 225 970 251 πίσυνοι

181 271 278 302 τιίξτις,
298 271 356 305 ἅμα
378 269 406 296 δὲ
430 269 477 296 καλ¹
502 271 563 301 ταῖς
585 270 655 296 κατὰ
680 271 750 303 σφᾶς
763 270 926 304 δυσχωρίαις
940 269 970 296 τὸ

182 317 277 344 πιστὸν
294 317 400 350 ἔχοντες
412 316 449 347 ὡς
460 317 489 342 οὐ
505 314 604 352 aqua);
615 317 772 351 πεισόμενοι
783 316 835 343 κᾶν
845 326 871 342 τι
886 317 971 351 πράτ-

182 371 266 392 τοιεν,
287 362 413 396 εὑρόντες
427 361 530 396 ἥκοντά
549 361 631 388 ποθεν
654 361 796 389 νεανίσκον
809 362 878 396 νόσῳ
893 361 971 388 λελυ-

185 408 324 442 μασμένον
353 408 417 438 τοὺς
446 407 621 443 ὀφθαλμοὺς,
652 408 746 443 φήμης
773 407 972 443 προοδευούσης

183 455 288 479 ἐκείνου
315 454 390 488 παρὰ
413 454 468 480 τῶν
499 454 748 488 συσκευασαμένων
775 454 804 480 τὸ
822 453 914 487 δρᾶμα
934 453 972 484 ὡς

184 499 266 530 αὐτὸς
282 499 324 533 εἴη
340 499 370 525 τὸ
387 499 493 525 παιδίον
506 500 520 525 ὁ
539 499 676 533 Ἰωάννης,
694 498 778 533 ἀπρὶξ
795 498 973 533 συναχθέντες

185 545 291 579 ἔχονται
307 544 413 575 τούτου,
431 544 489 580 ἅμα
503 545 552 579 μὲν
573 545 610 575 ὡς
623 544 755 571 δεσπότου
771 545 972 578 ὑπονοουμένου

186 591 289 625 σφίσιν,
307 591 349 626 ἐφ’
369 588 445 626 ᾧπερ
470 591 518 618 καὶ
542 592 635 626 ὅρκοις
651 593 706 622 τοῖς
722 591 789 626 πρὸς
804 591 849 617 τὸν
866 591 973 625 πατέρα

186 637 345 671 πεδοὺμενοι
353 639 412 669 ταῖς
424 637 493 672 ὑπὲρ
508 637 613 663 ἐκείνου
630 637 795 672 προθυμίαις
810 637 972 671 ἐσφάδαζον,

186 682 244 715 ἅμα
273 682 301 707 δὲ
329 682 376 707 καὶ
405 683 444 712 ὡς
473 682 631 716 ἠδικημένῳ
660 681 892 716 προσαμύνοντες.
921 681 974 708 Καὶ

186 729 352 753 ἀποστατεῖν
368 727 496 762 ἡρξαντο,
512 727 588 763 δῆλοι
602 727 678 758 ὄντες
698 727 728 760 ὲξ
742 725 778 754 ὧν
793 727 902 753 ἐποίουν
918 728 974 759 τοῖς

188 773 654 808 ἐπιοησομένοις·πολεμησείοντες.
670 773 726 799 Καὶ
742 772 774 808 δὴ
789 774 976 807 περιστείλαν-

187 826 233 848 es:
251 819 306 849 τοῖς
319 817 422 844 εἰκόσιν
436 818 538 844 ἐκεῖνον
553 818 600 844 καὶ
613 818 743 850 δουλικῶς
757 818 974 853 προσφερόμενοι

188 863 326 897 προῖστων
351 865 391 894 είς
415 864 529 899 βασιλέα
547 865 594 890 καὶ
611 864 681 899 ὑπὲρ
699 865 782 891 αὐτοῦ
810 864 975 891 κινδυνεύειν

188 908 301 943 ὥρμων.
320 909 350 936 '0
367 911 457 944 μέντοι
474 918 506 944 γε
527 910 654 945 βασιλεὺς
672 911 765 945 μαθὼν
779 911 813 938 τὰ
836 912 898 946 περὶ
913 911 976 937 τού-

189 963 249 986 του,
268 956 357 988 ἀνέζει
384 965 414 982 τε
439 956 478 991 τῷ
498 957 577 992 θυμῷ
604 957 650 983 καὶ
675 957 807 989 καθεκτὸς
824 958 874 984 οὐκ
892 956 936 993 ἦν,
951 957 976 984 εἰ

189 1001 273 1034 ἄκραι
284 1002 406 1029 τοιαῦται
418 1003 616 1037 παρασπᾶσθαι
629 1004 678 1037 τῆς
692 1004 872 1039 ὲντρεχούσης
882 1005 976 1039 φήμης

189 1045 270 1073 ἕνεκα
296 1047 508 1082 κινδυνεύουσιν,
527 1049 558 1080 ἐξ
575 1045 612 1075 ὦν
631 1050 705 1080 εἰκὸς
724 1047 792 1076 εἶναι
815 1051 862 1076 καὶ
881 1050 977 1081 ἄλλους

189 1093 399 1127 πλρακιπῖσοαι
415 1094 556 1126 πλείστους
578 1095 752 1122 ἀποστατεῖν.
770 1096 851 1122 Ὅθεν
865 1097 911 1122 καὶ
927 1096 979 1122 πά-

191 1192 239 1212 nes
253 1190 280 1212 et
295 1186 375 1221 194
387 1187 557 1221 agriCuIturm
572 1188 750 1223 attendentes,
763 1189 847 1216 fortes
861 1189 978 1224 alioquin

189 1236 217 1258 et
240 1234 373 1263 audaces,
396 1234 512 1260 arcubus
536 1233 612 1266 l‘reti,
637 1235 716 1261 simul
743 1240 848 1268 autem,
870 1242 980 1271 propter

190 1278 363 1311 asperitatem
379 1279 580 1306 inaccessorum
596 1281 714 1308 saltuum
728 1286 754 1308 et
767 1282 937 1308 cacumimnn
953 1282 978 1309 in

190 1322 289 1355 quibus
309 1323 387 1350 sedes
410 1323 526 1357 habent,
544 1325 638 1352 confisi
662 1332 691 1352 se
715 1334 767 1353 non
789 1326 868 1353 facile
890 1327 979 1353 damni

190 1369 336 1401 quidquam
360 1377 503 1404 passuros,
518 1372 692 1405 quantumvis
713 1373 777 1407 quid
799 1378 909 1407 agerent
927 1381 980 1408 quo

191 1414 380 1447 imperatorem
400 1416 550 1450 irritarent,
566 1425 626 1444 cum
645 1418 812 1445 invenissent
829 1419 979 1453 protectum

191 1460 286 1486 nescio
302 1461 374 1487 unde
391 1461 624 1489 adolescentulum
643 1463 739 1490 morbo
757 1469 932 1496 exczecatum,
949 1465 981 1490 de

192 1513 245 1539 quo
260 1505 329 1532 fama
345 1507 487 1540 prreiverat
501 1515 581 1542 opera
597 1509 774 1543 quorumdam
790 1509 868 1536 istius
882 1509 979 1536 l‘abul:e
994 1511 1016 1541 C

191 1551 327 1578 artificum
351 1560 411 1579 esse
434 1552 506 1579 illttm
531 1561 644 1588 puerum
667 1553 807 1588 Joannem,
826 1557 981 1590 congregati

194 1606 292 1631 magno
310 1606 423 1626 numero
440 1599 654 1627 irrevocabililer
667 1601 690 1627 ei
707 1602 876 1628 adhaeserunt
893 1606 921 1629 ut
933 1610 983 1629 suo

191 1643 320 1674 domino,
344 1652 422 1678 quem
449 1644 574 1672 videlicet
599 1646 685 1680 ipsum
713 1654 774 1674 esse
800 1648 983 1682 opinabantur

192 1687 331 1716 Theodori
349 1698 436 1724 nuper
452 1690 609 1726 imperantis
626 1692 720 1723 filium.
733 1693 776 1720 cui
793 1701 822 1720 se
840 1694 983 1721 obstrictos

192 1734 387 1762 existimabant
407 1735 538 1770 religione
559 1738 723 1764 sacramenti
744 1739 842 1766 dudmn
864 1740 896 1765 ab
917 1739 983 1773 ipsis

193 1780 246 1807 rite
261 1782 382 1816 concepti
400 1782 426 1810 in
442 1784 524 1811 verba
540 1782 673 1810 Theodori
689 1785 772 1818 patris
789 1789 814 1812 et
831 1785 982 1812 decessoris

195 1825 268 1858 ejus,
283 1828 425 1861 studioque
441 1828 542 1862 ingenti
560 1829 592 1855 ad
611 1829 717 1863 quidvis
735 1831 879 1865 prohujus
897 1831 983 1858 salute

194 1878 227 1897 ac
241 1871 371 1905 dignitate
386 1873 539 1900 audendum
556 1875 780 1909 subeundumque
794 1876 984 1908 inrubuerunt,

197 1917 298 1943 ultores
320 1917 425 1952 injuria:
447 1919 546 1946 atrocis
564 1919 615 1953 ipsi
634 1920 711 1947 fac-tte
728 1928 757 1947 se
775 1920 899 1949 ferentes.
917 1922 985 1957 Ergo

195 1961 283 1996 palatii
299 1962 331 1989 ab
346 1963 508 1996 imperatore
522 1963 690 1997 defecerunt,
702 1965 724 1992 si
739 1966 784 1999 qui
799 1966 832 1992 ab
844 1974 876 1993 eo
892 1971 984 1993 contra

195 2007 334 2040 venirent,
343 2008 442 2035 acriter
453 2016 482 2035 se
494 2010 635 2037 restituros
648 2018 679 2037 ac
690 2012 879 2045 qualecunque
891 2012 986 2039 discri-

199 2057 261 2076 men
289 2059 383 2086 pugnaa
408 2053 588 2081 libentissime
613 2055 736 2083 adituros
760 2057 987 2085 dcmonstrantcs.

199 2095 320 2123 Primum
339 2098 458 2125 omnium
478 2100 574 2126 vestitlt
592 2107 744 2135 ornatuque
758 2101 884 2136 Augusta:
903 2104 987 2138 maje-

198 2142 262 2171 stati
289 2150 409 2178 congruo
433 2144 554 2172 ittdtttutn
582 2146 835 2182 circutndatnmque
860 2149 985 2176 comitatu

1020 222 1050 248 τὸ
1068 220 1265 256 στρατιωτικὺν
1280 221 1309 246 ὲν
1334 218 1424 254 ταυτῷ
1447 217 1574 249 συλλέξας
1594 216 1744 243 ἀπέστελλε
1759 224 1810 242 πο-

1020 268 1119 303 λέμους
1135 267 1339 302 πολεμήσοντας
1357 265 1514 300 ἐμφυλίους.
1530 263 1584 291 Καί
1604 272 1635 298 γε
1651 262 1745 289 πολλοὶ
1760 262 1811 296 τῆς

1021 313 1091 341 κατὰ
1113 313 1184 347 σφᾶς
1208 312 1300 348 ἰσχύος
1326 312 1480 348 κρείττονες
1500 310 1602 345 ὥρμων
1627 310 1736 345 δοκήσει
1760 307 1812 342 τῆς

1022 360 1091 395 πρδς
1107 359 1220 394 βασιλέα
1235 359 1350 390 εὐνοίας,
1368 358 1415 385 καὶ
1434 359 1492 393 ἔρις
1508 355 1542 393 ἦν
1563 356 1596 392 ἦν
1610 364 1651 387 τις
1666 354 1812 390 προκινδυ-

1024 406 1122 437 νεύσας
1134 405 1290 440 χαρίσαιτο.
1309 404 1340 440 [P
1354 404 1416 440 150]
1432 404 1462 431 Οἱ
1477 403 1505 430 δὲ
1517 402 1649 438 μαθόντες
1663 400 1733 427 οὕτω
1747 399 1813 426 πολ-

1023 452 1085 484 λοὺς
1099 453 1161 480 καθ’
1176 452 1266 479 αὐτῶν
1280 451 1424 486 ὁρμῶντας
1439 451 1477 482 ὼς
1496 449 1658 478 ἀποστατῶν
1669 447 1811 482 ἄντικρυς,

1023 498 1072 533 τὴν
1106 498 1156 533 μὲν
1181 497 1351 524 ἀποστασίαν
1378 496 1476 522 πολλοῦ
1507 504 1578 527 τινος
1611 492 1813 528 συγκαλύπτειν

1024 544 1145 578 ἐδέησαν,
1158 543 1228 570 ὥστε
1252 543 1301 570 καὶ
1316 542 1474 577 ὡμολόγουν
1489 541 1537 568 καὶ
1560 541 1632 576 μέγα
1651 549 1677 566 τι
1702 538 1813 565 ἐδόκουν

1024 590 1156 626 πράττειν
1179 591 1219 622 εἰς
1239 589 1338 623 δεῖγμα
1357 588 1408 623 τῆς
1434 588 1505 615 κατὰ
1530 587 1600 621 σφᾶς
1625 584 1817 616 εὺσεϐείας,εῐ

1025 643 1056 669 γε
1076 636 1124 662 καὶ
1141 635 1212 670 ὑπὲρ
1228 634 1361 670 βασιλέως
1381 634 1427 660 καὶ
1441 633 1607 668 ἠδικημένου
1621 631 1813 659 κινδυνεύοιεν.

1026 681 1081 708 Καὶ
1097 681 1221 716 σύνθημα
1234 679 1267 716 ἦν
1283 680 1397 711 ἐκείνοις
1417 679 1456 711 ἓν,
1471 679 1487 714 ἢ
1501 679 1579 714 νικᾷν
1595 678 1612 713 ἦ
1637 677 1742 707 πάντας
1766 676 1814 702 πί-

1026 734 1114 754 πτειν.
1130 727 1211 754 Ὅθεν
1228 727 1403 762 περισχόντες
1423 725 1456 752 τὰ
1474 724 1650 760 ὀχυρώματα,
1663 723 1710 749 ἀπ’
1724 721 1813 748 αὺτῶ-

1026 782 1056 800 τε
1070 773 1105 800 τὰ
1119 773 1163 800 διὰ
1177 773 1262 806 τόξων
1283 773 1347 808 βέλη
1370 772 1476 798 ἐνίεσαν
1492 771 1553 797 καθ’
1567 771 1641 801 ὅστις
1661 769 1694 796 ἂν
1710 767 1756 795 καὶ
1771 768 1817 801 ἑγ-

1026 819 1077 853 γὺς
1097 819 1273 854 προσϐάλλοι,
1292 818 1340 845 καὶ
1362 816 1556 852 προπηδῶντες
1570 816 1700 850 γυμνῖται
1716 815 1816 849 προσέ-

1027 864 1134 896 ϐαλλον,
1159 864 1248 899 τόλμῃ
1267 861 1302 891 τέ
1326 863 1545 898 προσπίπτοντες
1567 860 1670 896 μείζονι
1685 859 1818 894 κατηκόν-

1026 910 1101 942 τιζον
1120 909 1157 944 μὴ
1171 908 1412 945 καταθαρροὗντας
1430 907 1542 934 ἐκείνων
1555 906 1619 938 τοὺς
1635 905 1817 941 στρατιώτας.

1027 957 1058 982 οι
1071 955 1099 982 δὲ
1114 956 1161 982 καὶ
1178 954 1323 986 πονοῦντες
1343 954 1490 988 ὑφίσταντο
1503 953 1550 980 καὶ
1564 952 1649 979 δεινὸν
1664 952 1817 984 ποιοῦντες,

1027 1003 1052 1029 εἰ
1065 1002 1174 1034 πλείους
1185 1002 1282 1035 ὀλίγων
1293 1001 1340 1028 καὶ
1353 1001 1478 1035 ἄγροικοι
1488 999 1607 1026 ἀστικῶν
1620 998 1817 1032 περιγένοιντο’

1028 1047 1231 1082 προσεεοήῦουν
1247 1055 1275 1072 τε
1295 1046 1430 1081 ἀλλήλοις,
1455 1045 1502 1071 καὶ
1517 1045 1669 1071 ἐπέπιπτον
1689 1043 1820 1078 κραταιό-

1028 1102 1118 1129 τερον,
1135 1094 1182 1120 καὶ
1209 1092 1324 1123 πολλοὺς
1352 1093 1401 1126 μὲν
1423 1091 1558 1126 ἔφθειρον,
1581 1091 1610 1116 οὐ
1631 1090 1684 1125 μὴν
1697 1090 1725 1116 δὲ
1747 1088 1820 1115 ὥστε

1030 1181 1118 1215 cupidi
1136 1187 1184 1214 pro
1199 1188 1229 1207 se
1245 1181 1360 1214 quisque
1377 1180 1545 1206 ostentandae
1562 1179 1704 1213 pratciputc
1725 1178 1820 1212 cujus-

1029 1227 1090 1254 dam
1104 1234 1166 1262 crga
1180 1227 1372 1262 imperatorem
1389 1225 1590 1256 benevolentiae,
1603 1225 1681 1260 195
1695 1224 1819 1252 certatim

1031 1280 1090 1300 sese
1104 1277 1196 1299 mutuo
1211 1276 1373 1306 praevertere
1387 1271 1528 1298 studentes
1543 1271 1670 1305 periculis
1685 1270 1755 1297 ultro
1771 1271 1820 1298 de-

1030 1319 1172 1353 poscendis
1189 1318 1384 1351 adeundisque.
1402 1317 1440 1343 llli
1459 1324 1539 1351 porro
1555 1324 1622 1350 quos
1640 1317 1690 1343 iste
1702 1323 1820 1350 appara-

1031 1368 1075 1391 tus
1092 1364 1216 1398 pctebat.
1233 1371 1292 1391 eum
1313 1364 1450 1390 audissent
1468 1368 1569 1390 tantum
1589 1362 1613 1389 in
1632 1363 1821 1390 se'numerum

1033 1410 1243 1444 oppugnantium
1266 1409 1374 1436 immitti
1394 1413 1521 1443 tanquam
1540 1409 1565 1435 in
1584 1415 1646 1436 vere
1665 1408 1778 1436 rebelles
1795 1413 1823 1436 et

1035 1454 1128 1481 hostes
1148 1454 1268 1488 imperii.
1284 1453 1439 1480 rebellionis
1458 1453 1566 1487 quidem
1590 1452 1715 1488 probrum
1739 1457 1822 1486 atque

1033 1499 1160 1526 invidiam
1176 1500 1253 1526 enixe
1268 1499 1435 1532 depcllcbant
1450 1507 1457 1525 τ
1472 1499 1535 1533 quin
1551 1505 1643 1524 contra
1658 1499 1822 1532 profiteban-

1035 1549 1077 1572 tur
1093 1549 1120 1571 et
1137 1545 1206 1572 ultro
1222 1544 1364 1579 jactabant
1380 1552 1477 1578 magno
1496 1551 1525 1570 se
1548 1544 1640 1578 utique
1662 1545 1823 1572 documento

1037 1595 1189 1617 monstrare
1206 1590 1285 1620 [idem
1305 1597 1336 1617 ac
1354 1589 1479 1624 pietatem
1499 1597 1591 1620 suam,
1607 1589 1652 1624 qui
1670 1597 1717 1624 pro
1735 1590 1822 1624 impe-

1035 1640 1125 1663 ratore
1146 1643 1160 1663 a
1181 1636 1339 1671 gravissima
1362 1635 1459 1669 injuria
1477 1635 1639 1662 vindicando
1656 1635 1744 1670 capita
1766 1635 1825 1663 for-

1036 1687 1168 1717 tunasque
1192 1689 1255 1708 suas
1280 1682 1400 1717 ipsorum
1427 1682 1476 1707 sub
1502 1687 1651 1708 extremum
1677 1682 1823 1709 discrimen

1035 1728 1184 1755 mitterent.
1203 1727 1291 1760 Quare
1309 1728 1358 1754 hac
1377 1727 1487 1753 animati
1509 1727 1677 1753 conscientia
1695 1727 1744 1760 pia:
1762 1727 1825 1754 belli

1035 1781 1134 1806 causae,
1153 1773 1204 1801 hoc
1219 1773 1296 1807 quasi
1315 1780 1363 1807 pro
1380 1777 1481 1799 tessera
1501 1772 1526 1798 in
1543 1780 1590 1799 ore
1606 1779 1636 1799 ac
1650 1773 1750 1799 mutuis
1765 1779 1827 1799 scr-

1036 1821 1160 1848 moaibus
1183 1819 1292 1846 assidue
1311 1819 1446 1846 habebant
1463 1819 1532 1845 forte
1548 1824 1629 1853 atque
1648 1818 1827 1846 irrevocabile

1035 1867 1201 1901 propositum
1226 1865 1352 1892 vincendi
1379 1869 1426 1892 aut
1449 1864 1560 1891 omnino
1585 1864 1726 1891 meriendi.
1753 1864 1827 1894 Ergo

1037 1912 1148 1939 insessis
1174 1918 1268 1945 inagna
1293 1910 1463 1938 multitudine
1485 1910 1595 1937 arcibus
1616 1917 1648 1936 ac
1671 1910 1749 1937 editis
1771 1910 1825 1938 situ

1036 1958 1118 1990 locis,
1133 1958 1193 1985 inde
1211 1957 1345 1992 ingentem
1363 1957 1475 1983 telorum
1491 1957 1544 1982 vim
1561 1955 1766 1990 ejaculabantur
1781 1963 1829 1983 ar-

1038 2005 1132 2035 cubus.
1148 2005 1347 2038 tuebanlurque
1363 2003 1479 2037 spatium
1497 2004 1566 2029 intra
1587 2002 1701 2036 jactum,
1719 2011 1750 2030 ne
1765 2003 1828 2037 quis

1038 2060 1070 2079 co
1085 2059 1114 2079 se
1132 2052 1238 2085 impune
1252 2051 1408 2077 admoveret
1423 2058 1430 2075 :
1447 2049 1492 2076 sed
1509 2054 1536 2076 et
1551 2050 1637 2076 auctis
1652 2057 1713 2076 mox
1729 2050 1828 2078 animis

1038 2097 1209 2132 prosilientes
1235 2096 1312 2128 inde,
1337 2096 1395 2122 sine
1425 2095 1517 2122 loricis
1543 2099 1571 2121 et
1598 2095 1698 2129 galeis,
1723 2095 1830 2127 irrueje

1039 2145 1174 2171 audebant
1190 2151 1268 2170 niauu
1285 2142 1364 2172 facta,
1379 2147 1405 2168 et
1420 2144 1489 2168 ultro
1504 2149 1676 2176 aggressores
1694 2141 1829 2169 lacessere

195 2195 258 2215 eum
280 2193 310 2215 ut
333 2189 523 2223 imperatorem
549 2197 718 2225 agnoverunt
736 2193 939 2227 colueruntque,
955 2201 986 2220 ac
1003 2189 1024 2216 ι)
1039 2191 1136 2217 crebro
1153 2190 1304 2223 jacnlorum
1327 2188 1421 2215 missu.
1436 2187 1537 2220 Quibus
1558 2187 1657 2214 milites
1678 2187 1829 2221 imperato-

195 2242 227 2263 ω
247 2242 296 2269 pro
318 2235 364 2262 illo
385 2236 504 2270 cujusvis
525 2237 636 2271 periculi
658 2238 744 2265 aleam
764 2239 855 2272 jacere
877 2244 984 2273 paratos

196 2280 311 2315 prolcssi
329 2285 401 2308 sunt.
414 2281 516 2314 Quibus
529 2283 678 2317 imperator
692 2285 809 2319 cognitis
824 2285 987 2312 incredibili-

197 2330 240 2353 ter
253 2328 366 2359 cxarsit,
380 2327 469 2355 mistis
485 2329 524 2355 ira
540 2334 668 2363 metuque
683 2330 893 2364 indignationem
907 2331 988 2358 vehe-

198 2372 396 2400 mentissimatn
415 2373 631 2402 incendentibus.
649 2374 729 2402 Extra
748 2376 819 2402 enim
838 2383 898 2403 sese
916 2376 987 2404 fere-

196 2417 276 2446 batur
289 2426 350 2446 cum
367 2421 505 2455 cogitabat
520 2420 561 2447 illa
577 2421 654 2448 fama:
671 2421 722 2449 late
735 2424 856 2457 vagantis
870 2424 987 2450 vanitate

196 2466 348 2500 periclitari
372 2473 448 2497 sese.
466 2474 499 2494 ne
522 2467 557 2494 illi
582 2473 689 2495 montes
706 2473 732 2495 et
749 2476 826 2496 arces
844 2470 910 2496 tanti
930 2478 988 2497 mo-

197 2513 282 2539 menti
297 2520 310 2538 a
326 2521 375 2539 suo
391 2513 506 2548 imperio
520 2514 714 2548 avellerentur;
732 2516 865 2550 simulque
880 2522 989 2551 reputa-

198 2558 244 2586 bat
257 2560 441 2588 vcrisimiliter
453 2560 515 2588 inde
529 2566 680 2588 secuturam
695 2561 870 2597 plurimorum
883 2571 988 2598 quoque

198 2605 312 2632 aliorum
340 2605 531 2633 defectionem.
558 2606 690 2639 Quocirca
719 2611 820 2644 totum,
844 2615 897 2642 quo
925 2612 988 2636 tunc

201 2656 275 2679 motu
291 2653 378 2686 primo
391 2652 489 2680 ardens
505 2653 646 2688 ﬂagrabat,
658 2653 785 2688 impetum
801 2653 848 2681 irae
861 2654 989 2681 continuo

199 2697 310 2724 admisit
322 2700 354 2724 ad
368 2706 463 2726 severe
477 2699 677 2733 quamprimum
692 2698 879 2726 vindicandam
893 2700 988 2725 horum

201 2745 386 2772 rein-Ilionam.
404 2746 496 2780 itaque
520 2745 611 2772 subito
634 2745 748 2772 immisit
768 2745 795 2772 in
817 2745 888 2772 istud
911 2745 990 2772 civile

202 2790 298 2818 bellum
321 2792 418 2826 raptim
440 2792 558 2826 undique
579 2799 685 2819 coactas
706 2796 812 2826 tmpertt
834 2791 944 2826 copias,
962 2792 988 2818 in

203 2837 302 2871 quibus
324 2839 446 2874 plerique
467 2839 608 2867 alacritate
627 2839 740 2866 ruebant
758 2838 860 2866 viribus
881 2838 988 2873 majori,

1038 2236 1091 2267 ris,
1107 2235 1177 2261 haud
1195 2235 1252 2261 ausi
1270 2234 1433 2261 descendere
1452 2233 1484 2259 in‘
1495 2236 1629 2260 certamen
1647 2233 1770 2260 cominus
1786 2236 1830 2260 vel

1037 2289 1115 2315 :equo
1140 2289 1170 2308 se
1194 2288 1287 2315 campo
1312 2279 1437 2311 credere,
1459 2283 1515 2312 tuta
1542 2278 1634 2312 procul
1660 2278 1831 2313 jaculatione

1039 2328 1251 2362 respondebant,
1277 2334 1372 2361 magna
1401 2325 1521 2360 pernicie
1548 2324 1687 2359 ipsorum,
1709 2332 1770 2352 etim
1799 2324 1830 2352 in

1037 2374 1173 2401 confertos
1189 2373 1289 2400 nullutn
1309 2372 1390 2399 telttm
1406 2371 1455 2398 iret
1468 2371 1586 2397 irritum.
1602 2369 1640 2397 llli
1656 2370 1831 2405 indignantes

1038 2425 1141 2447 tantum
1161 2419 1254 2446 inferri
1272 2418 1322 2445 sibi
1341 2417 1431 2444 damni
1449 2425 1500 2443 non
1519 2417 1552 2442 ab
1566 2417 1685 2443 exercitu
1705 2417 1764 2443 acie
1784 2417 1830 2443 in-

1039 2470 1141 2493 structo
1156 2465 1203 2492 sed
1217 2472 1232 2492 a
1246 2463 1420 2499 praesidiariis
1435 2462 1582 2490 stationum
1598 2462 1713 2495 sparsim
1727 2463 1832 2498 posita-

1039 2520 1110 2543 rum,
1126 2511 1151 2538 in
1169 2519 1283 2546 quarutn
1300 2510 1425 2537 viciniam
1445 2509 1592 2540 irruerent,
1607 2508 1757 2544 ingensque
1775 2509 1831 2536 rati

1040 2565 1118 2586 suum
1136 2557 1251 2584 dedecus
1273 2556 1295 2584 si
1317 2556 1406 2591 plures
1427 2563 1443 2582 a
1463 2555 1556 2589 paucis
1574 2559 1602 2582 et
1618 2555 1707 2581 durati
1725 2554 1828 2589 frigore

1033 2609 1168 2644 .montano
1182 2610 1214 2630 ac
1228 2602 1330 2630 rustico
1344 2601 1436 2629 labore
1451 2601 1485 2628 ab
1500 2600 1640 2629 innutritis
1656 2600 1712 2628 otio
1724 2600 1831 2627 urbano

1041 2649 1199 2684 deliciisque
1218 2648 1406 2680 vincerentur,
1429 2647 1630 2674 concurrebant
1655 2646 1749 2680 majori
1776 2653 1830 2672 nu-

1040 2704 1115 2725 mero
1128 2701 1209 2730 atque
1225 2696 1335 2729 impetu,
1351 2698 1444 2721 mutuo
1458 2701 1487 2721 se
1503 2693 1643 2721 hortantes
1657 2693 1833 2728 adjuvantcs-

1040 2750 1108 2779 que;
1132 2742 1203 2769 unde
1222 2745 1248 2768 et
1265 2741 1354 2776 plures
1375 2740 1494 2775 ipsorum
1513 2739 1624 2775 contigit
1640 2739 1736 2766 cadere
1756 2743 1832 2765 stra-

1041 2795 1156 2824 gemque
1170 2795 1222 2816 non
1238 2794 1347 2823 parvam
1363 2786 1417 2814 edi.
1433 2785 1487 2813 Nec
1504 2791 1592 2812 tamen
1608 2785 1634 2812 id
1652 2785 1685 2812 ad
1703 2785 1832 2812 minuen-

1043 2839 1105 2865 dam
1121 2836 1261 2865 audaciam
1277 2842 1369 2864 eorum
1385 2834 1615 2868 remittendosque
1633 2833 1759 2861 ardentes
1775 2831 1832 2860 im-
