1936 3069
212 128 266 159 €39

213 182 322 217 συχιαῖς
346 182 414 207 ὅπου
440 182 567 215 nep-.519:
593 181 752 216 χριιιμένους
780 184 839 214 ταῖς
859 183 1004 217 ἐκδρομαῖς

213 228 406 254 ἐπεισπίπτειν
427 229 474 254 καὶ
495 228 621 262 ῥοπάλοις
649 229 690 261 (οὐ
712 229 765 263 γὰρ
789 227 861 263 εἶχον
886 229 1005 258 iit-narra;

214 274 331 309 σπάθας)
350 275 597 308 καταγωνίζεσοαι.
620 276 698 301 Οὕτω
724 276 788 309 γοῦν
806 277 852 302 ἐπὶ
870 276 937 302 πολὺ
957 278 1004 302 τοῦ

213 320 332 354 πολέμου
352 321 550 354 συνισταμένου
564 322 611 348 καὶ
623 322 678 348 τῶν
692 323 862 356 πραγμάτων
877 322 1006 356 τριϐομέ-

213 374 277 396 νων,
299 366 360 392 ἐπεὶ
384 367 433 392 οὐκ
459 364 494 401 ἦν
519 367 595 400 σφίσι
625 368 790 402 μαχομένοις
815 369 1005 402 περιγίνεσθαι

212 413 267 437 17w
288 413 506 446 ἀνθισταμένων,
527 413 648 448 ἔγνωσαν
669 415 822 446 εὐσυνὲτως
837 415 1005 449 ὑπέρχεσθαι

215 458 274 491 μετ’
291 459 411 493 εἰρήνης,
435 459 465 484 οὐ
485 459 588 489 πάντας
605 458 663 493 ἅμα
679 466 685 473 ’
703 459 822 485 ἀδύνατα
842 460 897 494 γὰρ
919 460 1005 491 οὕτως

212 501 247 538 ἦν
267 504 458 530 ὑποκλίνεσθαι
478 505 696 539 σπενδομένουςο
717 507 774 536 τοῖς
795 506 849 540 γὰρ
866 505 894 538 ἐξ
918 507 1005 541 ἀρχῆς

213 551 398 584 ἐγνωσμένοις
424 551 590 586 ἐμμένοντες
617 552 795 584 μεταεοὶλλειν
826 553 938 587 ᾐδοῦντο
960 553 1005 578 τὸν

213 597 328 630 πλησίον
344 597 468 627 ἕκαστος,
486 597 533 622 καὶ
555 597 585 622 τὸ
608 597 720 623 δέτελπι
739 599 816 630 σφίσι
844 598 949 632 προςῆν
967 598 1004 630 ὡς

213 643 410 675 ἀπολουμένοις
429 643 452 668 εἰ
470 643 577 669 ἐνδοῖεν.
605 643 649 678 Τῷ
664 651 704 669 τοι
726 644 772 669 καὶ
794 643 855 670 καθ’
869 644 916 670 ἕνα
934 644 1004 678 πέμ-

215 696 312 718 πιντες
327 688 382 713 τῶν
404 689 452 723 μὲν
471 689 634 723 συμϐάντων
647 689 799 723 ἀμνηστίαν
814 690 885 724 ἔχειν
897 692 942 716 καὶ
955 691 1005 725 βχ-

213 734 289 760 σιλέα
302 734 348 760 καὶ
358 735 454 765 αὒῑιὺς
470 735 662 770 ὑπισχνοῦντο,
678 735 792 766 ἐκείνοις
803 737 830 762 δὲ
845 737 881 771 μὴ
894 737 1003 771 διηνεκῆ

213 780 264 813 τὴν
279 781 325 806 ἐπὶ
342 780 481 812 κακίστοις
505 781 632 815 ὁμόνοιαν
657 782 725 816 πρὸς
741 783 804 814 τοὺς
820 782 917 813 ἄλλους
932 783 1005 817 ἔχειν

212 826 251 857 ὡς
278 823 334 852 οἷον
359 835 388 852 τε
421 826 625 859 συνεϐούλευον,
659 829 705 854 καὶ
732 829 814 862 σφᾶς,
839 830 864 855 el
890 828 1003 858 θέλοιεν,

216 873 336 907 προῆγον
353 874 392 904 εἰς
406 874 505 905 τόπους
519 874 745 908 σεσημασμένους
756 874 845 906 ὄντας,
859 875 929 910 πλὴν
945 875 1004 909 μεθ’

212 919 328 952 ὁμήρων
351 919 392 950 (οὐ
419 919 472 954 γὰρ
500 919 608 953 ἀπατᾷν
631 918 799 954 ὀρέγεσθαι),
818 921 1003 955 ἐντυγχάνειν,

213 964 244 995 ἐξ
260 961 297 990 ὧν
316 962 386 990 εἶναι
414 965 562 999 μανθάνειν
581 965 668 991 ὁπόσα
693 966 761 1000 πρὸς
779 965 910 1000 βασιλέως
926 967 1005 1002 εὐερ-

212 1011 413 1044 γετῃοήσοηται
428 1011 549 1042 ἐνδόντες
570 1012 619 1046 μὲν
634 1012 684 1043 τὰς
709 1013 848 1044 ἐνστάσεις
864 1012 902 1048 τῷ
922 1013 1004 1039 σπέν-

212 1056 316 1088 δεσθαι,
336 1057 479 1092 προδᾶντες
495 1057 522 1083 δὲ
539 1058 585 1083 καὶ
600 1058 646 1084 τὶν
665 1059 704 1089 εις
720 1057 832 1093 βασιλέα
849 1059 1005 1093 φημιζόμε·

212 1111 258 1129 νον
275 1103 386 1129 πλάνον.
404 1103 480 1138 Μηδὲ
496 1103 550 1138 γὰρ
576 1102 646 1130 εἷναι
669 1104 764 1131 τοῦτον
791 1105 838 1131 τὸν
864 1105 1004 1140 Λάσκαριν

214 1165 284 1187 scu‘.
301 1161 339 1187 Ac
353 1169 508 1195 quanquam
525 1160 631 1187 illorum
651 1162 774 1196 plerique
790 1167 917 1190 carentes
931 1163 1004 1190 ensi-

214 1207 264 1232 bus
279 1207 369 1233 clavas
383 1208 468 1234 solum
484 1211 510 1233 et
524 1207 634 1232 ramalia
651 1207 750 1233 nodosa
764 1215 813 1242 pro
827 1208 910 1235 armis
923 1208 1004 1235 italic-

215 1252 291 1283 bant,
312 1258 401 1279 tamen
425 1252 569 1285 adjuvante
591 1252 734 1286 iniquitate
755 1253 875 1280 locorum
899 1259 1004 1281 nostros

215 1300 289 1323 utrn:
301 1305 354 1331 que
367 1297 470 1331 optime
484 1303 613 1328 armatos,
628 1306 675 1332 per
689 1303 750 1325 nota
768 1299 833 1332 ipsis
847 1299 1003 1327 diverticula

216 1343 412 1377 deprehensos,
428 1343 508 1370 facile
524 1345 713 1378 opprimebant
728 1344 935 1378 vincebantquue.
950 1345 1004 1372 Hac

214 1388 370 1415 conditione
392 1394 445 1416 tam
467 1389 546 1416 nobis
562 1389 692 1416 damnosa
708 1390 766 1416 belli
782 1398 841 1417 cum
859 1391 937 1426 longo
948 1392 1003 1425 jam

213 1438 289 1460 esset
309 1438 431 1468 tempore
454 1439 602 1469 pugnatum
626 1443 674 1462 nec
694 1443 736 1462 res
758 1436 858 1463 exitum
881 1437 1003 1469 haberet.

214 1479 286 1506 versi
301 1480 334 1507 ad
348 1485 422 1507 artes
438 1482 533 1513 nostri,
550 1481 620 1514 quod
636 1481 676 1508 vis
692 1489 743 1509 non
761 1483 929 1514 succederet.
943 1488 1003 1510 ten-

215 1526 327 1553 tandum
342 1526 392 1553 sibi
409 1531 548 1560 putarunt.
563 1526 584 1553 si
602 1534 701 1561 paucos
716 1527 810 1553 saltem
829 1528 957 1562 hostium,
973 1538 1004 1557 ac

214 1579 263 1606 per
276 1572 360 1598 vicem
379 1571 461 1606 198
475 1572 603 1604 singulos.
622 1572 757 1599 abducere
774 1581 787 1598 a
804 1575 1005 1609 conspiratione

215 1619 354 1646 roo.|uuni
369 1624 395 1646 ct
407 1620 438 1645 ad
452 1621 527 1653 pacis
542 1620 728 1646 nat-tationem
743 1621 872 1664 int-limare
885 1626 1003 1657 possent,

215 1665 295 1692 llatio
313 1666 369 1692 lucc
385 1670 443 1692 erat
457 1665 561 1692 consilii
579 1666 729 1700 prudentis.
745 1665 821 1693 llaud
841 1668 1004 1701 sperandum

214 1712 357 1739 videbatur
378 1720 457 1747 posse
477 1711 583 1738 admitti
607 1719 638 1738 ac
664 1712 706 1739 vel
726 1712 812 1739 audiri
834 1714 968 1747 patienter
990 1722 1003 1740 a

214 1758 350 1785 communi
365 1758 480 1786 consilio
493 1758 591 1792 gentis,
601 1763 627 1786 et
639 1759 677 1785 ira
690 1758 828 1793 ﬂagrantis
838 1764 864 1786 et
876 1767 1004 1787 successu

215 1805 277 1831 belli
299 1805 391 1836 elatae,
406 1804 612 1839 compositionis
631 1805 794 1832 mentientem
815 1814 821 1831 :
842 1805 886 1832 ﬁxi
906 1806 1004 1840 quippe

212 1858 308 1877 mones
336 1855 414 1877 erant
442 1851 467 1876 in
495 1850 632 1884 proposito
657 1850 812 1878 vindicandi
843 1851 1002 1886 tuendique,

212 1904 293 1928 quem
310 1903 340 1923 se
354 1896 454 1923 habere
470 1895 613 1929 putabant,
627 1894 737 1929 legitimi
752 1895 792 1921 sui
808 1895 953 1930 principis;
970 1897 1002 1923 ad

215 1941 273 1968 lucc
297 1941 409 1969 insidias
432 1942 458 1969 in
480 1942 660 1969 conventione
683 1945 888 1975 suspectantes,
905 1947 932 1969 et
951 1951 1001 1970 non

213 1990 273 2016 sine
288 1996 370 2015 causa
387 1992 539 2015 metuentes
554 1995 586 2014 ne
599 1986 690 2014 dolose
706 1987 807 2014 inducti
824 1989 915 2021 specie
929 1989 1003 2022 pacis

212 2034 404 2063 irrltatissimis
418 2034 540 2061 hostibus
553 2034 585 2060 ad
599 2041 693 2068 pceuas
707 2039 814 2061 atroces
827 2034 1001 2067 dederentur,

212 2086 308 2108 cuncta
325 2081 383 2115 ejus
397 2080 503 2115 generis
521 2080 612 2107 statim
632 2079 721 2107 oblata
743 2081 916 2114 respuebant.
933 2081 1002 2115 Ergo

212 2128 329 2163 primum
353 2127 385 2154 ad
408 2135 490 2154 unum
512 2133 539 2153 et
559 2127 686 2159 alterum,
704 2134 764 2153 mox
785 2127 883 2154 sensim
907 2135 1002 2154 succc-

212 2175 294 2202 dente
316 2174 425 2208 negotio
449 2174 482 2200 ad
504 2173 585 2200 alimn
608 2173 745 2208 aliumque
768 2174 912 2200 mittuntur
934 2173 1002 2200 certi

211 2229 261 2249 nec
274 2221 372 2256 ingrati
387 2220 512 2254 privatim
529 2219 663 2252 lmmiues,
676 2220 720 2254 qui
736 2219 898 2247 oblivionem
913 2221 1003 2246 utrin-

211 2275 264 2302 que
287 2271 486 2294 transactorum
512 2271 706 2300 proponerent,
723 2265 882 2300 pollicentes
903 2267 1003 2300 optima

213 2315 265 2342 ﬁde
291 2314 326 2341 ab
349 2315 512 2348 imperatore
536 2313 730 2345 sanciendam,
755 2313 777 2340 si
803 2319 830 2340 et
855 2313 904 2348 ipsi
931 2315 1004 2348 paria

212 2361 348 2396 spondere
370 2361 402 2388 de
422 2367 452 2388 se
469 2360 580 2387 vellent.
597 2359 653 2386 Sub
673 2361 730 2387 lucc
749 2360 926 2386 insinuabant
944 2368 1004 2388 sese

211 2407 281 2439 illis,
296 2407 383 2434 amice
402 2407 568 2442 suggerendo
589 2406 761 2433 consulerent
776 2406 856 2433 rebus
872 2407 929 2434 suis
948 2407 1004 2442 pri-

212 2452 311 2484 vatim.
328 2460 378 2479 nec
401 2459 474 2479 cmco
500 2459 530 2478 se
554 2451 702 2478 multorum
727 2452 827 2486 impetu
853 2452 878 2478 in
902 2457 1004 2480 certum

212 2499 326 2525 exitium
351 2498 436 2533 abripi
460 2498 612 2532 prmcipites
635 2497 766 2524 siueteut.
783 2497 838 2524 Non
863 2505 891 2525 se
911 2503 1005 2532 postu-

211 2545 269 2573 lare
293 2549 322 2572 ut
345 2544 433 2571 verbis
461 2545 603 2572 crederent
627 2552 634 2570 :
657 2551 755 2578 capere
779 2544 860 2571 litere
887 2552 1005 2579 praseus

212 2591 427 2625 experimentum
458 2598 548 2617 rerum
579 2590 708 2624 ipsartnn.
739 2589 838 2616 Venire
864 2591 942 2616 modo
971 2597 1004 2618 ne

211 2641 400 2672 gravarentur,
416 2637 555 2664 obsidibus
576 2637 602 2664 in
623 2641 710 2664 tutum
732 2636 846 2664 reditum
868 2637 1002 2670 acceptis,

214 2683 247 2709 ad
265 2682 324 2709 loca
338 2682 478 2718 designata
489 2702 497 2714 ,
511 2683 556 2709 ubi
572 2682 726 2709 distinctius
744 2683 931 2717 explicandqu
952 2682 1004 2709 illis

213 2727 285 2755 lorct
300 2729 410 2762 quantis
425 2733 517 2756 essent
532 2728 565 2755 ab
581 2729 745 2762 imperatore
761 2727 916 2754 cutuulaudi
934 2736 1003 2762 pra:-

214 2774 286 2806 miis.
299 2775 321 2802 si
339 2775 426 2802 redire
443 2783 503 2802 eum
520 2782 552 2802 eo
570 2775 595 2802 iu
611 2775 726 2810 gratiam
743 2774 842 2802 vellent
856 2775 1004 2809 impostore

215 2819 272 2852 illo,
285 2829 332 2855 pro
348 2829 401 2856 quo
418 2826 592 2857 pugnassent,
607 2821 766 2848 abdicando.
783 2820 926 2848 Nou‘euim
944 2827 1004 2847 csse

218 2865 295 2894 illum
321 2867 451 2896 Joannem
477 2868 634 2900 Lascarim,
663 2867 795 2903 quidquid
822 2866 885 2902 ipsis
911 2866 1003 2894 luisset

823 129 987 159 GEORGII
1009 127 1248 157 PACHYMEILE

1793 125 1848 156 lii-3

1021 183 1041 210 Λ
1063 181 1199 214 ‘lma’tqu,
1218 181 1279 215 μηδ’
1296 181 1329 207 ἂν
1347 180 1444 211 πάντες
1463 180 1566 214 λέγοιεν
1581 188 1587 194 ⁸
1606 180 1686 206 αὑτὶν
1707 180 1760 214 γᾶρ
1780 181 1850 206 ἀξο-

1057 228 1213 254 κεκλεῖσοαι
1230 228 1269 262 τῷ
1289 227 1342 254 τῶν
1362 228 1538 262 Νικηπιάτων
1555 227 1676 262 φρουρίῳ
1694 226 1741 253 καὶ
1758 227 1850 261 ἀσφαα

1056 273 1110 304 λῶς
1126 273 1385 309 ὲγκαθείργνυσθαι.
1407 274 1457 300 Ἢν
1477 273 1505 300 δέ
1521 282 1564 305 τις
1581 274 1628 299 καὶ
1644 273 1769 308 βούλεται
1785 274 1851 308 βλέ-

1056 328 1118 346 πειν
1133 320 1174 353 ἐφ’
1184 320 1278 355 ὅρκοις
1287 319 1377 346 λαΰὼν
1388 319 1422 346 τὰ
1434 319 1517 346 πιστὰ
1530 320 1691 355 φρικώδεσι,
1704 321 1851 356 προσεῖναι

1056 366 1154 393 τοῦτον
1169 368 1237 394 ξέναι
1252 368 1300 393 καὶ
1313 367 1433 403 βλέπειν.
1451 366 1563 398 Τούτοις
1573 367 1621 393 καὶ
1637 367 1758 394 πλείοσιν
1776 367 1852 393 ἑκεί-

1055 421 1118 443 νονς
1134 413 1316 446 ὐπεξάγοντες
1331 412 1392 439 καθ’
1418 412 1536 447 ἡμέραν,
1563 412 1621 447 ἅμα
1648 413 1675 439 δὲ
1697 413 1744 439 καὶ
1760 421 1850 448 προσο

1057 459 1210 492 πέμποντες
1236 458 1325 491 ἱκανὰ,
1351 457 1427 492 μόλις
1451 457 1560 484 ἐπειοον
1584 458 1630 484 καὶ
1657 458 1783 485 ὲδοὺλουν
1799 459 1852 490 τὰς

1055 504 1168 538 γνώμας
1183 504 1285 539 χρυσίῳ
1304 503 1472 539 μερίζοντες.
1487 503 1541 530 Καὶ
1555 503 1603 530 νῦν
1619 504 1669 538 μὲν
1679 504 1784 536 τοῦτον,
1799 504 1850 531 νῦν

1056 550 1085 576 δὲ
1107 551 1212 576 ἐκεῖνον
1233 550 1414 585 ὑπερχόμενοι
1431 551 1486 582 τοῖς
1511 550 1667 585 μηνύμασι,
1691 550 1772 577 τοῦτο
1798 551 1851 586 μὲν

1056 596 1263 630 θεραπεύοντες,
1284 596 1362 623 τοῦτο
1378 596 1406 622 δέ
1420 604 1452 630 γε
1467 597 1513 622 καὶ
1532 596 1744 631 ὑπισχνούμενοι
1763 597 1851 631 παρέ-

1057 643 1151 669 πειθον
1172 643 1234 674 τοὺς
1262 643 1388 674 πολλοὺς,
1416 643 1462 670 καὶ
1488 643 1589 678 μᾶλλον
1608 643 1671 674 τοὺς
1690 643 1848 678 ἑπιδὴλους,

1056 688 1089 715 Οἳ
1106 688 1137 720 δὴ
1157 690 1293 723 ὁσημέραι
1313 689 1395 714 πλέον
1422 689 1636 723 μαλακιζόμενοι
1660 688 1778 722 ὑποψίαν
1802 691 1849 714 τοῦ

1057 735 1212 769 προδιδόναι
1231 736 1360 770 παρεῖχον
1371 736 1427 766 τοῖς
1438 735 1539 766 ἄλλοις.
1557 735 1630 770 Πλὴν
1645 735 1691 761 καὶ
1703 735 1752 769 τῆς
1766 743 1852 768 μετα-

1055 781 1137 816 ϐολῆς
1163 782 1356 816 αισθανᾶμενοι
1383 781 1434 807 οὐκ
1460 779 1534 816 εῐχον
1548 781 1562 807 ὂ
1578 790 1604 807 τι
1625 782 1673 808 καὶ
1696 781 1849 816 πράξειαν·

1059 828 1155 862 μόνους
1177 827 1230 862 γὰρ
1253 827 1316 858 τοὺς
1346 826 1545 861 σπενδομένους
1571 826 1763 861 ὑπελάμϐανον
1795 827 1850 853 σώ-

1056 874 1162 906 ζεσθαι,
1186 873 1218 909 ἶΡ
1239 873 1299 909 15⁵2]
1323 873 1463 904 κάκείνοις
1479 873 1615 908 ὁσημέραι
1634 873 1727 900 πολλοὶ
1747 882 1850 909 προσε-

1055 921 1161 948 τίθεντο
1178 921 1232 947 aest
1248 920 1296 946 τοῦ
1315 919 1491 946 κινδυνεύειν.
1506 917 1600 945 Ἦσαν
1619 919 1647 945 δὲ
1667 919 1712 946 καί
1733 928 1809 950 τινες
1825 920 1850 946 οἳ

1057 966 1123 993 ’πολὺ
1145 965 1288 1002 κρείττονα
1311 965 1356 991 τὸν
1382 966 1412 991 ὲν
1431 965 1469 999 τῷ
1493 964 1602 1000 πολέμῳ
1625 965 1740 1000 ἡγοῦντο
1763 966 1851 992 Θάνα-

1055 1021 1100 1038 τον
1117 1012 1166 1046 τῆς
1183 1011 1424 1047 προσδοκωμένης,
1444 1011 1468 1037 εἰ
1494 1011 1658 1044 καθυφείντο
1681 1012 1729 1038 καὶ
1750 1012 1848 1047 προδο-

1055 1059 1137 1090 οεῖεν,
1153 1059 1302 1092 κολάσεως,
1319 1059 1366 1086 καὶ
1387 1059 1511 1093 ἀντέχειν
1531 1058 1577 1084 διὰ
1593 1058 1679 1086 ταῦτα
1693 1059 1736 1086 διὰ
1754 1059 1852 1091 τέλους

1055 1105 1161 1141 ἤθελον.

1056 1162 1190 1190 universis
1207 1171 1380 1197 persuasum,
1396 1163 1442 1191 sed
1460 1167 1584 1199 agyrtam
1601 1168 1627 1190 et
1643 1163 1764 1198 planum,
1781 1164 1851 1191 falso

1056 1218 1085 1237 se
1109 1211 1295 1237 Vt‘lltlllalilelll
1324 1210 1432 1238 nomine
1460 1211 1580 1245 ipsisque
1605 1211 1761 1238 illndenlem
1789 1220 1797 1238 :
1825 1216 1853 1239 ct

1058 1256 1228 1282 iuanifestam
1243 1256 1397 1290 impostura:
1409 1255 1606 1283 convictiouem
1621 1255 1783 1288 offerebant,
1793 1265 1854 1284 ser-

1057 1302 1111 1328 vari
1128 1309 1220 1328 verum
1236 1301 1370 1329 Joannem
1389 1302 1557 1330 allirmantes
1575 1302 1709 1330 tutissima
1725 1304 1851 1331 custodia

1057 1347 1083 1374 in
1106 1356 1168 1374 arce
1190 1347 1402 1381 Nicetiatarum,
1420 1355 1474 1383 quo
1499 1353 1650 1382 spectatum
1673 1357 1702 1376 se
1724 1351 1854 1378 conferre

1056 1394 1115 1420 siue
1139 1394 1193 1421 ullo
1221 1395 1340 1428 periculo
1365 1398 1478 1429 possent
1502 1403 1510 1423 :
1535 1401 1749 1430 praasumpturos
1774 1399 1850 1425 enim

1056 1445 1283 1474 quantascunque
1298 1440 1626 1474 vellentjuramentorum
1644 1447 1688 1468 aut
1704 1443 1850 1477 pignorum

1057 1487 1212 1518 Contiones,
1227 1487 1321 1521 sicque
1344 1487 1413 1514 istuc
1430 1495 1508 1521 arquo
1528 1495 1559 1514 ac
1581 1495 1680 1516 securo
1699 1489 1851 1519 intraturos

1057 1533 1166 1565 animo.
1192 1541 1254 1560 cum
1284 1533 1363 1568 pleno
1389 1533 1503 1561 arbitrio
1531 1533 1608 1561 liberi
1635 1534 1755 1568 reditus,
1781 1537 1851 1564 citra

1057 1579 1138 1605 ullam
1158 1579 1320 1612 suspicionis
1336 1580 1474 1607 umbram.
1491 1580 1627 1614 Ejusmodi
1644 1581 1724 1617 199
1743 1583 1851 1610 blandi-

1058 1625 1157 1652 mentis
1177 1625 1363 1660 plausibilium
1386 1634 1542 1654 srrmonum
1559 1627 1757 1661 aliquantulum
1774 1629 1852 1656 initio

1056 1669 1219 1698 labefactata
1244 1671 1345 1698 duritie
1367 1673 1547 1706 quorumdam
1571 1681 1586 1700 e
1608 1674 1754 1706 montanis,
1772 1683 1853 1702 acce-

1056 1717 1138 1743 dente
1158 1725 1224 1744 vero
1245 1717 1318 1752 larga
1341 1719 1523 1745 missitatioue
1542 1726 1682 1746 munerum
1702 1719 1851 1747 vehemen-

1056 1762 1111 1789 tius
1128 1763 1255 1797 impulsa,
1270 1764 1313 1790 vix
1333 1765 1440 1791 tandem
1455 1764 1514 1791 loco
1527 1765 1620 1796 cessit,
1637 1765 1739 1799 placida
1754 1766 1855 1793 docili-

1060 1812 1114 1834 tate
1129 1809 1291 1836 succcdente
1306 1817 1338 1835 ac
1352 1809 1430 1844 plena
1446 1810 1626 1844 promissione
1642 1812 1698 1838 veri
1716 1811 1743 1838 in
1764 1813 1855 1848 impe-

1056 1855 1155 1882 ratoris
1171 1855 1302 1890 obsequia
1318 1856 1416 1888 studii,
1432 1865 1515 1890 auro,
1531 1861 1560 1884 ut
1576 1856 1663 1889 solet,
1677 1857 1852 1891 distrahente

1056 1901 1204 1928 concordes
1225 1906 1253 1928 et
1274 1901 1360 1928 studia
1385 1901 1500 1928 invicem
1523 1907 1639 1936 votaque
1660 1903 1855 1931 committeute

1055 1945 1131 1980 prius
1146 1946 1313 1974 unanimiter
1327 1947 1556 1982 conspirantium.
1571 1946 1608 1974 Ea
1629 1948 1735 1975 ratione
1757 1953 1853 1976 traxe-

1055 1997 1119 2018 runt
1134 1993 1161 2019 in
1177 1999 1270 2027 partes
1285 1993 1396 2025 multos,
1411 1998 1438 2020 et
1450 1993 1476 2020 in
1494 1993 1526 2020 iis
1542 1994 1628 2028 capita
1646 1995 1701 2028 ipsa
1719 1996 1852 2028 nationis,

1057 2038 1222 2065 auctoritate
1238 2039 1292 2065 illic
1309 2044 1335 2066 et
1351 2039 1552 2066 existimatione
1567 2040 1713 2074 principes.
1730 2037 1854 2073 Quibus-

1057 2091 1116 2110 ctuu
1143 2091 1281 2118 utcunque
1301 2085 1396 2112 isthch
1418 2093 1520 2112 arcano
1541 2086 1738 2120 tractabantur,
1754 2092 1781 2115 et
1801 2088 1854 2123 ipsi

1053 2129 1148 2156 sedulo
1169 2129 1309 2162 celabant,
1327 2135 1415 2157 tamen
1434 2138 1495 2158 cum
1513 2130 1540 2158 in
1559 2131 1801 2160 deliberationibus
1820 2135 1856 2160 de

1021 2194 1041 2220 υ
1058 2176 1127 2203 bello
1149 2181 1175 2203 et
1195 2176 1220 2203 in
1240 2177 1314 2203 omni
1335 2178 1480 2204 occasione
1499 2177 1627 2205 similium
1650 2186 1810 2206 sermonum
1837 2181 1854 2207 ii

1058 2221 1193 2249 molliores
1218 2222 1243 2248 in
1266 2223 1323 2250 dies
1343 2230 1372 2250 se
1394 2223 1562 2257 praeberent,
1579 2224 1762 2258 suspicionem
1790 2226 1856 2254 aliis

1057 2273 1199 2296 moverunt
1217 2269 1295 2303 quasi
1312 2270 1491 2301 proditionem
1511 2271 1718 2299 meditarentur.
1735 2272 1856 2306 Moxque

1055 2316 1176 2350 suspicio
1198 2315 1223 2342 in
1245 2315 1399 2349 opinionem
1424 2317 1543 2349 transiit,
1560 2318 1664 2345 idoneis
1682 2319 1856 2347 exstantibus

1055 2361 1213 2388 mutationis
1225 2362 1318 2396 signis.
1330 2361 1406 2389 Unde
1418 2369 1470 2388 non
1484 2370 1578 2396 parum
1593 2363 1748 2390 conturbari
1763 2366 1853 2391 conti-

1055 2407 1093 2440 git
1104 2407 1257 2442 plerosque,
1269 2408 1394 2435 videlicet
1406 2408 1595 2436 existimantes
1607 2409 1658 2436 sibi
1671 2416 1770 2436 cavere
1781 2411 1853 2438 solis

1055 2458 1086 2477 ac
1104 2451 1218 2479 salutem
1235 2451 1367 2479 duntaxat
1382 2453 1520 2488 propriam
1537 2453 1638 2488 pacisci
1655 2461 1701 2481 eos
1719 2454 1766 2488 qui
1784 2462 1849 2482 cum

1056 2495 1218 2530 imperatore
1235 2501 1384 2524 tractarent
1401 2506 1409 2525 :
1427 2502 1539 2525 caeteros
1554 2506 1648 2526 omnes
1665 2499 1710 2526 ira:
1725 2498 1847 2526 hostium

1056 2542 1192 2576 cxpo'sitos
1212 2542 1338 2577 relinqui.
1355 2543 1393 2570 Eo
1412 2543 1495 2570 valuit
1513 2545 1592 2579 hujus
1613 2544 1724 2579 periculi
1745 2550 1849 2577 metus,

1056 2591 1085 2624 ut
1100 2587 1176 2614 multi
1191 2588 1310 2622 quotidie
1328 2588 1362 2614 ad
1380 2596 1426 2615 eos
1440 2589 1485 2624 qui
1501 2589 1654 2616 tractabant
1669 2597 1697 2616 se
1711 2597 1845 2624 aggrega-

1055 2621 1126 2660 rent.
1141 2631 1225 2659 Erant
1240 2637 1329 2659 tamen
1344 2633 1389 2667 qui
1403 2621 1516 2660 mortem
1532 2633 1559 2660 in
1576 2633 1646 2661 bello
1663 2621 1847 2661 mimi-sacer-

1055 2677 1116 2705 bam
1133 2679 1263 2706 ducerent
1276 2679 1353 2706 malis
1370 2679 1580 2713 suppliciisque,
1596 2679 1694 2714 quibus
1715 2687 1743 2706 se
1761 2679 1848 2714 subji-

1057 2726 1169 2754 ciendos
1183 2727 1388 2760 exspectabant,
1401 2725 1424 2752 si
1439 2730 1486 2752 aut
1499 2725 1570 2752 ultro
1583 2725 1710 2752 cederent
1722 2729 1768 2751 aut
1781 2725 1849 2751 alio-

1057 2780 1115 2799 rum
1129 2772 1191 2799 dolo
1206 2772 1395 2804 proderentur.
1407 2771 1496 2805 Quare
1509 2771 1691 2798 oblirmabant
1704 2779 1733 2798 se
1747 2771 1773 2798 iu
1788 2778 1846 2798 sen-

1056 2818 1136 2846 tentia
1161 2817 1305 2846 rcsistcndi
1325 2817 1512 2852 bellandique,
1533 2817 1621 2853 quoad
1643 2817 1781 2844 vincerent
1801 2821 1847 2843 aut

1055 2865 1193 2893 Cadercnt.

1017 1519 1038 1546 C
