1936 3069
79 113 132 144 049

549 110 597 140 DE
619 109 815 140 MICHAELE
833 107 1064 138 PALJEOLOGO
1086 107 1159 137 LIB.
1181 106 1237 137 Ili.

1649 105 1701 135 650

78 167 287 203 ἀνηρτημένους
302 167 418 200 πάμπαν
438 165 485 192 καὶ
507 164 584 199 μόλις
606 164 780 199 ὁριζομένους
798 163 865 190 Θεσ-
879 164 901 192 Α
915 163 959 189 θεν
973 163 1209 196 ὲπαναζεύξαντος
1222 170 1335 197 υττερον
1349 162 1444 193 αὐτοὺς
1457 162 1700 196 ἐγκαταλελεῖφθαι

80 212 221 248 σαλονίκῃ.
237 211 357 239 Τοιαῦτα
373 211 438 245 γοῦν
455 210 616 243 ἀπελογεῖτο
636 210 777 244 πρότερον.
801 209 867 236 Τότε

80 259 110 285 δὲ
140 258 207 284 ἀλλὰ
231 257 323 292 χώραν
348 256 381 292 ἦν
411 256 436 282 οι
462 256 549 289 γονεῖς
576 255 682 281 ἐκείνου
706 255 798 285 πόνοις
821 254 869 280 καὶ

84 303 179 339 ἱδρῶσι
202 303 249 329 καὶ
267 302 348 337 μόνον
361 301 411 336 οὐχ
434 301 532 335 αἵμασι
551 299 695 332 στάζοντες
716 298 870 334 προσεκτή-

84 360 166 378 σαντο
185 351 231 377 καὶ
255 350 355 385 κλῆρον
382 348 528 376 κατέλιπον
555 348 611 378 τοῖς
638 347 727 379 παισὶ,
753 347 812 378 πῶς
837 346 870 373 ἂν

84 398 132 424 καὶ
157 396 269 427 δικαίως
297 394 498 429 ἀπαιτούμενος
523 393 654 428 ἅποδῴης
674 392 793 423 Ἰταλοὺς
816 392 870 427 γὰρ

85 442 315 478 ἀφαιρουμένους,
330 441 377 468 καὶ
396 440 433 475 μὴ
454 439 616 473 Ῥωμαίους,
637 438 707 465 κατὰ
722 438 752 465 τὺ
767 439 871 465 δίκαιον

84 489 133 517 καὶ
157 490 215 520 τοῖς
239 488 269 520 ἐξ
292 488 404 514 ἐκείνων
429 487 469 517 εἰς
493 485 617 519 διαδοχὴν
642 484 816 511 καταλείπειν
834 483 872 515 ὡς

86 536 218 570 σφέτερον
235 533 336 568 κλῆρον
355 532 386 563 ἐξ
402 533 502 567 ἀρετῆς
514 539 521 547 ·
547 529 576 558 εὖ
596 531 651 566 γὰρ
674 530 722 557 καὶ
745 529 872 564 λελέχθαι

85 582 123 612 ὼς
137 580 215 606 οὐδὲν
230 579 336 610 οὐδενος
354 578 423 613 πλὴν
449 578 495 604 τοῦ
518 576 716 608 σπουδάζοντος
735 575 806 602 κατὰ
823 576 872 602 πό-

85 628 180 661 λεμον.
203 627 257 653 Καὶ
283 625 354 651 οὕτω
381 625 430 659 μὲν
456 622 727 658 διαμφισϐητούντων
750 623 782 648 τὰ
804 623 872 648 Ῥω-

88 672 176 707 μαίων
192 671 232 706 τῷ
247 671 367 706 δεσπότῃ
383 669 577 705 στρατεύματα
589 669 782 704 κατετρίΰοντο
792 676 799 684 ·
815 669 829 694 ὁ
845 667 873 694 δέ

86 724 118 749 γε
137 715 365 749 σεῦαστοκράτωρ
389 716 422 750 τῇ
447 713 627 749 Μονεμόασίᾳ
650 714 698 740 καὶ
718 714 774 745 τοῖς
793 713 874 748 πέριξ

87 759 316 794 προσκαθήμενος
343 759 545 793 καθημερινοὺς
567 754 710 793 ’πολέμους
733 758 802 793 πρὸς
828 759 874 785 τὸν

51 806 54 809 ’
89 805 224 841 Πρίντζην
242 805 343 840 ἐξῆγε*
360 805 427 840 μηδὲ
443 805 497 840 γὰρ
509 805 653 836 ἀρκεῖσθαι
671 805 709 840 τῷ
727 805 806 840 μέρει
825 805 875 839 τῆς

88 852 182 884 νήσου,
203 852 292 878 πᾶσαν
312 851 340 877 δὲ
363 852 500 886 κρατῆσαι
531 851 626 884 θέλων,
654 851 791 886 ὑπάρχους
806 850 876 885 ἔχων

88 896 134 922 τόν
151 905 182 922 τε
200 897 286 931 μέγαν
301 897 459 931 δομέστικον
469 897 512 923 τὸν
522 896 606 931 Φιλῆν
623 897 671 923 καὶ
682 896 728 923 τὶν
744 904 876 932 παρακοι-

91 943 217 978 μὼμενον
234 943 393 978 Μακρηνὺν,
409 942 445 974 ὼς
463 943 521 969 ἐνὸν
539 942 699 978 ἠγωνίζετο.

128 1022 214 1055 42Τά
230 1023 306 1049 κατὰ
325 1022 380 1050 τὸν
392 1021 659 1056 παρακοιμώμενον
677 1022 841 1056 Μαχρηνύν

411 1057 563 1084 Ἰωάννην.

433 1066 563 1092 wary-nr.

124 1124 180 1152 Ἦν
199 1125 221 1152 δ’
238 1125 392 1159 εὐδοκιμῶν
414 1125 427 1151 6
455 1123 715 1159 παρακοιμώμενος,
741 1125 789 1150 καὶ
813 1124 877 1159 παρ’

91 1173 198 1207 ἐχθροῖς
213 1172 298 1206 ὄνομα
314 1171 384 1207 ἔχων
409 1171 456 1197 ἐπὶ
482 1171 614 1206 στρατείᾳ.
643 1171 690 1197 καὶ
713 1171 743 1197 τδ
764 1171 880 1206 φοϐερὸν

91 1219 309 1254 ἐνδεικνύμενος,
329 1217 400 1245 ὥστε
417 1218 463 1244 καὶ
480 1217 527 1244 τοῦ
545 1217 796 1252 σεὸαοτοκράτορος
808 1217 880 1243 ἐκεῖ·

92 1307 202 1334 omnino
227 1307 457 1341 prazvertent'am.
480 1305 588 1334 facilem
613 1310 659 1332 aut
682 1305 755 1333 brevi
779 1307 880 1334 transi-

92 1354 206 1387 gendatn
227 1360 357 1388 apparere
375 1360 383 1378 :
404 1352 483 1379 Italos
501 1352 573 1379 enirn
598 1357 653 1379 tum
675 1352 767 1386 procul
786 1359 846 1379 esse
865 1360 880 1379 a

93 1399 230 1426 reddenda
250 1397 379 1425 Rmnanis
397 1398 502 1431 imperii
523 1398 678 1432 metropoli,
692 1403 720 1425 ut
735 1398 816 1425 etiarn
833 1406 881 1433 spe

92 1454 145 1472 non
168 1452 281 1479 prorsus
302 1452 368 1471 vana
390 1444 537 1479 majoribus
559 1444 674 1477 inhient,
692 1448 719 1471 et
739 1445 806 1472 adeo
828 1452 879 1472 non

921 209 969 236 καὶ
992 209 1039 235 τοῦ
1067 209 1271 244 στρατεύματος
1288 208 1394 243 ἄρχειν,
1413 209 1459 234 καὶ
1479 209 1510 244 δὴ
1535 209 1705 244 μαχομένους

920 255 1049 286 πολλάκις
1068 255 1118 289 μὲν
1136 255 1286 290 εὐστοχεῖν,
1305 255 1369 289 μίαν
1383 254 1410 281 δέ
1427 263 1457 288 γε
1474 255 1623 289 σφαλέντας
1638 263 1702 289 κρα-

920 300 1035 336 τηθῆναι
1050 300 1122 327 κατὰ
1138 301 1258 335 πόλεμον
1274 300 1320 327 καὶ
1341 301 1522 335 ἀμφοτέρους.
1536 301 1602 327 Τότε
1616 301 1707 328 τοίνυν

921 346 965 373 ἐπ’
982 346 1072 380 ὀλίγον
1091 347 1282 382 κατεχομένων
1299 346 1330 382 [Ρ
1347 346 1409 382 159]
1427 347 1455 373 ὲν
1478 347 1612 381 φυλακαῖς
1629 347 1642 373 ὁ
1658 348 1707 382 μὲν

924 393 1010 428 μέγας
1023 393 1182 428 δομέστικος
1199 392 1375 427 ἀποθνήσκει,
1394 394 1410 427 ἠ
1423 393 1444 419 δ’
1464 393 1566 419 ἐκείνου
1591 393 1708 428 πενθερὰ

922 438 1041 471 Εὑλογία
1061 439 1135 465 δεινὰ
1158 438 1244 464 ἐποίει
1265 438 1303 471 τῷ
1333 438 1438 472 βασιλεῖ
1466 438 1708 473 προσαγγέλλουσα

924 485 962 515 ὡς
979 484 1089 520 προδῴη
1108 485 1157 519 μὲν
1172 485 1186 510 ὸ
1198 484 1443 519 παρακοτμὼμενος
1457 485 1502 510 τὸν
1518 485 1623 520 ἐκείνης
1640 494 1709 520 γαμ-

924 530 1000 566 ϐρὸν,
1013 532 1059 557 καὶ
1073 531 1111 562 ὡς
1125 530 1251 565 ἐπίτηδες
1276 529 1423 565 κρατηθείη
1444 531 1489 556 καὶ
1510 527 1586 561 οὗτος
1607 531 1646 561 εἰς
1661 530 1709 556 πό-

923 578 1021 611 λεμον,
1046 576 1168 611 ὀρύσσων
1197 576 1291 610 βόθρον
1319 576 1358 610 τῷ
1385 577 1575 611 συστρατήγῳ,
1603 576 1650 603 καὶ
1674 576 1712 608 ὡς

925 622 1032 657 ἀληθῶς
1053 622 1100 648 ἐπὶ
1115 621 1221 653 τρίτοις
1245 622 1449 656 κατηγορεῖται,
1466 622 1559 655 λόγους
1583 622 1651 657 ἔχων
1666 624 1713 648 καὶ

927 668 1084 703 συμφωνίας
1103 668 1171 703 πρὸς
1196 667 1241 694 τὸν
1269 665 1403 702 Πρίντζην
1432 667 1579 702 λαμϐάνειν
1602 667 1650 702 τὴν
1665 667 1712 694 τοῦ

926 715 1049 749 Λάσκαρι
1061 713 1197 748 Θεοδώρου
1209 713 1254 739 τοῦ
1270 713 1400 748 βασιλέως
1412 713 1548 748 θυγατέρα
1562 715 1713 749 (κεχὴρωτο

926 761 980 795 γὰρ
995 760 1041 786 τοῦ
1064 759 1169 794 ἀνδρὸς)
1186 760 1274 785 ἐκεῖσε
1297 759 1451 792 διάγουσαν,
1474 759 1519 785 καὶ
1551 759 1609 793 μετ’
1626 759 1713 785 αὐτῶν

927 804 995 833 εἶναι
1011 805 1166 840 παραδόντα
1188 805 1237 840 τὴν
1262 804 1364 840 χώραν,
1393 806 1439 831 καὶ
1463 804 1654 839 ἀντιπράττειν
1676 804 1714 839 τῷ

929 852 1041 887 βασιλεῖ.
1059 852 1151 878 Ταῦτα
1165 851 1281 884 λέγουσα
1303 850 1348 877 καί
1363 859 1394 884 γε
1412 850 1585 884 προστιθεῖσα
1602 852 1617 885 ἡ
1633 851 1716 877 Εὐλο-

927 898 974 932 γία
987 897 1055 932 πρὸς
1070 897 1114 923 τὸν
1125 897 1238 930 ἀδελφὸν
1255 895 1354 930 πιθανὴ
1369 896 1472 921 ἐδόκει·
1486 893 1520 930 ἦν
1536 896 1590 929 γὰρ
1606 896 1638 922 ὲκ
1651 895 1716 922 πολ-

927 945 974 972 λοῦ
998 943 1110 971 τοιαῦτα
1128 943 1247 974 ἀκούσας
1264 942 1328 978 περὶ
1352 942 1457 969 ἐκείνου
1480 942 1524 968 καὶ
1546 943 1560 968 ὁ
1578 942 1714 976 βασιλεύς.

928 990 1042 1017 Συνίστα
1057 990 1086 1016 δὲ
1098 991 1146 1021 τὰς
1165 989 1331 1024 κατηγορίας
1357 989 1403 1015 καὶ
1420 989 1453 1014 τὰ
1471 988 1517 1015 τοῦ
1538 988 1633 1024 ἀνδρὸς
1648 998 1716 1016 κατ-

928 1036 1084 1071 ορθώματα,
1107 1036 1144 1067 ὡς
1163 1036 1235 1066 εἰκδς
1249 1032 1317 1061 εἶναι
1329 1034 1414 1066 οὕτως
1427 1034 1620 1070 εὐδοκιμοῦντα
1635 1035 1718 1061 ὑπελ-

929 1082 985 1109 θεῖν
999 1083 1102 1109 ἐκεῖνον
1116 1083 1160 1108 τὸν
1186 1081 1320 1116 Πρίντζην
1343 1081 1390 1107 καὶ
1415 1081 1527 1107 τοιαῦτα
1553 1080 1611 1115 μετ’
1634 1081 1716 1108 αὐτοῦ

931 1127 1156 1160 συσκευάζεσθαι.
1174 1128 1209 1153 Τὸ
1228 1127 1256 1153 δέ
1281 1135 1312 1160 γε
1337 1126 1404 1162 πρὸς
1431 1127 1480 1161 τὴν
1511 1126 1648 1162 θυγατέρα
1670 1127 1717 1154 τοῦ

931 1173 1061 1209 βασιλέως
1075 1173 1154 1208 κῆδος
1165 1173 1214 1199 καὶ
1224 1173 1283 1199 λίαν
1295 1172 1386 1198 ἱκανὸν
1397 1172 1518 1207 οἰόμενος
1533 1172 1636 1198 πείθειν
1647 1173 1718 1199 ἐκεῖ·

931 1228 974 1246 νον
990 1219 1027 1250 ὼς
1043 1219 1181 1254 μεγίστοις
1204 1217 1502 1252 ὲκιγαμὸρευσόμενον,
1518 1217 1565 1243 καὶ
1575 1217 1633 1243 λίαν
1648 1225 1719 1252 παρ-

932 1307 982 1339 ria,
999 1307 1053 1340 jatn
1076 1305 1146 1340 apud
1168 1306 1258 1333 hostes
1278 1306 1393 1333 celebris
1414 1305 1484 1332 fama
1506 1307 1610 1341 peritia:
1628 1315 1718 1335 rerum

934 1353 1091 1380 bellicarum
1107 1358 1133 1379 et
1146 1360 1177 1379 co
1191 1351 1297 1379 nomine
1310 1352 1376 1385 ipsis
1391 1351 1538 1379 formidati.
1553 1351 1628 1380 Unde
1643 1354 1720 1380 scha-

932 1404 1082 1426 stocratore
1097 1398 1171 1424 illinc
1187 1402 1277 1432 postea
1297 1397 1454 1429 recedente,
1468 1397 1489 1423 is
1508 1397 1544 1424 ibi
1564 1405 1625 1425 cum
1644 1397 1719 1425 Phile

932 1451 974 1473 est
991 1445 1117 1476 relictus,
1133 1449 1163 1471 ιιι
1179 1444 1310 1471 exercitui
1329 1448 1485 1478 praeessent.
1500 1443 1557 1477 Qua
1579 1444 1605 1471 in
1625 1445 1720 1479 prazl‘e-

92 1491 302 1517 Cnntemnendis
329 1491 384 1517 sint
411 1490 513 1517 viribus
540 1495 568 1517 ut
592 1497 686 1517 eorum
714 1490 779 1518 ditio
808 1498 878 1526 aegre
891 1494 913 1523 c
930 1497 1008 1521 clura
1026 1499 1087 1519 cum
1105 1498 1176 1525 saepe
1193 1497 1320 1524 prospere
1338 1493 1519 1525 pugnassent,
1535 1490 1617 1526 208
1637 1499 1712 1519 seme

92 1537 290 1564 Thessalonica
317 1536 435 1562 finiatur.
461 1535 532 1567 liae,
557 1536 682 1570 inquam,
703 1537 762 1572 ejus
788 1538 878 1571 omni,

93 1591 147 1615 qua
175 1583 250 1616 prius
278 1589 307 1608 se
330 1582 495 1615 iactaverat,
518 1583 642 1610 oratione
662 1591 733 1611 nunc
757 1584 878 1617 sublata,

94 1628 158 1654 illud
179 1627 258 1654 modo
277 1634 325 1661 pro
342 1634 371 1654 se
389 1627 536 1661 allegabat,
554 1627 690 1662 regionem
712 1636 741 1655 se
760 1629 881 1657 obtinere

93 1683 173 1707 quatit
184 1679 275 1709 patres
287 1674 326 1702 sui
343 1675 494 1707 laboribus,
508 1675 650 1701 sudoribus
663 1682 694 1702 ac
710 1680 811 1702 tantum
827 1683 880 1702 nott

94 1722 154 1747 fuso
184 1720 306 1747 stitlatim
338 1720 447 1754 proprio
473 1720 604 1755 Sanguine
632 1727 782 1755 parassent.
806 1720 881 1748 Hanc

95 1765 280 1793 hmreditatem
305 1766 337 1791 ab
360 1766 425 1800 ipsis
444 1767 476 1792 ad
499 1765 567 1792 filios
588 1767 775 1794 transmissum
795 1767 882 1804 possi-

95 1813 160 1839 dere
182 1820 242 1840 sese
257 1812 321 1847 jure
345 1820 424 1845 quam
443 1813 544 1846 optimo
563 1821 570 1839 :
589 1820 715 1847 quorsum
741 1821 806 1846 ergo
827 1815 882 1848 ipse

95 1859 168 1885 illaut
192 1859 285 1893 inique
308 1859 492 1892 repetentibus
513 1858 663 1885 relaxaret?
685 1858 756 1886 Sane
776 1860 798 1886 si
821 1860 883 1886 red-

94 1906 183 1932 denda
197 1909 280 1936 esset,
295 1904 327 1930 iis
342 1905 430 1939 potius
445 1904 518 1931 reddi
531 1909 668 1937 oporteret
679 1905 777 1939 quibus
790 1911 882 1940 erepta

94 1951 142 1976 sit.
160 1949 218 1977 Non
235 1955 325 1976 autem
345 1950 484 1982 Romanis,
500 1951 546 1977 sed
566 1949 638 1977 Italis
655 1952 729 1985 prius
742 1950 803 1985 jure
822 1951 881 1978 belli

95 1996 284 2023 obtinentibus
300 2000 385 2022 terras
400 1995 459 2022 illas
472 1995 496 2022 vi
511 1997 663 2023 extorsisse
678 1996 794 2031 majores
807 2004 882 2029 suos,

95 2051 213 2078 quorum
230 2051 257 2070 se
272 2046 394 2076 posteros
411 2050 441 2069 ac
457 2041 578 2069 sobolem
594 2042 656 2075 frui,
671 2050 750 2076 quam
767 2042 884 2078 legitime

97 2089 266 2121 crevissent,
282 2089 439 2115 haereditate
455 2096 487 2115 ac
505 2088 668 2122 patrimonio
685 2088 807 2120 virtutis,
824 2089 884 2122 quis

97 2143 152 2163 non
178 2135 220 2162 fas
243 2139 272 2161 et
291 2141 398 2168 :cquum
420 2141 480 2160 esse
506 2133 637 2160 fateatur?
659 2132 727 2161 Vere
751 2134 882 2168 siquidem

931 1538 1117 1568 oil‘endernnt,
1147 1537 1183 1563 ita
1213 1539 1243 1563 ut
1272 1536 1365 1570 prmlio
1395 1536 1513 1564 infausto
1543 1538 1622 1565 autbo
1650 1539 1720 1572 capti

931 1583 1048 1612 hostium
1061 1582 1182 1610 custodia
1194 1581 1392 1614 detinerentu-r,
1404 1581 1429 1608 in
1440 1589 1492 1617 qua
1507 1590 1619 1617 magnus
1627 1583 1721 1611 dome-

931 1630 1015 1657 sticus
1027 1633 1056 1656 et
1072 1633 1205 1655 mortuus.
1222 1627 1308 1662 Hujus
1324 1634 1418 1654 socrus
1435 1627 1545 1662 Eulogia
1563 1636 1624 1655 cttm
1639 1629 1719 1656 istum

932 1673 1056 1701 nuntium
1079 1672 1171 1700 dolore
1197 1679 1246 1699 suo
1275 1671 1393 1698 maximo
1417 1672 1536 1699 auditum
1565 1673 1723 1707 imperatori

935 1719 1061 1749 referret,
1076 1717 1213 1753 proditum
1233 1717 1267 1744 ab
1283 1716 1353 1744 sacri
1371 1717 1486 1744 cubiculi
1503 1717 1629 1751 praefecto
1643 1726 1722 1745 suum

934 1770 1061 1798 generum
1083 1767 1178 1797 questa
1199 1767 1250 1795 est,
1269 1770 1396 1789 asserens
1416 1762 1547 1790 volentem
1567 1763 1722 1791 Macreuum

934 1809 1003 1836 bello
1023 1810 1122 1836 victum
1143 1809 1243 1840 fuisse,
1256 1813 1283 1836 et
1303 1816 1338 1835 ex
1358 1809 1506 1843 composito
1529 1810 1667 1838 inductum
1689 1812 1723 1838 ab

934 1854 993 1888 ipso
1015 1854 1041 1881 in
1064 1854 1185 1889 provisae
1208 1854 1322 1881 insidias
1341 1862 1466 1890 magnum
1485 1855 1673 1884 domesticum.
1690 1857 1723 1884 Et

934 1908 1027 1928 retera
1042 1901 1165 1935 quaedam
1180 1900 1351 1927 iucrebuerat
1364 1908 1416 1927 non
1433 1909 1543 1935 prorsus
1557 1903 1723 1930 inverisimi-

935 1947 967 1973 lis
994 1947 1053 1973 talis
1071 1946 1188 1980 perﬁdia:
1204 1946 1305 1980 opinio,
1322 1947 1414 1973 multis
1430 1954 1462 1973 ex
1480 1948 1634 1982 suspicione
1653 1949 1725 1976 aflir.

937 1992 1073 2019 mantibus
1094 1993 1184 2026 egisse
1204 1992 1273 2018 clam
1295 1997 1322 2018 ct
1341 1994 1500 2020 convenisse
1522 2002 1581 2020 cum
1604 1995 1725 2030 principe

937 2038 1104 2070 Ilacrenutn,
1118 2039 1251 2072 promissa
1267 2040 1330 2065 huic
1343 2039 1376 2065 ab
1393 2039 1437 2065 illo
1451 2039 1584 2067 Theodori
1599 2041 1724 2070 Lascaris

936 2084 1109 2118 imperatoris
1133 2085 1225 2118 nuperi
1250 2084 1303 2110 filia
1326 2093 1333 2112 :
1359 2085 1414 2112 lucc
1434 2086 1504 2112 enim
1529 2086 1563 2112 ibi
1586 2092 1679 2121 nupta,
1696 2093 1725 2115 ιιι

936 2130 1070 2162 diximus,
1085 2130 1142 2156 viro
1157 2130 1254 2157 deinde
1272 2135 1380 2157 mortuo
1397 2131 1465 2165 apud
1483 2132 1628 2166 principem
1646 2134 1722 2161 vidua

96 2182 200 2208 dictum
225 2179 290 2206 illud
315 2178 398 2211 ferri,
422 2178 489 2205 n'hil
514 2178 671 2212 cujusquam
695 2178 797 2205 meliori
823 2179 884 2212 jure
899 2175 924 2203 D
939 2177 1084 2210 perstabat.
1097 2175 1248 2203 Pollicitutn
1261 2181 1351 2203 autern
1368 2177 1412 2203 tali
1428 2178 1553 2205 mercede
1567 2178 1721 2206 Macrentnn

96 2225 236 2260 proprium
259 2224 362 2251 censeri
380 2231 458 2258 quant
480 2224 550 2258 qttod
572 2229 698 2259 satagens
719 2225 833 2259 quisque
853 2232 883 2251 ac

97 2271 258 2306 periclitans
275 2277 354 2296 manu
373 2270 424 2297 sibi
441 2277 472 2296 ac
487 2269 572 2296 Marte
588 2270 734 2303 quaesierit.
750 2269 822 2296 Inter
836 2271 884 2298 has

98 2316 229 2350 utrinque
246 2314 271 2341 in
288 2314 395 2348 longum
411 2315 585 2348 procedentes
598 2322 644 2341 sua
657 2314 717 2348 jura
730 2314 793 2341 hinc
804 2320 885 2349 atque

98 2362 162 2389 inde
187 2361 361 2395 allegantium
386 2359 575 2386 altercationes
600 2360 683 2394 copim
704 2359 817 2386 Joannis
836 2361 883 2387 de-

97 2412 185 2438 spotaa
201 2406 284 2432 ductu
301 2405 446 2432 militantes
463 2408 568 2438 tempus
582 2412 639 2431 rem
658 2405 766 2437 gerendi
785 2405 886 2432 contri-

100 2455 210 2477 verunt.
228 2450 261 2476 Al
279 2449 480 2476 sebaslocrator
494 2448 705 2474 Monembasiatn
723 2454 751 2475 et
768 2449 885 2476 cireum-

99 2496 189 2529 posita
208 2494 336 2522 obSidens
355 2494 412 2520 loca
431 2494 550 2527 quotidie
567 2501 628 2520 cum
645 2494 766 2528 principe
783 2501 886 2528 pugna-

98 2541 143 2567 bat
161 2549 168 2566 :
185 2548 237 2566 ttott
255 2539 326 2566 euittt
343 2546 373 2565 ea
390 2547 469 2572 qttatn
487 2538 600 2566 Romani
616 2539 672 2573 jam
690 2545 887 2573 occupaverant

97 2585 281 2618 Peloponnesi
304 2589 379 2618 parte
400 2588 552 2613 contentus,
569 2585 720 2611 universam
742 2584 887 2620 subjugare

97 2632 259 2662 aﬂectahat,
277 2631 309 2657 ad
329 2631 355 2657 id
374 2630 424 2665 ipsi
443 2638 492 2664 pro
510 2629 581 2656 virili
599 2630 807 2664 cooperautibus
819 2638 886 2666 quos

96 2680 150 2706 sub
179 2686 208 2705 se
235 2678 353 2704 habebat
379 2678 482 2709 duces,
507 2675 583 2703 Phile
611 2677 761 2711 praesertim
791 2685 886 2712 magno

97 2724 249 2751 domestico
265 2728 292 2749 et
305 2723 430 2750 Macreno
446 2722 516 2750 sacri
532 2721 649 2749 cubiculi
665 2722 801 2754 praefecto.

99 2769 141 2796 i7.
161 2769 198 2795 De
209 2768 315 2795 Joanne
332 2767 456 2794 Hacreno
485 2767 596 2802 Augusti
612 2767 724 2794 cubiculi
750 2769 884 2803 pra'feclo.

131 2814 160 2841 fu
176 2815 220 2843 his
237 2814 309 2841 sacri
326 2814 443 2841 cubiculi
462 2814 581 2848 przrft-cti
601 2813 736 2849 pt'tccipua
755 2820 813 2842 erat
830 2815 886 2850 glo-

279 2865 412 2894 PATROL.
435 2865 492 2893 Gtt.
507 2863 630 2894 CXLIII

937 2222 1043 2249 aiebant
1065 2222 1227 2248 traditurum
1254 2229 1315 2249 sese
1339 2223 1452 2258 principi
1477 2231 1536 2256 quae
1558 2223 1670 2250 Routani
1696 2227 1722 2252 in

937 2267 1123 2301 Peloponneso
1139 2272 1284 2301 ceperant,
1297 2272 1325 2294 et
1341 2267 1496 2302 imperatori
1513 2274 1641 2303 quantum
1660 2277 1722 2304 pos-

937 2319 978 2341 set
990 2313 1163 2340 obstiturum.
1177 2313 1237 2339 llznc
1250 2313 1361 2346 Eulogia
1373 2313 1450 2341 fratri
1464 2314 1556 2342 dicens
1567 2316 1722 2343 verisimilia

938 2360 1010 2394 loqui
1027 2360 1082 2386 visa
1100 2365 1151 2391 est,
1166 2366 1197 2386 eo
1213 2359 1282 2393 quod
1298 2359 1456 2393 jamdudum
1473 2361 1535 2387 talia
1551 2361 1583 2388 de
1600 2361 1723 2389 ilacreno

938 2404 1086 2438 imperator
1111 2405 1240 2432 audisset.
1267 2405 1408 2432 Addebant
1437 2411 1525 2434 autem
1557 2408 1724 2436 accusationi

938 2451 1016 2477 fidem
1031 2451 1109 2478 fortia
1121 2451 1170 2477 viri
1186 2451 1266 2484 facta,
1277 2458 1309 2478 ex
1323 2452 1422 2485 quibus
1437 2452 1565 2479 credibile
1578 2456 1724 2487 apparebat

937 2500 1063 2523 conatum
1089 2495 1172 2522 fuisse
1198 2495 1348 2530 principem
1373 2496 1488 2524 delinire
1511 2502 1566 2524 tam
1592 2499 1722 2533 inclytum

939 2541 1010 2569 bello
1025 2542 1121 2567 ducent
1137 2547 1164 2568 et
1179 2542 1206 2567 in
1223 2549 1286 2568 suas
1302 2549 1362 2568 eum
1378 2547 1467 2576 partes
1485 2543 1630 2570 attrahere.
1647 2544 1724 2577 Quod

938 2595 1020 2623 porro
1038 2587 1184 2613 addebatur
1200 2587 1234 2613 de
1251 2587 1365 2621 conjuge
1384 2587 1434 2621 ipsi
1451 2589 1584 2616 destinata
1602 2590 1653 2616 ﬁlia
1673 2591 1724 2618 int-

939 2633 1072 2668 pnratoris
1087 2632 1234 2664 Theodori,
1250 2633 1275 2660 id
1291 2637 1319 2660 et
1331 2632 1544 2660 efﬁcacissimum
1560 2634 1724 2664 incentivum

937 2678 1044 2714 quidvis
1067 2678 1184 2705 audendi
1209 2678 1333 2705 Macreno
1356 2679 1476 2706 futurum
1496 2680 1616 2713 videbat,
1632 2682 1724 2716 utique

938 2731 1041 2752 summe
1058 2724 1217 2758 expctibiles
1235 2725 1302 2752 tales
1317 2725 1426 2759 nuptias
1441 2726 1489 2752 sibi
1508 2727 1644 2753 (redituro
1662 2735 1724 2762 pro-

938 2776 997 2805 pter
1014 2770 1168 2796 aliinitatcm
1186 2778 1266 2804 quam
1285 2778 1332 2806 per
1348 2778 1394 2798 eas
1414 2779 1475 2798 cum
1499 2773 1623 2798 maximis
1645 2773 1724 2801 iniret

940 2815 1074 2843 domibus.
1089 2814 1122 2841 Et
1137 2814 1201 2849 quia
1218 2815 1288 2843 idem
1305 2815 1507 2842 matrimonium
1525 2816 1722 2848 periculosissi-

1493 2865 1528 2895 2f
