1936 3069
104 120 156 152 653

587 119 635 148 DE
656 116 851 147 MlClIAELE
872 115 1100 146 PALEOLOGO
1121 115 1194 146 LIB.
1222 116 1278 146 lli.

1669 118 1721 148 654

102 175 196 203 τεῦθεν
211 174 244 200 τὰ
260 174 345 200 πάντα
362 182 368 188 ·
383 173 407 198 εἰ
422 172 443 198 ’δ’
457 172 507 198 οὐκ
525 170 578 198 εἶδε
600 173 644 198 τὴν
658 172 750 204 τόπον,
767 170 884 197 κελεύων
900 174 922 201 Α
937 171 1014 204 δίκην
1028 171 1186 203 ἀποῢέσοαι,
1206 171 1251 198 ὑπ’
1267 172 1419 206 ἀμηχανίας
1445 173 1489 198 ἐπὶ
1507 174 1617 208 μεσὶτας
1639 176 1720 202 πνεύ-

103 221 262 256 διαγρὰφειν
277 219 339 250 τοὺς
360 219 464 249 εἰδότας
477 217 556 248 αὐτὸς
572 217 684 244 καθίστα
699 216 884 251 προστάττων,

103 267 149 294 καὶ
158 264 192 301 ἦν
204 264 380 300 ὲπηρτημένη
399 263 490 298 κρίσις
512 262 550 297 τῷ
564 261 788 298 παρακούσαντι),
806 262 886 292 αὐτὸς

102 312 189 338 τοίνυν
210 311 327 345 πέμπων
350 310 399 340 τὰς
426 309 555 343 δυνάμεις
577 308 616 342 τῷ
639 308 699 334 τότε
724 308 809 342 συχνὰ
834 306 886 333 τῶν

103 359 159 384 ἐκεῖ
172 356 218 383 ὑπ’
238 355 314 390 αὺτῷ
331 355 428 387 ἐποίει,
453 354 500 380 καὶ
517 353 644 388 ἡλίσκετο
669 353 718 387 μὲν
740 351 887 378 Φιλιππού-

105 402 190 434 πολις,
209 402 352 436 ἐκρατεῖτο
367 400 396 426 δὲ
417 399 583 434 Σθενιμαχον
599 398 737 433 φρούριον,
753 399 800 424 καὶ
814 397 887 428 ἆπας

104 448 117 472 ὸ
131 447 182 479 ἔξω
196 447 243 473 τοῦ
258 446 346 481 Αἴμου
362 444 445 479 ζυγὸς
469 444 672 478 συγκατείχετο.
694 443 780 470 Ἑάλω
797 443 825 468 δὲ
840 442 886 468 τοῦ

104 493 215 528 Μυλτζῆ
242 493 369 523 διδόντος,
392 492 429 524 ὡς
455 490 625 525 λεχθήσεται,
643 490 688 515 καὶ
711 487 888 522 Ινὶεσέμὸρεισ.

105 537 210 574 μεγάλη
224 538 311 569 πόλις,
325 536 372 564 καὶ
385 536 528 571 ’Δγχιαλος
541 535 726 569 συνηλίσκετο.
741 534 795 560 Καί
810 542 841 567 γε
854 533 888 559 τὰ

104 583 183 618 πέριξ
208 583 335 616 ἐκείνων,
363 582 437 614 ἅπαξ
462 581 618 616 γευσάμενα
646 580 696 615 τῆς
723 579 886 615 μεταὸολῆς,

102 631 217 666 ἠγάπων
230 630 281 656 ὑπὸ
299 629 402 664 βασιλεῖ
419 628 600 662 διοικούμενα.
617 626 648 663 [Ρ
663 626 725 662 Mi]
742 626 887 652 Κωνσταν-

102 676 167 710 τίνῳ
179 675 207 702 δὲ
221 675 266 702 διὰ
280 674 365 701 ταῦτα
375 674 504 708 ἔκπληξις
520 673 662 708 ἐμπίπτει,
676 673 721 698 καὶ
737 671 887 706 ἀμύνεσθαι

104 722 152 756 μὲν
165 722 215 747 οὐκ
230 719 288 755 εἶχε
303 720 333 746 τὸ
354 720 490 754 τηνικάδε,
508 720 583 754 ὅμως
601 718 623 744 δ’
635 717 753 744 ἐνεκότει
768 719 823 748 τοῖς
838 725 888 742 πε-

103 769 281 802 πραγμένοις,
297 766 344 793 καὶ
357 767 450 801 καιρὸν
463 764 563 800 ἐζήτει,
586 764 615 791 ὃν
629 764 661 798 δὴ
684 763 731 790 καὶ
750 763 804 789 τῶν
819 770 888 798 πρα-

103 813 215 847 γμάτων
229 812 317 847 ψυχὴν
331 811 464 846 λέγουσιν,
482 810 562 842 ἀξίως
579 810 751 845 ἀμυνεῖσθαι.

104 891 147 919 ιθ’.
165 893 262 924 ὀπως
278 892 482 926 ὑπερχόμενος
494 893 510 919 d
519 891 671 923 ,βασιλεὺς
683 890 739 926 τὸν
750 889 887 924 πατριάρ-

191 936 251 962 χην
261 929 320 961 τὴν
338 925 573 962 τοῧὰρορισμοῦ
588 926 682 953 λύσιν
693 925 797 958 ἐζήτει.

139 995 185 1030 Τῷ
209 996 302 1030 μέντοι
328 1003 360 1028 γε
381 994 486 1029 βασιλεί
511 994 558 1020 καὶ
586 993 673 1020 ταῦτα
702 992 849 1028 πράττοντι
864 992 888 1018 οἱ

104 1042 230 1076 λογισμοὶ
246 1041 381 1076 ὁσημέραι
397 1040 614 1075 διεταράσσοντο.
636 1039 673 1065 Οὐ
698 1039 754 1073 γὰρ
776 1039 889 1073 ἠρεμεῖν

103 1089 207 1114 ἐκεῖνον
226 1088 269 1114 εἴα
282 1087 401 1117 συνειδός
416 1095 423 1101 ·
447 1086 477 1112 τὸ
491 1085 544 1121 γὰρ
562 1085 691 1115 τοιούτοις
705 1084 812 1119 δεσμοῖς
829 1092 890 1110 συν-

103 1133 225 1160 δεδέσθαι
247 1133 292 1159 ῐσα
307 1133 354 1159 καὶ
368 1132 397 1158 τὸ
421 1131 503 1167 μηδὲν
518 1129 589 1158 εἴναι
605 1131 696 1157 ἐτίθει.
720 1130 765 1164 Τῷ
787 1138 827 1156 τοι
843 1129 890 1156 καὶ

105 1180 173 1214 μήτε
189 1179 271 1205 τόπον
291 1177 439 1212 ἀπολογίας
461 1177 529 1212 ἔχων
556 1177 618 1212 μήτ’
638 1177 756 1202 ἐπίνοιαν
775 1174 821 1202 τοῦ
841 1176 889 1210 τὴν

107 1271 240 1294 tueretur.
258 1266 357 1300 Quodsi
380 1265 467 1293 locum
489 1266 514 1292 in
534 1272 586 1299 quo
606 1265 699 1292 bellari
717 1264 890 1299 contingebat

104 1321 245 1348 nunquam
269 1319 387 1346 praesens
410 1316 573 1346 spectasset,
595 1311 806 1346 descriptionem
830 1311 890 1345 ejus

103 1363 132 1389 in
158 1359 247 1387 tabula
272 1359 411 1393 ﬁguratam
437 1358 471 1384 ab
492 1357 546 1384 illic
571 1358 686 1384 versatis
710 1357 813 1384 habens
837 1365 891 1391 pne

104 1406 210 1436 oculis.
230 1405 334 1432 minute
357 1403 448 1431 omnia
475 1403 620 1430 mandabat
642 1410 809 1437 quaecunque
833 1404 890 1439 geri

103 1454 204 1486 agique
222 1459 237 1478 e
254 1458 284 1477 re
301 1450 386 1483 foret;
405 1453 432 1476 et
448 1449 587 1476 sanciebat
603 1449 772 1483 disciplinam
792 1454 890 1481 metus.

940 224 1002 250 ματι
1021 216 1122 248 ζῶντας
1140 217 1186 243 καὶ
1212 216 1336 252 συνήθεις
1356 217 1394 252 τῷ
1409 219 1561 254 πατριάρχῃ
1580 219 1720 254 ἐτρέπετο,

937 262 983 288 καὶ
1008 263 1194 297 κατηντιϐόλει
1220 262 1327 297 θ;ρμῶ;
1352 263 1398 290 τοῦ
1433 264 1532 298 δεσμοῦ
1557 265 1602 291 τὸν
1629 266 1722 301 ἱκέτην

937 307 1051 339 ἀνεῖναι,
1066 307 1111 332 καὶ
1129 307 1311 340 μετεγνωκότι
1324 307 1372 342 τὴν
1390 307 1537 342 θεραπείαν
1551 309 1675 343 ἐπάγειν.
1689 311 1722 346 ἢν

938 352 1039 382 ἐκεῖνος
1059 351 1182 386 βούλεται
1196 359 1204 366 θ
1223 351 1292 379 εἶναι
1317 353 1370 388 γὰρ
1393 352 1501 386 ἕτοιμον
1524 355 1653 388 πράττειν
1669 356 1682 381 ὃ
1697 365 1723 381 τι

938 397 1113 430 προστάσσοι,
1131 400 1160 423 τὸ
1188 398 1279 431 μέντοι
1303 406 1334 430 γε
1359 398 1469 431 γεγονὸς
1493 400 1621 434 ἀποίητον
1637 400 1722 427 θεῖναι

939 442 977 477 μὴ
992 442 1103 468 δυνατὸν
1116 443 1183 474 ὅλως
1202 441 1279 470 εἶναι.
1304 445 1335 470 0i
1351 444 1378 470 δὲ
1393 445 1467 478 παρὰ
1490 445 1533 472 τὴν
1552 446 1724 482 πατριάρχην

938 488 1078 522 ἐρχόμενοι
1105 488 1275 522 ἀπήγγελλον
1302 489 1352 524 μὲν
1372 491 1418 516 καὶ
1445 491 1478 517 τὰ
1505 491 1552 517 τοῦ
1579 492 1723 527 βασιλέως,

939 534 985 559 καὶ
998 533 1044 566 ἀφ’
1061 533 1150 560 αὐτῶν
1177 534 1206 560 δὲ
1224 535 1337 562 πλεῖστα
1362 537 1538 569 προτετίθονν
1563 538 1602 572 τῷ
1620 537 1726 572 βασιλεῖ

938 578 1123 613 χαριζόμενοι.
1153 579 1182 606 '0
1200 579 1222 605 δ’
1240 581 1382 616 ὑπερεώρα
1408 582 1457 616 τὴν
1485 582 1576 615 δέησιν
1604 583 1650 610 καὶ
1670 584 1724 609 οὐδ’

939 624 1006 655 ὅλως
1026 625 1164 660 προσεῖχε,
1182 625 1350 660 Deleta-csin
1369 628 1421 662 γὰρ
1440 627 1530 662 βαλεῖν
1544 629 1582 658 εἰς
1596 629 1642 655 τὸν
1664 629 1725 656 κόλ-

939 678 988 695 πον
1003 669 1067 704 ἔφη,
1088 670 1219 705 κάκείνην
1236 679 1355 707 μετασχη
1362 673 1539 706 ματιοθεῖσαν
1553 674 1593 705 εἰς
1606 674 1666 708 ὅφιν
1678 675 1725 710 δῆ-

940 715 983 747 ξαι
996 715 1064 749 πρὸς
1079 715 1193 742 θάνατον
1207 723 1213 730 ·
1233 717 1365 752 ὑπεδήλου
1381 718 1408 744 δὲ
1424 718 1458 744 δι’
1471 719 1570 753 ἀμφοῖν
1583 719 1636 746 τῶν
1647 721 1724 746 ἐνανσ

939 761 1077 788 τιωτάτων
1090 760 1167 792 ζώων
1178 761 1223 787 τὸν
1236 762 1317 788 αὑτὸν
1332 762 1443 796 βασιλέα
1460 766 1506 791 καὶ
1522 765 1578 797 ἕνα,
1589 765 1618 791 οὐ
1632 765 1725 800 φύσιν,

939 806 1007 849 ἀλλὰ
1021 806 1133 841 γνώμην
1147 807 1222 841 σφίσι
1238 809 1481 844 παρεικαζόμενον.
1503 811 1556 836 Καὶ
1574 811 1660 838 ταῦτα
1676 812 1726 846 μὲν

939 853 952 878 ό
967 852 1140 887 πατριάρχης
1157 854 1203 879 καὶ
1228 853 1312 880 πλείω
1336 854 1450 888 τούτων,
1467 857 1513 882 καὶ
1533 857 1571 888 ὠς
1586 858 1640 884 οὐδ’
1655 858 1689 885 ἂν
1701 858 1728 886 ετ

938 906 964 924 τι
989 899 1037 925 καὶ
1064 899 1168 932 γένοιτο
1186 899 1231 926 τὸν
1247 899 1398 935 ἀφορισμδν
1425 901 1525 934 λύσειε,
1546 902 1597 929 κᾶν
1622 913 1726 939 προσα-

940 944 1018 980 πειλῇ
1037 945 1071 971 τὰ
1091 945 1175 977 κακὰ,
1204 945 1255 972 κᾶν
1274 947 1355 973 αὐτὸν
1381 947 1505 975 θάνατον.
1532 950 1563 975 Οἱ
1582 949 1604 976 ὃ*
1630 951 1724 977 ὑπονο-

941 989 1065 1020 στοῡντες
1077 991 1123 1017 καὶ
1142 991 1176 1017 τὰ
1192 991 1238 1017 τοῦ
1258 992 1426 1027 πατριάρχου
1445 993 1587 1028 δηλοῦντες
1602 995 1642 1026 εἰς
1655 997 1727 1031 ἀμη-

940 1035 1034 1069 χανίαν
1061 1035 1189 1071 πλείστην
1219 1036 1344 1063 ἐνέϐαλον
1367 1038 1412 1064 τὸν
1435 1038 1598 1073 κρατοῦντα,
1615 1041 1667 1066 Καὶ
1685 1042 1724 1072 ὃς,

940 1080 1035 1115 ἐπειδὴ
1058 1083 1104 1107 καὶ
1120 1082 1150 1108 τὸ
1164 1082 1377 1117 αὐτοπρόσωπον
1396 1084 1603 1119 ἀντιφάρμακον
1617 1086 1726 1120 λέγουσι

942 1127 1031 1161 (τοῦτο
1047 1129 1101 1162 γὰρ
1118 1125 1188 1155 εἶναι
1215 1131 1275 1160 ταῖς
1303 1130 1441 1161 ὑπονοίαις
1469 1133 1515 1157 καὶ
1539 1133 1588 1167 τὴν
1608 1132 1726 1168 Γοργὼ),

941 1172 1021 1204 αὐτὸς
1047 1173 1118 1208 ἔγνω
1151 1174 1369 1210 προσερχόμενος
1397 1177 1574 1212 ἐντυγχάνειν
1602 1179 1648 1206 καὶ
1678 1180 1727 1216 τὴν

942 1263 1054 1291 multum
1081 1264 1144 1292 licet
1169 1265 1305 1300 cogitans,
1327 1265 1495 1293 comminisci
1520 1271 1625 1301 p0sset.
1650 1267 1727 1302 inops

942 1310 1115 1344 expeditioris
1137 1310 1242 1338 consilii
1269 1311 1348 1338 vertit
1371 1318 1431 1338 sese
1454 1312 1487 1338 ad
1513 1311 1671 1346 interpretes
1695 1321 1728 1341 ac

942 1357 1132 1384 conciliatores
1150 1357 1225 1391 pacis
1242 1364 1290 1392 pro
1308 1365 1338 1385 se
1355 1357 1387 1384 ad
1406 1358 1590 1391 patriarcham
1612 1359 1728 1395 allegan-

943 1401 1003 1428 dos.
1017 1401 1101 1434 Quam
1118 1403 1151 1428 ad
1167 1409 1223 1429 rem
1238 1407 1312 1429 ratus
1328 1402 1436 1430 idoneos
1449 1404 1578 1437 quo<dam
1594 1405 1653 1431 vita:
1666 1413 1729 1432 san-

943 1447 1036 1475 ctioris
1057 1447 1240 1482 professores,
1257 1448 1381 1476 assiduos
1399 1454 1426 1476 et
1448 1449 1594 1477 familiares
1616 1452 1729 1484 patriar-

102 1505 181 1526 eerto
210 1497 383 1532 impendente
414 1503 467 1522 non
496 1496 744 1529 obtemperantibus
772 1497 890 1530 periculo
903 1501 926 1532 ο
943 1494 1010 1525 Cha"
1023 1500 1070 1527 Per
1085 1493 1132 1521 1105
1147 1500 1241 1528 Preces
1255 1501 1319 1521 51135
1335 1495 1366 1521 ad
1382 1494 1458 1522 illum
1473 1495 1577 1527 delum,
1591 1496 1730 1524 vellentem

99 1544 213 1580 juilicii,
236 1542 367 1577 supplicio
392 1549 453 1569 mox
477 1541 674 1567 damnatiomm
700 1547 838 1570 secuturo.
860 1542 886 1569 lu

103 1591 177 1617 hunc
202 1589 310 1615 modum
330 1587 422 1614 missis
445 1591 507 1613 tunc
527 1587 611 1620 copiis
632 1587 760 1621 pleraque
783 1588 888 1615 illorqu

105 1641 243 1662 tractuum
261 1634 312 1661 sibi
328 1632 452 1665 subjecit.
463 1631 528 1658 Nam
543 1637 619 1666 capta
634 1638 674 1659 est
688 1633 888 1667 Philippopolis,

103 1686 265 1714 occupatum
284 1678 485 1706 Stenimacbum
507 1678 661 1710 castellum,
673 1678 765 1711 jugum
783 1678 891 1704 univer-

104 1734 165 1752 sum
181 1730 257 1752 extra
273 1725 393 1751 [immuni
409 1725 538 1752 Romanae
554 1723 710 1758 adiunctum
727 1723 821 1750 ditioni
837 1729 889 1750 est.

106 1772 225 1805 ltecepta
247 1771 327 1806 211
347 1775 389 1798 est
405 1771 519 1807 Myltza,
535 1775 563 1796 ut
579 1769 691 1801 dicetur,
707 1769 819 1796 dedente
838 1768 893 1796 Me-

105 1817 249 1848 sembrea,
264 1825 360 1850 magna
380 1817 491 1847 civitas,
506 1823 564 1842 cum
584 1823 636 1850 qua
655 1821 681 1842 et
695 1815 841 1842 Anchialus
863 1814 890 1841 in

105 1868 270 1899 potestatem
289 1868 442 1889 nostrorum
459 1862 541 1888 venit.
556 1861 639 1887 Porro
654 1869 713 1895 quat
727 1861 829 1887 circum
844 1860 892 1887 has

107 1911 193 1936 urbes
212 1909 309 1944 oppida
330 1909 444 1943 pagiqne
462 1912 550 1940 erant,
568 1911 645 1941 gustu
665 1906 748 1933 semel
767 1906 894 1932 mutatio-

105 1957 151 1982 nis
165 1960 276 1989 accepto
291 1954 420 1981 malentes
435 1953 588 1987 imperatori
603 1953 725 1984 subesse,
740 1952 862 1979 certatim
878 1959 892 1978 a

107 2002 225 2036 Belgam
241 2000 412 2027 deﬁciebant.
430 1999 547 2026 Urebant
563 1998 617 2025 haec
634 1998 726 2024 intime
741 1997 893 2024 Constanti—

106 2056 172 2074 num
189 2047 319 2079 imparem
333 2051 396 2072 time
409 2045 556 2072 resistendo
567 2049 592 2071 et
605 2043 719 2078 iacturis
732 2051 762 2070 ac
775 2043 894 2070 cladibus

106 2094 191 2120 toties
208 2092 332 2126 repetitis
349 2091 503 2118 attonitum.
519 2090 636 2126 “ingens
652 2097 716 2123 ergo
732 2097 763 2116 ac
779 2091 894 2116 fremens

105 2141 186 2175 (nam
206 2139 278 2165 aliud
299 2138 325 2164 in
346 2137 487 2171 prtesentia
508 2145 559 2163 non
579 2134 693 2170 poterat)
711 2135 894 2168 exspectabat,

105 2190 134 2213 et
147 2185 284 2212 inhianter
298 2183 424 2216 captabat
437 2182 547 2209 ultionis
560 2181 799 2216 opportunitatem,
812 2187 892 2214 quam
910 2176 931 2204 D

105 2230 229 2256 animam
254 2228 424 2263 negotiorum
448 2227 556 2261 quidam
581 2233 633 2252 non
660 2225 793 2252 immerito
818 2224 895 2250 dixe-

104 2279 182 2302 hth

123 2333 169 2360 19.
190 2331 224 2358 Ut
241 2331 395 2365 patriarcha
411 2335 536 2357 convento
565 2334 589 2356 et
615 2329 766 2365 suppliciter
787 2332 879 2361 rogato

144 2369 293 2400 imperator
314 2365 594 2393 excommunicationi:
608 2364 799 2391 absolutionem
815 2368 895 2396 petie-

146 2408 194 2429 τιι.

146 2458 210 2486 Herc
225 2458 332 2491 agentis
347 2457 520 2492 imperatoris
533 2464 596 2483 cura
612 2457 705 2490 ingens
719 2457 814 2490 agebat
827 2455 898 2482 fcre-

106 2507 211 2540 batque
229 2505 317 2531 anxiis
335 2504 541 2538 cogitationibus
559 2503 742 2538 perturbatum
765 2501 895 2528 animum.

104 2551 168 2578 Non
184 2551 256 2577 enim
274 2550 346 2577 illum
363 2549 461 2584 quietis
475 2553 577 2583 partem
592 2547 671 2574 ullam
686 2553 781 2581 capere
793 2547 898 2573 sinebat

105 2605 218 2624 morsus
236 2596 347 2623 intimus
364 2594 550 2625 conscientiai;
570 2593 689 2626 adeoque
706 2592 820 2618 fructum
839 2591 897 2617 nul-

105 2644 163 2685 llum
191 2641 335 2677 praesentis
359 2640 498 2667 felicitatis
525 2638 674 2670 sentiebat,
699 2637 762 2664 dum
791 2644 820 2664 se
847 2635 897 2664 diri

104 2688 296 2715 anathematis
323 2687 499 2714 constrictum
526 2685 641 2712 vinculis
667 2684 841 2717 meminerat,
869 2688 900 2711 ut

107 2735 155 2762 ιδιὶ
177 2739 250 2761 statu
275 2741 335 2760 esse
356 2741 388 2760 ac
407 2733 474 2760 nihil
495 2739 556 2760 esse
576 2732 651 2766 paria
672 2735 789 2765 putaret.
806 2730 900 2764 Itaque

105 2790 170 2809 cum
196 2789 240 2808 ne.
273 2780 440 2816 probabilem
465 2779 545 2806 ullam
570 2778 690 2805 criminis
714 2777 898 2811 depulsionem

106 2836 158 2856 uec
186 2829 259 2856 riam
286 2831 333 2854 aut
354 2828 487 2854 rationem
513 2824 679 2853 excutiendae
699 2820 778 2858 jn'stzc
802 2829 899 2858 ptenaa,

941 1544 981 1566 ινι-
1005 1547 1085 1566 orans
1113 1544 1140 1566 ut
1160 1547 1189 1566 se
1212 1540 1359 1574 supplicem
1381 1541 1451 1568 nodo
1473 1549 1526 1576 quo
1546 1543 1729 1576 stringebatur

940 1584 1076 1616 solveret,
1093 1592 1124 1611 ac
1149 1585 1289 1619 potnitenti
1314 1585 1527 1614 satisfactionem
1549 1594 1629 1621 quam
1650 1587 1731 1615 vellet

941 1631 1088 1664 imperaret
1123 1640 1129 1658 :
1164 1639 1193 1658 sc
1225 1632 1326 1666 quippe
1356 1637 1508 1667 promptum
1542 1639 1663 1666 paratum
1695 1635 1729 1662 ad

941 1677 1142 1710 exsequendum
1161 1677 1340 1711 quodcunque
1362 1678 1531 1712 praeciperet.
1549 1678 1606 1706 Hoc
1627 1685 1730 1708 restare

942 1730 1024 1749 unum
1049 1731 1056 1750 :
1080 1731 1140 1749 nam
1162 1723 1233 1756 quod
1252 1723 1352 1750 factum
1370 1724 1406 1751 sit
1423 1724 1552 1751 iniectum
1575 1726 1647 1751 reddi
1671 1732 1731 1754 arte

943 1772 990 1794 aut
1015 1772 1112 1795 conatu
1141 1768 1196 1795 ullo
1222 1776 1274 1796 non
1300 1776 1390 1802 posse.
1419 1768 1454 1795 Ea
1485 1769 1520 1796 illi
1548 1771 1728 1803 patriarcham

942 1814 1071 1841 adeuntes
1093 1814 1203 1849 copiose
1226 1820 1405 1849 accurateque
1428 1815 1600 1850 imperatoris
1623 1818 1730 1844 nomine

942 1868 1074 1898 egerunt.
1103 1863 1239 1898 multaque
1270 1862 1454 1898 adjuttxeruut
1481 1865 1570 1890 studio
1600 1866 1729 1898 proprio,

943 1915 1107 1942 magnopere
1138 1911 1294 1943 satagentes
1325 1909 1512 1943 persuadendo
1540 1917 1571 1937 ac
1601 1910 1731 1944 placando

944 1955 1098 1988 patriarcha
1132 1955 1289 1988 imperatori
1320 1954 1481 1989 gratiﬁcari.
1511 1956 1546 1982 At
1578 1957 1732 1990 patriarcha

946 2000 1008 2027 talia
1033 2004 1178 2034 precantes
1194 2000 1303 2034 repulit,
1320 2005 1346 2027 et
1364 2008 1398 2027 ne
1415 2002 1508 2028 audire
1525 2002 1633 2035 quidem
1651 2002 1733 2029 susti-

946 2054 1013 2073 nens
1030 2046 1182 2072 columbam
1201 2046 1282 2080 212
1300 2046 1367 2072 dixit
1385 2053 1413 2072 se
1431 2049 1456 2072 in
1476 2047 1563 2073 sinum
1581 2048 1731 2078 admisissm

946 2091 1017 2117 illam
1043 2096 1133 2117 autem
1160 2090 1196 2117 ibi
1221 2097 1350 2118 mutatam
1375 2091 1402 2118 in
1431 2097 1585 2126 serpentem
1613 2100 1732 2120 morsnnt

946 2137 995 2164 sibi
1015 2137 1118 2162 letalem
1137 2137 1271 2168 iunxisse,
1288 2144 1370 2164 unum
1389 2139 1568 2171 eumdemque
1585 2137 1732 2170 hominem,

947 2182 1071 2209 videlicet
1087 2182 1288 2216 imperatorem,
1302 2183 1407 2210 duabus
1423 2183 1481 2210 istis
1497 2184 1614 2210 maxime
1627 2190 1734 2211 contra-

949 2228 1049 2255 riarum
1064 2229 1239 2255 animantium
1255 2229 1397 2264 designans
1413 2230 1553 2264 symbolis,
1565 2231 1596 2257 ad
1613 2230 1735 2257 indit-an—

948 2274 1011 2301 dutn
1038 2282 1090 2300 non
1115 2279 1216 2301 natune
1240 2275 1266 2301 in
1289 2275 1344 2308 illo,
1361 2276 1407 2302 sed
1431 2283 1536 2303 morum
1561 2276 1735 2304 mutationem

949 2317 1138 2346 factam.'Post
1157 2321 1213 2347 bagc
1231 2326 1258 2347 et
1274 2321 1326 2348 alia
1343 2321 1368 2348 in
1387 2328 1447 2348 eam
1469 2322 1629 2350 sententiam
1652 2323 1734 2350 multa

949 2364 1056 2398 intulit,
1080 2373 1113 2392 eo
1135 2366 1209 2392 vultu
1237 2374 1268 2392 ac
1295 2366 1391 2401 spiritu
1405 2367 1450 2400 qtti
1479 2368 1545 2395 satis
1570 2369 1738 2395 deciararei.t

950 2419 1087 2445 nunquam
1115 2412 1216 2446 ipsum,
1235 2413 1364 2447 quidquid
1388 2414 1481 2447 ﬁeret,
1499 2414 1678 2441 inducendum
1702 2415 1736 2441 ad

949 2458 1238 2485 exeonunnnioationis
1262 2458 1457 2486 absolutionem
1481 2459 1685 2494 indulgendum,
1703 2466 1736 2486 ne

950 2503 973 2529 si
997 2503 1104 2537 quidem
1132 2504 1199 2529 tnala
1227 2504 1370 2537 quantavis
1397 2505 1545 2539 imperator
1569 2511 1736 2538 mortemque

951 2549 1036 2582 ipsam
1049 2549 1207 2576 minaretur.
1218 2550 1306 2582 Quare
1318 2551 1505 2585 deprecatores
1519 2553 1605 2578 nitein
1619 2552 1735 2585 repulsa.

951 2602 1011 2628 qua:
1030 2595 1172 2621 audierant
1189 2597 1343 2630 imperatori
1365 2597 1531 2628 referentes,
1550 2598 1576 2624 in
1599 2598 1737 2632 angustias

951 2647 1011 2666 eum
1024 2644 1159 2674 susumque
1171 2641 1254 2667 mttlto
1268 2641 1382 2675 majores
1396 2642 1580 2675 coniecerunt.
1592 2641 1636 2667 Ille
1647 2647 1737 2668 autem

951 2692 1056 2712 memor
1076 2686 1192 2720 vulgaris
1214 2686 1279 2713 dicti
1304 2694 1357 2720 quo
1380 2687 1548 2721 signiﬁcatur
1571 2687 1623 2712 vim
1650 2687 1738 2713 inesse

952 2729 1116 2763 prmeipuam
1140 2731 1264 2764 praesenti
1282 2731 1360 2758 faciei
1380 2739 1470 2758 coram
1491 2731 1596 2758 aliantis
1613 2731 1738 2758 medendi

951 2775 1145 2803 cliensionibus
1162 2782 1188 2803 et
1201 2777 1295 2811 gratiae
1307 2777 1475 2804 demerendac
1490 2777 1527 2811 (id
1543 2778 1614 2804 enim
1635 2777 1739 2803 indica-

954 2826 1009 2849 tum
1039 2821 1160 2850 fabulosa
1189 2823 1328 2858 Gorgone,
1359 2824 1415 2851 oris
1442 2823 1550 2858 objectu
1579 2824 1738 2850 itntnutunte
