1936 3069
85 109 136 140 049

554 106 604 137 DE
625 105 820 136 MICHAELE
839 103 1069 147 FALIEOLOGO
1091 103 1164 133 LIB.
1187 102 1242 133 ΙῙῘ.

1655 101 1706 130 650

84 163 293 199 ἀνηρτημένους
308 163 424 197 πάμπαν
444 162 491 188 καὶ
513 161 590 196 μόλις
612 160 786 196 ὁριζομένους
803 159 870 186 Θεσ-
884 161 906 188 Α
920 159 965 185 θεν
979 159 1214 192 ἐπαναζεύξαντος
1227 167 1341 193 υστερον
1355 158 1450 190 αὐτοὺς
1462 158 1705 192 ἐγκαταλελεῖφθαι

86 209 227 244 σαλονίκῃ.
243 208 363 236 Τοιαῦτα
379 207 444 242 γοῦν
461 207 622 240 ἀπελογεῖτο
641 206 783 241 πρότερον.
806 206 873 232 Τότε

86 255 114 281 δὲ
144 254 213 281 ἀλλὰ
237 253 329 288 χώραν
354 252 387 288 ἣν
418 252 442 278 oi.
468 253 554 286 γονεῖς
582 251 687 277 ἐκείνου
711 251 803 281 πόνοις
827 250 874 276 καὶ

89 300 184 335 ίδρῶσι
207 299 256 326 καὶ
274 299 354 333 μόνον
368 297 416 333 οὐχ
434 297 538 331 ⁴αἵμασι
557 296 700 328 στάζοντες
721 295 875 330 προσεκτή-

90 356 170 374 σαντο
190 347 238 373 καὶ
261 346 361 381 κλῆρον
388 345 533 372 κατέλιπον
561 345 616 374 τοῖς
644 344 733 375 παισὶ,
758 343 818 374 πῶς
843 342 875 369 ἂν

90 395 136 420 καὶ
161 393 276 423 δικαίως
303 390 504 425 ἀπαιτούμενος
529 390 659 424 ἀποδῲη;
680 388 799 419 Ἰταλοὺς
822 388 875 424 γὰρ

90 439 320 474 ᾰςαιρουμένους,
335 437 383 464 καὶ
402 437 439 471 μὴ
460 435 621 469 Ῥωμαίους,
643 435 713 462 κατὰ
727 435 757 461 τὸ
772 435 876 461 δίκαιον

90 486 138 513 καὶ
162 486 221 516 τοῖς
245 484 275 516 ἐξ
297 485 410 510 ἐκείνων
435 483 475 513 είς
499 482 623 516 διαδοχὴν
647 481 822 507 καταλείπειν
839 480 877 511 ὡς

92 532 224 566 σφέτερον
241 529 342 565 κλῆρον
361 529 392 560 ἐξ
408 529 508 563 ἀρετῆς
520 535 527 543 ⁶
552 526 582 554 εὖ
602 527 656 561 γὰρ
680 526 728 553 καὶ
750 526 878 561 λελέχθαι

91 578 128 609 ὡς
142 577 220 603 οὐδὲν
236 576 342 606 οὐδενὸς
360 575 429 609 πλὴν
455 574 501 600 τοῦ
524 573 721 604 σπουδάζοντος
741 571 811 599 κατὰ
828 572 877 598 πό-

91 624 185 658 λεμον.
208 624 263 649 Καὶ
289 621 360 648 οὕτω
387 621 436 655 μὲν
462 618 733 655 διαμφισϐητούντων
755 619 788 644 τὰ
810 619 877 644 Ῥω-

93 669 181 703 μαίων
198 667 238 702 τῷ
253 667 373 702 δεσπότῃ
389 665 583 700 στρατεύματα
595 665 804 700 κατετρίδοντο·
821 666 834 690 ὁ
850 664 879 690 δέ

91 720 123 745 γε
143 711 371 746 σεϐαστοκράτωρ
396 712 428 746 τῇ
454 709 633 745 Μονεμόασίᾳ
655 710 703 737 καὶ
723 710 779 741 τοῖς
798 709 879 744 πέριξ

92 755 322 790 προσκαθήμενος
349 755 551 789 καθημερινοὺς
579 754 716 789 πολέμους
739 754 808 789 πρὸς
834 755 880 781 τὸν

55 802 60 806 ⁷
94 801 230 837 Πρίντζην
248 801 348 836 ἐξῆγε·
366 802 433 837 μηδὲ
449 801 502 836 γὰρ
515 801 658 832 ἀρκεῖσθαι
676 801 715 836 τῷ
733 801 811 837 μέρει
831 801 880 836 τῆς

93 849 188 880 νήσου,
208 849 298 874 πᾶσαν
318 847 346 874 δὲ
369 848 505 882 κρατῆσαι
537 847 632 880 θέλων,
659 847 798 882 ὑπάρχους
812 847 881 881 ἔχων

93 892 140 919 τόν
157 902 188 919 τε
205 894 292 927 μέγαν
307 893 465 927 δομέστικον
475 893 519 919 τὸν
528 892 612 927 Φιλῆν
628 893 676 919 καὶ
687 893 733 919 τὶν
749 900 882 928 παρακοι-

96 939 223 974 μώμενον
240 939 400 974 Μακρηνὺν,
415 938 451 971 ὡς
469 939 528 965 ἐνὸν
545 938 705 973 ἠγωνίζετο.

133 1018 220 1052 .ζ’.Τὰ
235 1019 312 1046 κατὰ
331 1018 385 1046 τὸν
398 1017 665 1052 παρακοιμώμενον
683 1017 847 1052 Μακρηνὸν

417 1053 569 1087 Ἰωάννην.

130 1121 186 1148 Ἦν
205 1121 226 1148 δ’
244 1121 398 1155 εὐδοκιμῶν
419 1121 433 1147 ό
461 1119 720 1155 παρακοιμώμενος,
747 1120 794 1146 καὶ
819 1120 883 1156 παρ’

97 1170 204 1204 ἐχθροῖς
219 1168 303 1202 ὄνομα
320 1167 390 1202 ἔχων
415 1168 462 1193 ἐπὶ
488 1167 619 1202 στρατείᾳ
649 1167 696 1193 καὶ
719 1167 748 1193 τὸ
769 1166 886 1202 φοϐερὶν

96 1215 315 1250 ἐνδεικνύμενος,
335 1213 406 1240 ὥστε
423 1214 470 1240 καὶ
485 1213 533 1240 τοῦ
551 1213 802 1248 σεῆαστοκράτορος
814 1213 885 1239 ἐλεεῖς

97 1303 207 1331 omnino
232 1303 462 1338 prmvertendam,
486 1301 595 1329 facilem
619 1306 665 1328 aut
688 1301 761 1329 brevi
785 1303 886 1330 transi-

97 1350 212 1383 gerulam
233 1356 363 1383 apparere
381 1357 388 1375 :
409 1348 489 1375 Italos
507 1348 579 1375 enim
604 1353 659 1374 tom
680 1348 773 1382 procul
792 1355 852 1375 esse
871 1356 886 1375 a

98 1395 236 1422 reddenda
256 1394 385 1421 Romanis
403 1394 508 1428 imperii
528 1394 683 1428 metropoli,
698 1399 726 1420 ut
741 1394 821 1421 etiam
839 1401 887 1429 spe

98 1450 151 1468 non
175 1448 288 1475 prorsus
307 1448 374 1467 vana
396 1440 543 1475 majoribus
565 1440 680 1473 inhient,
698 1444 725 1467 et
745 1441 812 1468 adeo
833 1448 885 1468 non

927 206 974 232 καὶ
998 205 1044 231 τοῦ
1073 204 1276 239 στρατεύματος
1293 204 1399 239 ἄρχειν,
1418 205 1465 230 καὶ
1484 205 1516 239 δὴ
1540 205 1710 240 μαχομένους

926 251 1054 282 πολλάκις
1074 251 1124 286 μὲν
1141 251 1291 286 εὐστοχεῖν,
1310 251 1374 286 μίαν
1388 250 1416 277 δέ
1433 259 1463 285 γε
1480 251 1629 285 σφαλέντις
1644 259 1707 286 κρα-

926 297 1041 332 τηθῆναι
1056 297 1127 324 κατὰ
1143 297 1263 331 πόλεμον
1280 296 1326 323 καὶ
1346 297 1528 330 ἀμφοτέρους.
1542 297 1607 323 Τότε
1622 297 1712 324 τοίνυν

927 343 970 369 ἐπ’
988 343 1077 377 ὀλίγον
1097 343 1288 378 κατεχομένων
1305 343 1336 378 [Ρ
1353 343 1414 378 139]
1432 343 1460 369 ὲν
1483 343 1617 377 φυλακαῖς
1634 343 1648 369 ὁ
1664 344 1713 378 μὲν

929 389 1016 424 μέγας
1029 389 1188 424 δομέστικος
1205 388 1381 423 ἀποθνήσκει,
1400 389 1450 423 ἡδ’
1470 389 1572 415 ἐκείνου
1596 389 1714 424 πενθερὰ

928 434 1047 468 Εὑλογία
1067 435 1141 461 δεινὰ
1164 434 1250 461 ἐποίει
1271 433 1309 467 τῷ
1339 434 1443 468 βασιλεῖ
1471 434 1713 469 προσαγγέλλουσει

930 481 968 511 ὡς
985 481 1094 516 προδῴη
1114 481 1163 515 μὲν
1177 481 1191 506 ὁ
1204 480 1449 515 παρακοίμώμενος
1462 481 1508 506 τὸν
1523 482 1629 516 ἐκείνης
1645 490 1714 516 γαμ-

930 526 1005 561 ερὺν,
1018 528 1064 553 καὶ
1079 527 1116 558 ὼς
1131 526 1257 561 ἐπίτηδες
1281 525 1429 561 κρατηθείη
1450 526 1495 552 καὶ
1515 523 1591 557 οὗτος
1613 527 1652 557 εἰς
1666 526 1715 552 πό-

929 574 1027 607 λεμον,
1052 572 1173 608 ὀρύσσων
1203 572 1297 606 βόθρον
1325 571 1364 606 τῷ
1391 573 1580 607 συστρατήγῳ,
1608 573 1656 599 χοὶ
1680 573 1717 604 ὡς

930 618 1037 653 ἀληθῶς
1059 618 1105 644 ἐπὶ
1121 617 1227 649 τούτοις
1250 618 1454 652 κατηγορεῖται,
1472 618 1565 651 λόγους
1588 618 1657 653 ἔχων
1672 620 1719 645 καὶ

932 664 1089 699 συμφωνίας
1109 664 1176 699 πρὸς
1201 663 1247 690 τὸν
1275 662 1408 698 Πρίντζην
1437 663 1585 698 λαμϐάνειν
1608 663 1718 698 τὴντοῦ

932 711 1055 744 Λάσκαρι
1067 709 1203 744 Θεοδώρου
1214 709 1260 735 τοῦ
1275 709 1406 744 βασιλέως
1417 709 1554 745 θυγατέρα
1568 710 1719 745 (κεχήρωτο

931 757 985 792 γὰρ
1000 757 1046 783 τοῦ
1069 755 1174 790 ἀνδρὸς)
1191 756 1279 781 ἐκεῖσε
1302 755 1456 788 διάγουσαν,
1479 755 1525 780 καὶ
1557 755 1615 789 μετ’
1632 755 1720 781 αὐτῶν

933 801 1001 829 εἶναι
1016 802 1171 836 παραδόντα
1194 801 1243 836 τὴν
1267 800 1369 836 χώραν,
1399 801 1445 827 καὶ
1468 800 1660 835 ἀντιπράττειν
1682 800 1720 835 τῷ

935 848 1047 884 βασιλεῖ.
1064 847 1157 874 Ταῦτα
1170 847 1287 880 λέγουσα
1309 846 1354 873 καί
1368 854 1399 880 γε
1417 846 1591 880 προστιθεῖσα
1608 848 1623 881 ἡ
1639 847 1722 873 Εὐλο-

932 894 979 928 γία
993 894 1061 928 πρὸς
1075 893 1119 919 τὸν
1130 893 1243 926 ἀδελφὸν
1260 891 1359 926 πιθανὴ
1375 891 1460 918 ἐδόκει
1472 899 1477 905 ·
1491 889 1525 926 ἦν
1542 892 1595 924 γάρ
1612 892 1644 918 ἐκ
1657 891 1722 918 πολ-

933 941 980 967 λοῦ
1004 940 1116 967 τοιαῦτα
1134 939 1252 970 ἀκούσας
1269 938 1333 974 περὶ
1357 938 1462 964 ἐκείνου
1485 938 1530 964 καὶ
1552 939 1565 964 ὁ
1583 938 1720 972 βασιλεύς.

934 986 1048 1013 Συνίστα
1063 986 1152 1017 δὲτὰς
1171 985 1336 1020 κατηγορίας
1363 985 1409 1011 καὶ
1426 985 1458 1010 τὰ
1476 984 1523 1010 τοῦ
1543 985 1639 1020 ἀνδρὸς
1654 994 1722 1012 κατ-

934 1032 1090 1067 ορθώματα,
1112 1032 1149 1063 ὡς
1168 1032 1240 1062 εῐκὶς
1255 1028 1323 1057 εἶναι
1335 1030 1420 1062 οὕτως
1433 1030 1626 1066 εὐδοκιμοῦντα
1641 1031 1724 1057 ὑπελ-

935 1078 990 1105 θεῖν
1005 1079 1108 1104 ἐκεῖνον
1122 1079 1165 1104 τὸν
1191 1077 1326 1112 Πρίντζην
1349 1077 1395 1103 καὶ
1421 1077 1532 1103 τοιαῦτα
1558 1076 1617 1111 μετ’
1639 1077 1721 1104 αὐτοῦ

936 1123 1161 1156 συσκευάζεσθαι.
1179 1123 1214 1149 Τὸ
1234 1123 1262 1149 δέ
1287 1131 1318 1156 γε
1342 1122 1410 1158 πρὸς
1436 1122 1486 1157 τὴν
1517 1122 1653 1158 Θυγατέρα
1675 1124 1723 1150 τοῦ

937 1169 1066 1205 βασιλέως
1081 1169 1159 1204 κῆδος
1171 1169 1219 1195 καὶ
1229 1169 1289 1195 λίαν
1301 1168 1392 1195 ἱκανὸν
1403 1168 1524 1202 οἰόμενος
1539 1168 1641 1194 πείθειν
1652 1169 1723 1195 sxa?-

936 1224 980 1242 vov
996 1215 1033 1246 ὡς
1048 1215 1186 1250 μεγίστοις
1210 1213 1508 1248 ὲπιγαμῦρευσόμενον,
1524 1213 1570 1239 καὶ
1581 1213 1638 1239 λίαν
1654 1221 1725 1248 παρ-

938 1303 988 1335 ria,
1004 1303 1059 1336 jam
1082 1301 1152 1336 apud
1173 1302 1264 1329 hostes
1284 1301 1399 1329 celebris
1420 1301 1490 1328 fama
1512 1303 1615 1337 peritiae
1634 1311 1724 1331 rerum

940 1349 1096 1376 bellicarum
1113 1354 1183 1375 eteo
1197 1348 1303 1375 nomine
1316 1348 1381 1382 ipsis
1396 1347 1544 1375 formidati.
1558 1347 1634 1376 Unde
1649 1350 1726 1376 scha-

938 1400 1087 1422 stocratore
1103 1394 1177 1420 illinc
1193 1398 1283 1428 postea
1302 1393 1460 1425 recedente,
1474 1393 1495 1419 is
1513 1393 1549 1420 ibi
1570 1401 1631 1421 cum
1650 1393 1725 1421 Phile

938 1448 980 1469 est
997 1441 1123 1472 relictus,
1139 1445 1168 1467 ut
1185 1440 1315 1467 exercitui
1334 1444 1491 1474 przeessent.
1506 1439 1563 1473 Qua
1585 1440 1611 1467 in
1631 1441 1726 1476 praefe-

98 1487 308 1513 CDIIICnlIlelltllS
335 1487 390 1513 sint
418 1486 519 1513 viribus
546 1491 574 1513 ut
598 1493 692 1513 eorutn
720 1486 785 1513 ditio
814 1493 884 1521 aegre
897 1490 919 1519 c
936 1494 1014 1516 ctura
1032 1495 1093 1514 cutn
1111 1493 1181 1520 saepe
1198 1493 1326 1520 prospere
1343 1489 1525 1521 pugnassent,
1540 1486 1623 1522 208
1643 1494 1718 1515 some

97 1532 296 1560 Thessalmtica
323 1533 440 1559 finiatur.
468 1532 537 1563 Hac,
563 1531 688 1567 inquam,
709 1532 768 1568 ejus
793 1533 884 1567 omni,

98 1587 153 1611 qua
182 1579 256 1612 prius
284 1585 312 1604 se
336 1577 501 1611 iactaverat,
525 1579 647 1606 oratione
668 1587 739 1607 nunc
762 1580 884 1613 sublata,

99 1625 165 1650 illud
186 1623 264 1650 modo
283 1630 330 1657 pro
348 1630 377 1650 se
394 1623 542 1657 allegabat,
559 1623 696 1659 regionem
718 1632 747 1651 se
765 1625 886 1653 oblinere

97 1680 180 1704 quant
191 1676 282 1705 patres
293 1670 332 1697 sui
349 1670 500 1703 laboribus,
514 1671 656 1697 sudoribus
668 1678 700 1697 ac
716 1675 817 1698 tantum
833 1680 885 1698 non

98 1718 161 1743 fuso
191 1717 312 1743 stillatim
344 1716 453 1751 proprio
479 1717 610 1751 Sanguine
638 1723 787 1751 parassent.
812 1717 887 1745 lianc

100 1761 287 1789 luereditatem
310 1762 343 1788 ab
366 1762 431 1796 ipsis
450 1762 482 1788 ad
504 1761 573 1788 ﬁlios
594 1763 781 1790 transmissum
801 1763 887 1798 possi-

99 1810 167 1835 dere
189 1816 249 1836 sese
264 1809 326 1842 jure
351 1816 429 1841 quant
449 1809 551 1842 optimo
569 1817 577 1835 :
595 1816 721 1842 quorsum
747 1817 812 1842 ergo
832 1811 888 1844 ipse

101 1855 175 1881 illam
199 1855 292 1889 inique
314 1855 498 1888 repetentibus
519 1854 669 1882 relaxaret?
691 1854 762 1883 Sane
782 1856 804 1883 si
827 1856 889 1882 red-

99 1901 190 1927 dmnla
203 1906 286 1932 eSset,
301 1900 334 1926 iis
348 1901 436 1935 potius
452 1900 524 1928 reddi
537 1905 673 1933 oporteret
685 1901 782 1935 quibus
796 1907 888 1936 erepta

99 1947 148 1972 sit.
167 1945 224 1972 Non
241 1951 331 1972 autem
351 1946 489 1978 Romanis,
506 1947 552 1973 sed
571 1945 644 1974 ltalis
662 1950 736 1981 prius
748 1946 809 1981 jure
827 1947 887 1974 belli

101 1992 291 2019 obtinentibus
306 1996 392 2018 terras
406 1991 466 2018 illas
479 1991 503 2018 vi
517 1993 669 2019 extorsisse
684 1992 799 2026 majores
813 2000 888 2025 suos,

101 2047 220 2074 quorum
236 2047 264 2066 se
278 2043 400 2073 posteros
417 2046 447 2065 ac
464 2037 583 2065 sobolem
599 2038 662 2071 frui,
677 2046 756 2072 qnatn
773 2038 890 2073 legitime

103 2085 273 2117 crevissent,
289 2085 445 2111 haereditate
461 2092 493 2111 ac
510 2085 673 2118 patrimonio
691 2084 813 2116 virtutis.
830 2085 890 2119 quis

103 2139 157 2159 non
182 2132 225 2158 fas
250 2135 278 2157 et
298 2137 404 2164 aequum
426 2137 486 2157 esse
512 2129 643 2156 fateatur?
664 2128 733 2157 Vere
757 2130 888 2164 siquidem

937 1534 1123 1564 offenderunt,
1153 1533 1189 1559 ita
1220 1535 1249 1559 ut
1278 1532 1371 1566 prailio
1401 1531 1519 1560 infausto
1549 1534 1628 1560 ambo
1656 1535 1726 1568 captl

937 1580 1054 1608 hostium
1067 1578 1187 1606 custodia
1200 1578 1398 1609 detinerentur,
1410 1577 1435 1604 in
1446 1586 1499 1612 qua
1513 1586 1625 1613 magnus
1634 1579 1727 1606 dome-

937 1626 1021 1653 sticus
1034 1629 1061 1652 et
1078 1629 1211 1650 mortuus.
1228 1623 1314 1658 Hujus
1329 1630 1424 1650 socrus
1442 1623 1551 1658 Eulogia
1569 1631 1629 1651 cum
1644 1625 1725 1652 istum

938 1669 1062 1698 nuntium
1085 1668 1177 1695 dolore
1203 1675 1252 1695 suo
1280 1668 1399 1694 maximo
1423 1668 1542 1695 auditum
1571 1669 1728 1703 imperatori

940 1715 1067 1744 referret,
1082 1713 1219 1748 proditum
1239 1713 1273 1740 ab
1289 1712 1359 1740 sacri
1377 1713 1492 1740 cubiculi
1509 1713 1635 1748 prmfecto
1649 1722 1727 1741 suum

939 1766 1066 1794 generum
1089 1763 1184 1793 questa
1205 1763 1256 1791 est,
1275 1766 1402 1785 asserens
1422 1758 1553 1785 volenlent
1572 1758 1727 1787 Macreuunt

940 1805 1009 1833 bello
1029 1806 1127 1833 victum
1149 1805 1289 1836 luisse,et
1308 1811 1343 1831 ex
1365 1805 1512 1839 compesito
1534 1805 1672 1833 inductum
1694 1807 1728 1833 ab

940 1851 999 1884 ipso
1021 1850 1047 1876 in
1070 1850 1191 1884 provisae
1214 1849 1327 1877 insidias
1347 1858 1472 1885 magnum
1492 1851 1679 1880 domesticum.
1695 1851 1728 1879 Et

940 1904 1033 1924 revera
1048 1897 1171 1931 quaedam
1186 1896 1357 1923 iucrebuerat
1370 1904 1422 1923 non
1438 1905 1549 1930 prorsus
1563 1898 1728 1926 inverisimi-

941 1943 973 1970 lis
1000 1943 1059 1969 talis
1077 1942 1194 1976 perﬁdia.-
1209 1942 1311 1976 opinio,
1327 1943 1420 1969 multis
1435 1950 1468 1969 ex
1486 1943 1639 1979 suspicione
1658 1945 1730 1972 adir-

943 1987 1079 2015 mantihus
1100 1989 1190 2021 egisse
1210 1988 1279 2014 clam
1301 1992 1328 2014 et
1347 1989 1506 2016 convenisse
1528 1998 1587 2016 cum
1609 1991 1730 2025 principe

942 2034 1109 2066 llacrenum,
1124 2035 1257 2068 promissa
1273 2035 1335 2062 huic
1349 2034 1382 2061 ab
1399 2035 1443 2061 illo
1458 2034 1590 2063 Theodori
1605 2037 1730 2066 Lascaris

942 2080 1115 2114 imperatoris
1138 2081 1231 2114 tmperi
1257 2080 1309 2106 lilia
1332 2088 1340 2108 :
1365 2081 1420 2107 luet:
1440 2082 1510 2108 enim
1534 2082 1569 2108 ibi
1592 2088 1684 2118 nupta,
1702 2088 1731 2110 ut

942 2126 1076 2158 diximus,
1091 2126 1148 2152 viro
1163 2125 1260 2153 deinde
1278 2130 1387 2153 mortuo
1403 2127 1471 2161 apud
1488 2128 1634 2162 principem
1651 2129 1728 2156 vidua

101 2179 205 2204 dictum
231 2175 296 2202 illud
321 2174 404 2207 ferri,
428 2174 494 2201 n'hil
520 2174 676 2208 cujusquam
701 2175 803 2202 meliori
829 2175 890 2208 jure
905 2171 930 2199 D
945 2173 1090 2206 perstabat.
1103 2171 1253 2199 Pollicitqu
1267 2177 1358 2199 autem
1374 2173 1418 2199 tali
1434 2175 1559 2201 mercede
1573 2174 1727 2202 Macrenutu

101 2222 242 2256 proprium
265 2220 368 2248 censeri
385 2228 464 2255 quam
486 2220 556 2254 quod
578 2225 704 2255 satagens
725 2221 839 2255 quisque
858 2229 890 2248 ac

102 2267 264 2302 periclitans
281 2273 360 2293 manu
379 2266 430 2293 sibi
448 2274 478 2292 ac
493 2265 578 2293 Marte
594 2267 740 2299 quasierit.
756 2265 828 2292 Inter
841 2266 890 2293 has

104 2312 235 2346 utrinque
252 2310 277 2337 in
294 2310 402 2344 longum
417 2310 591 2344 procedentes
604 2318 650 2338 sua
663 2310 723 2344 jura
736 2310 799 2337 hinc
810 2316 890 2345 atque

104 2358 170 2385 inde
193 2357 368 2391 allegantium
392 2356 582 2383 altercationes
605 2356 689 2390 copiae
710 2355 823 2382 Joannis
842 2356 890 2382 de-

103 2408 192 2435 spotae
207 2402 289 2428 ductu
306 2401 452 2428 militantes
469 2405 574 2434 tempus
589 2408 645 2427 rem
664 2401 772 2434 gerendi
790 2401 892 2428 contri-

107 2451 217 2472 verunl.
234 2446 267 2472 At
285 2446 486 2472 sebastocrator
500 2444 710 2471 Monembasiam
729 2450 757 2471 et
774 2445 891 2472 circum-

106 2492 196 2525 posita
214 2490 343 2518 obsidens
361 2490 418 2516 loca
437 2490 556 2523 quotidie
573 2497 633 2516 cum
651 2489 772 2524 principe
789 2497 891 2524 pugna-

105 2538 150 2563 bat
169 2545 175 2562 :
192 2544 243 2562 non
261 2535 332 2562 euiut
349 2543 379 2561 ea
396 2543 475 2568 quant
493 2534 606 2562 Romani
622 2535 678 2569 jam
696 2542 893 2569 occupaverant

103 2581 287 2614 Peloponnesi
309 2585 385 2615 parte
407 2584 558 2609 contentus.
575 2581 726 2607 universam
748 2580 893 2616 subjugare

103 2627 264 2658 allectabat,
283 2628 314 2653 ad
335 2627 361 2653 id
380 2626 430 2661 ipsi
449 2634 498 2660 pro
517 2626 586 2652 virili
605 2626 814 2660 cooperantibus
825 2634 891 2662 quos

102 2675 158 2702 sub
186 2682 215 2701 se
241 2674 359 2700 habebat
385 2675 487 2705 duces,
513 2672 589 2699 Phile
617 2673 767 2707 praesertim
797 2681 892 2708 magno

104 2720 256 2746 domestico
271 2724 298 2745 ct
311 2719 436 2746 Macrcno
452 2719 522 2746 sacri
537 2718 654 2745 cubiculi
671 2718 808 2750 praefecto.

107 2765 151 2791 l7.
170 2764 206 2790 De
217 2763 321 2790 loumte
337 2763 462 2790 Macreno
491 2764 602 2798 Auguin
618 2764 730 2790 cubiculi
756 2765 890 2798 pne/ecta.

140 2809 170 2836 In
185 2810 227 2839 bis
244 2811 315 2837 sacri
331 2811 450 2838 cubiculi
468 2810 587 2844 prurit-eti
607 2809 741 2845 praecipua
761 2816 818 2837 erat
836 2811 892 2846 glo-

285 2861 418 2890 ΡΑΤιιοι.
441 2861 498 2889 Gtt.
513 2859 636 2890 CXLI“

943 2218 1049 2245 aiebant
1071 2218 1233 2244 traditurum
1260 2225 1321 2245 sese
1345 2219 1458 2254 principi
1483 2227 1542 2251 qua:
1564 2219 1676 2247 [tertiani
1702 2222 1728 2248 in

943 2263 1129 2298 Peloponneso
1145 2268 1290 2297 ceperant,
1304 2267 1331 2290 et
1347 2263 1502 2297 imperatori
1519 2270 1647 2299 quantum
1666 2273 1729 2300 pos-

943 2314 984 2336 s-t
996 2309 1169 2336 obstiturum.
1183 2309 1243 2335 llzne
1256 2308 1366 2342 Eulogia
1379 2308 1455 2336 fratri
1470 2310 1561 2338 dicens
1573 2313 1728 2339 verisimilia

943 2356 1016 2390 loqui
1033 2356 1088 2381 visa
1106 2360 1157 2387 est,
1171 2362 1203 2382 eo
1219 2355 1288 2389 quod
1304 2355 1462 2389 jamdudum
1479 2356 1541 2383 talia
1557 2357 1589 2384 de
1606 2357 1729 2385 Macreno

944 2401 1092 2434 imperator
1116 2401 1245 2427 audisset.
1273 2401 1414 2428 Addebam
1443 2407 1531 2428 autent
1563 2404 1730 2432 accusatimti

943 2447 1022 2473 fidem
1037 2446 1115 2474 fortia
1127 2446 1176 2473 viri
1192 2447 1272 2479 facta,
1283 2454 1315 2473 ex
1329 2447 1428 2481 quibus
1443 2447 1571 2475 credibile
1583 2451 1730 2483 apparebat

943 2496 1068 2518 conatum
1095 2491 1178 2518 fuisse
1204 2491 1354 2526 principem
1379 2491 1494 2519 delinire
1517 2497 1572 2519 tant
1598 2494 1728 2529 inclytum

945 2537 1015 2564 bello
1031 2537 1127 2563 ducent
1143 2542 1170 2563 et
1185 2538 1212 2563 in
1229 2544 1293 2564 suas
1308 2545 1368 2563 eum
1384 2542 1473 2571 partes
1491 2539 1636 2566 attrahere.
1653 2540 1730 2573 Quod

944 2590 1025 2618 porro
1044 2583 1190 2609 addebatur
1206 2582 1240 2609 de
1257 2582 1371 2617 conjuge
1390 2583 1440 2616 ipsi
1457 2583 1590 2611 destinata
1608 2586 1659 2612 filia
1678 2587 1730 2613 im-

946 2629 1079 2664 peratoris
1093 2628 1240 2659 Theodori,
1256 2627 1281 2655 id
1297 2632 1324 2655 et
1337 2627 1550 2656 efﬁcacissimum
1566 2629 1729 2660 incentiVum

942 2674 1050 2710 quidvis
1074 2674 1190 2701 audendi
1215 2673 1340 2701 Macreno
1362 2674 1482 2700 futttrutn
1502 2675 1622 2708 videbat,
1638 2677 1731 2712 utique

944 2727 1047 2748 summe
1064 2720 1223 2754 expctibiles
1241 2720 1308 2747 tales
1323 2720 1432 2754 nuptias
1447 2721 1495 2747 sibi
1515 2722 1650 2749 creditnro
1668 2731 1730 2757 pro-

944 2772 1004 2801 pter
1020 2766 1174 2792 ailinitatem
1192 2773 1272 2800 qttam
1291 2774 1338 2801 per
1354 2773 1400 2792 eas
1420 2774 1481 2792 runt
1505 2767 1629 2794 maximis
1651 2769 1730 2796 iniret

946 2811 1080 2840 domibus.
1095 2810 1128 2837 Et
1143 2810 1207 2845 quia
1224 2810 1294 2838 idem
1312 2810 1513 2838 matrimonium
1531 2811 1728 2843 periculosissi-

1500 2860 1534 2890 21
