1936 3069
97 144 152 176 653

585 143 633 172 DE
654 141 849 171 MlCliAELE
870 140 1098 170 PALEOLOGO
1119 141 1192 171 LIB.
1219 141 1276 171 Ill.

1667 144 1719 174 654

95 199 193 227 τεῦθεν
209 198 242 225 τὰ
258 198 343 225 πάντα
361 207 367 212 ·
382 197 406 223 εἰ
420 196 441 222 δ’
455 196 505 222 οὐκ
523 194 576 222 εἶδε
598 197 642 222 τὸν
657 197 748 228 τόπον¹
765 195 882 221 κελεύων
898 199 920 225 Α
935 196 1013 229 δίκην
1026 196 1183 228 ἀποθέσθαι,
1204 196 1249 223 ὑπ’
1265 197 1418 232 ἀμηχανίας
1443 198 1488 224 ἐπὶ
1505 199 1615 233 μεσίτας
1637 202 1718 228 πνεύ-

96 245 260 280 διαγράφειν
275 244 337 275 τοὺς
358 243 462 273 εἰδότας
475 242 553 272 αὐτὸς
570 241 683 268 καοίστα
697 241 882 275 προστάττων,

96 291 146 318 καὶ
154 288 190 325 ἦν
202 289 378 324 ἐπηρτημένη
398 287 488 322 κρίσις
510 286 548 322 τῷ
562 286 786 322 παρακούσαντι),
804 286 884 316 αὐτὸς

96 336 186 362 τοίνυν
208 335 325 369 πέμπων
348 334 396 365 τὰς
423 333 553 368 δυνάμεις
575 332 614 366 τῷ
637 333 696 359 τότε
722 332 807 366 συχνὰ
832 331 884 357 τῶν

98 383 156 408 ἐκεῖ
169 381 216 407 ὑπ’
236 379 312 414 αὐτῷ
329 379 426 411 ἐποίει,
451 379 498 404 καὶ
515 377 641 413 ἡλίσκετο
667 378 715 412 μὲν
739 376 885 403 Φιλιππούη

99 426 187 458 πολις,
206 426 349 460 ἐκρατεῖτο
365 424 393 451 δὲ
415 423 580 458 Σθενίμαχον
597 423 735 457 φρούριον,
751 424 797 449 καὶ
812 422 885 452 ἄπας

98 471 112 497 ὸ
126 471 180 503 ἔξω
193 471 241 497 τοῦ
256 470 343 505 Αἴμου
360 469 442 504 ζυγὸς
467 468 670 502 συγκατείχετο.
692 467 778 494 Ἑάλω
795 468 823 493 δὲ
837 466 884 493 τοῦ

98 518 212 552 Μυλτζῆ
240 517 366 548 διδόντος,
389 516 426 548 ὡς
452 515 623 550 λεχθήσεται,
641 514 686 540 καὶ
708 512 885 547 Ῐιὶεσέμϐρεια

100 561 207 598 μεγάλη
221 562 308 594 πόλις,
322 560 370 588 καὶ
382 560 525 596 Ἀγχίαλος
538 559 723 594 συνηλίσκετο.
738 558 792 585 Καί
807 566 838 592 γε
852 558 885 583 τὰ

99 607 180 642 πέριξ
206 608 333 640 ἐκείνων,
360 607 435 638 ἅπαξ
460 606 616 641 γευσάμενα
644 605 693 640 τῆς
720 604 883 639 μεταϐολῆς,

97 655 214 690 ἠγάπων
227 654 279 680 ὑπὸ
297 653 400 688 βασιλεῖ
416 652 597 687 διοικούμενα.
614 651 646 688 [Ρ
660 651 722 687 Ml]
740 651 885 677 Κωνσταν-

97 700 164 735 ¹τίνῳ
176 700 205 726 δὲ
219 699 263 727 διὰ
277 699 362 725 ταῦτα
372 698 501 732 ἔκπληξις
518 697 659 733 ἐμπίπτει,
674 697 718 722 καὶ
734 695 885 731 ἀμύνεσθαι

99 746 149 781 μὲν
162 746 212 771 οὐκ
227 743 285 779 εἶχε
300 745 330 770 τὸ
351 744 487 779 τηνικάδε,
505 744 580 777 ὅμως
598 743 620 768 δ’
631 742 750 768 ὲνεκότει
765 743 820 773 τοῖς
835 750 885 767 πε·

99 793 278 826 πραγμένοις,
294 790 342 817 καὶ
354 791 447 825 καιρὸν
460 789 560 824 ἐζήτει,
583 789 612 815 ὃν
627 789 658 822 δὴ
681 788 728 814 καὶ
747 787 801 814 τῶν
817 795 885 822 πρα-

98 837 212 872 γμάτων
225 836 314 871 ψυχὴν
327 836 462 870 λέγουσιν,
479 835 560 867 ἀξίως
576 834 748 869 ἀμυνεῖσθαι.

99 916 143 943 ιθ’.
161 917 258 948 ὀπως
275 917 479 951 ὑπερχόμενος
491 917 507 943 ὁ
516 915 668 948 ,βασιλεὺς
680 915 736 951 to?"
747 913 884 949 πατριάρ-

187 960 248 986 κην
259 953 317 985 τὴν
331 949 570 986 ντὸῧᾰφορισμοῦ
585 951 679 978 λύσιν
690 949 794 983 ἐζήτει.

135 1019 182 1054 Τῷ
206 1020 298 1054 μέντοι
325 1027 357 1052 γε
378 1018 483 1053 βασιλεί
508 1019 554 1044 καὶ
583 1018 669 1044 ταῦτα
699 1016 846 1053 πράττοντι
861 1017 885 1043 ot

99 1066 227 1100 λογισμοὶ
243 1065 378 1100 ὁσημέραι
393 1065 610 1099 διεταράσσοντο.
633 1063 670 1090 Οὐ
695 1063 750 1098 γὰρ
772 1063 886 1098 ἠρεμεῖν

99 1113 204 1138 ἐκεῖνον
223 1112 266 1138 εἴα
279 1111 398 1141 συνειδός
413 1119 419 1126 ·
444 1110 474 1136 τὸ
487 1109 541 1145 γὰρ
559 1109 688 1140 τοιούτοις
702 1109 809 1143 δεσμοῖς
826 1117 887 1134 συν-

99 1157 222 1184 δεδέσθαι
244 1157 288 1183 ῐσα
303 1157 350 1183 καὶ
364 1156 394 1182 τὸ
418 1156 499 1191 μηδὲν
515 1153 585 1182 εἶναι
601 1155 692 1182 ἐτίθει.
716 1154 762 1189 Τῷ
784 1163 824 1180 τοι
839 1154 887 1180 καὶ

101 1204 170 1238 μήτε
186 1203 268 1229 τόπον
288 1202 435 1236 ἀπολογίας
457 1201 525 1236 ἔχων
552 1201 614 1236 μήτ’
634 1201 753 1227 ἐπίνοιαν
771 1199 817 1227 τοῦ
836 1200 886 1235 τὴν

104 1295 237 1318 tueretur.
254 1290 353 1324 Quodsi
376 1289 463 1317 locum
485 1290 510 1316 in
530 1297 583 1323 quo
602 1289 695 1316 bellari
713 1289 887 1324 contingebat

101 1345 241 1372 nunquam
264 1343 384 1370 prazscns
407 1340 570 1370 spectasset,
591 1336 802 1370 deseriplionem
826 1335 886 1370 ejus

100 1386 128 1413 in
155 1383 244 1411 tabula
269 1383 408 1417 ﬁguratam
434 1382 467 1408 ab
488 1381 542 1408 illic
567 1382 682 1409 versatis
706 1382 809 1408 habens
833 1389 887 1416 pne

100 1430 206 1460 oculis,
226 1429 330 1456 minute
353 1427 444 1455 omnia
471 1427 616 1454 mandabat
638 1435 805 1461 quacunque
829 1429 885 1463 geri

100 1477 200 1510 agique
219 1482 233 1501 e
250 1482 280 1501 re
297 1474 382 1506 foret;
401 1478 428 1500 et
444 1473 583 1500 saneiebat
599 1473 767 1507 disciplinam
788 1479 887 1506 metus,

938 249 1000 275 ματι
1018 240 1120 272 ζῶντας
1138 242 1184 268 καὶ
1211 241 1334 277 συνήθεις
1354 242 1392 277 τῷ
1407 244 1559 280 πατριάρχῃ
1578 245 1718 279 ἐτρέπετο,

935 287 981 313 καὶ
1006 287 1192 322 κατηντιϐόλει
1219 287 1325 322 θερμῶς
1349 288 1396 315 τοῦ
1432 289 1531 324 δεσμοῦ
1555 290 1600 316 τὸν
1628 292 1720 326 ἱκέτην

935 332 1049 364 ἀνεῖναι,
1064 332 1109 356 καὶ
1127 333 1310 365 μετεγνωκότι
1322 332 1370 367 τὴν
1388 333 1535 367 θεραπείαν
1549 335 1673 368 ἐπάγειν,
1687 337 1720 371 ἢν

936 377 1036 406 ἐκεῖνος
1057 376 1201 411 βούλεται·
1221 376 1291 403 εἶναι
1315 378 1368 413 γὰρ
1391 378 1499 412 ἕτοιμον
1522 381 1651 414 πράττειν
1667 381 1680 406 ὃ
1695 390 1720 407 τι

936 422 1110 455 προστάσσοι,
1129 424 1158 447 τὸ
1186 422 1278 455 μέντοι
1301 431 1332 456 γε
1357 423 1467 456 γεγονὸς
1490 425 1619 459 ἀποίητον
1635 426 1720 452 θεῖναι

937 466 975 502 μὴ
989 467 1100 493 δυνατὸν
1114 467 1180 499 ὅλως
1200 466 1277 495 εἶναι,
1302 470 1333 495 Ol
1349 469 1376 495 δὲ
1391 470 1465 504 παρὰ
1487 471 1531 497 τὸν
1550 471 1721 507 πατριάρχην

936 513 1076 547 ἐρχόμενοι
1102 513 1272 548 ἀπήγγελλον
1300 515 1349 548 μὲν
1369 515 1416 542 καὶ
1443 517 1476 542 τὰ
1503 517 1549 542 τοῦ
1576 517 1720 552 βασιλέως,

936 558 983 584 καὶ
995 557 1042 591 ἀφ’
1059 558 1148 585 αὐτῶν
1175 559 1203 585 δὲ
1222 560 1335 587 πλεῖστα
1360 561 1535 594 προτετίθουν
1561 563 1600 597 τῷ
1617 563 1723 597 βασιλεί

936 603 1121 638 χαριζόμενοι.
1151 604 1180 631 '0
1198 604 1219 630 δ’
1237 606 1380 641 ὑπερεώρα
1406 607 1454 641 τὴν
1482 607 1573 640 δέησιν
1601 609 1647 635 καὶ
1667 609 1721 635 οὐδ’

936 648 1004 679 ὅλως
1024 650 1161 684 προσεῖχε,
1180 650 1348 685 Περιστερὰν
1366 653 1418 686 γὰρ
1437 652 1527 687 βαλεῖν
1541 654 1579 684 είς
1594 654 1639 680 τὸν
1662 655 1722 681 κόλ-

936 702 986 720 πον
1001 693 1064 729 ἔφη,
1086 695 1216 730 κάκείνην
1233 698 1536 732 μετασχηματισθεῖσαν
1551 700 1590 730 εἰς
1604 699 1663 733 ὄφιν
1675 700 1723 735 δῆ-

938 739 981 771 ξαι
994 740 1061 774 πρὸς
1076 739 1190 766 θάνατον
1205 748 1211 755 ·
1230 741 1363 776 ὑπεδήλου
1379 743 1406 769 δὲ
1421 743 1455 769 δι’
1468 744 1567 778 ἀμφοῖν
1580 745 1634 771 τῶν
1644 746 1722 771 ἐναν-

936 785 1074 812 τιωτάτων
1088 785 1164 817 ζώων
1175 786 1221 812 τὸν
1234 787 1314 813 αὑτὸν
1329 787 1441 821 βασιλέα
1457 791 1503 816 καὶ
1519 790 1576 822 ἕνα,
1586 790 1616 816 οὑ
1629 790 1722 825 φύσιν,

937 831 1004 874 ἀλλὰ
1018 831 1130 866 γνώμην
1145 832 1220 866 σφίσι
1235 834 1478 868 παρεικαζόμενον.
1500 836 1554 862 Καὶ
1571 837 1657 863 ταῦτα
1673 837 1724 872 μὲν

936 877 949 903 ὁ
964 877 1137 912 πατριάρχης
1154 879 1200 904 καὶ
1225 878 1310 905 πλείω
1333 880 1448 913 τούτων,
1464 882 1510 907 καὶ
1530 882 1568 914 ὡς
1583 883 1638 909 οὐδ’
1653 883 1686 910 ἂν
1699 884 1726 911 ετ

935 931 961 949 τι
986 923 1034 950 καὶ
1061 924 1165 957 γένοιτο
1183 924 1229 951 τὸν
1245 924 1395 960 ἁφορισμὺν
1423 926 1522 959 λύσειε,
1544 927 1594 954 κᾶν
1619 938 1723 965 προσα-

937 969 1015 1004 πειλῇ
1034 970 1069 996 τὰ
1089 970 1172 1002 κακὰ,
1201 970 1252 997 κᾶν
1270 972 1353 998 αὐτὸν
1379 972 1502 1000 θάνατον.
1529 975 1561 1000 υἱ
1579 975 1601 1001 δ’
1628 976 1722 1003 ὐπονου

938 1014 1062 1045 στοῦντες
1074 1016 1120 1041 καὶ
1140 1015 1174 1042 τὰ
1189 1016 1235 1042 τοῦ
1255 1017 1424 1052 πατριάρχου
1442 1018 1584 1053 δηλοῦντες
1600 1021 1639 1051 είς
1652 1022 1724 1056 ἀμη-

936 1059 1031 1094 χανίαν
1058 1060 1186 1096 πλείστην
1216 1061 1341 1088 ἐνέϐαλον
1364 1063 1409 1089 τὸν
1432 1064 1595 1098 κρατοῦντα.
1612 1067 1665 1092 Καὶ
1682 1067 1722 1098 ὃς,

936 1105 1032 1140 ἐπειδὴ
1054 1108 1101 1132 καὶ
1117 1106 1147 1133 τὸ
1161 1107 1374 1142 αὐτοπρόσωπον
1393 1109 1599 1144 ἀντιφάρμακον
1614 1111 1723 1145 λέγουσι

938 1151 1028 1186 (τοῦτο
1045 1153 1098 1187 γὰρ
1116 1150 1184 1180 εἷναι
1212 1155 1272 1185 ταῖς
1300 1155 1438 1186 ὑπονοίαις
1467 1158 1512 1182 καὶ
1536 1158 1585 1192 τὴν
1604 1157 1722 1193 Γοργὼ),

938 1197 1018 1229 αὐτὸς
1044 1198 1115 1232 ἔγνω
1148 1199 1366 1235 προσερχόμενος
1394 1202 1571 1237 ἐντυγχάνειν
1599 1205 1645 1231 καὶ
1675 1205 1724 1242 τὴν

939 1288 1051 1316 mullum
1077 1288 1141 1316 licet
1166 1290 1302 1324 cogitans,
1324 1291 1492 1318 comminisci
1517 1296 1622 1326 posset,
1647 1292 1724 1328 inops

938 1334 1112 1368 expeditioris
1134 1335 1239 1362 consilii
1265 1336 1345 1363 vertit
1367 1343 1428 1364 sese
1451 1337 1484 1364 ad
1510 1337 1668 1371 interpretes
1692 1347 1725 1367 ac

939 1381 1128 1409 conciliatores
1147 1383 1221 1416 pacis
1239 1389 1288 1416 pro
1305 1390 1335 1409 se
1352 1383 1384 1409 ad
1403 1383 1586 1417 patriarcham
1609 1385 1724 1420 allegan-

939 1426 999 1453 dos.
1013 1426 1098 1459 Quam
1115 1427 1147 1453 ad
1163 1433 1219 1453 rem
1235 1432 1309 1454 ratus
1324 1427 1433 1455 idoneos
1445 1429 1575 1462 quosdam
1590 1431 1649 1457 vita:
1662 1439 1726 1458 san-

939 1472 1032 1500 ctioris
1053 1472 1237 1507 professores,
1254 1473 1378 1501 assiduos
1396 1479 1423 1502 et
1444 1475 1590 1503 familiares
1612 1478 1725 1509 patriar-

99 1529 178 1550 certo
207 1521 379 1556 impendente
410 1527 462 1547 non
492 1520 740 1554 obtemperantibus
768 1521 886 1554 periculo
899 1526 921 1558 C
939 1518 1006 1550 cbae,
1019 1525 1067 1552 per
1081 1519 1128 1546 hos
1143 1525 1238 1552 preces
1252 1526 1315 1546 suas
1331 1519 1363 1546 ad
1379 1520 1454 1547 illum
1469 1521 1573 1553 detulit,
1587 1522 1726 1550 vehemen-

96 1568 210 1604 judicii,
232 1566 363 1601 supplicio
388 1573 448 1593 mox
472 1565 669 1592 ιῐιιιιιιιίιιίοιιεηι
696 1572 834 1594 secuturo.
856 1567 882 1594 In

100 1615 174 1641 hunc
198 1613 306 1639 modum
326 1611 418 1638 missis
441 1615 502 1637 tunc
523 1611 607 1644 copiis
627 1612 755 1646 pleraque
779 1612 884 1639 illorum

102 1665 239 1685 tractuum
257 1658 308 1685 sibi
325 1656 448 1690 subjecit.
459 1655 524 1682 Nam
539 1662 615 1691 capta
630 1662 670 1683 est
683 1657 883 1692 Philippopolis,

100 1710 261 1738 occupatum
280 1703 481 1730 Stenimachum
503 1703 656 1734 castellum,
668 1703 760 1736 iugum
779 1703 886 1728 univer-

101 1758 162 1776 sum
178 1754 254 1776 extra
269 1749 389 1776 liminum
405 1749 533 1776 Romana:
549 1748 705 1783 adjunctum
722 1748 817 1774 ditioni
833 1753 885 1775 est.

102 1796 220 1829 llecepta
240 1795 323 1830 211
343 1799 384 1822 est
401 1795 515 1831 Myltza,
530 1799 558 1821 ut
574 1794 686 1826 dicetur,
702 1793 814 1820 dedente
833 1792 888 1820 Me-

102 1842 227 1868 sembrca
238 1861 245 1872 ,
261 1849 356 1875 magna
376 1841 486 1872 civitas,
501 1848 560 1867 cum
580 1847 632 1874 qua
650 1845 676 1866 et
691 1839 837 1867 Anchialus
859 1839 886 1865 in

103 1893 266 1923 potestatem
285 1892 437 1914 nostrorum
454 1886 536 1913 venit.
551 1885 635 1912 Porro
649 1893 708 1919 qua-
723 1885 825 1912 circum
840 1884 888 1911 has

103 1935 189 1960 urbes
209 1933 305 1968 oppida
326 1934 440 1967 pagique
458 1937 546 1964 erant,
564 1936 641 1965 gustu
661 1930 744 1958 semel
763 1930 890 1957 mutatio-

103 1981 147 2006 nis
162 1984 272 2013 accepto
286 1979 416 2005 malentes
430 1977 583 2011 imperatori
599 1977 721 2008 subesse,
736 1976 858 2003 certatim
873 1983 888 2002 a

105 2026 221 2060 Bulgaro
237 2024 408 2052 deficiebant.
426 2023 542 2050 Urebant
558 2023 613 2050 haec
629 2022 722 2048 intime
736 2021 890 2048 Constanti-

104 2080 170 2098 num
186 2071 315 2103 imparem
329 2075 391 2096 tunc
404 2069 552 2096 resistendo
563 2073 588 2095 et
601 2068 714 2102 iacturis
727 2075 758 2094 ac
771 2067 891 2094 cladibus

104 2118 187 2144 toties
203 2116 328 2150 repetitis
345 2116 499 2142 attonitum.
514 2114 632 2150 Ringens
648 2121 712 2147 ergo
728 2121 759 2140 ac
774 2115 889 2140 fremens

103 2165 181 2199 (nam
202 2163 274 2189 aliud
294 2162 320 2188 in
342 2161 483 2195 [ιι-σξ›οιιιὶίι
503 2169 554 2187 non
574 2159 689 2194 poterat)
707 2159 890 2193 exspectabat,

102 2214 130 2237 ct
143 2209 280 2236 inhianter
293 2208 419 2240 captabat
432 2207 542 2234 ultionis
556 2205 795 2241 opportunitatem,
808 2211 888 2238 quam
905 2201 927 2228 D

103 2254 224 2280 animam
250 2252 420 2287 negotiorum
444 2251 551 2285 quidam
577 2258 629 2276 non
656 2249 789 2276 immerito
813 2248 891 2275 dixe-

103 2303 178 2326 runt.

120 2357 166 2384 19.
187 2355 220 2382 Ut
236 2356 391 2389 patriarcha
407 2359 531 2381 convento
560 2358 584 2380 et
611 2353 762 2387 suppliciter
782 2356 875 2385 rogato

141 2388 288 2425 imperator
309 2390 589 2418 ciconnnuuicutionis
604 2388 795 2415 absolutionem
811 2392 891 2421 petie-

143 2427 190 2452 rit.

143 2482 207 2509 Haec
221 2482 327 2516 agentis
342 2482 515 2516 imperatoris
529 2489 592 2508 cura
607 2481 701 2514 ingens
715 2481 809 2515 agebat
823 2479 893 2507 fere-

105 2530 207 2563 batque
225 2529 312 2555 anxiis
331 2528 536 2562 cogitationibus
555 2527 737 2562 perturbatum
761 2526 890 2552 animum.

103 2575 165 2602 Non
180 2575 252 2601 enim
269 2574 342 2601 illum
358 2574 457 2608 quietis
471 2577 572 2607 partem
587 2572 666 2598 ullam
681 2578 777 2605 capere
789 2571 893 2598 sinebat

104 2628 214 2648 morsus
231 2620 343 2647 intimus
359 2618 545 2650 conscientiae;
565 2617 684 2650 adeoque
701 2616 815 2643 fructum
834 2615 893 2642 nul-

103 2667 161 2709 l/utn
188 2666 331 2701 praestantis
355 2664 493 2692 felicitatis
520 2663 669 2694 sentiebat,
694 2662 758 2688 dum
787 2669 815 2688 se
842 2660 892 2688 diri

102 2711 291 2739 anathematis
317 2711 494 2738 constrictum
521 2710 636 2736 vinculis
662 2708 836 2742 meminerat,
864 2712 895 2736 ut

104 2759 152 2785 tali
174 2762 245 2785 statu
269 2765 330 2785 esse
351 2765 383 2784 ac
403 2757 470 2784 nihil
491 2764 551 2784 esse
571 2756 646 2791 paria
667 2759 784 2790 putaret.
801 2755 895 2789 Itaque

103 2814 169 2833 cunt
194 2813 242 2832 ne:
268 2805 436 2840 probabilem
460 2803 540 2830 ullam
565 2802 685 2830 crituinis
709 2802 893 2836 depulsionem

104 2859 157 2880 uec
184 2853 254 2880 viam
281 2855 328 2878 aut
349 2852 482 2878 rationem
508 2848 674 2877 excutiendae
694 2845 774 2883 justas
797 2854 894 2882 poenae,

937 1569 977 1590 ιιλι·
1001 1571 1082 1591 orans
1109 1569 1137 1590 ut
1156 1572 1185 1591 se
1208 1565 1355 1600 supplicem
1378 1567 1447 1593 nodo
1470 1574 1522 1601 quo
1542 1568 1725 1602 stringebatur

936 1609 1072 1642 solveret,
1090 1617 1120 1636 ac
1146 1610 1286 1644 poeuitenti
1311 1610 1523 1640 satisfactionem
1545 1620 1625 1647 quam
1647 1613 1727 1641 vellet

937 1655 1084 1689 imperaret
1119 1665 1126 1682 :
1160 1664 1189 1683 se
1221 1657 1322 1691 quippe
1353 1663 1504 1692 promptum
1538 1666 1659 1691 paratum
1691 1661 1725 1687 ad

937 1702 1139 1734 exsequendum
1158 1702 1336 1736 qtrodrunque
1358 1703 1527 1737 praeciperet.
1545 1704 1602 1731 Hoc
1623 1711 1726 1733 restare

938 1755 1020 1774 unum
1045 1755 1052 1775 :
1076 1755 1136 1774 nam
1158 1748 1229 1781 quod
1248 1748 1348 1776 laetum
1366 1749 1402 1776 sit
1420 1750 1548 1776 infectum
1571 1752 1643 1777 reddi
1667 1758 1726 1780 arte

939 1797 986 1819 aut
1011 1798 1109 1819 conatu
1138 1793 1192 1820 ullo
1219 1801 1270 1821 non
1296 1801 1387 1827 posse.
1415 1794 1450 1821 Ea
1481 1795 1516 1822 illi
1543 1797 1724 1829 patriarcham

938 1838 1067 1866 adeuntes
1089 1839 1199 1874 copiose
1221 1845 1401 1874 accurateque
1424 1840 1595 1875 imperatoris
1619 1843 1726 1870 nomine

938 1892 1070 1922 egerunt.
1099 1888 1235 1922 multaque
1266 1888 1450 1923 adjunxerunt
1477 1890 1566 1916 stmlio
1596 1891 1724 1924 proprio.

940 1940 1103 1967 magnopere
1135 1937 1289 1968 satagentes
1321 1935 1508 1968 persuadendo
1535 1942 1567 1962 ac
1596 1935 1727 1969 placamlo

940 1979 1094 2013 patriarcha
1127 1979 1284 2013 imperatori
1316 1979 1476 2014 gratiﬁcari.
1507 1981 1542 2007 At
1573 1982 1727 2015 patriarcha

942 2025 1004 2051 talia
1029 2029 1174 2059 precantes
1190 2025 1298 2059 repulit,
1316 2030 1342 2052 et
1361 2033 1394 2052 ne
1411 2027 1504 2053 audire
1521 2027 1628 2060 quidem
1647 2027 1729 2054 susti-

942 2078 1009 2097 nens
1026 2070 1178 2097 columbam
1197 2071 1278 2106 212
1296 2071 1363 2097 dixit
1381 2078 1409 2097 se
1427 2073 1452 2097 in
1471 2072 1558 2098 sinum
1577 2073 1727 2103 admisissrt.

942 2116 1013 2142 illam
1039 2121 1129 2142 autem
1155 2115 1192 2142 ibi
1217 2121 1346 2143 mutatam
1371 2116 1398 2143 in
1426 2122 1580 2151 serpentem
1608 2125 1727 2146 morsum

942 2161 991 2188 sibi
1011 2161 1113 2187 letalem
1133 2161 1267 2194 indixisse,
1284 2169 1366 2189 unum
1384 2163 1563 2196 eumdemque
1581 2163 1727 2196 hominem,

943 2206 1067 2234 videlicet
1083 2207 1283 2241 imperatorem.
1298 2207 1403 2235 duabus
1419 2208 1477 2235 istis
1493 2209 1609 2235 maxime
1623 2215 1730 2236 contra-

945 2253 1045 2279 riarum
1060 2253 1235 2279 animantium
1250 2254 1393 2288 designans
1409 2254 1549 2289 symbolis,
1561 2256 1592 2282 ad
1608 2255 1730 2282 iudican-

944 2298 1007 2325 dum
1034 2307 1085 2325 non
1111 2304 1212 2326 naturae
1236 2300 1261 2326 in
1285 2300 1340 2333 illo,
1357 2301 1403 2327 sed
1427 2308 1532 2328 morum
1557 2301 1730 2330 mutationem

945 2342 1134 2371 factam.‘Post
1153 2346 1209 2372 haec
1226 2351 1253 2373 et
1269 2346 1321 2372 alia
1338 2346 1364 2373 in
1383 2353 1442 2373 eam
1465 2347 1624 2374 sententiam
1647 2348 1729 2375 multa

944 2389 1051 2423 intulit,
1076 2397 1109 2417 eo
1131 2390 1204 2417 vultu
1232 2399 1264 2417 ac
1291 2391 1386 2425 spiritu
1400 2391 1445 2425 qui
1474 2392 1540 2419 satis
1565 2393 1732 2420 declararent

946 2444 1082 2470 nunquam
1110 2437 1211 2470 ipsum,
1230 2438 1359 2472 quidquid
1384 2438 1476 2471 fieret,
1494 2438 1673 2465 inducendum
1696 2440 1731 2466 ad

945 2482 1233 2510 exeommunicationis
1257 2483 1452 2510 absolutionem
1476 2483 1680 2518 indulgendum,
1697 2491 1731 2512 ne

946 2527 969 2554 si
993 2528 1099 2562 quidem
1127 2529 1195 2554 mala
1222 2529 1365 2562 quantavis
1393 2530 1540 2563 imperator
1564 2536 1731 2564 mortemque

946 2574 1031 2607 ipsam
1045 2573 1202 2601 minaretur.
1213 2574 1302 2607 Quare
1313 2576 1500 2609 deprecatores
1513 2578 1600 2603 maesti
1614 2577 1730 2611 repulsa,

946 2627 1006 2653 qua:
1025 2621 1167 2646 audierant
1184 2621 1338 2654 imperatori
1361 2621 1526 2653 referentes,
1545 2623 1571 2649 in
1594 2623 1732 2657 angustias

946 2665 1006 2690 cuin
1019 2669 1154 2698 aestusque
1166 2665 1250 2692 tnulto
1262 2665 1377 2700 majores
1391 2666 1575 2700 conjecerunt.
1587 2666 1631 2692 ille
1642 2672 1731 2694 autent

946 2717 1050 2736 memor
1071 2710 1188 2744 vulgaris
1209 2710 1274 2738 dicti
1299 2719 1352 2745 quo
1375 2711 1544 2745 signiﬁcatur
1566 2712 1618 2738 vim
1645 2713 1733 2739 inesse

947 2754 1111 2788 praecipuam
1135 2755 1259 2788 prtesenti
1277 2756 1354 2783 faciei
1374 2763 1465 2782 coram
1485 2756 1591 2783 atlantis
1608 2757 1733 2784 medendi

946 2800 1139 2828 oﬂ‘ensionibus
1157 2807 1183 2828 et
1196 2802 1289 2835 gratiae
1302 2802 1469 2828 demereuda:
1485 2802 1522 2836 (id
1538 2803 1610 2829 enim
1630 2803 1734 2829 indica-

949 2851 1004 2874 tum
1034 2846 1155 2875 fabulosa
1183 2847 1322 2882 Gorgone,
1354 2848 1409 2876 oris
1437 2847 1545 2882 objectu
1574 2849 1734 2876 immolante
