1936 3069
230 154 283 186 063

837 158 997 189 GEORGII
1021 160 1259 191 PACIIYMERE

1801 162 1853 193 664

228 209 372 244 Στρόδιλου
386 210 457 245 λέγω
474 211 521 238 καὶ
539 212 586 248 τὴν
602 213 825 249 Σταδιοτραχίανν
847 216 885 247 ὡς
898 216 1016 243 ἀδύνατα
1031 219 1052 246 Α
1068 216 1172 252 χώρους
1193 219 1333 246 ἀντίποινα
1358 218 1407 246 οὐκ
1429 218 1548 245 ἐδικαίου
1577 219 1607 245 τὸ
1634 217 1752 246 σύνολον.
1781 219 1854 253 Πλην

228 255 293 282 ὅντα
315 256 565 293 ὲπανακεκλῆσθαι,
589 260 644 286 οὐδ’
670 261 806 296 ἐπεχείρει
831 261 901 288 κατὰ
921 263 1018 296 πεῖραν

229 304 377 337 κατασχεῖν
388 311 394 318 ·
411 303 472 330 ὅσον
487 304 509 330 δ’
525 302 557 339 ἦν
571 305 600 331 τὸ
615 306 685 332 κατὰ
700 306 854 341 Μαίανδρον
872 307 917 334 καὶ
931 307 1020 343 Τράλ-

229 350 286 380 λεις
299 351 345 376 καὶ
364 351 515 386 Κάϋστρον,
531 352 563 377 sit
582 352 631 386 τῆς
650 352 741 383 Ἀσίας
767 353 916 388 βαθύτατα,
935 353 1018 389 ἐκρά-

231 395 293 420 τυνέ
307 403 336 420 τε
351 395 530 430 προπολεμῶν
551 397 597 422 καὶ
618 397 669 431 τῆς
691 398 761 424 κατὰ
784 399 852 432 σφᾶς
870 399 1019 433 ἀσφαλείας

232 439 357 474 μετέχειν
373 441 470 466 ὲδίδου.
497 441 567 472 Τοὺς
587 442 616 468 δέ
643 451 674 476 γε
698 444 891 477 Μαγεδωνίτας
907 445 1018 480 (ἐκάκου

230 485 286 518 γὰρ
300 485 398 516 αὐτοὺς
412 487 440 512 τὸ
456 486 560 513 πολλῶν
574 487 650 514 ἐνθεν
665 489 704 520 είς
720 489 770 520 τὰς
785 490 855 516 κατὰ
866 490 941 517 δύσιν
956 491 1018 517 δου-

229 530 304 561 λείας
326 531 519 566 μεταγομένων
547 533 729 569 καταθαρρεἴν
753 535 808 561 τῶν
832 535 1019 571 λελειμμένων

227 577 293 607 τεοὺς
311 577 427 613 Πέρσας)
448 579 495 605 καὶ
509 579 568 606 λίαν
589 580 700 606 συνίστα
722 581 769 607 καὶ
787 582 968 616 ἠσφαλιςετο·
985 580 1018 618 ἦν

231 622 285 657 γὰρ
300 623 330 649 τὸ
344 624 455 651 ἐκείνων
479 625 580 660 πλῆθος
604 627 717 653 πίσυνον
740 627 828 660 τόξοις
848 627 893 654 καὶ
910 628 974 663 περὶ
989 628 1019 654 τὸ

229 669 390 703 ἀντιμαχεῖν
407 670 580 705 δεξιώτατον,
603 673 650 698 καί
672 681 704 706 γε
726 673 776 704 τὰς
801 674 954 708 προθυμίας
973 675 1019 709 te-

231 715 320 748 ρώννυ
337 717 451 751 χρυσίῳ,
478 717 523 744 καὶ
549 719 619 751 σφᾶς
642 719 768 753 ἐδωρεῖτο
788 719 965 754 φιλοτιμίαις.
979 720 1018 752 ,οἱ

233 762 324 796 μέντοι
339 771 371 795 γε
392 764 494 799 Πέρσαι
508 764 537 790 τὸ
550 765 630 799 τάχος
648 765 696 799 τῆς
713 766 872 797 ἐπιστασίας
889 766 1018 801 μαθόντες

232 810 429 846 κιτωρῤὡδουν
444 820 484 843 τε,
503 812 549 838 καλ⁸
565 807 644 843 αὖθις
659 812 880 844 παλινοστοῦντες
888 814 948 844 ταῖς
958 813 1019 839 δυσ-

232 856 345 890 χωρίαις
378 857 526 890 ἐνεδύοντο,
550 859 716 892 ἀπογνόντες
738 858 766 884 δὲ
781 858 828 885 τοῦ
843 858 955 894 Θαρῤεῖν
969 859 1018 885 αὐ·-

231 903 295 928 τίκα
310 903 533 937 διεπρεσϐεύοντο
550 903 667 930 ἀπέλυόν
692 913 721 930 τε
746 905 808 936 τοὺς
829 904 1019 940 αἰχμαλώτους

233 949 280 975 καὶ
296 949 412 983 ἠγάπων
430 950 589 984 σωζόμενοι.
617 950 647 977 '0
664 950 692 977 δὲ
708 950 739 976 τὸ
763 950 812 984 μὲν
828 951 942 985 ἡσυχίαν
955 951 1019 985 σχή-

233 1002 291 1020 σειν
306 995 426 1027 ἐκείνους
442 995 566 1028 εἰσαῦθις
587 997 633 1022 καὶ
649 996 720 1031 μάλα
740 996 848 1032 θαρῥῶν
865 997 1017 1028 ἐπίστευεν,

231 1041 281 1066 οὐκ
308 1039 337 1072 ἐξ
361 1038 397 1068 ὧν
423 1042 521 1068 ἐκεῖνοι
546 1042 738 1077 διωμολόγουν,
756 1042 814 1070 ἀλλ’
829 1042 859 1075 ἐξ
877 1040 913 1070 ὧν
937 1043 1018 1075 αὐτὸς

232 1082 301 1112 οἶδεν
322 1086 519 1121 ἐπιθησόμενος
535 1088 582 1114 κα)⁵
603 1089 733 1123 νικήσων,
751 1089 778 1115 εῐ
792 1097 842 1115 που
862 1089 907 1116 καὶ
927 1097 1017 1123 παρα‹

233 1131 367 1158 κιντῦεῖεν
378 1142 384 1148 ι
401 1132 431 1158 τὺ
448 1133 476 1159 δὲ
499 1133 536 1167 μὴ
554 1133 649 1160 παθεῖν
668 1129 706 1160 ὧν
721 1134 837 1169 ἔδρασαν
857 1135 919 1166 τοὺς
933 1142 1019 1169 προσ-

231 1221 396 1248 cedentibus.
414 1221 491 1249 Unde
507 1226 534 1249 et
549 1222 601 1250 alia
618 1222 662 1249 illa
681 1226 782 1250 tractus
813 1223 872 1256 ejus
889 1223 945 1257 jam
968 1223 1018 1250 im-

232 1267 401 1301 peratoribus
415 1275 510 1301 parere
527 1268 664 1296 desierant
680 1276 687 1295 :
705 1275 736 1295 ea
753 1268 813 1296 dico
825 1276 886 1303 quae
895 1268 1016 1296 Strobilo

232 1317 260 1339 et
278 1312 485 1339 Stadiotrachize
499 1313 625 1348 adjacent
642 1314 711 1346 loca,
740 1314 777 1341 ita
795 1314 892 1341 validis
912 1315 1016 1342 insessa

234 1358 370 1392 prarsidiis
394 1359 523 1392 hostium,
541 1364 572 1386 ut
594 1367 686 1386 eorum
704 1362 934 1395 recuperationem
969 1362 1017 1388 de-

233 1408 368 1436 speratam
381 1412 413 1431 ne
429 1405 582 1432 teutandam
592 1406 700 1440 quidem
713 1410 760 1433 aut
775 1410 838 1434 tunc
850 1407 1017 1441 cogitandam

233 1449 348 1478 Joannes
361 1453 641 1485 putaverit.Quantum
655 1458 744 1480 autem
759 1458 817 1480 erat
834 1453 905 1480 circa
919 1453 1014 1481 Mican-

233 1497 323 1530 drum,
347 1497 450 1525 Tralles
465 1505 496 1524 ac
512 1498 652 1532 Caystrqu
671 1502 697 1525 et
722 1499 791 1525 Asia;
817 1499 918 1530 intima,
949 1507 1014 1526 cou-

1072 263 1243 294 ἱκετεύοντας
1257 265 1444 300 προσεδέχετο,
1461 265 1507 291 καὶ
1524 264 1614 298 σφίσιν
1628 264 1704 299 ὅρους
1721 264 1815 295 ὲτίοει,
1827 267 1855 295 ἐς

1070 308 1168 335 ὁπόσον
1194 310 1229 336 ἂν
1255 311 1302 336 καὶ
1325 311 1461 345 κινηῦεἰεν
1490 310 1769 345 προσχαταόαίνοντες
1795 312 1857 341 ταῖς

1071 357 1194 390 σκηναῖς,
1213 356 1250 388 ὡς
1265 356 1315 388 τὰς
1337 355 1466 391 μεγίστας
1481 356 1611 387 δώσοντες
1621 356 1708 388 δίκας,
1725 357 1749 383 εί
1765 364 1857 390 παρα-

1071 404 1218 433 σπονδοῐεν.
1235 403 1290 430 Καὶ
1308 403 1379 430 οὕτω
1403 403 1453 439 μὲν
1474 404 1489 429 ὁ
1510 403 1642 437 δεσπότης
1663 403 1696 429 τὰ
1717 403 1787 429 κατὰ
1808 404 1858 437 τὴν

1070 448 1107 474 ἔω
1123 448 1259 474 καθιστῶν
1278 448 1327 483 τῆς
1345 449 1479 483 προτέρας
1498 448 1663 483 δυσκληρίας
1683 447 1858 482 ἀνελάμϐανε

1069 495 1133 526 τοὺς
1146 495 1214 527 ἐκεῖ,
1230 495 1277 521 καὶ
1297 494 1409 530 θσῤῥείν
1433 495 1562 530 παρεῖχεν
1585 494 1681 530 ἀνέδην
1703 494 1752 526 τὰς
1767 494 1861 520 αὐτῶν

1071 539 1261 574 γεωργοῦντας
1277 539 1469 575 καρπίζεσθαι,

1070 596 1123 631 κβ’.
1140 597 1236 628 Ὅπως
1248 596 1349 623 ἐνόσει
1366 596 1563 630 ἀπολλύμενα
1578 595 1613 622 τὰ
1630 594 1706 622 κατὰ
1718 597 1862 628 Μαρυαν-

1107 631 1231 692 δΞπνοὺς,
1251 633 1286 658 τὰ
1306 631 1513 665 Βουκελλάριὰ
1533 639 1565 658 τε
1588 631 1637 657 καὶ
1653 631 1672 657 ’ἡ
1696 631 1862 665 Παφλαγο-

1107 674 1126 692 ν
1139 674 1167 692 a.

1107 674 1167 694 νια.

1106 722 1139 759 [Ρ
1154 722 1218 758 M7]
1236 722 1338 750 Ἐνόσει
1351 723 1379 749 δὲ
1390 723 1422 750 τὰ
1439 723 1493 750 τῶν
1512 723 1713 758 Βουκελλαρίων
1728 723 1863 757 Μαρυαν-

1069 769 1156 803 δηνῶν
1171 778 1200 795 τε
1216 769 1264 795 καὶ
1280 769 1463 803 Παφλαγόνων
1484 769 1531 795 καὶ
1554 769 1615 795 λίαν
1631 769 1758 804 οίκτρῶς.
1784 769 1822 795 Τὸ
1837 766 1863 794 δ’

1070 815 1157 841 αἴτιον
1174 815 1214 842 ὃτι
1228 815 1274 841 τοῦ
1289 815 1453 850 κρατοῦντος
1466 816 1500 841 τὰ
1517 815 1755 850 τεθησαυρισμένα
1777 823 1864 850 σκορι

1072 863 1201 892 πείσαντος
1214 861 1286 887 κατά
1309 869 1339 887 τε
1363 860 1430 896 κήδη
1458 860 1504 887 καὶ
1529 860 1641 895 βαρείας
1658 859 1813 895 φιλοτιμίας
1827 859 1865 886 τὰ

1072 906 1139 940 πρὸς
1163 906 1195 932 τὰ
1221 906 1297 940 ἔθνη.
1326 908 1437 941 συχναῖς
1465 906 1628 937 ἀποστολαῖς
1653 905 1808 940 χρωμένου.
1826 919 1865 925 -

1071 951 1102 988 [Ρ
1120 951 1182 988 HS]
1197 952 1247 978 οὐκ
1264 950 1322 978 οἶδα
1339 952 1368 978 δὲ
1391 953 1416 978 εί
1441 953 1487 979 καὶ
1507 952 1606 986 σκῆᾲις
1629 949 1662 986 ἦν
1685 951 1716 977 τὸ
1737 951 1864 986 προσαλο

1069 997 1192 1032 λόμενον,
1210 997 1238 1023 τὸ
1254 997 1343 1028 ἐνδεὲς
1357 997 1458 1032 δηλαδὴ
1477 998 1542 1033 πρὸς
1564 998 1613 1029 τὰς
1631 997 1741 1032 χρείας·
1758 997 1796 1031 μὴ
1813 997 1862 1023 καὶ

1070 1044 1169 1079 μᾶλλον
1185 1041 1217 1078 ἦν
1235 1043 1265 1070 τὺ
1281 1043 1326 1070 ὑπ’
1344 1043 1438 1070 ὀδόντα
1453 1043 1608 1079 λεγόμενον,
1626 1043 1663 1075 ὠς
1684 1043 1715 1069 τὸ
1737 1043 1864 1078 ὑπήκοον

1069 1089 1229 1116 ὑποπτεύων
1255 1089 1301 1116 διὰ
1322 1089 1357 1116 τὰ
1383 1089 1523 1124 συμόἀντα
1539 1089 1578 1123 τῷ
1597 1088 1672 1124 ἀλαῷ
1690 1088 1794 1115 κακοῦν
1811 1088 1863 1121 ζη-

1071 1136 1146 1169 μίαις
1161 1135 1301 1170 συμφέρον
1314 1135 1395 1169 ἔγνω,
1412 1135 1449 1170 μὴ
1462 1136 1508 1162 καὶ
1521 1135 1750 1167 κατεξανασταῖεν
1763 1134 1863 1169 ὲντρυ-

1070 1226 1092 1254 si
1105 1225 1169 1261 quid
1185 1225 1300 1263 amplius
1316 1229 1464 1257 moverent,
1482 1225 1517 1252 ita
1548 1224 1618 1252 male
1647 1225 1802 1252 multandos
1833 1229 1864 1252 ut

1071 1271 1268 1306 prmteritarum
1311 1270 1472 1305 iniuriarum
1503 1270 1654 1298 cumulatas
1695 1271 1865 1304 persolutnri

1068 1323 1163 1350 poenas
1176 1315 1274 1347 forent,
1291 1315 1342 1342 isto
1361 1319 1431 1341 metu
1446 1314 1624 1341 continendos
1639 1313 1699 1341 illos
1729 1313 1755 1340 in
1771 1313 1867 1341 cilicio

1068 1362 1197 1396 speravit.
1213 1361 1309 1388 Pacem
1325 1365 1417 1387 autem
1444 1360 1518 1387 dedit
1546 1360 1578 1387 iis
1604 1359 1770 1394 petentibus,
1793 1367 1866 1393 quos

1069 1415 1098 1435 se
1117 1407 1187 1434 bello
1204 1411 1403 1441 superaturum,
1421 1406 1444 1433 si
1459 1411 1615 1437 conaretur,
1633 1405 1712 1440 22],
1749 1406 1866 1432 minitne

1071 1453 1219 1485 dubitabat,
1238 1452 1413 1480 miseratione
1427 1453 1547 1487 gentium
1571 1451 1674 1478 vicittos
1696 1451 1761 1486 ipsis
1785 1451 1863 1478 incn-

1073 1498 1186 1526 lentium
1208 1503 1322 1528 tractus.
1337 1506 1370 1525 ue
1384 1498 1446 1525 victi
1462 1497 1498 1524 illi
1521 1499 1656 1524 malorum
1687 1504 1719 1523 ac
1741 1496 1862 1524 eladiu'u

232 1544 351 1572 ﬁrmavit
365 1552 547 1579 propugnans,
560 1549 640 1580 atque
656 1550 684 1572 ιιι
702 1553 797 1572 secure
811 1547 928 1582 propriis
943 1547 1016 1574 iudi-
1031 1559 1054 1589 ο
1070 1553 1137 1581 quas
1173 1545 1244 1580 passi
1273 1544 1344 1572 bello
1369 1549 1460 1572 essent
1491 1544 1618 1571 ultionem
1644 1552 1658 1571 a
1685 1543 1862 1570 debilioribus

232 1598 307 1625 genae
334 1590 499 1624 fruerentur,
525 1592 687 1626 proferendo
725 1594 795 1620 ultra
821 1593 891 1621 bello
918 1594 1017 1622 eﬂ‘ecit.

235 1636 412 1672 Magedonum
427 1645 533 1672 quoque
545 1642 652 1673 gentem
678 1638 801 1666 Romano
828 1641 946 1668 asseruit
969 1641 1020 1667 im-

235 1684 322 1719 perio,
336 1684 360 1710 in
372 1689 492 1711 extremo
503 1687 566 1710 tunc
582 1684 695 1718 positam
711 1684 867 1712 discrimine
880 1685 1019 1713 deﬁciendi

235 1729 269 1756 ad
285 1729 379 1756 Persas
391 1735 434 1755 aut
452 1729 516 1763 ipsis
531 1729 736 1756 succumbendi.
754 1728 927 1756 Laborabant
948 1730 1019 1756 enim

233 1775 340 1802 illorum
365 1782 419 1807 res,
449 1774 584 1809 plerisque
598 1774 705 1801 illorum
726 1775 846 1801 evocatis
872 1775 906 1802 ab
934 1776 1020 1809 impe-

233 1825 325 1847 ratore
339 1824 368 1847 et
383 1821 526 1847 militatum
543 1821 634 1848 missis
668 1825 761 1848 contra
787 1821 878 1849 hostes
905 1820 1019 1848 Occidui

233 1865 338 1897 limitis,
354 1865 444 1900 ibique
459 1866 583 1900 praesidio
611 1865 723 1898 relictis,
740 1866 842 1894 idcirco
871 1867 943 1902 quod
962 1867 1021 1901 ejus

235 1913 353 1947 generis,
370 1918 464 1947 utpote
486 1913 603 1940 arcubus
619 1912 784 1947 peritissime
812 1913 920 1945 utentis,
939 1921 1019 1948 opera

234 1961 262 1987 in
277 1960 479 1987 \‘elitatioUibus
493 1965 520 1987 et
537 1959 638 1994 prmliis
664 1959 831 1988 laudaretur.
851 1960 914 1987 lude
940 1969 1020 1995 porro

234 2006 336 2034 factum
355 2011 384 2033 ut
413 2006 495 2033 vit-ini
517 2006 616 2038 Persae,
637 2007 683 2041 qui
716 2007 816 2042 alioqui
848 2015 1019 2035 numerosam

235 2053 372 2080 nationem
386 2052 530 2085 sagittandi
547 2052 740 2080 exercitatione
756 2052 953 2080 formidabilem
966 2061 1019 2081 uou

234 2105 335 2125 temere
347 2099 520 2130 lacesserent,
537 2106 609 2126 nunc
623 2106 682 2126 eam
696 2098 844 2126 delectibus
861 2099 1019 2126 exhaustam

235 2145 366 2179 imparem
387 2145 421 2172 ob
434 2145 595 2180 paucitatem
612 2144 763 2179 juvenlutis
798 2145 854 2173 suis
879 2145 1021 2173 insultihns

236 2191 287 2218 rati
301 2191 432 2218 audacter
461 2191 632 2223 invaderent,
663 2191 732 2218 haud
760 2191 841 2219 dubie
869 2192 1018 2224 subacturi,

1071 1592 1207 1620 vexatioui
1223 1591 1394 1626 Opportunis,
1411 1596 1530 1625 tempore
1546 1591 1643 1617 deinde
1658 1595 1777 1625 captato,
1804 1591 1864 1617 exi-

1071 1643 1175 1674 gerent.
1187 1638 1319 1666 Caeterum
1330 1646 1382 1672 quo
1395 1638 1483 1664 minus
1500 1645 1587 1664 causa:
1604 1637 1734 1664 haberent
1747 1645 1761 1663 a
1774 1637 1863 1672 par-tis

1072 1685 1220 1717 rcsiliendi,
1237 1684 1303 1711 ﬁnes
1325 1684 1357 1711 iis
1380 1683 1545 1718 prmscripsit
1573 1683 1640 1710 satis
1671 1682 1759 1714 laxos.
1791 1683 1864 1710 intra

1070 1739 1137 1765 quos
1154 1731 1260 1758 abunde
1275 1737 1435 1764 pascuorum
1448 1730 1504 1756 Suis
1521 1729 1653 1756 armentis
1685 1733 1712 1755 et
1731 1729 1862 1764 gregibus

1071 1777 1212 1808 haberent,
1230 1775 1301 1803 serio
1314 1775 1435 1808 cdiceus,
1455 1776 1476 1802 si
1494 1775 1562 1802 ultra
1589 1779 1774 1808 erumperent,
1805 1776 1866 1802 vio-

1072 1823 1118 1850 lati
1132 1823 1242 1850 ftetleris
1262 1822 1394 1857 piaculum
1422 1822 1537 1848 maxima
1569 1822 1687 1855 ipsorum
1707 1820 1866 1848 calamitate

1071 1868 1208 1896 luendum.
1228 1869 1254 1895 lu
1272 1869 1342 1895 hunc
1362 1868 1470 1894 modum
1491 1875 1538 1901 per
1563 1867 1683 1894 Orientis
1707 1867 1867 1901 protiucias

1070 1915 1194 1950 despota,
1217 1915 1302 1942 deleta
1340 1914 1486 1947 ignominia
1508 1918 1583 1947 prius
1609 1918 1781 1948 acceptarum
1812 1913 1867 1940 illic

1071 1961 1186 1989 cladium
1222 1966 1249 1987 et
1273 1967 1362 1987 rerttnt
1390 1963 1460 1986 statu
1492 1960 1644 1990 eruendam,
1663 1960 1788 1986 ﬁduciam
1813 1959 1866 1987 illis

1071 2007 1197 2042 gentibus
1209 2006 1280 2036 fecit,
1293 2006 1348 2032 otio
1364 2013 1396 2032 ac
1410 2013 1475 2039 pace
1498 2005 1598 2039 ubique
1611 2005 1753 2038 restitutis,
1778 2006 1865 2034 libere

1072 2052 1199 2086 deinceps
1233 2050 1389 2078 alteudeudi
1415 2051 1528 2077 cultura:
1561 2058 1686 2084 agrorum
1715 2055 1741 2078 et
1771 2059 1867 2079 secure

1073 2099 1177 2134 legendi
1199 2099 1302 2126 fructm
1327 2098 1422 2124 uberes
1451 2103 1583 2124 terrarum
1601 2097 1628 2123 in
1645 2097 1742 2131 quibus
1758 2096 1868 2124 habita.

1073 2150 1144 2172 rent.

1070 2191 1115 2218 22.
1133 2190 1166 2218 Ut
1178 2193 1288 2226 pessimo
1300 2192 1326 2218 in
1337 2197 1408 2218 statu
1422 2191 1520 2226 fuerint
1535 2189 1611 2224 plane
1621 2188 1864 2226 perdinellaryttn-

234 2236 467 2272 despondentibus
483 2237 538 2270 jam
554 2237 661 2263 animos
676 2238 781 2272 exiguis
803 2237 856 2264 illis
885 2237 1017 2272 reliquiis,

1090 2224 1217 2253 denorum
1227 2224 1480 2260 Bucellarioruntque
1491 2227 1605 2261 regiones
1618 2230 1642 2252 et
1654 2224 1852 2259 Paphlagonia.

235 2283 263 2310 ui
280 2290 294 2309 a
309 2281 414 2310 Joanne
431 2283 543 2316 despota
559 2282 797 2315 conﬁrmarentur,
813 2290 881 2310 auro
897 2283 970 2318 ipsos
995 2289 1022 2310 et

236 2328 572 2363 tnunilicislargitionibus
587 2329 744 2360 deliniente.
777 2330 873 2363 sicque
899 2329 932 2356 ad
962 2329 1023 2356 ﬁdei

235 2383 299 2410 erga
317 2375 460 2410 imperium
476 2375 657 2402 constantiam
673 2380 700 2402 et
730 2376 874 2402 resistendi
903 2376 1025 2402 hostibus

241 2421 411 2448 alacritatem
428 2421 573 2448 excitante.
593 2419 684 2448 Persae
701 2427 783 2455 porro
799 2422 963 2448 incurrentis
996 2421 1022 2448 in

238 2468 312 2503 ipsos
328 2472 399 2495 tanta
422 2467 562 2495 celeritate
580 2467 699 2502 despotae
728 2466 882 2501 improvisis
901 2472 1026 2494 conster-

239 2514 296 2542 nati
331 2514 446 2546 nuutiis,
474 2519 578 2541 terrore
604 2521 636 2541 ac
665 2513 853 2547 desperatione
881 2521 1027 2541 successus

236 2562 324 2588 aversi
345 2567 418 2589 retro
432 2565 505 2593 sunt,
523 2568 608 2595 seque
629 2560 719 2588 statim
753 2560 778 2588 in
808 2567 931 2592 suorum,
959 2560 1028 2588 unde

241 2609 410 2642 prodierant,
433 2607 570 2634 inaccessa
588 2606 699 2634 latibula
714 2606 846 2633 montium
872 2606 1029 2633 recondide-

242 2657 314 2679 tuut.
333 2654 371 2679 Ac
386 2652 458 2680 telut
473 2660 506 2679 ne
527 2652 580 2678 illic
596 2651 705 2686 quidem
717 2658 746 2679 se
762 2655 834 2678 tutos
855 2651 918 2683 rati,
935 2651 1029 2685 legatis

235 2700 326 2727 iussis
342 2700 508 2734 captivisque
524 2699 644 2732 relditis,
659 2705 751 2733 pacem
766 2698 896 2728 fet-erunt.
915 2699 939 2724 in
955 2697 1029 2725 lucro

212 2748 217 2782 ᾖ
243 2751 375 2780 pOm-utes
397 2747 469 2781 quod
490 2746 555 2772 salvi
585 2750 769 2780 superessent.
798 2744 916 2771 Joannes
938 2750 1028 2771 autem

243 2793 385 2826 quieturos
402 2794 475 2827 ipsos
490 2793 514 2819 in
542 2798 678 2827 posterum
700 2797 772 2819 certo
796 2791 958 2823 conﬁdebat,
977 2798 1029 2817 non

241 2839 368 2872 quoniam
387 2839 526 2874 promissis
540 2839 658 2872 ipsorum
677 2838 788 2865 tnttltutu
806 2838 866 2865 ﬁdei
887 2837 1029 2868 tribueret,

241 2884 288 2911 sed
307 2884 369 2918 quia
391 2885 441 2912 sibi
460 2884 585 2912 conscius
599 2888 625 2911 ct
646 2883 744 2910 virium
761 2887 787 2911 et
811 2882 892 2911 auirui
909 2883 942 2910 ad
969 2889 1025 2915 cos,

1111 2283 1281 2311 Laborabant
1293 2289 1382 2311 autem
1400 2290 1427 2311 et
1439 2284 1565 2310 miserum
1580 2284 1606 2310 in
1625 2283 1732 2309 modum
1758 2282 1870 2309 afﬂicta:

1075 2330 1204 2364 jacebaut
1219 2328 1716 2364 BucellariorumelMaryandenorum
1730 2329 1870 2362 regiones,

1079 2376 1199 2409 itemque
1211 2374 1416 2409 Paphlagonia;
1435 2374 1513 2409 cujus
1543 2374 1581 2401 rei
1601 2381 1683 2401 causa
1711 2374 1769 2401 haec
1795 2380 1870 2402 erat.

1079 2421 1227 2455 Imperator
1241 2421 1274 2448 iis
1287 2428 1347 2455 quae
1368 2421 1537 2455 superiorum
1560 2420 1711 2455 principum
1726 2419 1867 2454 parsimo-

1081 2467 1124 2494 nia
1138 2471 1313 2501 congesserat
1327 2465 1495 2501 consumptis
1526 2466 1552 2492 in
1585 2470 1622 2492 tot
1654 2465 1812 2499 largitiones
1836 2474 1870 2492 ac

1079 2513 1204 2540 donativa
1217 2513 1359 2540 ambitiosa
1374 2518 1561 2547 praetereaque
1578 2512 1604 2539 in
1619 2512 1736 2546 pretiosa
1751 2519 1868 2539 mum-ra

1081 2559 1250 2594 principibus
1265 2564 1312 2586 aut
1323 2560 1426 2587 exteris
1439 2560 1564 2594 gentibus
1588 2559 1682 2591 missa,
1705 2559 1804 2591 quibus
1830 2559 1867 2584 illi

1081 2605 1114 2632 ad
1141 2605 1242 2633 hedera
1270 2609 1298 2633 et
1322 2605 1466 2632 societates
1495 2605 1678 2636 allicerentur,
1704 2603 1867 2630 exhaustmu

1081 2652 1206 2679 aerarium
1225 2651 1351 2686 supplere
1377 2651 1474 2678 crebro
1499 2651 1590 2678 missis
1615 2657 1661 2685 per
1685 2656 1780 2676 omnes
1805 2656 1868 2682 pro—

1082 2699 1186 2725 vincias
1210 2697 1256 2732 qui
1285 2698 1412 2732 pecunias
1443 2697 1611 2731 colligerent,
1642 2695 1764 2722 curabat.
1788 2694 1869 2722 “.tutl

1083 2751 1163 2778 porro
1186 2743 1243 2770 scio
1257 2751 1289 2769 an
1314 2749 1375 2770 vera
1406 2742 1450 2768 illa
1480 2741 1562 2769 fuerit
1588 2740 1736 2768 exiuanitio
1768 2739 1870 2773 publici

1084 2789 1214 2821 thesauri,
1227 2796 1258 2815 au
1269 2796 1321 2815 non
1333 2787 1432 2822 potius,
1442 2787 1512 2821 quod
1525 2787 1634 2821 quidam
1647 2785 1872 2819 introspicienti-5

1083 2835 1201 2869 penitius
1231 2833 1496 2865 sulnuurumrabant,
1540 2832 1686 2866 imperator
1725 2838 1758 2858 eo
1801 2830 1873 2859 falso

1085 2885 1214 2916 praetextu
1227 2880 1348 2912 οιιιοιιιο,
1366 2887 1429 2906 vere
1442 2884 1564 2906 metuens
1574 2886 1606 2905 ne
1620 2883 1729 2912 propter
1739 2877 1870 2904 invidiam
