1936 3069
131 159 187 190 665

617 159 665 189 DE
687 158 884 188 MlClIAELE
903 159 1135 189 PALEOLOGO
1155 159 1233 190 LIB.
1253 158 1301 188 III

1710 155 1762 187 6M

131 215 247 249 φῶντες.
266 215 373 250 Ταύτης
388 215 453 248 γοῦν
468 215 516 250 τῆς
532 215 621 246 αἰτίας
638 215 653 249 ἢ
675 213 758 249 οὔσης
773 214 789 249 ἢ
809 215 854 241 καὶ
877 214 920 240 δο-
937 219 956 246 Α
973 215 997 241 et
1012 216 1071 245 ταῖς
1086 216 1183 250 ἄκραις
1195 214 1428 249 προσκαθήμενοι,
1439 214 1476 248 τῷ
1488 223 1515 239 τε
1529 214 1643 248 πάσχειν
1656 213 1762 239 ἐνθένδε

131 260 235 295 κούσης
247 260 327 286 ἓνεκα
344 261 454 295 συχναῖς
469 261 639 295 ἀναγραφαῖς
652 260 700 291 τὰς
715 260 807 295 χώρας
819 259 920 286 ἐκαλα-

134 308 214 341 μᾶτο.
235 307 406 333 Ἐνεπίστευε
429 307 456 333 δὲ
475 306 523 338 τὰς
548 307 674 338 τοιαύτας
700 306 857 340 οἰκονομίας
875 305 921 331 καὶ

133 352 276 386 ἐξισώσεις
304 352 432 388 ἀνδράσιν
460 352 560 384 οὐδέσι,
590 351 717 386 μεγάλων
744 353 791 378 ἐπὶ
817 351 922 382 τούτοις

132 398 309 432 τεταγμένων
326 398 357 424 τὸ
381 397 531 432 πρότερον·
561 398 670 432 Καῖσαρ
697 398 750 432 γὰρ
784 397 922 431 Ῥωμανδς

135 445 185 470 καὶ
201 445 286 479 μέγας
300 443 459 478 δομὲστικος
476 444 490 469 ὁ
503 442 550 469 τοῦ
571 442 703 478 βασιλέως
721 442 812 478 πατὴρ
827 442 922 473 ἐξισω-

133 489 181 516 ταὶ
207 489 277 516 κατὰ
311 489 486 524 Σκάμανδρον
512 486 592 524 ἦσαν,
622 488 694 522 Πλὴν
727 488 922 523 ὲχρυσολόγουν

134 535 260 561 ἐντεῦθεν
273 535 321 561 καὶ
340 535 378 570 τῷ
401 534 482 569 κοινῷ
501 535 616 569 ταμιείῳ
641 534 780 569 προσῆγον
799 534 834 560 τὰ
856 534 924 568 χρή-

136 590 222 615 ματα.
244 581 329 607 Τοῦτο
349 581 456 614 συμϐὰν
477 581 524 606 καὶ
548 582 603 611 τοῖς
627 580 786 614 Παφλαγόσι
805 579 923 610 καὶτοῖς

135 627 313 666 προσωτέρω,
334 626 568 662 ὴργυρολογοῦντο
587 625 626 660 τῷ
650 626 739 660 χρόνῳ
762 626 921 659 κάμνοντες.

135 672 197 698 Τῶν
215 672 263 706 μὲν
278 672 415 707 χρειωδῶν
439 673 485 699 καί
507 681 539 706 γε
564 671 623 697 λίαν
651 670 722 706 εἶχον
741 671 864 704 εὐπόρως
880 670 922 696 δι-

137 717 236 751 δούσης
250 717 299 751 τῆς
316 718 378 751 γῆς,
397 717 570 751 νομισμάτων
586 716 613 742 δὲ
636 716 771 750 πενιχρῶς
788 713 870 749 εἶχον,
887 715 924 746 ὡς

138 764 246 790 πάντων
259 764 453 799 γεωργούντων
469 764 502 790 τὰ
514 764 661 796 ἀναγκαῖα,
677 762 923 796 Κεφαλσιουμέκων

137 809 204 842 γοῦν
215 809 269 836 τῶν
279 809 363 835 τελῶν
377 809 422 835 ἐπὶ
435 809 583 844 νομίσμασι
594 808 705 843 χρυσίου
717 807 764 834 καὶ
779 807 922 842 ἀργυρίου,

135 855 254 886 διδόντες
270 855 299 881 τὸ
314 855 390 881 τεθὲν
406 855 435 887 ἐξ
451 855 572 889 ἀνάγκης
585 854 777 889 ὲξηποροῦντο.
794 852 885 880 Ἦσαν
901 852 923 879 δ’

975 262 1022 287 καὶ
1038 260 1077 295 τῷ
1099 261 1221 292 ἐλπίζειν
1241 260 1346 287 ἐκεῖθεν
1359 260 1393 286 τὰ
1413 259 1510 294 λῴονα,
1532 261 1556 286 εί
1578 261 1658 293 μόνον
1677 267 1763 294 προσ-

975 308 1088 342 χωροῖεν
1112 307 1233 336 ἑκόντες.
1257 307 1428 341 προσχωρεῖν
1440 306 1560 339 ἔγνωσαν
1573 306 1618 331 καὶ
1629 305 1762 340 ὁσημέραι

975 352 1167 387 προσετίθεντο
1191 353 1321 386 Πέρσαις.
1348 352 1432 378 Τοῦτο
1454 351 1519 385 γοῦν
1541 352 1584 378 ἐπ’
1601 351 1650 378 οὐκ
1673 351 1763 384 ὀλίγον

975 399 1130 432 γενόμενον,
1155 398 1253 433 σύναμ¹
1269 399 1383 429 ἐκείνοις
1408 398 1433 424 οῑ
1458 398 1561 433 Πέρσαι
1583 397 1688 432 ὁδηγοῖς
1705 397 1763 430 ἅμα

976 444 1022 470 κα)¹
1041 444 1192 478 συμμάχοις
1209 443 1346 478 χρώμενοι
1362 443 1544 478 καταθαῤῥεῖν
1560 441 1632 477 εἶχον
1648 443 1702 468 τῶν
1719 442 1763 468 λε-

976 488 1143 523 λειμμένων.
1171 489 1225 514 Καὶ
1251 489 1360 523 πρῶτον
1389 489 1439 523 μὲν
1465 488 1600 523 ἐκδρομὰς
1625 487 1764 519 ποιοῦντες

977 536 1108 561 κατέθεον
1130 535 1178 570 τὴν
1210 536 1261 569 γῆν
1283 535 1406 567 ἐκείνοιν,
1433 536 1479 561 καὶ
1502 534 1675 565 σκυλεύοντες
1693 533 1763 568 (οὐδὲ

977 581 1030 614 γὰρ
1050 581 1182 617 ἐθάρρουν
1209 581 1310 615 μένειν)
1338 581 1524 614 ὑπέστρεφον·
1552 578 1611 606 εἶτα.
1635 581 1688 606 τῶν
1716 582 1764 614 μὲν

977 626 1207 660 ὐποκλινομένων.
1225 626 1279 652 τῶν
1299 626 1326 652 δὲ
1348 627 1393 652 καὶ
1415 625 1633 660 ἁποικιζομένων
1653 625 1707 650 δέει
1725 625 1764 658 τῷ

976 673 1040 705 περὶ
1061 671 1107 697 τοῦ
1125 672 1184 706 ζῇν,
1201 672 1323 706 εὐχερεῖν
1340 673 1371 697 ὲκ
1387 672 1433 697 τοῦ
1451 671 1537 705 ῥᾷστα
1557 671 1612 700 τοῖς
1634 670 1765 701 ἐναντίοις

976 714 1020 751 ἦν,
1039 717 1084 742 καὶ
1106 718 1289 751 κατασχόντες
1305 717 1352 751 τὴν
1378 717 1470 752 χώραν
1487 718 1571 743 κακὸν
1594 715 1661 750 ἦσαν
1677 717 1766 749 γειτό-

977 772 1050 797 νημα
1070 764 1125 794 τοῖς
1140 763 1262 797 πλησίον.
1278 763 1323 798 Τῷ
1340 764 1429 798 μέντοι
1447 772 1477 797 γε
1495 763 1600 796 βασιλεῖ
1611 763 1687 795 δόξαν
1702 763 1766 788 ἀνα-

977 809 1091 844 κλητέον
1109 809 1216 844 ἐκείνην
1231 807 1308 841 εἶναι,
1330 810 1376 835 ὅτε
1453 810 1498 836 καὶ
1514 810 1632 844 θελήσοι,
1657 809 1693 840 ὡς
1719 809 1764 834 ἐπὶ

978 854 1061 889 θύρας
1078 852 1177 887 οὖσαν,
1192 856 1222 881 οὐ
1240 856 1319 889 μέλον
1339 854 1383 891 ἦν,
1404 855 1470 881 ἀλλὰ
1488 855 1555 890 πρὸς
1569 857 1625 886 τοῖς
1647 855 1765 886 Summi;

138 901 225 939 ᾄλὶως
235 901 281 927 καὶ
292 901 435 936 στρατείας
443 901 517 927 οὐδὲν
526 900 737 934 εἰδότες.”ομως
749 899 841 927 ἔθνους
851 899 926 932 φιλο·
941 897 962 923 Β
977 901 1067 926 πᾶσαν
1082 898 1138 934 εἶχε
1158 900 1205 935 τὴν
1224 901 1363 934 ἀσχολίαν,
1380 902 1413 927 τὰ
1432 901 1459 926 έν
1481 901 1545 926 ποσὶ
1562 900 1765 934 καταπροῖἑμε-

139 946 250 980 κερδοῦς
260 946 392 980 πονηρίαν
404 945 488 971 πολλὰ
501 946 531 971 Ῑιν
543 945 625 979 κάμοι
640 953 681 974 τις
690 943 815 978 διορθοῦν
827 943 924 975 Θέλων,

139 993 163 1017 εἰ
178 992 226 1017 καὶ
249 992 286 1026 μὴ
302 992 412 1026 πάσχοι·
426 992 449 1017 εί
471 990 499 1018 δὲ
519 991 628 1025 πάσχει,
646 992 695 1016 οὐκ
711 989 785 1016 ἐστιν
798 990 871 1020 ὅπως
889 989 926 1023 μὴ

139 1038 292 1072 ἀπρακτεῖν
302 1038 391 1064 πᾶσαν
401 1038 531 1064 ἐπίνοιαν.
540 1037 653 1063 Ἐκεῖνοι
660 1035 760 1068 τοίνυν,
769 1035 926 1070 καὶμᾶλλον

139 1127 267 1153 excmcati
291 1126 403 1153 Joannis
428 1131 455 1153 et
489 1125 551 1152 inde
577 1129 698 1153 secutam
729 1133 742 1152 a
773 1124 927 1158 patriarcha

141 1173 448 1200 eXcornrnnnicationem
465 1172 611 1206 provincia:
634 1171 807 1202 rebellarant,
844 1171 925 1198 rrbus

143 1224 206 1245 tunc
238 1219 297 1244 suis
323 1218 390 1245 utile
416 1217 550 1251 putaverit
587 1217 703 1252 spoliare
737 1217 859 1244 subditos
900 1222 928 1243 et

143 1264 320 1291 factrltatilurs
338 1265 457 1297 privare,
478 1270 511 1290 ne
525 1264 557 1289 ad
580 1268 674 1290 contra
690 1270 718 1289 se
733 1263 927 1296 insurgendum

142 1310 214 1337 vires
231 1310 371 1336 haberem.
390 1310 530 1343 Utcunque
543 1309 587 1341 sit,
602 1316 633 1336 ea
649 1311 715 1335 tunc
744 1309 783 1335 Vel
798 1317 858 1334 vera
884 1309 926 1334 vel

142 1356 203 1382 ίὶι-ιει
240 1363 321 1382 causa
354 1355 483 1390 egestatis
508 1355 609 1388 :erarii,
640 1355 744 1382 crebris
779 1355 928 1389 imperator

141 1403 269 1430 censibus
294 1410 326 1428 ac
350 1402 577 1435 descriptionibus
607 1409 654 1435 per
686 1402 828 1428 ministros
858 1409 927 1435 quo-

142 1457 306 1483 quoversum
339 1449 464 1475 dimissos
488 1455 570 1474 avare
592 1455 623 1475 ac
649 1447 785 1481 rapat-iter
803 1447 929 1473 exercitis

142 1493 362 1528 222spicilegia
373 1493 512 1528 regionum
523 1493 672 1524 factitabat,
683 1498 761 1520 utens
773 1493 804 1518 ad
813 1493 837 1519 id
847 1500 928 1528 opera

143 1542 283 1568 hominum
312 1540 397 1569 nihili.
423 1547 483 1566 cum
513 1545 592 1567 antea
616 1539 808 1574 hujuscemodi
837 1540 928 1567 lustris

142 1587 294 1613 eondemlis
321 1586 564 1620 collationibusque
594 1586 737 1619 exigendis
767 1571 964 1620 populorumc

143 1633 302 1659 nobilissimi
318 1632 416 1666 quique
430 1632 529 1666 przellci
545 1632 616 1658 soliti
630 1637 721 1658 essent
736 1640 743 1660 :
763 1639 825 1658 nam
839 1631 930 1659 C.esar

142 1680 283 1706 Romanus
300 1683 328 1705 et
341 1685 451 1713 magnus
483 1677 647 1704 domesticus
660 1677 835 1711 imperatoris
854 1683 930 1711 pater

143 1732 274 1752 censuras
296 1725 374 1751 istius
387 1726 494 1759 generis
506 1731 553 1757 per
574 1723 698 1758 regiones
711 1723 783 1750 circa
801 1723 930 1750 Scaman-

143 1773 220 1798 drum
237 1771 306 1798 sitas
336 1774 486 1805 gesserant.
507 1770 538 1797 lli
556 1778 636 1804 porr-0
665 1770 788 1797 vilissimi
814 1770 930 1796 Iltltliatri

143 1825 239 1844 aurum
272 1817 522 1844 iunnis‘ericorditer
567 1821 702 1844 extortum
749 1816 869 1850 undique
903 1816 929 1846 in

142 1863 267 1889 marium
281 1863 473 1897 congerebant.
485 1862 534 1894 Qui
561 1870 622 1889 cum
649 1861 757 1888 obirent
784 1861 932 1896 Paphlago-

144 1911 216 1936 niam
231 1915 257 1936 et
271 1909 414 1936 ulteriores
433 1909 555 1944 regiones
573 1909 696 1943 pecuniis
711 1909 808 1936 acerbe
837 1916 930 1935 corra-

144 1956 249 1988 deudis,
264 1963 297 1982 eo
323 1955 409 1990 magis
426 1954 600 1982 oll'cndebant
624 1954 684 1981 illos
706 1954 829 1988 populos,
860 1954 931 1986 quod

144 2003 315 2030 vexationem
333 2010 381 2037 per
405 2009 435 2028 se
454 2003 576 2028 odiosam
605 2000 834 2034 intempestivitas
868 2004 932 2026 tunc

145 2048 269 2082 qumdam
287 2048 460 2081 aggrarabat.
479 2046 659 2081 Agricultura:
685 2051 779 2080 gentes
792 2045 843 2072 ilhe
859 2046 931 2079 plus-

145 2102 226 2129 quam
243 2094 426 2120 mcrciumuiis
440 2093 548 2125 deditze,
568 2093 650 2119 rebus
680 2093 713 2119 ad
735 2092 835 2119 victum
863 2098 931 2126 quas

148 2147 220 2168 terra
238 2141 327 2175 gignit
346 2140 535 2170 abundabant.
550 2139 663 2172 signatae
684 2138 806 2172 pecuniae
834 2145 930 2172 parum

148 2187 295 2214 habebant.
328 2186 417 2219 Quare
466 2186 533 2221 ipsis
563 2189 622 2211 erat
648 2183 806 2218 perdiﬂicile
834 2191 932 2222 aureos

146 2239 345 2268 argenteosque
361 2239 496 2263 nummos,
513 2231 557 2266 qui
572 2230 676 2265 singula
697 2230 722 2257 in
751 2230 837 2263 capita
863 2229 933 2255 indi—

147 2281 288 2311 cebantur,
310 2285 474 2309 munerare;
492 2282 518 2303 et
539 2283 568 2303 se
585 2277 617 2302 ad
640 2275 665 2302 id
675 2275 747 2310 quod
761 2283 812 2301 non
822 2278 933 2308 possent

147 2326 253 2352 (Ιηωιιὶδ
266 2332 298 2351 ac
322 2323 552 2357 prehensiOnibus
575 2321 633 2355 cogi
661 2320 850 2355 indignissime
879 2319 933 2347 sci-

147 2372 211 2398 licet
232 2370 362 2401 l'erebant,
374 2369 524 2403 prmsertirn
541 2368 667 2402 quoniam
684 2367 748 2394 inde
765 2365 931 2400 sequebatur

148 2421 205 2443 toto
221 2416 293 2451 ipsos
306 2415 434 2449 deinceps
447 2422 518 2441 anno
545 2414 709 2441 necessariis
740 2420 834 2447 egere,
858 2417 932 2447 post-

144 2470 228 2496 quam
246 2469 349 2489 messes
380 2467 405 2488 et
421 2461 581 2492 vindemias,
603 2465 633 2486 ut
659 2467 781 2486 summas
815 2460 932 2486 indictas

145 2508 341 2542 quoquomodo
356 2507 532 2538 corrﬁcerent,
549 2507 637 2533 alieno
652 2510 774 2539 tempore
787 2505 831 2531 vili
844 2506 930 2540 pretio

144 2555 302 2582 distrahere
318 2559 388 2580 totas
415 2559 573 2581 exactorum
599 2552 772 2579 inclementia
800 2551 931 2585 compulsi

145 2601 265 2628 fuerant.
285 2600 391 2628 Nullum
414 2600 522 2634 quidem
548 2599 604 2626 fere
629 2599 750 2634 plerique
767 2598 874 2625 illorum
893 2597 932 2624 rei

145 2647 250 2673 bellica:
273 2654 351 2673 ttsnm
374 2645 520 2678 habebant,
536 2651 564 2672 ttt
581 2645 692 2672 rebellio
705 2645 795 2671 minus
813 2643 931 2670 timenda

143 2691 293 2718 videretur.
329 2690 432 2718 Tamen
469 2691 556 2725 gentis
579 2691 648 2718 lucri
684 2691 797 2726 cupidat,
824 2692 932 2718 etiamsi

146 2737 219 2763 nulla
241 2737 396 2764 extorsioue
412 2737 533 2769 irritatae,
561 2745 607 2771 per
621 2746 650 2764 se
666 2745 777 2772 pronam
805 2739 838 2764 ad
860 2746 935 2773 qna:-

145 2789 269 2810 smosum
284 2784 434 2819 periurium
462 2783 578 2810 indolem
615 2791 675 2811 cum
693 2792 799 2816 semper
822 2792 935 2819 magnus

144 2828 222 2856 labor
238 2830 274 2857 sit
297 2829 332 2857 ab
361 2829 417 2857 utili
447 2830 502 2858 visa
535 2830 684 2858 defectione
720 2831 853 2860 cohibere.
879 2836 933 2857 tum

977 954 1029 975 νος.
1045 945 1129 971 Εἴωθε
1147 946 1200 980 γὰρ
1216 945 1257 972 ἀεὶ
1278 946 1309 972 τὸ
1327 946 1376 979 μὲν
1393 947 1444 972 ἀνὰ
1467 947 1561 980 χεῖρας
1585 947 1765 980 καταφρονεῖ-

978 990 1040 1016 σθαι
1063 989 1106 1015 διὰ
1133 990 1162 1016 τὸ
1187 989 1311 1024 σύνηθες,
1337 989 1477 1023 ζητεῖσθαι
1496 989 1524 1014 δέ
1540 997 1571 1022 γε
1589 989 1619 1015 τὸ
1643 989 1679 1023 μὴ
1699 997 1766 1023 κρα-

975 1036 1107 1071 τούμενον
1123 1036 1160 1066 ὼς
1176 1036 1266 1068 θέλξον
1284 1036 1334 1071 ῆδη
1352 1035 1382 1067 ἑξ
1401 1035 1554 1070 ἀσυνήθους
1570 1036 1762 1070 προσγεγονός.

977 1132 1050 1154 certe
1061 1127 1167 1160 quando
1182 1126 1342 1153 exacerbata
1357 1125 1464 1152 damnis
1480 1125 1645 1159 acribusque
1659 1125 1766 1159 injuriis

977 1173 1010 1199 ad
1026 1173 1238 1206 desperationem
1257 1173 1367 1199 ell‘erata
1396 1172 1484 1203 fuerit,
1514 1172 1612 1198 frustra
1624 1171 1767 1205 quantavis

978 1219 1152 1245 adhibebitur
1168 1218 1300 1245 industria
1322 1217 1354 1244 ad
1373 1218 1444 1244 illam
1479 1218 1506 1244 in
1539 1217 1590 1243 ﬁde
1624 1216 1765 1251 ollirioque

979 1263 1279 1296 continendam.Igitur
1311 1262 1358 1295 illi,
1394 1263 1527 1296 praecipue
1554 1268 1619 1288 vero
1650 1269 1764 1295 quorum

980 1309 1088 1336 arcibus
1102 1309 1214 1336 Persico
1229 1308 1353 1342 praesidio
1375 1301 1487 1334 insessis
1518 1308 1660 1335 viciniores
1689 1308 1767 1334 sedas

980 1360 1069 1389 erant,
1082 1354 1152 1390 quod
1169 1363 1183 1382 a
1203 1356 1302 1382 noswis
1332 1355 1439 1387 quidem
1470 1354 1571 1380 atrocia
1599 1359 1766 1388 paterentur,

981 1402 1014 1427 ab
1027 1402 1148 1428 hostibus
1168 1409 1232 1428 vero
1255 1401 1437 1427 commodiora
1455 1404 1608 1432 sperarent,
1637 1399 1765 1434 pollicen-

981 1448 1052 1474 tibus
1065 1447 1188 1474 vidi-licet
1206 1447 1255 1474 illis
1275 1452 1313 1479 et,
1330 1447 1351 1474 εἰ
1371 1447 1441 1473 ultro
1475 1454 1505 1473 se
1534 1446 1674 1478 dederent,
1702 1446 1766 1473 mite

981 1493 1121 1528 imperium
1139 1492 1346 1527 spondentibus,
1360 1493 1475 1519 deiicere
1492 1493 1524 1518 ad
1545 1491 1640 1519 Persas
1670 1493 1766 1518 decre-

983 1545 1091 1570 verunt,
1109 1539 1262 1572 fiebantqne
1285 1538 1397 1564 aliorum
1420 1543 1479 1571 post
1508 1538 1575 1564 alios
1606 1538 1770 1570 quotidiana:

983 1586 1156 1612 transitiones
1167 1586 1388 1620 .nlybeniguiores,
1403 1590 1431 1611 ut
1443 1585 1582 1619 putabant,
1595 1584 1716 1619 223do
1729 1585 1769 1610 ni-

983 1639 1045 1658 nos.
1057 1631 1132 1664 Quod
1150 1632 1236 1664 primo
1252 1640 1265 1656 a
1281 1631 1392 1665 singulis
1404 1636 1545 1663 tentatum,
1561 1635 1588 1658 et
1599 1632 1641 1658 ubi
1658 1638 1769 1657 succes-

983 1685 1029 1704 sus
1048 1678 1155 1711 impune
1187 1678 1243 1704 lieri
1272 1678 1405 1711 probavit,
1433 1677 1616 1704 crebrioribus
1639 1676 1769 1710 exemptis

982 1722 1194 1756 frequentatum,
1210 1723 1378 1758 irrcparubili
1391 1723 1506 1757 jactura:
1523 1723 1668 1756 provincia:
1687 1723 1769 1749 totius

982 1771 1150 1796 occasionem
1183 1769 1266 1801 dedit,
1299 1767 1430 1803 siquidem
1462 1768 1550 1796 Persae
1582 1770 1622 1795 his
1661 1770 1705 1802 qni
1736 1768 1772 1797 :ul

986 1820 1079 1849 partes
1094 1816 1215 1849 ipsorum
1233 1815 1397 1842 transierant
1412 1815 1527 1842 ducibus
1553 1818 1580 1842 et
1599 1814 1769 1849 adiutoribus

983 1862 1036 1894 usi,
1069 1862 1229 1895 paucitatem
1273 1869 1367 1888 eorum
1398 1862 1444 1896 qui
1477 1866 1633 1888 constantes
1665 1861 1689 1887 in
1719 1861 1770 1887 lide

985 1906 1141 1941 imperatori
1156 1907 1243 1941 jurata
1258 1907 1411 1942 perstabant
1441 1911 1655 1938 contemnentes,
1684 1911 1770 1932 terras

983 1961 1076 1981 eorum
1092 1955 1195 1981 crebris
1213 1954 1343 1982 infestare
1355 1954 1557 1981 incursionibus
1571 1959 1713 1988 coeperant
1727 1963 1734 1986 ;
1753 1962 1767 1980 e

983 2000 1183 2034 quibusouusti
1213 2001 1314 2035 praeda,
1346 2001 1468 2034 spoliatis
1498 2001 1613 2027 subinde
1646 2000 1767 2030 miseris,

985 2048 1108 2075 redibant
1119 2047 1237 2078 domum,
1251 2047 1370 2073 nondum
1388 2047 1423 2073 ibi
1441 2047 1498 2073 arisi
1515 2046 1666 2079 considere,
1679 2047 1768 2080 quoad

987 2092 1076 2119 multis
1106 2093 1220 2118 istorum
1237 2093 1401 2126 experientia
1419 2093 1550 2119 malorqu
1567 2093 1765 2118 inclinantibus

984 2138 1016 2164 ad
1034 2138 1141 2169 Persas,
1156 2137 1249 2163 multis
1276 2137 1434 2171 quotidiana
1451 2138 1512 2165 vita:
1534 2138 1651 2170 pericula
1668 2137 1729 2171 fuga
1743 2143 1773 2164 et

985 2184 1136 2211 voluntario
1149 2183 1245 2211 exsilio
1264 2184 1592 2216 redimentibus,subactu
1609 2184 1664 2218 jam
1677 2184 1770 2211 faciles

986 2230 1075 2257 Persa:
1093 2231 1216 2265 regiones
1228 2238 1284 2257 sua:
1303 2230 1397 2256 ditioni
1412 2231 1589 2264 subjunxere,
1607 2232 1721 2265 lixisqne
1734 2231 1770 2258 ibi

986 2276 1131 2304 domiciliis
1156 2276 1255 2302 malam
1291 2276 1414 2303 ﬁnitimis
1429 2277 1557 2303 viciniam
1592 2278 1775 2311 praestabant,

987 2324 1146 2352 infestantes
1159 2331 1207 2350 eos
1221 2323 1382 2351 latrociniis.
1399 2323 1460 2350 "me
1484 2324 1597 2351 audiens
1626 2325 1775 2358 imperator

986 2378 1173 2398 eoaecurrere
1189 2370 1489 2404 neglexit.existinrans
1516 2378 1545 2398 se
1571 2371 1638 2397 istas
1665 2372 1775 2404 provin-

987 2416 1058 2447 cias,
1081 2416 1217 2451 qtt‘ppein
1243 2416 1395 2450 propinquo
1431 2417 1509 2448 sitas,
1543 2422 1774 2450 recuperaturmn

986 2464 1200 2498 quandocumque
1217 2462 1286 2489 foret
1297 2462 1413 2494 libitum,
1432 2467 1459 2490 et
1480 2463 1580 2489 tuncin
1595 2470 1637 2489 res
1653 2461 1765 2489 Occidui

982 2514 1086 2537 tractus
1102 2516 1149 2543 spe
1165 2517 1194 2536 ac
1215 2509 1360 2542 cupiditate
1377 2513 1449 2535 totus
1474 2508 1633 2539 imminens,
1649 2508 1675 2534 in
1687 2516 1772 2541 eaque

980 2564 1034 2584 una
1046 2556 1150 2583 delian
1165 2563 1230 2582 cura
1246 2556 1426 2590 cogitationes
1444 2555 1557 2586 habens,
1575 2563 1649 2581 more
1666 2555 1768 2588 ingenii

984 2601 1105 2634 humani,
1121 2601 1289 2635 plerumque,
1302 2601 1366 2627 dun
1395 2602 1479 2627 inhiat
1495 2601 1656 2636 longinquis.
1696 2601 1778 2626 aruit-

988 2648 1070 2674 tentis
1083 2655 1175 2674 coram
1194 2647 1290 2681 posita,
1318 2652 1345 2673 et
1374 2647 1537 2680 voluptatem
1559 2655 1589 2674 ex
1620 2646 1772 2673 absentium

987 2693 1166 2727 acquisitione
1185 2698 1334 2728 speratam,
1349 2693 1422 2727 quod
1452 2693 1559 2720 insolita
1579 2694 1624 2725 sit,
1641 2693 1772 2727 potiorem

986 2739 1142 2766 arbitrantis
1168 2740 1256 2767 fructu
1281 2745 1392 2774 propter
1420 2741 1570 2774 quamdam
1586 2739 1773 2766 assuetudiuis

987 2793 1113 2812 natrsearn
1131 2786 1217 2813 minus
1229 2786 1361 2820 jucunde,
1376 2787 1419 2819 qui
1437 2794 1469 2813 ex
1500 2786 1674 2820 prtesentiurn
1705 2786 1771 2812 olim

987 2839 1170 2865 possessorum
1188 2839 1320 2860 consueto
1334 2832 1459 2867 amplexu
1490 2831 1644 2867 percipitur:
