1936 3069
174 137 222 169 671

782 123 940 169 GEORGII
960 139 1197 169 PACIIYMERE

1739 133 1791 164 6'2

176 193 274 229 μικροῦ
294 194 449 229 ὑπέροφρυς
466 193 502 225 ὡς
521 194 667 222 ὲκσπάσων
682 194 731 221 κᾶν
751 195 777 220 εί
796 203 822 220 τι
841 195 955 227 γένοιτο,
969 194 993 224 Α
1009 202 1089 228 μενον
1115 192 1285 228 συμπαθείας
1310 192 1431 226 ἀνάγκην
1457 189 1540 225 ἔχειν,
1564 189 1616 216 κᾶν
1639 188 1703 222 γοῦν
1725 191 1791 223 πρις

173 241 230 272 τοῖς
250 241 296 273 μὲν
308 241 420 275 ἀνδράσι
434 240 463 267 τὸ
479 240 551 276 ἱερὸν
569 241 701 267 πατοῦσιν
715 240 743 267 αἱ
756 240 840 274 ὁρμαὶ
854 240 958 266 ἀνεῖντο

174 285 212 320 μὴ
237 286 358 316 δεδιόσιν.
383 287 485 318 ἐκεῖνος
507 286 536 313 δὲ
559 287 626 321 πρδς
640 287 690 314 τὰς
713 287 800 317 οἰκίας
817 286 956 319 τρέπεται.

178 332 322 366 Ἀμπέλοις
335 332 357 358 δ’
369 332 510 359 ἐπιθέσθαι
529 333 579 359 οὐκ
594 331 639 368 ἦν,
663 334 703 359 ὅτι
722 333 777 358 οὐδ’
801 330 870 368 ἦσαν
884 332 958 358 ὲκεί-

174 386 230 408 νοις
250 377 366 411 ἄμπελοι
385 378 458 413 τῇδε.
481 377 560 405 Ἀλλὰ
585 380 632 405 καὶ
654 379 709 404 τῶν
730 378 823 404 οἰκιῶν
842 377 959 411 ἀποτρέ-

175 431 254 449 ate-ta:
271 423 314 465 ὡς
324 424 360 458 μὴ
377 423 468 457 σφίσιν
481 423 586 459 ἀληθῶς
599 424 696 456 οὐσῶν,
712 423 781 449 ἀλλὰ
797 422 896 457 μᾶλλον
910 422 959 454 τῆς

183 469 344 503 Ἐκκλησίας
355 469 546 504 λογιζομένων,
562 469 753 504 Ἐκκρουσοεὶς
765 468 810 495 οὖν
824 469 879 499 τοῖς
889 468 960 498 ὅλοις

175 516 189 540 ὁ
201 516 364 550 ἐπιτιμητὴς
380 517 481 547 ἐκεῖνος
499 516 603 550 πέμπει
618 515 759 546 Νικαίαζε,
773 514 819 540 καὶ
829 514 864 539 τὰ
876 521 960 547 προσ-

175 560 328 593 τεταγμένα
353 560 399 586 snt
424 562 480 591 τοῖς
506 561 580 594 σφῶν
602 561 724 594 κτήμασι
756 559 959 593 διαπράττεται.

176 605 314 636 κωλυθεὶς
327 606 355 632 δὲ
371 606 547 640 ἀποπέμπειν
566 606 704 639 δεσμίους,
722 605 758 635 ὠς
777 605 792 638 ἡ
815 604 961 638 πρόσταξις

176 651 243 685 εἶχε,
261 653 435 678 συνεὸούλευε
459 652 548 686 σφίσιν
563 651 661 682 αὐτοὺς
678 650 787 680 ἀνέτους
800 649 837 679 ὼς
852 648 962 683 βασιλέα

177 697 286 731 χωρεῖν,
301 695 333 730 [Ρ
350 695 409 731 152]
425 695 471 722 τοῦ
488 696 594 729 ἀληθῶς
618 695 747 729 φρουρίου
768 692 962 720 ἀποσπασθέν-

174 750 235 772 τας,
250 742 286 772 ὼς
299 741 332 777 ἦν
349 743 362 769 ὁ
378 742 438 773 ναὸς
454 742 596 776 ἄντικρυς.
617 741 776 773 Ἀπολογίαν
791 739 844 773 γὰρ
861 740 963 765 ἐκεῖνον

178 787 251 822 ἔχειν
274 788 341 822 πρὸς
359 787 471 822 βασιλέα
494 787 543 821 τὴν
560 786 673 812 ἀσυλίαν
688 785 735 811 τοῦ
756 784 828 818 ἱεροῦ
853 785 898 810 καὶ
916 783 963 817 τὴν

178 835 224 860 τοῦ
242 834 411 868 πατριάρχου
436 833 563 864 κώλυσιν,
588 832 636 858 καὶ
658 831 696 862 ὡς
722 831 820 862 αὐτοὺς
836 830 900 856 εὐθὺ
916 830 962 855 τοῦ

181 879 311 913 βασιλέως
322 878 463 913 ὁρμῶντας
477 877 619 911 δεσμεύειν
630 877 680 902 οὐκ
689 873 732 910 ἦν,
746 875 783 906 ὡς
796 874 860 909 παρ’
875 874 964 904 αὐτοῖς

182 925 316 959 μενούσης
342 924 391 958 τῆς
421 923 583 957 προσφυγῆς
607 921 685 948 τοῦτο
713 921 761 956 μὲν
787 921 826 955 τῷ
851 921 965 950 ὲκὸντας

180 971 340 1005 ἀποφοιτᾷν,
356 969 435 996 τοῦτο
445 969 473 995 δὲ
486 970 532 995 καὶ
548 968 591 994 τὸν
606 969 780 1002 πατριάρχην
796 966 966 1000 ἐπιτιμῶντα

180 1015 318 1050 ἀμφέπειν
342 1013 480 1049 πανταχοῦ
506 1013 658 1046 διάγοντας.
686 1012 801 1046 Προσέτι
827 1012 855 1037 δὲ
876 1011 921 1037 καὶ
936 1011 966 1036 το

181 1061 231 1095 τῆς
244 1061 283 1092 είς
308 1060 419 1095 βασιλέα
436 1061 564 1095 προσόδου
589 1059 680 1093 σχῆμα
708 1059 738 1084 τὸ
762 1058 872 1087 ἁνέτους
895 1057 966 1090 σφᾶς

183 1106 371 1142 διατηρεῖσθαι
393 1107 484 1133 δίδωσι
497 1114 504 1122 ·
524 1107 669 1141 πρόσωπον
685 1104 740 1139 νἀρ
754 1103 884 1138 βασιλέως
897 1101 966 1128 θεώ-

181 1194 375 1229 percnlsusque
401 1202 415 1221 a
436 1199 525 1230 ccepto
559 1193 662 1220 destitit
694 1193 741 1227 qui
778 1197 853 1220 tanto
890 1193 966 1226 prius

184 1242 251 1267 fastu
272 1246 456 1268 extracturum
477 1248 506 1268 se
540 1240 688 1275 supplices,
727 1239 857 1274 quidquid
877 1239 965 1272 quivis

184 1292 277 1312 rontra
297 1287 447 1316 moliretur.
469 1287 649 1318 ostenderat;
667 1292 751 1316 eoque
775 1291 836 1311 sese
856 1287 965 1310 domum

183 1334 330 1368 recipiente
348 1340 377 1360 re
395 1332 501 1365 infecta,
521 1331 626 1359 Veccus
663 1335 689 1358 et
709 1330 861 1365 Xiphilinus
897 1331 966 1358 intra

185 1385 258 1414 septa
280 1379 345 1406 redis
365 1387 448 1406 sacrae
469 1379 519 1406 tuti
539 1379 683 1413 securique
702 1377 902 1410 versabantur;
920 1377 966 1404 sed

186 1434 234 1452 nec
255 1426 349 1453 vineas
368 1425 526 1452 exsrindere
547 1425 645 1459 potuit,
665 1431 726 1451 cum
748 1427 843 1450 neuter
857 1423 965 1452 illorum

185 1473 275 1498 vineta
292 1472 362 1497 circa
375 1470 632 1504 Constantinopolim
659 1469 770 1496 haberet
789 1477 796 1502 ;
813 1470 846 1496 ab
868 1470 966 1496 aedium

186 1525 292 1551 quoque
327 1517 422 1551 quibus
456 1516 597 1543 utebantur
617 1515 791 1542 demolitione
817 1515 967 1549 prohibitus

187 1568 241 1594 est,
258 1561 471 1596 «Iettllltliatoipsi
490 1560 559 1588 ltaud
579 1568 638 1588 esse
658 1561 716 1587 illas
733 1560 804 1595 juris
838 1561 968 1594 ipsorum,

189 1609 236 1636 scil
258 1608 397 1641 Ecelesim,
414 1615 472 1641 qua:
489 1615 566 1633 usum
593 1606 722 1632 duntaxat
749 1606 887 1633 habitandi
916 1606 972 1633 Suis

189 1657 243 1683 illic
267 1655 396 1682 ministris
412 1654 563 1687 precarium
577 1653 747 1680 concederet.
766 1652 834 1686 Ergo
848 1652 892 1679 hie
918 1657 971 1678 tant

188 1711 252 1730 acer
269 1702 340 1728 ultor
361 1701 477 1734 undique
498 1698 629 1733 reiectus,
671 1704 698 1724 et
710 1697 815 1724 cunctis
850 1697 973 1724 exclusus

189 1757 249 1784 qua:
269 1752 395 1777 tentarat.
417 1755 451 1773 ne
463 1746 528 1772 nihil
548 1750 652 1780 ageret,
684 1744 800 1772 Nicaeam
821 1744 973 1771 certosnti-

190 1797 226 1823 sit
246 1795 289 1830 qui
305 1795 332 1821 in
350 1793 457 1828 praediis
473 1793 584 1819 istorum
615 1792 640 1818 in
671 1791 716 1818 illo
754 1790 889 1818 territorio
914 1790 973 1816 sitis

191 1841 370 1868 vastationem
388 1839 422 1866 ab
451 1839 615 1873 imperatore
646 1837 829 1872 praescriptam
861 1844 974 1863 exerce-

191 1894 260 1917 rent.
282 1889 349 1916 Cnm
370 1892 460 1915 autem
480 1887 604 1920 nequiret
631 1886 739 1912 mittere
769 1885 829 1912 illos
857 1886 973 1917 vinctos.

191 1941 222 1963 ut
240 1936 327 1962 fuerat
340 1925 443 1970 jussus;
463 1934 576 1961 suadere
596 1933 660 1967 ipsis
677 1932 773 1959 institit
794 1936 822 1958 ut
852 1932 922 1959 ultro
942 1931 976 1958 ad

193 1985 383 2017 imperatorem
431 1980 568 2015 proficisci
604 1980 713 2010 vellent.
731 1980 756 2006 id
795 1979 977 2006 communiter

193 2034 246 2055 tam
265 2029 329 2062 ipsis
348 2035 427 2062 quam
449 2026 500 2054 sibi
520 2026 662 2053 consilium
681 2032 741 2052 esse
753 2025 818 2052 utile
828 2026 976 2056 disserens.

194 2075 320 2110 quoniam
338 2075 359 2101 si
380 2074 500 2100 volentes
520 2072 570 2106 ipsi
590 2078 667 2098 sacro
707 2070 781 2105 asylo
814 2070 978 2098 absisterent

194 2120 308 2148 adeundi
330 2118 458 2154 principis
475 2124 567 2149 causa,
583 2116 678 2143 idonea
706 2114 755 2149 ipsi
776 2115 846 2149 apud
861 2115 978 2151 impera-

196 2173 282 2195 lorettt
302 2167 392 2192 futura
409 2168 480 2192 esset
494 2162 634 2190 excusatio
668 2162 777 2188 omissae
801 2160 978 2194 conlprehen-

1009 239 1093 273 ὥραν,
1107 241 1164 270 τοῖς
1177 238 1362 273 κατακρίτοις.
1378 236 1471 263 Ταῦτα
1486 237 1532 263 καὶ
1546 235 1581 262 τὰ
1594 234 1698 265 τούτοις
1710 234 1790 268 ὃμοια

1009 285 1096 318 λέγων
1112 284 1205 311 ἔπειθέ
1220 293 1249 310 τε
1264 284 1326 314 τοὺς
1339 283 1436 318 ἄνδρας
1453 282 1604 317 ἀποφοιτᾷν
1624 286 1653 307 τε
1669 280 1715 306 τοῦ
1729 279 1794 306 ναοῦ

1009 330 1057 356 καὶ
1082 331 1149 364 πρὸς
1175 329 1287 364 βασιλέα
1314 329 1425 363 χωρεῖν.
1449 328 1503 353 Καὶ
1524 327 1556 361 δὴ
1578 326 1654 360 παρὰ
1676 324 1723 351 τοῦ
1739 333 1795 351 πα-

1009 377 1139 411 τριάρχου
1170 375 1374 410 ὲκχωρηθέντες
1402 373 1481 405 δόξαν
1516 364 1638 400 συνοῖσον
1665 372 1740 406 σφίσι
1766 371 1798 397 τὸ

1010 422 1136 449 ἀπελθεῖν
1156 421 1201 456 (τὰ
1216 421 1270 456 γὰρ
1296 421 1438 454 συμὸάντα
1459 419 1565 451 τούτοις
1582 418 1680 453 πικρὰ,
1699 418 1745 445 καὶ
1757 417 1798 448 ὡς

1010 469 1034 494 εἰ
1055 468 1101 494 ἐπὶ
1115 467 1277 494 καθοσιώσει
1298 465 1452 500 εὐθύνοντο)
1467 466 1548 496 εὐθὺς
1560 466 1621 496 ταῖς
1635 464 1682 491 τοῦ
1700 463 1798 497 ἱερέως

1010 512 1212 547 ὲφοδιασϐέντες
1229 512 1320 546 εὐχαῖς
1341 520 1370 538 τε
1386 511 1432 537 καὶ
1453 510 1588 543 εὐλογίαις
1602 509 1651 542 τῆς
1668 507 1733 542 πρὸς
1746 507 1797 539 τὴν

1010 558 1209 592 Θεσσαλονίκην
1225 557 1360 592 φερούσης
1376 557 1516 584 ἅπτονται.
1531 556 1566 581 ’Δ
1583 555 1631 588 μὲν
1645 553 1691 580 οὖν
1706 552 1800 586 ἐπιμί-

1012 606 1088 638 ξασιν
1103 605 1217 636 ἐκείνοις
1231 603 1415 638 Θεσσαλονίκῃ
1436 603 1481 629 καὶ
1498 602 1603 636 βασιλεῖ
1618 599 1797 636 προσελθοῦσι

1012 651 1126 685 συνέϐη,
1141 651 1171 677 οὐ
1184 649 1231 676 τοῦ
1248 649 1381 684 παρόντος
1403 649 1492 682 λέγειν
1513 647 1621 681 καιροῦ.
1640 645 1711 680 Πλὴν
1726 644 1803 670 εἰκά-

1013 695 1082 722 σαιτ“
1095 696 1128 723 ἄν
1146 704 1187 726 τις
1200 695 1236 726 ὡς
1252 694 1302 720 οὐκ
1318 694 1351 720 ἂν
1374 693 1402 719 εὖ
1423 692 1527 718 ἐκεῖθεν
1548 691 1657 720 ἔπαθον,
1674 690 1698 716 εί
1717 690 1752 722 μή
1769 696 1802 722 γε

1013 740 1196 774 θεραπεύουσι
1210 740 1253 765 τὸν
1269 738 1364 773 καιρὸν
1380 738 1480 770 συνέῦη
1495 736 1579 762 ταῦτα
1593 734 1699 761 πιθεῖν.
1715 733 1802 759 Τοῦτο

1013 786 1035 812 δ’
1051 784 1086 821 ἦν
1099 785 1271 819 μεμονῶσθαι
1286 784 1331 810 τὴν
1347 782 1520 817 πατριάρχην
1532 781 1744 810 ὑποκλιοέντων,
1763 778 1803 809 ὡς

1015 833 1062 857 καὶ
1078 831 1131 856 τῶν
1147 830 1246 860 ἄλλων,
1261 830 1385 855 ἐκείνων.

1017 909 1065 936 κε’.
1085 909 1123 936 Τὰ
1140 908 1204 943 περὶ
1222 908 1275 935 τοῦ
1289 907 1425 946 σοῃλξὰν
1441 905 1605 946 ξΑζιιείνου,
1622 904 1669 931 καὶ
1686 905 1722 930 τὰ
1736 903 1803 938 περί

1302 942 1361 968 τῶν
1376 941 1511 975 Τοχάρων

1054 1012 1084 1048 [Ρ
1102 1011 1161 1047 155]
1186 1011 1367 1045 Ἀναληπτέον
1384 1009 1430 1036 γα).
1449 1008 1478 1034 το
1499 1007 1544 1034 τοῦ
1563 1007 1676 1033 σουλτὰν
1697 1006 1806 1037 Ἄζατί-

1018 1068 1072 1089 νου,
1087 1058 1115 1089 ὃς
1133 1057 1213 1092 μοῖρά
1232 1065 1273 1087 τις
1292 1055 1385 1090 γέγονε
1407 1053 1540 1088 δυστυχὴς
1555 1053 1718 1082 Μακεδόσιν,
1735 1052 1806 1077 εἴπω

1017 1108 1045 1134 δὲ
1059 1107 1106 1133 καὶ
1123 1105 1221 1140 Θρᾳξὶ,
1239 1104 1285 1130 καὶ
1306 1104 1335 1129 τὸ
1356 1102 1402 1129 τοῦ
1428 1103 1547 1136 κομήτου
1570 1100 1750 1133 ποοὰγγελμα
1766 1099 1807 1130 είς

1018 1196 1090 1224 cinio
1108 1195 1157 1221 tuti
1180 1194 1279 1227 ubique
1299 1190 1474 1223 inviolatique
1490 1188 1572 1214 futuri
1593 1191 1696 1216 essent.
1724 1191 1806 1212 tanta:

1019 1243 1090 1269 illius
1120 1249 1151 1268 ac
1191 1245 1245 1265 tam
1277 1237 1439 1265 venerabilis
1481 1239 1606 1269 respectu
1652 1232 1806 1266 potestatis.

1019 1289 1140 1323 Denique
1160 1290 1300 1321 postquam
1320 1291 1352 1311 eo
1372 1283 1569 1316 pervenissent,
1596 1280 1653 1314 ipso
1672 1278 1748 1304 vultu
1772 1285 1805 1304 ac

1018 1338 1163 1369 conspectu
1181 1331 1312 1366 principis
1331 1327 1518 1356 certissimum
1536 1326 1627 1353 aiebat
1646 1329 1807 1360 accepturos

1018 1384 1091 1415 ipsos
1110 1378 1206 1406 salutis
1231 1381 1257 1404 ct
1291 1374 1445 1404 securitatis
1472 1374 1593 1408 pignus;
1614 1378 1675 1397 nam
1713 1370 1809 1396 faciem

1019 1424 1190 1460 imperatoris
1206 1430 1296 1450 coram
1312 1420 1352 1448 vel
1366 1422 1398 1447 ad
1420 1423 1583 1446 momentum
1600 1416 1687 1444 oculis
1714 1415 1808 1447 objec-

1021 1477 1074 1499 tam
1092 1470 1186 1505 gratia:
1202 1475 1232 1495 ac
1250 1467 1333 1494 venia:
1349 1472 1412 1499 erga
1442 1465 1591 1495 intuentes,
1627 1461 1707 1488 etiam
1740 1467 1811 1494 prse-

982 1528 1004 1558 ο
1021 1518 1162 1544 damnatos
1190 1521 1262 1544 reos.
1293 1511 1476 1539 necessariam
1514 1515 1623 1535 causam
1649 1506 1809 1533 existimari.

1027 1561 1089 1590 llaec
1104 1565 1130 1588 et
1142 1560 1222 1595 hujus
1239 1558 1381 1586 sententiae
1395 1556 1445 1582 alia
1464 1561 1524 1581 eum
1543 1553 1681 1586 allegaret.
1698 1558 1811 1585 persua-

1026 1609 1061 1635 sit
1076 1606 1148 1641 quod
1162 1605 1280 1635 volebat,
1297 1603 1429 1637 siquidem
1449 1600 1486 1627 illi
1513 1598 1686 1626 conducibile
1702 1597 1727 1623 id
1758 1597 1809 1624 sibi

1026 1655 1148 1682 futurum
1162 1652 1222 1683 rati,
1237 1648 1398 1685 patriarcha:
1415 1648 1441 1674 in
1460 1646 1485 1674 id
1511 1646 1562 1672 iter
1587 1651 1700 1672 assensu
1727 1643 1811 1677 impe-

1028 1706 1109 1731 trato,
1125 1698 1216 1732 templi
1234 1696 1367 1730 refugium
1382 1694 1536 1727 relinquere
1551 1691 1640 1725 adque
1668 1690 1814 1722 imperato-

1029 1755 1083 1774 rem
1102 1753 1131 1773 se
1142 1744 1265 1772 conferre
1287 1743 1476 1770 decreverunt,
1490 1739 1570 1764 etiam
1588 1737 1651 1763 inde
1678 1735 1813 1762 allucente

1028 1798 1169 1821 successus
1188 1791 1212 1817 in
1231 1789 1277 1816 tali
1307 1787 1423 1814 consilio
1445 1792 1502 1820 spe,
1530 1784 1600 1819 quod
1628 1782 1693 1809 satis
1716 1780 1815 1807 intelli-

1029 1844 1122 1873 gerent
1139 1845 1171 1865 ea
1189 1837 1287 1872 qurein
1311 1835 1383 1869 ipsos
1409 1837 1462 1865 tam
1489 1832 1584 1858 acerbe
1613 1834 1671 1855 acta
1710 1832 1812 1857 cssrttl,

1029 1884 1137 1911 decreta
1160 1889 1220 1909 esse
1248 1880 1282 1907 ab
1312 1881 1475 1913 imperatore
1508 1876 1639 1904 arbitrato
1665 1873 1739 1899 utilia
1767 1871 1814 1897 illa

1029 1938 1088 1957 esse
1102 1926 1269 1955 etnolliendie
1290 1924 1396 1951 duritiei
1414 1922 1574 1957 patriarcha:
1587 1926 1613 1946 et
1639 1919 1814 1952 impetratum:

1031 1976 1064 2002 ab
1089 1982 1121 2002 eo
1134 1981 1191 2001 suae
1218 1972 1302 2006 ipsius
1331 1967 1558 1997 reconciliationis
1587 1972 1647 1993 cum
1681 1962 1814 1990 Ecclesia.

1031 2020 1129 2047 Statim
1147 2018 1241 2052 igitur,
1264 2018 1329 2043 bene
1343 2019 1470 2049 precante
1487 2012 1553 2047 ipsis
1568 2012 1593 2038 in
1613 2011 1735 2044 digressu
1771 2016 1815 2040 pa-

1031 2067 1150 2094 triarcha
1180 2069 1207 2092 ct
1226 2064 1295 2090 viam
1319 2062 1388 2088 votis
1419 2062 1610 2093 prosequente,
1642 2053 1818 2082 Thesaaloni-

1032 2121 1090 2139 cam
1108 2118 1201 2138 versus
1217 2109 1409 2144 profectionem
1426 2108 1615 2138 susceperunt,
1642 2102 1709 2134 Quid
1735 2107 1817 2134 porro

1033 2159 1108 2193 ipsis,
1123 2161 1265 2191 postquam
1296 2161 1328 2181 eo
1356 2155 1537 2188 pervenerunt
1567 2155 1594 2177 et
1626 2149 1815 2182 imperatorem

196 2214 280 2241 sionis
300 2219 326 2240 et
345 2210 546 2239 eottstrirtionis
566 2210 684 2244 ipsorum
695 2207 744 2234 sibi
761 2207 793 2235 ab
810 2215 842 2234 eo
865 2207 980 2241 impera-
998 2202 1018 2229 D
1033 2205 1166 2234 adieruut,
1181 2200 1336 2235 contigerit,
1353 2206 1405 2225 non
1422 2197 1500 2231 hujus
1516 2201 1558 2223 est
1587 2193 1717 2228 temporis
1735 2191 1820 2218 refer-

199 2268 242 2288 tae.
255 2260 322 2286 Nam
343 2266 376 2285 ue
395 2257 453 2285 illos
473 2257 542 2283 intra
563 2255 691 2289 templum
704 2258 828 2288 caperet,
849 2252 982 2279 sanctita-

199 2314 251 2334 tem
271 2307 321 2333 loci
346 2310 372 2331 et
389 2303 472 2338 228
491 2301 658 2330 occurrentis
683 2307 714 2326 ac
740 2298 894 2334 repellentis
931 2305 981 2332 pa-

201 2354 325 2380 triarchae
357 2351 546 2377 auctoritatem
585 2346 769 2382 prohibutsse,
803 2343 983 2379 plausibiliter

198 2405 371 2427 causatur-nm
387 2404 458 2424 sese.
480 2396 562 2422 Porro
594 2394 668 2427 ipsos
695 2397 789 2426 sponte
826 2390 983 2417 abdicantes

201 2444 310 2470 tutelam
326 2449 465 2469 sacrorum
478 2438 620 2474 adytorum
648 2442 677 2464 ut
707 2435 845 2463 couttttuni
872 2434 981 2461 dontin

198 2497 228 2516 se
243 2490 381 2519 sisterent,
398 2487 438 2513 fas
451 2486 521 2512 haud
543 2484 627 2511 fuisse
639 2483 687 2510 abs
701 2490 731 2510 se
750 2481 848 2515 cerripi
864 2480 985 2513 {darique

199 2536 227 2562 in
247 2537 365 2565 vincula,
393 2532 472 2559 facile
491 2530 615 2565 quemvis
634 2529 736 2560 videre,
757 2534 806 2554 nec
840 2527 986 2561 imperato-

199 2589 256 2609 rem
277 2580 472 2607 duhitaturum.
500 2576 608 2603 Plenam
646 2574 727 2609 igitur
758 2573 792 2600 ab
812 2580 841 2599 se
876 2571 984 2607 quidem

201 2629 259 2655 fore
273 2626 337 2660 ipsis
365 2625 537 2652 securitatem
552 2621 689 2649 inviolata:
711 2620 856 2651 libertatis,
870 2619 891 2646 si
914 2619 986 2651 quod

202 2671 331 2698 suadebat
348 2670 478 2696 facerent.
497 2667 604 2695 Nullum
625 2672 714 2693 autent
748 2666 781 2693 ab
811 2665 863 2691 alio
893 2664 987 2698 quovis

202 2717 374 2745 metuendum
398 2716 463 2750 ipsis
480 2722 540 2742 esse
561 2714 614 2740 tale
640 2713 789 2748 periculum
819 2712 988 2738 demonstra.

205 2765 264 2797 bal,
291 2764 331 2790 vel
359 2762 430 2797 quod
464 2765 536 2788 recta
570 2759 742 2787 tendentibus
767 2757 799 2784 ad
839 2757 988 2790 principem

205 2817 285 2836 nemo
295 2809 427 2836 facessere
442 2807 591 2834 molestiam
605 2806 728 2835 auderet,
750 2805 789 2831 vel
819 2803 881 2838 quia
901 2801 990 2830 decla-~

207 2861 266 2883 rato
281 2857 306 2883 in
329 2855 402 2889 ipsos
420 2853 580 2889 patriarchtc
601 2851 688 2886 palam
710 2850 878 2885 protegentis
897 2853 988 2882 patre-

1033 2258 1071 2277 re.
1091 2249 1225 2275 Cieterum
1242 2247 1326 2273 facilis
1340 2244 1514 2279 prudentibus
1529 2241 1687 2275 conjectura
1721 2245 1821 2272 sugge-

1033 2299 1074 2322 ret
1089 2294 1295 2327 haudquaquam
1310 2292 1367 2318 illos
1392 2290 1539 2324 quidquam
1554 2287 1647 2322 gratim
1664 2289 1710 2311 attt
1734 2284 1819 2311 bene-

1035 2341 1089 2367 ftcii
1105 2340 1186 2367 fuisse
1201 2340 1234 2365 ab
1261 2338 1423 2372 imperatore
1449 2339 1620 2369 accepturos,
1651 2332 1702 2359 nisi
1731 2338 1820 2364 quan-

1035 2393 1090 2414 tum
1115 2385 1263 2422 promereri
1291 2383 1463 2418 obsequendo
1486 2383 1633 2416 potuerunt
1671 2378 1821 2405 servientes

1035 2432 1170 2466 tempori;
1198 2431 1270 2457 unde
1297 2429 1409 2463 contigit
1434 2427 1516 2462 (quod
1544 2427 1569 2452 in
1603 2424 1697 2459 pritttis
1725 2423 1822 2448 avebat

1037 2478 1195 2513 imperator)
1214 2481 1288 2503 tanto
1303 2476 1387 2509 magis
1400 2474 1485 2501 solum
1503 2472 1616 2506 relinqui
1627 2469 1821 2505 patriarctiam,

1036 2523 1118 2559 229
1136 2524 1176 2550 Itis
1188 2529 1304 2557 quoque,
1323 2522 1402 2548 sicuti
1415 2520 1472 2554 jam
1488 2519 1533 2545 alii
1550 2518 1681 2545 fecerant.
1703 2518 1736 2542 ait
1755 2523 1820 2549 par-

1038 2575 1078 2597 tes
1097 2569 1267 2604 imperatoris
1291 2566 1504 2593 transeuntibus.

1132 2639 1177 2666 25.
1192 2638 1229 2665 De
1243 2637 1345 2664 sultane
1362 2634 1474 2661 Azatino
1491 2638 1513 2660 et
1531 2632 1562 2659 de
1578 2631 1715 2658 Tac/turis.

1074 2707 1246 2736 Besumeuda
1273 2713 1343 2732 nunc
1368 2709 1409 2732 est
1434 2702 1555 2730 narratio
1581 2709 1671 2728 rerum
1710 2700 1824 2727 sultauis

1039 2755 1155 2785 Azatiui,
1168 2755 1213 2788 qui
1231 2753 1314 2779 fatum
1335 2752 1411 2778 triste
1429 2756 1509 2784 atque
1526 2746 1674 2778 infaustum
1692 2747 1823 2780 quoddam

1041 2799 1231 2828 Macedonibus
1243 2798 1357 2830 exstitit,
1380 2797 1422 2824 aio
1440 2796 1521 2823 etiam
1543 2795 1713 2824 T-ltracibns;
1727 2797 1752 2817 et
1766 2799 1825 2825 quive

1043 2847 1107 2873 iiIEV‘d
1123 2851 1247 2878 saevaque
1273 2842 1362 2870 minax
1380 2846 1484 2869 cometa
1517 2841 1700 2874 portenderat.
1727 2842 1826 2866 ereum
