1936 3069
156 146 212 178 673

634 145 683 175 DE
702 142 896 174 MlClI.\El.E
918 139 1147 171 l’AL/EOLOGO
1169 139 1241 169 LIB.
1261 139 1319 169 111.

1729 135 1780 166 674

156 203 270 230 ἔκϐασιν
287 202 363 229 ἔθετο
381 203 515 238 προφανῆ.
539 202 657 233 Ἐκεῖνος
679 202 734 236 γὰρ
755 201 802 228 ἐπὶ
819 201 944 226 «πλεῖστον
959 202 982 229 Α
998 198 1102 232 γνύειν.
1118 197 1148 224 τὸ
1160 198 1283 231 κρεῖττον
1298 196 1345 230 τῆς
1359 195 1434 226 λείας
1446 195 1493 221 καὶ
1508 194 1588 221 αὑτὸν
1601 193 1782 229 διαφερόντως

154 251 188 284 τῇ
205 249 414 276 Κωνσταντινου
429 249 634 284 προστετηκὼς,
650 249 698 275 καὶ
709 247 844 283 ὁσημέραι
861 255 945 279 προσ-

155 295 244 321 δοκῶν
261 295 407 329 ἐπανήξειν
422 295 482 329 μεθ’
504 295 545 321 δτι
562 294 692 328 πλείστης
717 293 818 328 ἰσχύος,
839 291 900 318 ἐπεὶ
915 291 946 317 τδ

155 341 186 367 ἐν
199 341 306 368 ἐλπίσιν
321 341 482 374 ἀπέγνωστο
508 340 577 375 (ᾔδει
598 340 652 374 γὰρ
677 339 743 366 ἄλλα
765 338 809 364 τὸν
835 337 946 372 βασιλέα

159 387 435 421 πραγματευόμενον,
454 386 501 412 καὶ
518 386 547 412 τὸ
565 386 645 419 κῆδος
663 384 754 411 ἔπειθε
772 384 802 410 τὸ
819 383 886 417 πρὸς
900 382 946 408 τὸν

165 434 287 467 ’Δπαγᾶν
308 434 345 464 ὡς
363 432 456 459 οὐκέθ’
475 430 692 466 ὑποστρέψειεν),
718 428 805 464 εὑρὼν
825 429 864 463 τῷ
884 428 946 454 τότε

159 479 254 513 mpm
267 479 296 505 ὃν
313 480 329 512 ἡ
347 479 394 504 τοῦ
418 477 551 512 βασιλέως
566 477 683 504 ἀπουσία
697 476 791 503 δέοντά
805 475 829 501 οι
850 475 947 508 παρεῖμ-

160 527 218 559 χέν,
228 523 408 557 διαμηνύεται
422 523 476 549 τῶν
489 532 542 549 τινι
556 522 705 556 συγγενῶν,
719 520 833 555 ἐπιδὸξῳ
846 528 876 554 γε
889 519 946 546 ὄντι

159 570 231 595 κατὰ
248 569 281 595 τὰ
300 568 367 604 πρὸς
391 568 493 603 ἄρκτον
516 568 585 603 μέρη
612 566 660 593 τοῦ
686 566 813 598 Εὐξείνου
835 565 946 596 πόντου,

159 615 292 642 δυσωπῶν
308 614 446 648 ἐπαμῦναι
462 615 486 640 oi
504 614 625 648 ἀσιδήρῳ
650 612 850 647 πεφυλαγμένῳ
871 611 946 646 παρὰ

161 661 231 696 φίλῳ
245 661 282 695 τῷ
295 660 410 695 βασιλεῖ,
423 661 499 687 οὐδὲν
513 660 610 694 ἐχθροῦ
621 659 786 694 διαφέροντι.
800 656 876 684 Εἶναι
891 658 946 692 γὰρ

161 707 267 741 ἐκείνῳ,
284 708 309 733 εἰ
325 706 447 741 βούλοιτο
464 706 581 741 βοηθεῖν,
599 705 736 731 συνελθεῖν
751 703 946 738 Κωνσταντίνῳ

161 754 207 779 καὶ
225 752 376 778 σπεύδοντα
392 751 562 786 παροτρῦναι
584 750 653 785 πρὸς
679 750 727 784 τὴν
748 750 795 776 τοῦ
815 749 946 784 βασιλέως

159 797 294 824 ἐπίθεσιν.
308 798 363 823 Καὶ
377 797 458 823 αὑτὸν
468 797 496 823 δὲ
509 797 660 830 οἰκονομεῖν
672 796 736 830 παρ’
749 796 851 821 ἐκεῖνον
865 794 944 825 ἱέναι,

160 844 206 870 καὶ
223 843 310 874 οὕτως
331 843 429 878 ἐκείνῳ
448 843 562 869 συνόντα
578 843 643 877 ῥᾷον
664 841 725 868 καθ’
739 841 798 867 ὁδὸν
819 841 945 866 ἐκπεσεῖν

995 244 1156 278 ἀγομένους.
1172 241 1334 276 Μεμνῆσθαί
1354 248 1383 266 τε
1406 240 1566 273 συγγενείας
1586 239 1722 273 προτέρας
1735 239 1782 264 καὶ

995 288 1085 322 δόξης.
1102 289 1156 315 Καὶ
1173 289 1196 314 εί
1215 287 1252 322 μὴ
1263 286 1296 313 δι’
1308 286 1391 321 ἄμφω
1404 286 1454 311 καὶ
1470 285 1508 316 ὡς
1523 284 1643 318 συγγενῆ
1658 283 1782 309 σπεύδειν

995 333 1043 359 καὶ
1068 333 1106 363 ὡς
1125 331 1269 363 ἐλπίζοντα
1291 330 1509 365 μεταλαμὸἀνειν
1534 328 1615 354 πάλιν
1639 327 1674 353 τὰ
1697 325 1783 360 μείζω

996 377 1118 413 θαρρεῖν,
1135 376 1192 403 ἀλλ’
1207 374 1254 403 οὖν
1280 375 1313 402 δι’
1333 375 1362 401 ἓν
1383 375 1485 402 τούτων
1502 374 1576 407 ἄξιον
1596 373 1782 407 συμπράττειν

995 420 1137 455 οἷεσθαι,ῆ
1154 421 1192 452 ὼς
1208 421 1333 454 συγγενεῖ
1350 418 1526 454 βοηθοῦνταῆ
1545 418 1581 447 ὡς
1596 417 1683 443 εἰδότα
1715 425 1783 443 κατ-

996 465 1133 492 ελεοῦντα.
1155 465 1247 492 Ταῦτα
1258 465 1379 500 δηλώσας
1401 464 1440 499 τῷ
1457 464 1520 498 θείῳ
1546 464 1579 489 δι’
1608 462 1783 498 ἀπορρήτων,

996 513 1031 539 τὰ
1048 512 1130 539 πιστὰ
1144 512 1233 538 λαϐὼν
1251 511 1356 537 ἐκεῖθεν
1377 510 1421 537 διὰ
1445 509 1618 545 γραμμάτων
1636 517 1784 543 προσεποι-

997 559 1051 585 εῖτο
1065 558 1163 593 ἐφετὴν
1176 555 1244 583 εἷναί
1258 558 1282 583 oi
1299 556 1348 591 τὴν
1367 555 1497 591 βασιλέως
1525 555 1599 586 θέαν,
1624 554 1671 581 καὶ
1697 554 1785 588 γράμ-

998 612 1079 638 μασιν
1092 603 1186 637 ἐδήλου
1201 602 1240 637 τῷ
1256 602 1369 636 βασιλεῖ,
1386 602 1432 628 καὶ
1449 601 1569 627 ἱκέτευεν
1591 601 1694 634 ἐφεῖναι
1719 599 1785 634 παρ’

996 649 1099 675 ἐκεῖνον
1127 648 1270 683 γενέσθαι¹
1299 647 1359 673 οὐδὲ
1384 647 1438 681 γὰρ
1465 646 1564 672 ἀνεκτά
1586 646 1610 671 οι
1639 643 1708 671 εἶναι
1739 645 1785 671 ἐπὶ

995 695 1121 722 τοσοῦτον
1135 694 1299 730 ἐστερῆσθαι
1315 693 1365 727 τῆς
1382 692 1524 727 βασιλικῆς
1544 691 1641 725 δψεως.
1673 692 1703 717 Ei
1720 691 1785 724 γοῦν

997 741 1180 775 προστάσσοι·
1198 741 1221 766 ει
1236 740 1258 767 δ’
1276 738 1334 771 οὖν,
1352 739 1410 766 ἀλλ’
1424 739 1503 766 αὑτὸν
1520 739 1595 773 ἥξειν
1619 738 1665 764 καὶ
1689 737 1784 770 οὕτως,

996 786 1057 812 ἐπεὶ
1072 786 1153 817 πόθος
1164 786 1270 820 ἐπείγει
1293 786 1339 812 καὶ
1360 786 1496 818 τυραννεῖ.
1529 785 1621 810 Ταῦτα
1653 783 1746 818 μαθὼν
1772 785 1787 809 ὁ

998 832 1135 867 βασιλεὺς,
1153 832 1210 867 (καὶ
1225 832 1277 858 ποῦ
1295 832 1348 865 γὰρ
1361 833 1408 857 τὸν
1436 831 1510 857 δόλον
1535 829 1607 864 εἶχεν
1633 831 1754 856 ὑπονοεῖν
1766 830 1786 861 ;)

159 890 198 919 ei;
212 869 308 923 χεῖρας
321 869 446 919 ἐκείνοις,
465 888 489 913 si
507 869 587 922 μόνον
600 870 738 921 ⁸Τοχάροις
757 885 873 918 συνεξῐοι
889 885 946 920 ἆμα
961 869 984 899 Β
998 878 1043 904 διὰ
1066 879 1236 912 γραμμάτων
1262 877 1302 912 [Ρ-
1323 876 1385 911 1⁵41
1421 877 1530 911 ἐφίησιν
1557 875 1702 910 ἀφικέσθαι
1721 874 1786 923 πέρ’

159 934 358 969 Κωνσταντίνῳ
377 934 446 968 μετὰ
462 933 633 966 Βουλγάρων.
650 933 703 958 Καὶ
718 933 743 958 εί
761 933 810 964 μὲν
825 931 881 966 ἁλῷ
899 931 946 957 καὶ

158 981 240 1011 αὐτὸς
255 980 392 1015 βασιλεὺς,
413 979 446 1006 εὖ
467 978 536 1005 εἶναι
557 979 613 1010 τοῖς
636 978 862 1013 ὲπιθησομένοις·
881 978 903 1003 εί
924 976 947 1003 δ’

159 1025 217 1057 οὖν,
231 1027 299 1053 ἀλλὰ
313 1026 388 1052 λείαν
403 1024 635 1060 περ.6;ιλομένους
659 1024 788 1058 πλείστην
807 1024 883 1058 ὅσην,
907 1023 946 1049 ἔτι

159 1073 187 1099 δὲ
199 1073 249 1099 καὶ
265 1072 319 1099 τῶν
336 1072 383 1099 τοῦ
400 1071 533 1106 βασιλέως
547 1071 633 1097 πολλὰ
650 1070 783 1101 λαᾶόντας
797 1069 946 1101 ἐπαναςευ-

161 1160 318 1192 manifesto,
339 1161 458 1195 pernicie
476 1159 582 1194 publica
595 1159 722 1194 patravit.
739 1158 788 1186 llic
806 1163 945 1194 postquam

160 1205 207 1232 diu
235 1206 305 1239 apud
331 1204 596 1238 Constantinopolim
627 1205 737 1231 taadiosa
761 1204 947 1232 contabuisset

162 1258 248 1282 mora,
277 1250 303 1276 in
325 1250 383 1277 dies
405 1255 568 1284 exspectans
599 1251 690 1276 reduci
714 1257 742 1277 se
764 1257 824 1277 cum
851 1258 948 1285 tttaguo

162 1295 282 1322 exercitu
310 1295 337 1321 in
367 1294 514 1325 Persidem.
544 1295 590 1321 ubi
619 1301 679 1328 spes
705 1294 762 1328 ejus
798 1295 834 1321 rei
859 1295 948 1322 omnis

162 1342 301 1368 exstincta
317 1340 367 1374 ipsi
381 1340 504 1368 funditus
519 1345 572 1374 est,
597 1346 652 1368 tum
673 1341 750 1374 longa
778 1340 947 1368 inﬁnitarum

161 1385 368 1412 frustrationutn
383 1386 559 1420 experientia,
577 1391 631 1412 tum
659 1386 778 1413 maxime
798 1387 870 1421 quod
895 1395 948 1414 non

163 1431 302 1465 ignoraret
318 1431 382 1465 quid
409 1438 470 1458 cum
497 1432 553 1458 suis
575 1431 698 1458 hostibus
721 1432 790 1459 clam
821 1437 950 1460 tractaret

163 1477 320 1510 imperator,
335 1481 363 1504 et
389 1476 477 1504 fredus
503 1477 536 1503 ab
560 1480 593 1504 eo
625 1477 706 1504 iclum
730 1485 789 1504 Clllli
822 1479 949 1512 Apagane

163 1529 331 1558 compertum
359 1521 564 1555 baberet,unde
595 1525 662 1551 satis
688 1523 821 1552 intellexit
848 1524 947 1550 nullattt
964 1541 985 1569 ϐ

162 1570 213 1597 sibi
234 1569 362 1597 redettndi
381 1577 500 1604 unquam
529 1570 647 1603 amplius
670 1570 702 1597 ad
727 1570 854 1597 amissum
876 1570 950 1604 prin-

163 1617 282 1650 cipatum
309 1615 438 1650 reliqumn
465 1623 525 1643 esse
551 1616 675 1642 liduciam
709 1616 817 1645 debere.
856 1621 950 1643 nactus

164 1663 366 1690 accomodatam
394 1662 450 1689 suis
475 1662 626 1689 rationibus
649 1664 830 1693 occasionem.
851 1663 948 1690 absen-

165 1707 230 1734 tiam
251 1706 433 1741 imperatoris,
460 1706 557 1740 allegat
581 1706 663 1732 ﬁdutn
681 1706 729 1732 sibi
752 1708 887 1734 hominem
917 1708 950 1734 ad

164 1754 308 1789 quetndam
320 1761 334 1780 e
350 1754 470 1788 cognatis
483 1753 509 1779 in
531 1753 735 1787 scplettlrionuli
751 1753 846 1780 Euxini
873 1753 950 1780 Ponti

164 1805 254 1827 tractu
271 1804 475 1834 pra‘poteutem,
495 1807 577 1825 orans
590 1804 619 1825 ut
634 1800 683 1826 sibi
701 1800 858 1826 subveniret
880 1801 949 1827 citra

165 1845 266 1872 ferrum
286 1849 314 1871 et
329 1844 435 1871 vincula
463 1845 584 1871 custodia
602 1845 710 1871 detento
726 1845 760 1872 ab
786 1845 951 1879 imperatore

164 1891 254 1917 antire
271 1889 297 1916 in
314 1890 441 1923 speciem,
459 1896 551 1916 revera
566 1889 630 1916 nihil
651 1890 684 1916 ab
707 1890 784 1917 hoste
799 1891 950 1919 diﬁ'erenle.

165 1935 251 1963 Posse
262 1936 333 1962 enim
346 1935 420 1962 illum
435 1935 524 1968 facile,
539 1935 560 1962 si
575 1935 664 1967 vellet,
682 1936 804 1963 auxdlari
821 1937 871 1964 sibi
886 1945 952 1971 opes

165 1989 228 2008 cum
263 1979 440 2008 Constantino
476 1981 674 2015 conjungendo,
702 1985 728 2008 et
757 1983 827 2009 hunc
857 1988 952 2016 sponte

166 2031 320 2054 currentem
338 2027 477 2055 incitando
498 2028 531 2055 ad
565 2028 722 2055 irruendum
752 2028 899 2063 intprot'iso
924 2030 951 2057 in

167 2074 368 2108 imperatorem.
394 2074 459 2101 Sese
481 2074 567 2109 ipsum
580 2075 634 2109 jam
649 2074 675 2101 id
692 2081 783 2108 agerc,
801 2083 832 2102 ac
858 2083 953 2103 consc-

166 2125 292 2146 cuturum
313 2127 434 2153 sperare,
451 2124 480 2147 ut
493 2121 568 2148 adire
583 2121 774 2155 imperatorem
792 2122 842 2149 sibi
858 2122 949 2155 liceat,

150 2174 200 2211 3eo
213 2167 328 2193 consilio
340 2171 367 2193 ut
386 2174 503 2201 praasens
518 2174 578 2194 eum
598 2167 801 2194 dissimulanter
821 2168 847 2195 in
865 2169 952 2203 ,‘para-

998 925 1117 951 ἐκεῖνον·
1137 924 1201 950 ἰδεῖν
1219 924 1274 958 γὰρ
1294 924 1340 950 καὶ
1362 923 1488 953 δυτικοὺς
1504 922 1602 953 τόπους
1628 921 1786 955 ἐγγενέσθαι

997 970 1034 1001 oi,
1047 968 1094 1000 οὓς
1108 969 1158 995 οὐκ
1168 967 1202 1003 ἦν
1217 967 1283 1005 όρᾷν
1298 969 1362 995 κατ’
1376 968 1506 999 ἀνατολὰς
1521 968 1656 1001 διάγοντα.
1693 967 1721 993 Ὀ
1737 967 1786 1002 μὲν

997 1012 1044 1041 οὖν
1078 1015 1192 1041 σουλτὰν
1221 1015 1390 1050 ἐκχωρηθεὶς
1414 1015 1464 1049 τὴν
1489 1015 1580 1047 ἔξοδον
1616 1014 1785 1048 ἐπετάχυνε,

999 1060 1047 1087 καὶ
1075 1060 1178 1095 πλῆθος
1201 1061 1352 1096 χρημάτων
1377 1061 1466 1094 ἀφεὶς,
1491 1059 1574 1086 ἔτιδὲ
1590 1059 1637 1085 καὶ
1653 1060 1785 1093 γυναῖκας

998 1153 1126 1180 felicitate
1138 1153 1165 1179 in
1185 1160 1267 1186 quam
1294 1152 1429 1179 miseriam
1448 1156 1502 1178 tam
1530 1156 1588 1178 arta
1605 1151 1656 1186 ipsi
1686 1158 1786 1185 cogna-

999 1198 1081 1225 tionis
1100 1198 1298 1225 necessitudine
1315 1197 1458 1225 deviuctus
1479 1198 1603 1231 princeps
1622 1196 1779 1227 decidisset,

1000 1253 1130 1281 reputans
1147 1247 1333 1273 miseraretur.
1348 1246 1446 1278 Quodsi
1467 1246 1523 1272 hate
1540 1253 1634 1277 parum
1648 1248 1787 1270 moverent

1002 1293 1036 1320 ad
1052 1293 1202 1319 audemluttt
1217 1293 1287 1326 quod
1305 1292 1476 1324 snadebalur,
1489 1295 1516 1317 at
1530 1290 1645 1317 fructum
1657 1291 1787 1324 cogitaret

1000 1339 1063 1366 inde
1077 1339 1125 1374 ipsi
1141 1344 1335 1373 proventuram
1362 1339 1471 1364 uberem
1502 1337 1543 1364 vel
1563 1344 1689 1364 successu
1723 1336 1785 1363 bclii

1001 1385 1108 1412 lucroso
1124 1385 1296 1420 praetuiisque
1317 1383 1448 1415 victoritc,
1462 1383 1504 1410 vel
1518 1391 1532 1410 a
1553 1383 1658 1417 propria
1673 1382 1788 1417 gratitu-

1001 1430 1064 1457 dine
1083 1430 1124 1457 sui
1141 1431 1237 1464 ipsius,
1254 1434 1394 1463 postquam
1420 1436 1481 1455 sese
1509 1429 1534 1454 in
1554 1433 1654 1454 statum
1672 1428 1786 1454 lortume

1001 1476 1146 1511 pristinum
1182 1476 1345 1510 reposuerit,
1375 1474 1466 1501 munia
1494 1474 1630 1500 liberatori
1656 1474 1786 1501 debituri.

1002 1523 1063 1550 Haec
1083 1523 1104 1550 si
1127 1522 1287 1550 viderentur
1315 1522 1421 1549 inﬁrma
1447 1521 1564 1555 singula,
1589 1521 1669 1548 simul
1696 1526 1785 1547 lauti-II

1001 1568 1142 1603 conjuncta
1163 1568 1252 1595 omnia
1277 1568 1329 1594 vim
1347 1567 1446 1594 habere
1463 1567 1608 1593 maximam
1636 1567 1705 1599 apud
1728 1566 1786 1600 ejus

1001 1615 1120 1642 animum
1135 1622 1183 1648 par
1203 1622 1273 1640 esse.
1293 1614 1390 1647 Ageret
1405 1613 1498 1647 igitur,
1516 1618 1543 1640 et
1555 1612 1596 1639 vel
1623 1612 1786 1645 consangui-

1002 1661 1092 1688 nitatis
1107 1665 1229 1694 respectu
1243 1660 1341 1686 auxilio
1353 1659 1467 1690 veniret,
1487 1659 1527 1685 vel
1544 1658 1784 1690 suteinfclieitatis,

1001 1715 1080 1741 quam
1095 1708 1144 1741 ipsi
1160 1707 1290 1740 aperiret,
1307 1706 1401 1733 notitia
1419 1706 1529 1740 indigna
1547 1705 1679 1732 ferentem
1707 1705 1788 1731 mise-

1004 1753 1180 1781 raretnr.liis
1205 1761 1305 1780 arcano
1336 1752 1465 1786 expositis
1496 1756 1602 1785 patrno,
1637 1752 1788 1786 litterisque

1003 1801 1087 1834 ipsius
1102 1800 1202 1826 mutuis
1225 1807 1338 1827 aSSeusu
1364 1798 1449 1832 ipsius
1473 1798 1577 1832 ﬁdeque
1604 1803 1726 1831 accepta,
1752 1797 1791 1824 si-

1003 1847 1114 1873 mulavit
1129 1845 1284 1873 desiderare
1303 1853 1332 1872 se
1348 1844 1474 1878 majorem
1493 1844 1518 1870 in
1534 1844 1642 1870 tnodttm
1658 1850 1789 1876 ροιιμιιυε-

1004 1896 1058 1918 tum
1075 1891 1260 1925 imperatoris,
1278 1890 1303 1916 in
1320 1897 1434 1923 eamque
1458 1888 1619 1916 sententiam
1647 1888 1680 1914 ad
1703 1887 1790 1921 impr-

1003 1945 1120 1965 ratorem
1143 1937 1264 1971 scripsit,
1285 1944 1367 1963 orans
1394 1936 1474 1962 etiam
1492 1940 1573 1969 atque
1590 1934 1669 1961 etiam
1688 1939 1716 1960 ut
1738 1933 1788 1959 sibi

1004 1984 1171 2019 permitteret
1183 1983 1270 2017 ipsum
1286 1982 1369 2009 adire.
1384 1981 1475 2016 Neque
1490 1982 1563 2008 enim
1581 1980 1630 2007 sibi
1653 1979 1789 2007 tolerabile

1004 2032 1089 2060 videri
1106 2036 1181 2058 tanto
1198 2031 1253 2066 jam
1268 2035 1388 2064 tempore
1408 2037 1455 2056 usu
1470 2036 1502 2056 ac
1524 2030 1582 2056 visu
1607 2029 1705 2062 privari
1721 2027 1788 2054 cha-

1003 2078 1103 2105 rissimi
1118 2084 1198 2112 atque
1222 2076 1425 2104 honoratissimi
1447 2075 1498 2102 sibi
1517 2075 1646 2110 principis
1664 2083 1671 2101 :
1693 2075 1789 2109 jubere

1004 2124 1086 2157 igitur
1105 2122 1304 2157 quampritnntn
1323 2122 1481 2155 dignaretur
1501 2128 1531 2148 se
1547 2121 1655 2152 venire;
1670 2121 1711 2147 sin
1727 2127 1790 2153 gra-

1005 2169 1100 2196 tiﬁcari
1115 2169 1166 2195 hoc
1189 2168 1241 2195 sibi
1262 2167 1393 2198 diﬁ'erret,
1411 2166 1493 2194 sciret
1519 2169 1593 2192 tanta
1619 2173 1648 2192 se
1669 2166 1708 2192 uri
1730 2166 1788 2198 ejus

168 2218 210 2238 Ias
223 2219 270 2246 per
298 2212 367 2238 tiam
390 2212 502 2239 insidias
522 2212 681 2246 pra-cipitet.
717 2211 826 2240 Veniret
846 2218 948 2240 tantum
967 2211 988 2238 Ο
1003 2222 1094 2242 coram
1115 2213 1236 2241 intuendi
1255 2213 1413 2247 cupiditate,
1439 2217 1467 2237 ut
1493 2212 1537 2238 vix
1553 2211 1603 2238 sibi
1638 2217 1788 2246 temperare

146 2263 197 2285 -et
231 2259 343 2284 eductos
376 2265 468 2284 secum
499 2257 636 2285 Tocharos
674 2265 734 2285 cum
770 2259 954 2287 Constantino

168 2304 346 2338 Bulgarisque
360 2303 385 2330 in
405 2311 573 2330 communem
592 2303 790 2338 expeditionem
819 2305 954 2338 traheret;

169 2358 201 2375 ac
215 2349 236 2374 si
250 2349 370 2383 quidem,
388 2349 458 2383 quod
478 2355 591 2381 prottum
608 2354 718 2382 speratu
742 2350 893 2381 videbatur,
910 2358 955 2377 ca-

170 2401 280 2429 peretur
297 2395 452 2428 imperator,
471 2394 549 2421 facile
565 2402 698 2430 apparere
715 2401 845 2429 quantum
873 2396 956 2431 23o

169 2441 233 2468 inde
246 2441 376 2467 bonorum
394 2441 419 2467 in
442 2441 515 2475 ipsos
533 2441 741 2467 redundaturunt
757 2446 830 2468 esset
848 2449 854 2467 :
872 2443 912 2469 sin
929 2442 955 2469 id

171 2494 226 2513 non
255 2486 423 2517 succederet,
457 2491 532 2512 certe
562 2493 614 2512 non
643 2493 722 2520 posse
749 2487 864 2514 dubitari
890 2488 955 2522 quin

172 2533 402 2568 qumstuosissima
420 2532 471 2566 ipsi
491 2533 560 2559 foret
579 2533 629 2560 ista
644 2533 750 2566 militia,
771 2534 862 2568 utique
878 2535 958 2561 redu-

172 2585 250 2606 cturo
277 2587 308 2606 ex
335 2587 366 2605 ea
398 2579 490 2613 Copias
519 2583 632 2606 onustas
654 2579 742 2613 opima
769 2580 870 2614 prteda,
896 2588 957 2607 cum

174 2627 286 2652 altarum
305 2625 392 2652 omnis
407 2625 514 2659 generis
540 2632 641 2658 rerum,
672 2631 729 2653 tum
754 2632 903 2661 apparatus
925 2635 958 2654 ac

174 2670 351 2704 supellectilis
378 2671 568 2704 imperatoria,
583 2679 615 2698 ex
633 2671 730 2705 quibus
757 2673 883 2707 excipere
903 2673 957 2700 sibi

175 2716 430 2750 pra-stantissimum
445 2716 565 2751 quidque
581 2722 682 2752 posset,
699 2721 726 2745 et
740 2718 826 2752 ipsum
841 2726 958 2746 consan-

174 2762 299 2795 guineum
315 2761 461 2795 supplicent
480 2762 589 2796 indigna
605 2765 724 2790 custodia
739 2769 859 2798 ereptum
884 2766 958 2792 inco-

175 2806 274 2832 lunwm
299 2814 331 2833 ac
357 2807 470 2834 liberum
497 2815 557 2834 cum
585 2808 711 2843 pretiosis
739 2809 833 2843 spoliis
848 2808 957 2836 dotnttnt

175 2859 306 2888 recipere.
325 2851 597 2888 Meminissetprioris
613 2862 668 2882 sum
688 2855 791 2889 glorise,
811 2860 838 2883 et
853 2864 884 2883 ex
904 2863 957 2890 qua

1005 2265 1099 2295 posset
1118 2268 1132 2287 a
1149 2259 1316 2294 profectione
1333 2258 1402 2285 istuc
1421 2257 1521 2291 injussu
1550 2259 1695 2289 tentanda;
1715 2258 1788 2291 quod

1004 2307 1026 2334 si
1043 2306 1253 2341 faceretlignosci
1267 2313 1371 2339 aequum
1386 2304 1455 2336 l'ore,
1472 2304 1641 2339 tyrannicam
1657 2311 1717 2330 esse
1734 2303 1786 2329 vim

1005 2353 1145 2385 desiderii,
1174 2357 1201 2379 et
1213 2355 1363 2385 'erttmpere
1391 2351 1548 2385 plerumque
1575 2349 1643 2375 ttltra
1675 2348 1789 2376 rationis

1006 2404 1087 2433 atque
1101 2398 1210 2425 humani
1237 2397 1342 2424 arbitrii
1366 2396 1522 2431 prmscripta
1542 2395 1645 2422 frenum
1661 2395 1790 2421 eluctatus

1006 2444 1064 2479 ejus
1080 2444 1206 2478 impetus.
1220 2443 1267 2470 llis
1280 2443 1428 2476 imperator
1439 2441 1568 2476 acceptis,
1583 2448 1631 2467 nec
1644 2441 1788 2475 quidquam

1007 2491 1041 2518 de
1056 2489 1170 2517 occultis
1184 2497 1253 2523 quas
1269 2489 1390 2516 diximus
1411 2487 1658 2515 machinationibus
1668 2487 1791 2521 suspica-

1008 2542 1062 2568 tus,
1085 2536 1224 2570 rescripsit
1252 2536 1406 2562 bumaniter
1429 2534 1570 2568 indulgens
1595 2532 1693 2560 sultani
1720 2533 1790 2567 quod

1007 2583 1125 2617 petebat,
1145 2582 1214 2608 ultro
1230 2581 1293 2615 qttio
1310 2581 1392 2607 etiam
1418 2580 1537 2606 invitatis
1562 2580 1594 2606 ad
1620 2580 1790 2606 occasiOuem

1009 2628 1191 2662 usurpandam
1217 2627 1320 2654 visendi
1349 2626 1503 2660 provincias
1521 2631 1548 2652 et
1577 2624 1657 2652 urbes
1677 2624 1791 2652 Occidui

1010 2679 1122 2706 tractus,
1137 2681 1251 2707 quarunt
1271 2680 1406 2707 nttnquatn
1433 2672 1574 2704 hactenus,
1601 2671 1700 2705 quippe
1720 2678 1793 2698 sem-

1008 2727 1056 2754 per
1081 2724 1200 2745 tnoratus
1215 2719 1241 2744 in
1264 2717 1387 2750 Oriente,
1416 2725 1506 2744 corattt
1523 2721 1550 2744 et
1581 2724 1631 2744 usu
1663 2717 1790 2751 praesenti

1009 2765 1257 2800 cognoscendarum
1274 2765 1350 2797 copia
1367 2764 1419 2798 ipsi
1438 2764 1604 2798 contigisset.
1617 2763 1676 2790 Non
1687 2763 1793 2790 distulit

1010 2812 1100 2839 sultan
1130 2818 1259 2839 concessa
1289 2810 1366 2845 231
1389 2810 1426 2836 uti
1463 2810 1601 2842 facultate,
1623 2810 1670 2836 sed
1692 2809 1791 2842 statim,

1011 2859 1131 2892 pecuniae
1144 2865 1240 2894 magna
1254 2857 1279 2885 vi
1309 2864 1444 2892 opumque
1467 2861 1639 2889 exterarum,
1660 2857 1795 2897 uxoribus
