1936 3069
217 101 269 129 675

825 102 983 132 GEORGII
1007 101 1242 131 I‘ACIlYalEllJi

1782 102 1831 132 ῦτῦ

210 159 262 185 καὶ
277 159 359 185 τέκνα
377 159 424 184 καὶ
439 158 555 192 ἀδελφὴν
570 159 614 184 καλ
633 158 749 194 μητέρα,
764 158 792 185 τὸ
810 160 857 193 μὲν
875 159 994 185 ἐπιλύων
1011 157 1033 183 Α
1048 158 1130 184 Ταῦτ’
1141 159 1194 193 ἄρα
1209 159 1254 185 καὶ
1267 159 1324 194 ειμι
1344 159 1393 193 μὲν
1407 160 1421 186 ὁ
1445 159 1569 195 βασιλεὺς
1593 140 1661 193 πρὸς
1687 159 1736 195 τὴν
1755 160 1830 186 πόλιν

210 205 260 239 τὴν
276 204 401 238 ὑποψίαν,
420 203 449 229 τὸ
463 204 490 230 δὲ
508 205 553 229 καὶ
567 204 601 229 τὰ
625 203 748 236 ἐμποδὼν
765 204 910 237 ὐποτεμεῖν
935 203 995 238 ἄρι-

215 259 276 275 στον
292 249 382 282 γνοὺς,
398 248 480 279 ἕξειτι
499 257 546 274 συν
556 250 612 278 τοῖς
627 248 737 278 οἰκείοις
750 248 799 281 τῆς
820 249 934 279 πόλεως,
949 248 995 273 καὶ

211 294 555 329 κει-αλαϐεἰντὸνβχσιλέα
568 294 705 328 ἠπείγετο.
736 294 766 318 '0
792 294 819 319 δέ
844 302 875 326 γε
902 293 994 328 ῥηθεὶς

212 341 280 368 (λεῖος
294 341 396 366 ἐκείνω
411 342 483 373 παρὰ
498 341 543 365 τὴν
553 340 663 374 βκσιλέα
681 339 841 373 Βουλγάρων
855 340 996 364 Κώνσταν-

211 391 280 415 τῖνον
296 388 422 421 γεγονὼς,
442 388 456 422 ἢ
475 387 574 420 μᾶϋον
589 386 637 421 τὴν
666 387 769 413 ἐκείνου
795 386 919 419 σύζυγον,
946 385 995 416 τὰς

212 435 280 460 κατὰ
310 433 440 468 βασιλέως
481 432 620 466 ὑποθήκας
654 432 804 466 προτείνων
832 433 878 457 καὶ
911 431 994 457 πάλαι

212 479 483 515 παρακεκινημένους
498 479 599 504 ἔπειθε.
622 479 676 504 Καὶ
689 478 720 512 δὴ
736 478 846 512 πέμψεις
872 486 993 511 μετακα-

209 527 295 552 λεῖται
311 526 410 560 πλῆθος
424 526 551 559 Τοχάρων
566 525 602 556 dt;
620 525 818 559 κερδανοῦντας
834 525 943 555 αὐτίκα,
969 524 993 550 εί

209 572 343 604 ὲπεξίυιεν
359 572 405 605 εἰμ’
422 571 495 605 αὐτῴ
507 571 554 597 καὶ
570 570 742 604 Βουλγάροις.
755 570 786 596 Οἱ
803 570 831 595 δὲ
848 570 894 595 καὶ
908 569 995 599 ἄλλως

209 619 307 651 πλῆθος
333 617 407 648 ὕντες
432 617 577 649 αὐτόνομον
603 615 642 642 ἔτι
662 615 748 650 (οὔπω
768 615 822 650 γὰρ
844 615 942 645 τελέως
956 613 995 648 τῷ

208 664 284 698 Νογᾷ
296 663 354 689 καθ’
370 663 503 697 ὑπηκόους
517 662 698 696 ὑποτετάχατο
713 669 719 676 ·
737 661 750 687 ό
765 661 817 695 γὰρ
831 661 921 693 Νογᾶς
934 660 993 685 τότε

209 710 322 744 πρώτως
336 708 498 734 ἀποστατεῖν
511 707 565 734 τῶν
580 707 715 734 δεσποτῶν
737 707 835 742 ἤρχετο
853 707 899 733 καὶ
919 708 994 741 φίλος

207 753 241 789 ἦν
255 754 313 780 κατ’
332 754 429 784 αὐτοὺς
446 755 473 779 ὲν
488 753 537 786 ῐσῳ
557 754 668 788 διάγων,
695 754 735 779 ὅτι
750 754 796 779 καὶ
825 753 882 787 μετ’
906 753 995 779 αὐτῶν

196 800 368 833 ,ἀποσταλεὶς
398 800 461 833 παρ’
489 800 598 826 ἐκείνων
625 801 655 826 οὐ
685 800 724 834 τῷ
744 801 836 834 Κάνῃ,
862 799 899 830 ὡς
918 799 994 825 αὐτοὶ

207 849 297 882 φαῖεν,
318 847 365 878 τὰς
380 847 470 882 χώρας
489 847 595 875 ἐκτᾶτο.
612 845 668 871 ἀλλ’
693 845 831 878 ἀρετώτας
855 845 916 871 ἰδὼν
932 846 995 872 ἐαυ-

206 895 246 930 τῷ
272 896 320 920 σὺν
348 893 462 923 ἐκείνοις
489 891 686 926 ὲσφετερίζετο)
711 891 758 924 ἅμ’
778 890 920 920 ἀκούοντες
934 890 993 916 τότε

207 940 346 970 ἔσπευδον,
361 938 436 972 δίκην
447 937 535 964 κυνῶν
547 937 651 970 ἀγαθὰς
671 937 764 971 χώρας
781 935 994 969 χχτατρινξείον-

206 996 262 1016 τες.
281 985 378 1012 Ἔτιδε
393 985 438 1011 καὶ
458 984 488 1010 τὸ
506 984 583 1018 κῆδος
598 983 628 1009 τὸ
645 984 712 1017 πρὶς
739 983 830 1016 Νογᾶν
858 983 934 1008 οὔπω
958 980 993 1016 ἦν

210 1031 354 1062 συνεστὼς,
384 1031 450 1065 ὅπερ
478 1031 546 1064 μετὰ
570 1029 656 1055 ταῦτα
678 1030 723 1054 ἐπὶ
748 1029 815 1063 νόθῳ
828 1029 942 1062 θυγατρὶ
959 1031 992 1064 τῇ

207 1078 367 1113 Ιίὺφροσύνῃ
387 1078 400 1103 ὀ
416 1076 522 1111 κρατῶν
538 1076 605 1110 πρὸς
621 1076 721 1102 ἐκεῖνον
734 1075 828 1109 ἔμελλε
853 1076 992 1110 συνιστᾷν.

206 1171 334 1202 przrlcrca
351 1167 496 1202 liberisque
511 1175 570 1194 cum
588 1176 681 1195 sorore
699 1176 729 1194 ac
747 1173 833 1194 matre
858 1167 993 1194 Constan-

207 1214 314 1247 tinopoli
333 1213 443 1245 relictis,
461 1213 549 1240 itineri
569 1221 597 1240 se
616 1214 698 1240 dedit.
714 1214 861 1240 Tantorum
895 1214 991 1247 pigno—

206 1266 264 1285 rum
281 1259 315 1285 ibi
335 1259 558 1285 dintittemiorum
580 1267 660 1286 causa
674 1259 709 1286 illi
735 1259 786 1286 fuit
803 1260 900 1293 partim
925 1267 990 1286 cttra

209 1304 312 1331 celandi
327 1312 386 1338 quin
406 1305 539 1338 coquebat
553 1305 651 1335 animo,
665 1311 690 1332 ct
707 1313 814 1332 omnem
831 1313 844 1331 a
861 1314 889 1332 se
903 1306 992 1339 suspi-

201 1352 312 1379 cionem
334 1351 492 1381 atttolieudi,
506 1351 603 1384 partint
630 1343 748 1385 prudens
769 1358 856 1379 metus
877 1360 909 1378 tte
936 1359 988 1380 non

206 1397 272 1423 satis
294 1396 436 1429 expeditus
458 1400 529 1423 esset
555 1396 587 1422 ad
605 1404 635 1422 ea
665 1404 725 1430 qua:
754 1397 942 1429 meditabatur,
967 1397 990 1424 si

206 1442 447 1468 tantis-charorum
464 1441 583 1476 capitutn
601 1441 741 1468 all'ectibus
762 1447 787 1468 et
811 1444 989 1476 prctiosarum

206 1488 374 1515 sarcinarum
407 1488 605 1522 impedimentis
635 1490 831 1522 implicaretur;
868 1488 906 1514 lta
945 1488 989 1516 ille

197 1541 266 1560 vcttvn
284 1533 409 1561 familiari
425 1534 552 1561 comitatu
570 1542 695 1569 egressus
711 1536 776 1561 urbe
792 1536 824 1560 ad
845 1536 989 1568 imperato—

197 1589 262 1608 .rem
280 1580 436 1608 festinabat.
451 1580 559 1608 lttteriut
579 1586 670 1608 aulctu
687 1582 745 1616 ejus
757 1587 868 1615 patruus
885 1580 989 1615 profec-

197 1631 248 1653 vtus
270 1628 303 1653 ad
316 1626 523 1653 Constantinum
541 1625 716 1660 Bulgaroruut
740 1634 840 1660 regem.
860 1634 921 1653 cunt
950 1627 986 1658 ei,

196 1677 261 1698 .lum
280 1671 448 1706 potissimum
461 1671 519 1706 ejus
537 1671 645 1706 conjugi
665 1671 777 1698 consilia
796 1672 848 1698 sibi
861 1677 987 1705 suggesta

205 1717 376 1752 imperatoris
406 1717 549 1744 invadendi
581 1718 809 1748 comtttutticavit;
842 1723 869 1743 et
897 1717 986 1749 facile,

203 1764 266 1790 olim
280 1762 403 1789 videlicet
414 1770 446 1790 eo
458 1764 664 1797 propemlettles,
674 1770 728 1795 quo
742 1762 846 1789 volebat
860 1762 986 1796 perpttlit.

203 1808 263 1842 Ipse
277 1808 369 1834 statim
384 1809 465 1834 certis
479 1807 633 1834 hominibus
654 1808 795 1834 submissis
811 1815 935 1842 maguum
952 1809 987 1834 ad

203 1861 233 1881 se
259 1852 444 1880 Tocltaroruut
472 1861 614 1879 numerum
641 1854 774 1880 evocavit.
805 1852 860 1880 Nec
880 1853 988 1881 dilﬁcile

203 1899 255 1927 fuit
282 1900 408 1934 pellicere
434 1907 482 1934 spe
511 1900 670 1926 ostentanda
697 1901 813 1934 ingentis
840 1908 872 1927 ac
900 1901 987 1935 parati

203 1947 282 1977 lucri,
298 1947 319 1972 si
339 1946 475 1979 eottjuncti
495 1945 616 1980 Bulgaris
636 1946 784 1980 prtedatuut
800 1947 825 1974 itt
852 1947 987 1974 Romano-

202 1999 263 2018 rutn
289 1996 375 2018 terras
403 1991 520 2018 exirent.
538 1990 724 2018 Tocltarorum
750 1999 891 2020 numerosa
922 2000 987 2028 gens

203 2042 268 2064 tunc
288 2038 376 2064 adhuc
389 2037 431 2064 sui
447 2037 517 2072 juris
533 2043 592 2064 erat
609 2045 615 2062 :
632 2038 751 2064 nomium
771 2039 842 2065 enim
860 2047 921 2065 eatn
934 2041 984 2067 sibi

202 2084 281 2116 plene
296 2084 369 2118 Nega
385 2085 548 2119 subjeccrat.
564 2083 613 2111 llic
631 2083 754 2111 videlicet
768 2084 840 2118 Noga
855 2086 987 2114 rebellare

203 2135 268 2157 tunc
286 2130 400 2165 primum
416 2135 443 2156 ct
468 2129 637 2156 dominorum
652 2129 746 2164 jugum
776 2136 902 2159 excutere
921 2132 973 2159 ittci

1046 205 1079 230 τὰ
1094 205 1162 231 κατὰ
1172 206 1246 231 δύσιν
1264 205 1411 241 περιελθὼν
1424 207 1536 232 ἐνέτεινε
1552 206 1600 237 τὰς
1618 206 1704 238 ὁδοὺς,
1728 206 1784 240 ἅμα
1807 205 1829 232 δ’

1047 252 1143 276 ἐκεῖνοι
1169 251 1297 285 ἐξαίφνης
1322 252 1540 286 καταδραμόντες
1563 252 1611 278 σὺν
1635 253 1829 287 Κωνσταντίνῳ

1046 297 1094 327 τὰς
1105 296 1256 331 δυσχωρίας
1281 297 1328 323 τοῦ
1349 298 1435 332 Αἴμου
1462 298 1647 329 διεκπαίοντες
1675 298 1830 333 παμπληθεὶ

1046 343 1168 377 φανερῶς
1196 343 1460 377 ἐστρατοπεᾶεύοντο.
1489 344 1545 370 Οὐκ
1575 341 1608 378 ἦν
1631 343 1659 369 δὲ
1689 343 1791 374 τούτοις
1813 344 1829 377 ἡ

1047 388 1169 420 σύνταξις
1184 389 1232 422 μία
1244 389 1289 414 καὶ
1301 389 1342 423 ἐφ’
1355 390 1393 415 ἑνὶ
1406 389 1480 424 τόπῳ
1501 390 1630 423 κυροῦσα.
1650 389 1707 415 ἀλλ’
1733 389 1829 423 ἀγελη-

1045 434 1088 459 Si»;
1105 435 1164 460 κατ’
1186 435 1319 468 οὐλαμοὺς
1344 435 1543 466 ὲσκεδάννυντο,
1557 436 1615 461 -καὶ
1639 435 1710 461 κατὰ
1737 435 1830 469 λόχους

1046 478 1103 513 ἅμα
1116 481 1169 510 τοῖς
1184 479 1273 510 ἄλλοις
1286 480 1478 514 προσέϐαλλον,
1490 481 1537 506 καὶ
1549 480 1622 506 δεινὰ
1636 480 1751 513 ἐποίουν,
1769 489 1830 506 σκυ-

1046 523 1178 557 λεύοντες,
1199 525 1371 558 σφάττοντες,
1384 526 1567 560 ἀπαγόμενοι,
1593 526 1667 552 οὐδὲν
1694 526 1707 549 ὅ
1737 535 1762 551 τι
1794 526 1830 560 μὴ

1045 569 1208 604 πράττοντες
1232 569 1286 596 τῶν
1309 570 1411 598 κακῶν.
1436 570 1465 597 Ὀ
1490 571 1580 605 μέντοι
1603 580 1634 604 γε
1663 571 1788 604 βασιλεὺς
1799 571 1831 597 τὰ

1046 617 1106 642 κατ’
1120 617 1218 648 αὐτοὺς
1233 618 1270 648 ὡς
1286 617 1358 648 εἰκὸς
1373 618 1492 649 ἀκούσας
1513 619 1585 653 (οὐδὲ
1605 618 1658 653 γὰρ
1677 618 1763 653 λάθρα
1786 618 1830 645 καὶ

1046 662 1261 696 πεφυλαγμένως
1279 663 1328 695 τὰς
1346 664 1469 695 είσῦολὰς
1483 664 1633 696 ἐποιοῦντο,
1660 665 1727 691 ἀλλὰ
1754 664 1830 699 δίκην

1046 706 1132 742 πυρὸς
1149 707 1245 742 ἀγρίου
1263 708 1307 734 διὰ
1319 709 1424 743 ταχέων
1442 709 1488 735 τὴν
1500 709 1588 744 χῶρον
1603 709 1710 736 ἅπαντα
1723 709 1831 743 διελάμ-

1046 752 1148 787 ϐανον),
1173 754 1222 785 τὰς
1249 755 1348 788 φρένας
1366 755 1552 786 κατασεισθεὶς
1580 755 1676 790 ἁθρόον
1701 756 1830 781 ἐπεισπε-

1046 799 1144 834 σούσης
1167 799 1218 832 τῆς
1244 800 1348 834 φήμης,
1375 800 1405 826 ἐν
1432 800 1572 835 ἀμηχανίᾳ
1600 800 1714 835 παντοίᾳ.
1728 800 1774 826 τοῦ
1788 801 1833 827 ποῖ

1045 845 1176 878 τράποιτο
1191 842 1234 879 ἦν.
1250 844 1319 870 Οὔτε
1339 846 1393 879 γὰρ
1411 843 1445 880 ἦν
1463 845 1596 880 μάχεσθαι
1617 845 1830 880 συνταξάμενον·

1045 890 1074 915 αἱ
1088 890 1140 924 γὰρ
1154 890 1282 924 δυνάμεις
1298 890 1511 925 προδιελύοησαν
1528 890 1568 922 είς
1583 891 1617 917 τὰ
1630 890 1692 922 ἴδια,
1706 891 1754 917 καὶ
1773 891 1830 925 μετ’

1044 934 1140 968 ὀλίγων
1151 935 1253 966 ἐκεῖνος
1268 936 1314 962 καὶ
1326 936 1379 962 τῶν
1389 937 1448 971 ιτῆς
1465 937 1576 967 αὐλαίας
1590 936 1672 963 αὑτοῦ
1687 936 1832 968 ὲπανεζεύ-

1044 988 1104 1014 γνυ,
1120 980 1165 1006 καὶ
1180 981 1266 1012 ἄλλως
1283 981 1312 1007 δὲ
1330 982 1459 1016 ἀμάχητα
1479 982 1545 1017 πρὸς
1563 981 1714 1016 Ῥωμαίους
1730 983 1764 1009 τὰ
1777 983 1831 1008 τῶν

1044 1026 1181 1061 Τοχάρων.
1210 1027 1280 1054 Οὔτε
1309 1027 1362 1062 μὴν
1383 1029 1495 1062 φεύγειν
1523 1029 1636 1056 εὐώδει·
1666 1029 1757 1064 κύκλῳ
1777 1029 1829 1064 γὰρ

1044 1070 1086 1106 [Ρ.
1110 1071 1172 1108 ίῦὅ]
1185 1073 1351 1108 διειληφότες
1365 1074 1412 1099 καὶ
1426 1074 1601 1109 περισχόντες
1617 1073 1652 1100 τὰ
1665 1073 1830 1109 ὀχυρώματα

1043 1158 1208 1196 contp‘ositis,
1229 1164 1280 1190 iter
1305 1164 1468 1198 capessivit;
1484 1170 1510 1191 et
1538 1164 1573 1191 illi
1590 1164 1623 1191 de
1641 1165 1738 1198 quibus
1761 1165 1832 1192 dtxi-

1044 1218 1115 1241 mus,
1130 1209 1230 1244 junctis
1243 1219 1307 1238 cuin
1339 1211 1520 1239 COI‘Sltllilillo
1540 1211 1635 1246 copiis,
1659 1217 1766 1245 repente
1782 1220 1829 1244 per

1043 1256 1133 1283 invias
1146 1263 1310 1291 asperasque
1324 1255 1406 1282 Ηωιιιί
1425 1257 1541 1283 saltuum
1560 1265 1590 1283 ac
1608 1257 1724 1283 lanciunt
1745 1265 1830 1290 angu-

1042 1302 1110 1329 stias
1131 1301 1231 1335 ingenti
1248 1302 1420 1329 ntultitttditte
1441 1303 1624 1337 populabundi
1644 1309 1827 1336 erumpentes,

1042 1348 1131 1382 palam
1155 1355 1184 1375 se
1209 1348 1302 1375 hostes
1329 1347 1515 1381 declararunt,
1538 1349 1635 1376 castris
1658 1349 1684 1376 in
1709 1349 1827 1376 llomaua

1044 1398 1115 1420 terra
1129 1394 1233 1427 positis.
1262 1393 1319 1420 Non
1335 1398 1395 1420 erat
1418 1398 1506 1420 autem
1533 1402 1583 1420 una
1601 1402 1693 1421 eorum
1718 1402 1826 1427 tuanus,

1043 1446 1130 1474 neque
1151 1440 1196 1466 utti
1231 1440 1332 1474 pariter
1361 1447 1456 1467 omnes
1480 1440 1657 1474 imminebant
1679 1441 1749 1474 loco,
1779 1442 1827 1469 sed

1044 1486 1173 1521 gregatim
1193 1494 1240 1520 per
1252 1485 1378 1513 cohortes
1392 1492 1438 1513 aut
1460 1488 1612 1521 manipulos
1636 1487 1828 1523 dispergeban-

1046 1538 1097 1563 tur.
1115 1537 1141 1558 et
1154 1532 1258 1559 ittsidiis
1279 1533 1370 1559 multis
1387 1532 1467 1559 sitnttl
1482 1533 1548 1560 locis
1569 1533 1641 1560 varie
1661 1535 1758 1567 positis
1775 1543 1827 1562 uno

1041 1577 1131 1604 omttia
1146 1582 1267 1610 tempore
1290 1577 1464 1610 infestabant,
1482 1578 1640 1612 spoliantes,
1665 1583 1825 1612 mactantcs,

1042 1621 1208 1650 abducentes
1222 1622 1325 1655 obvios,
1341 1622 1441 1648 nullum
1454 1630 1506 1649 non
1521 1625 1621 1657 passim
1645 1623 1767 1650 barbarae
1784 1632 1829 1650 ra-

1042 1667 1168 1701 pacitatis
1195 1675 1227 1694 ac
1252 1668 1422 1696 crudelitatis
1444 1669 1556 1697 edentes
1576 1670 1739 1704 eremplutn.
1767 1670 1828 1698 Non

1043 1713 1130 1748 potuit
1145 1721 1199 1740 tton
1225 1713 1317 1740 statim
1344 1713 1401 1740 hate
1426 1714 1519 1741 audire
1548 1714 1705 1748 imperator,
1735 1716 1830 1750 utique

1041 1767 1101 1786 cum
1115 1759 1160 1787 isti
1175 1767 1227 1786 ttou
1241 1759 1446 1786 dissimulanter
1464 1765 1510 1786 aut
1524 1760 1674 1787 clanculum
1689 1761 1736 1788 ltas
1751 1769 1830 1796 gras—

1041 1806 1162 1834 sationes
1190 1811 1360 1837 exercerent,
1389 1807 1436 1833 sed
1466 1806 1550 1835 libere
1576 1815 1606 1834 ac
1631 1808 1721 1842 palam
1752 1817 1829 1837 more

1042 1852 1112 1887 ignis
1127 1852 1277 1881 luculenter
1292 1852 1436 1879 emicantis
1456 1857 1484 1879 et
1503 1853 1610 1880 cunctis
1624 1860 1684 1888 quae
1701 1853 1726 1880 vi
1754 1861 1828 1882 satira

1041 1898 1280 1932 comprehenderit
1295 1898 1398 1926 arentis
1420 1898 1495 1925 silvae
1520 1899 1644 1933 partibus
1661 1906 1830 1933 exsuperan-

1042 1949 1094 1972 tem
1119 1944 1173 1972 alte
1208 1945 1345 1972 ﬂammam
1379 1946 1545 1973 ostentantis
1571 1947 1677 1980 procul.
1697 1947 1828 1975 Ardentis

1041 1991 1123 2025 igitur
1139 1991 1285 2025 improviso
1302 1992 1354 2018 isto
1379 1991 1506 2020 incendio
1522 1992 1655 2020 universa:
1670 1993 1724 2020 late
1739 1994 1830 2028 regio-

1041 2037 1084 2064 nis
1099 2037 1198 2071 raptim
1214 2037 1247 2064 ad
1269 2037 1460 2071 imperatorem
1481 2037 1592 2066 evolans
1616 2038 1686 2065 fama
1712 2040 1829 2074 perculit.

1040 2082 1214 2109 vehementer
1228 2081 1287 2116 ejus
1301 2082 1432 2114 auimunt,
1457 2087 1484 2110 et
1501 2083 1527 2109 in
1543 2090 1654 2118 magnos
1671 2091 1732 2111 eunt
1751 2087 1829 2119 cogi-

1042 2129 1172 2155 tationum
1204 2133 1286 2155 aestus
1308 2129 1501 2163 angustiasque
1530 2129 1656 2163 coajecit.
1682 2129 1831 2159 Nesciebat

200 2176 304 2210 piebat,
337 2176 416 2202 amici
446 2175 630 2202 familiaritate
667 2183 728 2202 euttt
767 2176 898 2204 militibus
931 2177 988 2205 suis
1005 2175 1103 2210 unid
1119 2176 1224 2203 consilii
1250 2181 1360 2210 caperet
1385 2184 1474 2210 quove
1493 2184 1522 2204 se
1543 2181 1671 2204 verteret.
1693 2177 1753 2205 Non
1768 2185 1830 2206 erat

201 2221 334 2248 Tocltaris
349 2227 376 2248 et
395 2221 548 2255 atqualitate
574 2220 646 2248 civili
679 2222 782 2254 vivens,
808 2224 899 2250 socios
925 2231 990 2252 tunc

193 2269 263 2296 .illos
281 2268 441 2296 defectionis
458 2269 558 2296 habere
578 2274 720 2296 contentus
737 2278 744 2296 :
771 2278 832 2297 nam
847 2279 907 2298 cum
925 2272 990 2306 ipsis

200 2316 316 2346 missus,
335 2323 416 2350 opera
442 2316 548 2342 illorum
568 2315 695 2343 subactas
717 2316 785 2343 bello
799 2318 921 2350 regiones
936 2325 987 2344 non

201 2362 270 2388 (iani
300 2362 459 2396 (prlllcipt'm
489 2361 526 2388 illi
540 2362 579 2388 sic
612 2361 720 2396 vocant)
747 2363 914 2396 acquirebat,
941 2363 987 2390 sed

192 2409 301 2437 ,nlteres
318 2412 399 2442 atque
411 2408 518 2440 opimas
546 2407 604 2435 illas
618 2415 678 2435 esse
710 2413 794 2434 terras
816 2409 988 2436 auintadVer-

198 2460 260 2482 tcns
281 2462 329 2482 suo
341 2455 450 2489 proprio
475 2459 556 2488 atque
579 2454 686 2482 illorum
716 2455 852 2482 oblittehat
866 2456 985 2484 nomine.

202 2500 236 2526 ili
256 2506 319 2527 tunc
331 2501 432 2532 atmita,
454 2508 534 2535 quam
547 2500 675 2534 diximus,
693 2501 853 2528 invitatione
870 2503 902 2529 ad
921 2510 988 2535 prte-

201 2538 262 2571 daut
281 2552 459 2573 accurrerunt
485 2546 557 2581 quali
589 2554 669 2573 canes
695 2547 726 2573 ad
754 2547 875 2581 saginam
906 2554 987 2575 ruunt

206 2592 321 2625 impctu,
340 2591 444 2619 fertiles
458 2597 485 2619 et
502 2592 644 2626 opulentas
665 2592 819 2620 devoraturi
851 2593 985 2628 regiones.

201 2636 324 2664 Nondum
344 2638 430 2664 tmdus
447 2637 584 2666 alliuilatis
599 2639 705 2665 vinculo
724 2639 864 2666 astrictum
883 2639 985 2674 Nogam

201 2684 356 2718 imperatori
372 2685 560 2719 coniunxerat,
584 2685 655 2719 quod
679 2685 725 2712 ille
746 2686 800 2713 ﬁlia
830 2686 912 2713 notha
935 2686 987 2713 Eu-

200 2732 336 2767 pltrosyne
354 2731 433 2766 Nugae
447 2733 473 2758 in
491 2739 604 2759 uxorem
618 2732 706 2759 danda
727 2732 825 2759 deinde
838 2733 984 2760 contraxit.

199 2777 276 2803 Tunc
291 2785 372 2812 porro
402 2779 494 2805 eodem
522 2785 633 2813 prorsus
657 2778 771 2806 articulo
801 2779 932 2812 temporis
958 2783 986 2806 et

200 2820 283 2856 232
299 2822 445 2856 imperator
461 2822 555 2850 urbem
577 2829 681 2856 versus,
696 2823 778 2851 rebus
799 2823 826 2851 in
838 2822 985 2852 Occidente

1041 2222 1190 2249 instructus
1204 2223 1236 2249 ad
1257 2223 1404 2257 gerendum
1420 2223 1520 2249 bellum
1535 2231 1542 2255 ;
1567 2224 1653 2257 copiis
1673 2224 1745 2251 enim
1761 2232 1831 2258 pace

1037 2267 1162 2295 confecta
1189 2268 1270 2302 paulo
1297 2274 1360 2295 ante
1385 2273 1560 2297 sacramento
1585 2269 1689 2300 solutis.
1714 2271 1829 2297 domuut

1040 2313 1154 2340 militum
1176 2321 1312 2348 quemque
1326 2315 1487 2348 dimiserat;
1505 2319 1531 2341 et
1545 2323 1606 2342 cum
1631 2316 1725 2350 paucis
1756 2317 1830 2350 ipse,

1039 2359 1188 2388 domestico
1201 2360 1333 2389 duntaxat
1346 2363 1487 2396 contitalu,
1510 2364 1608 2398 quippe
1633 2371 1682 2398 per
1701 2370 1829 2397 pacatas,

1039 2406 1076 2433 ttti
1091 2408 1254 2440 crediderat,
1278 2409 1444 2442 provincias,
1467 2409 1495 2437 in
1513 2411 1608 2437 urbem
1625 2413 1828 2440 revertebatur.

1040 2452 1073 2479 Et
1087 2460 1138 2480 nec
1152 2453 1174 2479 si
1192 2454 1304 2480 haberet
1330 2454 1480 2481 exercitum
1508 2456 1621 2483 auderet
1653 2458 1831 2485 committere

1038 2506 1099 2526 cum
1132 2498 1273 2532 Tocharis,
1309 2501 1424 2527 terribili
1460 2505 1525 2527 tunc
1562 2501 1694 2529 Romanis
1732 2509 1828 2537 gente,

1039 2552 1089 2572 nec
1110 2545 1180 2571 bello
1207 2552 1221 2571 a
1258 2546 1360 2573 nostris
1387 2546 1533 2580 superabili
1560 2548 1670 2574 credita.
1695 2547 1830 2574 Restabat

1039 2589 1108 2624 fuga:
1136 2590 1280 2618 consilium
1306 2592 1377 2617 :sed
1400 2599 1459 2618 eam
1489 2591 1705 2619 iutercludebant
1728 2594 1829 2620 validae

1037 2637 1157 2664 hostium
1200 2644 1314 2668 manus.
1347 2644 1461 2671 quorum
1491 2639 1626 2671 praesidiis
1661 2639 1719 2665 loca
1753 2641 1830 2666 edita

1038 2683 1163 2710 universa
1203 2682 1361 2716 faucesque,
1393 2682 1508 2716 denique
1545 2683 1634 2710 aditus
1677 2684 1831 2718 exitusque

1037 2731 1316 2758 outttestenebantur.
1339 2729 1551 2765 Probabantque
1575 2730 1674 2766 ubique
1695 2738 1723 2758 se
1749 2732 1829 2758 ades-

1037 2784 1068 2804 se
1087 2784 1221 2811 nusquam
1246 2784 1299 2804 non
1337 2777 1473 2811 stragibus
1498 2777 1620 2810 edendis,
1644 2782 1670 2804 et
1705 2777 1829 2805 solutis—

1037 2824 1106 2852 litua
1122 2829 1194 2851 metu
1207 2823 1279 2853 omni
1305 2831 1523 2859 quoquoversum
1552 2824 1706 2852 incursandi
1734 2824 1829 2852 licett-
