1936 3069
82 141 130 173 68-1

541 143 590 172 DE
609 141 804 172 M'iCIIAELE
825 139 1054 170 PALEOLOGO
1071 139 1144 168 LlB-
1167 139 1225 168 ΙΙΙ.

1653 136 1704 166 62

83 201 165 234 ροῖτο,
179 199 308 233 πρόνοιαν
318 198 440 233 φυλακῆς
456 199 574 227 ἐποίουν,
591 199 646 225 Καὶ
662 198 693 233 δὴ
710 197 800 228 λίθους
819 197 867 231 μὲν
882 194 906 223 Α
919 194 965 219 καὶ
982 194 1114 228 χρήμασι,
1131 194 1176 219 καὶ
1191 191 1347 219 τούντεῦθεν
1369 190 1598 226 καθυπισχνοῦντο
1631 192 1704 224 σφ’σι

83 245 201 275 ἐκείνους
215 245 262 270 καὶ
279 245 439 279 μαργάρους
461 244 515 271 τῶν
538 244 648 270 πέπλων
668 243 800 270 ἀπέσπων
820 241 868 268 καὶ

82 291 110 316 ὲν
124 290 223 324 ἀφανεῖ
237 290 425 325 κατέκρυπτον
436 290 491 324 {ipa
514 291 561 317 καὶ¹
574 291 630 321 τοῖς
646 289 790 324 βασιλείοις
821 297 868 321 φο-

84 336 194 370 ρέμασι,
213 334 255 370 [Ρ.
271 335 333 371 157]
349 336 396 362 καὶ
411 336 467 362 πᾶν
483 335 548 361 εἴτι
568 335 694 370 λαμπρόν
712 335 759 361 καὶ
778 334 868 368 τίμιον

84 380 287 414 παραὸυοῦντες
303 381 425 415 ἐτήρουν,
438 380 515 407 αὐτοὶ
531 380 560 407 δὲ
575 380 644 414 πρὸς
670 379 708 412 τῷ
739 379 868 414 πολεμεῖν

84 423 152 459 ἦσαν
179 425 228 451 σὺν
258 426 315 456 τοῖς
339 425 456 457 λοιποῖς,
472 426 518 451 καὶ
541 424 584 459 ἐφ’
598 425 659 451 ὅσον
674 424 766 459 ἴσχυον
783 432 868 458 παρε-

85 471 256 501 σκευάζοντο,
275 467 379 496 ἐνδὸθεν
392 471 534 504 βάλλοντες
552 470 638 503 τόξοις
660 479 689 496 τε
711 470 758 496 καὶ
789 477 870 502 σφεν-

84 515 181 547 δόναις.
197 515 266 542 Ἀλλ’
278 516 325 542 οὐκ
338 516 434 549 ἤνυτον
445 517 475 542 τὸ
486 516 614 551 παράπαν
630 524 637 531 '
653 515 692 550 τῷ
708 515 761 549 γὰρ
773 514 869 549 πλήθει

85 562 108 587 οἱ
137 562 229 596 ἐχθροὶ
259 562 404 597 περιῆσαν,
432 562 479 588 καὶ
499 562 636 595 κλίμακας
662 561 870 595 εὐτρεπίσαντες

85 607 218 634 ἐπιθεῖναι
231 608 288 638 τοῖς
303 608 421 641 τείχεσιν
434 607 579 641 ἐπειρῶντο
598 615 605 622 ·
633 606 793 641 παρώτρυνε
817 606 870 641 γὰρ

85 652 205 683 ἐκείνους
222 652 302 678 πλέον
313 652 359 678 καὶ
370 653 386 687 ἡ
398 652 450 678 τῶν
467 651 617 686 χρημάτων
638 652 678 682 εἰς
697 651 791 686 χεῖρας
809 651 870 676 ὅσον

84 697 159 724 οῧπω
179 698 367 733 γενησομένων
381 698 457 729 ἐλπὶς
469 717 476 730 ,
494 697 541 724 καὶ
559 697 702 731 ὲπέὸριθον
723 696 761 728 ὡς
788 696 871 730 λαφύ-

86 743 185 774 ξνιντες.
206 743 286 769 Ἀλλὰ
300 743 385 769 ταῦτα
404 743 452 778 μὲν
467 743 497 769 τὸ
514 743 580 769 πολὺ
597 742 709 776 πλῆθος,
726 740 766 774 οἷς
778 742 827 768 οὐκ
837 739 871 777 ἦν

85 789 146 814 ἄλλο
173 788 188 822 ἦ
217 788 248 814 τὸ
276 787 423 822 κερδαίνειν
448 787 585 823 προῦργου
611 787 728 818 παντός’
752 788 775 813 ol
798 787 825 813 δέ
839 795 871 821 γε

85 834 255 868 προεστῶτες
275 835 320 860 καὶ
335 830 374 863 οἷς
389 831 422 868 ἦν
434 834 450 867 ἡ
465 833 569 866 σκέψις,
590 833 619 858 τὸ
645 833 695 867 μὲν
721 832 872 867 κερδαίνειν

85 881 147 911 τοὺς
162 880 273 906 ἐκείνων
284 880 329 906 καὶ
344 879 442 911 ἔξωθεν
460 880 491 905 ὲκ
507 880 556 914 τῆς
569 880 661 914 χώρας
674 875 747 913 εἶχον
764 878 872 912 ἕτοιμον

83 925 114 951 ὃν
134 925 179 951 καὶ
202 925 283 950 πλέον
301 924 377 960 ἢτὴν
393 925 466 959 σφῶν
483 925 620 960 ὲμπιπλᾷν
636 924 795 959 ἐπιθυμίαν,
822 924 872 950 αὺ-

84 973 146 1002 τοῦς
160 972 183 997 δ’
199 972 221 997 εί
233 971 372 1006 ἀστοχοῐεν
381 971 435 998 τῶν
448 971 477 1003 ἐξ
496 972 581 1006 ἀρχῆς
606 971 796 1006 προκειμένων
827 970 873 1004 γέ-

84 1017 157 1043 λωτα
174 1017 266 1051 δφλειν
293 1016 427 1051 ἐνόμιζον.
446 1016 528 1043 ’Ὀοεν
547 1018 594 1044 καὶ
613 1017 772 1052 πέμψαντες
804 1017 873 1051 μετὰ

83 1061 133 1096 τὴν
143 1061 314 1095 παράστατιν
325 1061 377 1087 τῶν
390 1061 483 1088 δεινῶν
498 1062 545 1088 καὶ
563 1062 594 1088 τὸ
611 1061 695 1093 δεῖξαι
723 1061 760 1092 ὼς
785 1061 873 1088 ίκανοί

83 1108 136 1133 εἰσι
151 1107 343 1141 περιγενέσθαι
357 1107 404 1134 καὶ
420 1107 498 1134 πάντ’
523 1108 605 1143 ἔχειν,
628 1108 670 1142 ἐφ’
686 1109 725 1133 ἐνὶ
744 1107 782 1142 τῷ
796 1107 873 1133 σουλ-

83 1152 134 1178 τὰν
149 1153 180 1178 τὸ
192 1153 246 1178 πᾶν
261 1152 375 1185 ἐτίθουν,
388 1153 433 1179 καὶ
447 1152 568 1188 ἀπῄτουν
581 1153 683 1178 ἐκεῖνον
699 1151 757 1187 ἅμα
772 1151 828 1186 λαῴ
845 1160 873 1178 τε

85 1245 154 1272 bris.
171 1243 224 1278 Ipsi
240 1243 279 1271 sic
293 1243 412 1277 expediti
429 1243 608 1271 accinxeruut
637 1250 666 1271 se
691 1251 751 1271 cum
770 1245 875 1272 caeteris

87 1290 121 1317 ad
140 1297 222 1325 quam
251 1289 399 1317 fortissime
424 1290 608 1323 pugnandum,
631 1290 782 1324 iaculantes
795 1291 874 1318 simul

87 1343 184 1363 omnes
200 1343 214 1362 e
231 1335 314 1362 muris
328 1335 354 1361 in
366 1339 567 1368 oppugnatores
597 1334 712 1362 arcubus
725 1341 752 1362 et
766 1334 873 1368 fundis;

85 1387 242 1414 quanquam
262 1379 289 1406 in
312 1379 364 1406 hoc
382 1378 489 1413 quidem
507 1378 682 1413 proficiebant
701 1387 809 1413 parum,
828 1382 875 1407 ob-

86 1429 183 1452 ruente
201 1424 373 1451 multitudine
389 1424 469 1459 237
487 1424 618 1456 hostium,
638 1425 683 1458 qui
703 1426 784 1452 etiam
806 1433 876 1460 prte-

85 1471 189 1506 paratis
205 1470 285 1498 scalis
297 1470 324 1496 in
338 1477 430 1496 muros
444 1470 547 1497 insilire
561 1470 740 1497 conabantur.
754 1471 875 1498 Addebat

84 1518 159 1545 enim
174 1516 315 1543 ruentibus
335 1515 425 1542 calcar
441 1515 507 1543 odor
536 1516 719 1543 subcmanans
735 1521 816 1544 tanta:
846 1518 875 1544 in

85 1564 241 1599 prepinquo
258 1570 290 1589 ac
308 1569 384 1596 quasr
397 1561 447 1588 sub
464 1569 572 1587 manum
598 1563 719 1596 pecuniae
746 1561 871 1596 jacentis,

86 1609 169 1643 cujus
183 1609 283 1642 opimae
315 1605 428 1641 objectze
453 1606 578 1634 faucibus
606 1614 637 1633 ac
667 1608 744 1641 quasi
776 1609 872 1635 famem

85 1655 178 1681 amato
195 1660 228 1680 ex
244 1653 331 1679 vicina
355 1652 449 1678 nidore
475 1652 634 1687 proritantis
648 1653 789 1680 confestim
804 1654 870 1681 abli~

86 1701 227 1736 gurienda:
257 1699 368 1726 admota
395 1701 491 1734 pra-dae
512 1706 573 1733 spes
599 1699 715 1727 immane
745 1706 873 1735 quantum

86 1747 274 1782 rapacissimae
290 1745 391 1779 gentis,
417 1749 474 1772 toto
493 1745 594 1772 dudtnn
617 1746 677 1772 nisu
696 1747 874 1773 incumbentis

86 1796 120 1821 ad
138 1793 370 1828 perrumpendum
380 1791 487 1826 quidvis
511 1792 633 1822 obstans,
661 1792 736 1818 nmis
759 1793 874 1819 cumulis

87 1841 192 1868 furoris
205 1839 391 1867 inﬂammabat
403 1838 527 1872 impetus.
537 1838 582 1865 Ea:
600 1843 688 1864 tamen
700 1838 875 1872 cogitationes

85 1893 166 1915 erant
194 1886 266 1920 vulgi
294 1886 425 1913 duntaxat
453 1885 565 1912 minoris
580 1891 611 1911 ac
639 1884 763 1911 militaris
788 1884 874 1917 faecis,

86 1932 336 1962 lncrnmiutacntis
353 1939 445 1963 unum,
467 1938 500 1957 eo
512 1936 608 1957 cuncta
627 1930 779 1962 referentis,
800 1936 876 1958 extra

85 1981 112 2007 id
135 1978 203 2005 nihil
219 1983 382 2010 magnopere
400 1976 532 2002 curantis.
551 1975 611 2001 Alia
629 1975 784 2002 sentiebant
804 1976 875 2010 opti-

85 2030 176 2051 nzates
195 2031 227 2049 ac
259 2024 352 2054 duces,
379 2028 493 2055 quorum
524 2020 638 2047 arbitrio
665 2021 874 2049 deliberationes

85 2069 325 2098 concludebantur
340 2072 367 2094 et
383 2067 501 2102 regimen
523 2067 679 2093 vertebatur
707 2068 874 2094 universum.

85 2118 143 2144 llos
155 2116 292 2150 cupiditas
315 2114 421 2141 inhians
438 2118 465 2140 ct
490 2121 577 2139 avarae
592 2120 653 2147 spes
676 2113 702 2139 in
717 2113 796 2147 hujus
808 2113 877 2140 arcis

85 2162 292 2197 oppugnatione
306 2167 358 2186 non
381 2160 518 2191 tenebant,
538 2158 615 2186 facile
633 2158 726 2192 utique
755 2159 876 2186 videntes

918 239 967 273 τὴν
981 239 1083 266 ἄδειαν.
1101 239 1162 270 Τοῖς
1177 239 1199 265 δ’
1214 237 1360 264 ἀκούσασιν
1373 239 1388 272 ἡ
1404 237 1485 272 βουλὴ
1505 237 1624 271 διάνδιχα
1652 235 1685 270 ἦν
1695 244 1703 252 ·

919 285 974 314 τοῖς
988 283 1038 318 μὲν
1056 284 1110 318 γὰρ
1123 284 1208 310 ἐδόκει
1221 283 1330 314 διδόναι,
1347 283 1385 313 ὡς
1410 283 1533 317 κρεῖττον
1567 281 1596 307 ὃν
1625 281 1706 307 αὑτὸν

919 330 1048 361 ἑκουσίως
1067 330 1194 360 ἐκδόντας
1209 329 1292 356 τᾶλλα
1307 329 1459 364 περιποιεῖν
1481 328 1497 362 ἢ
1527 327 1564 362 μὴ
1582 326 1708 357 θέλοντας

920 376 988 410 πρὸς
1000 375 1038 409 τῷ
1052 375 1250 402 συναποῦαλεῖν
1266 373 1340 409 αὐτῷ
1357 374 1390 400 τὰ
1416 374 1505 399 πάντα
1535 372 1580 398 καὶ
1609 371 1707 403 αὐτοὺς

920 422 1096 454 κινδυνεύειν,
1110 421 1180 448 οἶδὲ
1196 421 1241 448 τὸν
1266 422 1298 448 ἐκ
1326 421 1373 446 τοῦ
1399 419 1529 454 βασιλέως
1552 418 1708 444 ἀντετίῦουν

921 467 1013 501 φόϐον,
1031 468 1077 493 καὶ
1096 467 1133 498 ὡς
1147 467 1331 501 ὑπομονητέον
1346 465 1436 498 ἔλεγον
1454 473 1461 480 ·
1477 466 1548 498 τάχα
1574 463 1630 498 γὰρ
1659 463 1705 490 κὰ-

921 513 1011 540 κείθεν
1027 513 1244 548 προσαποοτεὶεῖ
1258 512 1371 547 δύναμιν
1396 512 1474 546 (μηδὲ
1490 511 1544 545 γὰρ
1563 510 1710 545 ἀμελήσειν

920 561 1007 587 τόσων
1021 560 1180 594 χρημάτων)
1197 559 1243 586 καὶ
1273 558 1475 594 προσόοηοήσει
1498 558 1540 584 διὰ
1572 557 1710 591 θαλάσσης

921 606 968 631 καὶ
982 606 1048 640 ἡμῖν
1064 606 1196 639 ἐπαμυνεί
1209 606 1253 630 τὸν
1268 604 1398 631 κίνδυνον.
1412 604 1443 630 Εἰ
1456 603 1478 630 δ’
1493 601 1550 635 οὖν,
1568 603 1636 630 ἀλλὰ
1661 603 1710 637 τὴν

921 651 968 678 τοῦ
987 651 1100 686 σουλτνὰν
1119 650 1239 685 κεφαλὴν
1257 649 1442 684 ἀποτεμόντας
1456 649 1507 681 ἔξω
1534 648 1580 674 τοῦ
1606 648 1711 683 τείχους

921 698 976 729 τοῖς
990 697 1095 731 ἐχθροῖς
1113 697 1228 730 ῥιπτεῖν,
1238 695 1275 727 ὠς
1288 695 1304 730 ἢ
1318 695 1536 729 γαρσιδοκήσασιν
1549 695 1710 729 ἀποχωρεῖν,

922 743 938 778 ἢ
954 742 1127 778 ὁρμηθέντων
1144 741 1294 775 ἀμύνεσθαι
1308 741 1381 776 ἡμᾶς
1401 740 1524 775 ἀντέχειν
1549 740 1600 771 ἕως
1627 740 1711 766 Θανά-

922 797 980 819 του,
998 789 1044 814 καὶ
1056 788 1072 823 ἢ
1084 787 1151 814 Θεοῦ
1166 796 1217 814 που
1231 787 1361 823 συνεργίᾳ
1375 786 1562 821 περιγενέσθαι
1574 786 1589 822 ἦ
1603 787 1712 812 πίπτειν

923 837 994 871 ὑπὲρ
1009 837 1057 870 τῆς
1072 837 1111 867 εἰς
1128 835 1238 870 βασιλέα
1253 835 1382 865 πίστεως.
1402 834 1493 860 Ταῦτα
1509 833 1712 868 βουλευομένων

923 883 1034 918 ἐκράτει
1052 882 1129 916 μὲνὴ
1145 881 1257 916 δευτέρα
1275 880 1367 915 βουλὴ,
1380 881 1525 915 καρτερεῖν
1544 880 1590 906 καὶ
1614 879 1654 905 ἔτι
1668 880 1712 905 ὲκ-

922 928 1081 964 δεχομένους
1097 927 1232 962 βοήθειαν,
1250 926 1297 952 καὶ
1310 927 1366 957 τοῖς
1394 926 1443 960 μὲν
1457 925 1509 953 ἔξω
1524 926 1642 960 ἀναρτᾷν
1667 925 1712 951 ὲλ-

923 975 1003 1006 πίδας
1017 974 1053 1005 ὡς
1069 972 1271 1004 ὲκδωσείοντας,
1289 971 1386 1002 αὐτοὺς
1413 971 1440 998 δὲ
1466 971 1596 1006 μένοντας
1623 970 1654 997 εὖ
1679 970 1712 996 τὰ

924 1019 995 1047 κατὰ
1027 1019 1096 1053 σφᾶς
1124 1018 1161 1049 ὡς
1188 1014 1244 1043 οἶόν
1260 1025 1289 1042 τε
1305 1016 1438 1048 τίθεσθαι,
1458 1016 1495 1047 ὡς
1519 1015 1712 1050 ἀνοεξομὲνους

924 1065 967 1100 ἐφ’
983 1065 1043 1091 ὅσον
1061 1065 1185 1099 παρείκει
1201 1062 1246 1089 καὶ
1261 1062 1299 1097 μὴ
1317 1061 1442 1097 βοηθείας
1463 1061 1603 1095 φανείσης.
1632 1061 1663 1087 El
1684 1061 1713 1087 δὲ

924 1109 1104 1136 κινδυνεύοιεν
1127 1107 1246 1134 πλεόνων
1277 1106 1478 1142 ἐπιϐρισάντων
1501 1106 1555 1132 τῶν
1576 1105 1710 1140 χαλεπῶν,

925 1153 1045 1190 κεφαλὴν
1065 1153 1114 1189 μὲν
1127 1152 1174 1179 τοῦ
1205 1152 1320 1179 σουλτὰν
1333 1152 1397 1187 μήτ’
1420 1151 1563 1178 ἐκκόπτειν
1586 1152 1653 1186 μήτε
1670 1152 1711 1186 ῥι-

926 1250 987 1271 nem
1017 1249 1078 1270 cum
1111 1241 1209 1276 populo
1225 1245 1252 1268 et
1276 1240 1390 1276 pecunia
1410 1240 1548 1272 dederent,
1573 1241 1622 1275 ipsi
1645 1241 1712 1268 salvi

927 1289 1033 1316 abirent
1046 1295 1099 1322 quo
1115 1288 1224 1320 liberet,
1245 1287 1332 1314 omnis
1355 1287 1388 1314 ab
1403 1294 1431 1313 se
1460 1287 1592 1314 moleslitc
1612 1287 1712 1319 securi,

928 1334 976 1361 llis
988 1333 1102 1361 Romani
1118 1333 1216 1360 auditis
1232 1333 1258 1360 in
1272 1333 1336 1360 duas
1351 1340 1380 1360 sc
1399 1334 1551 1360 contrarias
1564 1334 1713 1361 srntenlias

927 1381 1076 1408 sciderunt.
1097 1379 1265 1412 Quibusdam
1283 1379 1434 1412 ,videbatur
1456 1379 1638 1413 prsestabilius
1655 1381 1712 1408 dari

928 1427 999 1454 ultro
1012 1431 1116 1453 mature
1127 1426 1198 1460 quod
1226 1433 1289 1453 mox
1308 1425 1522 1460 extormtendum
1555 1427 1579 1453 vi
1596 1431 1663 1459 erat,
1687 1431 1714 1454 et

927 1473 1061 1499 beneflcio
1078 1472 1191 1498 exitium
1206 1472 1340 1499 redimere
1358 1480 1417 1499 cum
1429 1472 1479 1500 sibi
1497 1476 1552 1498 tum
1566 1472 1598 1500 iis
1613 1473 1715 1507 pariter

928 1519 1095 1554 impendens,
1113 1526 1172 1552 quae
1202 1518 1283 1545 stulta
1322 1525 1404 1553 supra
1427 1519 1498 1545 vires
1529 1519 1713 1546 obstinatione

928 1565 997 1592 tueri
1014 1565 1218 1591 contenderent.
1248 1565 1289 1592 Ab
1308 1565 1350 1591 his
1367 1565 1412 1591 alii
1429 1564 1636 1596 dissentiebant,
1649 1573 1715 1592 con-

926 1616 965 1638 tra
985 1610 1150 1637 disserentes
1168 1609 1217 1636 ista
1235 1617 1295 1643 quae
1313 1609 1347 1636 ab
1365 1609 1488 1636 hostibus
1507 1610 1590 1637 exitia
1607 1615 1714 1637 metue-

926 1661 1028 1687 I'l'lllul',
1041 1655 1141 1690 justius
1156 1655 1189 1682 ab
1213 1656 1380 1690 imperatore
1396 1656 1584 1688 formidanda;
1601 1657 1645 1690 qui
1660 1658 1715 1684 uti-
1731 1651 1734 1654 ⁴

925 1708 978 1735 quc
994 1701 1077 1734 ipsos,
1091 1700 1113 1727 si
1124 1701 1242 1734 juratam
1265 1701 1343 1727 Iidem
1366 1705 1470 1728 terrore
1485 1701 1644 1734 objecerint,
1657 1709 1715 1729 me-

927 1747 985 1773 ritis
1000 1746 1087 1780 legum
1107 1745 1246 1781 suppliciis
1273 1751 1440 1773 mactaturus
1459 1746 1541 1781 238
1560 1747 1606 1773 sit.
1624 1746 1714 1779 Quart:

927 1793 1033 1820 aiebant
1046 1793 1242 1819 oblirmandum
1259 1793 1378 1820 animum
1394 1794 1419 1820 in
1436 1793 1579 1820 resistendi
1591 1797 1717 1820 conslan.

928 1839 974 1871 tia,
995 1843 1022 1865 et
1042 1838 1179 1873 patienter
1198 1839 1396 1873 exspectandas
1422 1838 1513 1873 copias
1541 1839 1715 1873 imperatoris

928 1885 994 1920 ipsis
1008 1885 1066 1913 sine
1080 1885 1160 1913 dubio
1176 1892 1230 1912 non
1240 1886 1278 1913 ita
1290 1885 1374 1912 tnulto
1388 1890 1448 1921 post
1460 1886 1558 1913 auxilio
1571 1892 1715 1913 venturas:

928 1929 980 1958 utin
998 1931 1070 1958 enitn
1087 1931 1272 1965 neglecturum
1298 1932 1457 1966 prudentem
1477 1932 1626 1966 principem
1657 1937 1716 1958 latt-

928 1980 982 2003 tam
997 1983 1074 2003 suam
1091 1977 1232 2010 pecuniam
1248 1984 1368 2009 servare,
1398 1977 1481 2004 missa
1496 1982 1606 2004 strenue
1630 1978 1717 2004 classe.

927 2029 987 2055 qua:
996 2025 1105 2055 patente
1121 2021 1188 2047 mari
1203 2022 1302 2048 auxilia
1327 2027 1447 2056 portaret
1460 2022 1591 2049 obsidioni
1610 2023 1715 2049 solven-

928 2067 968 2093 (ιω
989 2065 1134 2092 suffectura
1154 2066 1200 2093 :id
1216 2066 1258 2092 vel
1278 2067 1299 2093 si
1315 2066 1430 2098 deloret,
1455 2074 1569 2094 censere
1590 2075 1649 2094 sese
1666 2068 1714 2094 ab-

928 2112 1042 2138 scissum
1068 2110 1183 2138 Sullanis
1206 2116 1289 2146 caput
1313 2113 1346 2138 ad
1366 2113 1456 2139 hostes
1472 2120 1487 2139 e
1503 2121 1580 2140 muro
1597 2120 1714 2147 superne

926 2157 1080 2191 jactandum
1103 2165 1110 2183 :
1131 2161 1177 2183 aut
1194 2158 1267 2183 enim
1290 2165 1357 2191 quos
1374 2158 1410 2184 ibi
1427 2158 1588 2185 detinuisset
1600 2165 1714 2186 eatenus

85 2209 193 2236 affatim
227 2211 305 2234 extra
333 2210 456 2240 prostare
482 2212 531 2239 per
554 2205 692 2239 regionem
722 2204 876 2230 universam
893 2206 914 2233 1)
930 2203 1024 2236 cupida
1050 2202 1216 2236 exspectatio
1241 2202 1390 2236 recipiendi
1417 2203 1544 2235 sultanis,
1573 2205 1714 2238 desperato

84 2255 240 2290 spoliorqu
260 2259 293 2278 ac
307 2251 413 2286 ptredte,
427 2258 487 2285 qua:
518 2255 593 2283 raptu
611 2254 793 2283 congestoque
810 2249 875 2276 faci-

85 2302 139 2328 lior
155 2299 188 2326 ad
217 2296 428 2325 exsaturandam
444 2296 615 2330 quantumvis
631 2295 785 2321 aviditatem
808 2295 875 2321 satis

83 2350 172 2374 esset.
200 2343 252 2371 Sed
272 2351 305 2370 eo
332 2342 511 2369 movebantur
531 2341 602 2375 quod
629 2341 806 2374 providebant
834 2348 875 2372 se,

84 2392 139 2419 nisi
158 2389 295 2418 destinata
310 2388 482 2422 perlicerent.
501 2387 583 2412 risum
603 2386 741 2413 debituros
754 2387 876 2420 impunc-

84 2446 139 2473 que
153 2436 215 2463 fore
232 2434 362 2462 ludibrio.
386 2433 475 2466 Quare
493 2432 526 2458 ad
539 2433 618 2459 linem
634 2433 799 2467 propositum
817 2439 876 2459 rec-

83 2490 142 2512 tam
170 2484 242 2509 hanc
272 2487 332 2507 esse
357 2480 428 2506 viam
457 2478 520 2509 rati,
554 2478 674 2510 territos,
702 2483 729 2504 ut
757 2486 805 2512 par
819 2482 877 2504 erat

82 2530 214 2559 credere,
227 2530 359 2561 apparatu
373 2530 453 2559 atque
471 2524 614 2551 insultibus
629 2524 723 2558 primis
741 2524 876 2551 Itotuanos

77 2574 220 2606 cyawdes
234 2572 306 2598 arcis
321 2579 368 2606 per
378 2576 467 2598 certos
479 2571 600 2597 homines
622 2574 769 2603 tentaruttl,
785 2570 878 2597 admo-

78 2630 182 2653 nentes
193 2619 269 2650 haud
288 2625 347 2645 esse
363 2618 436 2652 ipsos
455 2617 616 2647 resistendo,
637 2621 663 2643 et
678 2617 743 2643 satis
757 2624 805 2651 pro
827 2624 874 2643 sua

79 2669 231 2707 prudentia
247 2664 343 2693 videre
371 2671 449 2698 posse
471 2662 680 2690 Constantinum
698 2666 724 2689 et
739 2662 876 2689 Tocharos

78 2717 164 2745 facile
177 2714 313 2749 perﬁcere
327 2709 400 2746 quod
413 2714 490 2736 erant
501 2708 632 2744 aggressi,
647 2713 673 2735 et
690 2715 779 2734 arcem
794 2716 877 2735 unam

80 2765 165 2791 istam
187 2769 202 2788 a
220 2759 306 2787 fundo
333 2757 454 2784 diruere.
473 2754 658 2781 Consnlcrt-nt
674 2753 756 2788 igitur
781 2754 831 2781 sibi
851 2759 878 2780 ct

80 2809 193 2836 cladem
229 2804 353 2832 ultimam
377 2805 485 2828 matura
523 2807 574 2827 nec
603 2800 729 2826 indecora
754 2801 877 2834 pactione

80 2854 295 2891 pravertereut.
312 2848 365 2876 llas
381 2848 455 2882 leges
468 2847 671 2881 compositionis
699 2846 755 2874 lore
770 2854 776 2872 :
790 2846 879 2874 Sulla-

279 2898 415 2927 PATROL.
437 2895 494 2925 Gn.
516 2893 639 2923 CXLIII

928 2248 982 2282 jam
997 2248 1055 2282 ejus
1071 2248 1124 2275 voti
1138 2247 1233 2275 ell'ectu
1247 2248 1378 2275 recessuri
1397 2249 1537 2276 confestim
1556 2255 1643 2281 erant,
1668 2257 1715 2277 aut

933 2294 997 2329 ipsis
1009 2294 1122 2321 irritatis
1133 2295 1211 2321 amici
1231 2295 1303 2322 caede
1316 2299 1343 2321 et
1355 2295 1453 2322 saevius
1483 2296 1509 2322 in
1526 2304 1574 2323 nos
1591 2298 1623 2324 ad
1636 2298 1714 2323 unio-

932 2348 993 2368 nem
1009 2341 1184 2375 expetendam
1201 2341 1352 2373 ruentibus,
1381 2341 1526 2374 optabilem
1544 2342 1618 2368 nobis
1634 2351 1715 2369 orca-

932 2388 1033 2414 sioncm
1047 2387 1136 2412 datum
1155 2386 1187 2412 iri
1203 2389 1244 2413 Vt‘l
1257 2385 1316 2413 ﬁdei
1328 2393 1390 2420 erga
1407 2387 1593 2420 imperatorem
1618 2392 1717 2414 nostrae

932 2434 1004 2460 obita
1034 2441 1081 2467 pro
1106 2440 1139 2459 eo
1166 2435 1309 2468 pugnando
1335 2438 1421 2460 morte
1462 2433 1644 2468 obsignamlat,
1675 2437 1716 2461 Vt'I

933 2479 1067 2513 gloriosae,
1082 2478 1105 2504 si
1121 2478 1189 2504 Deus
1204 2479 1346 2513 adjtu’erit,
1360 2479 1491 2507 victoriae.
1516 2480 1591 2506 Talia
1609 2480 1652 2507 ubi
1676 2481 1717 2507 al—

933 2529 1068 2552 tercantes
1101 2524 1227 2559 utrinque
1264 2525 1419 2558 aliquandiu
1446 2525 1592 2559 jactarunt,
1629 2527 1716 2553 ntcdia

935 2571 1040 2598 tandem
1059 2572 1191 2598 semcntia
1209 2571 1358 2606 przevaluil,
1376 2572 1523 2600 decernens
1539 2580 1716 2607 perseveran‘

934 2619 995 2644 dum
1009 2617 1096 2644 adhuc
1117 2623 1143 2644 et
1158 2618 1369 2652 exspectandum
1387 2619 1514 2645 auxilium
1532 2619 1714 2654 imperatoris.

935 2671 983 2690 nec
1000 2669 1085 2691 tamen
1100 2663 1177 2697 plane
1186 2664 1381 2698 prmcidendam
1393 2665 1460 2691 hosti
1471 2665 1614 2693 deditionis
1628 2674 1714 2700 spem,

933 2710 996 2744 quin
1012 2717 1070 2736 cam
1087 2710 1177 2743 potius
1192 2709 1315 2737 alendam
1333 2709 1466 2737 industria
1494 2716 1520 2737 et
1533 2711 1717 2744 simulatione,

933 2763 986 2790 quo
1004 2755 1054 2790 ipsi
1069 2755 1270 2788 suspendantur
1295 2754 1403 2787 animis,
1429 2760 1453 2781 et
1470 2756 1598 2782 extremis
1615 2761 1718 2790 ten-pc-

933 2805 1026 2828 rantes
1042 2800 1184 2828 conatibus
1197 2809 1225 2828 re
1240 2801 1265 2828 in
1283 2801 1390 2834 longum
1409 2805 1491 2828 tracta
1507 2801 1590 2828 otium
1611 2801 1719 2829 auxiliis

934 2852 1085 2875 nostrorum
1099 2846 1150 2874 huc
1163 2855 1191 2874 se
1206 2846 1364 2874 admovendi
1379 2847 1514 2882 prmbcaut
1531 2855 1537 2873 :
1552 2848 1631 2875 rebus
1648 2848 1719 2876 intc-

1523 2894 1560 2923 2.2
