1936 3069
81 177 131 208 6λὸ

560 177 608 208 DE
628 175 823 207 MlCIIAELE
844 174 1076 207 PALEOLOGO
1095 177 1170 208 LIB.
1187 177 1246 208 Ill.

1651 179 1705 210 686

80 234 140 268 τέρα
155 234 202 262 καὶ
217 234 334 271 ἀδελφὴν
348 234 524 270 ταττομένας,
538 233 658 265 καὶτοὺς
677 233 787 265 ξὲκείνου
801 233 862 259 παῖ·
878 234 901 263 Α
914 232 1048 267 ἀπέλεγον
1065 233 1102 269 μὴ
1120 233 1210 268 ζητεῖν
1224 243 1231 267 ;
1255 234 1302 263 καὶ
1318 234 1344 260 τί
1359 242 1389 268 γε
1409 234 1472 261 ἄλλο
1485 234 1504 270 ἢ
1523 235 1552 260 αὶ
1580 236 1627 261 καὶ
1655 237 1706 267 τὰς

80 280 121 311 δας
133 281 182 307 σὺν
198 282 255 311 τοῖς
270 281 333 315 περὶ
346 280 467 312 ἐκείνους
479 280 582 307 ἅπασιν
607 280 730 314 εἱρκταῖς
745 278 864 312 ἀσφαλές

81 333 119 352 σιν
143 325 241 352 ἐδίδου.
264 325 347 352 Ὅσον
362 325 385 352 δ’
400 323 433 360 ἦν
445 325 542 359 ἐκεινῳ
559 323 659 358 mssa;
673 323 820 358 χρημάτων
833 323 864 348 ὲν

80 370 188 406 ἀργύρῳ
208 379 238 398 τε
254 371 302 397 καὶ
316 371 410 406 χρυσῷ
427 371 474 398 καὶ
491 370 604 401 πέπλοις
621 369 753 402 egenam.
771 368 810 394 ἐτι
834 368 863 394 δὲ

80 417 122 442 καὶ
154 417 260 448 στολαῖς
284 418 330 443 καὶ
358 416 466 449 ζώναις,
483 415 550 443 ἀλλὰ
577 415 624 442 καὶ
651 414 802 450 μαργάροις
818 413 864 439 καὶ

79 461 168 495 λίθοις,
185 461 314 496 πάμπολυ
326 461 365 491 ὃν,
382 460 419 492 ὡς
435 460 511 494 φασὶ,
525 460 572 486 καὶ
589 459 679 486 ἰκανὸν
702 460 742 490 εἰς
759 457 863 493 τρυφὴν

79 507 224 543 Περσικὴν,
241 508 279 541 τῷ
295 506 376 542 κοινῷ
391 506 508 541 ταμιείῳ
524 503 750 540 προσανατίθησι.

78 567 130 596 ις’.
145 564 242 595 Ὅπως
254 563 420 594 ὑπεδέξατο
434 564 450 589 ό
464 561 651 596 πατριάρχης
664 561 794 596 ἐλθόντα
810 559 863 586 τὸν

111 599 253 632 βασιλέα,
271 599 319 624 καὶ
335 598 400 632 μεθ’
417 597 492 624 ὅσου
508 596 636 630 ἐλέγχου
651 597 699 622 καὶ
723 595 826 628 ζήλου.

110 642 142 679 [Ρ
156 642 218 678 160]
240 643 312 674 Τέως
329 642 367 674 δὲ,
381 643 513 677 πρότερον
528 642 544 676 ἢ
569 641 653 667 ταῦτα
686 640 860 675 γεγενῆσθαι,

76 689 135 715 ἐπεὶ
149 689 232 720 πολὺς
247 689 261 714 ὁ
283 689 456 723 πατριάρχης
474 687 585 714 κωλύων
615 684 649 722 ἦν
671 686 717 712 τὸν
751 685 863 720 βασιλέα

76 735 144 761 κατὰ
157 735 328 769 Χριστιανῶν
343 733 535 768 ἐκστρατεύειν
559 732 596 763 ὡς
622 731 673 757 οὐκ
701 731 862 766 εὐοδήσοντα

74 781 182 811 πάντως
200 780 349 814 ἐμφυλίους
365 779 490 806 κινοῦντα
505 777 651 812 πολέμους,
667 777 727 803 τότε
740 776 777 811 μὴ
792 776 863 802 κατὰ

73 826 174 860 τρόπον
203 825 340 860 βασιλικὸν
363 826 395 859 τῇ
416 823 620 850 Κωνσταντίνου
650 822 861 856 ἐπιδημήσαντι,

74 870 113 904 τῷ
129 870 240 904 μεγάλῳ
256 869 307 904 νεῷ
329 869 469 910 ἑττιστάντι
497 869 538 902 ἐφ’
562 864 584 902 ᾦ
605 867 791 902 προσκυνῆσαι
816 866 862 892 καὶ

917 277 966 308 σὰς
992 278 1121 313 δυνάμεις
1151 279 1190 310 είς
1223 279 1312 314 μάχην
1325 280 1365 314 τῷ
1378 279 1495 316 δεσπότῃ
1508 280 1616 315 Μιχαὴλ
1638 281 1706 306 ίένοιι

915 321 1031 351 καὶτοῖς
1047 324 1152 349 ἐκείνου
1169 323 1388 358 στρατεύμασιν;
1404 325 1452 359 οὺχ
1475 324 1533 360 ἅμα
1549 326 1581 352 σὺ
1601 325 1650 360 μὲν
1666 326 1705 361 τῷ

915 367 1035 403 Χριστοῦ
1071 369 1260 404 ἐνεσημάνθης
1291 370 1406 404 ὀνόματι
1438 371 1564 402 κάκεῖνος
1601 371 1706 406 ὶάτρης

916 413 1053 447 Χριστοῦ;
1067 414 1137 440 τίσιν
1156 415 1277 447 εὐκτέον,
1293 415 1386 449 ἔλεγον
1407 416 1476 448 τότε,
1499 416 1642 447 ποιοῦντας
1655 417 1706 449 τὰς

915 459 955 489 εἰς
972 458 1037 484 Θεὸν
1057 459 1170 491 ἱκεσίας,
1186 459 1314 486 καὶκατὰ
1333 460 1413 486 τίνων
1428 461 1570 495 ὁμιλητὲον
1593 460 1652 495 Θεῷ
1666 461 1705 491 ὡς

914 503 1070 529 ἐκσπόνδων
1087 504 1209 538 ὲχθρῶν;
1223 505 1249 530 αἱ
1265 504 1335 540 ὑπὲρ
1350 505 1428 539 ἡμῶν
1453 506 1531 540 εὐχαὶ
1557 507 1604 532 καὶ
1635 507 1706 540 ὑπὲρ

915 549 1027 575 ἐκείνων
1044 549 1160 581 πάντως,
1174 550 1322 585 ἐπειδήπερ
1338 552 1385 577 καὶ
1404 552 1468 585 μιᾶς
1499 552 1619 586 μάνδρας
1644 552 1706 579 ἐστὲ

914 594 961 620 τοῦ
979 595 1109 628 Χριστοῦ.
1125 595 1182 620 Νῦν
1197 595 1236 627 δὲ,
1253 596 1310 622 ἀλλ’
1325 596 1471 631 εὐλογητὸς
1500 597 1602 632 Κύριος
1618 598 1632 623 ὁ
1660 600 1707 632 ρυ‹

918 640 1033 674 σάμενός
1049 650 1078 667 σε
1094 642 1121 674 ἐξ
1136 641 1241 675 ὲχορῶν
1252 642 1371 676 ἀνόμων.
1407 642 1547 668 Ὲπέσεισε
1580 643 1634 678 γάρ
1664 651 1707 669 σοι

916 686 1000 719 σφέας
1016 687 1059 721 ἐφ’
1074 684 1150 722 ᾧπερ
1166 686 1198 722 [Ρ
1213 687 1276 723 161]
1287 688 1442 722 ἀναμνῆσαι
1457 688 1494 717 ὡ;
1516 688 1562 719 οὓς
1590 689 1641 723 μὲν
1668 689 1708 720 ὡς

915 731 1028 766 ἐχθροὺς
1044 732 1159 766 ἐζήτεις,
1185 733 1235 758 οὐκ
1261 733 1418 768 ὲχθραντὲοι
1446 734 1554 763 πάντως
1580 733 1705 766 δικαίως.

917 776 986 811 Ὅρα
998 776 1025 802 δὲ
1036 777 1097 807 τοὺς
1113 777 1237 812 ἐχθροὺς,
1253 778 1275 803 εἰ
1291 777 1390 812 βούλει,
1418 775 1457 808 οἷς
1485 778 1536 804 οὐκ
1566 778 1598 804 ἂν
1623 779 1706 812 ὁμόσε

914 823 1058 856 χωρήσεις,
1076 822 1108 856 ἣν
1119 822 1155 857 μὴ
1165 821 1219 856 ἐγὼ
1238 823 1352 856 θέλοιμι.
1369 823 1470 855 Ἐδειξε
1483 823 1571 849 τοίνυν
1585 824 1630 849 καὶ
1644 824 1708 856 τοὺς

914 866 1038 901 ἐχθροὺς,
1058 867 1105 892 καὶ
1125 867 1248 902 φοϐήσας
1274 868 1354 901 μόνον
1376 868 1534 902 μεταϐαλὼν
1561 868 1705 903 ἐρρύσατο.

73 915 222 942 ἀποδοῦναι
251 916 285 942 τὰ
311 906 366 950 τῆς
380 913 555 949 εὐχαριστίας
583 913 674 948 ῥύσια,
699 911 835 939 κατελθὼν
849 912 864 937 ὁ
882 901 901 929 Β
915 910 1005 943 Οὕτως
1023 909 1075 938 οἵδε
1091 911 1192 947 Κύριος
1209 913 1330 947 κρίματα
1345 914 1438 939 ποιῶν.
1460 922 1471 939 ›
1488 913 1580 940 Ταῦτα
1594 913 1639 940 τοῦ
1654 922 1708 940 πα-

73 961 249 996 πατριάρχης
263 961 384 992 ὠνείδιζε
403 968 433 986 τε
463 959 555 992 εὐθὺς,
584 957 788 994 προσεπιτιθεὶς
816 957 864 984 καὶ

71 1008 122 1038 τὰς
152 1008 193 1038 είς
220 1007 286 1033 Θεὸν
312 1007 363 1041 τῆς
386 1007 521 1041 σωτηρίας
543 1005 646 1032 ἐκείνου
675 1004 862 1039 εὐχαριστίας,

73 1054 133 1086 καὶ,
150 1062 160 1079 ‹
181 1053 226 1088 Τῷ
241 1052 300 1087 Θεῷ
314 1053 403 1087 χάρις,
421 1061 430 1077 ι
449 1052 550 1085 ἔλεγεν,
584 1060 593 1077 t
608 1051 648 1077 ὅτι
675 1051 800 1081 σέσωσαι,
817 1049 864 1076 καὶ

74 1097 171 1133 χερσὶν
185 1098 216 1124 οὗ
231 1097 412 1132 παραδέδοσαι
427 1097 480 1123 τῶν
491 1097 540 1131 τὴν
551 1096 600 1132 σὴν
614 1096 702 1130 ψυχὴν
711 1095 864 1130 ζητούντων

72 1143 193 1178 ἐχθρῶν.
208 1143 240 1169 Τί
255 1143 298 1169 δαὶ
311 1143 344 1169 τὰ
363 1142 427 1176 παρ’
446 1142 512 1177 ἐμοῦ
528 1150 569 1168 σοι
589 1143 649 1168 τότε
663 1141 819 1175 λεγόμενα.;
847 1141 863 1176 ἢ

70 1189 103 1215 οὐ
134 1189 273 1224 μέμνησαι
300 1188 337 1219 ὡς
358 1187 406 1222 τὴν
437 1187 614 1222 ἐκστρατείαν
630 1186 748 1213 ἐκώλυον
774 1186 812 1218 ὡς
833 1187 863 1213 οὑ

71 1233 415 1269 συνοίσουσανλιντικρυςς
430 1233 460 1259 οὐ
475 1233 538 1265 τοὺς
554 1232 701 1267 ἐμφυλίους
729 1232 864 1268 πολέμους

68 1327 225 1362 inperator
241 1324 354 1352 removit
381 1332 440 1356 suo,
471 1323 596 1358 palatinis
617 1322 712 1349 ofﬁciis
734 1322 863 1356 privatos.

68 1372 141 1399 Tum
155 1371 239 1398 missa
257 1370 372 1397 militum
387 1377 467 1397 manu
480 1369 594 1396 sultanis
606 1376 715 1395 uxorem
727 1372 754 1394 et
771 1367 863 1399 filiam,

64 1422 190 1445 matrem
212 1420 342 1451 praeterea
355 1420 381 1443 et
395 1422 516 1442 sororem
530 1414 652 1448 ﬁliosque
663 1414 784 1448 ejusdem
800 1420 862 1440 cum

63 1462 234 1491 domesticis
249 1466 277 1489 et
294 1466 391 1489 cuncta
402 1461 501 1488 familia
512 1461 632 1488 omnium
649 1467 747 1487 eorum
763 1466 866 1486 securae

61 1509 207 1537 custodia:
229 1508 375 1535 mandavit.
401 1508 536 1541 Quantum
561 1514 641 1541 porro
654 1506 741 1532 eidt-m
767 1505 864 1532 sultani

64 1556 234 1583 divitiarum
251 1555 286 1582 ibi
312 1553 363 1580 fuit
383 1554 409 1580 in
424 1561 490 1580 auro
515 1557 678 1587 argentoque
703 1553 809 1587 signato
820 1555 865 1580 aut

61 1600 147 1628 facto
163 1600 285 1633 velisque
305 1599 466 1633 insignibus,
485 1598 560 1626 stolis
573 1605 604 1625 ac
617 1598 704 1629 zonis,
720 1599 863 1625 unionibus

62 1647 138 1681 quin
158 1646 243 1672 etiam
263 1649 290 1672 et
306 1645 373 1672 varii
392 1645 500 1679 generis
510 1645 635 1678 exquisiti
649 1644 725 1679 pretii
740 1645 862 1678 gemmis.

60 1694 143 1726 quod
165 1699 198 1719 ex
225 1698 274 1717 usu
301 1691 414 1717 luxuriae
439 1690 554 1718 Persicae
577 1690 722 1724 plurimum
753 1690 864 1716 omnino

59 1737 158 1764 fuisse
173 1736 263 1768 aiunt,
280 1741 364 1762 totum
389 1735 506 1763 corrasit
528 1739 556 1762 et
585 1735 612 1762 in
633 1734 739 1770 publico
769 1734 865 1761 arrario

58 1782 213 1818 deposuit.

55 1858 109 1886 26,
130 1857 170 1885 Ut
189 1857 319 1890 exceperit
334 1856 486 1890 patriarcha
504 1855 655 1882 redeuntem
670 1855 864 1888 imperatorem,

219 1900 299 1926 quam
317 1893 371 1918 acri
393 1891 589 1924 reprehensione
613 1897 643 1917 ac
657 1890 724 1918 zelo.

93 1960 190 1995 24],
217 1958 351 1986 Caeterum
376 1958 533 1992 priusquam
553 1957 611 1985 haec
642 1955 750 1985 ﬁerent,
768 1963 867 1990 oppor-

50 2011 130 2034 tune
150 2004 332 2032 occasionem
346 2003 499 2037 arripuerat
518 2003 689 2037 imperatoris
704 2002 865 2036 objurgandi

48 2051 242 2086 patriarcha.
263 2049 362 2076 Multus
379 2050 400 2076 is
415 2049 515 2076 dudum
542 2049 629 2075 fuerat
653 2048 680 2075 in
697 2048 866 2075 dehortando

48 2097 242 2130 imperatore
260 2094 294 2120 ab
312 2093 529 2128 expeditionibus
544 2094 674 2120 adversus
696 2093 865 2121 Christianos

49 2140 273 2176 suscipiendis,
291 2147 344 2166 non
361 2146 538 2166 successurus
555 2139 671 2166 feliciter
686 2146 733 2166 eas
750 2139 800 2173 ipsi
820 2141 866 2167 de-

47 2188 206 2215 nuntians
221 2193 230 2211 ι
247 2191 334 2219 neque
351 2185 422 2211 enim
448 2184 519 2211 civili
549 2189 641 2211 contra
659 2183 779 2217 ejusdem
799 2184 865 2211 reli-

871 1565 901 1598 .C

914 957 1044 991 τριὶρχου
1070 957 1194 990 λέγοντος
1222 958 1346 993 εὐμενῶς
1372 960 1386 985 ὁ
1404 959 1513 993 κρατῶν
1537 959 1643 994 ἐδέχετο
1657 959 1706 990 τὰς

915 1001 1034 1034 ὲλέγξεις
1050 1003 1095 1029 καὶ
1112 1003 1278 1038 προσεπῄνει
1290 1011 1296 1019 ·
1315 1004 1463 1038 ἀντιλέγειν
1476 1005 1530 1040 γὰρ
1543 1005 1579 1036 ὡς
1592 1005 1706 1036 δικαίοις

914 1047 964 1073 οὒκ
974 1045 1055 1082 εἶχεν,
1072 1047 1128 1074 ἀλλ’
1149 1049 1250 1083 ἐπῆγεν
1263 1048 1300 1080 ὡς
1326 1049 1405 1083 δῆθεν
1427 1050 1642 1084 ἀπολογούμενος
1667 1050 1706 1081 ὠς

916 1092 963 1118 καὶ
980 1093 1092 1128 εἰρήνην
1107 1093 1208 1128 μᾶλλον
1230 1094 1264 1120 τὰ
1278 1095 1328 1129 τῆς
1355 1094 1414 1121 ὁδοῦ
1440 1095 1644 1130 κατηντήκεσαν
1658 1095 1706 1121 καὶ

915 1138 952 1169 ὡς
967 1139 1045 1172 κῆδος
1075 1139 1264 1173 μεσολαδῆσαν
1286 1140 1336 1170 τὰς
1360 1139 1482 1172 εἰσαῦθις
1505 1140 1620 1171 σπονδὰς
1645 1140 1706 1167 ἑδε-

916 1183 1042 1210 6αίωσεν.
1063 1184 1092 1210 Ὀ
1110 1183 1159 1218 μὲν
1171 1183 1216 1210 οὖν
1233 1184 1359 1219 βασιλεὺς
1383 1185 1470 1217 οὕτως
1497 1185 1582 1212 εἰπὼν
1598 1186 1638 1221 (οὐ
1651 1186 1705 1220 γὰρ

915 1229 929 1254 ὁ
956 1229 1051 1264 καιρὸς
1072 1229 1156 1255 ἐδίδου
1183 1230 1230 1256 καὶ
1254 1230 1362 1257 πλείονα
1388 1229 1486 1265 λέγειν)
1515 1231 1707 1266 ἀποπεμφθεὶς

917 1318 972 1346 dixi
990 1323 1016 1346 et
1043 1319 1114 1345 serio
1135 1319 1290 1346 denuntiavi
1307 1320 1355 1346 tibi
1382 1327 1416 1348 ne
1440 1320 1507 1348 bella
1535 1321 1626 1348 civilia
1645 1329 1706 1350 sus-

916 1363 1044 1398 ciperes?
1069 1363 1125 1390 Cur
1160 1371 1225 1398 ergo
1253 1369 1279 1391 te
1311 1369 1425 1399 tuasque
1454 1366 1547 1399 copias
1582 1365 1706 1394 Michaeli

917 1408 1035 1441 despotze
1050 1408 1237 1443 exercituique
1247 1408 1308 1442 ejus
1323 1410 1349 1435 in
1366 1408 1453 1435 aciem
1474 1416 1634 1444 progressus
1649 1410 1706 1437 ob-

914 1453 1004 1488 jecisti
1017 1454 1026 1480 ἶ
1040 1461 1127 1480 nonne
1141 1458 1167 1481 et
1184 1458 1211 1481 tu
1227 1455 1338 1481 nomine
1362 1455 1463 1482 Christi
1487 1456 1612 1489 signatus
1634 1463 1664 1484 es
1679 1461 1708 1484 et

917 1499 962 1526 ille
983 1498 1122 1526 Christum
1140 1500 1264 1534 agnoscit
1278 1499 1442 1527 Dominum?
1460 1500 1534 1527 Inter
1551 1502 1630 1532 tales,
1646 1500 1706 1528 aie-

918 1546 990 1577 bam,
1008 1545 1100 1580 proelio
1115 1546 1264 1572 commisso
1279 1553 1327 1579 pro
1339 1546 1437 1580 quibus
1454 1547 1593 1574 orabiinus
1609 1546 1706 1576 ?Utris

917 1591 1072 1623 victoriam,
1099 1590 1168 1617 utris
1195 1590 1299 1618 cladem
1325 1591 1472 1625 impetrare
1500 1593 1662 1620 conabimur
1689 1600 1705 1620 a

915 1636 982 1668 Deo,
1008 1637 1072 1664 dum
1105 1637 1193 1670 sacris
1225 1637 1396 1671 operamurl
1426 1636 1542 1665 Neutros
1583 1639 1704 1666 hostium

917 1684 1016 1710 habere
1043 1690 1155 1710 numero
1171 1690 1326 1717 possumus,
1355 1684 1478 1718 utrisque
1504 1685 1607 1712 astricti
1628 1693 1704 1713 cont-

916 1729 990 1756 tnuui
1008 1728 1109 1756 ftedere
1125 1729 1273 1763 religionis.
1286 1729 1358 1762 Quas
1375 1737 1423 1763 pro
1440 1730 1516 1757 vobis
1540 1738 1636 1765 preces
1661 1731 1704 1759 of-

916 1775 1038 1806 ferimus,
1065 1775 1164 1801 eadem
1182 1782 1230 1808 pro
1247 1775 1301 1802 illis
1316 1775 1416 1807 valent,
1435 1775 1652 1810 quandoquidem
1668 1778 1703 1805 ad

917 1828 1001 1846 unum
1015 1828 1091 1854 aeque
1111 1821 1190 1847 ambo
1210 1820 1354 1855 pertinctis
1370 1821 1442 1849 ovile
1460 1823 1577 1856 pastoris
1590 1823 1702 1851 Christi.

915 1864 993 1892 Nunc
1021 1871 1110 1892 autem
1125 1857 1287 1892 benedictus
1307 1865 1446 1898 Dominus,
1473 1866 1518 1901 qui
1535 1867 1660 1895 liberavit
1678 1872 1704 1895 te

917 1913 950 1939 ab
968 1913 1090 1940 hostibus
1106 1921 1121 1940 a
1137 1914 1194 1948 lege
1211 1913 1313 1942 Christi
1336 1915 1443 1947 alienis,
1463 1924 1531 1951 quos
1549 1917 1661 1944 immisit
1676 1918 1704 1945 in

917 1962 943 1985 te
959 1958 1079 1994 ιιι242
1091 1959 1250 1987 admoneret
1267 1968 1319 1988 non
1338 1961 1414 1995 justc
1432 1969 1446 1988 a
1464 1966 1489 1989 te
1510 1962 1571 1990 illos
1598 1962 1704 1990 hostili-

916 2008 958 2032 ter
977 2005 1069 2038 impcti
1085 2011 1152 2038 quos
1177 2005 1268 2033 hostes
1287 2007 1333 2033 tibi
1346 2007 1481 2041 quaesisti,
1503 2008 1704 2036 exhiberemu-

917 2054 1015 2077 temet
1033 2050 1087 2076 tuis
1116 2051 1248 2084 obiiceret
1277 2052 1364 2079 oculis
1385 2059 1463 2079 veros
1491 2053 1595 2085 hostes,
1625 2055 1703 2088 quasi

916 2097 1040 2123 diceret:
1058 2096 1096 2121 Eu
1114 2096 1138 2121 in
1161 2103 1228 2129 quos
1261 2096 1301 2123 fas
1317 2097 1446 2131 piumque
1470 2098 1516 2129 sit,
1538 2098 1560 2124 si
1584 2106 1703 2132 pugnare

917 2141 993 2172 libet,
1009 2149 1115 2168 onmem
1132 2141 1195 2167 belli
1208 2142 1261 2168 vim
1276 2142 1413 2169 cﬂ'undere
1425 2151 1432 2176 ;
1445 2150 1512 2177 quos
1524 2143 1596 2177 ipsos
1611 2149 1702 2171 tamen

917 2186 1017 2213 frustra
1048 2186 1183 2213 debellare
1207 2187 1300 2221 praelia
1329 2188 1441 2214 adortus
1468 2188 1622 2218 conaberis.
1648 2190 1704 2217 nisi

47 2233 160 2268 gionis
193 2230 362 2265 professores
395 2230 466 2257 bello
502 2230 584 2257 Deum
612 2230 764 2264 adjutorem
794 2229 863 2257 fore.
881 2237 969 2267 Dego
984 2232 1078 2259 volens
1104 2238 1130 2259 ct
1154 2233 1288 2267 propitius
1308 2232 1431 2259 adfuero.
1463 2232 1590 2260 Ostendit
1619 2235 1702 2269 igitur

46 2280 141 2307 Talia
166 2277 277 2305 frustra
293 2284 362 2310 smpe
380 2283 393 2302 a
412 2283 443 2303 se
461 2276 592 2303 monitum
616 2276 707 2303 videns
723 2279 795 2309 tunc,
811 2283 864 2302 non

41 2333 81 2355 ut
116 2327 302 2359 imperatore
324 2323 434 2356 dignum
461 2321 561 2354 fuerat,
590 2321 637 2348 sed
654 2322 779 2348 indecora
803 2321 865 2356 fuga

43 2373 99 2400 vix
118 2370 244 2399 salvum
257 2375 317 2396 sese
336 2367 511 2402 recipientem
529 2367 802 2401 Constantinopolim,
820 2367 865 2393 ubi

38 2419 193 2454 primum
214 2415 237 2442 is
254 2421 269 2440 a
283 2414 370 2441 reditu
386 2420 514 2448 maguum
531 2413 558 2440 in
574 2412 702 2446 templum
725 2419 754 2438 se
769 2417 865 2438 contu-

38 2465 78 2491 lit
113 2461 175 2490 Dei
194 2458 330 2486 adorandi
347 2461 375 2484 et
401 2464 449 2491 pro
468 2457 569 2484 evitato
584 2464 692 2484 summo
707 2457 866 2484 discrimine

36 2507 173 2545 gratias
201 2503 300 2540 agendi
312 2510 405 2535 causa,
423 2502 546 2531 cominus
560 2503 693 2530 accedens
715 2502 866 2536 increpavit

34 2555 152 2591 palam
179 2550 278 2578 verbis
295 2549 365 2577 haud
379 2548 517 2582 mollibus,
546 2548 573 2576 id
591 2552 696 2576 tantum
727 2549 866 2576 intermis-

33 2609 119 2631 cena
137 2596 338 2628 delinimenti,
352 2600 379 2622 ut
391 2595 520 2630 gratulari
541 2602 571 2623 se
585 2594 666 2623 simul
683 2593 734 2629 ipsi
750 2594 864 2622 salutem

35 2647 219 2682 insperato
237 2645 385 2674 servatam,
411 2640 557 2669 reddendis
574 2640 628 2668 Deo
642 2648 690 2674 pro
711 2648 741 2668 ea
760 2641 865 2676 gratiis,

32 2692 267 2730 signiﬁcaret:
293 2695 304 2713 α
331 2687 386 2715 Deo
416 2687 530 2723 gratias,
548 2696 570 2723 ¹ι
595 2687 732 2722 inquiens,
759 2696 769 2713 ς
793 2687 866 2722 quod

33 2741 155 2770 salvus
192 2734 320 2765 evasisti.
341 2738 370 2762 et
395 2741 449 2761 non
473 2741 504 2761 es
528 2733 645 2760 traditus
665 2732 789 2760 manibus
818 2732 867 2759 ho-

32 2788 142 2816 ειίυιη
184 2780 370 2816 quaerentium
396 2780 514 2807 animam
547 2783 631 2808 tuam.
650 2779 751 2814 Ecquid
775 2783 866 2806 autem

31 2837 157 2861 eorum
180 2825 338 2855 meministi
357 2833 418 2860 quae
435 2833 505 2860 saepe
520 2825 590 2861 apud
603 2830 629 2852 te
647 2825 700 2860 egi,
717 2825 866 2859 expeditio-

33 2886 97 2907 nes
113 2872 297 2904 istiusmodi
312 2871 472 2899 dissuadens
485 2875 514 2897 ut
539 2878 650 2905 prorsus
673 2871 790 2898 noxias?
809 2870 866 2898 Non

922 2279 969 2306 tibi
989 2279 1090 2311 hostes.
1107 2283 1135 2305 et
1147 2279 1276 2305 terruisse
1304 2283 1446 2305 contentus
1461 2285 1554 2305 eorum
1570 2286 1584 2305 a
1605 2283 1630 2306 te
1648 2280 1702 2306 vim

918 2324 1015 2355 arcuit,
1032 2332 1047 2350 e
1074 2324 1201 2358 periculis
1219 2323 1378 2350 insidiarum
1395 2324 1422 2350 in
1442 2328 1527 2350 tutum
1541 2324 1703 2352 incolumem

919 2369 1097 2396 transferens.
1107 2370 1152 2397 Sic
1159 2377 1238 2404 agere
1247 2370 1320 2396 novit
1329 2369 1456 2396 Dominus
1463 2370 1562 2404 judicia
1572 2370 1682 2398 facieus.
1690 2380 1699 2396 δ

920 2416 981 2443 Haec
997 2416 1152 2450 loquentem
1171 2416 1351 2451 patriarcham
1379 2415 1483 2450 placide
1502 2416 1605 2442 audivit
1618 2416 1703 2450 impe—

919 2467 1003 2494 rator,
1030 2463 1290 2497 reprehensionique
1320 2462 1454 2496 aequlevit
1480 2462 1606 2495 obnoxie,
1632 2463 1704 2490 ultro

919 2510 1100 2543 comprobans
1126 2513 1154 2536 et
1181 2509 1315 2537 meruisse
1347 2510 1499 2536 conlitens:
1527 2509 1593 2543 quid
1629 2510 1701 2536 enim

919 2559 1014 2581 contra
1025 2558 1174 2588 opponeret
1186 2555 1257 2582 veris
1284 2559 1312 2582 et
1325 2554 1412 2589 palam
1427 2554 1520 2589 justis,
1543 2562 1594 2581 non
1621 2555 1704 2582 habe-

919 2600 974 2627 bat.
989 2599 1056 2626 lllud
1075 2604 1179 2627 tantum
1200 2601 1233 2627 ad
1252 2601 1397 2635 quamdam
1418 2599 1620 2627 excusationem
1637 2601 1704 2628 sul)-

918 2645 1001 2679 iecit:
1021 2654 1030 2670 I
1049 2645 1132 2680 Atqui
1157 2646 1190 2673 ad
1209 2653 1316 2680 pacem,
1335 2655 1345 2672 ι
1361 2645 1496 2680 inquiens,
1520 2655 1528 2671 ι
1547 2653 1608 2673 cum
1622 2646 1704 2673 Chri-

920 2689 1014 2716 stiauis
1049 2690 1221 2718 sanciendam
1258 2691 1310 2718 ista
1350 2699 1403 2726 qua
1443 2698 1501 2719 sum
1537 2692 1705 2726 periclitatus

895 2730 960 2760 'via
999 2736 1266 2769 properabamzhuc
1296 2737 1368 2764 enim
1403 2737 1512 2765 ferebar
1552 2743 1581 2765 ut
1615 2738 1705 2766 fcedus

915 2781 973 2815 jam
1004 2780 1088 2808 ictum
1124 2789 1185 2808 cum
1207 2782 1272 2815 illis,
1300 2790 1369 2818 quos
1409 2790 1452 2811 me
1477 2784 1578 2812 habere
1610 2785 1704 2813 hostes

920 2829 1005 2857 vetas,
1022 2827 1105 2854 etiam
1126 2826 1264 2855 aliinitatis
1286 2829 1489 2858 necessitudine
1512 2831 1704 2866 astringerent.

920 2872 1048 2899 ﬁrmitate
1062 2872 1088 2899 in
1116 2878 1254 2907 posterum
1281 2876 1404 2904 certiori.
1423 2886 1431 2902 ι
1449 2876 1567 2905 Tantum
1582 2879 1700 2912 impera-
