1936 3069
269 189 320 220 6δῖ

876 188 1037 220 GEORGII
1056 188 1296 220 PACIIYMEIl/E
1817 193 1860 224 658

268 248 329 278 ταῖς
341 247 431 281 εὐχαῖς
449 246 545 281 ἐχώρει
563 247 629 283 πρὸς
647 246 676 273 τὸ
688 246 826 279 παλάτιον,
838 246 871 273 τὰ
886 247 916 273 δὲ
928 247 992 282 περὶ
1006 245 1052 272 τοῦ
1065 248 1090 276 Α
1104 246 1211 281 χήρωτο
1235 247 1363 280 γυναικὸς
1392 247 1427 282 (ἡ
1452 247 1505 282 γὰρ
1526 247 1647 284 θυγάτηρ
1679 248 1726 276 τοῦ
1753 249 1861 284 βασιλέως

268 293 366 327 κήδους
381 291 465 323 οὕτως
480 290 559 328 ἦσαν.

268 395 320 428 κζ’.
336 396 434 434 ῌῆδος
448 397 499 434 ἐπί
510 405 540 423 τε
551 395 588 434 τῇ
598 395 787 434 θυγατρὶ-ζῇς
801 395 1052 434 ξὺβογὶᾳςἈγξκῃ

302 432 353 458 καὶ
370 433 529 466 Νικηφόρῳ
545 430 677 464 δεσπότῃ
701 430 755 462 υΖῷ
770 430 822 457 τοῦ
836 430 987 457 δεσπότου
1001 431 1054 456 Μι-

301 466 394 501 χαήλ.

307 565 417 601 Ἐπειδὴ
432 567 485 600 γὰρ
499 565 627 597 πολλάκις
638 565 799 598 ἀποστείλας
813 566 826 592 6
846 565 974 600 βασιλεὺς
1006 565 1054 591 καὶ

265 620 276 637 ιι
285 612 314 643 ἀς
327 611 453 646 δυνάμεις
466 611 626 646 προσϐαλὼν
641 611 808 646 ἀπεκρούετο
819 611 929 647 (ἐχρῆτο
939 611 992 645 γὰρ
1007 611 1055 638 καὶ

265 658 280 684 ὁ
292 657 402 692 Μιχαὴλ
415 657 454 691 τῷ
479 656 600 691 Ἰταλικῷ
617 658 656 689 εὶς
673 657 810 693 βοήθειαν,
839 657 887 684 καὶ
912 656 1055 691 καρτερῶς

265 702 468 737 κρατυνάμενος
493 703 541 733 τὰς
564 703 692 736 δυνάμεις
720 703 837 736 ἀντεῖχε,
864 701 909 728 καὶ
934 701 1010 727 οὐδὲν
1040 701 1054 727 6

265 749 350 776 ἐπιὼν
374 749 463 783 ἦνυεν,
490 748 590 783 μᾶλλον
615 747 665 781 μὲν
687 747 733 775 οὖν
762 748 809 774 καὶ
837 746 1054 783 προσεξημιοῦτο

265 797 325 828 ταῖς
341 796 371 822 ἐν
397 796 484 826 κενοῖς
509 795 670 830 ἀσχολίαις),
697 794 774 829 μόλις
794 793 864 820 κατὰ
888 793 937 829 τὴν
955 793 1053 828 πολλὴν

265 840 372 874 πεῖραν,
388 839 575 870 ἱκετεύσαντος
595 838 641 865 τοῦ
671 838 799 865 δεσπότου
820 839 867 864 καὶ
896 837 1054 873 πρεσόείαις

266 885 378 919 συχναῖς
390 883 615 919 ὲκμειλιξαμένου
630 883 675 910 τὸν
692 883 890 918 αὐτοκράτορα,
913 883 984 917 πρὸς
1011 883 1052 909 εί-

1107 291 1349 328 [Ρ162]Λὰσκαρι
1371 293 1533 328 ἐτεθνήκει),
1555 295 1642 330 τούτῳ
1666 295 1805 328 ἐγνώκεσαν
1823 297 1863 322 καὶ

1105 337 1255 372 ἀμφότεροι
1268 338 1317 373 τὴν
1333 339 1428 374 τρίτην
1445 339 1498 365 τῶν
1509 340 1558 374 τῆς
1584 340 1713 374 Εὐλογίας
1734 341 1864 376 θυγατέρων

1108 384 1206 410 ΙἈνναν
1216 384 1356 419 ἐκδοθῆναι
1374 385 1441 419 πρὸς
1460 386 1558 419 γάμον,
1571 386 1686 422 δεσπότῃ
1716 395 1745 421 γε
1759 387 1814 419 ὄντι,
1838 388 1866 415 ἐκ

1105 429 1152 456 τοῦ
1179 430 1311 465 προτέρου
1333 430 1429 465 κήδους
1451 431 1525 466 παρὰ
1546 431 1593 457 τοῦ
1618 431 1866 466 προεεῦασιλευκίτος

1112 475 1235 502 Ἰωάννου
1249 475 1336 510 ἔχοντι
1354 476 1384 501 τὸ
1395 476 1514 511 ἀξίωμα.
1529 476 1584 502 Καὶ
1598 477 1630 511 δὴ
1648 477 1717 511 μετό⁴
1731 477 1814 513 πολλῆς
1829 478 1867 504 δο-

1109 519 1238 554 ρυφορίας
1253 519 1414 551 ἀποστείλας
1428 520 1475 555 τὴν
1490 521 1588 548 ’Ᾱνναν
1601 522 1663 553 τοὺς
1674 523 1773 557 γάμους
1787 523 1868 554 ἐτέλει,

1107 563 1164 591 εἶτα
1179 565 1224 591 καὶ
1240 566 1284 591 τὸν
1299 565 1453 601 Νικηφόρον
1471 567 1509 598 εἰς
1524 567 1616 593 ἑαυτὸν
1632 568 1791 601 συγκαλέσας
1808 570 1870 596 κατὰ

1106 609 1155 644 τὴν
1173 611 1377 638 Κωνπταντίνου
1393 613 1522 646 κρατύνει
1535 613 1583 647 μὲν
1596 613 1625 639 τὺ
1640 614 1755 648 ἀξίωμα.
1777 615 1818 642 καὶ
1838 625 1870 642 τι-

1108 656 1171 690 μαῖς
1186 656 1340 690 μεγαλύνας
1350 658 1397 683 καὶ
1414 654 1509 692 δώροις
1521 658 1626 692 ἀγήλας
1656 659 1724 693 πρὸς
1745 660 1775 686 τὰ
1795 661 1870 687 οἰκεῖα

1106 700 1252 735 ἐκπέμπει.
1266 701 1320 727 Καὶ
1337 701 1407 728 οὕτω
1420 702 1454 728 τὰ
1467 705 1537 730 κατὰ
1559 703 1642 730 δύσιν
1662 705 1823 740 καταστήσας
1840 706 1871 733 τὰ

1105 745 1155 779 τῆς
1181 746 1313 780 ἀνατολῆς
1334 747 1467 774 πονοῦντα
1495 751 1708 783 προσανεκτᾶτο,
1725 751 1768 777 καὶ
1789 751 1871 783 ἀλλους

1107 791 1156 827 μὲν
1181 791 1322 824 πλείστους
1341 794 1594 828 προσαποστέ).λων,
1620 795 1761 830 ἐξαιρέτως
1786 797 1810 823 δὲ
1831 797 1872 824 τὸν

1105 837 1237 872 δεσπότην
1269 838 1407 874 Ἰωάννην,
1436 835 1458 873 ᾧ
1487 840 1518 875 δὴ
1538 840 1810 877 ἐπεθάῥρειαὺτάρκη
1829 843 1872 878 τὴν

1105 882 1159 909 τῶν
1188 884 1364 918 κακουμένων
1392 885 1567 919 ἐπικουρίαν·
1596 888 1655 918 τοῖς
1676 887 1729 922 γὰρ
1751 888 1874 921 ἀληθείαις

266 932 350 966 ρήνην
363 930 409 956 καὶ
423 926 499 960 οὗτος
515 929 653 956 ἀπέκλινε.
674 929 728 955 Καὶ
746 929 806 955 ἐπεὶ
822 929 916 960 παῖδες
930 927 999 964 ἦσαν
1012 927 1050 963 τῷ
1065 925 1086 954 Β
1100 928 1298 963 ἀσχολουμένου
1315 929 1361 955 τοῦ
1378 924 1587 964 βασιλέως“τοῖς
1603 932 1721 964 δυτικοῖς
1743 933 1777 964 ὠς
1798 933 1872 968 δῆθεν

264 975 374 1010 Μιχαὴλ
384 975 457 1009 τρεῖς
477 974 526 1008 μὲν
546 975 662 1009 γνήσιοι,
677 970 715 1001 ὧν
739 975 752 1000 ὁ
779 974 829 1008 μὲν
852 974 976 1008 Ἰωάννης
999 974 1051 1000 ἀνὰ

264 1022 358 1056 χεῖρας
369 1019 403 1055 ἦν
423 1020 470 1047 τοῦ
490 1020 662 1055 κρατοῦντος,
682 1020 817 1055 πεμφθεὶς
840 1020 888 1054 μὲν
915 1020 983 1056 προς
1001 1028 1052 1046 πα-

263 1067 337 1103 τρὸς,
350 1067 434 1098 δοθεὶς
449 1067 476 1093 δὲ
493 1067 540 1093 καὶ
557 1066 631 1101 παρὰ
655 1067 755 1101 μητρὸς
782 1066 901 1102 ἡκούσης
921 1066 960 1097 εἰς
983 1066 1051 1101 ὅμη-

264 1123 322 1151 ρον,
336 1114 366 1141 ὃν
379 1115 424 1141 καὶ
438 1114 560 1149 γαμϐρὸν
585 1113 632 1140 τοῦ
652 1112 879 1147 σεϐαστοράτορος
908 1112 1051 1147 Τορνικίου

262 1162 277 1188 ὁ
291 1161 368 1194 λόγος
384 1160 588 1195 προῡπεδείκνυ,
606 1158 652 1186 δύο
666 1159 693 1186 δὲ
707 1159 782 1195 παρά
803 1159 843 1193 τῷ
856 1160 948 1194 πατρὶ,
965 1159 1050 1194 Νικη-

263 1207 345 1242 φόρος
376 1206 465 1233 τεκαὶ
492 1207 656 1241 Δημήτριος,
688 1206 780 1241 ἕτερος
804 1206 827 1231 δ’
848 1206 879 1232 ἐκ
907 1205 1013 1236 νοθείας
1035 1206 1050 1232 ὁ

269 1252 405 1287 Ἰωάννης,
416 1253 460 1278 καὶ
476 1253 490 1279 6
506 1252 556 1286 μὲν
573 1253 727 1287 Δημήτριος
739 1252 864 1283 ἀντίπαις
877 1249 911 1287 ἦν
936 1251 976 1278 ἔτι
1003 1251 1050 1279 καὶ

263 1297 293 1324 ἐν
305 1297 505 1333 ἀπραγμοσύνῃ
516 1297 569 1329 ζῶν
583 1297 703 1330 διετέλει,
717 1298 730 1324 ὁ
746 1297 773 1323 δέ
785 1305 816 1331 γε
837 1297 990 1332 Νικηφόρος
1003 1306 1049 1324 κε-

263 1391 308 1414 tor
318 1385 425 1414 locutus
437 1387 502 1422 (non
519 1386 590 1414 enim
606 1391 711 1421 tempus
739 1386 764 1413 id
785 1391 843 1413 erat
868 1386 945 1421 plura
960 1387 1048 1414 disse-

263 1432 355 1467 rendi)
372 1432 486 1459 recessit
501 1433 527 1459 in
545 1432 685 1466 palatium,
712 1431 782 1459 bene
801 1437 931 1466 precante
959 1433 985 1460 itt
1004 1432 1048 1460 di-

262 1485 359 1514 gressu
375 1478 539 1512 patriarcha.
559 1477 683 1510 Aﬂinitas
698 1477 868 1513 porrocujus
883 1479 963 1506 modo
974 1478 1046 1508 facta

262 1528 304 1552 est
319 1523 430 1556 mentio,
446 1523 485 1551 sic
495 1531 524 1551 se
537 1523 641 1551 habuit.

263 1624 309 1652 27.
322 1625 440 1660 Αῃῖηίιαε
456 1625 524 1652 inter
536 1624 719 1660 impertitorem
729 1624 906 1660 elidespolant
929 1623 1048 1660 illic/tae:

298 1658 508 1691 leni‘conlracta,
524 1659 602 1686 Anna
613 1659 730 1693 Eulogius
746 1659 803 1692 [ilia
819 1658 917 1685 sororis
933 1659 1045 1692 Augusti

297 1695 445 1729 Niccpltoro
460 1695 573 1729 despolw
588 1693 724 1721 Michaelis
737 1694 791 1728 ﬁlio
807 1694 833 1720 in
849 1701 956 1720 uxorem
968 1693 1046 1722 data,

297 1795 364 1822 Cum
390 1801 462 1829 saepe
486 1794 633 1828 imperator
659 1793 700 1820 vel
727 1793 839 1820 aliorum
870 1793 911 1820 vel
936 1793 1045 1827 proprio

261 1842 342 1869 ductu
366 1840 494 1868 immissis
515 1840 542 1866 in
567 1844 683 1866 tractum
698 1838 845 1867 Oct-iduum
869 1839 964 1873 copiis.
979 1838 1046 1866 illic-

261 1893 313 1921 que
327 1893 388 1913 cum
416 1885 538 1913 hostibus
567 1892 739 1919 congressus,
778 1892 885 1918 semper
922 1883 1045 1918 repulsus

261 1936 344 1964 esset,
362 1936 502 1966 propterea
520 1931 591 1965 quod
612 1930 648 1957 ibi
670 1931 813 1958 dominans
835 1929 948 1958 Michael
966 1930 1044 1957 auxi-

261 1978 304 2005 liis
323 1977 426 2005 ltalicis
449 1977 576 2005 utebatur
591 1981 618 2004 et
643 1977 738 2004 borum
763 1977 789 2003 vi
807 1976 985 2003 conﬁrmatus
1000 1982 1044 2003 re-

261 2024 374 2052 sistebat
392 2023 566 2054 validissime,
579 2021 646 2049 adeo
658 2029 711 2048 non
726 2021 933 2057 proﬁcientibus
946 2027 1043 2049 contra

261 2070 407 2105 quidquam
422 2068 552 2095 Romanis
569 2071 598 2094 ut
619 2068 700 2095 etiam
716 2067 787 2095 male
803 2068 909 2095 multati
926 2067 1044 2103 plerum-

261 2123 314 2150 que
337 2114 469 2145 redirent,
491 2113 570 2148 longa
585 2113 752 2147 experientia
785 2113 886 2140 militia:
906 2113 1044 2141 damnosae

260 2161 368 2188 tandem
383 2167 529 2196 persuasus
544 2159 628 2186 otium
654 2159 690 2186 ibi
715 2162 742 2187 et
766 2166 875 2194 operam
892 2159 918 2186 in
943 2159 1043 2187 nullius

259 2207 357 2242 frugis,
371 2207 470 2234 nullius
487 2205 545 2240 spei
559 2205 667 2240 negetio
685 2205 754 2232 male
775 2205 910 2237 consumi,
935 2204 1043 2232 induxit

259 2254 287 2280 in
302 2254 421 2280 animum
438 2260 490 2279 non
504 2252 559 2285 jam
576 2251 715 2286 aspernari
732 2251 846 2285 amplius
858 2251 968 2278 crebras
981 2252 1043 2279 des-

259 2304 329 2334 pota‘.
358 2306 461 2334 preces,
480 2305 530 2325 nec
556 2305 596 2329 se,
613 2302 642 2324 ut
673 2298 814 2328 hactenus,
847 2296 1040 2324 inexorabilem

258 2346 380 2381 praebere
397 2344 580 2372 delinimentis
588 2343 707 2377 ejusdem
724 2348 750 2370 et
763 2342 927 2377 supplicibus
936 2342 1041 2376 oﬁiciis,

257 2393 304 2421 sed
320 2393 353 2420 ad
372 2398 464 2427 pacem
481 2398 541 2418 eum
557 2391 614 2424 ipso
628 2389 773 2417 inclinare.
803 2390 934 2422 Quoniam
953 2394 1041 2417 autern

257 2439 338 2475 253
360 2437 484 2465 Michacli
511 2441 590 2464 erant
615 2437 733 2471 despotaa
757 2435 804 2462 ﬁlii
834 2440 889 2462 tres
916 2435 1040 2469 legitimi,

257 2493 372 2521 quorum
397 2484 518 2512 Joannes
531 2483 638 2517 quidem
664 2483 691 2509 in
721 2481 845 2508 manibus
861 2489 893 2509 ac
907 2486 1042 2516 potestate

257 2531 430 2566 imperatoris
450 2535 518 2561 erat,
547 2531 649 2556 missus
664 2529 772 2563 quidem
792 2535 806 2554 a
821 2533 907 2563 patre,
925 2529 1040 2554 traditus

257 2583 346 2606 autem
366 2578 391 2604 in
404 2577 524 2604 obsidem
539 2583 552 2602 a
568 2580 654 2602 matre
670 2580 814 2609 prmsente,
835 2574 867 2600 ad
893 2574 1041 2601 concilian-

257 2625 319 2651 dam
347 2622 552 2650 conventionem
583 2620 654 2647 ultro
684 2618 947 2653 Constantinopolim
976 2626 1040 2652 pro-

257 2670 341 2702 fecta,
372 2675 452 2703 quem
476 2672 503 2694 et
529 2673 656 2699 generum
688 2665 787 2692 factum
814 2664 1038 2691 schastocratoris

256 2715 378 2744 Tornicii
395 2714 519 2748 superius
540 2712 703 2743 docuimus;
729 2711 781 2737 duo
803 2715 893 2737 autent
908 2711 1040 2744 degebant

256 2761 328 2797 apud
345 2765 459 2796 patrem,
473 2759 643 2793 Nicephorus
659 2762 685 2784 et
702 2757 866 2788 Demetrius.
888 2763 948 2783 cum
959 2756 1039 2783 tertio

255 2817 289 2838 ex
316 2808 412 2841 pellice
444 2807 536 2842 genito
561 2804 732 2837 Joanne;ac
745 2802 900 2831 Demetrius
928 2801 1036 2837 quidem

255 2855 372 2890 printum
391 2859 455 2881 tunc
473 2854 622 2887 pubescens
647 2852 811 2878 immaturus
837 2850 953 2884 negotiis
970 2849 1035 2876 nihil

255 2903 307 2931 nisi
319 2902 467 2930 puerilibus
493 2900 698 2929 remissiouibus
725 2899 848 2927 vacabat.
865 2899 1036 2927 Niccnltorus

1102 972 1319 1007 ἀνακαλουμένου
1337 976 1370 1009 τῇ
1395 974 1517 1010 βασιλείᾳ
1543 977 1572 1002 τὺ
1593 976 1695 1009 λεῖπον,
1720 978 1818 1012 ἠσθένει
1844 981 1876 1006 τὰ

1102 1018 1161 1044 καθ’
1176 1018 1213 1044 ἐω
1226 1018 1339 1053 διχόθεν,
1356 1019 1393 1054 τῷ
1410 1029 1438 1046 τε
1454 1021 1502 1052 τάς
1526 1022 1584 1048 ἐκεῖ
1607 1022 1734 1056 δυνάμεις
1755 1024 1816 1059 πρὸς
1830 1025 1876 1059 τὴν

1101 1062 1177 1089 δύσιν
1190 1063 1380 1098 ἐκπέμπεσθαι
1395 1065 1442 1091 καὶ
1461 1066 1499 1101 τῷ
1515 1068 1724 1102 καταμελεῖσθαι
1741 1071 1876 1104 μακρὸὓεν.

1108 1109 1188 1136 Ἀλλά
1202 1110 1287 1136 ταῦτα
1302 1110 1362 1145 μὲν,
1378 1111 1433 1137 τῶν
1445 1112 1561 1138 δυτικῶν
1586 1114 1785 1148 ἡσυχαζόντων,
1811 1117 1876 1149 τιέμ-

1102 1157 1184 1182 πωνό
1209 1155 1335 1190 βασιλεὺς
1363 1157 1424 1183 καθ’
1459 1157 1521 1184 ὅσον
1551 1156 1606 1184 οἷιὶν
1625 1167 1654 1185 τε
1684 1160 1810 1186 ἀνεκτᾶτο
1835 1160 1878 1187 καὶ

1101 1203 1169 1236 πρὸς
1182 1202 1212 1229 τὸ
1224 1203 1355 1238 πρότερον
1375 1204 1520 1238 ἐπανῆγεν.
1536 1204 1572 1231 Οὐ
1590 1205 1644 1239 γὰρ
1655 1203 1699 1240 ἧν,
1718 1205 1768 1232 οὐκ
1787 1204 1819 1241 ἦν
1835 1206 1878 1232 τοῦ

1100 1247 1229 1274 δεσπότου
1240 1248 1369 1281 φανέντος
1389 1249 1477 1275 ἐκεῖσε
1490 1250 1550 1280 τοὺς
1569 1250 1676 1284 Πέρσας
1703 1251 1739 1286 μὴ
1762 1252 1880 1286 ἠρεμεῖν,

1101 1291 1117 1326 ἢ
1133 1292 1232 1327 μᾶλλον
1246 1293 1293 1319 καὶ
1304 1293 1342 1328 μὴ
1358 1294 1406 1320 σὺν
1417 1294 1491 1329 φὸσῳ
1505 1294 1606 1322 πλείονι
1626 1296 1844 1324 ἀναστέλλεσθαι.

1100 1389 1165 1410 vero
1195 1382 1291 1410 viduus
1319 1387 1378 1410 erat
1395 1391 1482 1418 nuper
1506 1390 1614 1412 mortua
1647 1386 1732 1421 ipsius
1759 1388 1882 1423 conjuge,

1099 1429 1153 1456 ﬁlia
1163 1429 1288 1457 Lascaris
1297 1430 1422 1464 Augusti,
1435 1431 1497 1458 huic
1513 1432 1690 1460 decreverunt
1701 1436 1881 1462 communiter

1099 1476 1205 1503 tertiam
1228 1475 1344 1510 Eulogia:
1364 1480 1488 1503 natarum
1508 1478 1614 1504 Annam
1629 1479 1757 1513 copulare
1771 1480 1881 1514 nuptiis,

1099 1521 1204 1548 titulum
1232 1529 1263 1549 ac
1281 1521 1438 1556 dignitatem
1452 1522 1570 1557 despotte
1591 1522 1647 1557 jam
1674 1531 1706 1550 ex
1731 1524 1819 1558 priore
1832 1527 1882 1552 Ita-

1099 1567 1172 1595 benti
1188 1575 1202 1594 a
1218 1575 1317 1596 socero
1342 1569 1507 1604 imperatore
1529 1569 1633 1597 .Ioanne
1653 1576 1803 1605 acceptam.
1827 1571 1883 1598 ita-

1098 1620 1151 1647 que
1175 1621 1237 1641 cum
1256 1614 1341 1642 multo
1371 1615 1499 1642 satellitio
1531 1615 1726 1650 splendideque
1753 1617 1884 1644 comitattt

1097 1658 1175 1686 Anna
1192 1660 1275 1687 missa
1291 1661 1399 1695 nuptias
1412 1661 1559 1695 imperator
1580 1662 1648 1689 istas
1676 1663 1778 1698 peregit
1795 1672 1803 1695 ;
1827 1669 1884 1691 tum

1097 1709 1193 1733 vocato
1212 1705 1245 1733 ad
1261 1713 1290 1733 se
1303 1706 1568 1741 Constantinopolim
1590 1707 1753 1742 Nicephoro,
1769 1715 1888 1743 praeter—

1097 1757 1177 1784 quam
1192 1751 1217 1778 ei
1239 1751 1397 1787 dignitatem
1422 1752 1603 1786 conﬁrmavit,
1627 1754 1777 1782 honoribus
1801 1755 1888 1781 etiam

1097 1796 1172 1823 illum
1188 1801 1296 1824 auctum
1315 1797 1464 1832 majoribus
1478 1799 1609 1833 donisque
1621 1799 1760 1833 dignatutn
1774 1799 1891 1828 domum

1097 1843 1214 1870 remisit.
1247 1842 1348 1876 Sicque
1374 1844 1530 1871 constitutis
1564 1844 1590 1871 in
1616 1843 1765 1871 Occidente
1791 1847 1893 1878 rebus.

1096 1886 1198 1915 Orienti
1208 1887 1367 1921 jamdudum
1377 1887 1510 1915 laboranti
1521 1890 1702 1923 recuperando
1712 1891 1893 1924 attendebat,

1096 1940 1157 1961 cum
1167 1933 1227 1960 aliis
1242 1940 1274 1960 eo
1290 1933 1380 1961 missis
1396 1934 1532 1968 plurimis,
1549 1939 1604 1962 tum
1615 1937 1767 1970 praesertim
1779 1935 1896 1965 Joanne

1096 1979 1219 2014 despota,
1244 1986 1297 2014 quo
1324 1980 1441 2007 maxime
1467 1980 1643 2013 innitebatur,
1673 1982 1785 2009 abunde
1812 1982 1894 2010 illuni

1096 2023 1222 2051 idoneum
1231 2023 1370 2051 conﬁdens
1379 2025 1555 2052 emendandis
1564 2025 1770 2060 sarciendisque
1779 2027 1897 2054 cunctis

1095 2076 1144 2104 per
1162 2069 1235 2096 illum
1247 2073 1364 2097 tractum
1382 2070 1554 2098 detrimentis
1584 2071 1750 2106 reipublicte,
1779 2078 1810 2100 et
1838 2073 1899 2101 illis

1096 2114 1311 2149 periclitantibus
1326 2116 1445 2150 populis,
1463 2119 1565 2150 quanto
1584 2121 1658 2144 esset
1683 2125 1753 2152 opus
1772 2118 1809 2145 ad
1829 2119 1901 2147 illos

1095 2160 1210 2194 imperio
1237 2161 1396 2193 servandos,
1424 2161 1524 2189 auxilio
1545 2162 1675 2196 juvandis
1693 2165 1900 2199 tegendisque.

1095 2205 1199 2234 Revera
1218 2207 1290 2234 enim
1315 2207 1420 2235 intento
1449 2207 1613 2241 imperatore
1632 2210 1762 2236 Occiduis
1794 2211 1902 2244 rebus,

1057 2270 1083 2300 Β
1096 2253 1282 2280 etomnicura
1294 2258 1435 2294 satagente
1447 2253 1491 2281 illa
1507 2254 1609 2282 divulsa
1633 2255 1756 2283 membra
1780 2257 1906 2292 imperii

1096 2299 1201 2332 corpori
1215 2298 1380 2333 conjungere
1395 2299 1494 2327 iterum
1511 2308 1542 2328 ac
1568 2302 1721 2334 restituere,
1749 2303 1907 2331 inﬁrmari

1094 2351 1125 2370 ac
1140 2343 1272 2371 debilitari
1296 2345 1409 2380 contigit
1429 2347 1582 2379 provincias
1601 2347 1684 2384 244
1698 2349 1732 2375 ad
1753 2348 1908 2376 Orienta-

1093 2388 1146 2415 iem
1165 2389 1276 2416 limitetn
1301 2389 1367 2417 sitas
1380 2390 1480 2426 duplici
1496 2400 1529 2419 ex
1548 2401 1642 2426 causa,
1670 2393 1796 2428 primum
1821 2396 1909 2429 quod

1093 2440 1153 2468 qua:
1171 2433 1231 2461 illas
1249 2434 1323 2468 prius
1345 2434 1524 2462 defendebant
1542 2437 1626 2471 copite
1651 2436 1716 2463 inde
1744 2437 1777 2463 in
1809 2438 1911 2465 Occi-

1092 2480 1200 2507 dentem
1223 2481 1458 2514 abstralterentur,
1474 2483 1572 2510 deinde
1590 2483 1662 2516 quod
1687 2483 1712 2510 itt
1730 2485 1916 2512 necessita-

1093 2526 1168 2553 tihtts
1195 2528 1349 2562 urgentium
1383 2532 1411 2554 et
1443 2529 1562 2556 remedio
1590 2529 1716 2564 praesenti
1742 2531 1918 2564 egentium

1092 2581 1202 2600 casuum
1218 2579 1329 2608 propter
1351 2574 1574 2609 longinquitatem
1591 2574 1820 2609 negligerentur.
1842 2576 1924 2603 Ca:-

1093 2624 1179 2645 terutn
1197 2619 1253 2651 ubi,
1272 2623 1301 2646 ut
1325 2620 1389 2652 dixi,
1410 2625 1522 2654 pacatus
1551 2621 1601 2647 fuit
1618 2621 1763 2654 Occidens,
1800 2622 1924 2649 missis

1091 2667 1124 2692 ad
1143 2665 1202 2692 illas
1225 2669 1316 2698 partes
1347 2665 1495 2698 imperator
1514 2666 1600 2701 copiis
1628 2669 1764 2700 quautam
1803 2667 1925 2701 potuit

1091 2713 1237 2739 maximam
1255 2712 1288 2738 iis
1313 2713 1505 2746 recuperandis
1527 2720 1620 2740 cttram
1638 2713 1796 2747 impendit,
1827 2714 1926 2741 tere—

1090 2766 1144 2793 que
1173 2759 1199 2785 in
1228 2763 1329 2786 statum
1348 2759 1489 2794 pristintnn
1511 2759 1629 2788 reduxit.
1661 2754 1728 2787 Nam
1761 2760 1926 2794 despotm

1091 2804 1202 2832 Joannis
1229 2812 1259 2832 ea
1291 2805 1390 2837 virtus,
1416 2814 1445 2832 ea
1463 2805 1534 2832 fama
1550 2811 1619 2838 erat,
1637 2811 1666 2833 ut
1681 2814 1713 2833 eo
1728 2812 1927 2841 apparente

1091 2852 1150 2879 ﬁeri
1169 2859 1222 2879 non
1248 2856 1340 2886 posset
1369 2853 1433 2886 quin
1465 2851 1554 2879 Persae
1571 2853 1759 2885 quiescerent,
1776 2857 1840 2879 aut.
1860 2861 1922 2888 ρος

1091 2899 1144 2926 tius
1160 2906 1221 2926 cutn
1236 2903 1307 2926 metu
1328 2902 1354 2926 et
1367 2903 1472 2926 terrore
1485 2898 1579 2931 maiori
1594 2899 1855 2931 reprimerentur.
