1936 3069
87 110 131 141 689

543 108 592 137 DE
614 108 808 138 llllCHAELE
829 107 1062 137 PAL.’EOLOGO'
1076 107 1149 138 LIB.
1171 106 1228 137 Ill.

1649 101 1703 134 690

85 168 130 199 κη’.
148 162 219 198 Περὶ
231 163 284 199 τοῦ
297 163 495 199 φημισθέντας
512 163 646 196 ψεύδους
661 163 710 190 διὰ
729 162 865 196 Τοχὰρων
878 163 903 192 Α
917 170 976 192 σαν.
989 160 1118 197 Τοχάρων
1137 161 1212 192 ἔθνος
1224 158 1262 194 τῷ
1282 159 1378 194 πλήθει
1405 158 1553 193 θαρσῆσαν,
1569 156 1631 187 τοὺς
1650 155 1705 182 τῶν

267 197 435 232 ἐπιδρομὴν
445 198 520 225 κατὰ
537 200 673 225 Νίκαιαν.

111 255 164 284 Τοῦ
194 255 216 282 δ’
233 255 316 282 αὑτοῦ
342 255 429 286 ἔτους,
447 255 530 290 μηνὸς
553 256 682 289 Κρονίου,
708 255 762 282 τῶν
784 255 864 281 θείων

85 302 188 337 ἡμερῶν
202 302 253 335 τῆς
271 301 397 335 νηστείας
412 301 586 334 τελουμένης,
602 301 693 335 ἡμέρᾳ
706 300 754 334 τῆς
775 301 865 326 δευτέ-

85 356 127 383 ρας
142 347 289 382 ἑϐδομάδος
304 346 417 381 δευτέρᾳ
433 345 532 380 συνέϐη
558 347 590 380 τῇ
606 346 707 380 Nimia.
732 347 762 371 ὲκ
779 354 866 379 παρα-

86 394 155 426 δόξου
170 401 200 419 τε
211 393 257 419 καὶ
274 391 402 427 ἐξαίφνης
418 392 533 426 πρᾶγμα
545 391 665 426 πραχθὲν
689 392 736 426 μὲν
751 390 865 425 φοϐερὸν

84 439 125 466 καὶ
137 437 234 473 μηδενὶ
248 437 320 472 ἄλλῳ
333 438 371 467 είς
394 437 472 470 λόγον
500 436 653 471 ὑπερϐολῆς
681 435 865 471 παραχωροῦν

83 481 130 508 τῶν
146 481 297 516 πρωτείων,
309 480 359 507 κᾶν
371 480 384 506 ὃ
398 489 425 506 τι
443 480 490 507 καὶ
504 481 577 511 ὅπως
595 480 726 514 συμϐαίη,
753 480 814 505 ὅσον
831 480 863 515 τῇ

83 526 213 561 προσϐολῇ
230 527 276 552 καὶ
294 527 361 561 μονῇ
373 526 420 552 καὶ
431 527 465 561 τῇ
480 526 534 552 τῶν
552 525 644 551 δεινῶν
657 525 817 560 προσδοκίᾳ,
828 525 866 556 ὡς

83 571 128 606 ἠδη
147 570 286 604 μεγίστοις
298 571 391 601 κακοῖς
403 569 615 604 περιϐεϐλῆσθαι
633 570 779 603 ἀναγκαῖον
794 568 865 596 εἶναι

83 618 133 647 τοῖς
146 616 301 651 δεχομένοις
316 616 361 642 καὶ
377 615 458 650 μηδὲν
473 614 504 650 [Ρ
518 614 579 650 165]
593 615 647 641 τῶν
664 615 704 646 εἰς
729 614 867 650 σωτηρίαν

83 662 206 693 ἐλπίζειν,
236 661 379 695 λεγόμενον
405 661 434 687 δὲ
460 661 496 695 μὴ
525 661 602 686 τόσον
628 661 689 695 ἔχον
721 661 760 691 είς
784 661 867 695 φόϐον

83 707 124 732 καὶ
150 705 291 740 συστολὴν.
321 705 405 731 Εῐωθε
434 706 487 739 γὰρ
511 705 525 730 ὀ
553 705 630 738 λόγος
661 706 716 736 τοῖς
747 705 868 740 μετρίοις

83 751 190 787 μέγεθος
215 751 354 786 ἐπιφέρειν
378 751 415 782 ὡς
441 748 496 781 οἷός
525 751 548 776 τ’
571 750 680 777 ἐκείνων
708 752 843 785 περιεῖναι
858 770 865 782 ,

81 800 132 830 τοῖς
157 799 185 825 δὲ
207 798 345 833 μεγίστοις
369 798 501 831 ὲξατονῶν
531 797 640 834 ὕστερος
675 799 761 833 σφῶν⁴
778 799 870 832 φαίνε-

83 843 148 871 σθαι.
175 844 247 878 Πλὴν
266 844 347 871 καλὸν
373 845 402 870 ἐν
420 844 476 874 τοῖς
500 845 631 874 τοιούτοις
656 843 692 878 μὴ
709 845 765 874 τοῖς
785 843 864 877 λεγο-

82 891 169 924 μένοις
199 890 327 924 ἐμμένειν
357 890 412 920 τοῖς
442 889 530 922 λόγοις
568 890 770 924 προσέχοντας,
800 889 867 916 ἀλλὰ

82 935 125 961 καὶ
139 936 167 965 ἐς
182 935 254 969 μάλα
270 934 315 960 τὸν
328 933 390 960 νοῦν
408 934 556 968 ἐπανάγειν
581 936 630 961 καὶ
648 934 685 966 ὡς
709 935 752 960 ἐπ’
774 934 866 961 αὐτῶν

81 980 157 1011 ὂντας
168 979 223 1006 τῶν
237 980 403 1014 πραγμάτων
415 980 558 1006 ἀναπολεῖν
566 980 599 1006 τὰ
612 980 755 1014 λεγόμενα.
769 979 866 1015 Πρώτῃ

81 1025 166 1051 τοίνυν
180 1025 287 1059 φυλακῇ
298 1025 348 1060 τῆς
365 1024 470 1059 ἡμέρας
485 1025 602 1060 ἐκείνης,
629 1024 867 1060 ὐπεραναϐεϐηκό-

79 1079 124 1102 τος
136 1070 180 1096 τὸν
193 1071 318 1105 ὁρίζοντα
328 1070 374 1096 τοῦ
391 1071 467 1105 ἡλίου
481 1072 542 1097 ὅσον
559 1071 606 1097 καὶ
626 1071 673 1097 ἐπὶ
691 1072 787 1106 μοίρας
814 1071 866 1102 ζω-

80 1116 133 1142 δτου
145 1117 300 1150 τριάκοντα,
317 1116 359 1142 ἐπ’
375 1116 464 1151 ἔργοις
481 1117 563 1142 ὄντων
580 1117 633 1143 τῶν
651 1116 802 1152 ἀνθρώπων
812 1116 866 1143 τῶν

81 1161 127 1194 μὲν
141 1163 335 1195 πνευματικοῖς
352 1161 405 1187 τῶν
423 1162 451 1188 δὲ
465 1162 511 1188 καὶ
538 1162 714 1196 σωματικοῖς,
739 1162 866 1197 ἐξαίφνης

80 1207 227 1242 φημίζεται
240 1207 317 1241 λόγος
331 1207 381 1233 οὐκ
400 1208 429 1233 ἐν
443 1207 509 1242 τῷδε
525 1207 573 1242 μὲν
592 1207 630 1242 τῷ
646 1208 723 1243 μέρει
747 1208 797 1242 τῆς
815 1207 866 1234 πό-

79 1252 144 1284 λπως
159 1254 187 1280 ἐν
201 1252 269 1288 τῷδε
282 1253 304 1279 δ’
315 1252 356 1286 οὓ,
370 1252 437 1279 ἀλλὰ.
453 1252 542 1288 κύκλῳ
557 1253 620 1279 περὶ
635 1253 684 1279 τὴν
700 1253 776 1279 πόλιν
789 1252 866 1287 ξᾶπα-

77 1337 121 1364 28.
140 1337 178 1364 De
193 1339 298 1372 vulgata
314 1337 410 1365 Νἱιωίε
425 1338 494 1371 [also
510 1339 602 1365 nuntio
618 1337 796 1366 invadentium
806 1347 865 1366 eam

325 1374 415 1400 urbem
432 1372 620 1400 Tac/utrorum.

109 1427 240 1464 Ejusdem
264 1434 353 1456 autem
383 1430 447 1456 anui
469 1437 560 1457 mense
586 1429 695 1463 Martio,
719 1438 779 1458 cum
793 1432 863 1458 sacri

75 1475 132 1502 dics
149 1475 249 1509 jt'jllnii
266 1475 479 1506 celebrarentur.
496 1476 540 1503 die
549 1476 667 1504 secunda
684 1477 862 1505 hebdomadis

73 1522 212 1553 secundat,
240 1522 352 1556 contigit
379 1521 474 1549 Nicaea:
498 1529 530 1548 ex
551 1522 690 1556 inopinato
717 1527 744 1550 et
775 1523 864 1550 subito

73 1567 204 1600 quiddam
235 1567 302 1594 adeo
324 1567 486 1599 terrificum,
504 1572 533 1595 ut
555 1568 576 1595 si
594 1575 654 1595 cum
673 1569 788 1596 maxime
804 1573 863 1596 tur-

72 1613 193 1642 bulentis
213 1618 242 1641 et
271 1613 446 1641 tumultuosis
466 1614 619 1647 eventibus,
642 1615 688 1650 qui
716 1615 862 1642 maximam

73 1659 172 1688 afferre
201 1661 451 1688 consternationem
479 1661 579 1694 solent,
603 1661 768 1694 conferatur,
799 1661 864 1688 nulli

73 1707 198 1734 omnium
228 1706 339 1734 diritate
363 1707 553 1735 commotionis
568 1715 600 1735 ac
614 1708 751 1743 popularis
770 1709 864 1736 formi-

72 1753 144 1780 dinis
165 1753 264 1780 insana
288 1753 470 1781 concitatione
500 1755 642 1781 c6ncedat.
662 1754 741 1782 Unde
757 1763 865 1790 acquo-

70 1802 152 1826 modo
177 1799 311 1827 acciderit
337 1803 392 1827 tam
425 1800 597 1828 vehementer
628 1801 770 1835 ingruens,
808 1806 864 1828 tam

69 1844 183 1880 longum
202 1847 317 1878 durans,
336 1849 388 1872 tam
404 1847 483 1873 anxia
499 1847 700 1881 exspectatione
719 1847 781 1875 mali
801 1856 864 1883 gra-

69 1891 175 1918 vissimi
187 1892 320 1919 crucians
336 1896 433 1925 terror,
456 1898 509 1920 tam
527 1893 720 1922 inevitabiliter
739 1896 764 1922 in
786 1903 864 1923 sum-

67 1945 120 1965 mae
139 1937 312 1965 calamitatis
326 1944 435 1964 sensum
462 1939 540 1973 quasi
561 1945 723 1974 praesentem
737 1950 797 1969 cum
814 1949 863 1970 ex-

68 1986 154 2009 trema
191 1982 385 2017 desperatione
409 1983 504 2011 salutis
529 1991 597 2019 quos
616 1988 864 2021 comprehendebat

67 2028 187 2056 miseros
212 2028 372 2063 caujicieus,
390 2029 543 2057 conandum
555 2036 595 2058 est
612 2032 712 2064 dicere,
727 2038 864 2068 utcunque

66 2073 100 2099 sit
118 2073 234 2101 difﬁcile
250 2074 406 2102 narratione
420 2082 474 2101 rem
487 2076 639 2110 exprimere
655 2078 693 2104 uti
710 2085 740 2105 se
758 2079 863 2111 habuit,

65 2120 168 2154 quippe
182 2127 250 2155 quae
264 2119 299 2147 sit
327 2122 481 2148 necessario
507 2122 597 2149 minus
613 2127 690 2150 atrox
707 2125 863 2158 apparitura

916 206 1009 232 πυλῶν
1025 206 1215 241 κρεουργῆσαν
1230 204 1364 238 φύλακας,
1394 203 1524 229 εἰσελθεῖν
1552 202 1601 237 τὴν
1627 202 1705 228 πόλιν

917 251 976 287 μεθ’
990 252 1030 278 ὅτι
1046 251 1181 278 πλείστων
1192 250 1238 277 nati.
1250 249 1356 276 ’δεινῶν
1379 248 1559 283 ὁρμημάτων,
1591 247 1654 274 ὥστ’
1675 248 1706 274 ἐν

914 298 1014 332 ἀκαρεί
1025 297 1087 328 τοὺς
1102 297 1288 331 ἐμπίπτοντας
1307 295 1398 329 σφίσιν
1409 293 1617 328 ἀπροσδοκήτως
1632 293 1705 327 ἀπη-

915 345 967 375 νῶς
978 343 1187 377 κατασφάττειν.
1202 334 1256 368 Καὶ
1270 342 1283 367 ὁ
1297 341 1375 374 λόγος
1386 340 1443 374 ἅμα
1458 340 1506 375 μὲν
1518 339 1633 374 ἐρρήθη,
1646 338 1705 372 ἅμα

915 389 943 416 δὲ
974 389 1020 415 καὶ
1050 389 1098 422 τὴν
1121 388 1197 414 πόλιν
1220 386 1446 421 περιελάμϐανεν.
1487 384 1705 419 Ἐκπηδήσαντες

915 434 1059 470 τοιγαροῦν
1072 433 1127 460 τῶν
1141 433 1245 463 οίκιῶν,
1262 431 1352 462 καθὼς
1362 431 1477 461 ἕκαστος
1503 430 1573 464 ἔχων
1594 428 1704 463 εὑρέθη,

916 481 1022 514 ἐξέθεον
1036 479 1210 509 ἀσυντάκτως
1222 477 1292 504 κατὰ
1306 478 1356 508 τὰς
1368 476 1515 510 ἀμφόδους,
1527 475 1574 501 καὶ
1602 475 1626 500 οἱ
1654 474 1706 508 μὲν

916 528 1004 559 ἐνθεν,
1017 528 1042 553 οὶ
1061 526 1082 552 δ’
1095 525 1199 552 ἐκεῖθεν
1210 523 1353 559 φερόμενοι
1371 522 1494 556 ἀλλήλοις
1509 520 1704 556 προσέπιπτον.

916 573 971 600 Ἦν
987 573 1014 599 δὲ
1025 573 1071 599 καὶ
1082 571 1186 602 τούτοις
1206 569 1341 600 κάκείνοις
1358 565 1397 600 εἷς
1415 568 1461 594 καὶ
1481 568 1494 593 ὁ
1510 566 1593 598 αὐτὸς
1608 566 1702 597 πόνος.

917 620 973 646 Καὶ
988 619 1080 654 ὥσπερ
1094 617 1164 644 κατά
1188 615 1271 642 νώτου
1295 615 1341 641 κα)⁸
1363 613 1526 648 ἀμφοτέροις
1550 612 1706 645 ἐπείγοντος

918 665 964 692 τοῦ
980 663 1062 691 κακοῦ
1077 661 1271 698 συγκρούοντες
1282 659 1416 694 ἀλλήλοις,
1436 659 1526 691 ἀτεροι
1554 657 1584 690 ἐξ
1605 657 1706 691 ἐτέρων

920 709 1062 745 μανθάνειν
1073 708 1166 744 ἤθελον
1183 707 1225 737 τίς
1237 707 1253 740 ἠ
1267 706 1357 741 φήμη.
1374 705 1420 731 καὶ
1443 704 1467 730 εί
1483 703 1570 738 ἀληθῆ
1583 703 1616 729 τά
1630 701 1707 736 λεγό-

920 764 998 790 μενα.
1009 753 1078 780 Οὔτε
1094 753 1116 780 δ’
1127 750 1199 780 οὗτοι
1209 751 1265 778 οὔτ’
1282 752 1380 777 ἐκεῖνοι
1394 749 1522 783 ἀσφαλῶς
1547 747 1618 782 εἶχον
1633 747 1705 782 φράσ

920 801 985 834 ζειν,
1002 800 1069 835 πλὴν
1084 799 1130 826 τοῦ
1146 798 1233 834 ἀληθῆ
1246 795 1314 824 εῖναι
1338 797 1423 823 ταῦτα
1440 795 1592 830 συμφώνως
1617 793 1703 821 ἀπάν-

917 854 970 872 των
990 844 1202 880 ὶσχυριζομένων
1231 843 1271 874 εἰς
1299 841 1386 868 τοῦτο.
1417 841 1471 867 Καὶ
1497 839 1612 870 ἕκαστος
1641 838 1705 873 περὶ

916 891 1004 925 ἐαυτῷ
1027 889 1186 925 ἀμφιϐόλως
1204 887 1272 923 ἔχων
1296 887 1327 913 τὸ
1345 886 1489 918 σώζεσθαι,
1513 884 1706 919 ἀναμφιϐόλως

916 935 973 972 εἶχε
987 937 1049 971 περὶ
1063 935 1111 971 τὴν
1126 935 1230 970 φήμην.
1248 934 1291 960 Ἑν
1303 934 1357 968 ὅσῳ
1372 933 1399 959 δὲ
1412 932 1486 958 ταῦτ’
1496 931 1609 962 ἐκείνοις
1624 928 1704 965 ἦσαν,

916 983 1029 1009 κατόπιν
1055 981 1128 1008 ἄλλοι
1152 981 1326 1015 ἐκτρέχοντες
1338 977 1508 1013 ἐτραγῴδουν
1522 977 1571 1007 τάς
1601 984 1706 1010 συμφο-

918 1028 977 1062 ρὰς,
995 1027 1042 1054 καὶ
1061 1028 1170 1058 οἰκείοις
1190 1027 1282 1060 ελεγον
1308 1024 1455 1060 ὀφθαλμοῖς
1470 1023 1613 1050 τεθεᾶσθαι
1642 1022 1706 1053 τοὺς

918 1073 1043 1104 ἐπιόντας
1057 1073 1102 1099 τὸν
1118 1073 1314 1108 ἐντυγχάνοντα
1329 1071 1405 1106 σφίσι
1420 1070 1534 1106 μεληδὸν
1546 1067 1703 1102 κατασφάτ-

916 1126 1020 1149 τοντας,
1032 1117 1069 1149 ὡς
1081 1115 1151 1144 εἶναι
1166 1117 1213 1151 τὴν
1233 1116 1344 1142 ἐκείνων
1354 1115 1418 1142 θέαν
1437 1114 1495 1148 ἅμα
1516 1112 1562 1139 καὶ
1589 1111 1704 1139 θάνατον

916 1162 1062 1196 οἴκτιστον,
1084 1161 1138 1188 τῶν
1161 1161 1270 1196 φόϐων,
1284 1158 1371 1196 οἶμαι,
1406 1158 1647 1186 είδωλοποιούντων
1670 1156 1705 1182 τὰ

917 1207 989 1242 πάθη
1010 1208 1056 1234 καὶ
1071 1207 1237 1242 γρηγοροῦσι
1262 1207 1310 1233 καὶ
1328 1207 1362 1233 τά
1384 1206 1422 1241 μὴ
1443 1205 1507 1231 ὕντα
1533 1203 1704 1230 πλαττόντων

916 1253 1065 1288 ὀφθαλμοῖς
1078 1253 1108 1279 τὸ
1123 1252 1233 1279 ὸπτικδν
1247 1251 1432 1286 πλανωμένοις
1447 1250 1492 1277 καὶ
1507 1249 1557 1284 τῆς
1572 1247 1702 1284 ἀληθείας

916 1342 966 1369 hac
982 1341 1091 1376 quidem
1109 1341 1182 1368 urbis
1210 1345 1297 1375 parte,
1319 1339 1344 1367 in
1365 1339 1409 1367 illa
1425 1347 1490 1367 vero
1505 1347 1569 1372 non,
1586 1339 1632 1367 sed
1648 1339 1702 1366 late

917 1393 965 1420 per
993 1387 1087 1412 urbem
1120 1390 1204 1413 totam
1226 1393 1279 1412 uno
1310 1386 1411 1413 circum
1441 1385 1559 1420 untdique
1592 1391 1698 1417 tenore,

916 1437 1023 1467 gentem
1040 1432 1225 1458 Tocharorum
1254 1431 1424 1458 multitudine
1444 1430 1542 1458 fretatn
1559 1431 1702 1457 trucidatis

917 1484 999 1513 porta:
1017 1478 1172 1504 custodibus
1188 1477 1212 1503 in
1229 1478 1365 1504 civitatem
1382 1478 1514 1512 irrupisse
1527 1476 1701 1510 rapidissimo

918 1529 945 1551 et
977 1524 1127 1551 savissimo
1146 1523 1226 1549 simul
1251 1523 1364 1557 impetu,
1391 1523 1427 1549 ita
1458 1527 1487 1549 ut
1518 1522 1618 1557 passim
1636 1522 1702 1555 ipsis

919 1569 1057 1603 inopinato
1074 1568 1160 1595 ubivis
1172 1574 1347 1595 occurrentes
1363 1573 1500 1595 momento
1511 1569 1544 1595 ab
1555 1569 1587 1595 iis
1607 1569 1703 1594 imma-

918 1616 1031 1643 nissime
1047 1623 1142 1642 omnes
1162 1615 1382 1643 conciderentur.
1402 1615 1435 1642 Et
1452 1622 1545 1642 rumor
1563 1615 1606 1642 hic
1622 1615 1703 1642 simul

917 1662 1045 1696 prolatus,
1067 1661 1147 1688 simul
1161 1661 1315 1688 universam
1332 1660 1433 1694 pariter
1461 1660 1607 1694 complevit
1627 1668 1703 1687 emn-

917 1709 1116 1743 prehenditque
1145 1708 1293 1734 civitatem.
1322 1707 1484 1734 Exsilientes
1515 1707 1599 1742 igitur
1626 1712 1702 1733 extra

918 1756 1013 1782 domos
1039 1761 1070 1781 eo
1093 1754 1208 1788 quisque
1225 1753 1317 1780 habitu
1335 1760 1386 1787 qun
1415 1753 1461 1780 illo
1482 1760 1571 1780 rerum
1588 1753 1703 1779 articulo

917 1805 1041 1834 repertus
1061 1805 1113 1831 est,
1131 1800 1322 1827 discurrebant
1342 1798 1585 1834 confusissimeper
1600 1799 1657 1826 vias
1675 1804 1703 1826 ct

917 1846 1086 1880 augiportus,
1099 1851 1207 1873 ruentes
1225 1845 1270 1872 ille
1283 1846 1346 1879 huc,
1358 1844 1402 1872 hic
1420 1845 1492 1877 illuc,
1507 1844 1576 1872 alter
1593 1845 1618 1872 in
1635 1845 1701 1872 alte-

919 1900 979 1918 rum
997 1891 1148 1920 incidentes
1160 1896 1252 1919 mutuo
1267 1891 1373 1924 collisu,
1386 1891 1480 1918 labore
1494 1891 1624 1926 utrinque
1639 1898 1703 1918 cou-

918 1938 1012 1969 trario,
1040 1938 1086 1965 sed
1114 1938 1235 1972 pari;in
1259 1945 1338 1972 quem
1370 1937 1429 1964 illos
1458 1937 1583 1964 trudebat
1613 1937 1704 1971 opinio

916 1984 1014 2018 cuique
1034 1985 1162 2011 instantis
1177 1991 1191 2010 a
1221 1989 1295 2018 tergo
1327 1983 1401 2011 mali.
1420 1983 1459 2011 Ac
1474 1991 1534 2011 sese
1566 1983 1704 2018 pulsantes

916 2030 1145 2065 percontabantur
1158 2038 1218 2064 quae
1232 2030 1290 2057 haec
1303 2033 1375 2057 essct
1388 2028 1472 2062 fama,
1487 2034 1514 2057 et
1531 2030 1626 2064 ecquid
1638 2037 1702 2056 vera

916 2081 1104 2104 narrarentur.
1131 2076 1216 2103 Porro
1249 2083 1335 2110 neque
1365 2075 1391 2102 bi
1420 2082 1507 2110 neque
1530 2075 1566 2101 illi
1599 2081 1702 2102 certum

916 2123 1064 2158 quidquam
1079 2123 1208 2156 expedire
1227 2125 1360 2156 poterant.
1378 2121 1510 2148 Cmterum
1527 2128 1621 2148 omnes
1639 2128 1703 2148 voce

65 2165 226 2201 legentibus
240 2173 321 2200 quam
341 2174 400 2194 eatn
425 2169 531 2202 experti
545 2174 698 2197 senserunt.
717 2169 785 2198 Nam
803 2179 862 2206 qua:
877 2167 903 2197 D
917 2176 1036 2197 consona
1061 2168 1203 2196 verissima
1233 2167 1287 2194 dici
1325 2167 1514 2198 aﬂirnuzbaut;
1543 2174 1605 2193 nam
1621 2174 1702 2201 quam

65 2213 263 2241 mediocribus
287 2213 396 2247 quidem
426 2214 555 2249 allingere
574 2216 787 2251 magnitudinem
818 2225 864 2246 ars

64 2265 147 2294 atque
166 2259 350 2294 ampliﬁcatio
364 2260 498 2287 sermonis
512 2262 711 2295 potest,eadem
724 2263 792 2290 infra
807 2271 865 2290 ma-

64 2305 204 2332 xintarum
226 2311 277 2340 per
292 2311 321 2331 se
341 2297 430 2332 rerum
447 2305 589 2334 subsidere
606 2307 744 2342 fastigium
777 2309 865 2343 impar

64 2351 245 2386 assequendo
257 2350 335 2378 solet.
353 2350 442 2383 Quare
464 2352 593 2386 sapientis
608 2347 718 2381 lectoris
738 2358 780 2381 est
798 2355 864 2382 sub-

63 2398 160 2426 levare
199 2397 312 2432 judicio
329 2397 356 2424 in
375 2397 475 2426 talibus
501 2398 687 2426 inﬁrmitatem
708 2400 865 2435 scriptionis

61 2445 104 2471 cui
126 2443 334 2478 cognoscenda:
361 2443 407 2470 dat
439 2451 560 2478 operam,
579 2446 711 2480 et,quasi
738 2447 864 2480 supplere

63 2490 250 2526 imaginando
273 2489 343 2523 quod
364 2490 446 2517 dictio
465 2490 554 2517 minus
577 2491 714 2525 exprimit,
739 2492 864 2520 evolantc

61 2537 156 2564 animo
178 2536 209 2563 in
242 2535 330 2569 ipsam
356 2536 527 2569 praesentiam
560 2536 684 2571 periculi,
713 2545 865 2572 sensusque

60 2583 200 2611 indueme
227 2580 328 2616 quales
360 2580 443 2609 fuisse
470 2587 684 2610 consentaneum
706 2584 742 2610 sit
771 2591 863 2611 eorum

60 2629 163 2663 quibus
181 2627 307 2662 contigit
325 2627 351 2653 in
377 2626 458 2662 245
477 2634 515 2659 re,
540 2627 604 2655 dum
625 2633 777 2663 gereretur,
807 2629 863 2663 ipsa

60 2674 180 2703 versari.
199 2673 300 2700 Primo
322 2673 403 2707 igitur
423 2674 536 2701 trihorio
548 2673 599 2701 diei
616 2674 699 2707 illius,
726 2676 865 2703 eminente

60 2728 145 2755 supra
162 2719 345 2747 horizontem
358 2719 414 2746 sole
429 2719 506 2754 quasi
521 2719 644 2754 partibus
660 2720 729 2755 signi
743 2721 863 2755 triginta,

60 2777 122 2796 cum
142 2767 285 2803 operibus
302 2765 425 2793 homines
438 2772 567 2794 vacarent
593 2766 637 2793 alii
666 2767 863 2801 spiritualibus,

61 2815 210 2852 corporeis
226 2813 290 2845 alii,
312 2812 453 2840 confestim
471 2813 540 2839 fama
560 2813 721 2848 dissipatur,
748 2821 800 2842 non
836 2814 862 2842 in

917 2214 1033 2249 quisque
1061 2213 1184 2240 incertus
1211 2217 1270 2239 erat
1300 2211 1408 2239 consilii
1436 2212 1468 2239 de
1496 2211 1538 2238 via
1568 2213 1704 2247 modoque

916 2261 1034 2295 propriae
1048 2259 1181 2287 salutisin
1200 2263 1257 2285 tuto
1272 2258 1447 2291 collocandae,
1476 2263 1530 2285 tam
1557 2262 1662 2285 certum
1676 2267 1704 2285 se

916 2306 1021 2334 ferebat
1032 2306 1066 2333 de
1082 2305 1195 2333 veritate
1211 2305 1352 2340 gliscentis
1370 2305 1459 2332 famae.
1475 2306 1503 2331 lu
1527 2305 1569 2332 his
1585 2306 1648 2332 dum
1658 2305 1703 2332 isti

916 2357 1006 2384 erant,
1020 2359 1083 2380 ecce
1097 2360 1112 2379 a
1126 2356 1202 2387 tergo
1220 2351 1266 2378 alii
1289 2355 1430 2378 currentes
1448 2350 1641 2378 miserabiliter
1658 2351 1703 2378 de-

915 2397 1059 2432 plorabant
1087 2398 1224 2425 infandam
1241 2397 1356 2429 cladem,
1376 2397 1493 2431 propriis
1510 2398 1589 2424 modo
1613 2405 1643 2424 se
1660 2397 1703 2424 vi-

916 2443 990 2471 disse
1005 2443 1091 2471 oculis
1106 2447 1298 2474 memorantes,
1319 2441 1402 2477 246
1418 2442 1481 2469 dum
1494 2443 1587 2469 hostes
1603 2450 1700 2477 quem-

916 2489 988 2524 piam
1012 2490 1064 2517 sibi
1078 2490 1187 2518 obvium
1215 2488 1386 2517 membratim
1412 2489 1627 2524 conccrpsei'iut,
1652 2488 1703 2516 dif-

916 2537 980 2564 ficili
1006 2536 1108 2570 judicio
1130 2538 1311 2564 immaniorne
1324 2536 1369 2563 illa
1390 2536 1539 2563 crudelitas
1563 2536 1645 2563 cmdis
1670 2544 1703 2562 an

917 2583 1020 2610 tristius
1031 2589 1058 2610 et
1073 2583 1254 2611 miserabilius
1274 2585 1459 2616 spectaculum
1485 2582 1576 2610 fuerit.
1609 2581 1704 2608 Credi-

916 2629 1000 2656 derim
1013 2635 1155 2663 terrorem,
1169 2635 1260 2664 partes
1270 2629 1442 2657 iuvadeutcm
1456 2629 1588 2663 Morphci,
1599 2628 1702 2655 somnia

917 2675 1089 2709 vigilantibus
1118 2681 1186 2702 tetra
1216 2676 1337 2709 quaedam
1370 2675 1532 2710 objectasse,
1563 2680 1646 2708 atque
1675 2679 1704 2701 ut

915 2729 964 2756 per
986 2725 1094 2748 noctem
1127 2721 1316 2756 imaginatioui
1336 2722 1405 2749 solet
1424 2729 1518 2757 sopor,
1552 2721 1589 2747 ita
1618 2721 1705 2748 oeulis

916 2768 975 2795 lttce
1001 2768 1086 2802 palatn
1117 2767 1244 2799 illusisse,
1283 2768 1339 2795 visa
1364 2767 1526 2795 ostentando
1553 2767 1631 2793 falsa.
1659 2765 1705 2793 Vis

916 2821 1012 2848 nempe
1029 2813 1077 2840 illa
1105 2818 1145 2840 cst
1172 2813 1273 2840 insana:
1304 2813 1469 2846 formidinis,
1501 2813 1561 2848 ubi!
1581 2817 1700 2840 mentem
