1936 3069
241 101 292 135 691

845 110 1004 143 GEORGII
1023 111 1261 145 PACHYMERE

1798 115 1853 147 ωε

238 156 466 195 ἀποτυγχάνουσι.
481 161 518 188 Τὸ
537 160 591 197 γὰρ
605 162 673 189 κατὰ
689 163 750 191 νοῦν
765 164 876 200 φοϐερὸν
887 166 1024 200 λαμδάνον
1038 168 1062 197 Α
1076 166 1120 196 οἷά
1134 177 1203 200 τινες
1218 170 1367 204 διᾴττοντες
1382 170 1514 204 συνεχεῖς,
1524 169 1570 196 καὶ
1584 168 1610 196 οἵ
1623 169 1673 203 μὲν
1695 167 1780 201 ἔνθεν,
1794 170 1818 195 et
1831 168 1862 195 δὲ

238 205 271 231 τδ
284 205 404 238 ὁπτικδν,
417 205 455 237 ὠς
465 207 520 238 τοῖς
535 207 587 239 ἔξω
604 208 751 235 σκοτασθὲν
766 209 810 236 διὰ
824 210 854 236 τὸ
868 210 963 246 περιὸν
978 211 1027 243 τῆς

239 249 349 281 δειλίας,
361 251 409 278 ’καὶ
422 252 490 278 κατὰ
505 252 604 287 τρόπον
624 253 733 288 βλέπον,
753 257 895 290 προσεῖχεν
909 255 947 287 ὡς
959 256 1027 290 ἅλη-

239 294 282 320 θεῖ
295 295 583 332 είδωλοπλαστουμινῳ
595 299 628 332 τῇ
647 299 793 335 φαντασίᾳ,
819 301 866 327 καὶ
890 300 904 327 ὃ
921 301 1027 328 ὑπενόει

239 339 320 372 μόνον
343 339 381 370 ὠς
395 339 425 366 ὃν
446 341 609 374 ὑπετόπαζε.
622 343 654 369 Τί
680 343 734 379 γὰρ
751 345 863 376 ἐκείνοις
880 345 1028 382 [Pw-Hi1-

241 383 352 417 βούλετο
367 385 395 411 τὸ
408 385 442 412 τὰ
458 386 618 421 ἁνύπαρκτα
632 387 669 419 ὡς
685 389 713 414 ὲν
729 389 875 417 ὑποστάσει
891 390 955 417 ὄντα
983 399 1028 417 πι-

238 429 374 460 στοῦσθαι,
398 431 422 456 ot
438 431 461 456 δ’
478 431 622 464 ἀκούοντες
635 433 686 460 τῶν
704 434 822 468 πρόσθεν
839 435 888 470 μὲν
903 435 1028 470 ἐξεκρού-

240 478 312 504 οντο,
327 473 572 509 παλινδρομοῦντες
585 477 607 503 δ’
622 477 650 508 ὲς
671 477 760 510 οἴκους
775 480 798 505 ol
814 479 863 514 μὲν
888 481 949 511 ταῖς
977 488 1029 514 γω-

239 517 310 549 νίαις
325 519 437 554 ἐζήτουν
453 521 638 555 παραδύεσθαι
654 524 724 550 κατὰ
736 525 766 551 τὸ
777 525 868 558 σφίσιν
883 526 974 557 αὐτοῖς
988 527 1028 557 εις

238 564 374 597 σωτηρίαν
395 565 487 591 ἱκανὸν
513 567 698 601 νομιζόμενον,
730 570 776 596 καὶ
796 571 820 596 οἱ
844 570 894 605 μὲν
925 571 1027 605 τάτους

236 607 321 633 πάλαι
347 609 573 638 κατατεθνεώτων
592 613 764 647 δινοιγνύντες
796 615 926 647 alat-560w,
953 617 978 642 oi
1005 616 1027 642 δ’

237 653 364 686 ἀσφαλέσι
381 656 472 686 τόποις
485 656 599 688 ἑαυτοὺς
614 658 786 686 ὲνεπίστευον
797 668 805 676 ⁸
829 660 903 687 ἄλλοι
929 661 957 687 δὲ
978 661 1026 687 ἀν-

237 698 338 732 δρῶδές
350 708 376 724 τι
389 703 435 726 καὶ
452 700 602 736 θαρραλέον
616 703 761 738 ἡγούμενοι
772 705 901 739 πράττειν
915 705 982 731 ὅπλα
996 714 1026 731 τε

239 744 411 779 περιετίθουν
430 746 478 772 καὶ
492 747 603 789 λόγχαις
625 748 673 774 σὺν
702 749 813 776 ἀσπίσιν
840 751 958 785 ἐχρῶντο
981 752 1026 777 καὶ

236 789 282 815 τὸν
295 790 462 824 ἡγησόμενον
482 791 632 827 ὲξεζήτουν.
644 791 735 820 Ἦσαν
756 795 784 821 δὲ
799 796 859 821 τότε
884 796 898 822 ό
922 795 970 829 μὲν
986 797 1024 826 είς

237 835 404 868 προστασίαν
424 836 474 871 τῆς
500 838 603 869 πόλεως
632 840 797 874 τεταγμένος
821 841 871 867 οὐκ
888 838 918 867 εὖ
946 841 1022 872 εἰδὼς

237 879 371 913 πολέμων,
388 881 454 907 ἁλλὰ
468 882 616 917 λημμάτων
630 884 643 910 ὁ
665 885 852 920 Μανουηλίτης
874 886 1017 918 Νικόλαος,

236 924 318 959 τιμὴν
333 925 441 960 ἕχωντὸ
455 928 643 963 προκαθῆσθαι
671 931 719 964 τῆς
747 931 860 962 πόλεως,
890 932 963 958 ἄλλοι
990 931 1018 957 δὲ

237 970 357 996 πλεῖστοι
379 971 540 1006 πολεμικαῖς
560 974 716 1008 ἐμπειρίαις
736 975 959 1011 ἐντεθραμμένοι,
979 974 1018 1007 οἷς

237 1016 350 1049 οὐδεμία
364 1021 405 1047 τις
426 1018 488 1050 ἐνῆν
505 1019 535 1044 τὺ
555 1019 682 1052 τηνικάδε
701 1020 790 1048 ἔννοια
820 1021 866 1047 τοῦ
892 1022 1019 1052 πολλάκις

237 1060 285 1086 καὶ
299 1060 394 1095 ψεῦδος
408 1059 477 1088 εἶναι
490 1063 519 1089 τὸ
537 1064 731 1098 φημιζόμενον,
745 1064 813 1091 ἀλλὰ
837 1066 904 1092 πᾶσι
932 1066 1020 1096 κοινὸς

237 1107 439 1140 προσπεπαίκει
458 1108 550 1142 φόϐος.
564 1110 617 1135 Καὶ
634 1111 670 1144 μὴ
698 1111 776 1144 μόνον
802 1112 832 1137 τὸ
856 1112 924 1138 κατὰ
950 1112 1019 1144 σφᾶς

238 1150 345 1184 ἧθελον,
360 1152 427 1179 ἀλλὰ
438 1153 484 1179 καὶ
498 1153 528 1180 τὸ
537 1154 607 1180 κατὰ
619 1156 709 1181 πᾶσαν
718 1155 766 1189 τὴν
785 1155 861 1182 πόλιν
877 1155 1018 1187 σώζεσθαι.

217 1231 219 1233 ι
242 1195 431 1229 Ὀπλισθέντες
460 1199 602 1234 τοιγαροῦν
629 1200 729 1226 διέθεον
748 1201 836 1227 πᾶσαν
856 1200 905 1227 τὴν
931 1201 1019 1233 πόλιν,

233 1285 462 1319 consternaverit,
480 1285 597 1313 furorem
628 1286 690 1314 inde
705 1286 790 1314 oculis
816 1286 965 1318 omtudere,
994 1291 1021 1313 ιιι

232 1331 287 1358 sibi
320 1339 412 1359 coram
449 1339 564 1360 cernere
592 1337 688 1359 maesta
719 1337 843 1367 tetraque
874 1333 1019 1359 simulatae

232 1377 389 1410 videamur,
405 1384 465 1411 qua:
482 1385 614 1411 nusquam
637 1378 692 1404 sint
707 1378 769 1404 alibi
786 1385 865 1412 quam
886 1378 913 1405 in
928 1386 1021 1405 errore

233 1422 376 1449 delirantis
387 1421 481 1453 animi,
492 1422 564 1449 unici
581 1422 694 1449 artiﬁcis
709 1422 828 1454 illorutn,
845 1422 1021 1457 persuasione

233 1468 358 1503 quamvis
371 1476 438 1495 vana
448 1468 585 1502 stultaqtte
597 1468 623 1495 in
636 1474 711 1495 certo
725 1468 875 1495 afﬁrmandi
893 1469 973 1496 lidttci
984 1478 1019 1495 un

232 1514 399 1542 abundante.
416 1514 491 1541 Talia
501 1514 547 1549 qui
558 1523 571 1540 a
584 1518 677 1541 contra
687 1514 858 1542 venientibus
867 1515 1020 1546 audierant,

231 1559 387 1587 referebant
404 1565 477 1586 retro
488 1560 582 1594 pedem
593 1560 688 1588 domos
700 1568 795 1588 versus
807 1570 814 1594 ;
831 1568 894 1595 pars
906 1562 1021 1596 angulos

232 1606 437 1638 scrutabantur,
472 1606 561 1633 sicubi
589 1614 686 1634 cavum
718 1607 873 1634 invenirent
905 1615 960 1642 quo
992 1615 1021 1635 se

232 1650 456 1685 compingerem:
492 1651 536 1678 alii
567 1652 640 1678 aliud
672 1652 767 1679 salutis
797 1660 872 1686 spem
903 1653 1021 1679 offerens

231 1698 374 1726 latibulum
407 1699 569 1734 captabant;
603 1707 652 1726 nec
682 1700 794 1727 deerattt
825 1700 870 1734 qui
891 1701 1021 1734 sepulcris

232 1744 333 1772 dudum
355 1749 521 1772 mortuorum
536 1752 597 1772 sese
616 1745 787 1772 insinuantes
803 1746 841 1773 ibi
856 1753 1019 1781 mussarent;

231 1790 299 1818 locis
312 1791 420 1825 quidam
435 1791 548 1818 tnunitis
556 1795 582 1817 et
599 1792 669 1818 firmi
684 1792 774 1826 operis
788 1797 867 1826 caput
883 1793 1021 1827 vitamque

232 1837 472 1864 commendabam.
505 1837 546 1864 Ab
580 1837 623 1864 bis
652 1837 753 1864 diversi
787 1837 909 1864 nonnulli
938 1838 1020 1871 digno

232 1882 311 1914 viris,
342 1887 369 1909 et
397 1887 425 1909 ttt
453 1881 519 1917 ipsis
546 1882 698 1916 videbatur,
733 1891 866 1917 generoso
892 1884 1018 1917 consilio,

234 1927 320 1954 armis
335 1927 447 1959 indolis,
458 1932 565 1962 arrepta
579 1928 671 1955 lancea
688 1933 831 1963 scutoque,
847 1929 893 1963 qui
908 1929 1020 1957 duceret

232 1973 363 2000 adversus
397 1973 500 2000 hostem
533 1975 703 2008 quaerebant.
740 1974 828 2002 Homo
861 1980 922 2003 erat
959 1977 1020 2003 urbi

231 2019 394 2054 praepositus
419 2020 571 2054 praedarum
600 2028 681 2054 quant
711 2021 864 2055 praeliorum
878 2022 1018 2056 scientior,

231 2064 391 2093 Manut-lites
419 2065 556 2093 Nicolaus.
584 2066 655 2093 Huic
668 2066 756 2094 honor
775 2067 913 2101 obtigerat
925 2067 1020 2102 prmsi-

231 2112 315 2139 dendi
333 2117 396 2140 tunc
408 2112 515 2141 Nicme.
534 2112 618 2140 Erant
642 2118 669 2140 ct
700 2113 745 2140 alii
762 2113 883 2148 plurimi,
913 2114 1019 2142 militia:

1078 213 1182 240 ἔκεῖθεν
1203 214 1262 248 μεθ’
1277 214 1366 249 ὁρμῆς
1400 214 1570 249 ἐξαλλόμενοι
1594 214 1669 240 οὐδὲν
1690 214 1783 248 ἑώρων
1806 213 1866 239 τῶν

1077 258 1229 293 λεγομένων
1243 281 1250 291 ,
1279 261 1367 294 μόνων
1387 261 1415 286 δὲ
1438 260 1564 295 ὀδυρμῶν
1589 259 1636 286 καὶ
1666 260 1863 293 στεναγμάτων

1078 303 1175 339 ἤκουον
1201 305 1239 336 ὡς
1263 306 1370 338 ἁλόντος
1400 306 1446 332 τοῦ
1466 307 1561 337 ἄστεος
1588 305 1635 332 καὶ
1649 306 1688 336 ὡς
1710 304 1756 331 τοῦ
1773 303 1862 330 δεινοῦ

1078 350 1169 383 σφίσιν
1182 351 1211 376 ὲν
1231 351 1288 386 χρῷ
1307 351 1456 385 γεγονότος,
1481 351 1528 377 καὶ
1548 352 1639 385 σχῆμα
1666 348 1702 385 ἦν
1732 350 1863 384 ἄντικρυς

1077 394 1193 430 ἀλούσης
1207 396 1308 427 πόλεως
1321 396 1355 422 τὰ
1369 397 1554 432 πραττόμενα,
1577 396 1646 430 πλὴν
1676 395 1725 421 οὒκ
1747 395 1780 421 ὲκ
1808 394 1863 421 τῶν

1077 440 1203 475 δρώντων
1217 442 1422 477 είκονιζομένων
1436 442 1492 469 τῶν
1510 442 1645 477 χαλεπῶν,
1672 441 1729 467 ἀλλ’
1754 442 1787 467 ὲκ
1807 441 1863 467 τῶν

1078 487 1235 521 πασχόντων
1250 487 1284 514 τὰ
1305 489 1353 521 τῆς
1368 488 1504 518 ἁλώσεως.
1529 488 1566 513 Οὐ
1590 487 1643 522 γὰρ
1666 486 1742 518 κενὸς
1769 487 1863 513 ἐκάλει

1077 531 1155 557 κενὸν
1174 531 1211 562 ὡς
1237 531 1386 566 ληψόμενος
1402 532 1447 558 τὴν
1463 531 1547 566 ἀργὸν
1568 530 1636 566 πρὸς
1661 531 1691 556 τὸ
1715 530 1862 565 λήψεσθαι,

1078 576 1138 602 οὐδὲ
1153 576 1258 611 πλήρης
1270 576 1308 603 ὢν
1319 577 1398 608 ἄλλος
1416 575 1591 612 παρώτρυνεν
1608 577 1712 611 ἕτερον,
1730 575 1788 602 ἀλλ’
1805 573 1862 602 οἷον

1077 621 1274 652 ὲκσπασθέντες
1296 621 1333 655 τῷ
1365 622 1526 656 φοσόληπτοι
1553 621 1702 654 γεγονέναι,
1727 619 1775 647 καὶ
1804 620 1861 650 τοῖς

1076 666 1185 698 οἰκείοις
1198 667 1235 698 ὡς
1248 667 1395 702 ἀλλοτρίοις
1405 668 1630 701 προσπταίοντες,
1645 667 1804 693 ὑπώπτευον
1814 665 1861 692 καὶ

1076 711 1138 742 τοὺς
1167 712 1291 745 συνήθεις
1320 711 1356 742 ὡς
1383 711 1538 746 πολεμίους,
1570 711 1645 746 παρὰ
1681 710 1809 737 τοσοῦτον
1828 711 1859 737 οὐ

1078 756 1239 790 σφάττοντες
1254 756 1318 791 παρ¹
1334 757 1395 782 ὅσον
1408 748 1455 782 καλ
1481 756 1511 781 τὸ
1534 756 1601 791 πρὸς
1630 755 1741 782 ἐκείνων
1762 755 1859 782 παθεῖν

1077 800 1263 835 ἐφυλάττοντο,
1276 802 1404 836 δύσμοροι
1420 800 1468 835 τῆς
1485 801 1630 835 ὁμαιχμίας
1651 800 1698 827 καὶ
1713 800 1799 827 ἄθλιοι
1810 800 1861 833 τῆς

1075 847 1143 872 κατὰ
1161 847 1231 880 σφᾶς
1245 846 1397 881 προθυμίας
1409 846 1532 878 ἕκαστος.
1545 847 1611 873 Τότε
1638 847 1683 872 καὶ
1699 847 1722 872 οί
1745 847 1775 872 ὲν
1804 847 1861 881 εἱρ-

1076 892 1152 920 κταῖς
1165 891 1284 925 σιδήροις
1300 891 1459 926 πεδούμενοι
1475 891 1578 925 (πολλοὶ
1593 891 1643 925 γὰρ
1651 891 1705 917 τῶν
1720 891 1860 925 πολεμίων

1075 937 1253 970 κρατηθέντες
1269 937 1304 967 ὡς
1323 937 1432 972 εἱρκτὴν
1447 937 1531 972 λήθης
1544 937 1592 972 τὴν
1612 937 1640 963 ὲν
1655 937 1757 972 Νικαίᾳ
1772 937 1861 970 φυλα-

1075 982 1126 1016 κὴν
1158 983 1356 1017 κατεκρίνοντο,
1376 982 1413 1014 ὡς
1439 983 1469 1009 οὺ
1496 983 1594 1017 ῥαδίως
1624 983 1657 1009 ἂν
1681 982 1860 1016 ἀποδράντες)

1075 1028 1173 1055 ἐκεῖνοι
1197 1028 1285 1054 τοίνυν
1312 1028 1359 1062 τὴν
1385 1028 1476 1063 κοινὴν
1503 1028 1634 1062 θεώμενοι
1661 1028 1782 1063 ταραχὴν
1799 1029 1861 1054 ἐπί-

1076 1081 1170 1100 στευον
1182 1073 1245 1104 τοὺς
1264 1073 1377 1108 ἐχθροὺς
1389 1074 1503 1099 εἰσιέναι
1518 1073 1564 1099 καὶ
1577 1073 1710 1107 κρατῆσαι
1737 1075 1767 1099 τὸ
1780 1073 1858 1107 ἄστυ,

1074 1119 1123 1145 οὐκ
1140 1119 1169 1150 ἐξ
1179 1115 1216 1144 ὧν
1229 1119 1348 1149 ἐκείνους
1362 1118 1485 1150 ἔϐλεπον,
1497 1119 1554 1144 ἀλλ’
1569 1118 1598 1150 ἐξ
1611 1115 1647 1144 ὧν
1662 1118 1706 1145 τὸν
1720 1119 1775 1145 τῶν
1789 1120 1861 1145 ἐποί-

1075 1171 1130 1189 κων
1144 1162 1256 1197 θόρυὸον
1268 1163 1394 1191 ἐθεῶντο.
1411 1162 1466 1188 Καὶ
1475 1162 1505 1196 δὴ
1525 1162 1579 1188 τῶν
1595 1162 1682 1189 πεδῶν
1702 1163 1860 1194 ἐκλυθέντες

1075 1206 1187 1241 οὐραγοί
1209 1215 1281 1238 τινες
1303 1204 1373 1242 ἦσαν
1409 1206 1611 1243 προεκθεούσης
1635 1207 1684 1243 τῆς
1709 1207 1860 1241 φάλαγγος,

1077 1292 1198 1325 nihilque
1226 1291 1319 1318 deerat
1349 1289 1382 1316 ad
1415 1296 1524 1317 scenam
1568 1289 1695 1323 tragicam
1735 1294 1869 1316 extrema:

1073 1336 1251 1366 calamitatis,
1281 1336 1368 1369 qualis
1405 1335 1432 1362 in
1466 1334 1621 1369 direptione
1661 1332 1737 1360 urbis
1776 1339 1868 1365 expu-

1076 1387 1165 1417 gnatae
1187 1382 1321 1413 cernitur,
1349 1381 1400 1408 nisi
1429 1380 1501 1415 quod
1522 1380 1586 1407 sola:
1602 1386 1662 1412 qua
1692 1378 1868 1412 patiebantur

1078 1435 1203 1462 personae
1223 1433 1313 1460 partes
1327 1425 1394 1457 illic,
1409 1430 1435 1453 et
1451 1425 1558 1459 quidem
1573 1422 1785 1459 perfectissime,
1801 1429 1866 1456 age-

1076 1474 1139 1500 bant
1153 1481 1227 1504 suas,
1257 1473 1311 1499 vim
1341 1471 1488 1499 inferentes
1504 1470 1695 1505 comparebant
1718 1476 1864 1503 nusquam.

1073 1519 1130 1546 Non
1152 1520 1234 1550 enim,
1247 1523 1276 1545 ut
1293 1519 1321 1544 lit
1338 1518 1364 1544 iu
1378 1518 1562 1552 depraedation
1576 1518 1628 1544 bus
1641 1522 1781 1551 captarum
1796 1514 1865 1541 civi-

1073 1569 1171 1596 tatum,
1204 1572 1308 1591 vacuus
1335 1571 1449 1590 vacuum
1477 1563 1675 1590 exhortabatur
1702 1561 1735 1587 ad
1768 1568 1862 1587 secum

1072 1610 1241 1645 rapiendum,
1274 1615 1302 1637 et
1330 1609 1357 1636 in
1388 1609 1439 1636 hoc
1464 1616 1574 1643 segnem
1606 1607 1776 1642 increpabat.
1800 1605 1861 1632 Non

1072 1663 1165 1683 rursus
1177 1656 1273 1689 plenus
1287 1655 1387 1690 praeda:
1406 1654 1476 1682 alius
1511 1653 1666 1680 nStentabat
1683 1652 1757 1679 socio
1772 1651 1860 1684 spolia

1071 1701 1205 1735 exposita,
1221 1700 1337 1727 incitans
1367 1705 1395 1726 ut
1414 1703 1522 1726 strenue
1549 1697 1678 1724 auferret.
1707 1695 1790 1726 Nihil,
1821 1694 1864 1720 itt-

1071 1754 1163 1782 qnam,
1186 1746 1362 1780 spectabatur
1385 1745 1447 1775 tale.
1463 1744 1510 1771 sed
1536 1748 1639 1770 tantum
1656 1741 1732 1768 turba
1758 1740 1863 1766 tumui-

1072 1797 1152 1820 tuans
1181 1792 1336 1818 avulsoruut
1368 1789 1493 1817 domibus
1517 1792 1543 1815 et
1572 1793 1672 1814 temere
1690 1785 1863 1812 cursantiutn

1072 1844 1145 1866 metu
1162 1838 1361 1873 lympltatorum
1378 1844 1385 1863 :
1402 1835 1447 1870 qui
1472 1834 1517 1862 ubi
1548 1834 1576 1860 itt
1602 1832 1766 1860 domesticos
1793 1838 1863 1866 pro-

1072 1892 1154 1912 cursu
1191 1883 1371 1914 oﬂ'enderant,
1404 1880 1633 1908 coltorrescebant
1667 1882 1797 1912 tanquam
1832 1877 1861 1903 in

1072 1930 1164 1957 hostes
1180 1929 1351 1960 incidissent,
1373 1932 1478 1954 terrore
1503 1925 1611 1960 panico,
1627 1932 1682 1959 quo
1706 1928 1786 1951 erant
1806 1923 1863 1951 fas-

1071 1976 1165 2007 ciuati,
1192 1975 1340 2002 familiares
1366 1972 1536 2000 deformante
1565 1971 1592 1998 itt
1612 1968 1764 2002 ‘barbaros,
1790 1977 1862 2004 quos

1071 2030 1106 2049 ne
1134 2020 1257 2049 occidere
1287 2023 1453 2047 conarentur
1485 2018 1542 2045 sola
1563 2017 1656 2044 tuendi
1674 2024 1704 2043 se
1729 2016 1806 2050 ipsos
1825 2016 1862 2041 ab

1071 2075 1165 2095 eorum
1180 2066 1286 2096 scilicet
1303 2065 1402 2093 infesta
1424 2064 1449 2092 vi
1463 2069 1490 2092 et
1503 2063 1588 2091 armis
1605 2071 1672 2090 cura
1688 2062 1861 2090 retardabat.

1071 2113 1198 2141 Infelices
1214 2113 1273 2139 dira
1289 2112 1424 2142 caecitate,
1443 2110 1488 2144 qui
1504 2117 1557 2137 non
1572 2109 1767 2136 discernerent
1782 2107 1862 2134 cives

230 2165 282 2184 usu
295 2159 435 2191 nonnullo,
451 2159 596 2186 ntultorunt
607 2167 739 2187 annorum
752 2159 895 2194 stipendiis
908 2160 1015 2188 imbuti.
1034 2160 1055 2187 D
1069 2165 1098 2188 et
1118 2160 1207 2188 socios
1221 2159 1255 2186 ab
1271 2159 1412 2190 hostibus;
1427 2163 1477 2184 nec
1486 2156 1575 2183 minus
1589 2155 1681 2182 miseri
1697 2154 1861 2182 fortitudine

231 2203 334 2231 llorum
352 2205 418 2231 nulli
433 2211 488 2232 tum
513 2205 588 2233 venit
603 2205 631 2232 in
658 2210 776 2238 mentem
793 2206 915 2241 cogitare
930 2215 1017 2234 vanos

231 2250 392 2285 plerumque
410 2250 475 2278 ferri
497 2251 631 2287 ejusmodi
648 2259 787 2282 rumores.
812 2253 928 2288 ideoque
947 2253 1019 2281 serio

231 2295 313 2332 247
337 2297 490 2332 disquirere
517 2298 583 2332 quid
611 2298 640 2325 in
669 2305 697 2325 re
725 2304 819 2330 esset;
844 2299 890 2326 sed
919 2299 1019 2333 pariter

229 2351 326 2370 omnes
343 2351 396 2370 una
407 2344 672 2379 communiperculsi
684 2343 838 2376 formidine,
858 2346 1018 2380 satagebant

229 2396 284 2416 non
301 2396 331 2416 se
344 2389 426 2423 solos,
446 2397 539 2417 verum
555 2395 582 2417 et
600 2389 672 2418 cives
690 2395 814 2425 tectaque
828 2398 948 2418 servare.
964 2391 1018 2418 Ar-

229 2435 298 2461 mati
313 2442 377 2470 ergo
406 2435 595 2463 discurrebant
619 2443 667 2471 per
685 2441 767 2463 totam
779 2435 929 2468 civitatem,
946 2437 1019 2464 vclttt

229 2479 340 2514 quidam
368 2481 439 2508 ultro
474 2480 599 2514 citroque
642 2480 772 2508 continue
808 2479 1018 2507 eomnteabuudi

227 2527 330 2553 celeres
355 2526 453 2555 nuntii.
485 2525 524 2553 Ac
549 2525 614 2553 dum
642 2526 669 2553 bi
697 2527 776 2558 banc,
809 2525 855 2552 alii
888 2525 968 2552 aliam
988 2525 1016 2552 in

228 2577 334 2606 partem
352 2573 455 2608 impetu
483 2572 618 2604 feruntur,
635 2572 702 2600 nibil
725 2572 834 2607 quidem
850 2579 943 2599 eorum
958 2579 1017 2606 qum

228 2619 392 2646 dicebantur
431 2619 579 2647 videbant;
619 2618 707 2645 solum
747 2617 863 2650 cjulatus
897 2617 1017 2650 undique

230 2669 414 2700 ptanetnsque
429 2665 588 2697 audiebant,
608 2665 682 2691 velut
698 2670 775 2698 capta
791 2663 901 2691 civitate
916 2664 1018 2690 lamen-

228 2710 344 2737 tantium
360 2719 368 2743 ;
388 2716 522 2745 erantque
537 2718 615 2738 voces
634 2717 665 2738 ac
682 2710 815 2737 clamores
828 2710 907 2745 plane
922 2709 1016 2744 quales

228 2756 380 2790 hominum,
408 2764 476 2791 quos
499 2764 560 2784 cunt
580 2756 698 2784 maxime
728 2764 846 2792 prmsens
867 2756 963 2791 pungit
983 2764 1016 2783 ac

228 2803 338 2837 pcuizus
357 2804 480 2832 vulnerat
496 2803 596 2830 atroris
627 2802 777 2838 ingruentis
805 2802 868 2830 mali
897 2810 1013 2835 sensus;

1075 2205 1275 2241 intempestiva,
1294 2212 1345 2239 qua
1363 2204 1390 2230 in
1404 2203 1506 2230 amicos
1522 2207 1603 2236 atque
1615 2202 1682 2228 adeo
1700 2201 1726 2227 itt
1740 2208 1770 2228 se
1786 2201 1864 2235 ipso:

1074 2245 1230 2279 mucronem
1241 2251 1425 2285 impetumque
1435 2250 1622 2284 unusquisque
1637 2248 1771 2276 vertebat.
1783 2247 1864 2274 Tunc

1074 2299 1100 2326 hi
1119 2305 1228 2333 quoque
1243 2304 1311 2332 quos
1337 2296 1466 2323 custodia:
1491 2295 1564 2322 ferro
1591 2295 1697 2322 vinctos
1729 2294 1865 2320 tenebant

1073 2345 1164 2381 (multi
1186 2343 1259 2371 enint
1285 2342 1357 2370 bello
1373 2342 1445 2376 capti
1474 2346 1605 2377 perpetuo
1634 2347 1744 2368 carcere
1765 2339 1866 2367 Niemaa

1072 2390 1211 2419 detineudi
1229 2388 1348 2416 damnati
1362 2393 1450 2419 erant.
1467 2389 1500 2415 ad
1513 2388 1538 2414 id
1555 2388 1605 2414 ista
1618 2386 1719 2414 delecta
1735 2385 1861 2416 civitate.

1072 2436 1144 2472 quod
1172 2436 1235 2463 inde
1263 2434 1398 2462 diilieilitts
1422 2434 1481 2461 vias
1507 2432 1625 2467 fugiendi
1643 2431 1761 2466 reperire
1777 2438 1863 2465 posse

1072 2480 1253 2515 viderentur),
1268 2479 1323 2513 isti,
1348 2480 1468 2514 inquam,
1497 2478 1632 2506 contmuni
1671 2477 1863 2504 animadversa

1072 2527 1289 2563 perturbatione,
1328 2525 1450 2560 persuasi
1477 2532 1572 2552 revera
1597 2524 1736 2558 ingressos
1764 2523 1861 2550 hostes

1071 2572 1154 2609 248
1166 2577 1193 2600 et
1209 2572 1235 2599 in
1253 2571 1318 2599 urbe
1336 2571 1493 2606 praevalere,
1522 2579 1574 2598 tton
1591 2570 1663 2604 quod
1694 2569 1769 2604 ipsos
1783 2569 1860 2596 vide-

1072 2623 1142 2650 rent,
1167 2617 1214 2645 scd
1231 2625 1262 2644 ex
1282 2616 1461 2651 trepidatione
1488 2623 1567 2648 quam
1587 2614 1734 2642 cernebant
1755 2614 1856 2640 civinut

1071 2663 1151 2690 dttcta
1167 2663 1333 2697 conjectura,
1348 2661 1428 2689 soluti
1444 2661 1560 2688 vinculis
1575 2667 1605 2687 se
1619 2659 1731 2687 comites
1746 2659 1859 2686 addidc~

1071 2714 1134 2738 rttnt
1149 2709 1182 2736 iis
1196 2709 1231 2737 de
1254 2708 1352 2743 quibus
1369 2707 1424 2734 dixi
1451 2707 1575 2738 armatis,
1592 2710 1619 2733 et
1637 2710 1758 2734 extremo
1783 2705 1859 2731 velut

1071 2754 1178 2790 agmine
1191 2754 1329 2782 cohortem
1345 2753 1640 2784 auxeruntobeuntcm,
1657 2755 1684 2777 ιιι
1695 2756 1736 2778 est
1751 2757 1857 2777 mento—

1071 2806 1172 2833 ralum,
1205 2799 1264 2828 vias
1286 2798 1373 2832 urbis,
1389 2803 1416 2827 et
1439 2801 1636 2833 prtecurrentes
1659 2796 1856 2831 sequebantur,
