1936 3069
84 104 137 136 693

564 104 614 137 DE
634 105 831 136 MICHAELE
847 105 1079 136 PAL/EULOGO
1098 107 1171 136 ΠΒ.
1192 106 1248 137 Ill.

1659 104 1716 137 CM

83 163 155 198 πλὴν
171 162 201 190 οὗ
217 162 277 190 κατ’
291 160 410 199 ἄμυναν,
429 162 497 190 ἀλλὰ
517 164 588 191 κατά
601 165 757 201 προθυμίαν
768 174 814 192 ¹ιου
826 174 875 200 φυ-
889 167 911 195 Α
925 164 949 190 οι
957 164 979 190 δ’
1008 164 1114 191 ἐκεῖθεν
1145 164 1241 196 εόντες,
1269 163 1326 198 ἃμα
1350 161 1410 189 καθ’
1439 160 1545 196 ἡμίσεις
1573 162 1632 194 ταῖς
1653 163 1714 190 καθ’

82 209 246 237 λάσσεσθαι.
265 205 322 236 Ἶῐν
338 209 366 236 δὲ
381 208 474 244 τὸτῆς
488 210 625 246 ἐκδρομῆς
652 211 728 242 τέλος
759 211 805 238 ἐπὶ
826 211 876 243 τὰς

83 255 174 285 πύλας
195 253 266 280 ἰέναι
277 255 326 288 τῆς
344 253 459 285 πόλεως.
477 254 556 281 Καὶό
571 254 634 286 λαὸς
647 254 679 290 [Ρ
696 254 758 291 165]
783 255 875 282 εῐπετο

81 299 178 334 χὸδην,
201 299 248 325 καὶ
272 300 300 325 ὲν
325 298 460 334 ἀλογίστῳ
489 301 522 335 τῇ
550 299 612 326 καθ’
645 300 726 327 αὑτὸν
749 301 877 337 ἀσθενείᾳ

82 344 230 380 ὼρῤώδουν
244 344 370 376 ἕκαστος,
388 344 426 376 ὡς
449 345 464 380 ἢ
486 345 681 380 τεθνηξόμενος
691 346 745 372 τῶν
760 346 877 382 πρώτων

83 391 232 421 πεσόντων,
261 392 285 416 εί
312 391 336 417 ol
361 390 487 425 πολέμιοι
515 391 614 424 ἔξωθεν
640 392 825 424 διεκπαίοιεν,
858 393 875 428 ἦ

82 435 186 462 τούτων
200 435 378 463 ἀνωθούντων
389 436 452 468 τοὺς
465 437 655 472 εἰσχεομένους
680 439 728 465 καὶ
745 438 877 472 ἀναστελ-

84 481 187 508 λόντων
219 482 324 508 ἔνδοθεν
345 482 426 513 αὐτὸς
455 483 580 517 οὐραγῶν
607 469 830 519 συνελευσόμενός
847 492 876 510 τε

84 529 131 553 καὶ
161 528 373 562 ὲκερευξόμενος.
398 529 434 554 Τὸ
455 529 483 554 δὲ
510 526 544 563 ἦν
573 529 626 563 ἄρα
645 529 745 561 ὄνειδος
774 530 875 561 αὐτοῖς.

84 574 291 610 Προππεσόντες
301 575 356 609 γὰρ
375 575 434 606 ταῖς
448 575 544 607 πύλαις
568 576 598 602 οὐ
623 575 692 610 μετὰ
714 575 763 610 τῆς
792 576 878 609 αὐτῆς

83 621 132 645 καὶ
149 619 213 653 μιᾶς
231 619 386 654 προθέσεως
410 621 561 655 ὲτιήρχοντό
577 629 607 646 τε
637 621 684 647 καὶ
710 620 876 655 ἀνεχώρουν,

84 665 184 692 ἀλλ’ὲν
197 667 301 701 ταραχῇ
318 666 365 692 καὶ
390 667 438 692 σὺν
464 667 550 692 οὗδενὶ.
573 667 669 701 κόσμῳ
697 667 878 701 ἐμπίπτοντες

86 710 148 745 μεθ’
164 711 281 746 ἡσυχίας
309 712 354 738 καὶ
382 713 430 738 σὺν
456 712 620 738 καταστάςει
643 714 675 747 τῇ
703 713 878 748 προσηκούσῃ

84 755 275 789 ἀνεζεύγνυον.
293 756 427 791 Εὖρισιον
446 757 499 791 γὰρ
527 758 588 784 καθ’
613 758 729 792 ἡσυχίαν
755 758 878 794 καθημέο

85 810 149 833 νους
160 801 224 833 τοὺς
239 802 363 836 φύλακας
380 803 426 829 καὶ
437 803 519 838 μηδὲν
535 804 681 834 Enati/avsa;
695 804 750 830 τῶν
764 804 815 831 ἀνὰ
830 804 878 839 τὴν

928 210 1057 244 ἑκάτερον
1071 209 1169 241 πύλαις
1185 209 1337 244 ἐφίσταντο,
1352 207 1517 241 ἀπογνόντες
1546 207 1585 238 ὼς
1601 208 1639 243 μὴ
1665 218 1715 235 πο-

927 254 1027 290 νούσης
1038 256 1088 289 τῆς
1104 254 1166 282 καθ’
1182 255 1229 282 ἔω.
1250 255 1295 284 Ὠς
1310 255 1338 282 δὲ
1349 254 1382 281 τὰ
1401 255 1447 281 ἶσα
1472 255 1519 281 καὶ
1546 256 1573 281 ἐν
1594 255 1714 287 ἐκείναις

927 298 1005 336 εὗρον
1017 301 1077 337 (τὴν
1093 301 1147 336 γὰρ
1167 302 1234 336 πρὸς
1246 301 1367 334 αἰγιαλὸν
1381 301 1468 332 οὖδεῖς
1491 301 1529 332 ὡς
1559 301 1714 335 προδώσου-

929 354 978 372 σαν
993 346 1230 380 καθυπώπτευεν),
1243 347 1280 376 είς
1293 344 1322 371 ἓν
1341 345 1524 379 συναχθέντες
1551 345 1715 372 καθίσταντό

927 400 956 418 τε
973 392 1021 423 τὰς
1036 391 1124 427 ψυχὰς
1142 392 1187 418 καὶ
1199 393 1226 418 ὲν
1243 391 1383 427 ἀμηχανίᾳ
1391 391 1437 418 τοῦ
1454 392 1481 418 τί
1492 391 1623 426 πράττειν
1633 389 1714 427 ἦσαν’

930 437 967 472 μὴ
983 437 1038 472 γὰρ
1051 437 1083 464 ἂν
1093 437 1153 464 κατ’
1173 437 1251 472 ἀέρος
1267 437 1360 463 πεσεῖν
1371 437 1434 468 τοὺς
1445 437 1560 472 ἐχθροὺς
1577 437 1715 472 πτέρυγας

929 482 1098 517 περιθέντας.
1124 483 1166 514 Ὠς
1181 482 1209 508 δὲ
1233 483 1279 509 καὶ
1298 483 1346 516 τὴν
1377 484 1405 514 ἐς
1426 483 1549 516 αἰγιαλὸν
1578 483 1716 518 φέρουσαν

928 528 1089 559 ἐπιστάντες
1099 528 1242 563 ἐλευθέραν
1256 529 1301 554 καὶ
1320 528 1422 563 ταύτην
1435 528 1513 559 δέους
1538 525 1618 563 εὗρον
1646 537 1715 556 παν-

930 575 987 605 τὸς,
1007 573 1061 599 τῶν
1077 573 1203 608 φυλάκων
1217 573 1262 599 καὶ
1281 573 1320 604 είς
1342 572 1440 607 χλεύην
1461 573 1610 607 τιθεμένων
1639 573 1715 606 σφίσι

929 619 978 654 τὴν
991 619 1108 653 ἀπάτην,
1124 619 1290 645 ἁνέπνευσὸιν
1298 627 1326 644 τε
1340 618 1440 649 εὐθέως
1457 618 1501 644 τοῦ
1514 618 1589 650 δέους
1607 619 1654 644 καὶ
1667 619 1715 654 τὴν

929 665 1018 692 αἰτίαν
1032 666 1081 699 τῆς
1093 665 1188 699 φήμης
1203 665 1324 700 ἠρεύνων
1342 673 1348 680 ·
1367 664 1404 699 μὴ
1423 665 1475 699 γὰρ
1491 664 1522 690 ἂν
1535 664 1645 690 αὐτόθεν
1664 665 1717 699 γῆς

932 709 1129 746 μυκησαμένης
1157 709 1341 744 ἐξενεχθῆναι,
1373 711 1396 736 εἰ
1425 710 1520 744 μήτις
1543 710 1650 745 πρῶτος
1672 711 1717 737 τὸν

931 755 1013 788 φόϐον
1033 755 1256 790 ὲψευδολόγησεν.
1284 755 1344 780 Ἐπὶ
1359 754 1459 785 πολλὰς
1474 755 1538 788 γοῦν
1550 755 1718 790 τραπόμενοι

929 801 978 832 τὰς
995 800 1080 831 ὁδοὺς,
1098 800 1164 834 μηδὲ
1180 800 1208 826 τὸ
1224 799 1303 834 τυχὸν
1316 799 1485 834 παριδόντες,
1499 800 1530 834 ἧν
1548 808 1588 830 τις
1601 800 1718 834 προϐάλ-

85 848 164 874 πὸλιν
177 849 342 883 γενομένων.
361 848 443 875 Ὅθεν
464 850 511 875 καὶ
532 850 632 884 μᾶλλον
650 849 749 884 ἤλγουν
765 849 802 880 ὡς
831 850 876 876 1:6-
896 840 916 867 Β
928 847 1010 878 λοιτο,
1023 847 1096 873 οὐδὲν
1106 846 1185 873 πλέον
1198 844 1268 881 εἶχον
1280 845 1406 881 εὑρέσθαι
1420 846 1467 872 τοῦ
1483 846 1513 878 ἐξ
1525 846 1642 880 ἀφανοῦς
1658 846 1718 880 ἅμα

87 901 134 919 σον
151 895 335 928 ἠπατημένοι,
349 893 365 929 ἦ
382 894 528 930 ὠρρώδουν
542 896 571 921 ὲν
587 895 681 926 ἄλλαις
703 895 802 927 πύλαις
833 896 877 922 ὲλ-

86 937 236 972 πιζόμενον
259 938 290 964 τὺ
312 939 405 965 κακόν.
441 940 473 966 Ὃ
495 940 525 975 δὴ
554 940 603 966 καὶ
631 940 715 966 πλείω
749 941 877 975 παρεῖχεν

87 983 204 1014 ἐκείνοις
222 984 272 1018 τὴν
281 985 414 1020 ταραχὴν,
425 986 449 1011 εί
463 984 534 1012 οὕτω
549 985 736 1020 βραδυνὰντων
746 986 795 1020 τῆς
810 986 879 1020 πρὸς

86 1029 137 1060 τὰς
155 1029 258 1065 μηδένα
273 1030 355 1064 φόῦον
365 1031 480 1064 ἐχούσας
496 1031 582 1063 πύλας
609 1032 770 1067 ἁπτομένων
795 1033 819 1058 οἱ
835 1033 879 1067 ἐχ-

87 1076 147 1110 Θροὶ
162 1076 224 1102 καθ’
241 1077 337 1112 ἐτέρας
356 1076 442 1108 πύλας
458 1077 516 1111 μετ’
531 1078 672 1113 εὐχερείας
694 1070 782 1113 πάσης
807 1079 879 1105 εἰσε-

87 1121 166 1156 λῷεν.
180 1122 236 1148 Καὶ
252 1121 283 1157 δὴ
299 1122 404 1149 ἐκεῖθεν
417 1122 646 1158 διασκιδνάμενοι,
675 1124 699 1150 οἱ
725 1125 775 1158 μὲν
792 1124 878 1156 ἔνθεν,

92 1217 147 1237 ηοη
165 1209 205 1236 illi
220 1209 329 1244 quidem
350 1210 441 1237 animo
455 1214 502 1237 aut
516 1209 618 1244 impetu
634 1211 769 1246 pugnandi
800 1211 882 1239 ultio-

89 1255 169 1283 nisve
181 1255 217 1282 ab
230 1256 308 1282 hoste
322 1257 469 1287 sumcmhe,
485 1257 532 1284 Sed
550 1257 630 1284 ttedio
655 1259 774 1286 carceris
800 1266 881 1287 occa~

89 1301 209 1333 sionem,
223 1304 252 1327 ut
269 1300 307 1332 fit,
325 1301 570 1337 quomodocuuque
589 1302 707 1330 oblatam
722 1304 882 1338 usurpandae

89 1346 230 1374 libertatis
248 1346 364 1374 libenter
389 1347 516 1382 amplexi.
534 1348 587 1376 Ista
609 1357 691 1384 porro
721 1355 882 1378 cunctorum

89 1393 131 1420 sic
148 1393 274 1420 euntiqu
297 1394 439 1427 procursio
456 1394 489 1420 ad
521 1399 614 1428 portas
631 1395 750 1423 civitatis
776 1396 883 1424 fereba-

90 1442 146 1464 tur.
160 1437 335 1472 Sequebatur
362 1443 453 1465 autem
483 1439 632 1467 multitudo
651 1440 762 1468 confusa
779 1442 881 1476 populi,

89 1484 308 1510 exhorresceute
324 1492 372 1518 pro
382 1493 410 1512 se
420 1492 594 1519 unoquoque,
608 1487 670 1512 dum
684 1491 791 1520 reputat
802 1495 881 1521 quam

89 1529 221 1557 infirmus
240 1537 288 1564 per
302 1538 331 1556 se
351 1531 385 1557 sit
403 1531 435 1557 ad
464 1531 678 1565 propulsandum
707 1533 809 1560 ntalttm
842 1534 884 1560 in-

89 1583 204 1609 gruens,
220 1581 247 1603 et
262 1576 298 1602 ita
313 1583 341 1603 se
365 1576 486 1610 pluribus
503 1577 666 1611 applicante,
690 1579 729 1605 sic
745 1579 801 1606 fere
819 1580 885 1607 sub-

90 1621 174 1650 ducta
189 1623 341 1649 errantium
356 1623 549 1657 cogitationum
565 1631 680 1657 summa,
693 1630 774 1652 autse
791 1627 882 1652 statim

90 1668 252 1699 morituros.
273 1668 295 1695 si
321 1668 438 1695 hostium
457 1668 528 1696 ferro
557 1677 606 1704 per
623 1675 730 1705 portam
747 1675 884 1704 patentem

90 1713 268 1741 extrinsecus
283 1713 446 1741 irruentium
461 1715 541 1750 primi
558 1720 737 1749 armatorum,
755 1725 822 1751 quos
839 1724 884 1744 se-

92 1759 265 1793 quebantur,
290 1760 471 1794 cecidissent;
491 1766 537 1788 aut
561 1761 584 1788 si
606 1762 631 1788 bi
650 1762 760 1789 fortuna
776 1762 816 1789 usi
830 1770 885 1789 me-

92 1804 155 1832 liori
184 1805 350 1839 repellerent
367 1805 549 1840 ingredientes
581 1807 713 1835 barbaros
739 1813 766 1834 et
783 1809 887 1843 majore

94 1851 200 1885 impetu
235 1851 416 1879 incumbeudo
452 1845 632 1887 reprimerent
665 1854 718 1881 vim
752 1855 884 1889 ipsorum,

92 1903 149 1923 non
163 1896 344 1930 desperabant
360 1897 458 1932 singuli
473 1906 580 1930 eorum,
597 1906 664 1933 quos
692 1899 811 1927 diximus
839 1907 887 1927 cu-

92 1942 196 1969 stodiis
213 1942 330 1977 elapsos,
361 1943 483 1971 invenire
497 1944 524 1970 in
550 1945 686 1971 communi
706 1945 887 1980 trepidatione

92 1988 169 2015 viam
207 1988 258 2015 sibi
289 1988 416 2023 privatim
441 1990 610 2024 consulendi,
642 1992 807 2026 erumpendo
839 2000 887 2026 per

92 2039 190 2069 aperta
207 2034 277 2061 ostia
295 2035 377 2062 simul
397 2043 458 2063 cum
488 2036 670 2065 referentibus
687 2039 782 2073 pedem
799 2039 885 2066 hosti-

94 2081 158 2111 bus.
178 2080 254 2107 etita
271 2080 398 2116 effugium
414 2081 513 2109 alicubi
534 2083 670 2117 captandi.
685 2084 714 2111 In
727 2084 780 2111 ﬁne
797 2089 887 2112 autem

92 2126 176 2162 hujus
192 2126 243 2153 viae
258 2127 403 2153 ludibrium
421 2127 462 2154 sui
475 2128 617 2162 risumque
633 2136 803 2164 repererunt.
819 2130 886 2158 Cum

929 901 959 919 τε
977 893 1138 928 γεννηθῆναι
1158 893 1204 919 καὶ
1223 892 1279 927 ἅμα
1295 892 1432 927 τραφέντα
1448 892 1717 927 συνδιειληφὲναιτᾶις

928 939 983 965 τῶν
998 938 1102 964 πολλῶν
1116 938 1209 969 ἀκοάς.
1220 938 1256 964 Τὸ
1267 938 1289 963 δ’
1299 939 1330 964 ἐκ
1342 937 1485 973 προχείρου
1495 938 1542 964 καὶ
1559 938 1672 965 πιθανὸν
1680 939 1720 970 είς

930 984 1019 1010 αίτίαν
1031 984 1061 1010 τὸ
1075 984 1123 1018 τῆς
1138 984 1239 1015 εἰκόνος
1248 984 1294 1017 τῆς
1307 983 1470 1017 θεομήτορος
1485 983 1545 1009 καθ’
1559 984 1660 1010 ἱκεσίαν
1675 983 1721 1009 ὲκ-

931 1029 1084 1063 φερομένης
1095 1029 1194 1064 πλῆθος
1205 1028 1317 1054 ἕπεσθαι
1326 1029 1473 1062 γυναικῶν,
1483 1027 1515 1059 ἃς
1525 1028 1556 1061 δὴ
1572 1029 1618 1055 καὶ
1628 1030 1720 1062 ἐκφω-

930 1075 985 1101 νεῖν
1003 1076 1148 1107 ἀναγκαῖον
1159 1076 1207 1108 τὴν
1222 1075 1312 1107 δέησιν
1339 1074 1452 1100 κατόπιν
1466 1074 1595 1109 ἡκούσας.
1607 1074 1716 1100 Τούτων

931 1117 978 1146 οὖν
985 1120 1166 1155 όλορυρτικῶς
1176 1120 1245 1146 κατὰ
1253 1120 1363 1154 Περσῶν
1370 1122 1414 1146 καὶ
1424 1119 1553 1154 Τοχάρων
1562 1119 1716 1145 θεοκλυτουι

933 1210 1023 1243 Quare
1039 1217 1134 1238 rursus
1150 1209 1221 1236 anxii
1238 1209 1392 1243 partiuntttr
1408 1217 1468 1236 sese
1482 1208 1630 1242 bifariam;
1645 1212 1673 1236 et
1686 1209 1720 1235 ad

934 1255 1002 1284 duas
1032 1263 1092 1291 quae
1119 1256 1258 1282 restabant
1288 1254 1398 1290 (ιη-τοῖοι*
1428 1255 1606 1287 Orientalem,
1638 1262 1719 1290 quam

934 1311 1034 1332 vacare
1063 1302 1234 1330 incommodo
1261 1302 1400 1333 Videbunt,
1429 1307 1457 1330 et
1474 1302 1650 1333 maritimam,
1668 1308 1720 1335 qua

935 1357 1015 1377 nemo
1032 1349 1219 1383 suspicabatur
1253 1349 1344 1376 venire
1377 1349 1466 1375 hostes
1494 1347 1623 1382 potuisse)
1642 1347 1721 1379 duas,

935 1396 1057 1430 inquam,
1075 1396 1169 1423 eodem
1197 1401 1316 1429 tempore
1330 1395 1450 1429 reliquas
1463 1398 1556 1428 portas
1573 1394 1721 1426 adierunt;

935 1446 1062 1469 utanteln
1076 1450 1109 1469 ne
1135 1442 1161 1468 iu
1178 1442 1219 1468 his
1236 1441 1343 1474 quidem
1379 1445 1539 1474 repererunt
1561 1440 1652 1467 damni
1676 1445 1723 1467 aut

936 1487 1099 1523 suspicionis
1128 1487 1286 1522 quidquam,
1317 1487 1486 1520 respirarunt
1504 1486 1630 1513 videlicet
1648 1493 1722 1513 men-

937 1538 1059 1568 tesqnea
1078 1534 1151 1568 gravi
1179 1533 1383 1568 perturbatione
1416 1537 1587 1567 receperunt.
1617 1532 1721 1559 Tamen

936 1579 1025 1607 adhuc
1043 1579 1139 1606 incerti
1161 1587 1214 1612 quo
1234 1587 1262 1606 se
1280 1583 1424 1610 verterent,
1452 1578 1495 1605 ubi
1522 1578 1722 1610 delitescerent,

937 1627 1019 1658 umlc,
1029 1633 1081 1660 qua
1100 1626 1243 1653 irruissth
1253 1625 1355 1655 bestes,
1366 1626 1455 1651 omnia
1472 1625 1723 1658 circumspectando

937 1671 1105 1705 quaerebant,
1116 1671 1184 1702 Quid
1200 1671 1270 1696 enim
1283 1669 1294 1696 ?
1309 1670 1484 1696 dictitantes:
1515 1677 1549 1695 an
1567 1669 1624 1695 illos
1647 1674 1725 1701 puta-

938 1715 1027 1744 bimus
1040 1716 1090 1742 alis
1107 1723 1155 1750 per
1166 1723 1257 1742 aerem
1276 1715 1398 1742 invectos
1417 1722 1533 1749 superne
1549 1715 1617 1741 intra
1631 1715 1723 1741 urbem

938 1762 1072 1789 involasse
1086 1762 1097 1789 ?
1112 1762 1179 1788 Cum
1200 1766 1288 1788 autem
1312 1765 1446 1795 postremo
1461 1761 1532 1788 illam
1556 1763 1641 1796 ipsam
1666 1767 1726 1795 quae

938 1807 1014 1835 littus
1031 1808 1113 1834 tuaris
1127 1808 1277 1842 spectabat,
1294 1812 1397 1841 portam
1422 1806 1569 1833 lustrantes
1599 1805 1725 1833 similiter

938 1854 1052 1882 liberam
1084 1854 1156 1881 omni
1180 1859 1251 1880 metu
1270 1852 1522 1888 deprehendisset“,
1540 1855 1568 1880 et
1580 1852 1723 1879 custodqu

939 1900 976 1928 ibi
993 1907 1101 1935 quoque
1120 1907 1241 1926 errorem
1262 1900 1329 1934 ipsis
1356 1904 1383 1926 et
1413 1899 1600 1926 credulitatem
1625 1905 1726 1933 expro-

939 1947 1076 1974 brantium
1106 1946 1222 1973 ludibrio
1253 1946 1324 1972 irrisi
1357 1950 1460 1978 essent,
1496 1946 1668 1980 rcspirat‘unt
1693 1946 1726 1972 ab

940 1993 1014 2019 omni
1036 1992 1180 2019 formidine
1199 1998 1261 2018 tunc
1278 1992 1366 2025 plane,
1396 1996 1423 2018 et
1449 1991 1611 2025 sulutisjam
1627 1991 1726 2018 animis

941 2039 1142 2072 investigabant
1173 2046 1233 2072 qtae
1263 2038 1339 2072 origo
1366 2037 1441 2064 falsa:
1465 2036 1602 2071 opinionis
1631 2036 1726 2070 quisve

941 2089 1035 2111 auctor
1049 2084 1188 2110 mendacis
1213 2083 1306 2110 indicii
1328 2084 1446 2110 fuisset:
1474 2091 1524 2109 nou
1545 2083 1617 2109 enim
1633 2082 1727 2109 videli-

941 2135 983 2157 cet
998 2135 1076 2157 terrm
1101 2130 1218 2163 quodam
1251 2129 1352 2162 mugitu
1381 2128 1521 2156 exstitisse
1547 2135 1640 2155 vocent
1667 2135 1727 2162 qua:

93 2173 169 2200 enim
184 2172 218 2200 ad
239 2178 356 2207 portam,
372 2180 426 2207 quo
467 2174 520 2200 iter
539 2174 720 2209 intenderant,
745 2177 887 2210 pervenis-
904 2181 926 2209 ι)
942 2175 1080 2210 ingressos
1095 2175 1282 2201 denuntiasset
1303 2175 1405 2203 hostes,
1420 2174 1466 2200 scd
1484 2173 1594 2200 omnino
1610 2172 1726 2206 primum

94 2222 168 2250 seut,
184 2225 238 2245 nou
255 2218 348 2245 eodem
365 2223 432 2246 testu
447 2224 474 2246 et
487 2220 625 2248 anxietate
644 2221 727 2248 animi
743 2230 798 2256 qua
808 2230 889 2250 vene-

95 2269 157 2292 rant
185 2264 336 2297 redierunt,
355 2265 403 2292 sed
431 2266 598 2294 tumultuose
625 2267 832 2303 inordinaleque
857 2277 889 2296 eo

94 2310 237 2345 progressi
256 2310 393 2345 tranquilli
407 2311 550 2346 securique
573 2313 745 2345 recedebant,
761 2315 890 2343 custodcs

94 2356 233 2390 siqudem
253 2360 337 2390 porta:
353 2357 444 2391 quiete
469 2357 623 2386 desidentes
640 2359 700 2386 sine
720 2359 774 2386 ullo
801 2361 889 2390 adhuc

94 2409 190 2428 rerum
207 2408 268 2435 qua:
283 2408 331 2435 per
344 2402 437 2428 urbem
454 2402 619 2436 gerebantur
634 2410 716 2430 sensu
734 2403 887 2432 inveniunt.

93 2446 177 2474 Unde
188 2454 242 2473 ttna
258 2454 287 2473 re
303 2446 442 2479 dolebant,
460 2455 513 2482 quo
532 2447 640 2476 illusum
656 2449 708 2476 sibi
734 2455 817 2483 esset,
835 2459 888 2479 non

93 2498 190 2521 tatnen
208 2493 283 2520 omni
298 2493 387 2521 adhuc
402 2494 584 2522 sollicitudine
600 2496 741 2528 vacabant,
764 2503 889 2531 reputan-

92 2543 135 2566 tes
155 2539 279 2574 potuisse
290 2539 347 2566 licri
363 2545 391 2566 ut
403 2547 451 2574 per
461 2540 528 2567 alias
543 2545 635 2575 portas
648 2542 740 2569 hostes
754 2542 779 2568 in
793 2543 888 2570 urbem

93 2589 303 2618 penetrassent.
329 2585 385 2613 lmo
401 2594 463 2613 cum
477 2588 611 2615 attentius
628 2588 828 2622 cogitaverant,
844 2589 888 2617 illa

94 2633 166 2668 ipsa,
183 2640 268 2666 quam
287 2632 424 2664 videbant,
441 2633 523 2668 249
539 2634 621 2661 nimia
645 2635 776 2662 securitas
796 2639 888 2663 custo-

94 2680 159 2706 dum
179 2686 277 2706 curam
297 2679 364 2713 ipsis
380 2680 542 2707 admovebat
559 2680 739 2715 augebatque,
760 2687 889 2716 reputan-

94 2726 167 2753 tibus
183 2725 243 2760 pari
273 2726 343 2753 forte
361 2725 521 2760 ucgl'gentla
540 2726 644 2754 solutos
659 2727 774 2754 aliarum
786 2732 891 2762 λιθεία-

94 2780 154 2799 rum
186 2771 387 2807 prasidiarins,
401 2772 480 2800 facile
495 2780 643 2807 oppressos
659 2774 749 2801 subito
778 2774 889 2802 incursu

93 2821 231 2852 hostium,
255 2819 360 2845 aditum
389 2818 519 2847 Tocharis
547 2820 574 2847 in
614 2819 707 2848 urbem
731 2821 890 2855 praebuisse.

942 2222 1061 2256 aliquem
1091 2221 1175 2247 fuisse
1203 2221 1265 2246 vani
1292 2220 1416 2246 nuntium
1449 2225 1548 2246 metus.
1579 2218 1726 2252 Postquam

941 2274 1005 2294 vero
1020 2267 1064 2294 diu
1077 2271 1103 2294 et
1118 2266 1261 2301 diligenter
1277 2266 1303 2293 iu
1321 2266 1369 2293 ista
1391 2270 1456 2292 sunt
1477 2265 1653 2298 inquisitione
1666 2271 1726 2290 ver-

941 2314 1004 2345 sati,
1021 2313 1193 2348 explorautes
1207 2314 1310 2341 circum
1330 2313 1419 2340 omnia
1438 2312 1503 2339 nihil
1520 2311 1591 2338 aliud
1608 2312 1727 2345 reperire

940 2366 1088 2396 potuerunt
1113 2361 1164 2388 nisi
1191 2360 1348 2388 mendacem
1379 2359 1477 2386 fatuam
1512 2359 1603 2385 llllllliS
1632 2359 1725 2385 codem

941 2412 1080 2435 memento
1092 2407 1158 2434 locis
1172 2407 1252 2434 simul
1266 2411 1366 2437 natam,
1377 2406 1455 2433 simul
1471 2405 1727 2437 iucrebresceutem,

940 2454 1019 2482 simul
1036 2454 1108 2487 vulgi
1127 2453 1278 2487 complesse,
1307 2460 1398 2483 aures,
1416 2452 1495 2478 simul
1528 2451 1635 2477 animos
1654 2449 1727 2476 inani

941 2506 1045 2528 terrore
1059 2500 1222 2534 perfudisse.
1243 2498 1299 2525 Usta
1315 2503 1420 2525 tantum
1446 2505 1504 2532 qua:
1525 2497 1612 2531 aliqua
1630 2496 1729 2522 verisi-

942 2547 1095 2574 militudine
1113 2547 1246 2572 niteretur
1261 2544 1358 2579 publici
1377 2544 1480 2570 erroris
1496 2550 1577 2570 causa
1593 2549 1728 2569 memora-

940 2593 1031 2623 batur,
1064 2591 1225 2627 supplicatio
1254 2596 1316 2617 tunc
1349 2589 1418 2616 forte
1449 2597 1495 2623 per
1512 2587 1606 2615 urbem
1633 2588 1726 2620 ducta.

940 2639 1099 2667 circumlata
1117 2639 1149 2665 de
1166 2644 1240 2665 more
1256 2637 1282 2664 in
1302 2636 1396 2663 thensa
1416 2643 1464 2670 per
1475 2634 1624 2662 solemnem
1639 2642 1669 2661 ea
1685 2633 1729 2661 die

940 2691 1065 2719 pompam
1083 2683 1199 2718 imagine
1212 2682 1343 2716 Deiparte,
1359 2680 1435 2708 turba
1448 2679 1589 2707 mulierum
1599 2685 1729 2713 sequente

941 2730 1012 2764 quod
1030 2731 1098 2756 solet
1115 2730 1141 2756 in
1173 2728 1417 2763 supplicationibus
1447 2725 1591 2754 acclatnari
1606 2724 1640 2752 ab
1657 2725 1726 2751 mula

941 2775 1151 2810 deprecantibus
1167 2781 1278 2802 carmen
1294 2781 1363 2809 pone
1379 2771 1632 2808 frequentandum:
1648 2769 1729 2805 250

942 2829 974 2849 ac
992 2821 1116 2849 videlicet
1132 2829 1190 2856 qua:
1206 2826 1269 2848 tunc
1293 2819 1409 2848 maxime
1437 2817 1579 2850 timebant,
1601 2816 1729 2844 distincte
