1936 3069
221 131 273 164 695

827 131 987 164 GEORGII
1009 131 1246 163 PACHYMERE

1789 128 1844 161 696

221 185 288 216 σῶν,
301 184 375 216 εἰκὸς
388 185 420 212 τὰ
439 185 487 220 τῆς
502 185 592 221 φωνῆς
601 185 723 218 διελθεῖν,
739 187 785 212 καὶ
803 188 937 222 συμὸῆναι
955 187 1001 218 τὰς
1016 188 1041 216 Α
1054 188 1167 221 ἐχόντων
1187 187 1252 220 προς
1265 185 1294 212 τὸ
1309 186 1499 221 παρεμπῖπτον
1524 183 1573 220 τῆς
1592 185 1686 220 φήμης
1714 184 1846 220 θορυϐου-

222 231 272 265 μὲν
290 231 347 257 κατ’
363 231 474 257 ἐκείνων
489 231 731 266 μεγαλοφωνούσας
749 232 920 265 ποτνιᾶσθαι,
942 233 1004 264 τοὺς

220 276 248 302 Et
263 277 342 311 πέριξ
357 276 403 302 καὶ
419 276 517 308 ἔξωθεν
531 277 580 312 τὴν
596 277 686 312 φωνὴν
707 277 867 313 δεχομένους
886 278 919 305 τὰ
944 278 1004 304 κατ’

220 322 331 349 ἐκείνων
344 322 375 358 [Ρ
390 322 452 358 166]
469 323 505 353 ὡς
522 323 586 357 περὶ⁴
598 323 708 350 ἐκείνων
724 324 880 358 ἐρχομένων
910 324 1007 350 ὑποτο-

221 367 329 400 πὰζειν,
343 368 389 393 καὶ
400 367 470 394 οὕτω
480 367 633 401 διαδοθῆναι
648 367 755 402 σύναμα
769 368 842 404 φόϐῳ
858 368 903 395 τὸν
917 368 1007 401 λόγον,

220 412 331 443 καὶτὰς
347 412 401 438 τῶν
438 412 544 438 πολλῶν
569 413 653 444 ἀκοὰς
678 413 832 448 πληροῦντα
852 414 1008 448 παραθῆξαι

220 457 266 483 τὸν
283 457 405 492 θόρυϐον.
430 457 499 483 Ἀλλ’
514 458 613 484 ἐκεῖνοι
626 458 676 493 μὲν
688 458 784 493 οὕτως,
807 460 822 485 ὸ
838 459 866 485 δέ
881 467 912 493 γε
931 459 1008 494 βασι-

221 502 283 534 λεὺς
300 503 368 537 μετὰ
380 502 465 529 ταῦτα
483 503 575 538 μαθὼν
592 504 666 536 ὅπως
679 505 794 539 γένοιτο,
815 505 1007 540 ὑπερεπάθησέ

220 555 250 573 τε
268 547 313 572 καὶ
328 547 438 581 πέμψας
451 548 494 573 διὰ
510 549 680 583 γραμμάτων
694 549 730 576 τὰ
753 549 838 576 πολλὰ
866 550 1007 585 κατεμέμ-

221 593 301 627 qam.
322 594 397 629 Μηδὲ
415 594 469 628 γὰρ
495 595 602 630 ἀνδρῶν
622 593 691 623 εἶναι
714 596 853 632 φρονίμων
878 597 925 623 καὶ
946 596 1007 623 νοῦν

224 676 358 708 poscenda
373 683 467 703 eorum
497 677 659 704 liberatione
673 677 833 705 nominatim
849 679 1005 712 exprimen-

224 721 302 754 tium,
319 729 369 748 nec
384 723 443 749 sine
468 722 567 756 eiulatu
596 724 838 758 ingeminantium:
859 733 870 749 ‹
892 723 1011 751 Defende

224 774 284 797 nes,
301 765 382 799 Deus,
406 774 420 793 a
437 767 538 801 Persis,
556 776 570 795 a
586 768 716 796 Tocharis
744 777 819 801 erue,
845 776 860 796 a
887 769 1012 797 barbaris

225 819 286 843 nos,
304 811 384 844 Deus,
416 817 538 847 protcgc,
560 823 568 839 ι
591 814 655 841 talia
674 821 736 841 cum
757 815 947 842 meticulosum
961 821 1009 849 ge-

1060 233 1155 267 μένους
1185 232 1265 263 εὐθὺς
1292 230 1431 264 θορυϐεῖν·
1456 231 1511 257 δεῖν
1543 231 1597 266 γὰρ
1627 231 1725 257 ἐννοεῖν
1743 231 1772 257 τδ
1796 230 1846 256 τοῦ

1061 278 1221 312 πράγματος
1240 276 1434 307 ἀνυπόστατον,
1452 277 1497 302 καὶ
1514 276 1587 307 ὅπως
1601 276 1692 310 ἐχθροὶ
1711 276 1747 310 μὴ
1764 284 1846 310 περι-

1061 323 1208 357 καθήμενοι
1234 322 1309 349 πόλιν
1339 322 1399 357 μηδ’
1430 323 1458 348 ὲν
1472 321 1529 357 χρῷ
1541 321 1594 348 τῶν
1614 321 1726 356 πύργων
1757 321 1848 353 ὄντες,

1060 368 1127 394 ἀλλὰ
1143 368 1219 403 μόλις
1236 369 1281 394 καὶ
1293 368 1452 402 ἀκουόμενοι
1463 367 1639 401 διάγοντε;.ὲν
1661 367 1780 402 Περσίδι,
1797 368 1848 394 αὺ-

1058 413 1122 439 τίκα
1153 412 1316 448 παμπληθὲς
1342 412 1489 447 ἀπέχοντες
1520 412 1698 444 πετασοέντες
1731 412 1848 447 ὲμὸαϊεν

1059 459 1120 493 δίχα
1136 459 1252 493 πολέμου
1269 459 1317 484 καὶ
1329 458 1490 493 προσϐολῆς.
1507 457 1599 484 Ταῦτα
1609 459 1656 485 καὶ
1678 458 1711 484 τὰ
1734 458 1848 484 τοιαῦτα.

1061 505 1167 540 γράψας
1181 505 1227 531 καὶ
1241 505 1374 536 ὀνειδίσας
1388 506 1402 531 ὁ
1416 504 1541 540 βασιλεὺς
1555 504 1594 535 εἰς
1609 504 1638 530 τὸ
1653 503 1715 538 ἑξῆς
1729 504 1848 530 καθίστα

1060 550 1127 585 πρὸς
1144 551 1174 577 τὸ
1187 550 1418 585 εὐφυλακτότερον
1430 550 1475 576 τὸν
1488 550 1562 577 λαόν.

1433 607 1471 614 μ..-

1061 683 1116 705 tum
1137 678 1233 706 litteris
1260 678 1369 712 scriptis
1385 678 1455 706 haud
1475 677 1658 712 perfunctorie
1675 675 1758 703 d'uccs
1777 683 1848 711 prm-

1061 724 1154 751 sertim
1170 724 1358 758 primoresque
1384 723 1570 758 reprehendit,
1600 729 1701 756 negans
1725 721 1847 749 viroruut

1059 769 1233 804 prudentium
1250 777 1282 796 ac
1311 776 1345 796 ne
1361 776 1444 797 sensu
1469 769 1579 803 quidem
1607 767 1746 795 communi
1778 767 1848 794 satis

1061 815 1185 848 etpedite
1201 815 1333 842 utentium
1349 815 1442 847 fuisse,
1458 814 1547 842 statim
1564 821 1648 848 usque
1657 813 1726 840 adeo
1741 812 1846 839 turbari

226 864 278 883 nus
295 857 516 885 muliercularum
544 864 571 886 et
594 860 620 886 in
654 860 688 887 iis
705 861 935 889 consternatiores
951 860 1009 887 ani-
1025 871 1047 898 Β
1061 861 1131 888 fama
1148 865 1248 888 temere
1279 861 1366 892 illata,
1394 860 1511 895 primum
1540 859 1673 894 siquidem
1703 859 1848 893 explorare

225 903 292 930 culte
320 903 442 937 quaedam
475 904 692 932 vociferarentur
725 906 843 938 acutius,
881 906 1012 934 credibile

225 956 267 976 est
301 957 383 977 voces
414 950 474 977 illas
507 950 647 978 Persarum
679 957 706 979 et
731 952 915 980 Tocharorum
949 959 1011 987 per-

225 995 346 1023 cussisse
379 1003 458 1023 aures
487 997 666 1031 quorumdam
693 997 766 1024 aliud
800 998 958 1032 agentium,
986 1002 1014 1025 et

228 1042 348 1068 novitate
366 1041 424 1075 ipsa
444 1049 475 1069 ac
492 1047 555 1070 tono
583 1042 755 1070 formidinem
771 1043 870 1076 ciente,
900 1043 1012 1076 multos,

227 1087 381 1115 indiscussa
405 1089 498 1115 statim
527 1089 628 1116 indicio
659 1089 801 1123 gliscente,
821 1090 847 1116 in
868 1089 1012 1116 absurdam

227 1132 411 1167 ingrcssorum
427 1135 519 1162 urbem
540 1136 664 1168 istorum,
683 1143 751 1169 quos
764 1135 892 1170 appellari
918 1135 1013 1161 audit--

227 1184 289 1205 raut
308 1181 458 1212 nominum,
477 1181 632 1215 opinionem
649 1188 680 1209 ac
697 1181 776 1209 fidem
801 1181 885 1208 fuisse
901 1181 1014 1208 ridicule

227 1230 391 1259 pertractus.
406 1224 472 1252 Nam
493 1233 526 1253 ne
552 1226 606 1253 cito
634 1225 884 1260 deprehenderetur
909 1227 1013 1260 primus

227 1277 316 1302 error,
350 1271 579 1305 perturbationem
610 1278 642 1298 ex
674 1271 732 1298 dira
762 1271 899 1298 mentione
921 1270 1013 1297 statim

228 1321 317 1344 natam
335 1317 484 1347 obstitiSse,
499 1320 525 1343 et
552 1317 756 1351 persuasionem
775 1323 837 1342 cum
868 1319 940 1341 metu
960 1315 1014 1341 late

228 1363 424 1390 disseminasse
438 1371 446 1396 ;
463 1363 498 1390 ita
517 1364 658 1390 tumultum
675 1362 750 1390 urbis
764 1367 790 1390 et
802 1362 874 1389 illatn
889 1361 1013 1388 insanam

229 1409 438 1443 trepidationem
455 1413 543 1436 ortam
557 1413 728 1442 auctamque,
754 1407 793 1435 sic
805 1407 844 1434 illi
857 1407 1014 1441 conjectau-

230 1461 271 1482 tcs
303 1455 482 1482 diSserebant.
512 1455 644 1482 Ctetcrum
673 1454 819 1488 imperator
844 1453 890 1480 ubi
905 1460 937 1480 ea
954 1456 1015 1487 post

229 1502 368 1536 cognovit,
399 1509 459 1528 cum
487 1501 643 1528 hutuauiter
669 1507 829 1535 cutnpassus
857 1500 943 1527 errori
960 1504 1011 1532 est,

1063 906 1217 940 oportuisse
1231 913 1284 941 quo
1302 906 1477 933 fundamento
1506 913 1599 933 rutnor
1614 905 1758 936 niteretur,
1775 911 1848 938 pra:-

1064 953 1157 979 sertim
1174 952 1244 979 male
1268 951 1432 980 cohaerentia
1447 951 1574 979 nuntians
1588 959 1596 978 :
1625 951 1760 986 quomodo
1775 949 1848 977 enim

1066 999 1158 1026 hostes
1177 999 1249 1026 intra
1266 999 1359 1025 urbem
1374 1002 1400 1025 et
1416 998 1442 1024 in
1456 997 1556 1024 civium
1572 996 1683 1031 iugulis,
1700 997 1733 1023 de
1750 995 1850 1029 quibus

1064 1044 1183 1071 auditum
1200 1045 1317 1070 nondnm
1333 1047 1405 1070 esset
1418 1043 1485 1070 foris
1501 1043 1713 1078 approximasse,
1730 1041 1851 1068 circurn-

1064 1089 1153 1117 sidere
1179 1096 1282 1122 muros,
1314 1089 1434 1116 turribus
1461 1096 1491 1115 se
1515 1087 1851 1121 adtnovisse?Quomodo

1065 1135 1112 1170 qui
1137 1135 1220 1170 paulo
1249 1139 1313 1162 ante
1340 1134 1404 1161 dicti
1433 1139 1525 1162 essent
1554 1134 1658 1161 haerere
1685 1134 1712 1161 in
1726 1133 1850 1165 Perside,

1065 1181 1155 1207 subito
1174 1180 1223 1207 alis
1242 1180 1356 1214 sumptis
1383 1179 1502 1207 volucris
1531 1179 1670 1207 exercitus
1696 1186 1778 1213 supra
1797 1183 1853 1206 sta-

1065 1230 1125 1253 rent
1141 1225 1316 1252 imminentes
1329 1224 1445 1259 desuper
1457 1225 1623 1256 cervicibus,
1643 1229 1747 1251 tantum
1764 1225 1850 1251 inter-

1064 1270 1176 1303 vallum,
1191 1271 1235 1298 ubi
1249 1275 1277 1297 et
1294 1278 1371 1297 arces
1387 1274 1414 1297 et
1425 1270 1548 1304 prmsidia
1566 1270 1685 1297 Romana
1711 1270 1776 1300 sint,
1794 1271 1852 1296 vic~

1065 1317 1142 1343 toriis
1158 1321 1296 1344 momento
1307 1316 1449 1343 emensos?
1467 1315 1529 1343 Haec
1538 1320 1566 1343 et
1582 1316 1623 1343 his
1640 1315 1737 1342 similia
1753 1315 1852 1342 tneritn

1065 1361 1231 1396 exprobrans
1245 1368 1293 1396 per
1307 1361 1447 1396 epistolam
1462 1361 1643 1389 Nicaeensibus
1660 1361 1808 1396 imperator
1823 1361 1850 1388 id

1066 1408 1161 1443 agebat
1174 1413 1203 1434 ut
1215 1408 1241 1434 in
1256 1412 1394 1442 posterum
1407 1408 1541 1440 cautiores
1554 1408 1614 1436 illos
1631 1407 1756 1435 redderet
1769 1407 1796 1434 in
1810 1415 1852 1435 oc-

1066 1461 1148 1481 cursu
1163 1453 1292 1482 similium
1306 1461 1427 1481 casuum.

1024 1575 1088 1619 A'.

230 1647 266 1675 α’.
278 1647 446 1682 Δημηγορὶα
459 1647 612 1687 ﬂauius-‘10:;
624 1648 698 1687 {zptlc
709 1649 779 1687 ζοὺς
792 1650 937 1684 ἀρχιερεῖς
949 1649 1014 1684 περὶ
1031 1652 1053 1682 C
1071 1658 1148 1684 μενος
1161 1649 1190 1682 ἐξ
1200 1649 1321 1683 ἀνάγκης
1332 1649 1529 1683 ἀπαραιτήτου,
1545 1647 1583 1679 ὡς
1604 1648 1675 1683 μέγα
1693 1656 1718 1673 τι
1733 1647 1779 1673 καὶ
1809 1647 1854 1673 τὶν

493 1683 553 1709 τῶν
572 1682 636 1710 κατ’
651 1685 746 1711 αὐτόν
762 1704 768 1711 .

266 1739 298 1776 [Ρ
314 1740 377 1776 I70]
391 1741 520 1775 ’Δρχεται
534 1740 555 1766 δ’
571 1740 675 1766 ἐνθένδε
688 1741 722 1767 τὰ
733 1741 804 1768 κατὰ
817 1741 862 1768 τὸν
876 1741 1009 1777 πατριάρ-

229 1795 280 1821 χην
314 1787 459 1821 Ἄρει-ἔνων.
487 1785 516 1813 '0
539 1786 592 1821 γὰρ
620 1786 746 1821 βασιλεὺς
775 1787 830 1818 πᾶς
856 1788 1017 1821 γιγνόμενος

229 1832 298 1867 πρὺς
316 1832 346 1859 τὸ
360 1834 451 1859 πεῖσαι
466 1832 540 1868 αὐτῷ
557 1841 585 1859 τε
602 1833 691 1867 ἠπίως
719 1833 954 1867 προσενέγκασθαι
970 1834 1017 1860 καὶ

227 1879 275 1905 τὸν
291 1879 393 1913 δεσμὶν
402 1878 485 1910 λύειν,
500 1879 561 1905 ἐπεὶ
574 1879 734 1911 ἀπέγνωστό
745 1880 769 1905 οι
785 1879 818 1906 τὰ
839 1879 886 1906 τοῦ
903 1879 1016 1911 σκοποῦ,

230 1924 313 1955 πολὺς
340 1922 374 1959 ἦν
402 1923 584 1959 ὀριγνώμενος
609 1925 640 1951 ἐκ
671 1924 770 1956 παντὸς
783 1925 884 1960 τρόπον
914 1926 1016 1951 ἐκεῖνον

230 1970 481 1997 ἀποσκευάσασθαι.
504 1970 587 1996 Ὅθεν
598 1970 645 1997 καὶ
659 1970 787 2002 πολλάκις
803 1971 866 2002 τοὺς
881 1971 1017 2006 ἀρχιερεῖς

231 2014 374 2048 συγκαλῶν
387 2014 556 2050 ἐμαρτύρετο
571 2015 618 2050 τὴν
645 2015 779 2050 ἀνάγκην,
795 2015 832 2047 ὡς
860 2025 869 2041 ι
893 2016 958 2042 Δέον
987 2015 1016 2041 ὂν

231 2061 332 2094 ἄγοντα
346 2062 399 2087 τῶν
419 2061 505 2088 ἄλλων
520 2062 616 2096 σχολὴν
630 2061 664 2088 τὰ
677 2062 726 2095 τῆς
740 2061 828 2097 ἀρχῆς
849 2061 935 2088 πολλὰ
954 2061 1017 2088 ὄντα

232 2106 278 2133 καὶ
292 2107 473 2139 δυαεξάνυστα
490 2108 664 2143 προσκοπεῖν,
681 2108 693 2133 ὁ
707 2107 735 2133 δὲ
750 2107 885 2139 κάκείνοις
902 2107 1018 2134 ἐνειλού-

1067 1696 1181 1724 ἀπὸτοῦ
1211 1695 1380 1730 πατριάρχου
1405 1694 1503 1729 δεσμὸν
1527 1693 1651 1728 ἐφόλκιον
1682 1693 1852 1727 ἑπισὺρεται.

1073 1742 1171 1778 Ἐχρῆν
1186 1742 1207 1768 δ’
1222 1742 1271 1776 οὐχ
1282 1740 1379 1772 οὕτως,
1401 1741 1467 1767 ἀλλὰ
1481 1741 1526 1766 καὶ
1541 1739 1636 1770 αὐτοὺς
1649 1739 1688 1773 τῷ
1709 1740 1854 1774 πράγματι

1066 1789 1194 1824 νεμεσᾷν,
1210 1787 1234 1813 εἰ
1249 1786 1481 1822 πλημμελήματος
1503 1786 1538 1820 μὴ
1551 1785 1608 1811 οἴου
1624 1785 1648 1810 τ’
1664 1784 1738 1815 ὄντος
1755 1786 1789 1819 τῇ
1815 1785 1855 1815 εἰς

1069 1833 1101 1860 τὸ
1116 1833 1227 1868 ἀρχαῖον
1242 1832 1296 1858 τῶν
1323 1831 1494 1865 πραγμάτων
1516 1830 1707 1864 ὲπανακάμψει
1732 1829 1856 1863 ἐξαληλί-

1069 1880 1133 1914 φθαι
1147 1879 1161 1905 ὁ
1176 1879 1243 1914 πρὸς
1253 1879 1282 1905 τὸ
1293 1877 1454 1911 θεραπεύειν
1469 1877 1631 1911 ταττόμενος
1654 1876 1725 1902 δυοῖν
1742 1875 1856 1910 eiram;

1068 1925 1192 1958 πράττοι,
1207 1923 1222 1959 ἢ
1237 1925 1270 1950 τὰ
1286 1923 1405 1958 πρότερα
1422 1922 1459 1954 ὡς
1475 1920 1548 1956 εἶχεν
1563 1921 1747 1952 ἀνταπαιτῶν,
1770 1921 1788 1955 ἦ
1807 1920 1857 1955 τὴν

1068 1968 1216 2003 θεραπείαν
1230 1967 1457 2000 ἀναὸαλ).ὁμενος.
1484 1964 1521 1991 Τὸ
1534 1964 1582 1999 μὲν
1600 1965 1655 1999 γὰρ
1670 1963 1811 1995 ἀδύνατον,
1828 1963 1857 1989 τὸ

1067 2014 1096 2041 δὲ
1113 2014 1220 2044 πάντως
1236 2012 1453 2046 ἀνοικονόμητον.
1468 2011 1521 2037 Καὶ
1540 2010 1598 2036 δέον
1611 2009 1639 2036 ὃν
1652 2010 1796 2045 παραινεῖν
1811 2011 1857 2034 καὶ

1068 2060 1118 2095 τὴν
1135 2059 1180 2086 τοῦ
1198 2058 1369 2094 μεταγνῶναι
1381 2055 1512 2082 δεικνύειν
1524 2055 1580 2081 ὁδον
1597 2056 1642 2082 καὶ
1656 2055 1694 2089 τῷ
1711 2055 1795 2090 μηδὲν
1809 2053 1856 2080 τοῦ

1070 2105 1304 2141 πλημμελήματος
1333 2102 1487 2137 αἰσθομένω
1502 2101 1517 2136 ἢ
1534 2102 1581 2128 καὶ
1597 2100 1858 2136 ηταρρᾳθυμοῦντι

1009 2188 1090 2232 IV.

232 2279 259 2306 ι.
289 2277 382 2305 Oratio
407 2279 573 2313 imperatoris
591 2279 625 2306 ad
654 2280 786 2314 episcopos
814 2279 845 2306 de
865 2278 939 2305 rebus
952 2278 1020 2305 suis.
1037 2281 1059 2308 n
1075 2275 1238 2303 necessitate
1255 2281 1335 2301 curas
1358 2274 1476 2308 imperii,
1497 2273 1564 2302 tales
1579 2273 1689 2300 omnino
1709 2280 1770 2308 quin
1784 2273 1860 2301 soluo

267 2324 346 2358 251
371 2323 439 2350 llinc
461 2323 593 2356 incipiunt
612 2331 654 2351 res
676 2324 806 2351 adversus
830 2324 1017 2358 patriarcham

232 2371 375 2398 Arscnium
391 2374 483 2404 gestae.
496 2369 563 2397 Cum
581 2369 653 2397 enim
674 2370 820 2404 imperator
835 2374 907 2397 totus
925 2370 1020 2396 hacte-

233 2425 284 2444 nus
299 2416 396 2443 fuisset
418 2416 444 2443 in
467 2415 622 2443 deliniendo
646 2416 813 2450 patriarcha,
840 2415 1020 2451 omnibusque

232 2462 328 2489 ciliciis
340 2461 520 2488 cblandiendo
536 2466 564 2488 ut
577 2462 670 2488 mitius
686 2469 766 2497 agere
779 2469 870 2489 secum
898 2461 980 2489 vellet
995 2465 1022 2488 et

232 2508 414 2535 unathematis
442 2507 533 2542 injecti
567 2508 706 2535 vinculum
735 2508 851 2540 solvere,
869 2509 1019 2543 {postquam

234 2554 424 2582 animadvertit
434 2562 464 2583 se
480 2554 544 2581 nihil
561 2554 693 2589 prolicere
709 2554 915 2588 desperavitque
941 2554 1021 2589 plane

234 2603 373 2630 meliorem
399 2602 423 2628 in
445 2607 582 2636 posterum
611 2609 766 2629 successum
785 2601 923 2636 petitionis
944 2602 1021 2629 istius

233 2655 302 2678 sum.
329 2655 461 2676 c0nversa
481 2647 663 2675 velificatione
682 2647 857 2674 vehementer
879 2647 906 2673 in
932 2647 1022 2674 cousi-

235 2694 300 2721 lium
319 2694 442 2720 incubuit
458 2693 516 2728 ejus
546 2694 619 2720 omni
636 2694 739 2720 ratione
764 2693 918 2721 amovendi.
937 2693 966 2719 Ei
984 2693 1021 2720 rei

235 2739 455 2773 praitnuniendte,
481 2740 580 2773 smpius
596 2739 752 2766 convocatis
776 2746 913 2766 sacrorum
928 2739 1022 2774 [δι-ωεί-

236 2784 325 2813 dibus.
344 2788 501 2811 contestans
516 2783 668 2818 exponebat
684 2784 823 2819 angustias
843 2784 942 2818 quibus
955 2791 1021 2810 con-

237 2830 411 2863 ﬂictaretnm
426 2830 497 2857 inter
511 2830 572 2857 hinc
589 2830 697 2864 quidem
714 2833 841 2864 urgentes
855 2829 1021 2857 iucluctahili

1069 2326 1125 2348 tum
1140 2329 1153 2347 a
1170 2320 1275 2347 caeteris
1288 2319 1409 2346 animum
1423 2319 1602 2353 requirerent,
1624 2326 1655 2345 ac
1673 2317 1714 2346 vel
1729 2318 1770 2345 sic
1785 2319 1830 2346 vix
1845 2326 1861 2346 a

1070 2371 1211 2402 satagente
1225 2366 1433 2400 conuitenteque
1454 2369 1533 2399 prout
1547 2364 1688 2399 oportebat
1699 2364 1864 2397 expediren-

1071 2419 1126 2446 tur,
1148 2413 1210 2440 inde
1235 2416 1324 2439 autem
1355 2411 1507 2438 obstantem
1544 2410 1671 2437 duritiam
1695 2410 1864 2444 patriarchae

1075 2458 1248 2494 impedientis
1264 2465 1294 2485 se
1306 2464 1338 2484 ac
1355 2457 1432 2491 quasi
1445 2457 1621 2484 constrictum
1639 2455 1774 2482 trahentis
1792 2456 1863 2483 diris

1074 2505 1190 2533 vinculis
1209 2503 1390 2531 anathematis
1420 2502 1536 2530 infandi.
1563 2501 1773 2529 Considerarent
1791 2501 1862 2532 lucc,

1077 2556 1104 2580 et
1117 2551 1240 2580 viderent
1255 2558 1288 2577 an
1305 2557 1357 2576 non
1367 2553 1438 2576 esset
1450 2548 1553 2582 sequius
1571 2547 1662 2574 venire
1677 2547 1748 2580 ipsos
1768 2554 1862 2573 secum

1078 2598 1106 2626 in
1122 2602 1224 2632 partem
1242 2595 1432 2624 sollicitudinis
1458 2594 1582 2628 publicae,
1612 2592 1790 2627 improbanda
1809 2592 1861 2619 ista

1077 2642 1266 2677 intempestiva
1282 2640 1443 2675 pertinacia.
1457 2638 1656 2668 Patriarchaut.
1677 2636 1753 2669 cujus
1768 2641 1863 2663 essent

1076 2693 1167 2723 partes
1196 2687 1327 2714 adhibere
1343 2686 1512 2714 curationem
1526 2684 1621 2719 lapsis,
1644 2684 1804 2711 obtinnasse
1818 2683 1862 2708 in-

1077 2734 1231 2763 flcxibiliter
1242 2734 1361 2760 animum
1384 2733 1410 2759 iu
1426 2732 1617 2766 prosecutione
1638 2730 1750 2756 alterius
1766 2730 1863 2756 harum

1076 2782 1189 2808 duarum
1204 2787 1306 2811 rerum,
1324 2783 1369 2806 aut
1384 2783 1412 2805 Ill
1428 2782 1574 2812 reponatur
1589 2777 1614 2804 ῘΙΙ
1629 2777 1743 2811 priorem
1761 2780 1863 2802 Slilllllll

1077 2829 1101 2856 id
1117 2826 1187 2861 quod
1203 2833 1263 2854 meo
1276 2829 1386 2860 peccato
1406 2829 1538 2852 mutatutn
1556 2828 1618 2856 est;
1635 2827 1680 2849 aut
1697 2822 1723 2849 ni
1738 2822 1789 2849 hoc
1806 2815 1866 2854 ait.
