1936 3069
92 134 147 168 61η

573 134 619 164 DE
641 133 836 163 MiClIAELE
857 127 1093 161 PALJEOLOGO
1110 130 1182 160 LIB.
1200 130 1247 159 1V.

1668 123 1719 154 (.93

92 193 126 218 ὲκ
143 189 340 226 προαιρέσεως,
353 189 366 214 ὁ
386 187 413 214 δὲ
429 187 475 213 καὶ
489 187 534 212 τὸν
553 186 583 218 ἐξ
607 185 690 212 αὑτοῦ
719 185 878 219 νυττόμενον
896 183 915 210 Α
932 184 1070 218 βασιλείας
1083 185 1130 210 καὶ
1147 183 1293 218 ἰδιωτισμῷ
1309 181 1429 218 μετιέναι
1441 181 1470 207 τὸ
1483 180 1608 215 ἔγκλημα
1623 181 1718 215 βούλε-

91 237 132 272 τῷ
147 235 265 272 γνησίως
286 234 465 269 μεταγνῶναι,
476 234 522 259 καὶ
536 233 584 267 τὴν
598 231 743 267 θεραπείαν
758 231 880 261 ἐκτόπως

93 283 207 308 θέλοντα
219 274 355 314 δέέεσϐαι,
375 280 426 306 κᾶν
440 279 608 312 καυστῆρσιν
621 279 797 312 οἱκονομοῖτο,
811 277 880 302 ἐκεῖ·

92 335 137 358 νος
168 326 328 356 ἀπωθεῖται,
352 324 400 350 καὶ
421 324 460 358 τῷ
486 323 656 357 μεταγνῶναι
671 323 701 349 τὸ
726 321 879 354 ἀπογνῶναι

94 372 226 406 συνείρει,
245 371 283 401 ὼς
294 371 418 405 κρεῖττον
435 369 467 395 ὃν
480 369 517 403 μὴ
538 367 707 403 μεταγνῶναι
723 367 739 401 ἢ
755 366 880 399 ἀπογνῶ-

93 425 139 444 VII.
153 417 320 451 μεταγνόντα
333 425 340 432 ⁸
355 416 386 442 τὸ
402 415 451 449 μὲν
466 415 522 449 γὰρ
537 413 703 448 ἀναλγησίαν
721 412 879 446 κατηγορεῖ,

93 463 124 490 τ’)
139 463 163 489 δ’
181 462 318 489 ἀπώλειαν
331 461 519 492 αἰωνίζουσαν,
533 460 617 486 Αὑτὸν
631 459 679 493 μὲν
691 457 736 485 οὖν
751 458 797 484 καὶ
813 456 879 482 πολ-

95 508 175 539 λάκις
184 507 365 542 προσελθόντα
376 504 596 539 ἀποπέμπεσθαι,
612 503 659 530 καὶ
670 501 801 537 ζητοῦντα
817 501 880 532 τοὺς

93 554 212 589 τρόπους
224 553 273 587 τῆς
286 552 407 588 ἰατρείας
420 552 468 584 οὐχ
479 552 552 582 ὅπως
569 550 728 585 λαμϐάνειν,
747 548 815 575 ἀλλὰ
833 547 880 574 καὶ

95 597 353 632 προσονειδίζεσθαι,
367 597 413 624 καὶ
427 597 502 628 τέλος
520 596 594 622 οὐδὲν
609 595 671 622 ἄλλο
697 593 879 620 πυνθάνεσθαι

93 643 164 678 πλὴν
189 643 220 670 τὸ
245 643 368 678 ἀνάγκην
393 643 462 669 εἶναι
486 641 516 668 τδ
530 641 639 676 τραῦμα
660 640 761 673 ἰᾶσθαι,
778 639 880 670 ὄπωςδ’

95 689 160 724 ίῷτο
178 689 215 724 μὴ
231 688 385 723 μανθάνειν,
397 687 463 714 ἀλλὰ
480 688 548 722 πρδς
559 687 588 713 τὺ
609 687 738 719 πράττειν
766 679 881 719 προτρέὲ

93 734 195 760 πεσθαι
213 734 294 768 μηδὲν
310 734 398 760 εἰδότα
413 734 466 760 τῶν
482 733 612 766 πράττειν
625 731 818 765 ὀφειλομένων,
841 727 881 755 εἷα

93 787 139 806 ναι
155 779 176 806 δ’
188 778 351 805 ὑποπτεύειν
366 779 395 804 τὸ
410 779 463 805 πᾶν
478 778 586 813 χλεύην.
608 777 679 812 ’Ὦρα
702 776 767 811 γοῦν
796 775 881 802 δεδοι-

93 825 172 852 κέναι
196 825 232 859 μή
253 833 280 851 τι
305 825 351 851 καὶ
371 825 536 860 πράττοντος
563 824 666 855 ἐκεῖνος
685 822 881 856 ἀναλαμϐάνων

934 238 988 255 ται.
1002 229 1048 264 Τῷ
1063 229 1100 261 δὲ,
1116 225 1137 261 ᾦ
1150 228 1182 255 ἂν
1197 229 1243 254 καὶ
1264 227 1416 260 συνενέγκοι
1431 226 1550 257 σκοπῶν,
1571 225 1625 251 οὐδ’
1651 226 1718 257 ὅλως

934 274 1063 308 εύρῖσκω.
1086 274 1148 299 Ἐπὶ
1166 274 1214 308 μὲν
1229 271 1275 299 οὖν
1292 273 1348 303 τοῖς
1373 273 1483 302 κοινοῖς.
1502 271 1613 297 αὐτόθεν
1628 270 1716 304 δῆλον,

934 321 981 346 καὶ
1002 319 1076 345 οὐδὲν
1095 320 1134 346 δεῖ
1159 318 1316 353 ἐρωτῶντας
1332 317 1477 352 μανθάνειν
1493 325 1500 332 ο
1521 317 1550 343 τὸ
1573 316 1627 350 γὰρ
1657 314 1718 350 μήτ’

934 365 1039 392 ἐκείνου
1057 365 1111 390 οἵου
1127 365 1151 390 τ’
1162 365 1237 395 ὄντος
1251 363 1285 389 τὰ
1305 364 1454 398 πράγματα
1466 362 1585 393 διοικεῖν,
1601 362 1648 387 καὶ
1665 369 1718 395 μη-

933 411 961 436 δὲ
976 410 1126 444 συμϐάντος
1145 410 1284 444 ἐκστῆναι,
1302 409 1340 439 ὡς
1355 408 1424 442 μέγα
1440 416 1466 433 τι
1481 407 1530 441 τὴν
1542 407 1658 441 ἐρημίαν
1675 405 1719 431 λο-

933 455 1068 488 γίζεσῒαι,
1084 455 1158 481 οὐδὲν
1172 454 1256 489 ἀλλ’ἢ
1272 453 1415 488 ζητοῦντος
1438 451 1515 487 οἶμαι
1547 452 1634 478 κοινὸν
1659 451 1718 478 5).:-

935 501 998 535 θρον
1018 500 1064 526 καὶ
1084 500 1209 535 Τελχῖνος
1219 500 1318 534 τρόπον
1336 499 1552 532 ἐνδεικνυμένου.
1577 499 1609 524 "0
1625 497 1652 524 δὲ
1671 497 1719 523 καὶ

936 545 1036 579 μᾶλλον
1055 545 1238 580 διαφερόντως
1251 545 1305 571 τῶν
1317 545 1404 571 ἄλλων
1421 545 1536 570 ἅπτεται
1559 543 1613 569 τῶν
1631 543 1718 578 ἐμῶν,

936 591 1043 625 μακρὰν
1060 591 1093 617 ἂν
1105 591 1153 626 τὴν
1170 590 1338 625 δημηγορίαν
1357 590 1501 616 κατέτεινεν.
1519 589 1562 621 ἂν,
1583 589 1616 624 ἢν
1646 590 1716 623 μήγε

934 638 981 663 καὶ
996 636 1041 670 ἀφ’
1053 636 1110 667 se;
1124 637 1203 670 μόνου
1217 634 1270 666 οἷός
1279 636 1301 661 τ’
1318 633 1351 669 ἦν
1367 636 1502 670 παριστᾷν
1526 635 1575 668 τὴν
1605 634 1717 668 βλάϐην.

934 682 966 708 Τί
981 682 1034 716 γάρ
1050 682 1151 716 μοικαὶ
1165 681 1293 716 ἐχέγγυον
1308 681 1354 707 τοῦ
1377 681 1405 707 δὲ
1432 679 1510 711 αὖθις
1535 681 1718 716 ἀπραγμόνως

935 724 1031 760 βιῶσαι
1049 725 1223 759 καταθεμένῳ
1241 725 1290 759 τὴν
1306 725 1428 758 ἐξουσίαν
1443 733 1449 758 ;
1467 725 1498 751 Τί
1510 725 1538 751 δὲ
1550 726 1658 758 γυναικὶ
1673 726 1718 751 καὶ
1734 752 1737 755 ,

934 771 1012 797 παισὶ
1025 771 1142 805 μᾶλλονς
1158 768 1197 802 οἷς
1216 771 1248 797 ἂν
1263 771 1403 805 παρευϐὺς
1436 772 1533 806 μοῖραν
1562 771 1719 805 ἐφεδρεύειν

934 817 1041 850 ἀνάγκη
1054 815 1088 853 ἦς
1099 818 1112 843 ό
1126 817 1213 852 τυχὼν
1226 817 1257 843 οὺ
1271 817 1428 852 γηθήσειεν.
1452 816 1528 850 Ἐμοὶ
1547 817 1597 850 μὲν
1609 815 1655 842 οὖν
1667 817 1718 842 οὐκ

92 869 124 896 τὸ
141 854 278 904 ἔγκλημα.
293 869 330 901 ὡς
350 854 461 905 μηόενὺς
473 854 622 904 αὑτᾶρκους
652 854 808 903 γενομένου,
842 867 878 902 μὴ
897 854 916 881 Β
931 862 1002 888 ἐστιν
1017 862 1200 897 ἀμφισϐητεῖν
1216 862 1310 896 ἐκείνῳ
1335 862 1383 895 τῆς
1395 862 1582 896 πνευματικῆς
1609 862 1719 896 ἰδμοσύ-

94 915 281 950 καταδέχοιτο,
293 916 341 942 καὶ
364 915 436 942 οὕτω
452 916 568 946 πονέσας
587 915 706 950 ἀνήνυτα
729 913 878 947 γνώσομαι.

96 960 130 987 '0
145 961 169 986 δ’
193 958 239 987 οὗν
265 961 312 987 καὶ,
342 960 468 995 ἐμφαίνει
495 960 627 994 πλαγίως,
654 959 817 989 ἀκούσαντες
839 957 878 996 ,ἂν

91 1003 224 1038 διαγνῶτε
236 1005 268 1040 ἢν
279 1005 346 1037 ὅλως
363 1005 507 1040 συμφέροι.
522 1004 556 1041 [P
575 1003 634 1040 ΓΗ]
662 1003 802 1032 Ἀποθέσει
825 1002 879 1037 γὰρ

94 1091 159 1119 mihi
177 1099 273 1119 omnes
289 1099 352 1127 spes
380 1091 510 1120 redeundi
531 1100 648 1127 unquam
662 1092 695 1119 ad
709 1091 878 1119 communio-

94 1146 155 1166 nem
182 1138 308 1165 Ecclesiat
333 1138 494 1165 inexorabili
523 1137 670 1165 severitate
701 1137 875 1170 przecidatur.

93 1184 186 1218 Atqui.
202 1189 231 1211 ut
249 1192 296 1211 vos
309 1192 356 1218 pro
377 1190 464 1212 vestra
481 1184 622 1218 prudentia
641 1183 746 1215 videtis,
763 1183 877 1210 alterum

93 1231 206 1265 quidem
223 1231 335 1258 istorum
353 1231 410 1258 ﬁeri
428 1238 480 1257 non
495 1235 600 1264 potest;
617 1229 729 1256 alterum
747 1235 877 1263 perquam

94 1276 272 1302 inhumanum
285 1280 325 1302 est
343 1279 369 1302 et
382 1275 416 1302 ab
431 1275 559 1302 Ecclesia:
576 1279 697 1300 materna
716 1274 741 1300 in
756 1280 821 1300 suos
838 1273 879 1299 iu—

94 1321 235 1354 dulgentia
253 1319 334 1354 252
348 1320 464 1346 utaxime
490 1319 649 1346 abhorrens.
681 1318 742 1345 Veri
762 1317 879 1351 pastoris

94 1372 121 1392 et
137 1366 242 1400 providi
257 1366 342 1400 patris
357 1373 455 1392 munus
468 1364 555 1392 fuerat
572 1364 673 1392 hortari
689 1364 722 1391 ad
746 1363 880 1398 paeniten-

94 1413 172 1443 tiam,
190 1416 217 1438 et
241 1412 311 1438 viam
330 1412 471 1439 ostendere
485 1411 634 1443 aberranti,
657 1409 800 1444 calcarque
829 1410 879 1435 ad-

93 1459 170 1490 dere,
187 1462 214 1484 ut
231 1457 264 1485 ad
288 1457 372 1484 Deum
385 1456 544 1491 frugemque
568 1457 678 1487 rediret.
693 1456 774 1482 etiam
799 1462 876 1482 suam

93 1503 233 1530 miseriam
251 1510 304 1530 non
317 1503 454 1534 sentienti,
469 1502 667 1537 negligentique
684 1509 717 1528 ac
739 1501 877 1535 respueuti

93 1548 231 1575 obsunata
247 1548 416 1575 contumacia
432 1547 593 1574 remedium.
613 1546 660 1573 llle
676 1551 766 1573 autem
781 1553 823 1573 me
838 1544 878 1571 ul-

95 1599 136 1622 tro
159 1595 333 1620 damnantem
350 1593 584 1626 detestantemque
606 1592 695 1620 scelus
713 1600 813 1624 meum,
837 1598 879 1618 me

93 1640 184 1667 omnia
201 1646 270 1666 vera:
283 1638 449 1673 poenitentia:
457 1639 533 1672 signa
544 1638 727 1669 exhibentem,
743 1645 784 1664 tne
796 1638 878 1664 etiam

93 1691 176 1720 atque
193 1686 272 1712 etiam
294 1688 449 1719 poscentem
468 1691 565 1718 pinnas
579 1683 645 1710 mihi
661 1683 763 1718 imp0ni
778 1683 879 1710 saluta-

94 1739 149 1765 res,
170 1739 213 1758 me
241 1730 371 1764 patientia
403 1730 519 1757 obnoxia
548 1730 719 1764 prolitentcm
750 1729 880 1757 sectionis

93 1785 203 1813 quoque
216 1782 243 1804 et
260 1777 374 1804 ustionis
393 1777 511 1804 austeris
526 1777 673 1804 subeundis
688 1776 878 1804 curationibus

95 1828 232 1858 paratum,
248 1823 337 1858 rejicit
355 1828 438 1857 atque
452 1828 613 1857 aspernatur
628 1828 728 1854 tamen,
742 1827 769 1850 et
797 1823 881 1857 culpa:

95 1875 234 1904 utcunque
258 1877 273 1894 a
303 1868 479 1902 resipiscente
514 1868 650 1896 damnatae
684 1869 880 1896 conscientiam

94 1923 202 1950 aequum
226 1919 321 1943 censet
337 1921 458 1943 extrema
472 1915 659 1949 desperatione
682 1915 879 1950 constringere.

94 1962 159 1989 Mihi
174 1969 238 1989 vero
255 1961 345 1988 minus
360 1961 459 1988 malum
484 1961 626 1995 minusque
642 1961 751 1988 noxium
773 1961 882 1988 videtur

94 2016 148 2035 non
167 2015 314 2043 agnoscere
327 2007 432 2042 culpam
449 2008 599 2042 propriam,
615 2015 696 2042 quant
712 2008 772 2042 ejus
783 2007 881 2043 impro-

94 2053 165 2081 bata:
196 2058 384 2088 revocataeque
416 2055 521 2081 veniam
544 2055 701 2088 desperare.
716 2054 793 2081 Prius
807 2053 880 2081 enim

95 2099 160 2126 illud
179 2099 307 2127 duritiam
323 2099 409 2127 solutn
428 2101 518 2135 arguit
532 2099 598 2127 alias
613 2098 811 2127 emendabilem
829 2098 881 2125 im-

93 2145 253 2180 pmuitentis
274 2145 300 2172 in
333 2153 450 2180 praisens
479 2145 561 2172 animi
582 2154 589 2172 :
614 2146 665 2173 hoc
693 2145 829 2179 posterius
853 2145 879 2172 iu

929 916 989 942 νης.
1005 907 1056 935 κᾶν
1067 908 1080 934 ὃ
1096 917 1122 934 τι
1137 907 1242 934 κελεύοι
1256 915 1264 922 ’
1282 908 1350 938 τέως
1363 907 1386 933 δ’
1403 909 1431 933 ὲν
1446 906 1551 938 τούτοις
1575 907 1671 933 πολλοῦ
1687 916 1718 941 γε

929 953 981 979 δέω
997 954 1200 987 προσεπαινεῖν.
1213 952 1268 978 Ποῦ
1285 952 1339 986 γὰρ
1355 952 1400 978 καὶ
1425 952 1479 978 τίνι
1506 952 1565 978 ποτ’
1586 952 1657 979 ἔθνει
1688 952 1719 978 τὸ

929 999 1049 1026 τοιοῦτον
1057 999 1192 1032 ἐϐλαστες
1212 999 1258 1025 καὶ
1273 999 1313 1031 εἰς
1330 998 1356 1025 τί
1384 998 1557 1032 παράδειγμα
1583 997 1688 1032 βλέπων
1704 1000 1719 1024 ὁ

930 1087 953 1115 si
987 1087 1059 1114 ultro
1085 1087 1227 1122 aggrediar
1253 1087 1415 1115 satisfacere
1436 1095 1484 1122 pro
1510 1087 1636 1119 crimine,
1668 1087 1713 1114 ubi

931 1134 1014 1161 multa
1041 1134 1207 1168 impendero,
1222 1133 1304 1161 multa
1321 1138 1472 1166 tentavero,
1489 1133 1602 1160 multum
1615 1133 1718 1161 sudans

930 1179 1074 1214 nitensque
1100 1180 1127 1206 in
1144 1179 1255 1207 sceleris
1285 1179 1470 1213 expiationem
1495 1179 1546 1206 mei
1572 1185 1714 1212 peregero,

931 1225 1002 1253 haud
1017 1233 1048 1252 ea
1065 1231 1153 1253 tamen
1170 1226 1213 1253 ille
1229 1225 1296 1252 satis
1315 1225 1442 1260 accipiat,
1459 1225 1552 1259 sicque
1565 1223 1719 1252 contentio-

932 1279 979 1299 nes
1007 1280 1050 1300 me
1065 1272 1126 1300 illas
1139 1280 1331 1307 terumnasqne
1358 1272 1512 1306 perdidisse
1540 1277 1648 1306 spretus
1683 1273 1717 1298 ad

930 1325 1080 1346 extremum
1092 1326 1124 1346 ac
1132 1318 1255 1353 repulsus
1269 1318 1400 1346 sentiam?
1415 1318 1512 1345 Audite
1526 1322 1615 1345 autem
1630 1322 1717 1353 etpro

930 1369 1017 1393 vestra
1038 1365 1169 1399 sapientia
1181 1365 1312 1392 aestimate
1331 1365 1410 1398 quale
1428 1364 1463 1391 sit
1478 1369 1505 1390 et
1520 1364 1615 1398 ecquid
1633 1371 1715 1398 expe-

930 1411 987 1438 diat
1019 1410 1184 1446 reipublicae,
1199 1411 1270 1445 quod
1291 1418 1340 1444 per
1359 1411 1425 1437 istas
1450 1409 1578 1444 ambages
1605 1410 1713 1445 oblique

931 1457 1010 1492 253
1025 1457 1123 1484 innuit.
1141 1456 1251 1484 Videtur
1264 1456 1330 1484 velle
1344 1463 1386 1483 me
1400 1456 1568 1491 depositione
1580 1456 1716 1491 principa-

932 1508 975 1530 tus
988 1507 1015 1529 et
1025 1502 1113 1530 reditu
1127 1502 1160 1529 ad
1177 1503 1258 1529 vitam
1274 1502 1405 1538 privatam
1422 1503 1532 1537 expiare
1545 1502 1634 1529 scelus
1645 1501 1716 1536 quod

932 1548 1061 1576 conscivi.
1075 1549 1103 1576 In
1119 1548 1170 1576 hoc
1181 1548 1225 1576 ille
1239 1550 1302 1582 quid
1317 1552 1431 1583 spectet,
1445 1553 1472 1576 et
1487 1548 1513 1575 in
1529 1555 1607 1582 quem
1628 1552 1718 1575 trans-

933 1594 1005 1622 ferre
1022 1595 1122 1629 cogitet
1144 1595 1324 1630 principatum
1345 1595 1410 1622 mihi
1425 1599 1557 1629 ereptum,
1577 1595 1718 1622 commini-

933 1641 971 1668 sci
989 1641 1116 1674 equidem
1141 1647 1255 1673 nequeo.
1273 1640 1378 1673 Quanta
1401 1647 1480 1674 porro
1505 1646 1641 1674 quamque
1654 1647 1716 1674 per-

933 1687 1039 1714 niciosa
1069 1687 1130 1713 inde
1157 1686 1227 1713 foret
1252 1686 1355 1713 oritura
1375 1685 1554 1720 perturbatio,
1581 1685 1717 1720 subjicere

934 1734 984 1761 sibi
997 1733 1113 1767 quisquc
1122 1732 1367 1766 circumspiciendo
1377 1737 1476 1758 cuncta
1484 1736 1581 1766 potest,
1591 1737 1619 1758 ut
1632 1731 1715 1759 alium

934 1779 1059 1806 consulat
1074 1778 1222 1806 neminem.
1239 1778 1306 1806 Cum
1322 1778 1394 1805 eniut
1410 1777 1455 1805 ille
1475 1778 1518 1804 cui
1532 1778 1715 1805 inlerversum

935 1825 1076 1860 imperium
1099 1825 1252 1860 patriarcha
1275 1824 1335 1860 jure
1361 1823 1495 1858 queritur,
1514 1831 1564 1851 nec
1594 1831 1641 1857 per
1654 1829 1719 1851 tnta-

936 1876 988 1898 tcm
1017 1876 1063 1898 aut
1078 1871 1274 1904 experientiam
1295 1877 1343 1904 par
1355 1869 1390 1896 sit
1410 1869 1475 1896 moli
1493 1868 1610 1896 ferenda:
1627 1869 1718 1904 publi-

934 1923 1025 1943 carum
1043 1923 1145 1948 rerum,
1161 1919 1344 1949 praetereaque
1373 1915 1400 1941 in
1417 1913 1599 1941 calamitatem
1617 1914 1718 1941 incide-

936 1964 969 1990 rit
984 1971 1044 1989 cuzn
1076 1962 1302 1990 immedicabilem
1324 1967 1384 1988 tum-
1398 1961 1509 1988 omnino
1529 1961 1623 1994 talem,
1655 1968 1715 1995 qua

935 2013 963 2036 ut
983 2008 1090 2036 abunde
1108 2012 1202 2036 cuncta
1227 2011 1325 2035 caetera
1346 2011 1533 2042 suppeterent,
1559 2014 1666 2034 omnem
1694 2007 1718 2034 ei

935 2062 1045 2089 prorsus
1059 2055 1213 2081 facultatem
1231 2061 1263 2081 ac
1291 2053 1345 2080 vim
1362 2053 1464 2080 adimat
1479 2053 1647 2088 principatus
1666 2061 1719 2080 un-

934 2107 1016 2135 quam
1036 2100 1278 2134 quomodocunque
1303 2099 1442 2132 rurigendi,
1458 2099 1524 2125 satis
1540 2103 1613 2132 patet
1639 2106 1719 2132 quant

935 2147 1085 2180 perniciose
1098 2145 1223 2173 consulat
1251 2146 1415 2179 reipublicae,
1433 2144 1478 2179 qui
1506 2152 1549 2171 me
1567 2149 1659 2171 amoto
1676 2152 1720 2170 rc-

93 2197 203 2219 ωιτη-ηε
218 2191 310 2225 utique
332 2191 514 2218 damnationis
531 2192 642 2218 exitium
670 2190 825 2218 inevitabile
836 2191 881 2218 de.
898 2199 919 2225 ι)
934 2193 1066 2227 dictoque
1083 2192 1109 2219 in
1133 2191 1256 2218 ordinent
1287 2191 1373 2218 solum
1405 2191 1486 2218 istum
1513 2195 1539 2217 et
1558 2189 1719 2218 destitutum

95 2238 180 2265 trudit
207 2242 386 2271 peccatorem.
405 2236 540 2271 Expertus
565 2237 656 2264 omnia
680 2237 737 2265 hate
769 2244 881 2272 queror.

93 2282 166 2310 Nihil
189 2290 242 2310 non
259 2282 373 2310 tentavi.
391 2282 469 2310 Adivi
485 2282 597 2318 supplex
623 2283 805 2317 patriarcbam
830 2291 880 2310 sm-

95 2329 177 2363 plus;
197 2328 277 2355 toties
294 2327 410 2362 reiectus
424 2336 495 2356 sum.
513 2328 614 2363 Rogavi
631 2333 660 2356 ut
679 2329 744 2356 mihi
774 2328 882 2356 satisfa-

95 2375 195 2402 ctiouis
219 2375 317 2402 modtts
337 2375 581 2410 praescriberetur;
601 2383 653 2402 non
669 2377 748 2402 modo
760 2383 813 2402 non
829 2376 882 2403 im-

94 2421 209 2456 petravi,
226 2422 273 2448 sed
296 2422 394 2449 acriter
427 2422 588 2456 increpitus,
612 2422 658 2449 sed
681 2422 877 2449 contumeliose

93 2467 252 2501 objurgatus
268 2474 338 2498 sum,
353 2475 368 2494 a
385 2475 436 2494 non
449 2467 522 2494 aliud
548 2468 664 2494 extremi
682 2468 804 2501 responsi
824 2468 883 2495 loco

93 2514 128 2541 ad
150 2514 232 2540 linem
244 2512 400 2546 adjiciente,
414 2513 465 2540 nisi
475 2521 586 2541 necesse
598 2521 658 2541 esse
669 2515 757 2541 curari
773 2514 882 2546 Vttlmts,

93 2567 155 2589 qua:
181 2564 272 2585 autem
299 2559 324 2586 ei
350 2559 435 2593 possit
458 2559 516 2586 ﬁeri
535 2560 680 2592 medicina,
707 2567 736 2587 se
765 2560 882 2588 nescire.

94 2604 340 2632 Verumenimvero
364 2612 398 2631 an
411 2612 463 2632 non
476 2605 581 2632 irrideri
593 2612 622 2632 se
637 2606 754 2640 superbo
768 2605 884 2634 ludibrio

94 2650 211 2685 illcjure
222 2647 417 2685 suspicaretur,
433 2651 478 2678 cui
489 2651 635 2678 suadeatur
649 2657 675 2678 et
691 2657 820 2686 tanquam
835 2660 883 2680 ne-

96 2696 247 2724 cessarium
274 2696 466 2730 praescribatur
485 2696 592 2723 elliccre
612 2696 725 2730 aliquid,
748 2702 774 2723 ct
794 2703 882 2725 tamen

96 2749 150 2776 quo
166 2741 193 2768 id
209 2742 290 2769 modo
305 2749 390 2776 quave
401 2742 506 2769 ratione
520 2749 600 2776 queat
611 2743 711 2777 suscipi
730 2750 760 2770 ac
772 2744 881 2777 perduci

96 2788 130 2814 ad
158 2788 272 2821 exitum,
294 2788 352 2823 ipse
377 2788 422 2823 qui
438 2788 516 2823 jubet
537 2789 663 2823 ignorare
681 2797 710 2816 se
738 2795 852 2818 testetur
872 2791 883 2818 ?

95 2831 191 2861 Nonne
203 2833 266 2862 hinc
277 2833 351 2868 justa
366 2841 446 2862 Causa
458 2834 522 2862 tuihi
541 2833 701 2868 relinquitur
713 2834 823 2862 timendi
837 2845 881 2868 nc,

937 2245 987 2271 ope
1002 2237 1110 2272 collega:
1125 2236 1251 2264 universo
1265 2244 1354 2263 rerum
1371 2237 1492 2263 omnium
1509 2235 1632 2270 regimini
1651 2243 1720 2269 prat-

938 2283 1020 2311 liciat.
1045 2282 1101 2310 Hoc
1114 2283 1185 2310 enim
1200 2283 1265 2318 quid
1288 2286 1359 2309 esset
1373 2282 1447 2309 aliud
1464 2289 1544 2315 quam
1560 2281 1586 2308 in
1602 2281 1715 2308 exitium

936 2330 1119 2357 certissimum
1134 2334 1230 2356 cuneta
1245 2328 1388 2363 projicere,
1408 2335 1440 2355 ac
1455 2327 1516 2354 mali
1532 2327 1662 2354 daemonis
1678 2327 1722 2353 in-

937 2374 1055 2402 videntis
1080 2375 1160 2401 rebus
1175 2374 1244 2401 bene
1257 2373 1410 2400 constitutis
1435 2372 1552 2400 iudolem
1567 2372 1695 2406 praeferre
1711 2373 1723 2399 ?

937 2419 1009 2447 Idem
1025 2420 1075 2447 hoc
1093 2427 1172 2454 porro
1187 2419 1328 2447 consilium
1352 2427 1432 2454 quam
1459 2419 1527 2446 meis
1542 2419 1653 2453 privatis
1678 2426 1724 2445 ra-

939 2467 1056 2494 tionibus
1065 2472 1163 2499 status,
1176 2466 1263 2498 tama‘,
1281 2465 1376 2493 salutis
1390 2465 1504 2500 capitale
1518 2469 1599 2500 atque
1617 2466 1723 2492 imma—

938 2513 1009 2540 niter
1032 2513 1159 2540 infestum
1181 2512 1234 2546 sit,
1258 2511 1413 2539 distinctius
1445 2519 1610 2546 exsequerer
1643 2511 1722 2546 longa

937 2560 1060 2587 oratione
1075 2560 1180 2594 singula
1195 2559 1390 2591 enumerando,
1408 2558 1459 2586 nisi
1490 2563 1573 2585 totam
1590 2558 1722 2585 latissime

937 2605 1055 2640 patentis
1071 2604 1174 2639 injuria:
1190 2604 1337 2639 perniciem
1351 2604 1425 2632 brevi
1441 2612 1546 2640 possem
1561 2605 1725 2638 compendio

938 2651 1033 2684 Oculis,
1059 2651 1085 2677 iu
1111 2657 1164 2678 uno
1178 2650 1259 2677 veluti
1279 2650 1437 2684 specimiue,
1465 2650 1609 2684 subjicere.
1633 2651 1719 2683 Quem

937 2698 1008 2724 enim
1025 2697 1150 2724 idoneum
1167 2698 1230 2724 mihi
1247 2696 1341 2724 vadem
1358 2698 1461 2724 dabunt
1475 2697 1618 2731 tranquille
1633 2705 1676 2724 me
1689 2705 1724 2725 ac

937 2751 1032 2770 secure
1047 2743 1171 2776 deinceps
1187 2743 1331 2771 victurum.
1350 2749 1491 2777 postquam
1509 2743 1654 2777 imperium
1671 2743 1719 2771 at»

938 2790 1064 2816 d;cavero
1078 2788 1089 2815 ?
1105 2788 1175 2822 Quid
1191 2792 1254 2815 tunc
1269 2789 1314 2816 tiet
1329 2789 1417 2822 uxori,
1435 2790 1498 2824 quid
1514 2790 1579 2817 meis
1596 2789 1698 2817 liberis
1710 2789 1725 2817 ἲ

939 2843 1006 2870 quos
1021 2834 1113 2869 utique
1127 2833 1269 2869 principali
1285 2833 1406 2869 delapsos
1432 2834 1539 2870 fastigio
1560 2834 1603 2862 illa
1622 2842 1723 2869 exspe-
