1936 3069
209 124 264 156 ίῖ99

819 128 981 160 GEORGII
1002 127 1243 160 PACHYMERE

1791 125 1847 161 700

210 179 340 214 ιεράρχης
351 179 525 216 ἀνεμεσήτως
542 180 634 214 ἀξιοῦν
647 181 703 217 ἔχοι
718 182 795 210 τοῦτο
808 184 849 210 xot
868 185 896 210 ὲν
913 185 997 218 ήμῖν;
1015 189 1036 216 Α
1053 185 1142 218 σμοῖς.
1161 185 1193 210 Τί
1208 184 1260 217 δαὶ,
1279 184 1309 210 οὐ
1323 183 1356 218 τῇ
1380 181 1528 219 Ἐκκλησία
1552 184 1680 220 μετάνοια
1709 184 1846 222 ὥρισται;

208 223 225 258 ἦ
241 224 290 250 οὐκ
307 221 358 249 οἶδε
373 224 419 250 τὸν
433 224 559 259 τοιαύτης
572 226 741 260 γευσάμενον
761 227 889 260 καθάπαξ
914 236 998 263 μετα-

209 269 289 304 ϐολῆς
310 270 346 304 μὴ
363 270 462 305 τρόπον
476 270 545 297 εἷναι
560 272 771 307 μετεγκλίναντα
786 274 929 309 τελευτᾷνς
947 273 998 300 πό-

211 322 269 345 σοις
285 314 339 348 γὰρ
354 314 527 349 ἐφεδρεύεται
560 317 703 351 βασιλείας
728 318 836 352 eadem;
859 318 886 345 δὲ
917 319 964 345 καὶ
982 319 998 354 ἠ

211 359 302 390 πίστις
316 360 430 394 ἕψυκται
445 362 489 387 ἐπὶ
503 361 548 387 τοῦ
565 363 713 397 σχήματος,
728 364 881 398 σωζομένου
897 364 943 390 καὶ
959 363 998 390 ἔτι

212 404 259 430 τοῦ
285 405 425 438 βασιλέως,
454 406 500 437 οὓς
526 407 572 433 καὶ
599 408 792 442 καθυφεικότος
819 408 999 443 ὡρμημένους

213 448 297 474 πάλαι
309 449 420 484 θαρῥίῖν
433 451 552 484 ἀνάγκη.
570 451 627 478 Κᾶν
642 453 716 478 αὐτοὶ
731 453 768 487 μὴ
783 452 867 487 δρῷεν
895 453 1001 479 ἱάπτον-

213 502 257 524 τες
273 494 370 526 ἄλλως,
389 495 458 521 ἀλλά
471 496 508 530 τῷ
525 497 550 530 γ’
573 498 619 523 ἐπὶ
645 498 693 532 τῆς
717 499 999 533 ἁρχῆς’καταστάντι,

213 538 306 574 ὥσπερ
321 541 478 575 ἁντιζηλοῦν
494 543 576 574 εἰκὸς,
589 543 658 569 οὕτω
673 545 718 569 καὶ
732 544 798 578 ὀρᾷν
823 545 857 569 τὰ
878 543 1000 578 χείριστα

215 585 315 620 ῥᾴδιον.
330 587 362 612 Τί
374 587 405 622 δὴ
419 587 465 614 καὶ
477 589 590 621 ἀνάγειν
602 590 640 620 εἰς
654 590 702 623 τὴν
719 590 805 624 ἀρχὴν
818 589 881 623 ἔδει,
898 590 927 616 ὃν
943 590 1001 624 μετ’

214 632 244 657 οὐ
262 631 328 657 πολὺ
344 633 472 666 κατάγειν
484 634 619 666 ἐϐούλετο,
640 635 677 665 ὡς
690 634 824 668 γεύσαντα
841 635 919 670 μόνον
934 636 1001 661 ἁπο-

216 679 320 710 στερεῖν
335 686 341 710 ;
358 680 441 713 χωρὶς
460 679 487 704 δὲ
503 679 604 705 τούτων
619 680 665 706 καὶ
679 679 755 711 Θεὸν;
771 679 848 715 εἴπερ
861 680 913 705 τινὶ
931 679 1001 714 ἄλλῳ

218 723 346 757 μεγίστῳ,
367 724 412 750 καὶ
426 725 591 751 καταστάσει
604 725 741 760 βασιλείας
758 725 876 751 συνιέναι
891 724 1001 751 πιστεύ-

214 775 289 801 ομεν.
305 769 373 794 Θεοῦ
393 769 420 795 δὲ
437 769 533 805 βουλὴν
548 770 689 804 διασκεδᾷν
705 771 807 796 ὲοέλειν
820 770 856 801 ὠς
870 770 892 796 δ’
918 769 1003 796 αὔθα-

214 813 270 844 δες,
282 813 318 844 ὡς
329 814 356 840 δὲ
368 815 415 841 καὶ
433 815 592 850 μέγανέχον
607 818 662 847 τοῖς
675 817 793 851 τολμῶσι
807 817 852 843 τὸν
869 817 1001 844 κίνδυνον.

1049 230 1079 256 οὐ
1100 229 1177 263 νόμοι
1193 229 1293 263 ταύτης
1310 228 1376 255 Θεῖοι
1391 230 1607 266 προϐέϐληνταις
1624 231 1673 265 οὐχ
1687 231 1766 265 ὑμεῖς
1783 240 1847 258 κατ’

1049 275 1168 305 ἐκείνους
1186 276 1249 305 τοὺς
1266 274 1377 305 πολλοὺς
1390 275 1558 308 θεραπεύετε
1574 285 1581 308 ;
1597 276 1612 311 ἢ
1629 277 1683 307 τοῖς
1703 276 1846 310 βασιλεῦσι

1050 319 1231 354 διαφερόντως
1245 319 1312 354 προς
1327 320 1391 350 τοὺς
1418 319 1532 351 πολλοὺς
1553 321 1577 346 οἱ
1602 320 1651 354 τῆς
1684 319 1848 353 Ἐκκλησίας

1050 364 1208 399 πρόκεινται
1239 364 1332 397 νόμοι;
1360 365 1384 389 εἰ
1411 364 1434 389 δ’
1448 362 1505 396 οὖν,
1531 364 1588 390 ἀλλ’
1604 366 1628 390 εἰ
1644 364 1680 399 μὴ
1693 365 1759 399 παρ’
1775 364 1845 398 ὑμῖν

1052 409 1195 444 μετανοίας
1227 408 1333 442 θεσμοὶ,
1361 409 1477 444 ἀλλαχοῦ
1519 409 1574 435 τῶν
1604 409 1757 444 ἐκκλησιῶν
1781 409 1848 441 eiet,

1051 455 1098 481 ml.
1116 454 1344 489 προσδραμοῦμαι
1356 455 1481 487 ταύταις,
1497 455 1543 481 καὶ
1559 455 1622 490 παρ’
1641 455 1752 481 ἐκείνων
1764 454 1848 489 θερα-

1051 500 1235 534 πευθήσομαι.
1253 501 1332 534 Ἡμῖν
1349 501 1396 534 μὲν
1409 498 1455 526 οὖν
1468 501 1502 526 τὰ
1516 501 1584 526 κατὰ
1600 499 1712 534 γνώμην
1727 500 1848 534 εἴρηται,

1052 546 1116 580 ὑμῖν
1135 545 1163 571 δὲ
1184 545 1314 571 σκεπτέον
1325 545 1355 570 τὸ
1369 545 1493 580 ποιητέον
1516 545 1720 579 βουλευομένοις
1746 538 1848 579 σύναμ’

1051 591 1156 624 ἐκείνῳ.
1173 590 1206 626 [Ρ
1225 590 1287 625 17⁸2]
1305 591 1372 616 Οὐδὲ
1383 590 1438 625 γὰρ
1459 591 1507 616 καὶ
1521 590 1604 616 εἰσέτι
1631 589 1761 623 ἀνέξομαι
1793 589 1848 616 πά-

1053 645 1127 671 σχειν
1143 636 1248 662 ἀνίατα.
1281 635 1369 662 Καλὸν
1383 636 1437 670 γὰρ
1453 635 1468 670 ἢ
1483 636 1546 670 τεῖρ’
1563 636 1627 670 ὑμῖν
1647 636 1748 667 ἰᾶσθαι,
1766 635 1782 670 ἢ
1801 635 1850 670 ζη-

1052 683 1108 708 τεῖν
1121 682 1165 708 τὸν
1178 682 1278 716 τρόπον
1302 681 1351 716 τῆς
1369 681 1517 716 Θεραπείας
1546 681 1690 716 ἑτέρωθεν.
1707 690 1716 706 ι
1751 680 1846 707 Ταῦτα

1054 727 1100 755 τοῦ
1116 727 1250 763 βασιλέως
1278 727 1492 762 ὄιαλαὶήσαντος
1525 728 1582 758 τοῖς
1601 726 1769 762 ἀρχιερεῦσι,
1801 727 1849 754 καὶ

1055 772 1111 800 οἷον
1136 773 1204 808 πρὸς
1226 774 1260 800 τὰ
1288 774 1337 807 τῆς
1354 773 1442 808 μάχης
1464 773 1724 808 ἀκροϐολισαμένου,
1748 773 1849 799 ἐκεῖνοι

1053 820 1095 853 ἐφ’
1110 819 1218 854 ἑκάστῳ
1239 818 1293 845 τῶν
1309 819 1463 853 λεγομένων
1478 819 1534 849 τοῖς
1560 818 1722 852 ἀχθομένοις
1749 825 1848 852 προσε-

216 859 309 885 Ὶάὖτα
323 860 411 886 τοίνυν
420 860 636 896 ἐνθυμουμένους
648 862 690 888 δεῖ
709 862 755 888 καὶ
770 863 841 897 ὑμᾶς
856 863 895 895 τῷ
910 863 1008 898 δικαίῳ
1024 862 1044 889 Β
1059 865 1164 896 emere;
1177 865 1252 899 δῆλοι
1267 862 1336 899 ἦσαν
1351 865 1385 890 τὰ
1401 864 1468 899 πρὸς
1483 863 1595 898 βασιλέα
1612 863 1660 889 τοῦ
1672 863 1848 904 ⁵πατριάρχου

217 904 267 938 τῆς
291 904 429 938 βασιλείας
443 907 640 940 συμπράττειν,
658 907 705 933 καὶ
729 907 764 941 μὴ
795 906 866 933 οὕτω
887 916 1009 941 καταμε-

217 949 274 976 λείν
300 951 378 985 ἡμῶν
404 952 450 978 ἐπὶ
477 953 602 978 τοσοῦτον
626 953 826 987 ἀπαγχομένων
851 954 908 985 τοῖς
938 953 1010 987 λογι-

217 1043 283 1072 ctat,
297 1039 343 1067 illa
353 1040 442 1066 statim
455 1041 568 1075 excipiet
586 1042 646 1068 vita:
661 1049 730 1075 sors,
749 1050 800 1077 qua
817 1043 859 1068 vix
877 1043 957 1069 homo
977 1042 1009 1069 de

217 1086 296 1119 vulgo
316 1092 458 1113 contentus
476 1087 594 1120 deponit.
611 1087 675 1120 Qum
691 1096 738 1121 ego
754 1089 818 1114 dum
836 1093 939 1123 reputo,
958 1089 1008 1115 etsi

218 1131 289 1158 ltand
302 1131 444 1166 pra-fracte
459 1132 551 1159 iverim
570 1134 674 1160 inﬁcias
692 1134 781 1160 inestse
803 1134 916 1160 fortasse
928 1134 1005 1167 spiri‘

219 1177 318 1204 tttaictn
341 1179 500 1211 patriarcha
526 1181 694 1213 prudentiam
714 1181 740 1206 in
772 1180 831 1206 aliis
849 1181 1006 1215 plerumque

218 1231 279 1258 qua:
295 1225 458 1258 prmscribit,
477 1230 564 1252 tamen
582 1226 677 1252 adduci
696 1234 813 1260 unquam
830 1235 960 1260 nequeam
978 1231 1006 1254 ιιι

219 1271 328 1296 credant
344 1278 422 1304 posse
436 1271 508 1297 illutn
524 1271 588 1298 mihi
604 1272 675 1305 juste
701 1279 732 1298 ac
748 1274 882 1305 sapienter
901 1277 1005 1299 tantum

220 1316 445 1343 detrimentorum
482 1325 513 1344 ac
555 1318 758 1349 calamitatum,
789 1323 922 1353 quantum
955 1319 1007 1346 ista

219 1363 453 1396 perniciosissima
471 1363 585 1390 fortunis
599 1365 734 1398 capitique
757 1373 816 1391 meo
831 1372 862 1390 ac
882 1373 1004 1391 ntcortttn

221 1409 406 1434 exalteloratio
435 1409 568 1440 continet,
588 1416 674 1442 prenso
701 1410 810 1436 nomine
836 1409 1006 1437 medicinalis

221 1459 266 1480 aut
281 1455 446 1487 poenitentiae
460 1456 587 1482 salutaris
604 1456 692 1490 specie
710 1456 858 1490 iniungere.
877 1456 925 1483 Ubi
936 1458 1005 1483 enim

222 1497 353 1529 lmzotum,
376 1506 427 1532 qua
447 1500 473 1525 in
496 1503 575 1532 gente
591 1521 598 1531 ,
625 1500 678 1526 tale
699 1501 846 1535 quidquam
872 1501 1006 1528 exstitisse

222 1543 302 1570 fando
323 1552 441 1578 unquam
459 1545 610 1571 audivimus
625 1545 636 1571 ?
664 1551 691 1572 et
706 1545 783 1580 cujus
798 1547 918 1577 tandem,
936 1547 1007 1580 quod

222 1589 305 1615 veluti
435 1589 572 1622 exemplar
586 1589 667 1616 luerit
690 1589 815 1622 intuitus,
843 1591 1006 1618 auctoritate

223 1636 330 1669 probati
347 1635 414 1662 alias
439 1636 500 1662 facti
517 1640 617 1662 tantam
645 1636 724 1662 istam
747 1643 777 1662 se
805 1637 907 1669 putavit
924 1644 1008 1664 excu-

222 1688 283 1707 sare
300 1689 388 1715 posse,
403 1686 449 1707 aut
463 1681 543 1708 etiam
562 1683 763 1714 commendare,
782 1682 949 1708 novitatem?
963 1682 1004 1709 An

223 1728 310 1754 nescit
334 1727 357 1754 ei
373 1728 418 1762 qui
432 1735 464 1754 ex
486 1727 536 1754 vita
555 1728 658 1762 privata
676 1728 702 1754 in
729 1728 871 1762 imperium
892 1733 1003 1756 evectus

223 1774 388 1809 pincipatum
406 1774 490 1801 semel
514 1775 709 1809 tlegustaverit,
743 1782 794 1802 non
822 1775 901 1802 aliam
925 1783 1006 1810 quam

223 1827 284 1846 cum
309 1820 517 1854 praesentissimo
544 1820 716 1854 conjunctant
744 1822 839 1848 tttortis
889 1821 1009 1854 periculo

225 1867 406 1893 cenditiouem
422 1867 526 1893 ostendi
545 1865 662 1893 fortuna:
696 1867 794 1901 prioris
810 1868 980 1894 resumenda:
998 1867 1009 1894 τ

225 1913 401 1946 plurimorum
418 1913 517 1938 etenitn
536 1920 643 1947 semper
655 1913 760 1940 insidiis
775 1913 943 1948 principatus
957 1913 1007 1940 ob-

225 1958 328 1985 sidctur
352 1957 568 1992 :plerorumque
599 1967 663 1985 vero
688 1959 858 1986 subditorum
885 1959 952 1986 ﬁdes
981 1964 1008 1987 et

225 2011 301 2030 amor
315 2005 340 2030 in
357 2004 504 2038 principem
524 2012 589 2031 vana
607 2005 739 2032 duntaxat
753 2005 898 2040 superﬁcie
914 2011 1007 2033 osten-

225 2051 274 2077 tati
290 2050 409 2077 crterius
427 2051 549 2085 obsequii
565 2055 637 2078 totus
653 2052 833 2087 expromitur,
850 2052 924 2079 intus
939 2053 1010 2080 nihil

225 2096 328 2123 habens
357 2096 446 2124 solidi.
471 2097 560 2129 Quare
580 2104 690 2124 necesse
712 2102 753 2124 est
772 2106 834 2125 eum
851 2106 866 2125 a
884 2107 937 2134 quo
951 2099 1009 2126 vio-

225 2143 306 2170 lando
331 2143 387 2170 sola
407 2145 556 2170 reverentia
580 2145 722 2178 potestatis
737 2146 797 2172 odia
811 2146 1007 2174 tnalevolorum

1061 911 1177 942 συνόλως
1189 912 1238 937 οὐκ
1251 910 1455 945 ἀποδεχόμενοι,
1468 910 1515 936 καὶ
1536 910 1581 936 διὰ
1596 909 1676 935 τοῦτο
1698 908 1785 935 πολλὰ
1803 910 1850 935 καὶ

1060 957 1137 983 αὐτοὶ
1151 956 1324 991 προτιθέντες
1345 956 1393 982 καὶ
1411 956 1469 990 ἃμα
1496 955 1662 988 συνείροντες
1685 954 1849 989 θεραπεύειν

1060 1045 1167 1080 cipitem
1193 1045 1307 1078 dejicere
1321 1049 1477 1078 conaretur,
1503 1049 1580 1072 tanto
1598 1046 1727 1073 miserius
1747 1053 1849 1073 sensu-

1060 1099 1118 1118 rtttn
1143 1091 1337 1123 calamitatem,
1365 1096 1466 1125 quattto
1493 1098 1552 1117 eam
1581 1091 1749 1126 experientia
1774 1092 1849 1126 prius

1059 1137 1206 1171 degustant:
1221 1137 1247 1163 in
1266 1144 1391 1170 suprema
1408 1142 1542 1172 potestate
1558 1137 1696 1164 fclicitatis
1712 1138 1844 1166 acerbio-

1060 1190 1116 1209 rem
1135 1183 1429 1217 iutolerabilioremque
1462 1184 1635 1210 reddiderit?
1653 1183 1757 1211 Praeter
1776 1184 1844 1218 haec,

1061 1229 1082 1255 si
1098 1230 1168 1262 quod
1185 1229 1330 1255 humanum
1348 1228 1460 1263 majoris
1470 1229 1598 1256 momenti
1616 1231 1752 1264 negotium
1774 1229 1846 1258 Deus

1061 1274 1187 1308 peculiari
1213 1281 1276 1300 cura
1309 1274 1444 1308 dignatur,
1476 1275 1644 1302 evectionem
1665 1274 1781 1308 alicujus
1816 1275 1846 1303 in

1059 1319 1201 1353 imperium
1224 1327 1278 1346 rem
1291 1326 1360 1351 esse,
1383 1320 1475 1353 utique
1493 1320 1534 1346 cui
1554 1327 1661 1354 semper
1678 1321 1848 1348 interveniat

1058 1365 1203 1392 studiosior
1232 1366 1320 1400 aliqua
1347 1365 1471 1392 Numinis
1502 1367 1690 1400 providentia,
1715 1367 1794 1401 vulgo
1819 1371 1848 1394 et.

1057 1411 1155 1438 merito
1180 1411 1376 1438 existimamus.
1407 1411 1482 1444 Quod
1502 1412 1587 1446 igitur
1613 1412 1704 1440 divino
1728 1412 1847 1440 consilio

1058 1457 1195 1484 decretum
1219 1457 1400 1491 eductumque
1421 1457 1457 1484 sit
1483 1465 1610 1485 revocare
1635 1465 1667 1485 ac
1689 1458 1846 1486 rescindere

1059 1502 1195 1529 hominem
1210 1503 1317 1533 conari.
1335 1503 1396 1537 quis
1413 1511 1465 1530 non
1480 1503 1553 1530 videt
1568 1511 1648 1538 quam
1659 1504 1845 1536 temerarium,

1060 1556 1141 1582 quam
1158 1548 1306 1575 insolenter
1327 1556 1468 1583 arrogans,
1487 1556 1570 1582 quant
1585 1549 1702 1583 denique
1718 1549 1846 1576 audenti-

1060 1594 1110 1620 bus
1132 1594 1313 1627 periculosnm
1339 1594 1444 1621 censeri
1469 1594 1592 1622 debeat?
1616 1594 1679 1621 llaec
1706 1594 1846 1621 vobiscum

1059 1640 1140 1675 255
1161 1645 1328 1674 reputantes,
1357 1648 1463 1674 aequum
1492 1644 1542 1673 est,
1572 1639 1679 1673 Patres,
1709 1641 1774 1668 dare
1800 1647 1848 1668 vos

1060 1693 1168 1720 cperant
1181 1691 1210 1713 ut
1224 1686 1373 1720 imperi-alis
1388 1686 1539 1721 dignitatis,
1562 1690 1642 1720 prout
1661 1686 1700 1714 l'as
1714 1687 1848 1721 piumque

1060 1738 1112 1764 est,
1128 1731 1197 1758 ratio
1213 1732 1355 1764 habeatur,
1371 1739 1460 1766 neqtte
1481 1732 1617 1767 negligere
1637 1739 1686 1759 nos
1700 1737 1775 1759 tanto
1787 1732 1845 1766 jam

1061 1783 1182 1812 tempore
1199 1778 1298 1805 misere
1330 1786 1477 1811 suspensos
1492 1784 1574 1813 atque
1590 1783 1736 1806 aestuantes
1757 1779 1849 1814 inopia

1061 1823 1179 1851 consilii.
1196 1824 1265 1857 Quid
1283 1824 1424 1851 enimvero
1440 1824 1451 1850 τ
1466 1831 1500 1851 an
1518 1831 1569 1850 non
1589 1824 1623 1851 ab
1647 1823 1769 1851 Ecclesia
1788 1832 1850 1859 pce-

1061 1869 1201 1896 nitentiam
1218 1869 1278 1896 dari
1307 1869 1481 1904 poscentibus
1508 1868 1646 1896 deﬁnitmn
1675 1873 1715 1896 est
1730 1870 1742 1896 ?
1757 1877 1851 1898 nonne

1061 1915 1112 1942 hoc
1129 1915 1192 1942 olim
1214 1915 1273 1949 ejus
1301 1915 1373 1949 leges
1388 1915 1486 1942 divitue
1502 1920 1649 1942 sattxerunt
1666 1916 1678 1942 Ἰ
1701 1923 1754 1942 non
1769 1914 1847 1949 juxta

1061 1967 1107 1988 eas
1123 1960 1244 1995 quotidie
1257 1961 1373 1995 quisque
1389 1966 1507 1988 vestrum
1526 1968 1703 1996 quoscunque
1718 1969 1786 1996 opus
1803 1967 1848 1990 est

1061 2005 1182 2041 (plurimi
1200 2011 1289 2034 autem
1307 2006 1457 2033 oﬁ'eruntur
1472 2006 1550 2042 tales)
1569 2007 1778 2041 praescribendis
1802 2015 1848 2034 sa-

1060 2052 1261 2079 ti-factionibus
1275 2052 1376 2079 curatis
1391 2052 1402 2078 *Ξ
1416 2060 1449 2078 an
1467 2052 1551 2086 pejori
1571 2053 1726 2080 conditione
1745 2053 1861 2087 princio.

1061 2105 1108 2132 pes
1125 2103 1185 2124 sunt
1198 2097 1210 2124 ?
1223 2105 1256 2124 an
1276 2097 1336 2125 illos
1355 2105 1422 2124 unos
1444 2097 1565 2124 Ecclesia
1583 2098 1616 2125 ab
1633 2098 1780 2125 universali
1798 2106 1849 2126 sua

1061 2143 1088 2170 ia
1115 2143 1184 2171 ﬁlios
1215 2143 1383 2178 indulgentia
1407 2146 1536 2177 exceptos
1561 2143 1743 2178 exclusosque
1779 2144 1849 2177 vult,

225 2190 379 2221 cocrcobat,
397 2197 457 2216 ctnn
480 2190 596 2224 primum
621 2190 738 2217 nudatus
763 2191 888 2225 prtesidio
905 2192 1008 2226 imperii
1026 2191 1048 2219 ι)
1065 2197 1113 2216 nec
1130 2189 1217 2224 legum
1237 2190 1490 2217 omnibuslatarum
1506 2189 1558 2216 frui
1580 2190 1711 2217 beneﬁcio
1725 2190 1852 2225 patitur?

226 2237 286 2263 telis
300 2236 408 2263 invidiae
432 2236 514 2263 fuerit
536 2237 668 2268 obiectus.
692 2237 725 2263 iis
746 2236 903 2264 insultibtlS'
917 2236 1010 2271 impeti

225 2284 268 2310 vel
286 2283 374 2317 palam
387 2283 600 2317 oppugnantium
613 2283 655 2309 vel
669 2283 738 2309 clam
766 2282 910 2309 faventium
923 2290 1011 2317 oppu-

226 2329 384 2365 gnantibus,
417 2328 514 2362 quibus
541 2328 632 2355 salvus
656 2328 727 2355 haud
755 2329 840 2362 possit
865 2327 1010 2355 obsistere.

226 2375 292 2408 Quae
308 2383 367 2402 cum
395 2382 486 2410 arquos
501 2380 528 2402 et
550 2375 687 2409 sapientes
709 2382 805 2402 omnes
833 2374 1013 2403 aestimatores

226 2429 319 2448 rerum
346 2426 472 2455 reputare
503 2421 573 2455 apud
602 2428 662 2447 sese
690 2428 737 2454 par
755 2420 854 2451 fuerat,
880 2425 936 2447 tum
951 2428 1011 2447 ettnt

226 2468 345 2494 maxime
360 2467 404 2502 qui
423 2474 465 2494 me
477 2474 526 2494 suo
541 2467 598 2501 ipse
613 2468 638 2493 in
658 2466 752 2501 primis
770 2466 898 2501 sutIragio
914 2466 946 2493 ad
961 2466 1012 2492 im-

227 2513 332 2548 perium
349 2513 488 2545 extulerit,
507 2514 558 2540 ltoc
575 2518 615 2540 est
630 2513 762 2539 invidioso
776 2517 804 2539 et
819 2512 1014 2539 oll'ensionibus

228 2559 354 2594 exposito
368 2559 532 2593 implieuerit
547 2560 665 2592 negotio.
688 2557 766 2585 Unde
781 2558 864 2593 ipsius
880 2562 923 2585 est
945 2558 1012 2585 ttteri

227 2605 300 2640 quod
321 2605 394 2637 fecit,
416 2612 468 2631 non
489 2610 580 2632 autent
605 2604 630 2631 id
655 2612 745 2639 agere,
772 2612 831 2631 mea
844 2609 1013 2631 exauctora-

228 2652 302 2679 tione
327 2652 497 2686 procuranda
515 2656 541 2678 et
557 2658 604 2686 per
624 2658 683 2678 eam
705 2651 732 2677 in
752 2657 795 2677 me
817 2651 945 2677 armanda
971 2650 1014 2677 in-

227 2698 301 2725 vidia
319 2698 492 2732 aemulorum,
510 2702 538 2725 ut
552 2706 632 2732 quem
649 2697 745 2724 detulit
760 2705 902 2731 supremus
915 2697 1014 2730 honor,

227 2745 257 2773 in
273 2749 423 2772 extremum
441 2745 506 2772 mihi
520 2749 641 2771 vertatur
659 2745 782 2771 exitium.
799 2743 867 2776 Quid
886 2743 958 2771 enim
973 2747 1015 2770 at-

221 2790 335 2823 ‘tinebat
355 2791 381 2818 in
404 2798 540 2818 summum
558 2790 695 2826 fastigium
711 2791 827 2817 evehere
839 2797 919 2825 quem
935 2789 1015 2824 paulo

228 2842 294 2872 post
309 2838 336 2866 in
352 2838 499 2872 perniciem
513 2837 634 2866 ultimam
652 2837 795 2866 detrahere
812 2837 874 2865 inde
887 2844 918 2864 ac
939 2843 994 2871 prae
1007 2851 1014 2856 -

1063 2235 1234 2271 Respondete
1256 2244 1319 2262 ntnn
1338 2236 1374 2262 ita
1395 2236 1453 2269 sit;
1469 2236 1614 2268 declarate,
1648 2236 1772 2269 inquam,
1796 2244 1851 2263 tton

1063 2289 1123 2309 esse
1138 2282 1208 2315 apud
1225 2289 1272 2309 vos
1287 2282 1455 2316 poenitentia:
1477 2282 1578 2314 locum,
1606 2289 1655 2309 nec
1669 2281 1758 2316 excipi
1773 2289 1788 2308 a
1802 2290 1854 2310 vo-

1063 2328 1105 2356 bis
1131 2328 1333 2363 resipiscentem
1347 2328 1392 2363 qni
1411 2335 1503 2363 poenas
1531 2328 1584 2356 sibi
1599 2328 1694 2355 sceleri
1711 2329 1854 2362 purgando

1064 2375 1168 2410 iniungi
1182 2375 1316 2402 salutares
1327 2380 1400 2408 petat
1415 2384 1422 2401 :
1442 2379 1497 2402 tum
1512 2383 1578 2402 mea:
1590 2380 1681 2410 partes
1696 2375 1854 2402 eruutmihi

1064 2423 1218 2455 consulere,
1233 2426 1260 2449 et
1276 2421 1340 2448 alibi
1353 2429 1473 2456 quaerere
1491 2429 1546 2448 rem
1573 2421 1755 2449 necessariam
1771 2422 1853 2454 cujus

1065 2467 1110 2511 hic
1136 2467 1212 2502 copia
1228 2475 1283 2494 non
1300 2466 1428 2501 suppetit.
1445 2467 1510 2493 Aliae
1526 2466 1587 2493 aliis
1602 2465 1628 2492 in
1646 2466 1711 2492 loris
1727 2465 1853 2494 ecclesia:

1065 2517 1149 2540 sunt-:
1163 2519 1209 2539 eas
1227 2511 1317 2542 adibo,
1330 2511 1410 2538 abiis
1428 2511 1616 2546 paenitentiam
1643 2516 1730 2546 petam
1747 2515 1774 2537 et
1787 2517 1854 2538 con-

1065 2566 1173 2593 sequar.
1191 2557 1309 2592 Exposui
1329 2558 1405 2584 vobis
1424 2565 1521 2585 sensus
1534 2557 1647 2584 intimos
1669 2556 1752 2583 animi
1773 2556 1827 2583 mei
1846 2565 1854 2584 :

1065 2603 1289 2632 considerandum
1307 2603 1384 2630 vobis
1399 2603 1532 2637 relinquo,
1547 2607 1574 2630 et
1587 2610 1647 2629 cum
1663 2602 1722 2637 ipso
1738 2602 1854 2636 patriar-

1070 2651 1119 2678 cha
1134 2651 1353 2683 consultandum,
1369 2649 1435 2685 quid
1451 2649 1509 2677 ﬁeri
1530 2649 1682 2676 conveniat.
1704 2647 1762 2675 NOII
1778 2648 1854 2675 enim

1067 2698 1182 2733 amplius
1202 2697 1290 2732 patiar
1313 2705 1362 2732 pro
1391 2697 1514 2732 deposito
1542 2704 1586 2724 me
1602 2696 1691 2730 abjici.
1725 2695 1796 2727 Jam,
1813 2695 1857 2722 in-

1067 2751 1160 2777 quam,
1179 2743 1245 2770 mihi
1263 2743 1341 2778 plane
1364 2743 1503 2770 decretum
1525 2748 1566 2770 est
1590 2747 1636 2769 aut
1662 2741 1787 2776 accipere
1805 2748 1856 2767 cu—

1068 2788 1182 2816 rationis
1201 2789 1308 2816 tnodum
1321 2796 1335 2815 a
1356 2789 1434 2816 vobis
1448 2793 1495 2815 aut
1511 2788 1575 2816 alibi
1601 2795 1734 2823 quaerere.
1751 2795 1761 2812 ›
1773 2785 1853 2813 Talia

1068 2835 1201 2871 cpiscop‘s
1212 2835 1301 2864 locuto
1316 2831 1491 2871 imperatore}
1506 2842 1537 2863 ac
1552 2842 1600 2870 per
1614 2835 1670 2862 haec
1680 2834 1756 2869 quasi
1766 2833 1857 2868 prima
