1936 3069
111 160 168 192 705

590 158 638 187 DE
659 158 852 189 MICIIAELE
874 159 1103 189 PALxEOLOGO
1124 159 1197 191 LIB.
1221 160 1270 190 IV.

1682 163 1733 194 703

111 216 143 242 Ei
158 215 188 242 δὲ
205 215 287 242 τᾶλλα
313 214 403 248 σφίσιν
426 214 528 241 ἀνεῖται
545 215 591 241 καὶ
617 215 742 241 desiit-an:
759 213 845 246 οὖσιν,
862 215 900 246 εἰς
915 215 938 244 Α
952 215 980 246 ἐς
996 216 1077 249 μέσον
1091 215 1196 250 παριὼν
1211 215 1256 242 τὸν
1281 215 1402 242 λίϐελλον
1419 216 1588 251 προῦτεινεν,
1604 218 1617 244 ὁ
1632 218 1655 244 δ’
1671 219 1736 246 ἁνε-

110 262 136 288 τί
151 261 200 288 τοῦ
215 261 265 296 τῆς
280 261 428 295 ἐκκλησίας
441 260 591 295 λουτρῶνος
607 262 851 296 ὲκδιωχθήσονται;
866 262 902 288 Τὸ

111 308 138 334 δὲ
154 307 194 342 τῷ
210 307 327 333 Σουλτὰν
344 307 456 338 καὶτοῖς
471 307 555 333 υἱέσιν
577 306 614 337 ὡς
630 307 803 342 Χριστιανοῖς
818 316 902 342 προσ-

112 353 245 387 φέρεσθαι
259 352 407 388 ἀρχιερέως
422 352 470 386 μὲν
488 353 688 388 μαρτυροῦντος
703 353 748 379 τοῦ
762 353 902 384 Πισσιδίας

113 398 260 425 ἀνεύθυνον
283 396 377 432 οἶμαι·
406 399 429 424 εἰ
445 397 466 424 δ’
491 399 577 430 ἄλλως
605 399 756 433 ἐλέγχοιντο
782 400 899 434 ἔχοντες,

113 444 219 470 ἐκείνου
232 445 280 471 καὶ
296 444 387 479 μόνου,
404 444 460 470 ἀλλ’
476 446 525 470 οὐκ
545 444 610 479 ἐμὸν
626 445 656 471 τὸ
671 445 871 480 πλημμέλημα.
889 454 898 470 ι

119 490 190 516 Ἀλλ’
206 490 255 525 οὐχ
278 491 358 518 ἱκανὰ
374 491 459 517 ταῦτα
482 493 537 522 τοῖς
558 492 629 525 ἀμφὶ
647 492 692 517 τὸν
719 492 831 526 βασιλέα
845 493 901 519 ἐδό-

112 545 180 563 κουν
208 537 258 568 τὰς
284 536 398 567 εὐθύνας
422 535 561 569 ἐξελέσθαι
580 537 618 572 τῷ
642 539 810 573 πατριάρχῃ.
834 538 902 564 ἀλλὰ

113 582 224 608 σύνοδον
249 581 329 617 ῆοελε
346 584 504 617 συγκροτεῖν
529 582 558 613 ἐξ
576 583 704 610 ἁπάντων
727 583 781 609 τῶν
808 584 902 617 ἀρχιε-

115 627 198 661 ρέων,
217 627 358 660 παρόντων
385 627 501 654 ἐνταῦθα
516 628 563 655 καὶ
586 628 760 663 πατριαρχῶν
781 629 838 659 δύο,
855 628 901 655 τοῦ

111 678 142 713 τε
161 670 365 706 Ἀλεξανδρείας
385 670 520 698 Νικολάου
537 672 584 698 καὶ
605 672 651 698 τοῦ
674 673 837 707 Ἀντιοχείας
852 673 903 699 Εὑ-

113 716 226 749 Θυμίου.
237 717 319 743 Ὅθεν
331 718 377 743 καὶ
391 716 544 752 βασιλικαῖς
557 717 701 749 συλλαϐαῖς
713 719 901 752 μετεστέλλετο

112 763 176 794 τοὺς
192 763 331 798 ἀρχιερεῖς
345 763 524 798 πανταχόθεν,
546 763 616 790 ὥστε
634 765 831 799 παρῳχηκυίας
853 765 903 799 τῆς

112 809 213 842 ἑορτῆς
224 810 412 843 ἀνυπερθέτως
426 809 548 844 ἀπαντᾷν
561 810 675 841 πάντας,
689 811 824 845 μηδεμιᾶς
837 818 903 845 προ-

112 855 224 886 φάσεως
239 855 450 889 ἁποχρησούσης
471 855 538 889 πρὸς
556 855 730 890 παραίτησιν.
748 856 823 891 ’Ἅμα
836 856 902 890 γοῦν

955 260 1103 294 γινώσκετο
1119 261 1164 286 ἐπὶ
1188 261 1306 288 πάντων.
1331 262 1386 288 Καὶ
1403 262 1463 288 ἐπεὶ
1482 263 1567 288 ἐδόκει
1592 265 1739 298 προκαλεῖ-

956 306 1017 332 σθαι
1031 306 1135 333 καὶτὸν
1152 309 1333 343 πατριάρχην,
1354 307 1509 343 πέμποντε;
1524 309 1597 343 τρεῖς
1622 310 1671 344 μὲν
1684 310 1739 337 τῶν

955 353 1116 391 ἀρχιερέων,
1125 355 1198 388 τρεῖς
1206 353 1233 379 δὲ
1245 354 1298 386 τῶν
1310 354 1448 388 κληρικῶν
1458 356 1642 389 προσεκάλουν
1657 357 1742 382 ἀπαν-

955 399 1072 433 τήσοντα
1087 399 1155 433 προς
1174 399 1317 432 ἀπόλογον.
1337 400 1366 426 Ὀ
1383 400 1404 426 δ’
1420 401 1528 427 ἀνένευε
1551 401 1678 436 πάμπαν,
1693 401 1741 428 καί

955 452 986 477 γε
998 444 1088 478 κρίσιν
1099 445 1147 478 μὲν
1157 444 1194 478 μὴ
1205 445 1407 480 παραιτεῖσθαι,
1420 446 1520 480 τρόπον
1530 445 1557 471 δὲ
1569 447 1684 480 κρίσεως
1692 447 1742 473 καὶ

955 490 1036 516 τόπον
1055 489 1102 516 καὶ
1118 490 1251 524 πρόσωπα
1271 489 1383 523 φεύγειν
1395 490 1480 524 ἔλεγε,
1495 492 1541 517 καὶ
1562 491 1686 524 δικαίως,
1704 493 1742 523 ὡς

956 533 1057 562 οἴεσθαι
1072 541 1078 548 ·
1090 535 1262 568 πατριάρχην
1275 535 1323 568 μὲν
1334 534 1387 569 γὰρ
1399 535 1538 570 κρίνεσθαι
1550 537 1681 570 παρόντος
1691 537 1741 571 μὲν

957 578 1098 613 βασιλέως,
1109 580 1250 613 παρόντων
1258 579 1284 605 δὲ
1295 579 1463 613 μεγιστάνων
1476 581 1522 606 καὶ
1534 582 1683 615 κοσμικιῑΝ,
1694 582 1742 608 καὶ

956 625 984 650 ἐν
996 625 1164 659 ἀνακτόροις,
1173 624 1316 650 καὶταῦτα
1332 625 1378 651 καὶ
1391 625 1520 659 βασιλέως
1531 626 1616 657 οὕτως
1633 626 1742 661 ἔχοντος
1755 659 1758 661 ἓ

956 671 1003 696 καὶ
1018 670 1057 701 είς
1067 669 1172 704 ἄμυναν
1182 670 1413 705 προειλημμένου,
1423 672 1472 697 οὐκ
1483 671 1557 703 ἄξιον
1569 673 1628 698 οὐδὲ
1640 673 1692 699 τῶν
1702 674 1742 699 δι-

957 716 1042 742 καίων
1054 714 1160 742 εἶναιτὸ
1175 716 1295 751 σύμπαν.
1312 716 1404 742 Ταῦτα
1418 717 1484 752 πρὸς
1497 718 1559 748 τοὺς
1570 718 1742 753 ἀπεσταλμέ-

957 769 1018 791 νους
1030 761 1076 787 τοῦ
1094 761 1263 796 πατριάρχου
1277 761 1412 795 λέγοντος,
1430 764 1519 796 γραφῇ
1530 763 1644 789 ἐδίδοντο
1654 764 1686 789 τὰ
1698 764 1740 789 λε·

956 805 1069 840 γόμενα,
1080 806 1116 837 ὡς
1127 807 1162 841 μή
1175 815 1200 832 τι
1215 807 1441 841 συκοῳχντηοείη.
1453 808 1483 833 0i
1494 808 1515 833 δ’
1528 808 1742 843 ὑποστρέφοντες

958 852 1067 884 ἐδήλουν
1083 853 1172 879 πάντα
1186 852 1245 886 μετ’
1262 852 1412 885 ἀσφαλείας
1426 855 1480 883 τοῖς
1494 854 1681 885 ἁποστείλαπι,
1694 855 1742 880 καὶ

114 899 211 934 τελείῳ
228 897 276 934 ἦρι
289 901 448 934 συνήγοντο,
464 901 511 927 καὶ
528 901 562 927 τὰ
582 900 653 927 κατὰ
668 901 715 927 τὸν
732 902 904 937 πατριάρχην
919 892 940 919 Β
956 897 1084 930 σύλλογος
1103 897 1234 924 διελύετο.
1247 897 1333 923 Τοῦτο
1356 898 1394 928 δῖς
1408 896 1466 923 εἶξα
1493 898 1539 925 καὶ
1556 900 1614 933 τρὶς
1629 899 1741 933 γεγονὸς

112 946 288 979 συναχοείσιν
314 946 525 982 ἐπιμελέστερον
550 948 676 975 ἐκινεῖτο.

112 1011 143 1039 δ’.
162 1013 264 1045 Ὅπως
279 1013 328 1040 καὶ
345 1013 422 1040 ὅπου
441 1014 599 1048 ἐζὴτοῦντο
624 1016 660 1042 τὰ
675 1016 750 1044 κατὰ
773 1018 826 1044 τὸν
846 1024 902 1044 πα-

339 1049 483 1083 τριάρχην
511 1050 677 1084 Ἀρσένιον.

150 1103 240 1135 Τόπος
252 1104 280 1130 δὲ
291 1105 339 1138 τῆς
349 1105 438 1133 αὐτῶν
449 1106 559 1132 συνόδου
573 1107 586 1132 ό
597 1106 734 1141 βασιλικὸς
751 1108 904 1141 ’Λλεξιακὸς

111 1149 249 1184 τρίκλινος
264 1147 309 1184 ἦν,
322 1151 365 1177 ἵνα
375 1151 420 1176 καὶ
434 1150 609 1186 προὺκὰθητο
622 1152 671 1186 μὲν
683 1154 696 1179 ό
707 1154 826 1187 κρατῶν,
842 1163 904 1188 συγ-

111 1195 296 1227 καοέςοντοδὲ
309 1196 355 1222 καὶ
367 1196 392 1222 οἱ
404 1198 567 1230 μεγιστᾶνες
579 1198 626 1224 καὶ
640 1198 701 1224 ὅσον
712 1199 740 1224 ἐν
749 1199 903 1233 ἀξιώμασιν

112 1239 157 1276 ἦν,
166 1242 388 1278 συνεδρὶαζον,[Ρ.
398 1242 459 1278 176]
468 1243 490 1269 δ’
500 1243 524 1269 οξ
536 1244 682 1278 ἀρχιερεῖς,
695 1245 741 1271 καὶ
752 1246 805 1271 πᾶν
816 1246 845 1271 τὺ
855 1248 904 1281 τῆς

113 1287 267 1322 συγκλήτου
295 1289 472 1323 παρίσταντο.
489 1289 612 1324 Συνῆσειν
631 1291 659 1316 δὲ
676 1292 723 1316 καὶ
738 1291 793 1317 ἀπὸ
808 1291 903 1318 πασῶν

112 1334 167 1359 τῶν
177 1334 266 1368 μονῶν
276 1335 300 1360 oi
314 1334 476 1369 προῦχοντες
491 1337 619 1371 μονήρεις
635 1337 744 1371 συνάμα
755 1338 812 1369 τοῖς
827 1337 903 1371 σφῶν

113 1380 294 1414 προεστῶσιν.
322 1380 392 1407 Ἀλλ’
416 1381 476 1407 οὐδὲ
497 1381 528 1407 τὸ
552 1383 602 1416 τῆς
629 1382 765 1413 πολιτείας
791 1384 852 1409 ὅσον
869 1381 902 1418 ἦν

112 1426 264 1461 περιφανὲς
288 1427 334 1453 καὶ
356 1426 435 1461 δῆλον
454 1428 538 1462 ἀπῆν.
561 1427 614 1453 Καὶ
629 1428 643 1453 ό
664 1428 713 1462 μὲν
738 1429 901 1464 κατηγορῶν

112 1525 173 1543 rum
187 1516 369 1547 lavacrorum.
386 1516 450 1550 quid
474 1521 516 1544 est
531 1524 580 1543 cur
591 1517 756 1550 repellantur
770 1517 803 1544 ab
817 1518 904 1546 eccle-

113 1563 162 1589 size
192 1562 317 1590 balneo?
344 1562 466 1597 Denique
491 1570 552 1590 cum
580 1563 686 1590 sultaue
709 1569 736 1590 et
755 1563 812 1597 ejus
839 1564 902 1591 ﬁliis

113 1614 242 1643 tanquam
266 1615 328 1635 cum
357 1608 523 1636 Christianis
553 1609 640 1642 egisse
663 1610 901 1643 irreprehensibile

113 1654 212 1686 videri,
232 1654 361 1688 quoniam
377 1653 402 1680 id
416 1659 527 1681 auclore
545 1654 641 1680 idoneo
654 1653 760 1685 fecerit,
777 1654 902 1688 episcopo

113 1700 240 1727 videlicet
255 1699 363 1726 Pisidiae
380 1699 446 1726 tales
472 1699 532 1726 illos
545 1706 605 1726 esse
624 1703 750 1726 testante.
767 1699 844 1732 Quod
875 1700 899 1726 si

111 1746 167 1782 iam
178 1745 337 1773 ostendatur
349 1752 521 1779 nequaquam
529 1745 603 1779 ipsos
622 1745 706 1772 fuisse
719 1745 900 1778 Christianos,

113 1791 152 1818 illi
170 1790 222 1818 soli
236 1789 410 1821 ascribcnda,
432 1797 485 1816 non
503 1789 568 1816 mihi
582 1790 639 1823 ejus
672 1790 735 1816 tacti
752 1791 829 1825 culpa
845 1791 902 1818 fue-

112 1835 159 1862 rit.
178 1834 232 1862 Sed
263 1835 304 1861 hae
317 1832 489 1861 deiensiones
511 1834 668 1868 imperatori
694 1842 747 1861 non
769 1835 899 1862 vdebatt-

113 1886 159 1908 tur
173 1880 338 1908 sumcientes
369 1880 402 1906 ad
431 1878 603 1914 purgandum
632 1879 815 1913 patriarcham
831 1891 837 1908 :
853 1888 900 1909 ve-

114 1935 176 1953 rum
189 1925 309 1952 decrevit
327 1932 491 1959 congregare
504 1924 636 1960 synodum
653 1925 774 1952 omnium
790 1926 900 1953 antisti-

114 1977 185 2004 tum,
198 1971 240 1998 cui
255 1970 419 1996 interessent
434 1970 487 1996 duo
502 1971 663 2003 patriarchae
675 1991 682 2002 ,
699 1970 900 1998 Alexandrinus

113 2018 241 2045 Nicotaus
257 2020 284 2043 et
299 2016 480 2042 Antiocltettus
506 2015 674 2050 Euthymius.
708 2016 802 2050 Itaque
818 2016 900 2051 regiis

113 2065 214 2092 litteris
226 2063 384 2090 convocavit
399 2061 519 2095 undique
533 2062 665 2095 praesules
681 2065 710 2088 ut
726 2067 785 2096 post
801 2063 900 2090 festum

113 2111 174 2138 sine
190 2117 266 2136 mora
280 2109 466 2138 convenirent,
495 2107 569 2133 nullo
586 2111 717 2141 praetextu
737 2107 770 2134 ad
787 2115 900 2135 recusa-

115 2158 218 2185 tionem
236 2155 317 2190 260
336 2153 492 2181 suilecturo.
511 2152 594 2180 Pieno
621 2153 703 2187 igitur
725 2160 787 2180 vere
802 2161 901 2181 conve-

115 2206 227 2234 nerunt,
243 2206 270 2227 et
287 2206 369 2226 causa
390 2198 550 2233 patriarcha:
576 2197 704 2225 ventilari
718 2205 733 2224 a
749 2205 899 2233 congrega-

116 2249 151 2276 tis
169 2253 210 2275 est
225 2253 323 2281 empta.

114 2320 142 2347 4.
158 2317 295 2350 Quomodo
310 2321 334 2344 et
354 2316 397 2343 ubi
413 2317 554 2356 quaesitum
571 2316 602 2342 de
619 2315 772 2350 patriarcha
791 2314 902 2341 Anem‘o

483 2355 528 2377 sit.

151 2411 241 2438 Locus
261 2409 356 2444 synodi
373 2407 477 2441 regium
494 2407 651 2434 Alexiacum
670 2405 818 2433 triclinium
840 2404 900 2437 fuit,

113 2457 148 2485 ad
164 2457 188 2483 id
205 2455 327 2482 delectus
345 2459 373 2481 ut
390 2453 537 2488 praesidere
550 2456 641 2486 posset
659 2452 819 2486 imperator.
846 2450 901 2477 As-

113 2503 240 2531 sidebant
248 2506 280 2529 et
291 2501 359 2528 aula:
378 2504 526 2534 magnates,
544 2506 576 2525 ac
588 2501 723 2532 quotquot
737 2497 766 2523 in
782 2496 902 2531 dignita-

115 2550 189 2576 tibus
206 2552 295 2579 erant,
311 2545 390 2578 simul
406 2552 467 2572 cum
487 2543 632 2578 episcopis.
653 2543 752 2570 Aderat
769 2547 797 2569 et
821 2550 901 2568 sena-

115 2600 158 2621 tus
175 2593 329 2622 universus.
346 2595 373 2618 et
398 2598 431 2617 ex
447 2586 553 2617 cunctis
569 2588 743 2615 monasteriis
772 2587 900 2622 praecipui

116 2639 314 2667 monachorum
343 2643 405 2663 cum
435 2635 491 2662 suis
522 2635 621 2669 quique
648 2633 819 2667 praepositis;
853 2640 902 2659 nec

117 2685 234 2712 aberant
247 2681 377 2710 clariores
396 2680 612 2714 illustrioresqne
636 2679 749 2713 civium.
770 2678 801 2705 Et
819 2686 901 2706 acea-

115 2736 191 2758 sator
207 2728 317 2763 quidem
334 2727 360 2754 in
378 2727 496 2754 medium
517 2726 644 2759 prodiens
659 2725 778 2751 libellum
792 2724 900 2751 obtulit.

117 2777 141 2804 Is
155 2775 265 2804 cunctis
277 2773 450 2801 audientibus
478 2772 609 2799 reeitatus
623 2775 675 2798 est.
692 2770 769 2798 Tunc
784 2778 845 2798 cum
861 2778 902 2797 es-

116 2828 156 2851 set
183 2823 272 2848 visum
300 2819 380 2846 citari
410 2818 509 2845 debere
531 2817 727 2851 patriarcham,
763 2817 902 2843 mittentes

119 2875 175 2897 tres
193 2868 337 2902 episcopos
364 2870 390 2892 et
410 2869 465 2892 tres
480 2863 594 2891 clericos
613 2862 699 2897 ipsum
725 2867 856 2891 vocarunt
868 2862 902 2890 ad

954 942 986 969 ἐκ
1003 951 1083 969 τικων
1104 943 1256 976 καιριακῶν
1273 942 1477 977 διαλειμμάτων
1501 943 1591 978 (ἔμελε
1613 944 1667 979 γὰρ
1694 944 1741 970 καὶ

954 989 1075 1015 κανόνων
1091 989 1205 1020 sitit/ot;
1216 988 1326 1014 τοιαῦτα
1338 988 1512 1024 xpectando.)
1523 989 1598 1016 οὐδὲν
1613 988 1646 1024 ἦν
1661 990 1741 1017 πλέον

954 1035 986 1060 ἐκ
1002 1034 1103 1061 τούτων
1117 1035 1158 1061 ὃτι
1183 1034 1219 1068 μὴ
1235 1034 1278 1060 τὸν
1296 1035 1469 1068 πατριάρχην
1493 1035 1684 1069 παραιτεῖσθαι
1696 1036 1741 1062 τὸν

953 1080 1054 1115 τρόπον
1071 1080 1120 1113 τῆς
1138 1080 1264 1113 κρίσεως,
1280 1079 1340 1109 τοὺς
1357 1079 1379 1105 δ’
1396 1080 1615 1107 ἀντεπιστέλλειν
1631 1081 1738 1116 ἐκείνῳ,

954 1125 991 1156 ὡς
1006 1125 1240 1159 ἐπιοτπμονάρχου
1257 1124 1303 1150 τοῦ
1319 1125 1452 1159 βασιλέως
1465 1123 1533 1152 εἶναι
1549 1125 1741 1160 δικαιουμένου

954 1172 982 1197 ὲν
999 1172 1054 1208 τοῖς
1069 1171 1306 1206 ἑκκλησιαστικοίς
1326 1172 1481 1206 πράγμασι,
1549 1171 1652 1199 δίκαιον
1671 1170 1740 1200 εἶναι

956 1218 1017 1251 μηδ’
1039 1217 1146 1249 εὔλογον
1169 1217 1202 1244 τὰ
1221 1217 1334 1244 τοιαῦτα
1352 1217 1457 1252 μέγιστ’
1474 1217 1538 1245 ὂντα
1554 1218 1614 1254 δίχχ
1636 1218 1741 1253 βασιλι-

955 1264 1004 1297 κῆς
1019 1262 1179 1294 ἐπιστασίας
1198 1263 1341 1289 κινεῖσθαι.

955 1333 987 1357 ε’.
1005 1331 1104 1363 ’Ὅπως
1123 1332 1139 1357 d
1155 1331 1339 1365 πατριάρχης
1359 1331 1434 1365 πρὸς
1451 1332 1584 1364 ,βασιλέα
1603 1333 1740 1366 ἀφίκοιτυ

1039 1366 1085 1392 καὶ
1102 1366 1180 1398 ὅπως
1196 1368 1275 1400 παρὰ
1288 1367 1396 1400 μικρὸν
1407 1369 1654 1401 παραλογισθείη.

997 1423 1040 1449 Ἑν
1055 1423 1108 1457 ὅσῳ
1124 1422 1151 1448 δὲ
1165 1422 1240 1449 ταῦτ’
1255 1424 1414 1458 ἐπράττετο,
1429 1424 1557 1458 ἐννοήσας
1574 1424 1588 1450 ὀ
1604 1423 1741 1459 πατριάρ-

956 1521 1065 1541 causam
1083 1514 1233 1540 dicendam.
1251 1513 1298 1540 Ille
1313 1518 1403 1540 autem
1413 1513 1524 1540 omnino
1534 1514 1625 1541 venire
1638 1514 1738 1547 renuit,

917 1558 937 1586 C
955 1568 1016 1587 cum
1035 1561 1137 1586 diceret
1161 1559 1293 1593 judicium
1321 1559 1431 1593 quidem
1457 1559 1528 1586 haud
1554 1567 1584 1586 se
1599 1567 1738 1593 rceuSare,

953 1607 1064 1634 modum
1080 1612 1170 1634 autem
1193 1612 1219 1634 et
1244 1607 1332 1634 locum
1356 1607 1451 1640 judicii
1480 1614 1666 1642 personasque
1696 1607 1738 1633 fu-

952 1661 1015 1688 gere
1031 1660 1038 1685 ;
1058 1660 1072 1679 a
1091 1660 1144 1687 qua
1170 1653 1408 1687 exceptionejuris
1422 1653 1526 1686 species
1551 1661 1604 1679 non
1633 1653 1737 1679 aberat.

951 1699 1019 1726 Nam
1039 1699 1157 1734 judicari
1185 1699 1367 1733 patriarcham
1396 1703 1530 1732 praesente
1563 1699 1738 1733 imperatore,

951 1745 1131 1779 praesentibus
1150 1744 1326 1778 optimatibus
1350 1749 1377 1771 et
1404 1744 1582 1770 saecularibus
1603 1746 1739 1779 personis,

952 1790 1032 1824 idque
1042 1790 1070 1817 in
1098 1789 1209 1824 palatio,
1223 1789 1374 1824 praesertim
1392 1789 1560 1823 imperatore
1574 1790 1613 1816 sic
1628 1791 1732 1816 consti-

952 1838 1010 1862 tuto
1025 1840 1052 1862 et
1069 1835 1157 1869 palam
1171 1834 1342 1861 occasionem
1357 1834 1482 1861 vindictae
1510 1839 1647 1868 captante,
1664 1834 1739 1861 indi-

951 1887 1032 1914 gnum
1047 1879 1200 1911 videbatur,
1215 1883 1243 1905 et
1260 1883 1316 1906 tota
1329 1885 1372 1905 res
1399 1879 1491 1912 inique
1503 1884 1672 1913 comparata.
1698 1879 1736 1906 Ea

952 1931 1033 1959 porro
1044 1924 1171 1958 loquente
1191 1923 1345 1958 patriarcha
1362 1924 1452 1951 missis
1467 1931 1480 1950 Α
1494 1927 1607 1958 synodo,
1625 1929 1738 1958 excepta

952 1975 1016 1997 sunt
1031 1970 1131 2004 scripto
1141 1971 1224 1997 verba
1235 1969 1305 2004 ejus,
1316 1977 1349 1996 ne
1358 1970 1424 2004 quid
1436 1970 1579 1996 calumniae
1593 1969 1741 1997 interveni-

953 2021 1005 2043 ret.
1023 2014 1087 2042 lude
1100 2015 1148 2049 qui
1163 2015 1240 2042 missi
1266 2015 1375 2042 fuerant
1393 2016 1537 2043 redeuntes
1549 2017 1583 2043 ad
1605 2017 1738 2052 synodum

951 2066 1047 2088 cuncta
1057 2068 1089 2087 ex
1105 2061 1157 2087 tide
1169 2061 1319 2088 retulerunt
1328 2061 1361 2087 ad
1377 2068 1423 2087 eos
1436 2060 1482 2094 qui
1491 2061 1631 2094 miserant,
1642 2066 1669 2088 et
1681 2068 1739 2088 cte-

953 2109 994 2132 tus
1008 2105 1112 2132 solutus
1127 2107 1177 2131 est.
1195 2105 1267 2131 Idem
1281 2105 1381 2132 iterum
1393 2110 1420 2131 et
1434 2106 1513 2132 tertio
1539 2110 1582 2133 est
1611 2105 1713 2133 factum
1725 2124 1734 2136 .

952 2152 1033 2178 certis
1048 2152 1197 2178 intervallis
1218 2152 1348 2185 temporis
1374 2152 1542 2186 interpositis
1562 2162 1569 2179 :
1594 2153 1740 2180 studebant

954 2197 1024 2225 enim
1034 2197 1081 2231 qui
1092 2197 1147 2224 hazc
1158 2198 1283 2231 agebant,
1300 2196 1368 2223 nihil
1381 2198 1508 2224 omittere
1521 2204 1614 2224 eorum
1626 2205 1684 2230 uitae
1695 2205 1741 2224 ca-

955 2251 1040 2270 nones
1049 2244 1074 2269 iu
1086 2251 1118 2271 eo
1127 2251 1226 2278 genere
1236 2242 1425 2278 przeseribunt.
1438 2242 1573 2270 Caeterum
1585 2242 1653 2269 nihil
1665 2243 1738 2270 aliud

952 2295 986 2316 ex
1001 2288 1078 2323 261
1100 2288 1133 2315 iis
1148 2287 1376 2315 missitationibus
1397 2292 1422 2314 et
1435 2288 1570 2321 responsis
1581 2287 1641 2314 elici
1653 2287 1740 2321 potuit

953 2334 1006 2362 nisi
1024 2334 1169 2368 displicere
1183 2334 1345 2368 patriarcha:
1362 2333 1457 2367 judicii
1484 2333 1602 2365 modum,
1620 2337 1647 2360 et
1659 2332 1694 2360 ob
1712 2333 1739 2359 id

953 2388 1112 2416 comparere
1130 2388 1266 2407 recusare.
1285 2380 1323 2406 Ad
1339 2387 1398 2414 qua:
1414 2380 1465 2406 hoc
1481 2384 1540 2406 erat
1564 2378 1675 2405 Patrum
1694 2386 1738 2405 re-

953 2433 1082 2461 sponsum
1096 2426 1258 2460 patriarcha:
1278 2432 1324 2459 pet"
1341 2424 1471 2451 remissos
1498 2423 1531 2450 ad
1548 2424 1635 2458 ipsum
1656 2430 1737 2450 voea-

954 2476 1027 2499 tores
1053 2472 1200 2504 redditum,
1217 2475 1278 2497 enm
1295 2471 1330 2497 sit
1345 2470 1409 2496 olim
1425 2470 1609 2496 existimatqu
1630 2476 1736 2502 aequum

953 2517 1112 2552 imperatori
1144 2516 1225 2543 tribui
1256 2516 1405 2551 principem
1422 2515 1510 2542 locum
1529 2515 1555 2541 in
1585 2514 1738 2548 cognitione

954 2572 1043 2592 rerum
1063 2563 1318 2593 ecclesiasticarum.
1352 2569 1401 2589 nec
1427 2562 1529 2596 justum
1563 2568 1613 2587 nec
1642 2559 1736 2587 ratio::i

953 2614 1165 2637 consentaneum
1179 2615 1249 2638 esse,
1265 2616 1323 2642 qua:
1340 2614 1372 2633 ex
1389 2614 1421 2634 00
1435 2613 1532 2641 genere
1547 2605 1652 2640 negotia
1669 2612 1739 2631 ||l|llc

953 2657 1132 2691 agitarentur,
1162 2654 1273 2681 maximi
1304 2653 1397 2698 utique
1429 2652 1558 2679 momenti
1590 2651 1654 2678 alibi
1692 2654 1739 2677 aut.

954 2705 1033 2732 aliter
1042 2711 1122 2738 quam
1134 2708 1267 2738 praesente
1276 2710 1307 2729 ac.
1314 2702 1477 2736 praesidente
1491 2701 1611 2735 principe
1625 2699 1737 2726 moveri.

954 2771 981 2798 5.
1007 2769 1040 2797 Ut
1053 2768 1207 2803 patriarcha
1237 2767 1271 2793 ad
1287 2765 1648 2803 imperatoremracress'eril;
1671 2770 1693 2791 el
1709 2769 1736 2791 ut

1093 2811 1188 2838 parum
1204 2803 1316 2836 abfuerit
1332 2801 1396 2836 quin
1423 2801 1596 2835 deciperetur.

992 2863 1058 2891 Dum
1084 2866 1174 2889 autem
1200 2861 1257 2888 haec
1277 2859 1313 2888 ita
1332 2863 1501 2895 gererentur,
1527 2857 1677 2893 intelligens
1692 2864 1739 2892 pa—
