1936 3069
230 131 282 164 ’711

836 129 1000 160 GEORGII
1023 130 1261 160 PACHYMERzE

1803 129 1854 160 712

228 188 364 220 νομένοις.
375 187 438 218 ιὨς
451 185 514 220 γοῦν
527 186 684 220 ἐκλεγέντες
692 185 763 217 τινὲς
776 186 958 221 ἠρωτήθησαν
970 187 1023 212 τῶν
1037 190 1059 218 Α
1075 187 1121 213 καὶ
1146 187 1233 222 κρεῶν
1250 187 1329 213 ὑείων
1355 186 1500 220 ὀρέγεσθαι
1523 186 1570 221 τὴν
1587 186 1655 212 κατὰ
1678 187 1855 221 Χριστιανοὺς

229 231 276 257 τοῦ
303 233 414 266 κλήρου,
439 232 484 267 καί
502 231 601 266 μᾶλλον
629 232 693 266 περὶ
717 231 763 257 τοῦ
789 231 912 262 σουλτὰν,
931 223 1017 258 καὶεί

231 277 438 308 συλλιτανεύσας
459 277 496 312 τῷ
523 277 680 312 πατριάρχῃ
706 276 894 308 συγκαθίσειεν
919 278 1016 311 ἀναγι-

231 322 402 356 νωσκομένου
420 322 464 348 τοῦ
488 322 642 356 θεολογικοῦ
659 323 739 356 λόγου
756 323 826 349 κατὰ
845 323 875 349 τὸ
892 322 1016 358 σύνηθες,

231 368 312 399 εὒῦϋς
333 368 488 402 ὡμολόγουν
504 368 574 394 οὓτω
600 368 737 403 γενέσθαι,
752 369 797 395 τὸν
818 369 844 395 δὲ
865 369 978 395 σουλτὰν
992 369 1016 395 εἱ

231 414 390 448 Χριστιανός
415 415 488 440 ἐστιν
504 414 559 440 εἴτε
582 415 629 440 καὶ
654 414 745 449 μὴμὴ
761 414 858 441 ειδέναι
886 415 1015 448 ἔφασκον,

231 460 298 490 τέως
312 460 334 485 δ’
357 460 458 485 ἐκεῖνον
476 461 536 485 τότε
557 460 720 494 Χριστιανὸν
743 460 863 494 νομίζειν
877 460 1014 495 ἄντικρυς.

232 504 262 530 Οἱ
281 503 344 537 γοῦν
362 504 499 538 κρίνοντες
516 505 594 530 τοῦτο
610 505 689 539 μόνον
705 505 854 539 λαμϐάνειν
877 505 971 540 ἡθελον
986 505 1017 531 τὸ

232 549 478 576 συλλιτανεύσαντα
501 546 677 584 καὉεσθῆναι,
693 550 722 576 τὸ
745 550 766 576 δ’
782 552 836 576 εἴτε
854 551 1016 584 Χριστιανὸς

230 593 285 620 εἴτε
299 595 345 620 καὶ
369 596 416 629 μὴ,
430 595 520 625 αὐτοῖς
537 595 656 628 ἔφασκον
672 595 803 631 ζητητέον
818 594 896 627 εἶναι,
910 596 956 622 καὶ
970 596 1017 622 ἐπὶ

230 638 333 670 τούτοις
351 639 441 665 πολλοὶ
467 640 623 683 εταρήγοντο
648 641 866 675 μαρτυρήσοντες
888 640 917 665 τὸ
936 640 1016 671 σέϐας

231 684 327 719 ἐκείνῳ
343 685 379 719 μὴ
401 685 472 710 κατὰ
486 685 666 720 Χριστιανοὺς
690 683 769 716 εἶναι,
792 685 841 711 οὐκ
856 683 913 712 οἴδα
930 686 952 712 δ’
967 686 1016 712 εἴτ’

231 729 340 764 ἀληθὲς,
354 730 408 755 εἴτε
425 730 478 765 μὴν
492 730 690 764 θεραπεύοντες
702 730 748 756 τὸν
761 731 926 765 κρατοῦντα.
942 731 1016 762 Τέως

230 774 259 800 δέ
275 783 316 808 γε,
334 774 370 806 ὡς
393 774 506 809 ὕστερον
522 775 594 810 ἡμᾶς
612 776 796 802 πυνθάνεσθαι
811 776 865 802 τῶν
889 776 1017 803 τοιούτων

230 821 306 851 τέλος
319 820 466 852 λαϐόντων,
481 822 494 847 ὁ
512 821 624 847 σουλτὰν
641 822 802 853 ἀποστείλας
815 823 883 858 πρὸς
894 823 939 849 τὸν
951 831 1017 857 κρα-

1071 232 1208 259 πολιτείαν
1229 231 1418 266 ἐμφαίνοντος.
1434 232 1499 258 Τότε
1518 232 1546 258 δὲ
1569 232 1605 262 ὡς
1630 232 1775 261 ἀτελέστου
1792 232 1854 266 περὶ

1070 277 1117 304 τοῦ
1133 277 1245 304 σουλτὰν
1267 278 1470 313 βουλευομένων
1487 278 1600 304 ἐκείνων
1624 278 1711 304 ἐδόκει
1735 277 1854 308 κίνδυνος

1071 323 1186 358 ὲξῆφοαι
1210 324 1249 356 τῷ
1269 324 1436 360 πατριάρχῃ.
1453 321 1543 349 Ἦσαν
1560 323 1580 349 δ’
1599 323 1672 350 ἄλλοι
1691 323 1716 349 οἳ
1732 323 1778 349 καὶ
1790 322 1856 356 γλα-

1071 369 1227 405 φυρώτερον
1245 370 1405 404 ἐπεχείρουν
1424 369 1503 404 δῆθεν
1523 368 1777 404 προσεπιτιῡέμενοι
1797 369 1854 399 ταῖς

1070 417 1257 450 κατηγορίαις,
1271 416 1307 447 ὡς
1319 417 1397 450 εἴπερ
1409 416 1533 447 κάκεῖνος
1544 416 1584 447 εἰς
1597 415 1775 450 Χριστιανοὺς
1790 414 1855 448 ἀλη-

1071 461 1124 492 θῶς
1142 462 1237 492 ἐτέλει,
1259 461 1288 487 τὸ
1313 461 1378 493 γοῦν
1399 461 1463 496 περὶ
1486 462 1588 487 ἐκεῖνον
1615 461 1749 496 Περσικδν
1773 460 1854 486 καλὸν

1070 505 1103 542 ἦν
1117 506 1239 537 ἐκτόπως
1256 507 1299 532 τὸν
1316 506 1488 541 πατριάρχην
1503 505 1682 540 φυλάττεσθαι
1697 513 1703 520 ·
1719 505 1786 540 μηδὲ
1800 505 1852 539 γὰρ

1070 551 1212 582 κάκείνους
1236 550 1339 582 πάντας
1354 551 1534 585 Χριστιανοὺς
1557 550 1656 584 εἶναιῆ
1679 550 1725 577 καὶ
1747 550 1852 583 λογίζε-

1071 597 1143 624 σθαι.
1165 597 1208 627 Ὠς
1231 596 1294 630 γοῦν
1313 595 1380 631 πρὸς
1395 596 1424 622 τὸ
1449 596 1482 621 τὰ
1505 596 1633 622 δοκοῦντα
1656 596 1852 629 ἀποφαίνεσθαι

1070 641 1150 678 ἦσαν,
1171 644 1195 670 οἰ
1211 643 1260 678 μὲν
1284 642 1402 675 πλείους,
1419 642 1435 677 ἢ
1463 642 1510 668 καὶ
1527 643 1627 673 πάντες
1650 642 1725 676 παρὰ
1744 641 1853 675 τινὰς(ὁ

1070 689 1303 724 Ποντοηρακλείας
1337 689 1473 723 Θεόδωρος
1496 685 1574 719 οὗτος
1597 686 1641 723 ἦν,
1667 689 1681 713 ό
1713 687 1852 722 Εὑχαῖτῶν

1077 735 1204 768 Ἀλέξιος,
1217 736 1230 761 ὁ
1245 734 1369 769 Βρύσεως
1385 734 1521 768 Ἰωάννης,
1537 735 1584 760 καὶ
1598 733 1654 768 μετ’
1667 733 1756 759 αὐτῶν
1766 733 1850 759 ἄλλοι·

1069 782 1083 807 ὁ
1098 781 1152 816 γὰρ
1167 780 1209 816 [Ρ.
1226 779 1289 815 180]
1316 779 1472 814 Μιτυλήνης
1488 779 1636 814 Γρηγόριος
1659 780 1693 805 τὰ
1717 778 1801 804 πολλὰ
1814 778 1852 811 τῷ

1071 826 1228 860 πατριάρχῃ
1244 825 1395 859 προσέχων,
1414 823 1476 850 ἐπεὶ
1500 824 1548 859 τὴν
1563 824 1640 858 δίκην
1655 824 1851 858 ἀπηρτημένην
1894 849 1898 852 ,

230 865 339 896 τοῦντα,
356 866 418 892 ἐπεὶ
443 866 519 900 παρὰ
533 865 582 901 τὴν
597 865 680 892 αὐτοῦ
697 866 787 892 αἰτίαν
804 867 958 902 μεμαθήκει
973 868 1018 894 τὸν
1035 869 1054 895 Β
1069 869 1142 905 ἐώρα
1162 870 1197 901 οἱ,
1222 869 1298 895 νόσον
1324 869 1497 903 σκηψάμενος
1520 869 1604 903 ἀπῆν,
1626 865 1648 902 ᾧ
1669 868 1702 903 δὴ
1728 868 1775 895 καὶ
1795 868 1851 902 μετ’

232 912 404 947 πατριάρχην
431 912 604 944 ἐξελαθέντα,
619 913 667 938 σὺν
681 912 772 943 ἄλλοις
789 910 829 943 οἷς
846 913 957 948 ἐμήνυε,
972 914 1018 939 καὶ

230 957 308 982 τοῦτο
329 957 478 992 χαριέντως
504 956 521 991 ἢ
547 957 646 991 μᾶλλον
663 958 709 983 καὶ
734 957 838 991 βαθέως
868 958 1018 992 ἁπτόμενος

231 1005 430 1039 προσεμήνυεν,
445 1003 528 1036 ἀξιῶν
543 1004 646 1030 στεῖλαί
660 1004 684 1029 ul
695 1004 749 1030 τῶν
760 1004 863 1030 ἐκείνου
877 1004 954 1038 δςαφε
961 1005 1018 1039 ράν-

230 1058 283 1080 ato;
298 1050 331 1075 τὰ
346 1049 407 1084 ἱερὰ
427 1049 619 1084 περιάμματα,
638 1048 656 1076 ἃ
676 1049 707 1084 δὴ
723 1049 770 1075 καὶ
789 1049 920 1083 ὲγκόλπια
936 1050 949 1075 ὸ
963 1058 1018 1075 κει-

230 1095 274 1125 νὸς
290 1094 416 1130 ὀνομάζει
429 1095 518 1129 λόγος,
534 1095 582 1121 καὶ
597 1095 621 1120 ει
641 1094 772 1129 βούλοιτο,
797 1096 843 1121 καὶ
861 1096 951 1130 χοίρου
967 1104 1016 1121 τα-

232 1140 390 1175 ριχευθέντα
410 1141 496 1175 μηρὸν
518 1140 555 1172 ὡς
579 1141 743 1175 ὀρεγόμενος
764 1140 857 1175 φάγοι.
873 1142 928 1168 Καὶ
945 1141 1017 1168 τοῦτ’

180 1211 186 1215 _
229 1185 262 1221 ἦν
285 1187 344 1213 τότε
372 1186 409 1221 τῷ
435 1186 540 1221 βασιλεῖ
558 1186 621 1221 περὶ
637 1185 692 1212 ιτοῦ
720 1187 889 1221 πατριάρχου
907 1186 1017 1221 ἔλεγχος

230 1233 368 1267 ἄντικρυς,
389 1231 428 1263 τῷ
458 1231 509 1266 μὲν
529 1229 599 1258 εἶναι
623 1231 678 1258 τῶν
704 1231 784 1258 Θείων
811 1233 1017 1266 ὲκτυπωμάτων

229 1277 419 1312 προσκυνητὴν
444 1277 473 1303 τὸ
497 1277 578 1308 σέὂας
599 1276 682 1303 αὑτοῦ
711 1277 910 1312 παριστῶντος,
933 1277 972 1313 τῷ
988 1278 1017 1304 δὲ

231 1368 291 1395 nias
308 1367 449 1394 recitasset
477 1373 537 1393 cum
554 1365 719 1400 patriarcha,
749 1370 774 1393 et
801 1365 863 1392 dum
883 1365 1017 1400 legeretur

229 1411 434 1439 divinussermo
449 1412 480 1438 de
496 1418 581 1442 more,
611 1411 754 1437 assedisset
780 1418 844 1442 una,
868 1411 958 1437 statim
975 1418 1018 1437 re-

228 1459 393 1492 sponderunt
409 1457 444 1484 ita
461 1457 559 1484 factum
575 1454 669 1489 fuisse,
695 1456 782 1483 snltan
800 1464 864 1484 vero
883 1456 1018 1484 Christia-

230 1512 280 1531 nus
296 1510 380 1531 necne
395 1504 430 1530 sit
443 1510 473 1530 se
492 1503 612 1534 nescire;
629 1509 660 1530 ac
676 1507 731 1528 tum
747 1503 853 1536 quidem
866 1509 896 1530 se
907 1507 1017 1537 putasse

1069 915 1227 950 έμεριῦείας
1251 916 1265 941 ὁ
1281 915 1390 950 κρατῶν
1413 915 1462 950 ἐμὲ
1479 914 1516 946 ὡς
1535 914 1658 949 νοτάριον
1681 913 1852 941 ἀποστέλλων

1068 962 1084 996 ἢ
1103 961 1225 996 ἁπαντᾷν
1240 961 1256 995 ἢ
1273 961 1374 987 διδόναι
1391 959 1438 995 τὴν
1454 959 1566 994 γνώμην
1582 959 1701 990 ἐκέλευε,
1716 960 1762 985 καὶ
1776 959 1851 993 μόλις

1068 1006 1117 1040 τὴν
1130 1006 1232 1032 οἰκείαν
1247 1005 1359 1040 γνώμην
1373 1005 1412 1039 τῷ
1426 1013 1454 1030 τε
1468 1004 1608 1038 Λαρίσσης
1621 1004 1716 1038 Θωμᾷ,
1730 1003 1769 1038 τῷ
1782 1003 1853 1029 Ναυ-

1069 1052 1174 1078 πάκτου
1199 1051 1307 1087 Ἰωάννῃ
1326 1052 1373 1078 καὶ
1389 1049 1428 1085 τῷ
1450 1049 1692 1084 ’Δδριανουπόλεως
1717 1049 1849 1083 Γερμανῷ

1069 1097 1303 1132 προσανετίθετο),
1317 1096 1341 1122 οἱ
1350 1096 1414 1130 γοῦν
1428 1095 1503 1130 παρὰ
1516 1098 1577 1127 τοὺς
1587 1096 1747 1130 εἰρημένους
1759 1096 1793 1121 ἐκ
1804 1095 1851 1122 τοῦ

1069 1143 1239 1177 παραχρῆμα
1266 1142 1425 1177 καθαίρεσιν
1441 1141 1488 1168 τοῦ
1506 1141 1674 1177 πατριάρχου
1699 1141 1852 1176 κατεψηφί-

1070 1187 1156 1219 (Iov-.0,
1182 1187 1250 1222 πλὴν
1276 1187 1315 1219 ὡς
1336 1187 1543 1222 φυγοδικοῦντος
1561 1187 1591 1214 τὸ
1614 1187 1694 1213 πλέον
1709 1194 1716 1201 '
1743 1187 1773 1213 τὸ
1799 1188 1852 1222 γὰρ

1070 1233 1183 1259 σουλτὰν
1197 1233 1251 1259 εἴτε
1277 1232 1441 1268 Χριστιανὸς
1453 1233 1494 1267 εῐη
1508 1233 1562 1258 εἴτε
1584 1232 1632 1258 καὶ
1645 1232 1693 1267 μὴ.
1708 1232 1750 1258 ἐπ’
1767 1234 1852 1267 ἀμφι-

1069 1278 1157 1310 ϐόλοις
1171 1278 1287 1311 ἐτίθουν,
1311 1279 1439 1313 ἀποχρῶν
1454 1277 1482 1304 δὲ
1502 1278 1570 1313 πρὸς
1583 1277 1731 1313 καταδίκην
1746 1277 1784 1313 τῷ
1800 1287 1853 1305 κα-

1069 1371 1266 1399 mentarcntur,
1283 1366 1432 1400 allegantes
1445 1373 1542 1400 parum
1559 1366 1593 1393 ad
1607 1373 1740 1393 summam
1757 1365 1852 1394 crimi-

1069 1413 1110 1439 nis
1121 1412 1223 1439 rcferre
1238 1411 1354 1438 sultanis
1369 1411 1452 1445 ipsius
1466 1417 1564 1438 Statum
1577 1412 1663 1446 quand
1680 1413 1848 1447 religionem.

1069 1454 1105 1481 Ut
1123 1455 1194 1482 enim
1225 1454 1269 1482 ille
1288 1462 1382 1482 revera
1406 1455 1576 1482 Christianus
1608 1456 1700 1487 fuerit,
1732 1462 1807 1484 certe
1835 1465 1849 1483 a

1068 1500 1159 1527 Persis
1176 1501 1235 1535 ejus
1257 1501 1402 1528 comitibus
1426 1501 1530 1535 pariter
1549 1506 1575 1528 et
1598 1503 1750 1537 promiscue
1771 1503 1852 1530 simul

230 1551 305 1578 illum
323 1550 520 1578 Christianum.
539 1548 613 1576 Velle
629 1553 719 1576 autem
732 1556 761 1576 se
776 1549 896 1582 aiebant,
910 1549 1014 1583 judices
1029 1549 1049 1578 α
1067 1547 1172 1574 cttnctis
1185 1548 1359 1574 admittendis
1382 1555 1478 1575 cavere
1500 1547 1630 1576 debuisse
1653 1549 1847 1582 patriarclram,

229 1598 279 1625 hoc
292 1597 378 1624 solum
394 1603 444 1630 pro
463 1595 618 1623 testimonio
633 1595 772 1630 accipere,
786 1595 868 1622 simul
880 1603 974 1623 orasse
988 1602 1016 1623 et

233 1643 369 1670 assedisse
385 1642 517 1669 sultanem
537 1649 544 1668 :
569 1641 656 1676 qualis
668 1647 757 1668 autem
770 1641 861 1674 fuerit,
882 1641 1017 1669 Christia-

228 1696 278 1716 nus
290 1696 322 1714 an
347 1695 475 1723 paganus,
494 1687 670 1722 quatrendum
685 1694 718 1713 ex
734 1694 764 1713 se
778 1694 830 1713 non
843 1694 915 1714 esse.
943 1686 1014 1713 Prte-

229 1740 269 1761 ter
284 1735 334 1761 hos
350 1742 414 1768 ergo
430 1733 554 1768 producti
566 1733 613 1760 ali
635 1732 712 1759 mulli
727 1737 790 1759 sunt
808 1733 854 1766 qui
883 1732 1015 1759 testiﬁca-

228 1785 320 1807 rentnr
331 1788 383 1806 non
396 1787 457 1807 esse
467 1780 541 1806 illum
554 1779 692 1813 religionis
707 1779 864 1806 Christianae
873 1779 1013 1806 cultorem.

228 1826 303 1858 Quod
318 1831 407 1852 utrtuu
425 1826 463 1852 illi
480 1833 512 1852 ex
530 1832 593 1852 vero
601 1825 769 1851 atlirmarent
788 1832 821 1851 an
834 1824 1015 1857 obsequentes

229 1872 389 1905 imperatori
428 1872 572 1910 (ingerent,
616 1870 686 1896 haud
719 1871 804 1897 habeo
834 1875 1013 1903 compertum.

227 1917 409 1952 Cognovimus
428 1921 516 1944 tamen
534 1922 635 1951 postea,
654 1916 758 1950 perlato
776 1916 829 1949 jam
859 1920 885 1942 et
902 1922 1015 1943 exseCn-

229 1963 294 1989 tioni
309 1962 433 1989 mandato
454 1962 566 1995 judicio,
582 1961 717 1988 sultanem
743 1961 788 1987 ubi
814 1961 937 1987 audisset
965 1968 1013 1987 sua

229 2014 311 2035 causa
323 2007 473 2042 depositum
489 2007 685 2041 patrrarcham,
701 2006 807 2032 misisse
817 2006 850 2031 ad
866 2006 1015 2039 imperato-

228 2061 286 2080 rem
305 2053 374 2087 (sive
390 2052 414 2079 id
433 2052 494 2085 joco
511 2053 568 2079 sive
584 2053 654 2079 serio
670 2057 715 2078 aut
729 2059 891 2086 quocunque
906 2052 1013 2078 demum

228 2099 344 2127 consilio
359 2098 465 2133 fecerit)
481 2099 527 2133 qui
544 2106 605 2126 eum
623 2103 748 2133 rogarent
762 2098 793 2124 ad
810 2105 839 2124 se
856 2099 963 2124 mittere
980 2105 1014 2123 ne

227 2150 387 2182 gravaretur
400 2146 523 2180 quadam
553 2152 586 2171 ex
612 2144 667 2171 suis
691 2143 776 2170 sacris
797 2143 932 2174 amuletis,
953 2149 1013 2176 qua:

1068 1600 1129 1621 cum
1145 1594 1212 1621 satis
1234 1598 1372 1621 constaret
1390 1602 1561 1629 nequaquam
1577 1595 1638 1622 illos
1651 1596 1793 1623 universos
1806 1601 1854 1623 aut

1068 1639 1152 1667 fuisse
1164 1643 1210 1666 aut
1225 1640 1331 1667 habitos
1360 1648 1421 1668 esse
1444 1640 1626 1668 Christianos.
1656 1641 1690 1668 Ut
1704 1647 1796 1668 autem
1819 1642 1852 1668 ad

1067 1685 1196 1713 dicendas
1216 1686 1366 1713 sententias
1378 1691 1488 1714 ventum
1505 1691 1556 1719 est,
1576 1686 1695 1722 plerique
1707 1693 1752 1714 aut
1763 1689 1854 1722 potius

1066 1739 1160 1758 omnes
1193 1737 1291 1766 prtcter
1318 1734 1449 1766 quosdam
1478 1732 1518 1767 (hi
1550 1732 1662 1760 fuerunt
1691 1732 1856 1762 Theodorus

1067 1775 1209 1804 lleraclcte
1239 1777 1330 1808 Ponti,
1360 1778 1470 1805 Alexius
1502 1777 1704 1810 Euchaitarum,
1734 1778 1857 1807 Joannes

1066 1822 1170 1857 Brysis,
1184 1827 1280 1849 etcum
1307 1823 1349 1850 his
1361 1822 1426 1850 alii:
1442 1830 1502 1850 nam
1523 1823 1671 1858 Gregorius
1696 1824 1855 1859 Mitylenes,

1066 1869 1227 1904 patriarchas
1239 1869 1351 1896 multum
1363 1869 1480 1900 deditus,
1501 1869 1544 1895 ubi
1571 1870 1711 1903 prospexit
1737 1872 1760 1898 ei
1776 1871 1859 1898 dam-

1067 1915 1200 1942 nationem
1233 1915 1384 1948 imminere,
1427 1915 1553 1941 simulato
1575 1916 1670 1942 morbo
1695 1916 1790 1948 abfuit.
1818 1917 1855 1944 ad

1065 1969 1144 1996 quem
1170 1962 1273 1996 impetu
1301 1961 1409 1988 ardenti
1434 1961 1582 1996 imperator
1597 1969 1649 1994 me,
1681 1970 1728 1996 pro
1741 1970 1772 1990 eo
1797 1970 1856 1997 quo

1066 2011 1130 2034 tunc
1149 2006 1387 2042 fungebarnotarii
1403 2014 1528 2038 munere,
1555 2007 1595 2034 ire
1613 2007 1753 2035 confestim
1769 2008 1857 2042 jussit

1066 2053 1291 2080 denuntiaturum
1315 2057 1344 2079 ut
1360 2054 1471 2079 omnino
1487 2058 1533 2079 aut
1548 2053 1656 2080 veniret
1680 2058 1727 2080 aut
1737 2059 1855 2081 Senten-

1067 2099 1131 2124 tiam
1147 2106 1224 2125 suam
1247 2098 1312 2125 mihi
1326 2098 1360 2125 ad
1386 2099 1519 2133 synodum
1537 2098 1655 2125 relaturo
1682 2100 1788 2132 ederet;
1819 2101 1856 2128 ad

1065 2152 1123 2178 qua:
1138 2145 1161 2172 is
1180 2151 1251 2178 σιεγε
1269 2145 1376 2171 tandem
1411 2152 1571 2178 responsum
1593 2145 1748 2180 expediens,
1781 2147 1859 2174 dixit.

227 2192 348 2227 vulgaris
360 2198 449 2218 sermo
460 2194 541 2217 vocat
565 2189 699 2223 encolpia,
726 2188 865 2215 icuncnlas
891 2187 1013 2214 videlicet
1029 2195 1050 2222 ι)
1065 2199 1103 2224 εει,
1122 2192 1191 2225 quod
1205 2191 1321 2218 Thomas
1337 2191 1461 2223 Larissa},
1481 2191 1600 2219 Joannes
1621 2192 1762 2225 Naupacti,
1779 2192 1839 2220 Ger
1854 2208 1859 2214 .

227 2239 326 2273 gestari
341 2237 374 2264 de
383 2236 452 2263 collo
467 2236 615 2270 pendentes
627 2235 659 2261 ad
671 2235 759 2261 sinum
778 2233 915 2267 relig‘Onis
932 2241 1013 2260 causa

226 2283 321 2312 solitas
332 2304 339 2315 ,
352 2288 377 2310 et
388 2282 502 2317 jussisse
528 2287 557 2308 ut
570 2281 699 2308 adderent
713 2287 753 2312 se,
769 2280 790 2306 si
804 2279 882 2306 thlet
897 2280 1014 2313 impera-

228 2329 418 2363 tor.religionis
430 2335 484 2355 sum
497 2328 630 2363 specimen
641 2333 746 2361 capere,
762 2327 803 2352 vet
819 2325 892 2360 porci
906 2326 1013 2353 salitum

229 2377 316 2403 temur
332 2375 409 2402 avide
438 2379 633 2402 comesturum.
666 2372 725 2405 Quo
755 2371 910 2398 testimonio
936 2373 1014 2406 plane

226 2422 309 2458 266
321 2421 532 2448 conﬁrmabatur
547 2419 703 2454 imperatori
718 2418 798 2452 culpa
813 2418 841 2444 in
856 2419 905 2446 hoc
919 2426 1014 2446 vacare

228 2469 422 2503 patriarcham,
454 2474 515 2493 cum
543 2473 636 2493 revera
663 2465 848 2492 Christianum
875 2465 961 2493 sultan
985 2473 1014 2493 se

227 2515 355 2549 piobaret
384 2518 438 2540 tum
461 2512 612 2539 exhibendo
643 2519 672 2538 se
699 2518 838 2538 sacrarum
865 2511 1011 2545 imaginum

228 2564 428 2592 veneratorem,
454 2564 512 2586 tum
535 2566 565 2586 se
582 2562 694 2593 gustare
706 2558 823 2584 libenter
837 2566 932 2585 carnes
945 2558 1013 2585 suil-

227 2608 268 2635 las
287 2607 461 2634 declaraudo.
473 2606 606 2634 Cmterum
631 2608 695 2632 tunc
713 2611 775 2631 cum
793 2604 819 2631 in
838 2604 890 2632 illis
905 2605 937 2631 de
963 2612 1012 2638 pa-

229 2653 347 2680 triarcha
363 2651 600 2686 disquisitionibus
619 2649 698 2684 quasi
713 2657 760 2683 pro
775 2649 953 2676 fundamento
963 2657 1012 2683 po-

228 2704 342 2726 neretur
358 2697 558 2725 minimeillum
578 2695 663 2723 fuisse
689 2695 852 2722 Christianis
877 2695 1012 2730 mysterizs

228 2746 375 2778 initiatum,
408 2745 500 2778 utique
525 2743 667 2770 videbatur
692 2742 754 2768 inde
773 2741 926 2776 impendere
942 2743 1013 2776 pori-

227 2791 319 2819 culum
336 2791 513 2827 patriarchae.
535 2790 618 2817 Erant
636 2789 679 2822 qui
693 2788 816 2815 Cullidllls
842 2793 869 2815 et
882 2789 914 2814 ad
931 2789 1010 2814 linem

227 2838 337 2866 intentae
351 2836 535 2864 damnationis
547 2835 746 2869 assequcndum
774 2834 908 2861 enicat-ius
930 2841 1011 2868 argu-

1069 2244 1164 2263 manus
1192 2237 1404 2272 Adrianopoleos
1433 2237 1551 2272 episcopi
1580 2241 1733 2270 censerent,
1766 2239 1858 2265 etiam

1068 2283 1154 2316 ipsum
1172 2283 1284 2315 sentire,
1313 2290 1344 2309 ac
1366 2283 1432 2310 velle
1459 2283 1546 2310 tribus
1567 2283 1684 2317 ipsorum
1715 2283 1862 2318 suffragiis

1067 2335 1145 2354 suum
1156 2333 1280 2361 quartum
1296 2327 1374 2362 plane
1388 2329 1564 2354 consrutlens
1579 2328 1862 2362 adjungi),exccptis,

1068 2373 1189 2406 inquam,
1208 2373 1249 2399 his
1263 2380 1331 2407 quos
1358 2374 1436 2399 modo
1464 2373 1615 2404 nominavi.
1642 2374 1741 2408 reliqui
1756 2381 1865 2402 omnes

1067 2421 1226 2451 prmseutem
1244 2418 1492 2445 exauctorationcm
1502 2423 1562 2452 patr
1575 2419 1661 2445 arclne
1671 2420 1864 2448 concordibus

1068 2463 1183 2489 calculis
1200 2464 1393 2496 decreverunt,
1413 2464 1460 2490 sed
1479 2464 1577 2498 majori
1589 2472 1622 2491 ex
1637 2469 1712 2498 parte
1729 2465 1764 2492 ob
1780 2473 1861 2492 con—

1068 2509 1214 2536 tumaciam
1239 2510 1320 2544 267
1349 2517 1402 2536 non
1431 2509 1544 2536 sistendi
1575 2517 1605 2537 se
1631 2510 1733 2545 judicio
1756 2519 1763 2537 :
1788 2518 1862 2539 natu

1067 2555 1171 2582 crimen
1185 2555 1218 2582 de
1231 2556 1336 2582 sultane
1354 2555 1459 2589 longam
1474 2563 1528 2582 nec
1546 2557 1726 2583 necessariam
1741 2558 1863 2585 aiebant.

1068 2609 1180 2636 poscere
1199 2602 1416 2636 disquistionem
1434 2603 1466 2628 de
1489 2602 1618 2636 religione
1633 2604 1703 2638 ejus,
1725 2612 1775 2638 qua
1805 2606 1862 2631 dc-

1067 2648 1141 2681 l'ungi
1157 2647 1262 2679 liceret,
1288 2647 1314 2673 in
1334 2647 1460 2681 ambiguo
1480 2648 1658 2681 relinquendo
1678 2648 1861 2677 Christianus

1067 2701 1150 2720 necne
1168 2693 1262 2724 fuerit,
1293 2693 1404 2719 nitendo
1423 2698 1511 2720 autem
1533 2693 1566 2719 ad
1593 2695 1792 2722 damnationem
1804 2704 1861 2724 τε.

1067 2739 1153 2766 cusati
1174 2747 1207 2766 eo
1229 2739 1299 2773 quod
1331 2743 1358 2766 et
1377 2745 1452 2766 certo
1478 2744 1616 2766 constaret
1643 2744 1670 2767 et
1701 2742 1858 2768 scentulum

1069 2787 1141 2820 leges
1160 2786 1305 2818 snlliceret,
1332 2785 1505 2812 recusatione
1531 2787 1656 2813 videlicet
1674 2789 1859 2821 comparendi

1067 2839 1129 2861 ante
1157 2833 1305 2867 legitimum
1331 2832 1461 2864 tribunal,
1474 2840 1527 2866 quo
1557 2832 1608 2859 rite
1633 2833 1731 2860 citatus
1755 2835 1858 2863 fuerit.
