1936 3069
225 122 281 154 727

833 125 959 155 GEORG
968 124 994 153 ll
1016 123 1257 155 PACHYMERAZ

1795 123 1849 154 728

222 182 274 209 κάν
285 181 323 216 τῷ
348 182 407 208 κατ’
427 181 559 217 ἀνατολὴν
573 183 631 218 δρει
655 183 694 219 τῷ
711 183 808 218 μέλανι
823 185 870 210 καὶ
897 185 928 219 τῇ
953 185 1012 209 κατ’
1027 182 1051 211 Δ
1067 186 1116 219 μὲν
1137 183 1287 218 ἁπλότητος
1313 183 1502 216 πλεονέκτημα
1527 182 1566 213 εἰς
1591 181 1758 216 κατηγορίαν
1777 181 1854 208 ἀδια-

222 227 313 254 ικεῑνο
334 229 400 263 μονῇ
418 229 577 263 ὲγχρονίσας
600 229 720 264 ἀσκῆσαι
740 229 771 256 τὸ
784 229 868 256 πάλαι
882 229 916 255 τὰ
933 229 1011 264 μέγι-

223 273 284 304 στα)
304 273 379 307 παρὰ
390 273 444 300 τῶν
465 273 567 300 λοιπῶν
581 274 688 309 ἠξιοῦτο
703 274 752 309 τὴν
765 274 816 310 τῆς
836 275 1011 300 Κωνσταντι-

225 319 377 350 νουτιόλεως
394 320 561 355 προστασίαν
583 320 772 353 ἀναδέξασθαι.
793 321 846 347 Σὺν
870 318 911 352 οἷς
938 321 984 347 καὶ
998 321 1012 346 ό

226 365 352 399 βασιλεὺς
369 366 419 399 τὴν
434 366 525 400 ψῆφον
540 366 740 401 ἀποδεξάμενος
763 366 950 401 κατηντιϐόλει
966 365 1012 392 τὺν

227 410 323 443 ἄνδρα,
340 411 383 436 καὶ
399 410 440 444 ἐφ’
456 411 573 446 ἡμέραις
589 411 709 446 προσιὼν
723 412 794 443 ὅλαις
807 412 905 446 ὁρμαῖς
919 409 1012 446 παρώ-

225 463 306 488 τρυνε
327 455 373 481 καὶ
387 455 462 491 ἠξίου
479 456 516 491 μὴ
537 457 752 492 ἀποπέμψασθαι
769 457 802 484 τὰ
812 457 861 491 τῆς
878 457 1009 492 κλήσεως.

226 510 270 544 ιγ’.
289 513 388 545 Ὅπως
402 514 727 554 ἀνέλῃ-λεῖαιΤιιςρέιανὸς¹
744 516 787 546 εἰς
812 515 846 541 τὸ
874 522 1014 549 πατριαρ-

401 549 493 582 χεῖον,
510 549 559 576 καί
575 551 603 576 τί
620 550 835 583 διαπράττεται.

263 593 316 619 Καὶ
336 593 367 628 δὴ
383 594 569 630 παρακληθεὶς
585 592 651 627 εἶξε.
668 597 722 622 Καὶ
743 597 826 631 μηνὸς
848 597 1014 633 Μαιμακτη-

228 638 324 672 ριῶνος
345 640 374 664 ὲν
392 641 424 673 τῇ
444 639 491 665 τοῦ
510 640 590 673 ἁγίου
606 640 764 675 Πνεὺματος
778 642 858 677 ὲορτῇ
872 642 924 669 ὑπὸ
938 643 1015 677 τόμῳ

226 684 310 719 κοινῷ
338 686 461 719 γεγονότι
497 687 669 721 πατριάρχης
699 687 934 721 ἐπικηρύσσεται,
967 689 1015 715 καὶ

227 731 320 764 σφίσιν
337 730 395 765 ἅμα
412 732 655 766 συλλειτουργήσας
666 733 704 766 τῷ
720 733 784 768 ἱερῴ
798 734 1016 769 ἐφιζάνειθρόνῳ

227 776 276 802 καὶ
293 776 348 802 τῶν
359 777 445 803 ἄλλων
462 778 636 812 προΐσταται.
655 778 732 813 Ἀμα
751 779 779 805 δὲ
802 779 841 814 τῷ
864 781 1016 815 προσϐῆναι

226 822 267 857 τῷ
284 822 371 858 θρόνῳ
387 823 467 858 ἔργον
491 824 588 858 ἐκείνῳ
612 825 739 860 ἀσχολίας
754 826 844 860 πάσης
867 826 1017 861 ὑπέρτερον

227 869 311 902 τιμᾷν
338 876 368 893 τε
386 869 441 899 τοῖς
466 870 634 903 προσήκουσι
649 870 712 902 τοὺς
732 871 815 905 ἀρετῇ
831 870 975 902 δοκοῦντας
999 871 1016 906 ἢ

227 913 275 939 καὶ
292 913 363 948 λόγῳ
381 915 508 949 προέχειν
531 915 586 942 τῶν
607 915 705 948 ἄλλων,
724 917 786 948 τοὺς
802 917 850 951 μὲν
864 917 1015 951 ἀξιώμασι,

226 959 291 990 τοὶς
307 959 335 984 δὲ
349 959 517 994 φιλοτησίαις
532 961 653 992 ἀπάσαις
680 961 727 988 καὶ⁴
749 962 844 996 δώροις
870 964 1017 994 παντοίοις.

227 1002 282 1030 ἾΙν
294 1006 348 1040 γὰρ
363 1006 410 1032 καὶ
427 1007 629 1042 περιφρονητὴς
647 1007 758 1042 χρυσίου
780 1008 814 1034 τὰ
831 1008 960 1043 μάλιστα,
981 1009 1018 1040 ὡς

229 1049 297 1084 μηδὲ
320 1050 468 1085 κεκτῆσθαι
495 1051 649 1086 βαλάντιον,
671 1052 740 1079 ἀλλὰ.
761 1053 792 1079 τὸ
813 1053 1019 1089 προσαγόμενον

228 1095 345 1122 ἔκποθεν
359 1096 406 1122 ἐπὶ
422 1097 471 1131 τῆς
488 1098 611 1130 στιὸάδος
626 1099 729 1125 ἐκείνου
748 1099 870 1126 κελεύειν
885 1099 1018 1132 τίθεσθαι,

228 1142 266 1173 ὠς
286 1142 394 1176 ἕτοιμον
408 1141 476 1170 εἶναι
492 1144 553 1175 ταῖς
573 1145 680 1180 χρείαις
701 1145 751 1179 τῆς
768 1146 891 1178 εὐποιίας
905 1146 972 1173 ὅπου
987 1146 1020 1173 ἂν

229 1189 334 1221 ἐκεῖνος
360 1189 509 1218 κελεύσειε.
536 1191 656 1227 Τοιούτῳ
677 1192 700 1218 δ’
723 1192 780 1219 ὅντι
801 1193 898 1228 ἐκείνῳ
916 1192 947 1219 τὸ
970 1193 1020 1227 τῆς

229 1287 311 1315 supra
321 1284 486 1309 memoratus
494 1281 643 1310 Orestiadis
651 1282 807 1317 episcopus,
818 1282 946 1317 praelatus
957 1283 1021 1311 aliis

230 1327 557 1355 etiamcommendatione
565 1329 624 1356 vitae
633 1329 768 1363 quondam
780 1330 903 1357 ascetice
916 1337 1022 1358 summa

231 1373 311 1400 laude
327 1373 371 1400 diu
388 1376 544 1400 exercitatae
560 1372 587 1400 in
604 1374 772 1401 monasterio
786 1375 859 1410 Nigri
877 1375 974 1403 Montis
988 1375 1022 1402 ad

231 1419 370 1447 Orientem
392 1420 446 1450 siti.
468 1428 482 1446 a
506 1420 618 1454 reliquis
632 1420 760 1447 Orabatur
782 1426 810 1448 ut
834 1422 1022 1456 przei‘ecturam

232 1466 443 1493 ecclesiasticam
468 1466 777 1500 Constantinopolitanae
798 1467 872 1494 urbis
898 1475 1024 1500 capesse-

1062 231 1209 266 φορότητος
1227 230 1396 265 περιίστατο,
1418 229 1449 255 τ)-
1463 229 1492 255 δὲ
1507 229 1555 263 τῆς
1572 229 1611 260 εἰς
1635 227 1746 263 βασιλέα
1761 227 1854 258 αίεοῦς

1061 286 1092 302 τε
1117 276 1165 303 καὶ
1192 276 1384 310 κυϐερνήσεως
1407 275 1447 306 εἰς
1473 274 1601 309 ἔγκλημα
1632 273 1778 304 κολακείας
1807 273 1854 299 καὶ

1062 321 1176 356 ψεύδους
1193 321 1261 357 πρὸς
1275 321 1337 352 τοὺς
1353 320 1467 351 πολλοὺς
1483 321 1620 354 ἄντικρυς.
1639 319 1684 354 Τῷ
1702 319 1756 353 γὰρ
1773 318 1854 351 ἁπλῷ

1062 366 1108 392 τοῦ
1127 366 1229 402 τρόπου
1257 366 1302 392 καὶ
1319 365 1464 400 ἁνυπούλῳ
1482 365 1530 392 καὶ
1557 363 1705 399 ἐλευθερίῳ
1730 363 1799 398 πρὶς
1825 362 1856 388 τὸ

1062 413 1119 444 τοῖς
1135 411 1253 447 παροῦσι
1278 410 1434 446 χρήσασθαι
1459 410 1506 445 μὲν
1524 411 1570 437 καὶ
1586 409 1676 440 αὑτὸν,
1700 410 1809 443 ἐφεῖναι
1827 408 1856 434 δὲ

1063 459 1110 484 καὶ
1129 459 1186 488 τοῖς
1204 457 1279 489 ἰδίοις
1299 456 1426 492 χρῆσθαι,
1442 456 1492 490 τὴν
1503 455 1550 482 τοῦ
1564 455 1753 489 καταχρῆσθαι
1767 462 1856 489 προσ-

1064 505 1170 539 ειλήφει
1186 503 1276 536 δόξαν.
1292 503 1336 539 [Ρ.
1359 502 1422 538 190]
1445 501 1491 536 Τῷ
1510 501 1538 528 δὲ
1563 501 1699 536 κυῦερνᾷν
1717 500 1762 526 τὸν
1789 508 1858 533 κρα‹

1064 551 1172 583 τοῦντα,
1190 552 1237 578 καὶ
1262 550 1364 585 μᾶλλον
1381 549 1423 583 ἐφ*
1449 547 1594 580 ἱκετείαις,
1612 546 1656 572 ὅτε
1681 547 1785 576 ἐκεῖνος
1807 545 1858 579 μὲν

1065 597 1283 632 προσαναφέρων
1294 595 1382 630 ἠξίου,
1398 596 1412 621 6
1431 594 1458 620 δὲ
1476 593 1584 629 κρατῶν
1599 593 1629 619 οὐ
1653 592 1751 628 ῥᾳδίως
1774 592 1858 618 κατέ-

1065 652 1138 674 νευε,
1154 642 1301 669 κάντεῦθεν
1327 641 1397 668 κατὰ
1421 641 1450 667 τὸ
1466 639 1560 666 δηκοῦν
1583 639 1720 674 ᾡκονὶμει
1740 636 1780 672 τῷ
1797 636 1857 663 δεο-

1068 690 1140 723 μένῳ
1155 688 1198 715 τὸν
1214 687 1358 721 ἐλπισμὺν,
1377 687 1413 718 ὡς
1440 686 1477 721 μὴ
1492 686 1624 719 ἁπογνοίη
1648 682 1855 716 ἀποπεμφθεὶς,

1067 735 1183 766 ἐλπίζων
1202 734 1266 765 ἴσως
1280 733 1371 760 ἀνύειν
1385 732 1539 766 ἐσύστερον,
1558 731 1608 757 κᾶν
1622 730 1650 756 λέ
1658 739 1709 764 γιον
1727 728 1859 759 πολλάκις

1067 782 1116 808 οὐκ
1132 781 1209 817 ἤνυε,
1232 780 1280 815 τὴν
1301 779 1348 806 τοῦ
1365 778 1478 813 ψεύδους
1503 777 1621 812 ὑποψίαν
1644 774 1857 811 προσκτώμενος

1069 828 1253 863 κατεκρίνετο.
1269 825 1310 852 Τὰ.
1325 826 1353 852 δὲ
1370 825 1531 859 ἐγκλήματα
1547 824 1633 849 ταῦτα
1655 821 1785 853 καθάπαξ
1800 821 1859 851 τοῖς

1069 874 1122 900 τῶν
1140 872 1243 900 πολλῶν
1258 872 1359 906 ψυχαῖς
1382 871 1543 906 ὲνιζήσαντα
1565 869 1666 903 ἐξῆπτε
1680 868 1710 893 τὸ
1734 867 1789 893 ἀπὸ
1805 866 1860 892 τῶν

1071 919 1174 947 πολλῶν
1199 920 1288 952 μῖσος,
1314 918 1355 944 ὅτι
1376 925 1405 944 τε
1421 916 1561 950 ἁντίζηλος
1577 915 1620 949 εἴη
1636 913 1675 948 τῷ
1699 912 1860 947 πατριάρχῃ

1069 967 1118 1002 τὴν
1131 965 1237 993 ἐκείνου
1251 962 1397 998 κατασχὼν
1421 961 1596 996 Ἐκκλησίαν,
1611 961 1658 986 καὶ
1673 961 1712 986 ὅτι
1727 959 1780 985 ἀπὸ
1795 958 1861 993 Θρό-

1070 1021 1115 1040 νου
1131 1013 1180 1046 τῆς
1195 1010 1330 1044 θυγατρὸς
1348 1009 1386 1044 τῷ
1411 1008 1497 1043 θρόνῳ
1521 1008 1569 1042 τῆς
1587 1006 1690 1041 μητρὸς
1708 1005 1791 1039 (οὓτω
1807 1004 1861 1038 γὰρ

1070 1059 1118 1088 τὰς
1132 1057 1280 1091 ἐκκλησίας
1299 1055 1423 1088 ἐκάλουν)
1452 1053 1548 1088 ἀνέδην
1574 1052 1647 1078 οὕτω
1672 1051 1719 1077 καὶ
1738 1050 1861 1079 αὖοαόιὶις

1072 1104 1275 1138 εἱσπηδήσειεν,
1291 1102 1351 1129 ὅθεν
1370 1102 1415 1127 καὶ
1430 1100 1506 1127 δυσὶν
1524 1099 1697 1134 ὲνιπχομένου
1716 1097 1860 1130 ἐγκλήμα-

1072 1158 1115 1176 σιν
1140 1150 1190 1176 οὖκ
1214 1147 1248 1183 ἦν
1274 1149 1347 1179 ὅστις
1365 1146 1466 1180 ἀγαθὸν
1482 1145 1571 1171 ἐλάλει
1592 1144 1657 1179 περὶ
1673 1143 1790 1173 ἐκείνου,
1808 1142 1861 1167 τῶν
1890 1165 1892 1167 ,

1073 1195 1123 1232 μὲν
1136 1197 1343 1230 προσκειμένων
1359 1192 1396 1227 τῷ
1412 1191 1580 1226 πατριάρχη,
1592 1189 1645 1216 τῶν
1661 1189 1688 1214 δὲ
1702 1189 1748 1214 καὶ
1761 1187 1862 1221 ἑπομέ-

1074 1284 1227 1320 spicionum
1240 1282 1366 1310 libertate
1377 1280 1509 1317 quoslibet
1519 1285 1672 1314 promiscue
1681 1278 1777 1304 obvios
1785 1275 1862 1302 atlari

1073 1331 1252 1366 excipereque
1267 1332 1438 1359 consuesset,
1457 1333 1573 1360 cumque
1589 1324 1646 1352 suis
1660 1322 1819 1350 domesticis
1835 1321 1865 1348 li-

1074 1378 1210 1405 beriorem
1227 1375 1379 1404 istiusmodi
1395 1374 1496 1409 pariter
1512 1379 1573 1400 cum
1588 1371 1730 1406 quibusvis
1747 1376 1865 1396 conver-

1074 1425 1206 1452 sationem
1219 1423 1398 1458 permitteret,
1414 1429 1477 1447 usus
1492 1420 1536 1447 ille
1547 1423 1727 1452 utrorumque
1738 1416 1865 1443 securior

1074 1469 1146 1505 apud
1166 1468 1348 1504 suspiciosum
1369 1467 1464 1501 vulgus
1490 1466 1516 1493 in
1537 1465 1671 1492 abusuum
1692 1462 1863 1490 occulzorum

234 1515 294 1544 ηις
312 1518 373 1538 tum
388 1511 487 1546 quibus
501 1516 528 1538 et
547 1511 695 1546 imperator
713 1511 874 1539 electionem
896 1520 1023 1547 compro—
1037 1515 1058 1544 C
1077 1516 1233 1552 opinionem
1253 1513 1376 1541 incurrit.
1394 1512 1529 1539 Tractatio
1546 1517 1636 1537 autem
1658 1508 1823 1542 obscquiosa
1838 1510 1865 1533 et

234 1556 314 1588 bans,
337 1563 501 1591 magnopere
519 1556 695 1583 incumbebat
717 1556 750 1583 ad
772 1556 841 1584 idem
863 1557 897 1584 ab
918 1564 951 1584 co
975 1557 1025 1584 im-

236 1601 408 1635 petrandum.
426 1601 548 1635 quotidie
565 1601 659 1629 adiens
677 1606 704 1628 et
720 1602 795 1630 ornui
816 1604 1023 1636 pet-suasionum

236 1653 264 1675 et
287 1649 506 1676 obsecrationum
529 1650 632 1684 impetu
655 1650 804 1685 adurgens,
825 1658 858 1676 ne
885 1655 1026 1678 respueret

234 1696 416 1723 vocationem.

237 1778 271 1805 15
304 1777 336 1804 Ut
354 1785 455 1805 everlus
479 1778 626 1805 Germanus
650 1788 675 1806 in
705 1779 910 1809 patrima/talem
939 1780 1025 1806 sedem

424 1815 524 1848 luerit;
548 1820 572 1840 et
587 1814 672 1848 prium
688 1814 745 1848 ejus
759 1820 830 1841 acia.

274 1883 321 1911 llis
337 1884 381 1911 ille
392 1884 519 1919 precibus
532 1885 633 1910 moveri
650 1891 679 1911 se
691 1884 798 1911 tandem
809 1891 917 1919 passus,
933 1891 1028 1912 mense

237 1930 319 1958 Junio
334 1930 359 1957 in
377 1930 447 1957 festo
463 1930 549 1956 sancti
567 1930 686 1964 Spiritus
700 1931 883 1957 concordibus
893 1930 1027 1966 suﬂ'ragiis

238 1977 349 2004 decreto
364 1976 502 2002 communi
520 1975 623 2010 perlato
638 1975 792 2010 patriarcha
808 1976 961 2003 declaratus
975 1981 1027 2008 est.

239 2028 266 2049 et
286 2030 364 2050 sacro
380 2030 441 2048 cum
465 2021 517 2047 illis
536 2021 682 2052 celebrato.
703 2029 788 2048 sacrae
807 2022 951 2056 impositus
970 2022 1028 2050 sedi

240 2069 385 2102 prasidcre
404 2068 509 2096 eunetis
524 2069 614 2102 coepit.
634 2067 720 2095 Simul
735 2073 826 2095 autem
842 2068 973 2095 thronum
986 2073 1029 2095 at-

240 2116 309 2150 ligil.
340 2123 408 2150 opus
436 2115 509 2142 omni
537 2115 644 2142 actione
668 2114 794 2149 superius
820 2119 894 2141 ratus
923 2114 1029 2143 allicere

240 2161 346 2188 merits
361 2162 495 2188 honorutn
514 2160 629 2195 prtemiis
645 2160 745 2187 virtute
760 2165 806 2186 aut
819 2160 942 2187 doctrina
960 2168 1028 2194 pne-

239 2208 369 2235 cellcntcs
385 2207 417 2234 ali
432 2214 454 2238 s,
473 2207 518 2241 qui
537 2206 615 2240 281
635 2206 701 2233 tales
715 2212 805 2233 essent
826 2206 923 2240 partim
938 2206 1027 2241 digni-

242 2255 343 2282 tatibus
370 2254 468 2288 partim
500 2253 637 2279 donativis
665 2257 691 2279 et
721 2252 909 2287 largitionibus
940 2252 1029 2279 omnis

240 2300 349 2336 generis
364 2299 553 2327 liberalistiute
569 2306 667 2325 ornare
682 2306 714 2325 ac
728 2298 867 2325 cumulare
882 2305 962 2325 orsus
977 2302 1029 2324 est.

241 2348 306 2375 Erat
321 2347 394 2373 enim
410 2346 469 2373 auri
483 2349 658 2380 contemptor
672 2349 701 2371 ut
715 2345 760 2379 qui
778 2344 903 2373 maxime.
921 2351 955 2370 ne
969 2351 1032 2370 cru-

242 2401 349 2422 menam
369 2393 478 2428 quidem
493 2391 593 2418 habere
609 2391 733 2426 dignatus
751 2399 759 2418 :
774 2390 821 2417 sed
834 2389 964 2425 quidquid
981 2397 1031 2416 un-

241 2441 384 2474 decunque
405 2439 564 2469 oll'erretnr.
588 2446 669 2473 supra
696 2437 796 2465 lectum
821 2445 835 2463 a
859 2437 1032 2472 portantibus

242 2487 343 2522 deponi
356 2487 466 2521 iubens,
483 2493 536 2520 quo
555 2485 591 2512 ibi
604 2485 757 2519 expositum
772 2484 797 2511 in
816 2487 944 2519 promptu
959 2487 1033 2511 esset

242 2535 276 2562 ad
290 2542 353 2561 usus
366 2532 561 2564 beneﬁcentiae,
583 2531 748 2566 erogandum
761 2531 820 2565 ejus
830 2531 957 2557 mandato
966 2538 1035 2565 quo-

241 2588 351 2615 cunque
377 2579 496 2606 rationes
521 2578 660 2612 egentium
682 2581 835 2611 poscerent.
859 2576 917 2603 Tali
942 2581 1034 2603 autem

244 2628 309 2655 huic
322 2627 380 2654 viro
398 2625 566 2653 abundantia
582 2623 763 2658 simplicitatis
777 2622 914 2650 solutioris
932 2623 959 2650 in
980 2622 1033 2649 vita

243 2673 336 2701 licenti
349 2682 361 2699 υ
378 2672 579 2709 accusationem
596 2669 762 2704 comparavit
775 2677 783 2697 ς
797 2669 883 2704 pudor
897 2676 962 2696 vero
972 2676 1034 2703 erga

245 2721 449 2755 imperatorem,
465 2722 492 2745 et
508 2719 534 2745 in
551 2717 654 2753 agendo
669 2724 730 2744 cutn
744 2724 776 2743 eo
790 2723 854 2743 cura
866 2715 982 2742 vitanda:
995 2715 1036 2741 of-

244 2766 379 2793 fensionis
392 2765 523 2797 adhibita,
534 2764 620 2791 labem
637 2763 688 2798 ipsi
704 2762 775 2796 apud
788 2761 886 2789 multos
902 2760 1036 2787 adulatio-

245 2812 289 2839 nis
308 2816 336 2838 et
357 2811 490 2838 mendacii
511 2810 636 2845 aspersit.
656 2809 725 2836 Cum
740 2807 813 2836 enim
830 2807 852 2834 is
867 2807 980 2834 sincerm
1001 2807 1035 2834 ab

220 2877 222 2879 ι
247 2857 322 2886 omni
334 2858 396 2886 fuco
411 2856 495 2885 indoli
510 2857 672 2892 obsequens,
688 2854 803 2883 candida
827 2861 858 2882 ac
878 2860 972 2881 secura
987 2860 1034 2880 su-

1076 1561 1228 1589 verecunda
1242 1568 1303 1586 cum
1318 1558 1449 1593 principe,
1463 1565 1493 1584 ex
1510 1565 1562 1590 qlia
1577 1556 1620 1583 ille
1636 1555 1762 1582 liduciani
1774 1561 1866 1580 sumc-

1076 1612 1122 1637 bat
1147 1605 1332 1642 suspendi-udi
1351 1605 1477 1631 allectum
1495 1602 1724 1637 supplicationum
1750 1600 1867 1634 patriar-

1075 1658 1145 1688 chze,
1169 1655 1195 1682 id
1220 1661 1302 1689 agens
1327 1653 1378 1680 isto
1402 1646 1682 1678 auibitiosoiartiiicic
1707 1647 1867 1675 dill'crenda:

1076 1701 1179 1738 grati-.e,
1202 1700 1280 1735 cujus
1299 1706 1374 1733 spem
1397 1705 1450 1724 non
1468 1696 1620 1725 auferebat.
1647 1699 1677 1721 ut
1697 1701 1761 1721 eum
1785 1701 1866 1728 quant

1077 1747 1229 1776 diutissime
1247 1746 1298 1774 sibi
1317 1745 1466 1780 supplicem
1483 1749 1510 1771 et
1525 1743 1565 1770 sic
1581 1742 1730 1770 obnoxium
1749 1745 1866 1771 teneret,

1078 1794 1104 1820 in
1120 1801 1201 1821 causa
1214 1797 1272 1820 erat
1291 1796 1320 1819 ut
1335 1799 1395 1819 cum
1410 1798 1470 1825 qua:
1484 1789 1637 1824 patriarcha
1656 1789 1869 1822 impetraturum

1078 1849 1107 1869 se
1124 1844 1275 1874 receperat,
1291 1838 1324 1865 ad
1341 1837 1411 1864 dictu
1428 1844 1480 1863 non
1500 1835 1687 1870 prcrenirent,
1704 1833 1749 1867 qui
1769 1832 1870 1859 frustra

1078 1889 1278 1921 exspectaram,
1295 1884 1374 1911 verba
1391 1883 1443 1910 sibi
1458 1883 1492 1909 ab
1505 1890 1538 1909 eo
1555 1882 1618 1908 data
1630 1884 1834 1915 quererentur;
1848 1879 1869 1905 si

1078 1940 1144 1959 vero
1164 1936 1275 1958 nossent
1291 1930 1393 1956 aditqu
1413 1929 1446 1955 ab
1465 1935 1497 1955 eo
1519 1935 1611 1954 revera
1633 1926 1785 1961 principem
1798 1945 1806 1956 ,
1821 1924 1870 1951 fri-

1079 1979 1139 2013 gidc
1152 1978 1175 2005 id
1190 1985 1221 2004 ac
1233 1976 1327 2004 timide
1341 1975 1455 2002 nimiutn
1467 1975 1501 2000 ab
1511 1981 1555 2004 eo,
1567 1973 1692 1999 videbcet
1701 1976 1868 2000 assentante.

1080 2031 1170 2053 actum
1188 2023 1248 2055 rati,
1266 2022 1455 2049 auctoritatem
1471 2026 1497 2047 et
1515 2020 1598 2046 robur
1614 2019 1737 2051 dignitati
1755 2018 1870 2052 patriar-

1080 2073 1138 2099 chae
1151 2074 1366 2098 consentaneutn
1384 2068 1410 2094 in
1423 2075 1456 2094 co
1468 2067 1667 2096 desiderarcttt,
1681 2073 1712 2091 ac
1725 2069 1870 2099 propterea

1082 2117 1128 2146 tali
1143 2117 1203 2144 loco
1220 2115 1310 2142 minus
1327 2114 1455 2141 idoneum
1471 2113 1613 2140 ducerent.
1635 2111 1698 2138 llaec
1711 2110 1823 2137 sinistra
1839 2110 1871 2136 de

1081 2164 1218 2192 Germano
1245 2161 1347 2197 judicia
1371 2160 1519 2187 multorum
1547 2157 1632 2185 semel
1661 2157 1761 2184 animis
1789 2155 1872 2183 inlixa

1082 2209 1214 2244 subjectis
1228 2208 1337 2235 invidiae
1353 2206 1458 2233 facibus
1474 2204 1688 2232 exardescebant
1703 2203 1729 2230 in
1744 2203 1874 2230 ollensio-

1082 2262 1144 2282 nem
1163 2253 1244 2288 282
1264 2252 1411 2287 publicam,
1431 2249 1524 2277 multis
1541 2249 1594 2283 iam
1613 2249 1686 2275 illum
1703 2248 1874 2274 intuentibus

1082 2306 1112 2327 ut
1133 2299 1268 2326 introsum
1284 2305 1333 2332 pro
1351 2303 1416 2324 vero
1438 2295 1590 2330 patriarcha
1602 2314 1609 2324 ,
1632 2298 1753 2328 ereptam
1772 2293 1876 2327 injuste

1083 2344 1194 2372 innoxio
1217 2343 1365 2371 Ecclesiam
1389 2347 1539 2372 tenentem,
1558 2345 1585 2367 et
1607 2348 1622 2367 e
1644 2339 1743 2367 throno
1759 2339 1820 2366 lilia:
1848 2338 1874 2365 in

1085 2392 1213 2418 thronttm
1241 2391 1333 2416 matris
1349 2389 1404 2421 (sic
1420 2389 1492 2415 enim
1508 2386 1638 2414 ecclesias
1653 2385 1805 2419 vocabant)
1823 2385 1877 2411 im-

1085 2437 1220 2472 pudenter
1231 2444 1262 2463 ac
1282 2440 1383 2462 temere
1402 2434 1506 2461 ins'lire
1525 2440 1632 2460 ausum.
1648 2431 1753 2464 Quibus
1772 2430 1876 2458 sensim

1084 2483 1261 2518 gliscentibus
1273 2482 1410 2513 sensibus,
1422 2480 1512 2507 evenit
1525 2479 1634 2505 tandem
1645 2478 1714 2504 adeo
1728 2477 1803 2503 illum
1817 2484 1878 2503 nia-

1084 2529 1209 2556 culosum
1228 2534 1360 2562 apparere
1380 2525 1496 2560 duplicis
1515 2524 1592 2551 istius
1611 2524 1672 2550 la|2e
1686 2521 1828 2553 criminis,
1848 2526 1878 2548 ut

1087 2583 1140 2602 non
1155 2577 1227 2601 esset
1242 2573 1286 2607 qui
1301 2573 1335 2600 de
1350 2580 1383 2599 eo
1396 2572 1459 2598 boni
1475 2571 1622 2605 quidquam
1637 2570 1691 2604 jam
1707 2569 1780 2603 loqui
1793 2568 1878 2594 susti-

1086 2624 1175 2650 neret.
1192 2617 1414 2652 conspirantihus
1430 2617 1457 2642 itt
1476 2623 1559 2642 ttuutn
1575 2615 1644 2641 odiis
1661 2615 1802 2640 ambarum
1822 2613 1879 2639 fac-

1087 2666 1203 2697 tionum,
1228 2670 1280 2691 tant
1304 2664 1363 2699 ejus
1390 2662 1594 2696 videlicetth
1617 2659 1731 2687 Arsvnio
1757 2659 1878 2689 favebat,

1086 2719 1167 2746 quam
1183 2709 1295 2737 alterius
1312 2717 1372 2743 quae
1394 2716 1457 2735 suas
1472 2709 1590 2743 privatas
1614 2711 1707 2733 secuta
1724 2705 1846 2731 rationes
1863 2712 1879 2730 a

1087 2759 1222 2786 Germano
1242 2755 1418 2783 abhorrebat.
1436 2754 1492 2782 Nec
1506 2754 1619 2780 deerant
1639 2752 1800 2779 maleferiati
1823 2751 1881 2778 bla-

1088 2809 1197 2831 terones
1219 2802 1246 2830 iu
1261 2800 1478 2828 maledicentiam
1496 2799 1605 2830 faciles,
1624 2798 1670 2832 qui
1691 2805 1739 2832 per
1756 2804 1880 2824 sconnna

1088 2858 1151 2879 cum
1169 2850 1345 2877 Martuutzam
1359 2848 1541 2881 nominarent,
1559 2845 1721 2873 vocabulum
1742 2845 1794 2881 ipsi
1812 2843 1880 2872 i’cr-
