1936 3069
192 127 250 159 ’147

201 183 283 221 μετδν
297 183 412 214 τούτων,
437 181 506 209 ἀλλὰ
533 181 704 217 πραγμάτων
728 179 775 207 καὶ
793 180 916 216 θορύϐων
932 179 986 206 τῶν
1001 180 1026 209 Α

197 230 256 257 κατ’
269 229 361 263 αὐτὸν,
370 228 474 255 πολλῶν
487 228 571 254 ὅντων
581 227 627 254 καὶ
638 226 724 253 ταῦτα
734 226 780 253 καὶ
796 225 962 260 ἀναγκαίων.
970 234 979 251 ι

197 274 281 303 Ταῦτ“
307 272 465 308 ἀντιμαθὼν
482 272 604 303 ἀκούσας
620 273 634 298 ὁ
659 271 835 306 πατριάρχης
851 270 921 304 ιγνω
935 270 984 304 τὴν

199 320 311 356 σκῆψιν,
328 319 375 346 καὶ
392 318 545 352 ἀντιλέγειν
566 318 634 349 ὂλως
658 317 708 344 οὐκ
737 317 805 352 ἔχων
828 316 907 352 (μηδὲ
931 316 986 350 γὰρ

196 367 294 403 ἐριστὰ
308 366 343 393 τὰ
367 365 435 400 πρὸς
459 364 574 399 βασιλέα
600 361 671 389 εἶναι
688 362 797 398 ἐκείνῳ)
827 360 985 394 ἐξίστασθαι

195 413 243 440 τοῦ
264 411 462 447 πατριαρχείου
479 409 712 445 παρεσκευάζετο.

195 491 248 519 κα’.
281 492 378 523 Ὅπως
402 490 513 525 ἐξῆλθε
539 489 594 516 τοῦ
628 486 838 522 πατριαρχείου
868 488 885 514 ὁ
916 487 1001 520 Γερο,

537 525 642 559 μηνός.

231 595 275 631 [Ρ.
298 593 362 630 20%]
379 593 441 628 Μὴν
471 592 522 628 μὲν
552 591 711 626 ἐφειστήκει
741 591 802 617 τότε
829 589 986 624 Γαμηλιὼν,

196 642 280 677 ἠγετο
291 640 320 667 δὲ
332 641 349 674 ἡ
368 639 416 666 τοῦ
433 639 524 673 τιμίου
541 637 658 673 σταυροῦ
677 636 769 673 ἑορτὴ,
778 636 811 671 ἥν
828 635 875 662 καὶ
893 635 987 669 '1‘th-

196 695 239 714 σιν
251 686 433 721 ὀνομάζομεν,
452 685 496 711 Ἐν
513 683 599 719 ταύτῃ
615 683 681 717 γοῦν
693 684 727 710 τὰ
743 682 846 708 ὓστατα
864 679 988 707 στολισά-

198 741 290 769 μενος,
308 731 355 758 καὶ
382 730 493 762 τελέσας
511 729 570 765 ἅμα
588 729 638 765 μὲν
651 729 701 764 τὴν
719 727 824 763 ὕψωσιν
839 726 886 754 τοῦ
904 735 987 753 σταυ-

197 778 256 814 ροῦ,
270 778 328 813 ἃμα
338 777 365 805 δὲ
379 777 425 803 καὶ
438 776 487 812 τὴν
497 776 571 802 θείαν
582 774 749 809 ἱερουργίαν,
762 774 810 807 τῆς
825 773 909 807 αὐτῆς
920 772 988 807 ὴμέ-

197 834 247 861 ρας
275 824 354 858 ὀψίας
379 823 468 854 δείλης
497 821 647 856 ἀποχωρεῖ,
666 821 713 846 καὶ
730 820 798 854 πρδς
824 819 858 846 τὰ
887 819 916 844 ὲν
931 819 987 849 τοῖς

194 870 353 905 Μαγγάνοις
365 867 448 896 αὑτοῦ
462 868 557 894 κελλία
582 867 616 893 τὰ
641 867 710 901 πρὸς
727 865 866 892 θάλασσαν
882 863 983 898 ᾠκοδο-

182 915 308 952 Δμημένσι
323 913 409 940 nam
423 913 533 947 ἡσύχως
549 911 653 946 διάγειν
668 911 727 937 ἐκεῖ
741 909 788 936 τοῦ
805 909 863 944 βίου
881 908 984 944 ᾑρεῖτο.

202 961 272 988 Ἀλλ’
284 961 342 994 ἅμα
361 959 398 994 ἓῳ
411 957 557 993 φωσκούσῃ
573 957 619 983 καὶ
638 958 651 983 ὁ
664 955 791 991 βασιλεὺς
807 954 927 985 ἀκούσας
941 953 986 979 εὺ-

197 1006 395 1040 θὺςὲφίσταται
409 1005 468 1040 ἅμα
485 1004 534 1040 μὲν
546 1003 701 1037 συγκλήτῳ,
715 1002 772 1037 ἅμα
787 1001 810 1027 δ’
825 998 986 1035 ἀρχιερεῦσι

196 1053 245 1080 καὶ
259 1051 341 1078 παντὶ
361 1050 400 1084 τῷ
418 1050 468 1084 τῆς
494 1048 642 1083 ἐκκλησίας
667 1046 842 1082 πληρῴματι,
870 1044 917 1071 καὶ
940 1043 986 1069 τὸν

196 1098 366 1133 λυπούμενον
389 1096 591 1132 προσποιεῖται,
624 1095 671 1121 καὶ
701 1093 783 1126 ἀξιοῖ,
810 1093 856 1119 καὶ
880 1090 987 1117 ἀπειλεῖ

196 1189 263 1218 satis
275 1189 422 1216 habentem
438 1185 502 1212 alibi
521 1184 592 1219 quod
617 1187 707 1214 curet,
724 1181 905 1216 plurimisque
931 1184 985 1207 tam

198 1234 377 1263 tumultuosis
395 1240 475 1267 quam
494 1229 659 1258 necessariis
677 1228 791 1262 publica:
809 1227 986 1253 administra-

198 1282 280 1311 tionis
294 1281 389 1309 ofﬁciis
406 1279 572 1307 districtum.
587 1276 636 1303 His
651 1275 815 1302 renuntiatis
830 1272 985 1308 patriarcha

204 1328 314 1364 agnovit
335 1326 443 1354 laudent
455 1324 520 1359 quid
544 1323 684 1358 princeps,
711 1319 911 1355 quantumlibet
935 1318 987 1346 dis-

199 1374 342 1403 simulans.
377 1374 498 1405 cuperet.
522 1369 561 1396 Ac
587 1372 676 1395 certus
695 1374 750 1393 non
779 1365 907 1392 reluctari
926 1366 985 1399 (va-

198 1429 261 1448 nam
281 1419 354 1447 enim
370 1423 397 1445 et
412 1418 523 1444 stultam
554 1419 650 1443 contra
684 1414 850 1441 intellectam
867 1413 986 1447 impera-

198 1466 266 1493 toris
281 1465 447 1492 voluntatem
462 1461 668 1489 contentionem
685 1459 754 1495 fore)
770 1459 803 1486 ad
833 1459 984 1486 cedendum

199 1510 382 1546 patriarchatu
396 1516 424 1535 se
440 1507 568 1535 accinxit.

288 1589 332 1614 <21.
353 1586 384 1614 Ut
406 1587 552 1614 Germanus
568 1586 752 1620 pam‘archalu
765 1586 880 1612 cesserit.

235 1646 335 1672 Mensis
351 1646 449 1672 inierat
459 1643 629 1678 September,
645 1648 672 1670 et
683 1643 812 1678 agebatur
827 1641 988 1669 venerandae

199 1693 288 1719 crucis
298 1691 404 1722 fesrum,
418 1689 490 1725 quod
504 1688 699 1716 Exaltationem
717 1688 898 1722 appellamus.
917 1686 946 1713 In
958 1694 989 1713 ea

199 1739 283 1766 sacris
303 1737 428 1764 ultimum
456 1735 578 1762 vestibus
600 1734 721 1765 indutus,
743 1733 837 1767 sicque
856 1733 990 1760 celebrata

199 1784 288 1811 crucis
307 1782 481 1813 exaltationc,
501 1787 631 1814 sacraque
653 1779 707 1806 diei
727 1779 787 1813 ejus
808 1778 916 1813 liturgia
940 1778 991 1804 rite

200 1828 321 1859 functus,
334 1834 447 1860 vespere
456 1825 506 1852 sub
520 1826 710 1859 crepusculum
718 1824 830 1855 recedit,
838 1829 865 1850 et
877 1825 904 1850 in
917 1831 989 1854 suas,

201 1879 269 1907 quas
283 1871 333 1898 sibi
348 1871 380 1897 ad
400 1877 473 1897 mare
492 1871 518 1895 in
533 1869 679 1904 ;Manganis
698 1873 866 1900 extruxerat,
883 1867 992 1894 cellulas

203 1925 262 1944 sese
275 1916 409 1950 recipiens
421 1914 511 1949 quiete
524 1914 578 1941 illic
591 1914 721 1948 deinceps
732 1913 824 1940 vivere
839 1913 999 1950 constituit:

201 1964 234 1989 At
249 1961 367 1989 diluculo
382 1965 496 1995 postera:
512 1959 565 1986 diei
581 1959 672 1986 audita
690 1966 718 1985 re
734 1959 881 1993 imperator
901 1958 992 1985 statim

200 2009 296 2037 adfuit.
318 2015 371 2034 una
397 2015 458 2034 cum
478 2010 574 2033 senatu
599 2011 626 2032 et
649 2005 785 2040 episcopis
812 2005 993 2038 universeque

200 2054 265 2081 cieri
284 2060 406 2088 corpore,
426 2060 458 2078 ac
469 2052 563 2079 dolere
587 2058 615 2078 se
633 2051 764 2078 simulans
781 2053 841 2077 orat
856 2054 884 2076 ut
902 2057 994 2076 rever-

202 2105 284 2131 tatur,
307 2103 334 2126 ct
358 2103 516 2125 coacturum
544 2105 573 2125 se
593 2096 725 2129 minatur,
738 2096 790 2123 nisi
803 2095 928 2130 precibus
945 2102 994 2121 an--

202 2151 283 2177 nuat;
299 2145 416 2178 denique
437 2143 506 2170 nihil
521 2143 555 2171 ad
569 2150 677 2170 onmem
696 2142 753 2168 veri
769 2141 852 2168 studii
870 2141 995 2168 volunta-

802 122 964 153 GEORGII
985 123 1226 153 PACHYMER/E

1040 178 1269 214 προσϐιάζεσθαι,
1289 179 1312 204 εἰ
1327 178 1364 213 μή
1381 187 1411 212 γε
1432 178 1537 210 ἀκούοι,
1555 179 1602 206 καὶ
1617 178 1693 206 οὐδὲν
1710 177 1829 207 ἐλλείπει

1038 224 1192 259 προθυμίας
1206 233 1236 250 τε
1249 224 1295 251 καὶ
1311 224 1447 260 θελήσεως
1462 224 1510 251 τοῦ
1527 225 1564 259 μὴ
1581 225 1694 258 ἀνάγειν
1709 225 1757 252 καὶ
1769 225 1824 255 πά-

1037 269 1080 295 λιν
1097 269 1187 296 αὺτόν.
1203 268 1274 304 Πρὸς
1298 269 1394 305 Κρῆτα
1408 269 1431 295 δ’
1456 269 1585 305 ὲκρήτιζε
1601 271 1721 302 πάντως.
1741 270 1826 298 Ταῦτ’

1037 317 1091 352 ἄρα
1113 317 1240 348 κάκεῖνος
1265 317 1311 344 τὸν
1328 318 1377 351 μὲν
1391 317 1542 351 ἀγνοοῦντα
1558 320 1761 352 προσεποιεῖτο,
1776 318 1827 345 καὶ

1038 362 1118 397 χάριν
1131 362 1180 396 τῆς
1196 362 1341 396 εὐμενείας
1354 362 1445 397 λέγειν
1462 363 1510 390 καὶ
1524 364 1562 394 εἰς
1579 364 1610 390 τδ
1624 364 1688 398 ἑξῆς
1705 365 1824 399 εἰδήσειν

1037 408 1086 434 οὐκ
1102 407 1194 440 ὤκνει,
1217 408 1298 435 αὐτὸν
1313 409 1334 434 δ’
1357 406 1425 435 εἶναι
1439 410 1512 444 γήρᾳ
1529 411 1764 444 κατειργασμένον
1777 411 1827 437 καὶ

1037 453 1175 489 ἀσθενείᾳ,
1204 454 1252 480 καὶ
1267 454 1334 489 πρὸς
1356 454 1386 480 τὺ
1409 455 1511 481 διδόναι
1533 454 1579 481 καὶ
1597 455 1764 491 παραίτησιν
1779 456 1830 484 τοῦ

1036 498 1086 533 τῆς
1099 499 1412 531 Κωνσταντινουπόλεως
1430 501 1525 536 Θρόνου
1544 502 1591 529 καὶ
1614 502 1675 529 λίαν
1699 503 1829 536 ἀσμένως

1037 544 1143 579 ἔχοντα,
1174 545 1208 579 ἢν
1234 545 1282 571 καὶ
1296 545 1422 580 δέχεσθαι
1436 547 1564 582 ἁντηξίου
1583 549 1631 574 καὶ
1648 548 1760 583 βασιλέα
1778 549 1829 575 καὶ

1037 592 1102 622 τοὺς
1114 591 1250 626 παρόντας
1274 592 1423 628 ἀρχιερεῖς,
1448 593 1496 628 ἅμ’
1511 593 1633 621 ἐκϐαλὼν
1652 595 1700 622 καὶ⁵
1718 595 1829 626 δεικνὺς

1037 637 1068 663 τὸ
1081 637 1209 672 γράμμασ
1224 638 1291 673 μηδὲ
1309 638 1364 673 γὰρ
1380 639 1413 665 ἂν
1429 640 1475 666 τοῦ
1488 640 1593 673 λοιποῦ,
1609 640 1661 667 κᾶν
1675 641 1701 668 ετ
1716 649 1743 667 τι
1760 649 1829 675 συμ-

1038 682 1115 716 ϐαίη,
1130 683 1179 718 τὴν
1194 683 1362 717 προστασίαν
1375 684 1536 720 λαμϐάνειν,
1552 686 1604 712 κᾶν
1615 686 1694 718 αὐτδς
1706 686 1830 721 ἀναγκά-

1039 728 1080 760 ζοι
1095 730 1108 754 ὁ
1122 728 1258 763 βασιλεύς.
1274 729 1340 756 Τότε
1364 730 1510 766 τοιγαροῦν
1525 732 1539 757 ὀ
1566 732 1678 766 κρατῶν
1705 732 1774 766 ἔχων
1799 733 1830 758 ὲν

1039 775 1118 810 χερσὶ
1131 775 1256 809 φανερῶς
1275 775 1289 801 ὃ
1304 776 1334 802 ὲν
1356 776 1446 811 ἀδήλῳ
1460 777 1596 810 ἐϐούλετο,
1613 778 1660 804 τοῦ
1683 778 1731 812 μὲν
1744 778 1829 805 αὐτὸν

1039 820 1086 847 καὶ
1101 820 1183 846 πάλιν
1212 821 1451 855 προσαναγκάζειν
1477 823 1572 857 ἀνῆκε,
1603 824 1697 858 σχῆμα
1721 824 1830 854 δεικνὺς

1038 865 1212 896 ἀπειπόντος,
1227 866 1257 892 τὺ
1270 866 1291 891 δ’
1309 866 1437 900 ἀγάλλειν
1454 867 1542 899 ἄλλως
1554 868 1601 894 καὶ
1616 869 1699 903 τιμᾷν
1719 869 1830 904 ᾑρεῖτο.

1038 911 1092 937 Καὶ
1106 911 1140 936 τὰ
1156 910 1253 945 πρῶτα
1270 911 1320 946 μὲν
1337 912 1372 938 τὰ
1387 912 1518 940 δοκοῦντά
1532 913 1557 939 al
1573 913 1637 947 περὶ
1653 912 1828 949 πάτριὰρχου

1037 957 1139 983 ἐκεῖνον
1166 957 1271 991 ἠρώτα,
1287 957 1326 992 τῷ
1344 957 1496 992 σύμϐουλον
1522 958 1665 990 ἀξιοῦσθαι
1691 959 1734 985 ἐπ’
1755 959 1829 995 ἄλλῳ

1037 1003 1252 1037 προστησομένῳ
1280 1003 1421 1039 ἐξημερῶν
1450 1005 1482 1031 τὰ
1507 1004 1557 1040 τῆς
1575 1005 1656 1031 αὑτοῦ
1684 1007 1824 1040 παραιτή-

1038 1057 1123 1080 σεως·
1143 1046 1202 1076 εἶτα
1218 1050 1266 1076 καὶ
1280 1050 1309 1076 τδ
1335 1050 1440 1085 πατέρι
1458 1050 1531 1085 ἔχειν
1548 1051 1631 1077 αὑτὸν
1647 1052 1693 1077 καὶ
1708 1051 1830 1085 γράφειν

1038 1095 1302 1130 προσετιλοτιμεῖτο,
1329 1096 1358 1122 ὃν
1388 1096 1502 1128 ἐκεῖνος,
1526 1096 1564 1128 ὡς
1578 1096 1699 1131 λέγεται,
1719 1097 1829 1133 πρῶτος

1037 1183 1159 1216 omnino,
1176 1189 1219 1209 aut
1240 1183 1369 1218 quidquid
1383 1183 1564 1219 contingeret,
1588 1185 1767 1212 remissurum
1793 1186 1829 1214 de

1037 1229 1177 1263 proposito
1196 1233 1243 1256 aut
1268 1229 1367 1256 iterum
1381 1230 1565 1257 admissurum
1582 1231 1769 1265 patriarchalis
1783 1239 1831 1259 ee-

1037 1274 1126 1302 elesia:
1137 1275 1268 1310 regimen,
1292 1275 1334 1302 vel
1347 1275 1369 1301 si
1390 1275 1527 1310 Augustus
1545 1283 1605 1303 sese
1619 1276 1651 1302 ad
1667 1277 1693 1303 id
1719 1277 1830 1311 adigere

1036 1325 1191 1347 conaretur.
1213 1321 1290 1347 Tunc
1304 1321 1452 1355 imperator
1469 1321 1637 1356 habensjam
1655 1322 1682 1348 in
1703 1322 1831 1349 manibus

1036 1366 1108 1400 quod
1122 1366 1191 1393 votis
1204 1366 1292 1393 tacitis
1301 1370 1419 1400 optarat,
1432 1371 1524 1400 partes
1536 1371 1625 1393 tamen
1640 1367 1724 1394 semel
1736 1375 1831 1395 susce-

1037 1413 1095 1442 ptas
1116 1417 1194 1444 agerc
1217 1405 1412 1443 perseveravit,
1433 1409 1613 1440 contendens,
1637 1409 1705 1436 citra
1736 1414 1830 1437 tamen

1037 1455 1181 1489 itnperium
1196 1463 1227 1482 ac
1239 1456 1303 1487 vim,
1317 1463 1350 1481 ne
1363 1455 1391 1481 in
1404 1455 1546 1481 recusandi
1560 1455 1674 1482 consilio
1686 1459 1829 1490 perstaret,

1037 1501 1196 1534 cunctisque
1206 1501 1326 1535 gestibus
1335 1508 1366 1526 ac
1378 1500 1465 1527 modis
1478 1507 1621 1534 personam
1632 1508 1702 1535 agre
1716 1500 1830 1529 ferentis

1039 1547 1204 1582 exprimens,
1218 1555 1248 1574 ac
1258 1555 1318 1573 cutn
1330 1547 1375 1574 diu
1391 1547 1461 1573 nihil
1473 1547 1624 1581 proficeret,
1636 1547 1712 1581 quasi
1730 1547 1829 1577 victus.

1038 1595 1071 1621 ad
1097 1594 1265 1628 propositum
1288 1598 1362 1620 certe
1382 1593 1563 1628 profitendum
1583 1594 1757 1621 verissimum
1785 1594 1830 1621 de-

1038 1641 1171 1668 seendens
1195 1648 1302 1676 semper
1322 1641 1381 1676 ejus
1407 1640 1507 1667 eximie
1537 1640 1714 1674 impenseque
1742 1640 1830 1667 hono-

1038 1688 1127 1714 randi.
1145 1687 1221 1720 Quod
1236 1686 1346 1721 exsequi
1368 1686 1451 1721 cwpit
1471 1690 1533 1713 ante
1556 1686 1646 1713 omnia
1664 1686 1830 1713 benevolen-

1041 1736 1144 1762 tissiaie
1160 1735 1278 1770 roganda
1287 1734 1415 1761 Germani
1430 1733 1564 1761 sententia
1578 1733 1649 1760 circa
1665 1733 1830 1767 electionem

1041 1780 1206 1808 Successoris
1220 1780 1289 1814 ejus,
1302 1779 1382 1814 plane
1398 1787 1452 1814 pne
1467 1786 1496 1806 se
1514 1778 1626 1805 ferendo
1639 1779 1677 1813 (et
1690 1787 1723 1806 co
1736 1779 1833 1806 videli-

1041 1831 1084 1853 cct
1097 1826 1156 1861 ipso
1168 1825 1284 1852 delinire
1298 1824 1455 1860 satagendo,
1475 1824 1497 1850 si
1511 1832 1562 1859 qua
1580 1824 1605 1851 ei
1628 1830 1783 1859 superesset
1802 1824 1832 1852 in

1042 1872 1129 1906 ipsum
1143 1871 1257 1898 offensio
1267 1874 1406 1906 penetrata
1421 1870 1535 1897 forsitan
1549 1870 1661 1905 Augusti
1672 1878 1771 1897 arcana
1782 1878 1832 1897 vo-

1041 1919 1156 1950 luntate,
1177 1918 1255 1952 cujus
1270 1920 1342 1944 esset
1356 1921 1482 1951 respectu
1494 1916 1528 1943 ad
1547 1916 1748 1943 abdicationem
1768 1924 1834 1944 coa-

1042 1963 1111 1997 ctus)
1124 1963 1214 1997 plane,
1224 1962 1344 1997 inquam.
1356 1961 1517 1989 declarandi:
1530 1969 1558 1990 se
1571 1961 1683 1988 omnino
1698 1961 1766 1989 velle
1779 1962 1834 1997 ple-

1043 2015 1110 2035 num
1143 2007 1169 2034 ei
1198 2007 1342 2034 arbitrium
1369 2006 1474 2033 servari
1501 2006 1573 2033 circa
1606 2006 1743 2034 delectqu
1768 2008 1832 2035 novi

1043 2055 1216 2089 patriarchae.
1246 2053 1357 2080 Addidit
1383 2053 1450 2087 quin
1480 2053 1562 2079 etiam
1594 2061 1624 2080 se
1647 2053 1733 2088 patris
1754 2054 1834 2080 dein-

1044 2108 1108 2135 ceps
1135 2100 1196 2127 loco
1224 2099 1314 2134 ipsum
1346 2094 1445 2125 habere
1472 2098 1642 2131 decrevisse.
1668 2099 1833 2126 celebravit-

1044 2155 1096 2181 que
1117 2146 1197 2172 istum
1214 2146 1345 2172 honorem
1374 2145 1483 2179 scriptis
1509 2144 1533 2171 ei
1560 2144 1704 2172 ambitiose
1733 2145 1835 2173 litteris

203 2191 290 2225 tisque
309 2189 536 2224 significationem
553 2187 604 2214 sibi
627 2187 691 2213 facit
711 2186 807 2220 reliqui
821 2206 827 2217 ,
848 2186 988 2220 quominus

1047 2193 1091 2220 tali
1109 2193 1197 2224 titulo,
1210 2199 1290 2226 quem
1307 2191 1519 2226 splendidiorem
1532 2190 1649 2218 faciebat
1660 2192 1834 2224 attributum.

200 2245 232 2264 ex
253 2235 344 2263 animo
355 2242 454 2269 cupere
469 2240 671 2268 procurareque
696 2231 764 2258 velle
782 2235 923 2266 putaretur
947 2237 990 2256 re-

200 2282 286 2309 ditum
305 2281 364 2316 ejus
376 2281 409 2307 ad
424 2281 562 2306 thronum.
575 2278 614 2304 Ad
627 2285 658 2304 ea
673 2277 834 2308 Germanus,
850 2283 911 2302 cum
926 2275 986 2302 Cre«

202 2328 282 2360 tonsi,
299 2331 328 2353 ut
341 2325 451 2357 dicitur,
465 2324 609 2354 cretizans,
626 2329 654 2350 et
673 2323 700 2350 in
713 2322 889 2349 simulatione
906 2321 991 2356 igno-

203 2372 280 2399 raudt
292 2376 410 2398 mentem
423 2370 546 2397 intimam
558 2368 690 2403 principis
698 2368 822 2403 gnaviter
829 2367 990 2402 persistens,

203 2417 333 2452 plurimas
347 2424 375 2443 se
388 2415 550 2450 benignitati
564 2414 624 2447 ejus
645 2418 724 2440 tante
741 2417 767 2440 ct
791 2420 870 2447 agere
891 2412 946 2447 jam
964 2416 992 2439 et

206 2463 334 2497 drinccps
346 2469 453 2495 semper
462 2460 617 2487 habiturum
632 2459 788 2493 referreque
797 2459 869 2486 haud
879 2462 991 2486 cuncta-

203 2514 304 2540 turum,
316 2507 360 2534 ubi
372 2511 473 2542 posset,
489 2505 589 2540 gratias
604 2505 744 2539 respondit
757 2513 762 2531 :
775 2504 855 2539 300
864 2509 991 2532 caeterum

203 2556 281 2582 senio
305 2563 333 2581 sc
358 2559 385 2581 et
414 2553 570 2579 infirmitate
586 2551 842 2586 fractum.indeqne
860 2551 991 2586 imparem

203 2601 278 2629 oneri
295 2605 375 2627 ωηιξη
396 2598 651 2631 administrationis,
674 2598 706 2625 ad
729 2597 907 2625 libentissime
925 2599 992 2626 dan-

204 2648 266 2674 dam
281 2647 331 2674 rite
345 2651 505 2680 conceptam
520 2645 670 2672 cessionem
687 2645 992 2678 Constantinopolitanae

203 2693 275 2720 sedis
291 2697 445 2728 promptum
463 2695 640 2726 paratumque
656 2699 724 2724 esse,
743 2699 854 2725 eantque
868 2696 896 2717 ut
920 2684 992 2717 acci-

203 2744 300 2774 perent
318 2746 411 2773 rogare
427 2738 618 2772 imperatorem
635 2743 662 2765 ct
678 2742 823 2770 pru‘scntcs
837 2737 990 2772 episcopos.

203 2784 290 2811 Simul
312 2791 343 2810 ea
357 2783 451 2809 diecns
469 2783 596 2818 scriptam
613 2783 746 2810 cessionis
763 2782 906 2810 formulam
927 2791 991 2818 por—

204 2835 283 2861 τίινίιῑ,
303 2829 421 2863 graviter
431 2829 541 2856 cdiccns
558 2837 592 2856 ne
603 2836 743 2863 sperarent
761 2830 948 2863 acquieturum
962 2839 990 2858 se

1044 2243 1074 2266 ut
1090 2239 1238 2270 ferebatur,
1252 2238 1412 2266 aGermano
1427 2238 1515 2272 primo
1531 2237 1653 2264 omnium
1674 2237 1836 2272 imperatori

1042 2284 1189 2320 gloriosum
1209 2290 1360 2318 cognomen
1381 2282 1445 2310 novi
1467 2282 1640 2310 Constantini
1656 2292 1662 2309 :
1679 2282 1743 2317 quid
1759 2284 1835 2311 cnim

1042 2329 1131 2364 majus
1154 2328 1239 2356 videri
1263 2332 1368 2364 poterat
1386 2336 1466 2363 quam
1490 2328 1517 2355 in
1538 2328 1623 2363 patris
1644 2328 1773 2356 affectum
1807 2335 1837 2358 et

1042 2374 1230 2402 auctoritatem
1247 2383 1261 2401 a
1275 2383 1345 2402 novo
1361 2374 1540 2402 Constantino
1553 2374 1670 2409 suscipi?
1684 2373 1739 2402 Nec
1752 2376 1836 2403 omit-

1044 2425 1097 2448 tam
1117 2421 1299 2455 qualicunque
1316 2420 1461 2447 occasione
1482 2419 1515 2446 de
1540 2419 1591 2446 ista
1613 2419 1835 2447 nomenclatione

1043 2466 1178 2500 explicare
1193 2465 1295 2499 aliquid
1307 2464 1474 2492 distinctius.
1498 2464 1564 2498 Ejus
1581 2463 1707 2490 inventor
1721 2465 1833 2498 quidem

1043 2517 1070 2539 et
1085 2512 1189 2546 primus
1205 2511 1299 2538 artifex
1311 2511 1462 2538 Germanus
1481 2510 1542 2544 fuit,
1559 2518 1606 2537 sua
1623 2511 1738 2545 quadam
1754 2510 1781 2538 in
1805 2511 1835 2538 id

1043 2557 1250 2592 excogitandum
1265 2562 1411 2591 provectus
1426 2557 1518 2583 innata
1535 2557 1626 2583 indole
1646 2557 1832 2590 obsequiosis—

1043 2603 1111 2630 sime
1125 2602 1294 2638 gratificandi
1309 2601 1495 2637 regnantibus.
1512 2601 1626 2636 Excepit
1640 2607 1729 2628 autem
1743 2603 1832 2636 impe-

1043 2653 1116 2675 rator
1129 2655 1183 2674 non
1193 2652 1222 2674 ut
1236 2646 1352 2682 elogium
1365 2651 1466 2673 temere
1478 2646 1609 2678 delatum.
1620 2647 1666 2674 sed
1676 2652 1703 2674 ut
1716 2646 1793 2681 301
1804 2647 1832 2673 id

1045 2695 1072 2721 in
1086 2702 1138 2728 quo
1148 2692 1265 2728 perspici
1279 2692 1409 2727 gauderet
1424 2699 1503 2725 quam
1514 2691 1565 2718 sibi
1574 2699 1628 2719 non
1639 2700 1735 2719 vanum
1750 2700 1833 2719 omen

1043 2740 1140 2767 fuisset
1157 2738 1298 2766 domestici
1317 2738 1415 2765 veteris
1432 2738 1571 2773 cujusdam
1593 2738 1709 2773 augurii,
1725 2746 1778 2773 quo
1790 2746 1832 2771 se,

1044 2791 1073 2813 ut
1087 2785 1186 2817 aicbat,
1210 2784 1402 2811 recordabatur
1423 2784 1631 2811 Constantinum
1647 2793 1661 2812 a
1675 2785 1833 2819 parentibus

1044 2832 1156 2860 vocitari
1182 2831 1324 2866 pucruluttl
1353 2831 1471 2858 solitum.
1501 2830 1566 2857 Sun!
1593 2836 1681 2858 tzunnn
1707 2832 1754 2864 qui
1778 2840 1834 2860 non
