1936 3069
186 145 237 178 751

784 154 805 181 U
814 152 945 181 liUllGll
968 152 1208 182 PACllYMERJi

1757 153 1812 185 752’.

187 207 234 233 καὶ
251 206 265 232 ὁ
278 205 344 241 μηδὲ
362 207 426 241 περὶ
449 207 546 244 ἑαυτοῦ
572 206 649 240 εἰδὼς
667 207 680 234 ὂ
697 217 720 234 τι
745 207 834 240 ποιοίη
859 208 904 234 καὶ
918 208 932 234 ὅ
947 216 973 234 τι
990 213 1011 239 Α
1028 209 1232 244 σκευασάμενος
1250 208 1313 244 περὶ
1329 209 1500 244 πατριάρχου
1528 209 1689 236 συνεσκόπει
1705 210 1759 241 τοῖς
1777 210 1817 236 ιε-

188 252 297 288 πάσχοι,
315 254 378 288 περὶ
392 252 428 280 ὧν
442 254 539 289 ἐκείνῳ
555 255 634 288 λόγος
648 255 735 286 οὐδεὶς
752 255 908 287 διετείνετο,
923 255 971 281 καὶ

186 299 231 325 τὸν
253 298 366 333 βασιλέα
393 299 515 335 λιπαρῶς
543 300 618 335 ἠξίου
642 300 782 334 ἐφεῖναίοί
799 300 918 335 χρῆσθαι
935 301 969 335 τῇ

186 344 241 378 ἕξει
271 345 318 372 καὶ
339 347 500 380 στρατηγεῖν
525 347 562 377 ὡς
586 346 633 381 οἴῳ
663 347 686 372 τ’
719 347 776 372 δντι
806 347 889 379 ὁμόσε
915 347 971 377 τοῖς

186 391 292 426 ἐχθροῖς
307 391 373 418 ίέναι
392 391 437 418 καὶ
453 392 538 426 συχνὰ
549 392 581 418 τὰ
603 393 715 418 ἐκείνων
741 392 819 427 ῑστᾷν
841 392 972 426 τρόπαια.

185 437 222 464 To
236 436 258 463 δ’
272 436 317 472 ἄρ’
339 434 372 472 ἦν
387 437 434 462 τοῦ
450 436 582 471 βασιλέως
610 437 776 468 ἀκούσαντος
793 437 834 468 εἰς
854 437 972 471 ὑποψίαν

185 482 282 517 ἐκείνῳ
295 482 438 517 κακίστην,
459 480 519 508 εἷτα
535 482 582 509 καὶ
596 483 729 509 κίνδυνον.
749 482 902 517 Συννοήσας
917 482 972 517 γὰρ

185 529 198 554 ὀ
213 528 321 562 κρατῶν
350 528 388 559 ὡς
412 529 426 555 ὀ
442 527 529 555 ταῦτα
558 528 645 562 λέγων
671 528 782 559 δυνατὸς
808 527 973 554 ὲσεῖταικαὶ

185 574 287 609 πρᾶξαι
303 574 330 609 (ἦ
343 581 372 600 τε
386 573 439 608 γὰρ
453 573 548 610 ἡλικία
560 574 645 603 καὶτὸ
657 572 704 599 τοῦ
719 573 846 608 σώματος
863 573 973 608 ἰσχυρὸν

187 621 234 646 καὶ
250 620 341 655 τρίτον
358 621 374 654 ὴ
392 620 456 656 περὶ
471 619 557 646 ταῦτα
568 620 652 653 πεῖρα
672 619 770 654 πιστὴν
785 618 972 654 ἡγεῖσθαιτὴν

186 666 303 701 ὑποψίαν
332 666 436 701 ἐδήλου)
453 665 500 692 καί
515 665 540 700 γ’
557 665 755 700 ἐπειλημμένος
780 665 898 695 ἀνέσεως
924 664 974 699 οὐχ

186 713 256 748 ὑπὲρ
280 713 357 748 ἡμῶν
376 712 477 748 μᾶλλον
495 712 555 738 κατ’
581 712 702 743 ἐκείνων,
721 711 789 737 ἀλλὰ
813 711 873 737 καθ’
894 710 973 746 ἡμῶν

188 757 246 792 μετ’
264 758 373 784 ἐκείνων
390 757 428 793 τῷ
447 758 597 792 ἀποδρᾶναι
612 757 659 784 καὶ
675 757 821 792 μελετήσει
847 757 910 787 ἴσως
926 756 974 783 καὶ

186 804 373 840 διαπράξεται,
391 805 418 830 ἐν
435 803 690 838 φυλακαῖς“δέσμιον
705 801 850 837 κατασχὼν
868 802 971 836 ἐτήρει,

187 852 223 885 μὴ
233 851 261 877 δὲ
270 850 384 885 φθάσας,
397 850 475 884 φησι,
491 849 550 875 καθ’
561 849 640 884 ἡμῶν
650 847 793 878 ἐκτελέσας
802 847 819 874 ἃ.
833 847 904 874 κατὰ
917 846 973 873 τῶν

186 895 292 930 ἐχθρῶν
305 895 495 930 ἐπηγγείλατο.
514 891 581 919 Εἶτα
594 894 642 927 τῆς
660 893 724 928 περὶ
738 893 841 919 ἐκεῖνον
863 892 970 927 φροντί-

185 942 230 973 δος
249 941 371 968 ἀνεῖσθαι
399 940 494 971 θέλων,
525 938 692 975 προστάσσει
721 938 760 973 τῷ
782 938 970 973 Τζυκανδύλῃ,

185 987 295 1023 ὀτρηρῷ
318 995 350 1021 γε
370 986 428 1013 δντι
443 986 512 1020 πρὶς
530 985 627 1017 ταῦτα,
652 984 823 1018 ἀπαγαγόντι
836 984 905 1018 πρὸς
919 983 971 1010 Νί-

185 1043 267 1062 καιαν
282 1033 362 1060 αὐτόν
384 1041 413 1060 τε
435 1032 482 1059 καὶ
498 1032 547 1059 σὺν
562 1031 635 1067 αὐτῷ
654 1030 810 1065 Βούλγαρον
827 1031 874 1057 καὶ
890 1031 973 1057 αὑτὸν

185 1081 251 1108 ὄντα
265 1082 293 1107 ὲν
317 1079 420 1115 ὑποψίᾳ
434 1078 481 1104 τοῦ
508 1078 668 1113 ἀποδρᾶναι,
699 1076 843 1108 Τζουτλαν,
860 1076 913 1111 πρὸ
925 1076 972 1102 τοῦ

187 1128 226 1159 είς
240 1127 269 1154 τὸ
280 1126 395 1161 κάστρον
408 1125 567 1159 εἰσαγαγεῖν
575 1123 658 1159 ἄμφω
670 1121 799 1157 στερῆσαι
810 1122 864 1149 τῶν
874 1121 973 1157 ὀφθαλ-

188 1173 259 1209 μῶν,
274 1173 288 1199 ὃ
303 1172 335 1207 δὴ
349 1172 396 1198 καὶ
412 1171 506 1206 γέγονε
524 1169 593 1204 μετὰ
607 1168 702 1196 ταῦτα.

187 1269 240 1299 κγ’.
257 1265 357 1296 Ὅπως
373 1264 416 1296 είς
431 1262 618 1296 πατριάρχην
635 1259 793 1295 ψηφίζεται
811 1259 890 1294 παρὰ
915 1258 973 1286 τῶν

426 1297 587 1331 ἀρχιερέων
611 1296 732 1330 Ἰωσήφ.

223 1366 266 1402 [Ρ.
282 1363 346 1400 205]
370 1364 399 1391 '0
418 1363 510 1398 μέντοι
527 1362 654 1397 βασιλεὺς
673 1361 718 1389 τὸν
743 1361 883 1396 Γερμανδν
904 1361 973 1388 ἁπο-

187 1460 278 1495 ipsum
293 1457 385 1486 indole
399 1457 426 1483 in
441 1463 498 1483 rem
513 1455 637 1482 bellicam
658 1453 794 1485 trahenti;
818 1456 974 1480 auctoraret

188 1513 253 1541 ergo
266 1511 326 1532 sese
345 1503 433 1537 aliqua
449 1501 560 1528 militari
577 1500 749 1535 praefectura,
762 1507 814 1534 qua
838 1499 887 1534 ipsi
906 1506 974 1533 prae-

1024 255 1127 290 ρεῦσιν,
1143 255 1180 287 ὡς
1194 256 1276 291 μηδὲν
1294 255 1371 286 εἰδὼς
1388 256 1477 290 δῆθεν,
1493 255 1547 282 οὐδ’
1572 256 1680 291 ἕτοιμον
1700 255 1770 289 ἔχων
1783 255 1814 282 ὃν

1023 302 1070 327 καὶ
1080 302 1108 327 ὲν
1124 301 1221 336 καρδίᾳ
1235 301 1482 336 προὺκατεϐἁλετο.
1499 299 1548 333 Οἷς
1562 302 1627 334 γοῦν
1640 302 1690 328 οὐκ
1708 302 1736 328 ὲν
1752 303 1812 327 ἐπι-

1025 347 1118 373 στάσει
1133 347 1167 373 τὰ
1184 347 1297 378 τούτων,
1322 347 1427 378 τούτοις
1440 347 1610 379 ἐπιπολαίως
1624 347 1813 382 λογιζομένοις

1023 392 1099 419 ἔνθεν
1120 393 1169 427 μὲν
1183 393 1289 426 τοῦτον,
1309 393 1386 420 ἐνθεν
1408 393 1431 419 δ’
1459 394 1563 420 ἐκεῖνον
1584 394 1609 420 oi
1635 394 1684 428 τῆς
1697 392 1814 428 καρδίας

1024 437 1183 473 ὑπέγραφον
1202 438 1338 474 λογισμοί.
1358 439 1436 466 Ὅσοι
1451 439 1479 465 δὲ
1497 440 1543 466 καὶ
1557 440 1597 470 εἰς
1613 440 1676 465 νοῦν
1696 439 1816 465 ἕδαπτον

1023 484 1069 511 τοῦ
1082 483 1246 518 κρατοῦντος
1261 485 1308 511 καὶ
1324 484 1524 520 κατηυστόχουν
1537 485 1592 511 τῶν
1607 484 1727 516 ἐννοιῶν,
1741 484 1815 511 ἐκεί-

1023 537 1079 561 νοις
1093 527 1134 560 εἷς
1149 529 1196 556 καὶ
1221 529 1301 564 μόνος
1316 530 1405 556 ἐδόκει
1418 530 1431 556 ὁ
1449 531 1489 561 είς
1503 530 1554 565 τὴν
1569 529 1738 564 προστασίαν
1753 529 1816 556 ἑπι-

1023 575 1127 610 τήόειος
1144 575 1221 602 ὁκαὶ
1249 575 1376 610 θυμήρης
1408 575 1445 610 τῷ
1463 575 1578 610 βασιλεῖ.
1613 575 1718 606 Κοινῶς
1747 574 1814 608 γοῦν

1025 621 1286 656 συνδιασκεψάμενοι
1302 621 1346 648 τὸν
1369 621 1501 656 Γαλησίου
1521 621 1621 655 Ἰωσὴφ
1635 620 1813 654 ἐψηφίζοντο,

1023 668 1107 703 ἄνδρα
1135 667 1322 702 πνευματικόν
1352 676 1381 694 τε
1401 667 1447 693 καὶ
1475 666 1589 700 ἀγαθὸν,
1616 666 1748 692 ἁπλοϊκὸν
1765 666 1815 691 καὶ

1024 716 1112 750 εὐήθη
1135 716 1200 746 τοὺς
1217 716 1346 750 τρόπους,
1377 715 1493 750 φέροντα
1510 714 1538 741 δέ
1566 723 1627 741 τινα
1644 714 1690 741 καὶ
1707 714 1739 740 ὲκ
1758 713 1815 739 τῶν

1023 762 1192 797 ἀνακτόρων,
1209 761 1270 788 ἐπεὶ
1283 761 1395 796 γυναικὶ
1411 761 1501 792 συζῶν
1515 760 1554 794 τῷ
1568 761 1617 794 τῆς
1636 759 1816 794 μικαρίτιδος

1023 808 1167 842 δεσποίνης
1184 808 1304 843 Εἰρήνης
1318 807 1498 834 συνετάττετο
1514 807 1604 841 κλήρῳ
1616 807 1663 832 καὶ
1677 806 1737 832 κατ’
1752 807 1818 832 ἀνα-

1023 853 1145 887 γνώστας
1159 853 1331 888 ὲξυπηρέτει,
1345 854 1392 880 καὶ
1402 852 1559 887 ἐλευθερίας
1573 852 1653 878 ἱκανὰ
1667 851 1813 885 δείγματα,

1031 901 1143 934 Ἦγαπα
1159 900 1186 926 δὲ
1212 901 1259 926 καὶ
1273 900 1301 926 τὸ
1315 898 1368 925 τῶν
1382 900 1422 930 εἰς
1442 900 1536 934 χεῖρας
1552 898 1689 924 πεσόντων
1706 897 1816 931 μεταδι-

1025 947 1099 974 δόναι
1112 948 1167 979 τοῖς
1182 946 1283 978 ἄλλοις,
1295 947 1346 973 ὅσα
1355 946 1401 972 καὶ
1417 945 1547 979 ἀσφαλῶς
1558 943 1762 978 ἀποφήνασθαι,
1777 943 1816 974 ὡς

1026 994 1102 1021 ἄλλοι
1114 993 1145 1027 δὴ
1160 994 1184 1020 οἱ
1199 993 1259 1020 καθ’
1275 993 1348 1027 ἡμᾶς
1365 992 1394 1018 τὺ
1405 990 1627 1026 γλισχρεύεσθαι.
1644 989 1680 1015 To
1696 989 1724 1016 δὲ
1739 989 1816 1021 ξένον

1026 1040 1066 1067 ὅτι
1081 1040 1127 1066 καὶ
1153 1041 1184 1074 τῇ
1202 1040 1336 1074 μοναχικῇ
1360 1037 1483 1072 πολιτείᾳ
1500 1036 1687 1071 ἐνασμενῖξων
1701 1036 1730 1062 ὲν
1746 1035 1818 1070 ψαλ-

1028 1086 1152 1122 μῳδίαις,
1164 1087 1192 1111 ἐν
1205 1085 1380 1120 ἀγρυπνίαις,
1393 1085 1422 1110 ὲν
1431 1075 1579 1118 νηστείαις,
1592 1083 1620 1108 ὲν
1631 1082 1816 1115 ὑδροποσίαις,

1026 1133 1063 1160 ὅτ’
1079 1132 1144 1164 ἔδει,
1166 1132 1196 1158 ἑν
1209 1131 1342 1166 πραότητι
1359 1130 1405 1156 καὶ
1423 1129 1581 1164 δικαιοσύνῃ
1599 1128 1645 1154 καὶ
1662 1127 1722 1163 ἧθει
1744 1136 1817 1162 χρη-

1027 1178 1082 1213 στῷ
1099 1178 1144 1204 καὶ
1159 1177 1290 1211 ἁπλότητι
1304 1176 1350 1202 καὶ
1362 1175 1482 1205 ’συνόλως
1497 1173 1700 1207 ἀκαταγνώστῳ
1714 1172 1815 1205 διαγω-

1026 1227 1073 1260 γῇ,
1090 1225 1151 1250 οὐδὲ
1168 1224 1217 1257 τῆς
1233 1223 1294 1249 κατ’
1310 1221 1454 1256 ἄνθρωπον
1470 1221 1570 1255 ἀρετῆς
1587 1218 1693 1254 ἡμέλει,
1706 1217 1752 1243 τοῦ
1768 1218 1817 1244 καὶ

1027 1271 1204 1306 προεντυχεῖν
1231 1277 1283 1296 τινι
1302 1269 1349 1295 καὶ
1364 1266 1589 1302 προσπτύξασθαι
1608 1265 1654 1292 καὶ
1672 1265 1707 1290 τὰ
1720 1263 1818 1298 φιλικᾶ

1028 1318 1191 1352 συλλαλῆσαι
1209 1317 1257 1343 καὶ
1277 1316 1414 1350 μειδιᾶσαι
1430 1315 1478 1341 καὶ
1495 1312 1657 1348 διαχυθῆναι
1680 1312 1748 1346 πρὸς
1762 1310 1813 1343 γέ-

1026 1364 1112 1397 λωτα,
1127 1363 1152 1390 εί
1165 1371 1217 1390 που
1233 1361 1332 1397 ὲλέχθη
1360 1360 1436 1396 παρά
1459 1368 1532 1391 τινος
1549 1358 1612 1386 κατ’
1626 1359 1718 1385 ἄνεσιν
1733 1357 1749 1383 ὓ
1768 1356 1818 1383 καὶ

1027 1457 1103 1480 retur
1120 1452 1274 1486 inquirebat
1290 1459 1342 1478 una
1365 1458 1426 1478 cum
1447 1451 1594 1486 episcopis,
1612 1449 1719 1484 egregie
1737 1449 1816 1475 dissi-

1027 1501 1132 1526 mulans
1143 1499 1207 1533 quid
1222 1498 1248 1525 in
1261 1498 1330 1525 votis
1346 1497 1468 1529 haberet,
1483 1504 1533 1524 nec
1546 1496 1598 1522 ulla
1613 1495 1815 1526 significatione

189 1552 256 1581 dilo.
278 1554 307 1576 ut
321 1548 424 1576 dudum
445 1550 596 1581 optaverat,
618 1545 711 1572 liceret
726 1544 867 1578 ,lacessere
891 1551 973 1570 manu
988 1561 1008 1589 ϐ
1027 1545 1145 1580 prodens
1163 1549 1287 1579 paratum
1303 1544 1353 1570 sibi
1375 1543 1602 1578 designatumque
1626 1550 1708 1568 unum
1731 1541 1815 1568 menti

188 1597 281 1624 hostes
292 1599 319 1622 et
334 1594 367 1621 de
387 1593 420 1620 iis
429 1592 497 1620 fusis
508 1591 637 1626 emsisque
659 1590 754 1617 crebra
778 1593 897 1616 statuere
919 1593 975 1615 tro-

188 1651 255 1677 paea.
278 1640 305 1667 ld
318 1639 389 1674 quod
406 1636 565 1672 imperatori
580 1635 700 1663 audienti
718 1642 826 1670 gravem
840 1639 867 1661 et
878 1634 912 1661 ad
925 1642 973 1660 ex-

189 1695 305 1716 tremum
323 1684 485 1720 supplicanti
507 1682 647 1709 exitiosam
673 1681 855 1716 suspicionem
879 1679 973 1706 movit.

188 1735 255 1763 Νιιω
271 1737 399 1768 reputans
420 1730 558 1765 Augustus
576 1729 633 1756 haec
654 1728 809 1762 loquentem
823 1725 901 1753 facile
915 1733 975 1760 qua:

189 1780 268 1816 303
286 1778 439 1805 minabatur
450 1780 585 1806 acturum,
598 1773 692 1807 utique
707 1773 750 1800 cui
762 1779 813 1799 nec
822 1771 871 1799 flos
887 1771 974 1798 aetatis

189 1835 240 1854 nec
251 1826 332 1853 robur
344 1825 504 1851 lacertorum
521 1829 582 1852 nec,
591 1820 662 1854 quod
674 1823 756 1853 caput
767 1822 908 1850 erat,usus
919 1817 975 1851 jam

189 1870 287 1904 aliquis
302 1875 430 1896 ausorum
450 1865 603 1893 istiusmodi
627 1864 744 1896 deesset,
759 1863 786 1889 in
805 1870 864 1889 eam
882 1871 914 1889 ex
931 1870 975 1888 su-

190 1918 310 1951 spicione
333 1915 410 1940 ﬁxam
430 1912 585 1946 opinionem
608 1910 732 1941 transiit,
752 1909 901 1936 timendum
917 1916 976 1935 om.

190 1970 256 1990 nmo
272 1969 317 1992 ne,
338 1959 360 1986 si
374 1960 397 1985 ci
410 1958 482 1992 quod
500 1957 578 1984 vellet
588 1955 684 1991 agendi
697 1955 812 1982 liberum
828 1955 914 1982 otium
928 1955 975 1982 da-

190 2013 274 2039 retur,
290 2010 336 2032 aut
353 2003 535 2039 transfugiens
551 2002 584 2030 ad
600 2003 692 2029 hostes
712 2006 759 2028 aut
779 2001 806 2028 in
829 2001 974 2028 Factionem

190 2054 306 2088 aliquam
321 2052 475 2087 reipublicae
488 2050 621 2078 infensam
640 2056 700 2077 sese
711 2049 813 2076 addens
831 2048 913 2075 istum
933 2048 975 2074 in-

190 2101 311 2136 quietum
325 2101 444 2126 animum
457 2102 484 2125 et
497 2097 669 2133 gladiatorias
684 2095 755 2122 vires
766 2095 799 2122 ad
811 2094 903 2129 patriae
914 2102 975 2129 per-

189 2154 287 2175 niciem
302 2146 449 2178 conferret,
463 2143 719 2177 machinareturque
731 2145 757 2168 et
770 2145 916 2168 attentaret
930 2148 976 2175 pe-

191 2195 307 2221 riculose
329 2191 411 2219 multa
423 2195 517 2218 contra
536 2194 655 2224 quietem
672 2188 818 2222 publicam.
834 2186 976 2214 Constrin-

1025 1590 1174 1621 ohversari,
1190 1597 1270 1624 quem
1287 1589 1428 1624 prmlatum
1443 1588 1570 1615 omnibus
1594 1588 1716 1622 impense
1733 1595 1816 1622 cupe-

1025 1640 1076 1663 ret.
1101 1633 1238 1668 Quotquot
1270 1641 1334 1668 ergo
1362 1633 1516 1660 antistitum
1545 1633 1754 1667 simplicioribus
1776 1641 1816 1659 ar-

1025 1688 1109 1708 canus
1121 1686 1179 1708 erat
1199 1688 1295 1707 sensus
1317 1680 1449 1715 principis
1474 1680 1592 1715 ignotus,
1619 1680 1652 1706 ab
1679 1680 1712 1707 iis
1738 1688 1814 1712 sane,

1025 1732 1118 1762 utpote
1134 1735 1190 1754 rem
1204 1726 1403 1754 aestimantibus
1418 1734 1433 1753 e
1457 1725 1610 1760 superﬁcie,
1624 1731 1651 1752 et
1670 1733 1750 1759 quant
1770 1733 1816 1752 re-

1025 1773 1161 1806 linqueret
1173 1773 1239 1807 ipsis
1254 1773 1387 1807 integrant
1407 1771 1540 1799 evehendi
1552 1779 1632 1806 quem
1654 1772 1767 1798 mallent
1781 1771 1817 1798 1i-

1026 1819 1159 1846 bertatem
1168 1826 1231 1845 vere
1241 1826 1270 1845 se
1284 1819 1384 1845 habere
1393 1818 1600 1849 arbitrantibus.
1613 1818 1682 1845 alius
1693 1819 1817 1853 aliusque

1025 1872 1074 1899 pro
1088 1865 1218 1899 cujusque
1227 1865 1316 1892 animo
1327 1864 1415 1891 tacitis
1427 1864 1637 1899 cogitationibus
1646 1865 1678 1891 ad
1688 1872 1749 1891 eum
1765 1865 1817 1892 lio-

1025 1904 1119 1938 norem
1133 1910 1335 1945 designabatur.
1355 1911 1390 1937 At
1403 1910 1648 1945 perspicacioribus
1664 1910 1733 1939 aliis.
1748 1919 1818 1945 quos

1025 1956 1106 1992 304
1137 1964 1191 1983 non
1220 1957 1336 1983 laterent
1370 1956 1543 1991 imperatoris
1574 1956 1661 1983 intimi
1692 1957 1815 1987 afTevtus.

1026 2010 1097 2029 unus
1111 2007 1139 2029 et
1161 2002 1235 2030 solus
1255 2002 1288 2029 ad
1308 2002 1387 2029 istam
1409 2002 1599 2037 prmfecturam
1615 2007 1694 2037 aptus
1712 2003 1818 2030 scilicet

1025 2049 1175 2080 videbatur,
1190 2056 1272 2083 quem
1288 2048 1466 2083 praerogativa
1481 2049 1574 2083 gratize
1601 2049 1733 2083 principis
1749 2049 1818 2075 taci-

1026 2097 1170 2128 torumque
1195 2094 1223 2120 in
1254 2094 1281 2120 id
1304 2098 1428 2120 votorum
1453 2093 1668 2120 commendaret.
1696 2094 1818 2121 Consilio

1026 2141 1107 2176 igitur
1120 2141 1190 2167 inter
1205 2147 1234 2167 se
1246 2140 1337 2167 habito
1348 2140 1529 2167 concordibus
1542 2140 1653 2166 calculis
1664 2139 1817 2174 .loseplium

1026 2187 1123 2215 Galesii
1142 2187 1297 2222 praefectum
1319 2187 1473 2221 elegerunt,
1491 2187 1577 2213 virum
1594 2187 1762 2221 spiritualcm
1791 2193 1820 2215 ct

191 2239 307 2275 gendum
327 2238 409 2272 igitur
425 2235 569 2270 prmcipitis
584 2234 685 2268 ingenii
699 2233 836 2259 hominem
858 2231 971 2266 potavit,

1027 2235 1139 2266 bonum,
1155 2234 1305 2269 simplicem
1317 2238 1416 2260 natura
1429 2234 1591 2267 facilemque
1602 2234 1734 2264 moribus,
1748 2241 1819 2260 non-

190 2290 216 2312 et
230 2285 274 2311 illo
288 2282 390 2310 carceri
410 2281 562 2308 mandando
579 2278 807 2314 praevertendum,
828 2281 858 2304 ut
874 2277 972 2308 aiebat,

190 2339 223 2357 nc
246 2334 338 2356 nostro
357 2328 456 2354 damno
474 2325 619 2360 perﬁceret
639 2323 711 2358 quod
728 2323 754 2349 in
776 2322 892 2349 hostium
918 2321 975 2348 exi-

190 2379 256 2403 tium
280 2382 338 2401 sese
362 2373 474 2400 dixisset
495 2370 629 2397 meditari.
659 2369 754 2396 Postea
774 2375 839 2395 vero
864 2367 976 2401 defungi

190 2423 273 2450 sz'lttel
290 2421 402 2455 cupiens
417 2418 528 2452 ancipiti
544 2424 609 2443 cura
631 2417 658 2442 in
673 2421 731 2442 tuto
746 2413 885 2442 detinendi
899 2421 974 2439 reurn

189 2469 306 2497 tiliilctlib'
326 2466 465 2495 custodiae,
489 2463 663 2498 szcandylte
679 2461 796 2493 cuidam,
815 2461 929 2495 impigro
949 2465 977 2487 et

191 2516 289 2541 idibus
305 2514 406 2545 obsequ
419 2511 441 2537 is
453 2510 549 2536 idoneo
563 2509 696 2540 ministro,
708 2507 845 2534 mandavit
859 2511 887 2533 ut
903 2506 976 2533 hunc

190 2561 269 2588 simul
283 2546 345 2586 emit
363 2557 455 2584 'l‘znila
468 2552 598 2590 'Ilulgaro,
613 2560 640 2581 et
653 2555 711 2586 ipso
726 2553 867 2588 transfugii
881 2560 977 2587 suspe-

190 2616 244 2638 ctu.
265 2607 381 2634 Nicaeam
399 2606 557 2636 abductum,
577 2603 671 2630 ambos
688 2601 856 2636 (priusquam
874 2600 927 2627 illic
948 2599 976 2626 in

189 2660 308 2682 castrum
323 2652 462 2685 conderet,
485 2650 571 2677 oculis
586 2649 705 2686 privaret
719 2657 725 2682 ;
745 2648 770 2674 id
786 2647 857 2682 quod
884 2649 976 2681 postea

188 2707 230 2729 est
244 2701 345 2728 factum
363 2736 375 2748 ‘

225 2756 269 2784 23.
303 2754 337 2783 Ut
359 2754 495 2789 suifragin
507 2753 737 2789 episcoporttnrin
759 2750 940 2785 patriai-citam

384 2787 480 2816 eiectus
501 2789 580 2822 fuerit
605 2787 747 2822 Josephus.

227 2837 282 2864 lloc
313 2845 393 2872 porro
421 2840 543 2870 tempore
567 2835 732 2868 imperator,
761 2838 851 2859 amoto
873 2839 888 2859 ο
914 2831 976 2859 sede

192 2882 483 2915 Cennane,jd0ncmn
496 2879 725 2915 qui~patriarcbali
739 2879 836 2905 throno
851 2878 974 2913 impone-

1026 2282 1094 2310 nihil
1114 2283 1141 2309 in
1158 2290 1208 2309 usu
1238 2282 1301 2309 vitae
1314 2289 1329 2309 e
1348 2282 1468 2316 palatina
1492 2282 1625 2316 elegantia
1643 2281 1817 2315 trahentem-

1026 2327 1093 2355 Nam
1112 2335 1224 2355 uxorem
1241 2328 1347 2355 habens
1361 2327 1388 2354 in
1398 2327 1498 2354 familia
1509 2327 1642 2362 principis
1655 2327 1764 2354 femina:
1778 2328 1804 2354 vi

1027 2379 1112 2406 xerat,
1122 2375 1257 2408 ascriptus
1270 2373 1332 2400 olim
1344 2374 1417 2400 clero
1427 2374 1577 2401 domestico
1597 2374 1713 2400 domime
1725 2374 1819 2402 lrenes

1027 2420 1077 2455 piae
1095 2421 1243 2453 memorim,
1259 2420 1296 2447 ibi
1316 2419 1476 2446 ministrans
1497 2419 1523 2446 in
1547 2419 1643 2446 ordine
1662 2420 1817 2453 lectorum;

1027 2467 1098 2492 unde
1115 2465 1235 2492 liberalis
1255 2465 1371 2495 ﬁduciae.
1388 2465 1477 2499 qualis
1491 2473 1550 2492 eSse
1578 2465 1604 2492 in
1626 2466 1696 2492 aulis
1715 2466 1818 2492 educa-

1028 2516 1114 2538 torum
1129 2512 1207 2543 solet,
1224 2512 1307 2538 multa
1320 2511 1346 2538 in
1361 2512 1421 2545 ejus
1439 2519 1565 2538 sermone
1585 2519 1617 2538 ac
1638 2512 1817 2540 conversandi

1027 2558 1113 2584 forma
1128 2558 1239 2591 vestigia
1260 2557 1634 2584 exstabant.Commnnicare
1651 2557 1716 2591 quin
1732 2558 1816 2585 etiam

1027 2602 1166 2638 largiendo
1182 2603 1242 2629 aliis
1259 2611 1291 2629 ex
1308 2602 1336 2629 in
1354 2596 1412 2638 ejus
1426 2610 1527 2635 .manps
1538 2602 1728 2634 incidentibus,
1740 2608 1816 2634 qum-

1028 2655 1136 2681 cnnque
1153 2655 1248 2674 secure
1265 2647 1487 2680 ostenderentur,
1504 2648 1544 2674 sic
1565 2648 1682 2680 attrahat,
1704 2652 1734 2674 ut
1758 2647 1815 2674 fere

1028 2694 1082 2725 alii,
1098 2702 1166 2728 quos
1190 2695 1325 2727 novimus,
1350 2695 1411 2721 talia
1432 2695 1586 2722 recondunt
1610 2700 1638 2722 et
1659 2695 1709 2722 sibi
1734 2701 1817 2720 avare

996 2755 1002 2760 ι
1029 2744 1145 2767 servant.
1161 2739 1207 2767 llis
1222 2741 1280 2775 ejus
1291 2741 1412 2767 moribus
1427 2740 1597 2775 inopinatum
1612 2741 1816 2767 admiscebatur

1028 2786 1166 2820 quiddam,
1187 2787 1261 2820 quod
1281 2786 1406 2813 videlicet
1426 2786 1507 2813 homo
1522 2794 1553 2812 ex
1575 2785 1667 2812 animo
1689 2786 1816 2820 ampleiti

1029 2841 1084 2868 prae
1099 2840 1127 2859 se
1142 2833 1231 2859 ferens
1243 2833 1451 2860 sanctimoniam
1468 2833 1646 2860 monasticam
1660 2832 1686 2858 in
1697 2832 1818 2866 psalmo-

1029 2879 1090 2911 diis,
1105 2879 1130 2905 in
1146 2879 1251 2914 vigiliis,
1264 2879 1288 2904 in
1301 2879 1412 2913 ieiuniis
1430 2879 1593 2914 frequenter,
1609 2878 1634 2905 in
1649 2883 1711 2912 potu
1728 2878 1817 2905 abste-
