1936 3069
117 139 172 170 753

590 143 638 173 DE
655 144 852 173 llltlllAELE
873 142 1103 174 l‘ALdiOLOGO
1123 144 1195 175 LIB.
1220 144 1270 176 ινξ

1691 149 1747 180 751⁷

116 196 245 232 ἐπράχθη
263 196 370 232 εὔχαρι.
389 204 434 224 και
454 198 579 225 ὑπελθεῖν
593 200 708 235 ἄρχουσι
735 201 906 236 δυναμένοις,
923 201 946 230 Α
960 201 987 227 δέ
1003 211 1033 236 γε
1059 203 1215 238 Μιτυλήνης
1231 203 1380 238 Γρηγόριος
1400 204 1432 231 ὲκ
1455 206 1570 233 παλαιοῦ
1589 208 1680 242 φέρων
1694 209 1743 244 τὴι

116 243 163 269 καὶ
180 243 274 277 ζητεῖν
289 243 360 277 ὑπὲρ
377 243 476 276 ἄλλων,
493 245 539 270 καὶ
565 245 664 280 ἁδραῖς
685 247 837 281 τραπέζαις
856 247 905 273 σὺν

112 288 253 323 διαφόροις
280 288 363 326 οἴνοις
384 297 412 315 τε
439 290 485 316 καὶ
516 292 676 326 τραγήμασι
701 293 766 324 τοὺς
789 292 904 323 πολλοὺς

113 334 220 370 ἑστιᾷν,
238 336 285 361 καὶ
302 335 403 369 μᾶλλον
431 336 503 368 ὅσοις
522 337 534 362 ὁ
554 336 609 370 βίος
627 336 728 372 ἄπορος
757 339 804 365 καὶ
831 338 905 364 ἀπά-

113 379 217 414 λαμνος
242 380 288 406 καὶ
303 381 352 415 τῆς
375 379 436 406 κατ’
451 381 548 413 αὐτοὺς
564 383 698 417 ἁναόοχῆς
711 383 834 419 ἔχρῃζον.
849 383 902 409 Τοῦ

112 426 180 459 γοῦν
194 426 316 453 τοιούτου
331 426 551 461 καταδεξαμένων
565 429 613 462 τὴν
627 429 730 464 ψῆφον,
746 431 759 456 ὁ
775 430 902 464 βασιλεὺς

112 472 154 502 εἰς
172 472 348 506 πατριάρχην
366 471 462 498 τοῦτον
487 473 681 507 προϐάλλεται,
701 473 784 509 μηνὸς
801 475 900 509 Σκιρο-

112 515 248 550 φοριῶνος
276 517 386 552 εἰκοστῇ
408 517 491 552 ὀγδόῃ
507 518 556 552 τῆς
579 518 697 554 δεκάτης
712 519 902 554 ἐπινεμήσεως

110 561 158 587 τοῦ
171 560 258 596 ’ςψοέ
273 561 360 594 ἔτους,
383 562 624 596 Ἐκατομὸαιῶνος
639 563 667 590 δὲ
695 565 830 600 νουμηνίᾳ
843 574 900 599 χει-

112 606 269 642 ροτονηθεὶς
285 608 326 639 εις
341 608 487 643 ἀρχιερέας
499 609 664 638 τετέλεσται,
683 610 752 644 Περὶ
764 610 792 636 δέ
807 619 838 644 γε
851 610 900 646 τὴν

110 653 279 687 χειροτονίαν
296 653 342 679 καὶ
357 654 478 680 τοιοῦτόν
493 663 519 680 τι
534 655 650 688 γίνεται.

109 708 173 749 κδἰ.
188 708 305 749 Ὂπῳςη
320 709 614 749 παραδρκιμηθέντος
638 712 691 738 τοῦ
703 747 709 749 ⁵
727 713 899 746 Ἡρακλείας

146 743 272 781 ῌιναχᾶ,
285 744 446 781 ⁸ίςντοζχτῆς
458 743 648 781 χειροτονίας
663 747 715 773 τοῦ
731 743 895 781 Γερμανοῦξ

144 779 162 804 δ
175 779 350 812 Μιτυλήνης
363 780 524 814 Γρηγόριος
534 782 697 814 χειροτονεῖ
711 782 763 808 τὸν
781 779 897 817 Ἰωσήφ.

144 831 186 868 [Ρ.
199 832 262 868 206]
282 832 311 860 ὀ
326 834 380 868 γὰρ
394 835 511 870 Πιναχᾶς
529 836 645 870 μοναχὸς
662 838 736 872 παρὰ
752 839 893 873 Γερμανοῦ

107 876 161 912 τὴν
186 879 355 912 χειροτονίαν
381 880 526 914 δεξάμενος
558 881 724 916 Ἡρακλείας
754 872 812 919 τῆς
827 886 897 912 κατὰ
913 872 935 901 Β

109 924 223 959 Θρᾴκην
241 923 274 959 ἦν
298 927 480 961 ἁρχιποίμην,
499 923 521 961 ᾧ
546 927 577 962 δὴ
593 929 642 954 καὶ
663 930 810 964 προνόμιὸν
826 932 900 959 ἐστιν

109 969 142 995 ὲκ
156 969 274 996 παλαιοῦ
291 970 474 1007 δικαιουμένῳ
489 974 521 999 ὲκ
540 974 701 1006 Βυζαντίου,
717 975 754 1007 ὡς
767 977 901 1004 ἀνέκαθεν

109 1015 252 1047 τελοῦντος
274 1016 326 1042 ὑπο
355 1017 404 1051 τὴν
445 1018 623 1053 Ἡράκλειαν,
648 1020 694 1048 τὸν
724 1024 901 1060 πατριάρχην

107 1063 288 1096 χειροτονεῖν.
312 1062 557 1098 ’Λπεπροσποιείτο
576 1065 641 1099 γοῦν
664 1068 713 1102 τὴν
730 1068 777 1094 ἀπ’
793 1070 899 1097 ἐκείνου

110 1107 282 1142 χειροτονίαν
296 1109 310 1134 ὁ
330 1107 439 1143 Ἰωσήφ.
457 1109 511 1135 Καὶ
523 1110 537 1135 ὁ
553 1112 662 1146 κρατῶν
679 1113 760 1147 σοφόν
774 1123 800 1141 τι
816 1116 901 1143 ποιῶν

107 1154 213 1179 ἐκεῖνον
229 1153 289 1179 τότε
311 1154 507 1189 προσκαλεῖται
525 1156 593 1191 πρὸς
611 1157 645 1183 τὰ
657 1158 804 1194 ἀνάκτορα,
819 1162 848 1187 ἐν
862 1161 900 1197 τῷ

107 1200 168 1226 κατ’
193 1202 286 1227 ἐκεῖνα.
307 1201 363 1236 ναῷ
392 1202 633 1238 λειτουργήσαντα.
660 1206 716 1232 Καὶ
738 1206 769 1241 δὴ
797 1209 900 1240 ἐκεῖνος

109 1247 158 1283 μὲν
175 1247 227 1274 ὑπὸ
248 1247 339 1283 πολλῷ
358 1248 449 1283 μισθῷ
471 1250 522 1283 τὴν
548 1249 722 1285 λειτουργίαν
737 1252 867 1288 ἐπλήρου,
887 1255 901 1280 ὁ

105 1338 172 1370 mio,
187 1338 296 1372 quando
306 1342 453 1373 cratopus.
467 1339 494 1366 in
511 1340 730 1374 mansuetudine,
745 1341 772 1368 in
784 1342 899 1376 justitia.

105 1385 134 1412 in
152 1384 272 1419 benigno
285 1385 375 1412 animo
387 1389 414 1412 ct
430 1385 613 1421 simplicitate,
632 1395 687 1414 uno
711 1389 793 1416 verbo
816 1390 843 1417 in
868 1390 902 1417 ir-

104 1432 314 1467 reprehensibili
332 1432 552 1463 conversatione.
566 1442 619 1460 non
639 1438 730 1462 tamen
745 1436 901 1471 negligebat

104 1479 305 1506 humanitatem
318 1479 523 1506 consuetudinis
539 1480 660 1513 urbanae,
673 1480 791 1508 frontem
810 1482 900 1510 laztam

104 1524 240 1552 exhibens
247 1524 514 1556 occursibus,ohvios
526 1525 722 1560 complectens,
733 1527 832 1556 blando
843 1536 899 1556 ser—
913 1537 934 1567 α

103 1578 185 1598 mone
198 1570 336 1603 detinens,
347 1578 401 1597 non
418 1570 548 1597 renidens
560 1571 652 1604 modo,
669 1571 717 1599 sed
727 1576 754 1599 et
767 1573 795 1599 in
809 1574 893 1600 risum

103 1624 131 1643 se
142 1616 301 1648 eﬂ‘undcns,
316 1616 338 1643 si
352 1615 417 1651 quid
433 1615 519 1643 facete
535 1624 550 1643 a
561 1624 698 1651 quoquam
711 1617 781 1645 forte
791 1618 895 1647 dicere-

103 1667 148 1689 tur
162 1667 209 1689 attt
225 1662 313 1696 lepide
327 1662 404 1689 ﬁeret
417 1662 449 1689 ad
464 1662 587 1697 gratiam.
609 1662 682 1690 Idem
699 1671 754 1690 non
768 1664 894 1699 ignorare

101 1713 188 1735 artem
205 1707 362 1734 insinuandi
381 1715 410 1735 se
423 1707 456 1734 ad
476 1708 626 1742 principes.
639 1708 673 1735 ab
690 1708 733 1736 his
748 1710 829 1745 305
845 1719 894 1746 pro

102 1755 163 1781 aliis
174 1753 295 1789 petendi,
311 1761 365 1780 non
380 1755 503 1788 refugere
519 1754 553 1780 ad
570 1754 896 1788 delicatasmensas,cum

101 1800 171 1827 vinis
188 1799 255 1826 varii
271 1799 378 1834 generis
393 1804 420 1826 et
431 1799 561 1832 bellariis,
571 1800 674 1827 multos
683 1801 764 1828 etiam
776 1802 895 1837 vulgaris

101 1847 184 1873 sortis
205 1845 346 1878 adhibere,
367 1845 518 1880 praesertim
541 1846 640 1879 quibus
664 1847 733 1873 ratio
756 1848 842 1874 vietus
867 1849 893 1875 in

100 1896 161 1918 ar'o
171 1894 254 1922 esset,
266 1898 316 1917 nec
331 1897 378 1924 per
395 1897 424 1917 se
439 1890 603 1917 habentibus
614 1899 664 1917 nec
679 1900 772 1925 parare
784 1892 893 1920 aliunde

100 1936 206 1971 gnaris,
221 1936 337 1970 ideoque
358 1935 541 1970 indigentibus
570 1936 697 1970 hospitali
727 1937 893 1972 benignitate

99 1983 264 2009 amicorutn.
282 1981 361 2008 llunc
381 1981 462 2008 talem
473 1982 547 2017 justo
562 1982 754 2017 sulfrugiorum
765 1991 891 2018 compro-

99 2027 195 2054 batum
219 2035 334 2055 numero
348 2027 381 2054 ad
397 2027 609 2062 patriarchatum
627 2028 775 2062 imperatur
788 2031 889 2064 erexit,

99 2074 202 2101 mensis
228 2073 384 2101 Decembris
413 2074 456 2101 die
486 2079 580 2101 octava
607 2082 688 2108 supra
721 2075 888 2111 vigesimam,

98 2120 261 2148 lndietionis
271 2121 393 2154 decima),
409 2120 472 2148 anni
487 2120 567 2148 6775.
585 2120 644 2147 Mox
659 2120 781 2148 kalendis
792 2122 892 2150 Janua-

99 2167 149 2194 riis
177 2167 377 2194 ordinationem
398 2167 468 2194 idern
483 2167 667 2201 episcopalem
694 2167 745 2195 rite
765 2169 889 2204 accepit;

98 2213 171 2241 circa
186 2221 269 2248 qttam
278 2213 469 2240 eteremoniam
484 2213 537 2240 tale
553 2213 682 2247 quiddam
697 2215 825 2249 contigit.-

98 2270 144 2297 ει.
168 2269 202 2297 Ut
225 2270 376 2303 posthabito
393 2269 552 2296 Heracleam
565 2269 694 2302 Pinus/ta,
720 2271 789 2304 quod
807 2272 830 2298 is
842 2280 888 2298 or-

134 2305 244 2342 dinatas
266 2305 357 2342 fuisse!
372 2314 387 2331 a
412 2304 558 2342 ‘Germuno,
576 2304 758 2340 Milylnwusis
789 2306 888 2342 Grego-

136 2340 192 2367 rius
209 2340 353 2374 Joaephum
368 2340 541 2367 ordinauerit.

135 2391 269 2419 Pinachas
284 2393 445 2425 monachus,
461 2393 506 2428 qui
520 2393 719 2422 ordinationem
733 2395 889 2424 aGermano

98 2442 255 2473 acceperat,
276 2439 413 2466 Heracleae
434 2439 559 2467 Thracia:
581 2440 802 2476 archiepiscopus
818 2447 886 2474 erat,

97 2490 126 2512 et
140 2485 165 2511 ei
183 2490 214 2512 ut
225 2484 271 2511 tali
288 2485 461 2520 competebat
477 2493 511 2513 ex
525 2487 638 2522 antiquo
650 2487 695 2522 jus
711 2488 889 2515 consecrandi

96 2530 396 2566 Constantinopolitani
414 2532 585 2566 patriarchae,
601 2533 664 2560 inde
681 2533 761 2560 ducta
782 2534 887 2561 ratione

96 2575 245 2611 privilegii,
275 2576 348 2610 quod
376 2576 441 2603 urbs
466 2576 612 2612 Byzantina
638 2577 733 2612 primis
762 2578 887 2605 Ecclesia:

97 2622 269 2657 temporibus
280 2621 337 2649 sedi
349 2621 524 2649 lleracleensi
537 2622 630 2649 fuisset
641 2623 759 2650 subdita.
776 2623 888 2651 Nolebat

97 2672 191 2695 autem
205 2667 342 2702 JoScphus
360 2667 562 2702 impositionem
584 2676 711 2695 manuum
728 2670 762 2696 ab
779 2669 830 2697 isto
845 2678 889 2697 ac-

97 2712 200 2748 cipere.
225 2712 311 2748 Hujus
333 2713 496 2748 expediendi
518 2714 582 2741 nodi
601 2714 733 2741 rationem
760 2720 888 2749 opportu-

97 2766 161 2785 nam
187 2759 350 2794 excogitavit
376 2760 535 2793 imperator.
552 2759 697 2786 Pinacham
721 2760 846 2786 videlicet
861 2761 886 2787 in

98 2805 171 2831 mdes
187 2805 378 2839 imperatorias
394 2805 509 2832 accitum
523 2805 649 2839 palatinis
665 2806 749 2832 sacris
765 2805 887 2840 praeﬁcit,

100 2851 190 2879 missa:
209 2852 265 2879 illic
293 2851 453 2878 sacriﬁcium
480 2850 594 2878 solemni
615 2850 671 2878 ritu»
693 2855 886 2886 pcracturutn;

960 247 1128 281 χειροτονίαν
1144 250 1307 283 χειροτονεῖν
1328 249 1374 275 τὸν
1399 250 1572 286 πατριάρχην
1587 253 1740 287 ἐκλέγεται.

960 291 1042 319 Ὅλου
1059 292 1125 326 γοῦν
1143 292 1190 319 τοῦ
1209 295 1294 328 μηνὸς
1319 294 1422 321 ἐκείνου
1438 297 1451 321 ὁ
1467 296 1604 330 βασιλεὺς,
1618 299 1678 325 ἐπεὶ
1691 300 1741 326 οὐκ

957 334 992 372 ἦν
1007 338 1104 372 ἐκείνῳ
1125 339 1175 372 τῆς
1191 338 1236 364 τοῦ
1255 339 1409 374 ἀφορισμοῦ
1430 341 1535 373 λύσεως
1552 343 1744 377 προύργιαίτε-

958 392 1014 418 ρον,
1031 383 1117 410 ἐδίδου
1146 383 1184 419 τῷ
1210 385 1366 421 πατριάρχῃ
1382 386 1477 421 καιρὸν
1504 388 1552 414 σὺν
1576 391 1632 420 τοῖς
1649 391 1743 425 ἀρχιε-

959 429 1034 464 ρεῦσι
1047 430 1213 457 σκέπτεσθαι
1231 431 1289 461 πῶς
1307 432 1340 458 ἂν
1355 433 1402 458 καὶ
1417 434 1486 459 κατὰ
1503 435 1602 469 τρόπον
1617 437 1741 470 γένηται,

957 475 1160 509 προλαμϐάνων
1183 476 1262 507 αὐτὸς
1283 477 1401 511 ἑκάστης
1418 479 1462 505 διὰ
1477 481 1522 506 τοῦ
1542 481 1621 507 πάντ’
1639 483 1741 518 ἐκπλη-

956 521 1021 556 ροῦν
1036 521 1146 556 ῥαδίως,
1163 522 1226 557 περὶ
1240 523 1310 549 ὅσων
1325 524 1338 549 ὁ
1352 525 1525 560 πατριάρχης
1539 527 1642 553 ἐκεῖνον
1654 528 1741 562 ἠξίου,

955 566 1034 594 εὔοδα
1050 569 1136 594 ποιεῖν
1151 568 1184 596 τὰ
1197 569 1245 603 τῆς
1261 569 1376 600 λύσεως,
1395 571 1438 602 Ἐς
1450 572 1575 599 τοσοῦτον
1587 574 1642 609 γὰρ
1654 575 1741 609 ἡδέως

955 613 1038 640 αὑτοῦ
1055 613 1184 646 λέγοντος
1206 615 1316 648 ἤκουεν.
1333 616 1403 642 ὥστε
1420 617 1467 642 καὶ
1480 617 1512 652 δὴ
1529 619 1651 654 ὁρισμῶν
1667 629 1741 653 πεμ-

955 659 1081 692 πομένων
1105 660 1258 694 ἑκασταχοῦ
1289 661 1339 694 τῆς
1369 662 1422 688 τῶν
1453 663 1595 698 Ῥωμαίων
1626 665 1743 700 ἐπικρα-

954 704 1027 736 τείας
1047 705 1230 739 προσέταττεν
1257 706 1341 739 αὑτὰς
1367 708 1398 743 δὴ
1426 709 1476 740 τὰς
1500 709 1546 736 τοῦ
1571 712 1741 746 πατριάρχου

954 750 1063 785 γραφὰς
1080 752 1141 778 ἀντὶ
1155 754 1378 788 προσταγμάτων
1394 755 1467 781 [δίων
1481 756 1608 790 δέχεσθαι
1621 758 1683 789 τοὺς
1698 758 1745 784 ἐπ*

954 795 1088 829 ἐξουσίας,
1109 798 1389 833 προσαπειλουμένων
1412 801 1458 826 καὶ
1475 801 1613 828 κολάσεων
1628 804 1684 834 τοῖς
1704 803 1740 838 μὴ

956 841 1025 868 κατὰ
1043 842 1075 868 τὰ
1091 843 1305 878 ἐπιτεταγμένα,
1329 844 1398 881 ὑπὲρ
1420 846 1481 873 ὅτου
1509 847 1542 874 ἂν
1567 849 1612 873 καὶ
1628 849 1741 883 γράψει,

952 888 1116 916 τελέσουσιν.
1132 889 1241 921 Ἦνοιεε
1259 891 1350 925 μέντοι
1365 892 1411 917 καὶ
1427 892 1549 926 φυλακὰς
1562 895 1608 920 καὶ
1626 895 1741 926 πολλοὺς

951 932 1005 958 τῶν
1022 933 1258 968 ὲγκεκὶεισμένων
1273 935 1391 968 ἐξείλετο
1412 937 1467 964 τῶν
1484 938 1603 973 δεσμῶν,
1625 940 1738 966 καταδί-

952 987 1015 1010 κους
1039 979 1212 1013 συμπαθείας
1234 981 1367 1015 ἠξίωσεν,
1388 982 1590 1018 ὲξωρισμένους
1611 986 1740 1012 ἀνεκαλέ-

954 1032 1029 1056 σατο,
1049 1027 1094 1051 καὶ
1109 1023 1149 1057 οῖς
1164 1026 1290 1060 ἀπεχῢῶς
1302 1025 1359 1062 εἶχε
1377 1028 1515 1061 κάκείνοις
1530 1029 1676 1064 ὲξιλεοῦτο,
1691 1031 1738 1058 τοῦ

953 1070 1125 1105 πατριάρχου
1147 1080 1197 1106 μεσ
1204 1072 1349 1104 ιτεύοντος.

951 1151 1001 1175 κε’.
1019 1148 1115 1181 Ὅπως
1141 1148 1233 1182 ἐλύθη
1260 1149 1314 1188 τοῦ
1334 1151 1514 1188 figamque?)
1548 1155 1564 1180 ὁ
1587 1154 1738 1188 ,βασιλεὺς

1196 1184 1275 1217 παρὰ
1296 1185 1348 1212 τοῦ
1370 1184 1490 1222 Ἰωσήφ.

987 1250 1029 1286 [Ρ.
1045 1250 1110 1286 207]
1131 1251 1247 1287 Ἑπὲστη
1267 1252 1332 1286 γοῦν
1355 1253 1371 1287 ἡ
1393 1254 1477 1290 μηνὸς
1500 1255 1656 1290 Ληναιῶνος
1676 1257 1738 1283 δευ-

952 1345 1032 1373 quem
1047 1338 1092 1366 ille
1107 1339 1239 1366 honorem
1252 1343 1356 1374 quaestu
1373 1339 1474 1375 ingenti
1488 1341 1666 1376 conjunetum
1678 1349 1738 1377 pro~

951 1388 1011 1418 pter
1033 1383 1166 1411 ditissima
1185 1384 1319 1418 stipendia
1344 1385 1479 1420 ejusmodi
1505 1386 1627 1421 fungenti
1648 1388 1746 1416 cilicio-

952 1429 1061 1456 deereta
1075 1429 1139 1456 dum
1163 1430 1281 1457 libenter
1297 1431 1433 1465 accipiens
1453 1432 1490 1459 ibi
1508 1433 1639 1466 celebrat,
1662 1434 1739 1469 Mity-

952 1475 1071 1502 lenensis
1097 1475 1260 1510 Gregorius.
1284 1476 1414 1504 adversus
1438 1478 1515 1512 cujus
1537 1479 1736 1507 ordinationem

953 1524 1047 1554 utpote
1068 1520 1208 1555 antiquam
1230 1521 1302 1548 nulla
1328 1527 1385 1549 erat
1410 1523 1543 1557 exeeptio,
1571 1524 1679 1558 eligitur
1702 1525 1736 1552 ad

953 1565 1136 1592 ordinandum
1159 1566 1354 1600 patriarchatn.
1379 1566 1475 1594 Totum
1494 1576 1575 1602 porro
1601 1569 1736 1604 reliquum

951 1609 1109 1637 Januarium
1128 1619 1248 1638 mensem
1263 1614 1419 1647 imperator,
1436 1613 1478 1640 cui
1496 1614 1563 1640 nihil
1580 1619 1638 1642 erat
1651 1615 1736 1650 magis

950 1661 1072 1691 optatum
1089 1665 1169 1692 quam
1189 1658 1350 1685 solutionem
1366 1659 1557 1693 anathematis,
1581 1661 1624 1688 cui
1644 1661 1737 1696 subja-

952 1704 1039 1736 cebat,
1056 1704 1106 1731 rite
1123 1711 1154 1731 ac
1169 1705 1249 1732 modo
1266 1705 1333 1732 nulli
1352 1705 1494 1732 calumniae
1506 1706 1624 1734 obnoxio
1639 1715 1736 1735 conse-

949 1749 1005 1783 qui,
1027 1749 1160 1777 concessit
1181 1757 1251 1777 novo
1273 1750 1433 1785 patriarchae
1453 1755 1483 1779 ut
1501 1757 1549 1785 per
1569 1752 1654 1778 otium
1673 1760 1735 1780 cttm

949 1795 1054 1823 ett-teris
1075 1796 1211 1831 episcopis
1231 1796 1416 1824 consideraret
1439 1805 1555 1832 quanatn
1579 1798 1623 1825 illa
1643 1797 1736 1834 posset

950 1842 1057 1868 ratione
1069 1841 1170 1875 optima
1191 1841 1298 1873 conﬁci,
1315 1842 1435 1875 interim,
1451 1844 1522 1878 quod
1539 1844 1572 1871 ad
1589 1852 1618 1871 se
1636 1845 1736 1872 attine-

949 1892 1000 1920 ret,
1021 1887 1094 1914 tmlla
1109 1887 1152 1914 die
1169 1888 1299 1915 omittcns
1320 1889 1519 1917 studiosissime
1539 1890 1620 1926 306
1636 1897 1733 1919 cuncta

948 1935 1071 1970 exsequi,
1088 1943 1148 1969 quae
1165 1936 1206 1962 vel
1228 1936 1383 1963 necessaria
1397 1937 1441 1963 vel
1461 1942 1613 1972 opportuna
1629 1946 1731 1973 prtepa-

947 1981 1033 2008 rando
1048 1981 1157 2016 negotio
1179 1986 1337 2016 suggereret
1359 1982 1523 2016 patriarcha,
1547 1984 1625 2017 cujus
1641 1992 1745 2018 preces.

947 2035 1043 2054 omnes
1065 2035 1097 2054 ac
1121 2027 1198 2063 signa
1224 2028 1373 2055 voluntatis
1397 2029 1599 2063 promptissima
1625 2030 1735 2064 quidvis

946 2073 1077 2108 largiendi
1095 2073 1224 2101 facilitate
1249 2074 1341 2100 statim
1366 2074 1502 2109 explebat,
1526 2075 1595 2102 adeo
1617 2075 1734 2102 libenter

946 2117 1033 2150 illum,
1046 2118 1176 2153 quidquid
1189 2119 1223 2145 ad
1235 2127 1264 2146 se
1279 2119 1403 2151 referret,
1419 2120 1534 2147 audiens
1545 2120 1733 2155 continuoque

946 2164 1099 2199 indulgens,
1122 2167 1152 2191 ut
1173 2165 1255 2191 etiam
1278 2165 1369 2192 missis
1392 2173 1611 2200 quoquoversum
1636 2166 1732 2193 edictis

908 2214 929 2241 Ι)
943 2217 993 2245 per
1010 2217 1105 2237 omnes
1122 2209 1228 2244 imperii
1254 2213 1341 2236 terras
1363 2211 1494 2242 sanxerit,
1521 2215 1550 2237 ut
1566 2211 1662 2238 litterae
1683 2219 1731 2246 pa-

940 2256 1066 2283 triarchae
1077 2256 1287 2291 perscriptaeque
1298 2256 1453 2283 voluntates
1464 2264 1629 2292 quocunque
1642 2257 1731 2284 missa:

940 2310 956 2329 a
979 2302 1086 2330 cunctis
1110 2302 1232 2329 locorum
1253 2302 1456 2336 magistratibus
1479 2302 1519 2329 sic
1540 2303 1731 2337 exciperentur

941 2353 969 2374 et
990 2347 1160 2375 exsecutioni
1183 2347 1394 2380 mandarentur,
1417 2352 1545 2382 tanquam
1569 2348 1591 2376 si
1615 2356 1674 2383 quae
1698 2348 1731 2374 iis

940 2393 1140 2426 indicabantur,
1160 2394 1360 2428 qualiacunque
1378 2393 1477 2426 forent,
1504 2394 1561 2429 ipse
1582 2395 1730 2428 imperator

939 2440 1076 2475 jussissel,
1099 2440 1181 2466 minis
1202 2440 1284 2467 etiam
1300 2447 1442 2474 ptenarum
1458 2441 1580 2475 gravium
1603 2440 1742 2475 ascriptis.

939 2485 967 2513 in
992 2493 1038 2512 eos
1063 2487 1109 2520 qui
1135 2493 1215 2512 secus
1242 2485 1384 2513 fecissent.
1411 2486 1525 2520 Aperuit
1551 2487 1617 2521 quin
1644 2486 1729 2513 etiam

939 2532 1077 2559 custodias
1095 2531 1226 2566 publicas,
1243 2537 1269 2558 et
1284 2532 1384 2559 multos
1400 2532 1455 2559 illic
1469 2533 1644 2559 detentorum
1667 2532 1730 2559 vin-

940 2579 1009 2605 culis
1042 2578 1142 2611 solvit;
1173 2578 1310 2605 damnatis
1334 2586 1443 2613 quoque
1475 2579 1588 2613 gratiam
1618 2578 1730 2605 indulsit

940 2624 1065 2658 supplicii
1085 2621 1200 2654 decreti.
1222 2623 1332 2650 exsules
1351 2624 1500 2655 revocavit,
1518 2627 1546 2650 et
1556 2623 1655 2657 quibus
1670 2627 1731 2650 crat

939 2669 1024 2696 iratus
1037 2669 1202 2696 condonavit
1214 2669 1343 2702 oﬂ'ensas,
1359 2669 1543 2696 intercedente
1556 2669 1723 2704 patriarcha.

975 2747 1020 2774 25.
1038 2746 1070 2774 Ut
1096 2746 1198 2773 solum:
1226 2746 1393 2808 analfemalte
1420 2747 1563 2780 imperator
1577 2747 1656 2780 fuerit
1677 2755 1694 2773 ιι

1304 2789 1409 2808 οεευιο.

1304 2789 1409 2814 oseplta.

978 2849 1071 2878 Adfuit
1096 2849 1205 2878 tandem
1234 2850 1343 2879 decreta
1367 2850 1539 2886 imperatoris
1561 2849 1727 2880 absolstioni
