1936 3069
85 139 139 170 757

557 139 605 167 DE
633 135 827 167 MlClI.lELE
848 133 1077 164 PALEOLOGO
1096 133 1166 164 ΠΒ.
1191 134 1238 163 IV.

1663 131 1716 162 758

85 195 238 229 θυγατέρα,
267 193 396 219 ἐϐούλετο
419 193 463 220 διὰ
486 193 586 228 κήδους
609 192 810 227 βεϐαιώσασθαι
830 190 877 224 τὴν
898 194 913 218 Α
931 198 981 220 τει,
1003 190 1026 215 οἱ
1043 188 1124 215 δ’ὐπ“
1148 189 1244 222 ἐκείνῳ
1261 187 1352 212 πολλοί
1378 193 1406 211 τε
1426 186 1503 216 ὄντες
1520 186 1567 212 καὶ
1593 185 1716 219 μέγιστοι

85 243 210 277 εἰρήνην.
222 238 278 266 Ἦν
296 240 350 274 γὰρ
364 240 411 266 καὶ
425 239 512 271 ἄλλως
524 241 538 266 ὁ
557 240 684 274 Ἰωάννης
701 239 875 273 δραστήριος,

86 287 124 318 ὡς
141 287 188 313 καὶ
201 288 234 321 τῇ
248 287 303 312 τῶν
319 287 544 320 ἐπιτηδευμάτων
560 285 691 320 ταχύτητι
705 285 752 311 σὺν
767 286 799 320 τῇ
814 293 846 310 πε
853 285 878 318 li).

87 333 138 364 τὰς
156 333 247 367 μάχας
266 332 372 358 συνέσει
397 333 444 358 καὶ
467 332 528 359 λίαν
545 332 748 366 ἁριστουργεῖν,
775 331 820 357 καὶ
837 331 878 361 εἰς

87 379 147 410 δέος
164 380 209 404 τδν
229 378 366 413 δεσπότην
385 378 516 409 πολλάκις
532 377 628 409 ἐτίθει,
645 379 681 412 μή
698 386 755 408 πως
767 379 813 403 καὶ
828 377 878 402 αὒ-

88 424 136 451 τὸν
148 424 376 458 ἐπιτηδευόμενος
392 423 616 458 παρακρκύταιτο
628 424 674 450 καὶ
687 424 718 458 τῇ
736 423 787 457 τῆς
801 423 879 457 νίκης

89 469 182 505 ἀδοξίᾳ
196 469 353 504 περιϐαλεῖν
367 469 506 504 δυνηθείη.
526 469 576 497 Διὰ
593 469 678 494 ταῦτα
697 469 743 494 καὶ
758 468 879 498 σπεύσας

89 518 102 544 ὁ
115 517 243 551 βασιλεὺς
259 515 320 542 λίαν
336 516 424 550 σοφῶς
442 525 470 542 τε
492 517 539 542 καὶ
556 515 684 550 ἀσφαλῶς
704 515 752 550 τὴν
773 515 877 541 ἐκείνου

91 561 353 597 προκιτελάμῦανεν
380 561 498 593 εὔνοιαν,
525 561 572 587 καὶ
598 561 646 596 τὴν
669 561 805 595 θυγατέρα
830 560 876 587 τοῦ

96 609 221 636 Ἰωάννου
235 608 274 643 τῷ
289 607 394 642 ἀνεψιῷ
411 607 492 634 αὐτοῦ
510 607 558 633 καὶ
574 607 625 642 υἱῷ
644 606 682 641 τῷ
699 607 748 641 τῆς
764 606 878 641 Μάρθας

95 654 274 690 Ἀνδρονίκῳ,
296 653 408 688 πέμψας
434 653 481 679 καὶ
499 653 547 678 σὺν
572 652 622 678 οὐκ
636 651 714 688 ὀλίγῃ
729 653 795 687 τιμῇ
812 652 880 685 ἀγα-

89 699 158 734 γὼν,
181 699 221 731 είς
248 699 338 733 γάμον
364 698 470 728 ἐδίδου,
498 697 639 730 ὀνομάζων
661 697 691 728 ἐξ
716 696 879 731 ἀξιωμάτων

90 746 135 773 τὸν
155 745 282 781 γαμῦρδν
308 744 397 778 μέγαν
424 743 614 776 κονοςταῦλον,
635 743 680 770 τὸν
703 739 878 778 δῖπενθερὺν

97 789 226 825 Ἰωάννην
255 789 508 823 σεὸαστοκράτορα.
539 788 592 814 Καὶ
622 788 660 823 τῷ
689 788 739 822 μὲν
768 789 879 823 Ἰωάννῃ

90 836 236 863 ἐσπένδετο
255 836 299 862 διὰ
325 835 422 866 ταῦτα,
452 835 499 860 γα).
525 835 587 860 ὅσον
609 834 639 860 τὸ
663 835 745 869 μέρος
762 833 877 866 ἐκείνου,

91 881 239 915 ἀνακωχὰς
252 880 282 906 οὐ
307 880 357 911 τὰς
385 880 487 914 μικρὰς
517 878 590 914 εἶχον
607 879 641 906 τὰ
665 879 719 905 τῶν
739 879 880 914 Ῥωμαίων

92 925 294 961 στρατεύματα.
311 926 347 952 Οὐ
361 927 413 960 μὴν
426 926 454 952 δὲ
468 925 579 952 καὶτῶν
592 925 692 952 λοιπῶν
708 926 883 960 ἀποπεφρον-

92 973 174 1003 τίκει,
197 971 267 998 ἀλλὰ
294 971 377 1003 πολὺς
395 969 429 1006 ἦν
455 971 532 997 ἐνθεν
558 971 608 1006 μὲν
628 972 660 998 ὲκ
689 971 828 1006 Θαλάσσης
845 971 883 1005 τῷ

92 1019 215 1054 ναυτικῷ
233 1018 385 1054 χρώμενος,
407 1017 512 1044 ἐκεῖθεν
528 1018 556 1044 δὲ
572 1018 641 1044 κατὰ
656 1018 706 1052 γῆν
722 1017 883 1052 Τριϐαλλοῖς

91 1073 123 1091 τε
144 1065 192 1091 καὶ
217 1065 357 1099 Ἰλλυριοῖς
389 1063 580 1098 προσεπέχων.
610 1064 665 1089 Καὶ
695 1063 725 1089 τὸ
755 1063 884 1090 ναυτικὸν

91 1108 160 1147 ἦγεν
180 1110 249 1145 ἀνὴρ
269 1110 393 1144 γενναῖος
413 1110 426 1136 ὁ
440 1109 679 1144 Φιλανθρωπηιὸς,
703 1110 882 1144 πρωτοστρά-

92 1165 150 1192 τωρ
166 1157 217 1191 μὲν
230 1156 259 1189 ἐξ
277 1156 367 1188 ἀξίας,
384 1156 430 1182 τοῦ
456 1156 483 1182 δὲ
505 1156 625 1190 μεγάλου
646 1156 738 1187 δουκὸς
757 1157 882 1192 Λάσκαρι

93 1203 197 1237 ἐξώρου
214 1202 289 1234 δντος
302 1203 351 1238 ἤδη
368 1202 414 1228 καὶ
441 1202 477 1237 μὴ
492 1202 548 1228 οἴου
569 1211 597 1229 τε
621 1202 748 1237 πολέμοις
773 1203 884 1238 ὲνασχο-

93 1248 199 1275 λεῖσθαι
221 1250 267 1275 καὶ
286 1249 387 1284 μάχαις
403 1248 434 1274 τὸ
460 1249 548 1283 γῆρας
568 1248 672 1283 ἀνέχων
698 1248 739 1283 [Ρ.
754 1247 819 1283 νον]
835 1249 883 1275 καὶ

93 1296 144 1330 τὴν
159 1294 264 1321 ἐκείνου
282 1294 360 1326 τάξιν
381 1294 558 1329 ἀναπληρῶν.
571 1295 626 1320 Καὶ
637 1296 650 1321 ὁ
667 1295 715 1329 μὲν
731 1295 885 1330 Φιλανορω-

94 1341 180 1377 πηνὸς
193 1341 345 1376 ἐπεφέρετο
358 1342 391 1368 τὰ
406 1343 528 1376 πρωτεῖα
544 1341 590 1367 καὶ
607 1342 663 1372 τοῖς
680 1341 750 1372 ὅλοις
767 1341 882 1368 ἐπεστά-

91 1438 128 1458 ne
147 1430 258 1457 fratrem
277 1430 388 1464 quidem
408 1438 489 1457 suum
513 1435 552 1457 tot
581 1430 754 1458 successibus
776 1430 883 1457 bellicis

92 1477 198 1503 clarum
223 1476 364 1510 despotaln
387 1475 521 1503 Joannem
542 1480 602 1502 tuto
617 1484 678 1503 cum
696 1484 728 1502 eo
746 1476 881 1503 committi

92 1529 175 1556 posse
187 1521 337 1556 imperator
352 1521 475 1554 duceret,
493 1525 619 1548 metuens
634 1521 746 1548 Martem
761 1529 882 1548 commn—
898 1535 919 1563 ρ

92 1575 156 1594 netn
171 1567 362 1602 ancipitesqne
373 1567 527 1601 prmliorum
543 1574 632 1599 casus,
647 1574 698 1594 nec
709 1567 773 1594 satis
786 1567 882 1599 fidens,

93 1613 117 1641 si
133 1613 270 1640 bellarent
287 1612 418 1645 invicem,
443 1620 583 1646 nunquam
606 1617 771 1639 eventurum
793 1616 822 1638 nt
837 1616 884 1638 ant

93 1660 120 1686 vi
132 1664 226 1694 aperta
238 1662 381 1693 superatus
392 1663 439 1685 aut
449 1658 544 1685 fraude
556 1658 758 1685 circumventus
769 1657 882 1692 despota

94 1705 298 1740 prateritarum
312 1704 411 1731 decora
425 1703 577 1737 palmarum
594 1703 720 1738 pudenda
734 1703 810 1730 clade
823 1710 884 1730 cor-

96 1753 246 1783 rumperet.
264 1747 328 1775 Ηιεο
341 1755 390 1783 pro
410 1755 459 1775 sua
476 1747 622 1782 prudentia
641 1747 788 1782 imperator
801 1755 883 1782 repn-

96 1799 167 1827 tans,
186 1795 300 1829 provido
325 1802 476 1829 securoqne
501 1794 617 1821 consilio
639 1801 830 1828 praeoccupare
853 1802 884 1821 ac

95 1841 238 1869 devincire
262 1841 315 1868 sibi
340 1841 522 1876 periculosum
542 1840 728 1867 adversarium
751 1840 882 1873 decrevit,

93 1893 120 1915 et
138 1892 304 1915 consecutus
318 1887 389 1921 quod
405 1891 512 1922 optarat
532 1886 686 1917 videbatur,
708 1886 760 1913 ﬁlia
771 1886 884 1913 Joannis

92 1932 186 1965 istius,
202 1933 236 1960 de
255 1939 307 1966 qua
326 1932 393 1962 dixi,
411 1931 580 1966 splendidoa
598 1939 627 1959 se
647 1932 730 1959 misso
752 1932 883 1959 comitatu

91 1986 106 2006 ο
123 1982 238 2014 paterna
261 1979 342 2005 domo
358 1978 625 2012 Constantinopolim
648 1978 775 2011 deducta,
797 1978 884 2005 collo-

91 2024 179 2052 canda
205 2024 397 2051 Tarcltaniotie
423 2024 581 2051 Andronico
601 2024 716 2059 Augusti
745 2024 840 2059 nepeti
870 2033 884 2053 e

90 2077 188 2098 Sorore
208 2070 323 2102 Martha,
339 2070 448 2104 quando
469 2077 600 2105 generum
620 2070 725 2104 pariter
747 2078 886 2098 socerum-

90 2124 145 2153 que
164 2116 247 2143 novis
263 2116 440 2151 amplissimis
459 2115 644 2150 imperatoria:
656 2116 725 2143 aula:
742 2117 883 2151 dignitati-

89 2163 143 2191 bus
168 2162 337 2193 honestavit,
365 2166 494 2197 nepotem
517 2163 627 2197 quidem
649 2170 729 2189 suum
756 2170 884 2198 magnum

931 236 968 265 εἰς
998 234 1130 269 λοχαγοὺς
1154 234 1201 260 καὶ
1218 232 1418 266 ταγματάρχας
1445 230 1492 257 καὶ
1521 229 1646 264 κὸμητας
1669 229 1718 255 καὶ

930 281 1083 315 ναυάρχους
1109 280 1260 306 ἐτάττοντο.
1286 277 1316 304 Ὀ
1354 277 1407 312 γὰρ
1440 275 1530 306 στόλος
1557 274 1639 304 πολὺς
1671 273 1717 300 καὶ

931 326 1042 357 πολλαῖς
1059 326 1153 351 ναυσὶν
1165 323 1320 359 ἐξηρτύετο,
1333 323 1381 353 τὰς
1398 322 1488 357 μέντοι
1499 330 1530 355 γε
1545 320 1610 351 ναῦς
1623 320 1718 354 ἄνδρες

931 373 1065 408 ἐπλήρουν
1085 371 1215 402 νεανικοὶ,
1242 371 1290 402 τὰς
1315 370 1404 404 ὁρμὰς
1428 368 1474 394 καὶ
1498 368 1546 399 τὰς
1565 365 1718 402 προθυμίας

931 417 1106 452 λαφυκτικοὶ,
1122 418 1146 443 οἱ
1162 417 1213 444 ἀνὰ
1232 417 1281 450 τὴν
1302 415 1380 443 πόλιν
1396 413 1550 449 Γασμοῦλοι
1577 412 1634 447 (οὓς
1656 411 1688 438 ἂν
1703 412 1716 438 ὁ

935 465 1070 498 Ῥωμαῖος
1095 463 1210 496 διγενεῖς
1235 461 1319 496 εἴποι)
1349 462 1380 487 ὲκ
1408 459 1552 494 Ῥωμαίων
1576 457 1716 492 γυναικῶν

931 509 1107 545 γεννηθέντες
1123 509 1179 540 τοῖς
1197 508 1321 539 Ἰταλοῖς,
1339 507 1414 534 ἄλλοι
1430 514 1460 532 τε
1479 502 1601 531 πλεῖστοι
1619 503 1651 529 ὲκ
1663 502 1718 529 τῶν

930 556 1077 588 Λακώνων,
1089 554 1136 586 οὒς
1150 555 1197 581 καὶ
1205 554 1354 586 Τζάκωνας
1369 552 1606 587 παραφθείροντες
1615 550 1727 583 ἔλεγον..

929 602 976 634 οὒς
991 602 1022 628 ἐκ
1036 610 1065 627 τε
1083 600 1188 634 Μορὲου
1208 599 1255 625 καὶ
1270 599 1324 625 τῶν
1338 598 1456 624 δυτικῶν
1473 595 1577 631 μερῶν,
1593 594 1651 630 ἅμα
1673 593 1724 629 μὲν

929 647 1055 678 πολλοὺς,
1064 645 1122 680 ἅμα
1129 645 1156 671 δὲ
1164 646 1210 671 καὶ
1224 644 1370 679 μαχίμους,
1381 643 1439 678 ἅμα
1449 641 1557 676 γυναιξὶ
1566 641 1724 671 καὶτέκνοις
1740 665 1750 674 ρ

930 695 969 724 είς
983 690 1269 719 Κωνσταντινούπολιν
1282 689 1432 724 μετῴκιζεν
1446 689 1459 714 ὀ
1475 686 1686 723 κρατῶν.Ἷίσαν
1698 685 1720 712 δ’

929 739 1020 770 αὐτοῖς
1038 738 1083 764 καὶ
1099 739 1138 769 εἰς
1154 736 1297 772 ὑπηρετῶν
1312 735 1386 767 τάξιν
1399 735 1422 761 οἱ
1440 733 1610 768 πανταχόθεν
1623 740 1721 766 προσε-

929 785 1040 816 λῶντες,
1051 784 1087 815 ὡς
1097 784 1172 814 εῐτις
1181 783 1251 809 εἴποι
1261 781 1332 816 νηῶν
1342 782 1382 812 είς
1391 781 1421 807 τὸ
1435 780 1552 815 πρόσθεν
1564 778 1669 811 ἐλάται,
1679 777 1726 808 οὒς

932 829 1070 865 πανταχοῦ
1085 829 1138 856 τῶν
1155 829 1215 855 κατ’
1233 827 1373 862 αἰγιαλοὺς
1394 826 1492 862 χωρῶν
1509 824 1610 856 καλούς
1630 833 1660 851 τε
1678 825 1726 851 καὶ

896 869 918 895 Β
939 876 1083 907 πλείστους
1098 875 1233 907 ἀπέταξεν
1245 876 1258 901 ὁ
1278 873 1388 909 κρατῶν
1399 880 1405 887 ·
1422 873 1452 899 οὐ
1469 872 1522 906 γὰρ
1538 869 1571 908 ἦν
1593 871 1724 905 ἀσφαλῶς

935 923 1061 956 κατέχειν
1075 923 1123 957 τὴν
1136 921 1213 948 πόλιν
1226 922 1288 952 τοὺς
1306 919 1472 954 Ῥωμαίους,
1487 918 1525 950 ὡς
1540 918 1620 949 αὐτὸς
1633 917 1724 951 ἔλεγε,

937 970 974 1004 μὴ
991 969 1020 995 τὸ
1035 969 1089 995 πᾶν
1105 967 1406 1002 θαλασσοκρατοῦντας.

935 1026 986 1058 κζ’.
1002 1026 1101 1058 Ὅπως
1113 1025 1160 1051 καὶ
1176 1025 1303 1057 ὁπόσαις
1317 1023 1465 1058 δυνάμεσι
1481 1020 1725 1058 στρατηγοῦφττος

969 1061 1022 1088 τοῦ
1036 1055 1197 1088 δεσὲτότου,
1211 1059 1260 1085 καὶ
1275 1055 1323 1085 ἐπὶ
1338 1055 1401 1090 τοῖςῖ
1416 1056 1549 1088 δυτικοῖς
1574 1055 1726 1089 συχνάκις

969 1094 1222 1130 ἐπιχωριάζοντος,
1243 1095 1279 1120 τὰ
1297 1092 1462 1120 ἀνατολικὰ
1479 1091 1636 1118 ἀπώλοντο

970 1154 1030 1181 Τῶν
1043 1154 1098 1189 γὰρ
1114 1153 1185 1180 κατὰ
1199 1153 1250 1187 γῆν
1267 1152 1402 1186 δεσπότης
1431 1150 1558 1185 Ἰωάννης
1575 1149 1727 1185 ἐξηγούμε-

935 1210 979 1232 νος
997 1200 1113 1230 πολλοὺς
1130 1200 1176 1225 καὶ
1194 1199 1330 1234 μεγάλους
1353 1197 1426 1233 εῖχεν
1445 1197 1490 1231 ὑφ’
1510 1197 1585 1232 αὺτῷ
1607 1204 1728 1231 στρατη-

935 1247 1011 1280 γοὺς,
1031 1246 1062 1272 τὸ
1087 1246 1114 1272 δὲ
1141 1244 1339 1280 στρατιωτικὸν
1366 1245 1394 1270 ἐν
1418 1243 1567 1277 ἀλλαγίοις,
1587 1242 1624 1274 ὡς
1647 1241 1726 1268 αὐτοὶ

935 1294 1015 1326 φαῖεν
1043 1291 1076 1318 ἂν
1100 1292 1123 1317 οἱ
1150 1291 1196 1317 ἐπὶ
1222 1291 1276 1316 τῶν
1303 1290 1455 1324 ταγμάτων
1481 1287 1725 1323 κοινολογούμενοι,

936 1338 1073 1368 aristaeo:
1101 1337 1270 1363 συνίςταντο.
1297 1333 1352 1362 τΗν
1379 1335 1433 1370 γὰρ
1457 1334 1487 1360 τδ
1518 1333 1726 1368 Παφλαγονικὸν

935 1435 1004 1457 state
1029 1428 1136 1456 cunctis
1160 1427 1303 1455 navalibus
1328 1426 1415 1461 copiis
1438 1424 1600 1460 praefectus,
1623 1423 1673 1450 sub
1694 1429 1724 1450 se

935 1481 1026 1504 autem
1047 1475 1166 1502 habebat
1180 1474 1281 1501 multos
1296 1477 1323 1500 et
1340 1473 1474 1500 maximos
1485 1471 1570 1498 titulis
1582 1469 1726 1506 praefectué

937 1528 1029 1548 rarum
1057 1519 1232 1546 inferioribus
1263 1518 1402 1553 insignes,
1427 1517 1569 1549 tribunos,
1596 1515 1724 1542 ordinum

936 1567 1075 1599 ductores,
1089 1567 1215 1597 comites,
1231 1564 1394 1591 mvarchos.
1404 1562 1505 1590 Classis
1517 1562 1616 1597 quippe
1628 1568 1725 1594 magna

936 1615 1005 1643 erat,
1031 1611 1134 1646 ingenti
1156 1614 1286 1637 constans
1310 1617 1426 1636 numero
1446 1608 1556 1635 navium
1580 1608 1724 1642 plenarum

935 1659 1001 1685 ﬂore
1022 1657 1151 1692 pugnacis
1166 1661 1192 1683 et
1208 1656 1294 1683 avidae
1309 1655 1463 1690 prmdarum
1475 1654 1640 1690 jnventutis.
1660 1653 1725 1680 Pars

935 1704 1016 1737 bujns
1024 1710 1056 1730 ex
1067 1703 1134 1729 urbe
1141 1701 1271 1735 Gasmuli,
1296 1709 1364 1735 quos
1376 1701 1516 1728 Romanus
1539 1701 1661 1736 digenes,
1674 1701 1725 1728 hoe

937 1753 980 1777 est
997 1749 1096 1784 duplici
1113 1749 1206 1775 mistos
1225 1755 1323 1783 genere
1342 1748 1456 1779 diceret,
1479 1755 1493 1774 c
1512 1747 1644 1774 Romanis
1663 1755 1725 1774 mu—

936 1796 1046 1823 lieribus
1061 1799 1088 1822 et
1104 1795 1169 1822 viris
1186 1795 1262 1822 ltaiis
1279 1797 1367 1826 natos,
1390 1794 1434 1821 alii
1452 1794 1574 1828 plerique
1590 1802 1622 1820 ex
1635 1794 1722 1821 Laco-

931 1841 1018 1875 nibus
1038 1841 1101 1875 (bos
1117 1841 1212 1876 vulgus
1232 1844 1362 1875 corrupte
1377 1841 1517 1866 Tzaconas
1539 1840 1641 1874 vocat),
1656 1847 1725 1875 quos

936 1887 974 1914 uti
991 1895 1024 1914 ex
1038 1887 1140 1920 Moreo,
1157 1887 1195 1914 sic
1208 1887 1275 1914 alios
1286 1894 1318 1914 ex
1333 1887 1462 1914 Occidnis
1481 1887 1612 1921 partibus,
1626 1886 1726 1914 multos

935 1932 1134 1967 bellicososque
1150 1941 1211 1960 cum
1230 1933 1360 1960 uxoribus
1378 1937 1406 1959 et
1418 1933 1511 1960 liberis
1526 1933 1724 1960 Constantino-

937 1979 1020 2013 polim
1039 1979 1072 2005 ad
1090 1979 1185 2006 urbem
1201 1978 1427 2013 frequentandam
1444 1979 1593 2014 imperator
1609 1983 1726 2006 transtu-

937 2025 1016 2051 lerat.
1032 2024 1155 2051 Aderant
1167 2024 1208 2051 his
1223 2025 1331 2051 abunde
1351 2024 1398 2060 qui
1416 2025 1552 2052 servirent
1566 2025 1725 2052 ministeriis

936 2071 1054 2098 nauticis
1068 2071 1250 2105 undecunque
1262 2071 1361 2101 coacti.
1374 2079 1443 2106 quos
1455 2071 1630 2099 Proselontas
1644 2073 1725 2108 vulgo

938 2122 1047 2149 vocant,
1064 2117 1140 2151 quasi
1162 2117 1268 2144 diceres
1287 2117 1397 2144 navium
1412 2118 1438 2144 in
1458 2118 1596 2144 anteriora
1612 2118 1725 2153 propul-

937 2171 1024 2195 sores,
1046 2162 1226 2190 valentissimi
1246 2163 1373 2198 remiges,
1389 2171 1458 2198 quos
1473 2172 1487 2191 e
1504 2168 1602 2190 cuncta
1620 2164 1722 2191 circum

90 2208 287 2236 conostanlnm
301 2228 309 2241 ,
339 2207 472 2234 Joannem
511 2211 602 2234 autem
640 2207 885 2235 sebastocratorem
901 2210 923 2237 ι)
939 2215 986 2235 ora
1002 2207 1138 2234 maritima
1159 2207 1363 2235 robustissimos
1378 2213 1404 2235 et
1421 2208 1552 2242 plurimos
1567 2210 1724 2244 congregari

90 2262 201 2282 creans.
228 2255 258 2281 in
288 2254 362 2281 hunc
387 2253 500 2280 modum
529 2261 579 2288 pax
600 2261 662 2280 cum
685 2253 767 2288 309
779 2254 884 2281 Joanne

90 2299 254 2331 constituta,
273 2302 300 2325 et
312 2299 389 2332 quies
406 2298 440 2325 ab
455 2298 506 2326 bac
520 2298 630 2333 quidem
648 2303 724 2333 parte
738 2299 885 2326 securitas-

89 2354 144 2381 que
164 2353 219 2372 non
242 2345 338 2380 exigua
362 2344 466 2372 firmata
488 2344 619 2372 Romanis
641 2350 682 2372 cst
703 2345 881 2372 exercitibus.

89 2391 144 2420 Sed
163 2398 217 2418 nec
237 2391 341 2425 reliqua
362 2398 458 2417 curare
474 2391 623 2425 imperator
641 2391 806 2426 negligcbat,
820 2391 884 2419 hinc

87 2438 202 2473 quidem
218 2437 245 2463 in
260 2437 330 2463 mari
346 2441 459 2464 strenue
472 2437 558 2464 classe
574 2445 630 2464 rem
646 2445 754 2473 gerens,
773 2437 838 2464 inde
855 2437 883 2465 in

87 2485 256 2512 continente
267 2491 321 2509 non
339 2483 449 2518 scgnius
463 2483 638 2511 terrestribus
653 2484 738 2519 copiis
752 2483 885 2511 Triballos

85 2529 251 2565 Illyriosque
270 2529 420 2556 observans
444 2533 470 2556 et
491 2529 602 2556 admoto
622 2529 687 2557 mali
706 2534 780 2557 metu
799 2529 825 2556 in
841 2530 882 2557 of-

86 2576 150 2603 ﬁcio
160 2574 417 2610 continens.‘ClzIssi
434 2580 550 2610 praeerat
565 2575 826 2611 Philanthropenus,
842 2576 884 2603 vir

86 2623 181 2654 fortis,
201 2621 334 2656 dign’tatc
349 2622 459 2648 interim
474 2625 667 2656 protostrator.
685 2627 812 2649 creterum
829 2630 884 2649 ma-

86 2669 134 2703 gni
155 2668 236 2694 ducis
254 2667 387 2698 Lascaris,
405 2676 462 2695 mro
478 2667 534 2702 jam
554 2668 625 2694 elfeti
643 2675 694 2694 nec
711 2676 759 2702 per
775 2672 882 2695 mtatcm

87 2714 149 2741 fere
172 2713 342 2748 decrepitam
367 2709 483 2748 amplius
511 2714 566 2748 apti
597 2714 670 2741 curis
690 2715 883 2749 laboribusque

87 2759 210 2791 bellicis,
231 2760 259 2786 in
276 2759 322 2786 illo
336 2759 445 2786 maximi
463 2760 576 2787 horteris
591 2760 670 2787 titulo
683 2761 882 2788 successionem

87 2808 266 2838 exspectans,
282 2804 440 2838 intercaque
458 2805 549 2831 locum
565 2805 624 2838 ejus
640 2813 670 2832 ac
688 2805 761 2832 vices
777 2805 883 2833 obiens.

88 2848 128 2876 Ac
156 2849 411 2883 Pliilantbropenns
435 2851 545 2884 quidem
573 2857 698 2885 suprema
722 2856 779 2878 erat
806 2855 883 2883 pote—

938 2257 1084 2280 curaverat
1094 2252 1243 2288 Angustus,
1257 2253 1420 2287 intelligens,
1428 2254 1509 2289 310
1516 2255 1587 2289 quod
1599 2260 1624 2282 et
1634 2255 1725 2283 dicere

938 2300 1054 2332 solebat,
1072 2307 1212 2330 nunquam
1235 2299 1262 2326 in
1285 2300 1352 2327 urbe
1368 2307 1481 2328 securos
1498 2301 1636 2329 Romanos
1656 2302 1723 2334 fore,

937 2346 988 2373 nisi
1003 2350 1061 2373 toto
1082 2346 1137 2373 late
1154 2346 1223 2373 mari
1239 2347 1326 2373 classe
1341 2347 1442 2374 invicta
1454 2347 1670 2375 dominarentur.

935 2402 979 2428 27.
999 2401 1030 2428 Ut
1047 2401 1170 2428 [lanuuiis
1180 2403 1304 2429 maximis
1318 2404 1409 2436 copiis,
1421 2403 1486 2429 dure
1493 2402 1734 2437 despolaloannc,

972 2438 1066 2478 crearo
1091 2438 1118 2463 in
1143 2437 1274 2464 Occiduos
1305 2442 1404 2465 tractus
1435 2439 1542 2471 aversis,
1576 2437 1724 2466 Orientales

970 2477 1106 2506 pertermt.

971 2529 1038 2556 Nam
1067 2535 1138 2557 terra
1164 2529 1192 2557 in
1220 2534 1279 2558 tuto
1303 2537 1347 2557 res
1368 2530 1540 2563 videbantur,
1556 2530 1660 2557 Joanne
1687 2529 1723 2557 ibi

936 2577 1047 2611 dcspota
1063 2577 1155 2604 multis
1177 2577 1358 2612 maximisque
1374 2584 1424 2604 suo
1445 2584 1473 2604 se
1493 2577 1606 2604 ducibus
1625 2585 1722 2604 nunne-

937 2630 1014 2649 rosas
1042 2627 1070 2649 et
1096 2623 1184 2650 bonas
1209 2623 1302 2658 copias
1328 2628 1449 2659 regente.
1478 2623 1654 2650 Conﬂabatnr
1680 2624 1724 2651 hic

936 2669 1074 2696 exercitus
1089 2677 1124 2696 ex
1139 2669 1330 2696 ditlerentibus
1349 2669 1513 2703 corporibus
1530 2674 1557 2696 et
1573 2670 1647 2697 velut
1667 2669 1724 2697 col-

936 2715 1015 2749 legiis
1040 2715 1168 2745 militum,
1193 2723 1253 2749 quae
1278 2714 1381 2749 Allagia
1409 2715 1497 2742 solent
1520 2715 1658 2750 appellare
1676 2716 1723 2750 qui

936 2760 1094 2787 militarium
1117 2760 1248 2787 vocabula
1273 2760 1400 2787 ordinum
1421 2760 1511 2796 lingua
1528 2760 1645 2788 efferunt
1659 2762 1722 2789 vnl-

935 2805 1003 2841 ειη-ἱ.
1033 2804 1123 2832 Unum
1143 2809 1203 2832 erat
1226 2804 1467 2841 Paphlagonicnm,
1494 2813 1670 2833 numerosum
1695 2811 1723 2834 et

936 2851 1097 2884 maximum,
1113 2851 1185 2878 aliud
1202 2859 1264 2878 cum
1283 2856 1307 2879 et
1323 2851 1411 2887 ipsum
1431 2851 1604 2880 multitudine
1621 2855 1678 2879 tum
1694 2853 1727 2881 vi
