1936 3069
62 98 107 128 ’ΧΠ

540 97 590 127 DE
608 96 804 127 MICHAELE
826 96 1057 127 PALIEOLOGO
1077 97 1150 127 LIB.
1175 98 1225 128 IV.

1630 99 1684 130 778

60 156 241 190 στρατοπέδου
271 156 398 191 βαδίζων,
421 155 502 188 εὐθύς
522 163 551 182 τε
579 154 848 191 μετασχηματίζεται
863 157 886 185 Α
900 153 1014 190 λιπαρεῖ
1031 155 1151 191 βοηθεῖν,
1169 157 1210 188 είς
1236 156 1328 183 πίστιν
1343 156 1370 183 δὲ
1398 155 1452 183 τῶν
1471 156 1591 184 σπονδῶν
1618 157 1683 183 ἐαυ-

61 201 106 227 καὶ
134 201 248 236 χλαῖναν
266 201 316 236 μὲν
345 201 477 236 μέλαιναν
505 199 686 236 περιτίθεται,
711 200 807 234 κρατεῖ
824 199 846 226 δ’

59 249 107 275 ἀνὰ
121 251 216 285 χετρας
232 249 317 276 ἵππου
335 250 450 285 ῥυτῆρα,
468 250 513 276 καὶ
529 249 601 276 κατὰ
619 249 773 284 θεράποντα
797 257 846 284 μευ

60 294 300 328 τασκευασάμενος
327 295 513 322 καθευδόντων
540 294 604 329 περὶ
637 293 721 329 μέσας
745 294 847 323 νύκτας

60 339 130 365 ina-1
144 339 176 365 τὸ
189 339 370 374 στρατόπεδον
381 339 481 374 διεξῄει
495 339 711 375 ὲρωτηματικῶς
717 339 847 373 ἐκφωνῶν

61 384 187 419 συχνάκις
196 393 229 411 πε
235 386 261 420 p‘t
269 385 353 411 ἵππου
359 385 440 419 δῆθεν
451 384 630 415 ἀπολωλότος.
641 384 695 410 Καὶ
703 385 728 410 οἱ
739 383 788 419 μὲν
797 391 847 410 κα.

59 430 203 464 τημέλουν,
219 432 243 457 el
254 431 283 457 δὲ
294 431 341 457 καὶ
357 430 539 465 ἀπελογοῦντο
552 430 657 457 ἔνδοθεν
671 430 724 457 τῶν
740 430 847 465 σκηνῶν

61 476 96 510 μὴ
109 475 172 502 [δεῖν
184 476 214 502 τὺ
229 476 349 508 σύνολον,
360 477 464 503 ἐκείνου
479 476 565 503 καὶτὰ
581 476 620 507 είς
632 475 741 510 εὕρεσιν
749 476 846 510 δαψιλῆ

60 521 341 555 καθυπισχνουμένου.
367 522 423 549 Καὶ
445 521 515 548 οὕτω
537 521 627 548 λαθὼν
647 521 695 552 τὰς
719 522 847 548 ἁπάντων

59 567 172 599 γνώσεις
187 566 336 593 ἀπολύεται
352 567 400 602 μὲν
412 566 460 593 τοῦ
477 567 633 602 Ῥωμαῖκοῦ
651 566 846 601 στρατοπέδου,

59 612 250 644 ἑνσκευασθεὶς
265 613 294 639 δὲ
310 613 358 647 ἅμ’
373 612 422 647 ἐφ,
440 612 487 639 καὶ
512 612 545 639 δι’
557 612 663 647 ἀδήλων
680 612 730 644 τὰς
754 612 848 646 Θήϐας

59 658 86 683 ὲν
100 658 220 693 ήμέραις
237 658 362 693 μετρίαις
377 657 551 689 καταλαϐὼν,
569 656 683 692 μηδενὸς
695 656 750 683 τῶν
764 656 846 683 αὐτοῦ

59 703 159 734 ιιδὸτος
173 703 247 737 (οὐδὲ
265 704 321 738 γὰρ
332 703 357 729 οι
374 703 449 730 ἔνδον
461 702 578 737 Πατρῶν
589 702 661 738 πλὴν
672 703 727 730 τῶν
738 703 847 730 οίκείων

58 749 104 775 καὶ
121 746 163 780 οἷς
194 749 337 775 ἐπίστευεν
356 749 466 784 ᾔδεσαν,
493 748 518 775 οἳ
540 748 573 783 δὴ
597 750 644 775 καὶ
668 749 712 782 ἐφ’
729 749 847 784 ἡμέραις

57 794 170 829 ἔμελλον
196 795 354 827 συσκιάζειν
373 794 403 821 τὸ
427 794 520 829 δρᾶμα
541 795 599 826 τοῖς
618 794 647 821 ὲν
661 795 694 830 τῇ
716 794 792 821 πόλει
809 794 847 830 μὴ

57 840 222 875 φαινομένου
239 840 287 867 τοῦ
311 840 458 875 Ἰωάννου),
476 841 566 866 ἐκεῖσε
582 839 672 866 τοίνυν
695 839 742 867 τὸν
757 840 846 875 μέγαν

55 886 152 922 κύριον
163 886 380 919 καταλαμῦάνει,
395 885 595 920 ὁμωνυμοῦντά
610 885 634 911 οἱ
648 884 692 920 [Ρ.
704 885 770 921 εὶΞΙ]
784 885 846 920 (Συ-

57 931 197 966 ριωάννης
211 931 266 965 γὰρ
279 930 350 957 κατὰ
365 929 489 964 γλῶτταν
506 929 638 965 ἐλέγετο),
651 929 699 957 καὶ
717 929 749 965 δὴ
761 938 846 965 προσ-

57 1021 232 1056 rumpentlis.
263 1020 422 1048 excidendis
450 1019 545 1052 vineis,
572 1019 692 1054 denique
717 1019 796 1054 ipsis,
822 1019 844 1046 si

56 1067 185 1102 accipere
194 1066 283 1093 oblata
292 1069 459 1098 recusarent,
471 1069 599 1100 tanquam
615 1065 740 1092 hostibus
753 1064 848 1091 inexo-

57 1113 184 1140 rabiliter
194 1112 318 1145 infensis,
333 1112 408 1141 omni
421 1111 486 1139 belli
498 1111 577 1138 clade
590 1111 747 1146 perdendis,
760 1116 848 1146 quan-

59 1162 199 1192 tacunque
215 1157 295 1192 327
312 1157 346 1184 ad
365 1156 393 1184 id
417 1155 611 1191 perﬁciendum
627 1155 758 1191 patientia
778 1162 848 1190 opus

58 1209 142 1232 esset.
169 1205 236 1231 Nam
262 1203 312 1230 sibi
336 1203 476 1230 abundare
501 1203 599 1234 otium,
615 1206 643 1229 ct
654 1202 733 1229 unice
752 1209 849 1230 vacare

59 1251 152 1278 soluto
163 1251 238 1278 curis
253 1250 323 1282 aliis,
339 1249 537 1284 quantumlibet
549 1248 668 1282 spatium
683 1249 710 1276 in
723 1256 754 1276 ea
772 1249 847 1276 obsi-

58 1297 143 1324 dione
168 1303 340 1324 consumere.
362 1295 437 1322 Talia
453 1295 626 1322 denuntianti
655 1294 774 1329 despotaa
799 1295 850 1322 Pa-

59 1347 169 1368 trenses
184 1341 242 1368 sive
254 1349 316 1368 vere
324 1341 482 1375 sinceraque
496 1340 596 1367 mentis
606 1340 723 1376 propriae
735 1344 848 1367 senten-

59 1387 110 1419 tia,
140 1387 199 1413 sive
219 1387 255 1414 ita
281 1386 434 1413 faciendum
458 1390 632 1422 suggerente,
660 1393 742 1421 quem
773 1386 848 1413 intus

57 1439 157 1459 secum
171 1432 318 1463 habebant,
332 1432 437 1459 Joanne
450 1431 531 1463 duce,
546 1435 688 1459 mansuete
711 1430 849 1459 modeste-

57 1486 113 1513 que
129 1478 330 1512 respondcbant
344 1481 530 1510 ;excusantcs,
543 1482 676 1504 maturam
685 1476 713 1503 in
723 1476 849 1512 praesenti

58 1532 120 1552 rem
136 1533 191 1551 non
209 1532 271 1551 esse
283 1533 290 1557 ;
302 1524 462 1559 suppliciter
471 1528 583 1551 orantes
600 1523 702 1550 remitti
718 1523 849 1558 tantisper

60 1570 280 1605 oppugnationis
317 1570 462 1604 impetus;
488 1576 619 1604 magnum
651 1567 741 1596 brevis
767 1575 849 1595 morte

59 1617 181 1651 pretium
201 1616 354 1648 fore;nam
371 1623 400 1642 se
412 1615 520 1642 interim
545 1614 712 1642 confirmatis
732 1614 848 1647 viribus,

60 1662 110 1689 ubi
127 1661 266 1696 pncsidio,
293 1661 366 1696 quod
395 1661 553 1696 impositum
579 1660 732 1688 cervicibus
747 1659 849 1695 perfer-

61 1711 135 1737 rrnt,
154 1707 301 1733 elui-tando
316 1706 383 1734 satis
406 1710 527 1740 possent,
548 1705 640 1733 omnia
671 1713 731 1740 quat
754 1712 849 1740 posce-

59 1758 159 1780 rentur
183 1752 329 1780 eﬂ'ecturos
348 1756 376 1780 et
404 1751 536 1779 Joannem
563 1751 590 1778 in
620 1759 696 1778 suam
711 1751 848 1778 redactum

60 1802 226 1832 potestatem
242 1798 399 1824 tradituros.
411 1796 517 1823 Auditae
527 1803 620 1829 preces
634 1800 706 1823 sunt.
732 1795 778 1823 Vis
792 1802 850 1823 sus-

60 1844 194 1877 penditur
209 1843 296 1875 ;ﬁdes
310 1846 485 1878 exspectatur
502 1843 711 1877 promissorum.
727 1841 848 1876 Longum

61 1889 88 1914 in
104 1888 149 1915 bis
163 1893 269 1922 tempus
296 1888 364 1921 abit,
387 1888 451 1915 hinc
476 1887 655 1915 Patrensibus
678 1887 706 1914 in
733 1887 848 1914 artiﬁcio

59 1934 136 1970 quod
178 1934 309 1969 prodesse
335 1939 467 1968 coeperat,
495 1933 621 1968 gnaviter
651 1933 848 1968 perstantibus,

60 1981 125 2008 inde
139 1981 271 2008 Romanis
282 1987 330 2015 spe
345 1980 396 2007 sibi
411 1987 481 2007 vana
495 1979 616 2006 victoria:
627 1979 759 2014 proximat
771 1979 849 2006 blan-

59 2029 212 2056 dientibus.
231 2027 287 2055 Hoc
303 2027 419 2054 articulo
448 2034 539 2054 rerum
563 2027 721 2053 tentandum
747 2025 849 2060 aliquid

60 2072 194 2110 magnan
212 2074 268 2102 dux
295 2073 416 2100 Joannes
433 2072 584 2103 constituit.
601 2071 722 2098 adhibita
738 2071 765 2098 in
782 2079 849 2098 con-

60 2121 167 2152 silium,
178 2124 276 2154 przeter
285 2119 334 2153 ipsi
342 2118 500 2145 familiarem
512 2117 686 2151 innatamque
696 2117 848 2150 audaciam,

896 202 953 233 τοῖς
971 202 1021 228 καὶ
1041 201 1120 237 κῆδος
1141 202 1226 229 ἐτίθει
1254 202 1392 236 γενέσθαι,
1404 201 1441 233 ὡς
1469 201 1562 228 λαϐεῖν
1579 202 1684 229 ἐκεῖνον

898 247 1026 282 γαμϐρὸν
1049 247 1095 273 ἐπὶ
1120 248 1246 283 θυγατρί.
1274 248 1303 274 '0
1317 248 1346 274 δὲ
1369 248 1456 283 μέγας
1478 247 1572 282 κύριος
1593 247 1685 274 Ἰωάν-

898 300 948 327 νης
966 301 1001 319 τα
1026 292 1088 319 καθ’
1105 293 1187 319 αὑτὸν
1212 293 1261 328 μὲν
1286 294 1446 328 παρῃτεῖτο,
1470 293 1508 324 ὡς
1534 292 1596 327 μηδ’
1614 291 1684 319 εἷναί

898 338 922 364 οί
937 338 1050 365 δυνατὸν
1070 338 1117 364 ἐπὶ
1149 338 1265 373 συζυγίᾳ
1286 338 1493 373 καταληφθῆναι
1517 338 1625 364 ἀσθενεῖ
1652 345 1685 371 γε

897 383 954 410 δντι
986 384 1032 409 καὶ
1058 383 1181 418 ποδάγρα
1210 384 1283 418 δεινῇ
1311 384 1536 418 προσπαλαίοντι,
1570 382 1684 417 ἀδελφὸν

898 428 926 454 δέ
941 429 965 454 οἱ
983 427 1052 455 εἶναι
1069 429 1114 454 τὸν
1131 429 1214 456 παῖδα
1240 429 1412 464 Γουλίελμον,
1434 429 1463 456 ὃν
1479 429 1525 456 καὶ
1540 429 1580 460 εἰς
1601 429 1684 464 κῆδος

897 471 952 500 οἷον
962 475 1064 503 ἐκεῖνος
1078 474 1220 509 προῦτεινε
1232 475 1279 501 καὶ
1289 474 1350 501 λίαν
1362 476 1498 509 χρήσιμον
1507 474 1681 510 παρεδείκνυ.

904 519 984 546 Ἀλλὰ
994 519 1029 546 τὰ
1044 520 1091 554 μὲν
1105 520 1152 546 τοῦ
1168 520 1264 555 κήδους
1279 520 1327 547 καὶ
1339 520 1450 555 ὕστερον
1467 520 1542 553 ἔλεγε
1557 519 1684 554 τελεσθή-

898 564 993 591 σεσθαι
1014 564 1068 591 τῶν
1089 564 1322 600 συναλλαγμάτων
1344 565 1488 600 κειμένων,
1504 565 1518 591 ὃ
1530 565 1562 600 δὴ
1579 565 1625 591 καὶ
1638 565 1685 599 γι-

898 619 959 644 γονε
971 619 979 627 ·
992 611 1052 637 τότε
1065 611 1093 637 δὲ
1109 611 1282 646 τριακοσίους
1303 611 1502 646 καὸαλλαρίους
1517 611 1578 642 δοὺς
1597 611 1682 645 αὐτῷ,

896 656 914 692 ἢ
930 657 977 684 καὶ
1003 656 1124 689 πλείους,
1144 657 1182 688 ὡς
1210 657 1329 690 λέγεται,
1352 656 1382 688 ὲξ
1408 657 1492 691 αὐτῆς
1512 656 1682 691 ἀποπέμπει.

897 702 996 738 ἄνδρας
1011 702 1140 738 ἀρεῗκοὺς
1162 702 1211 729 καὶ
1223 702 1330 729 πολλῶν
1344 711 1424 730 τινων
1447 701 1685 737 καθυπερτεροῦν-

896 756 955 780 τας.
974 747 1029 780 Οὓς
1055 747 1145 774 λαϐὼν
1169 748 1216 774 καὶ
1231 749 1287 779 τοῖς
1301 747 1384 774 αὐτοῦ
1403 747 1556 782 προσμίξας
1576 747 1620 774 διὰ
1635 755 1684 774 τα-

898 794 978 828 χέων,
993 793 1031 826 ὡς
1049 794 1145 829 μηδενὶ
1161 794 1317 829 φωραθείη,
1339 794 1435 828 καιρὸν
1449 794 1619 829 ἐπιτηρήσας
1635 794 1685 827 ἐμ-

897 839 991 866 πίπτει
1021 839 1075 866 τῶν
1096 840 1274 875 πραχθέντων
1300 838 1337 874 μὴ
1365 839 1536 874 αἰσθομένοις
1563 839 1631 874 μηδὲ
1657 847 1684 865 τι

897 884 1093 921 προσδοκῶσιν,
1110 885 1167 912 ἀλλ’
1182 886 1211 912 ὲν
1235 885 1327 912 ἀνέσει
1357 886 1474 920 παντοίᾳ
1497 885 1621 919 διάγουσι
1638 885 1682 911 λο-

897 930 1004 965 γισμῶν
1018 930 1056 962 ὼς
1077 930 1151 957 ἔνδον
1175 930 1415 964 ἐγκεκλεισμένου.
1439 930 1514 962 Τέως
1533 930 1562 957 δὲ
1578 930 1616 962 ὡς
1631 931 1674 956 εἰσ

900 1019 1013 1055 impune
1026 1019 1148 1054 trajectis
1161 1027 1243 1054 quam
1257 1019 1312 1046 late
1325 1019 1455 1054 patebant
1468 1018 1567 1047 castris
1585 1018 1684 1045 [toma-

900 1065 946 1093 nis
958 1066 1106 1098 universis,
1127 1065 1178 1093 sub
1193 1072 1320 1092 auroram
1340 1072 1387 1100 per
1408 1065 1465 1092 vias
1484 1064 1604 1092 occultas
1614 1071 1684 1091 con-

898 1111 985 1138 tendit
995 1110 1103 1139 Thebas
1112 1118 1219 1142 versus,
1239 1118 1294 1146 quo
1321 1111 1417 1146 paucis
1438 1111 1535 1139 diebus
1557 1111 1685 1145 inexspe-

901 1158 1071 1185 ctatissimus
1086 1158 1223 1193 pervenit.
1238 1156 1372 1190 Quienim
1393 1157 1429 1184 ibi
1445 1156 1595 1192 quidquam
1611 1163 1683 1190 pra:-

901 1205 1009 1233 moneri
1038 1205 1072 1232 de
1087 1205 1236 1240 323ejus
1251 1205 1368 1232 adventu
1383 1206 1529 1240 potuisset,
1550 1211 1631 1239 quem
1650 1212 1684 1230 ne

899 1252 1046 1279 Patrenses
1058 1251 1167 1286 quidem
1182 1251 1268 1279 l’atris
1279 1252 1430 1279 excessisse
1443 1251 1532 1279 adhuc
1542 1256 1683 1281 noverant,

899 1298 994 1332 paucis
1010 1297 1063 1324 illis
1079 1297 1293 1325 domesticorum
1309 1297 1422 1331 factum,
1447 1297 1526 1331 cujus
1543 1297 1592 1324 soli
1606 1302 1684 1323 erant

899 1344 1014 1377 conscii,
1030 1344 1130 1372 silentii
1145 1344 1217 1378 quod
1233 1348 1328 1371 sancte
1344 1344 1526 1379 promiserant
1543 1343 1597 1371 ﬁde
1611 1351 1684 1370 sum-

900 1396 944 1416 ma
958 1389 1122 1423 celantibus,
1136 1395 1164 1417 et
1180 1395 1260 1424 prout
1273 1394 1441 1417 comcnerat
1453 1389 1567 1416 Joannis
1584 1389 1679 1416 absen‘

900 1435 965 1462 tiam
997 1435 1150 1470 legentibus
1173 1435 1290 1463 artilicio
1306 1435 1385 1463 facile
1399 1439 1540 1463 avertente
1562 1435 1684 1462 curiosas

863 1495 884 1525 Β
902 1480 1073 1515 suspiciones
1085 1481 1210 1508 sollicitae
1225 1482 1376 1516 prasertim
1393 1486 1420 1509 et
1444 1481 1497 1508 alio
1513 1485 1624 1508 attenta!
1636 1481 1682 1508 tali

907 1530 981 1554 statu
996 1526 1126 1553 civitatis.
1143 1526 1179 1553 At
1189 1526 1308 1554 Joannes
1331 1534 1458 1562 magnum
1473 1526 1574 1554 Thebis
1597 1526 1686 1554 domi-

899 1580 965 1600 num
982 1572 1085 1600 invertit
1099 1573 1150 1600 sibi
1170 1573 1380 1608 cognominem:
1407 1572 1572 1608 Syrioannes
1584 1572 1684 1607 quippe

900 1618 993 1653 lingua
1012 1618 1067 1645 illic
1084 1618 1183 1646 usitata
1200 1618 1361 1646 vocabatur.
1377 1618 1455 1645 Hunc
1471 1618 1565 1646 adiens
1581 1618 1682 1645 inﬁmis

899 1665 1027 1699 precibus
1040 1669 1102 1691 orat
1120 1669 1150 1691 ut
1165 1664 1216 1690 sibi
1245 1664 1404 1696 auxilietur,
1432 1664 1524 1691 oblata
1541 1664 1568 1691 in
1583 1665 1684 1699 pignus

899 1709 1014 1737 fmderis
1029 1710 1137 1744 propria
1170 1710 1226 1737 lilia
1242 1709 1294 1744 ipsi
1307 1715 1438 1745 nuptura.
1456 1709 1496 1737 Ad
1511 1717 1543 1737 ea
1568 1718 1684 1745 magnus

899 1756 1027 1784 dominus
1043 1756 1162 1784 Joannes
1174 1756 1289 1790 negabat
1305 1764 1333 1784 se
1345 1761 1437 1791 aptum
1455 1757 1568 1791 nuptiis,
1584 1758 1684 1792 quippe

899 1809 962 1829 cum
993 1801 1073 1829 malis
1089 1802 1227 1835 desperati
1242 1802 1354 1829 remedii
1374 1801 1445 1833 aliis,
1464 1806 1520 1829 tum
1539 1803 1682 1830 iueurabili

899 1847 1050 1882 praesertim
1071 1847 1255 1874 conﬂictatum
1272 1847 1402 1882 podagra.
1421 1847 1473 1875 Sed
1492 1846 1603 1875 fratrem
1628 1848 1681 1876 sibi

899 1901 961 1921 esse
977 1894 1179 1921 adolescentem
1191 1893 1369 1927 Gulielmum,
1381 1902 1463 1930 quem
1481 1895 1508 1922 in
1522 1895 1601 1923 istam
1623 1896 1682 1922 alli-

899 1940 1014 1966 nitatem
1041 1940 1093 1966 sibi
1118 1940 1198 1967 valde
1213 1941 1357 1975 probatam
1374 1945 1400 1968 et
1418 1941 1555 1975 utrimque
1577 1941 1683 1976 judica-

900 1989 955 2012 tam
971 1986 1065 2013 utilem
1084 1985 1204 2013 offerret.
1225 1995 1234 2012 ι
1258 1985 1356 2013 Verum
1378 1986 1447 2017 lucc,
1465 1996 1474 2012 ›
1493 1987 1591 2022 inquit,
1606 1987 1682 2022 «jam

900 2038 972 2058 nunc
987 2031 1056 2058 inter
1070 2039 1120 2058 nos
1135 2036 1269 2059 conventa
1288 2039 1339 2059 suo
1364 2032 1490 2059 videlicet
1514 2033 1683 2060 curabuntur

900 2080 1033 2110 tempore,
1055 2085 1065 2101 ι
1086 2080 1167 2110 prout
1187 2081 1229 2104 est
1256 2085 1349 2104 revera
1377 2077 1492 2109 factum,
1510 2078 1569 2105 istis
1581 2077 1680 2105 deinde

903 2121 955 2148 rite
987 2120 1133 2148 celebratis
1161 2121 1285 2155 nuptiis:
1302 2131 1310 2146 I
1340 2129 1412 2148 nunc
1432 2126 1462 2147 ut
1491 2121 1565 2155 quod
1600 2122 1682 2148 instat

59 2171 186 2192 extrema
200 2164 366 2192 necessitate
389 2171 480 2191 rerum
508 2170 621 2190 suarum
638 2162 735 2190 ultimo
750 2163 806 2198 jam
820 2163 846 2190 in

900 2170 1107 2200 praevertamus,
1123 2165 1216 2199 accipe
1233 2173 1248 2192 a
1268 2173 1311 2192 me
1328 2166 1428 2192 auxilia
1444 2174 1505 2200 qute
1517 2166 1651 2200 pustulas.
1669 2175 1677 2191 ι

59 2210 224 2237 discrimine
246 2209 443 2244 pendentium:
471 2212 554 2235 noctu
575 2215 624 2243 per
648 2208 717 2235 ﬁdos
735 2215 847 2243 paucos,

58 2257 170 2291 juratos
189 2261 293 2281 arcano
315 2254 417 2281 factum
435 2253 589 2285 habituros,
604 2252 711 2280 demitti
726 2259 755 2279 se
770 2259 848 2279 cura-

58 2302 99 2328 vit
131 2301 244 2328 funibus
265 2307 313 2335 per
341 2306 461 2331 murum,
477 2303 555 2326 veste
582 2302 662 2324 antea
678 2301 792 2329 mutata,
815 2304 849 2324 ne

57 2350 155 2381 po-set
177 2344 298 2380 agnosci.
324 2344 393 2371 Tum
414 2349 514 2371 uterat
535 2349 601 2377 sago
612 2342 690 2377 nigro
714 2341 741 2368 in
755 2341 849 2368 famuli

57 2392 182 2426 speciem
196 2392 327 2422 larvatus,
342 2390 404 2425 equi
419 2390 541 2417 habenas
554 2395 635 2415 manu
647 2392 753 2418 tenens,
768 2390 849 2414 nocte

57 2437 197 2464 concubia
224 2435 425 2463 dormientibus
453 2435 569 2467 cunctis,
588 2441 637 2469 per
649 2433 739 2461 media
751 2433 850 2460 transit

56 2487 162 2513 castra,
180 2481 327 2508 identidem
357 2481 497 2516 inquirens
521 2480 639 2515 supplici
666 2480 798 2512 clamore,
825 2479 848 2506 si

56 2528 121 2561 quis
144 2528 230 2554 sciret
262 2535 316 2562 quo
340 2527 453 2554 abiisset
481 2527 532 2554 sibi
559 2527 669 2561 elapsus
692 2532 778 2560 equus
799 2525 849 2552 do-

55 2573 139 2605 mini,
163 2577 316 2599 monstrare
341 2580 375 2599 ne
398 2576 556 2607 gravaretur
583 2580 589 2598 :
616 2579 740 2606 magnam
757 2571 848 2598 indicii

55 2617 215 2644 mercedem
241 2616 308 2643 fore.
335 2616 381 2643 Sic
406 2621 517 2643 euntem
547 2616 569 2643 si
598 2615 644 2650 qui
658 2615 753 2650 vigiles
774 2615 849 2642 vide-

57 2661 137 2692 bant,
160 2660 308 2695 procedere
325 2660 465 2692 sinebant,
488 2659 558 2686 nihil
577 2659 726 2694 suspicati:
742 2659 788 2687 alii
800 2659 848 2686 ab-

56 2706 73 2732 d
88 2706 310 2733 titabernaculis
335 2713 403 2740 quos
427 2713 541 2733 somnus
565 2706 599 2732 ab
631 2704 767 2732 audiendo
795 2713 848 2733 non

58 2755 178 2782 arceret,
196 2750 367 2785 negligenter
396 2750 500 2778 reddita
516 2751 590 2777 intus
615 2757 681 2778 voee
700 2745 850 2784 responde-

59 2795 124 2823 bant
146 2801 279 2831 negantes
298 2803 399 2830 equum
414 2796 465 2823 sibi
490 2795 590 2822 visum.
603 2795 631 2822 ln
647 2795 720 2823 hunc
736 2795 846 2824 modum

226 2843 363 2885 Parnon.
385 2843 444 2873 Gn.
466 2840 588 2872 CXLIII

899 2210 1030 2244 Datisque
1043 2210 1084 2238 illi
1099 2210 1256 2238 caballariis
1271 2211 1410 2242 trecentis,
1437 2216 1495 2243 aut,
1515 2216 1544 2238 ut
1569 2211 1681 2246 quidam

900 2261 1038 2288 asserunt,
1056 2256 1193 2291 pluribus,
1211 2264 1273 2284 eum
1299 2257 1433 2284 continuo
1450 2257 1566 2285 dimisit.
1597 2257 1682 2283 Erant

901 2301 928 2328 lii
945 2301 1090 2328 bellatores
1112 2301 1255 2328 lectissimi
1272 2308 1377 2334 omnes,
1395 2301 1570 2336 pluriumque
1596 2301 1683 2329 instar

900 2346 1010 2381 singuli.
1026 2345 1080 2373 llus
1093 2346 1151 2374 suis
1166 2346 1300 2374 admistos
1316 2354 1422 2374 summa
1439 2347 1579 2374 celeritate
1610 2347 1681 2381 pari-

900 2399 953 2426 que
979 2391 1099 2424 silentio,
1125 2399 1159 2418 ne
1195 2392 1249 2418 ullo
1270 2399 1351 2419 sensu
1381 2392 1417 2419 rei
1449 2399 1510 2426 qua:
1534 2393 1681 2426 parabatur

900 2436 993 2464 hostes
1027 2437 1250 2470 admonerentur,
1280 2438 1378 2465 castris
1402 2438 1435 2464 ad
1463 2437 1559 2464 Patras
1587 2438 1681 2472 positis

900 2481 1059 2513 admovens,
1072 2481 1099 2508 in
1116 2489 1147 2509 ea
1164 2486 1319 2516 opportuno
1336 2487 1445 2517 captato
1473 2487 1594 2517 tempore
1615 2483 1681 2509 totis

899 2526 1005 2553 viribus
1019 2526 1156 2561 irrumpit.
1185 2527 1432 2559 (lmninm_horum
1450 2535 1565 2562 prorsus
1593 2527 1679 2562 ignari

900 2570 1016 2599 Romani
1035 2577 1123 2604 erant,
1138 2572 1206 2599 nihil
1225 2578 1280 2599 tum
1299 2573 1389 2600 minus
1416 2580 1498 2608 quam
1518 2573 1569 2600 tale
1601 2572 1683 2607 quid-

900 2617 972 2650 piam
993 2621 1194 2652 exspectantes.
1212 2617 1295 2651 Quin,
1313 2623 1343 2646 ut
1370 2619 1398 2646 in
1423 2619 1521 2653 supina
1536 2620 1684 2647 securitate

881 2698 888 2704 _
900 2661 958 2688 ﬁeri
976 2666 1060 2693 amat,
1078 2663 1105 2689 in
1118 2663 1208 2690 omnis
1234 2671 1264 2691 se
1294 2664 1404 2698 generis
1419 2664 1595 2692 remissiones
1611 2663 1682 2691 rela-

900 2713 1042 2740 nverant,
1060 2715 1138 2735 curas
1156 2708 1279 2736 solvente
1295 2714 1409 2738 cunctas
1427 2710 1568 2745 opinione,
1590 2709 1635 2738 cui
1654 2714 1684 2736 ut

900 2752 1064 2780 certissimae
1090 2753 1300 2788 acquiescentes
1327 2757 1574 2791 persuasissimum
1599 2755 1684 2785 liabe-

900 2798 968 2826 bant
982 2796 1115 2827 Joannem
1133 2800 1228 2839 utique
1242 2801 1353 2840 decem,
1369 2810 1384 2833 a
1405 2810 1461 2840 quo
1491 2813 1546 2833 uno
1561 2809 1686 2833 metuere

1428 2853 1468 2882 25
