1936 3069
268 70 321 101 779
870 65 1032 97 GEORGII
1055 65 1296 96 PACHYMER/E

1821 64 1867 95 780

267 127 359 154 σάλλει
380 125 445 152 ποτὲ
466 124 578 159 στρατὸς
601 124 766 155 ἀκούσαντες
781 123 874 158 σχ;δδν
900 122 1054 163 ὲταράχθῃ‹
1068 128 1092 154 Α
1113 122 1235 157 Ἐκλίνθη
1246 122 1292 157 δή
1307 122 1391 158 μάχη,
1405 120 1483 150 εἶπεν
1494 123 1526 149 ἄν
1542 131 1584 154 τις
1599 123 1758 158 ποιητικῶς,
1771 123 1809 149 καὶ
1821 119 1867 149 τῶν

268 180 330 204 σαν,
348 170 509 205 ἀγνοοῦντες
519 170 550 196 τὸ
564 169 666 204 δρᾶμα.
682 168 748 194 Τότε
762 168 852 194 τοίνυν
867 164 1054 202 συμμίξαντες

267 217 344 244 ἔνθεν
366 217 414 251 μὲν
430 216 454 242 οἱ
476 216 541 249 περὶ
556 216 601 240 τὸν
621 215 739 249 Ῥιμψᾶν
755 213 867 248 Πέρσαι,
887 212 955 239 πολὺ
979 212 1006 239 δὲ
1024 211 1055 238 me.

272 261 426 295 Ῥωμαϊκὸν
445 260 493 286 καὶ
523 260 548 286 oi
575 259 638 294 περὶ
665 259 711 284 τὸν
738 258 871 292 δεσπότην
900 257 1052 292 κράτιστοι,

266 307 371 333 ἐκεῖθεν
386 306 413 332 δὲ
436 306 461 331 oi
477 306 542 339 περὶ.
561 306 607 330 τὸν
627 304 754 338 Ἰωάννην
782 304 877 329 Ἰταλσὶ
893 304 940 329 καὶ
965 303 990 328 cl
1007 304 1053 329 αὑ-

266 352 312 378 τοῦ
329 351 419 378 πολλοί
432 359 463 385 γε
476 351 551 380 δντες
566 351 613 376 καὶ
627 350 743 384 μάχιμοι
759 349 986 384 συνερρήγνυντο.
999 349 1054 374 Καὶ

267 396 454 432 συμπεσόντες
477 396 564 428 ὀλίγοι
581 394 690 425 πλείους
706 394 812 420 ἐνίκων,
829 393 859 419 Οἱ
884 393 932 427 μὲν
947 392 1001 426 γὰρ
1020 393 1052 426 τῇ

266 443 327 469 κατ’
345 441 444 472 αὐτοὺς
458 440 585 472 συντάξει
602 439 766 474 υαῤῥοῦντες
777 438 900 472 ἀκμῆτες
916 438 992 469 ὄντες
1006 438 1053 464 καὶ

266 488 296 519 ἐξ
308 487 392 520 αὐτῆς
408 487 512 520 ἕτοιμοι
525 484 689 519 προσϐαλεῖν
702 483 774 509 κατὰ
785 482 883 516 τρόπον
895 482 1051 508 ἐνέπιπτον·

264 533 290 559 oi
306 532 333 558 δὲ
358 531 438 558 τοῦτο
459 530 506 565 μὲν
533 531 572 565 τῷ
595 529 791 564 ἀπροσδοκήτῳ
818 527 1052 560 καταπλαγέντες,

265 579 344 604 τοῦτο
356 577 383 602 δὲ
398 577 445 602 καὶ
459 575 560 607 πλῆθος
583 576 736 609 σύμμικτον
747 573 834 605 ὄντες,
850 573 878 599 ὲν
891 570 932 604 οἷς
947 573 1052 606 ἀνάγκη

266 625 312 650 καί
332 631 406 653 τινας
425 623 470 648 καὶ
503 622 577 656 παρά
603 620 632 646 τὸ
650 619 738 654 χρεὼν
763 619 904 654 ὀρρωδεῖν,
929 618 1053 650 ἀτάκτως

265 669 314 696 καὶ
326 669 362 699 ὡς
373 668 403 694 οὐ
418 667 492 701 σφίσι
508 666 670 701 ϐαρῤοὖντες
689 665 833 699 ἐμάχοντο.
847 664 902 689 Καὶ
915 664 990 695 τέλος
1003 663 1051 697 τῆς

265 715 376 749 πρώτης
392 712 530 746 φάλαγγος
545 711 702 744 ἐκλυθείσης
712 710 740 736 αἱ
756 709 868 736 κατόπιν
884 711 912 735 ἐν
923 709 953 734 οὖ
968 717 1053 743 προσ-

264 760 397 794 ηκούσαις
421 758 532 789 δειλίαις
562 754 641 791 ἦσαν,
666 755 713 781 καὶ
737 753 967 788 συνεταράσσοντο
991 753 1052 779 καθ’

265 805 363 836 αὐτοὺς
387 803 592 839 Θορυόούμενοι,
616 801 664 827 καὶ
689 800 786 836 μικρὺν
810 799 1052 830 ὀπισοιιποδοῦντες

264 851 340 882 τέλος
356 851 394 881 εἰς
409 850 496 884 φυγὴν
515 847 640 882 ἔϐλεψαν,
659 847 704 873 καὶ
718 847 762 872 τὸν
784 845 917 881 πρότερον
935 846 948 871 ὁ
965 844 1050 870 ἐπιὼν

264 896 422 930 κατηπόδει,
438 894 556 928 κάκείνῳ
568 893 647 923 ἄλλος
660 891 822 927 προσέπαιε,
839 890 887 917 καὶ
901 890 972 916 οὕτω
986 899 1052 924 συγ-

263 942 390 977 χυθέντες
413 940 561 966 ἀπεδύοντο
588 939 636 972 μὲν
649 938 683 963 τά
698 937 777 968 ὅπλα,
802 937 918 963 ἀπέλυον
935 936 962 963 δὲ
989 937 1052 968 τοὺς

265 989 349 1014 ἵππου
370 1007 376 1017 ,
403 986 450 1012 καὶ
468 985 558 1020 μόνοις
585 984 664 1009 ποσὶν
691 982 878 1018 ἐθάρρουν-τὸ
905 981 1051 1014 σώζεσθαι,

264 1033 351 1059 πολλὰ
370 1032 416 1059 τοῦ
433 1031 563 1058 δεσπότου
579 1029 609 1056 τὸ
627 1030 675 1063 μὲν
692 1028 871 1059 συνιστῶντος
884 1029 922 1058 εἰς
939 1027 1051 1062 θάῤῥος,

263 1081 293 1106 τ),
310 1079 332 1105 δ’
352 1077 538 1110 ἀπειλοῦντος,
555 1076 613 1102 ἐστι
627 1075 650 1102 δ’
665 1071 695 1101 οὗ
711 1083 742 1109 γε
763 1075 809 1101 καὶ
824 1073 1050 1109 παροτρύνοντος,

265 1172 368 1207 aliquid
377 1175 513 1206 poterant,
522 1169 681 1197 conclusum
691 1167 774 1195 teneri
785 1175 857 1199 arcc,
866 1173 946 1201 quam
955 1165 1052 1193 arctis-

263 1219 334 1246 sima
346 1218 429 1253 329
443 1216 623 1251 ipsiundique
635 1214 778 1242 obsidione
794 1213 914 1240 cireumc
926 1216 1049 1247 ngerent.

263 1266 303 1293 Ad
322 1265 435 1300 primam
453 1263 534 1298 igitur
548 1261 753 1297 impressionem
779 1267 807 1286 re
823 1259 945 1286 videlicet
963 1257 1051 1291 ino,vi-

263 1311 406 1338 natissima
432 1308 551 1344 perculsi
573 1307 729 1341 turbatique
745 1305 831 1344 nostri
849 1312 943 1332 omnes
968 1307 1049 1330 sunt:

263 1360 398 1384 steterunt
428 1360 518 1382 tamen
536 1354 564 1380 in
594 1353 678 1380 armis
704 1343 793 1379 Persae
822 1352 873 1378 sub
890 1350 1048 1384 Ilimpsane,

258 1409 361 1436 aitagua
380 1407 442 1434 pars
449 1399 563 1426 Romani
578 1397 723 1429 exercitus,
739 1397 766 1423 iu
782 1396 878 1431 primis
891 1403 955 1423 vero
970 1395 1050 1423 Joan-

1104 167 1152 193 τοῦ
1167 167 1296 194 δεσπότου
1309 167 1405 201 φωνῶν
1420 167 1544 202 ὴλόγουν.
1558 168 1622 202 περὶ
1635 167 1733 193 ἑαυτοῦ
1748 169 1868 203 τεῖρεμιί‹

1105 219 1159 237 νων
1173 211 1298 242 ἕκαστος.
1319 212 1415 246 ᾯοντο
1430 212 1484 247 γὰρ
1500 212 1538 247 μὴ
1551 212 1725 247 τριακοσίους
1741 213 1756 248 ἢ
1768 213 1806 239 καὶ
1817 213 1871 239 τοὺ-

1107 265 1160 283 των
1174 257 1329 288 διπλασίους
1344 257 1361 292 ἢ
1378 258 1425 284 καὶ
1438 257 1562 289 πλείονας
1581 256 1650 284 εἶναι
1662 266 1669 274 ·
1688 258 1755 284 ἀλλὰ
1767 257 1800 292 τῷ
1810 259 1872 284 κατὰ

1106 302 1176 336 σφᾶς
1194 302 1292 336 πλήθει
1304 301 1335 328 τὸ
1350 302 1450 337 πλῆθος
1462 302 1517 328 τῶν
1530 303 1684 329 ἀντιπάλων
1696 303 1740 338 ιηΡ.
1753 303 1806 339 2‘22]
1817 303 1874 338 ὥρι-

1105 347 1161 380 ζον,
1183 348 1220 378 ὡς
1235 347 1285 374 οὐκ
1308 348 1340 373 ἂν
1368 347 1571 383 θαρρησάντων,
1587 349 1612 374 εί
1638 349 1675 383 μή
1693 357 1724 382 γε
1742 350 1783 375 καὶ
1804 349 1874 375 αὐταὶ

1105 393 1214 424 πλείους
1230 393 1305 423 ὄντες
1321 393 1377 424 τοῖς
1397 394 1486 425 τόσοις
1504 393 1634 429 ἐπῄεσαν.
1661 395 1728 420 Τότε
1748 395 1787 420 καὶ
1805 395 1818 420 ὁ
1836 394 1876 419 δε-

1106 438 1206 473 σπότης
1224 439 1470 474 ἀποκαραδοκήσας
1486 440 1581 474 τρέπει
1598 448 1627 466 τε
1649 439 1769 475 χαλινοὺς
1780 440 1821 466 καὶ
1834 440 1876 466 τὸν

1105 484 1187 510 ἵππον
1206 484 1291 515 ἀνιεὶς
1319 484 1388 510 κατὰ
1411 485 1509 518 κράτος
1533 484 1641 519 φεύγει.
1672 485 1816 512 Κάντεῦθεν
1844 483 1875 520 ἦν

1105 529 1215 563 βλέπειν
1236 529 1332 560 ἄλλους
1361 530 1410 564 μὲν
1428 530 1589 562 πίπτοντας,
1610 531 1707 563 ἄλλους
1728 532 1753 558 δὲ
1774 525 1888 565 φεύγον-Δ

1103 583 1163 606 τας,
1182 575 1244 606 τοὺς
1261 575 1288 601 δὲ
1305 575 1417 610 θάμνοις
1437 577 1642 611 κρυπτομένους
1658 577 1704 603 καὶ
1719 577 1781 611 πρὸς
1789 577 1816 603 τὸ
1829 577 1875 602 σὼ-

1104 619 1198 651 ζεσθαι
1218 620 1349 647 ἱκετεύειν
1365 621 1489 656 ἑτοίμους
1507 621 1598 653 ὄντας,
1620 622 1714 653 ἄλλου;
1729 622 1751 648 δ’
1763 623 1878 658 ἀπορρῶ-

1103 675 1154 699 γας
1169 667 1216 692 καὶ
1231 666 1334 702 πέτρας
1359 667 1630 702 καταλαμσάνοντας,
1649 668 1744 699 ἄλλους
1766 668 1787 694 δ’
1806 668 1877 700 αὖθις

1103 712 1303 746 ἀπαγομένους,
1315 713 1423 739 ὁπόσων
1436 713 1452 747 ὴ
1469 712 1548 748 λίχνη
1562 715 1621 748 χεὶρ
1631 714 1743 740 ἐκείνων
1760 715 1801 740 καὶ
1818 715 1880 750 api;

1103 757 1132 782 τὸ
1148 757 1277 791 σφάττειν
1292 757 1429 793 ἀπότομος
1453 758 1493 793 τῷ
1510 759 1652 794 μεταϐολῳ
1674 761 1723 793 τῆς
1739 759 1816 795 τύχης
1831 769 1879 794 μα-

1103 801 1259 836 λασσομένη
1284 803 1359 836 παρὰ
1373 803 1402 830 τὸ
1418 804 1496 836 δόξαν
1522 805 1612 838 σφίσιν
1638 805 1766 839 ἐφείδετο.
1783 806 1846 832 [list
1860 805 1880 831 ὅ

1104 848 1120 882 ἠ
1135 849 1215 882 μοῖρα
1227 846 1260 883 ἦν
1280 848 1401 883 ὄλεθρος,
1425 849 1542 884 σώμασι,
1559 851 1709 884 χρήμασιν,
1732 851 1828 883 ὅπλοις,
1841 852 1881 878 ir:-

1103 902 1175 924 ποις,
1201 895 1292 925 αὐτοῖς
1310 895 1440 929 ἐνδύμασι
1453 903 1459 911 ·
1477 895 1507 922 τὸ
1529 897 1583 930 γὰρ
1596 898 1725 930 όμογενες
1739 897 1775 932 μὴ
1798 897 1881 923 διόλου

1103 940 1194 967 ἔπειθε
1216 941 1354 975 σφάττειν,
1370 942 1400 967 τὸ
1425 942 1452 968 δὲ
1469 943 1590 976 γυμνοῦν
1612 943 1658 969 τὴν
1679 944 1773 969 ἁλόντα
1792 943 1828 974 ὡς
1843 946 1882 970 έν.

1101 987 1229 1021 δυμάτων
1254 988 1338 1014 πᾶσιν
1353 988 1395 1014 ἐπ’
1413 988 1473 1022 ἴσης
1498 986 1543 1023 ἦν.
1560 988 1644 1019 Τέλο;
1664 989 1814 1025 φευγόντων
1828 993 1883 1022 ταῖς

1103 1034 1236 1066 φορητοιῖς
1261 1032 1364 1063 οἰκίαις
1389 1033 1545 1067 ἐπιθέμενοι
1565 1033 1618 1059 τῶν
1646 1035 1812 1068 μεγιστάνων
1839 1036 1883 1061 καὶ

1102 1077 1184 1103 αὑτοῦ
1202 1086 1232 1111 γε
1255 1077 1301 1104 τοῦ
1319 1078 1451 1105 δεσπότου
1475 1079 1559 1106 πολὺν
1584 1079 1728 1115 ἐξεχώρουν
1749 1080 1792 1107 τὸν
1809 1081 1885 1108 π).ιῦ-

1104 1170 1198 1198 tndine
1213 1170 1292 1198 unice.
1314 1170 1438 1197 omnium
1455 1178 1543 1198 versa.
1575 1162 1714 1198 Putabant
1729 1172 1800 1199 enim
1833 1181 1884 1199 ron

1103 1222 1241 1243 trecentos
1273 1221 1319 1243 aut
1349 1217 1431 1251 duplo
1464 1217 1576 1251 triplove
1596 1217 1696 1251 plures.
1722 1219 1767 1244 sel
1808 1219 1887 1252 plane

1103 1263 1161 1298 pari
1175 1263 1366 1295 saltem,forte
1396 1263 1536 1298 superiore
1565 1263 1630 1297 ipsis
1660 1272 1773 1290 numero
1797 1264 1888 1291 hostes

1087 1310 1206 1337 instare
1218 1309 1337 1337 victores
1352 1318 1357 1335 :
1372 1309 1508 1344 quomodo
1531 1309 1604 1336 enim
1625 1309 1678 1336 nisi
1707 1310 1889 1337 multitudinis

1101 1356 1150 1383 sibi
1163 1356 1266 1383 conscii
1289 1355 1400 1390 majoris
1426 1355 1506 1382 talem
1536 1355 1687 1382 exercitum
1711 1356 1890 1383 invaderent?

1102 1402 1221 1429 Eatenus
1232 1402 1399 1429 sustinuerat
1410 1401 1523 1436 despota
1536 1401 1596 1428 belli
1608 1407 1707 1429 sortetn
1718 1408 1889 1437 exspectans:

263 1454 312 1474 nes
328 1447 438 1481 despota
450 1452 511 1473 cum
526 1444 683 1472 fortissimis
695 1450 819 1470 suorum.
846 1441 874 1469 lu
895 1442 946 1469 hos
971 1442 1050 1468 inve-
1063 1455 1084 1483 ο
1104 1452 1168 1476 [uno
1193 1447 1301 1474 [andem
1320 1447 1472 1482 desperatis
1490 1447 1561 1474 haud
1584 1448 1667 1475 dubie
1685 1448 1776 1481 rebus,
1803 1450 1891 1476 versis

258 1499 324 1522 ctus
340 1494 393 1520 dux
410 1492 529 1520 Joannes
547 1499 609 1518 cum
631 1490 688 1518 suis
703 1489 786 1522 Italis,
806 1488 929 1523 plurimis
942 1492 970 1514 et
983 1487 1050 1522 ipsis

260 1546 400 1574 manuque
415 1535 637 1573 promptissimis,
655 1543 703 1569 pra
710 1534 776 1561 lium
788 1533 925 1561 commisit
940 1539 1004 1559 aere
1017 1538 1050 1558 ac

262 1589 419 1613 cruentum.
433 1591 487 1618 quo
497 1580 655 1609 Romaniab
673 1579 744 1606 Italis
771 1580 861 1614 plures
880 1586 894 1605 a
918 1577 1051 1613 pauciori-

259 1631 316 1658 bus
328 1631 406 1666 plane
429 1629 491 1656 victi
507 1632 580 1656 sunt.
603 1627 669 1654 Nam
691 1626 718 1653 hi
738 1625 906 1653 confirmatis
938 1624 1048 1655 animis,

255 1677 359 1704 ordine
372 1679 490 1708 servato,
508 1674 592 1701 fortes
603 1672 654 1707 ipsi
682 1670 878 1704 exercitatique
893 1669 1049 1705 congressi-

263 1725 315 1751 bus
326 1722 442 1754 bellicis,
456 1720 542 1756 parati
558 1727 587 1747 re
598 1719 717 1754 provisa,
730 1717 879 1751 disciplina:
895 1716 1050 1743 industria:-

263 1777 317 1804 συθ
331 1769 385 1796 vim
399 1767 580 1795 admiscentes
603 1764 803 1792 ineluctabiletn
829 1763 943 1789 ruebant
961 1762 987 1789 in
1003 1762 1051 1789 ad-

263 1824 368 1844 versos.
384 1815 424 1842 Illi
439 1815 556 1849 primum
570 1819 650 1841 casus
669 1811 790 1838 n0vitate
806 1809 926 1841 attoniti,
949 1809 1050 1836 deinde

264 1868 295 1890 ut
311 1862 406 1896 vulgus
419 1869 434 1888 e
447 1860 522 1887 vario
536 1859 646 1886 mistum
662 1864 761 1892 genere
775 1856 844 1883 niale
871 1855 1048 1887 coita-rentes,

259 1915 317 1935 nec
336 1907 373 1934 ita
386 1906 448 1933 lecti
464 1913 559 1932 omnes
577 1908 605 1931 ut
620 1911 674 1930 non
690 1903 759 1929 inter
776 1901 860 1928 fortes
879 1901 967 1936 ignavi
988 1900 1050 1934 qui-

265 1955 327 1980 dam
342 1953 453 1979 horrore
467 1949 580 1985 periculi
596 1951 742 1976 trementes
756 1946 935 1982 incomposite
951 1953 1051 1980 pugna-

258 2003 327 2026 ‘rent
341 2003 368 2025 et
380 1996 461 2024 diffisi
480 1995 661 2031 praesentibus
684 1994 783 2021 tutiora
794 1992 1047 2027 circumspicerent,

258 2045 472 2073 succubuerunt
486 2042 520 2069 ad
539 2047 703 2069 extremum.
734 2041 818 2067 Porro
837 2040 888 2066 ista
913 2039 1050 2073 phalange

264 2092 356 2127 priore
374 2087 673 2125 dissipatalfractaque,
698 2085 744 2121 qui
760 2089 834 2113 retro
864 2085 890 2112 in
921 2084 1050 2112 subsidiis

264 2138 383 2168 stabant.
399 2135 525 2170 pudendo
544 2133 662 2167 correpti
678 2137 761 2165 metu,
782 2131 922 2159 confusam
952 2135 979 2157 et
1005 2135 1048 2157 tu-
1065 2129 1086 2155 D

264 2182 489 2210 multuabundam
503 2184 640 2214 utcunque
651 2178 812 2214 objicientes
838 2177 936 2209 aciem,
956 2175 1046 2203 statim

264 2229 348 2264 pedes
359 2227 520 2258 retulerunt.
535 2225 613 2252 initio
628 2232 689 2252 enin
708 2223 825 2258 quadam
843 2222 947 2249 ordinis
971 2229 1047 2252 cura,

265 2284 328 2304 mox
344 2274 431 2302 eﬂ'uso
447 2277 551 2300 temere
561 2277 778 2306 quoquoversum
792 2269 896 2303 impetu
909 2267 1048 2301 trudentes

265 2321 383 2349 invicem
395 2319 622 2351 iucurreutesque
643 2316 671 2342 in
697 2322 758 2343 sese
773 2318 878 2345 mutuo,
903 2314 1050 2347 dum-pra:-

266 2372 373 2394 vertere
386 2364 583 2400 praecedentem
597 2361 731 2396 posterior
743 2361 844 2387 studet.
861 2359 984 2392 Denique
993 2359 1049 2393 jam

265 2412 427 2440 confusione
439 2408 602 2445 pnevaicnte
619 2415 667 2441 pro
683 2414 711 2434 se
723 2406 838 2440 quisque
847 2413 922 2431 arma
937 2411 1049 2437 exuere,

264 2466 351 2494 equos
369 2457 518 2487 dimittere,
529 2454 643 2489 pedibus
660 2453 774 2480 salutem
788 2459 921 2486 quaerere,
934 2450 1049 2484 despota

264 2504 377 2538 quidem
403 2506 550 2529 revocante
576 2500 610 2527 ad
633 2498 764 2527 officium.
799 2498 935 2528 hortante,
963 2496 1051 2522 inere-

266 2556 358 2588 pante.
378 2550 467 2577 minas
487 2548 531 2574 tibi
546 2552 642 2574 caetera
661 2553 715 2572 non
742 2544 899 2579 profuerant
923 2542 1049 2574 addente,

266 2602 404 2633 postremo
417 2593 583 2628 eorripieutc
604 2599 686 2618 manu
705 2589 837 2625 quosdam
855 2593 881 2615 et
904 2588 931 2614 in
944 2588 1049 2614 hostem

265 2648 397 2670 vertente.
413 2641 523 2668 Frustra
535 2638 626 2666 omnia
643 2645 649 2662 :
668 2636 797 2664 inclinata
816 2634 912 2666 semel,
939 2638 967 2660 ut
985 2641 1049 2668 poe-

258 2685 319 2717 tice
332 2688 393 2723 quis
404 2687 512 2718 dixerit,
531 2693 632 2720 pugna.
643 2687 717 2710 metti
734 2682 859 2708 videlicet
870 2680 1001 2716 lymphati
1016 2687 1050 2705 ne

259 2735 365 2762 sentire
377 2733 485 2768 quidem
499 2739 578 2759 voces
592 2732 720 2763 despntze,
734 2728 833 2755 nedum
853 2734 948 2754 curare
975 2725 1050 2752 vide-

263 2782 378 2810 bantur.
391 2780 423 2807 ad
443 2778 493 2807 sbi
508 2777 632 2811 privatim
643 2775 724 2810 33o
737 2774 932 2801 consuli-udum
950 2771 1051 2800 solliei-

1100 1493 1162 1525 eqtti
1180 1492 1294 1519 habenis
1319 1491 1347 1519 in
1364 1493 1453 1527 fugam
1468 1499 1497 1520 se
1514 1500 1595 1527 quam
1607 1493 1799 1520 eﬂ'usissimam
1813 1501 1892 1521 aver-

1102 1537 1143 1564 tit.
1161 1536 1298 1571 llincjam
1317 1536 1482 1564 miserabilis
1506 1536 1589 1564 facies
1600 1538 1700 1572 campi.
1726 1537 1888 1566 Videre-sibi

1100 1582 1168 1609 alios
1178 1582 1317 1614 cadentes,
1332 1583 1397 1609 alios
1409 1581 1555 1617 fugientes,
1568 1583 1699 1618 quosdam
1715 1591 1745 1611 se
1759 1583 1893 1612 abdentes

1101 1629 1173 1655 inter
1190 1636 1278 1655 ramos
1296 1628 1482 1659 arbustorum,
1497 1633 1606 1663 paratos
1623 1629 1735 1656 tendere
1753 1629 1894 1664 supplices

1101 1682 1200 1702 manus
1215 1683 1222 1707 ;
1244 1674 1363 1701 tutiores
1374 1674 1441 1701 alios
1453 1674 1571 1702 latrbras
1591 1674 1618 1701 in
1637 1676 1784 1710 praeruptis
1798 1681 1890 1710 petra-

1100 1727 1162 1746 rum
1182 1719 1287 1747 lissuris
1308 1727 1449 1754 quaerere;
1482 1727 1536 1747 non
1565 1728 1667 1755 paucos
1679 1722 1705 1748 iu
1730 1723 1895 1750 servitutem

1102 1765 1182 1796 trahi.
1198 1765 1298 1799 quibus
1311 1764 1439 1791 videlicet
1454 1770 1551 1799 praeter
1572 1773 1647 1800 spem
1672 1772 1815 1800 parcerent
1833 1775 1898 1795 cru-

1100 1811 1174 1838 deles
1188 1810 1251 1838 licet
1266 1810 1318 1838 illa:
1333 1818 1364 1837 ac
1375 1810 1403 1837 in
1433 1811 1520 1837 caedes
1537 1816 1670 1846 prompta}
1683 1819 1793 1844 manus,
1809 1813 1898 1841 satie-

1101 1862 1155 1885 tate
1174 1857 1315 1890 smviendi,
1330 1862 1377 1884 attt
1395 1857 1553 1885 emolliente
1569 1859 1687 1893 quodam
1708 1859 1899 1888 miserationis

1102 1904 1227 1931 humana:
1242 1911 1324 1931 sensu
1338 1904 1366 1930 in
1384 1908 1437 1931 tam
1453 1904 1542 1931 subita
1564 1905 1745 1933 conversione
1760 1905 1899 1933 fortunm.

1101 1949 1193 1976 Fatale
1205 1954 1294 1976 autem
1310 1949 1449 1984 ingruerat
1467 1950 1582 1977 exitium
1598 1951 1707 1978 cunctis
1723 1951 1834 1986 pariter
1852 1959 1900 1979 re-

1101 1996 1161 2027 bus,
1178 1995 1351 2029 c0rporibus,
1379 1995 1514 2030 pecuniis,
1535 1996 1629 2028 armis,
1654 1997 1742 2031 equis,
1770 1998 1902 2025 vestibus

1101 2041 1168 2075 ipsis
1182 2041 1353 2073 miscrorum,
1367 2041 1466 2075 quibus
1478 2041 1500 2068 si
1516 2041 1584 2068 forte
1604 2043 1809 2071 commendatis
1821 2051 1904 2070 eom-

1100 2087 1229 2114 mnnione
1247 2087 1355 2122 generis
1369 2088 1536 2115 condonarct
1562 2088 1645 2115 vitam
1664 2088 1828 2117 misericors
1849 2090 1906 2116 lxii-

1101 2133 1216 2160 manitas
1231 2133 1354 2166 victoris,
1377 2140 1392 2160 a
1420 2133 1574 2168 spoliandis
1591 2138 1682 2161 tamen
1698 2134 1801 2162 iisdem
1830 2136 1907 2162 nihil

1101 2179 1243 2206 avaritiam
1262 2184 1370 2214 tempus
1380 2187 1459 2207 suum
1486 2184 1595 2207 nactam
1616 2181 1770 2208 avertebat.
1804 2181 1909 2216 Itaque

1101 2225 1201 2260 passim
1219 2230 1409 2260 congestarum
1425 2225 1503 2253 avida
1516 2226 1678 2261 spoliatione
1689 2227 1815 2254 vestium
1850 2237 1909 2255 n-a-

1102 2271 1146 2304 gni
1164 2274 1190 2296 et
1205 2269 1325 2297 invicem
1345 2270 1402 2297 fere
1413 2277 1494 2305 pares
1510 2271 1662 2305 unicuique
1673 2270 1812 2299 Italorum
1826 2280 1912 2299 accr-

1104 2316 1127 2341 vi
1145 2315 1315 2342 constabant.
1339 2315 1387 2343 His
1401 2316 1429 2342 in
1456 2323 1553 2350 campo
1583 2316 1677 2351 gestis,
1695 2317 1847 2352 rapacitas
1886 2319 1915 2345 in

1102 2362 1201 2388 stativa
1216 2361 1336 2388 desolata
1350 2361 1412 2398 fuga
1429 2361 1567 2389 exercitus
1590 2362 1726 2390 incubuit.
1749 2362 1915 2391 Taberna-

1101 2407 1162 2434 cula
1175 2407 1371 2442 portatilesque
1392 2408 1487 2434 domos
1499 2408 1553 2435 illic
1565 2415 1691 2442 proceres
1707 2408 1838 2436 Romani
1861 2411 1915 2437 mi-

1102 2452 1221 2482 litantes.
1235 2453 1403 2487 despotaque
1417 2453 1444 2479 in
1457 2453 1563 2488 primis,
1585 2461 1634 2488 pro
1657 2454 1733 2488 copia
1758 2455 1915 2490 eujusquc

1103 2497 1243 2532 magniﬁce
1263 2498 1411 2525 instructas
1429 2498 1591 2525 habuerant.
1617 2498 1645 2525 In
1658 2499 1708 2526 has
1721 2500 1915 2534 prasdalore:

1103 2543 1173 2570 versi
1185 2543 1300 2570 multutn
1319 2543 1383 2570 inde
1404 2543 1559 2570 divitiarum
1572 2549 1765 2578 exportarunt.
1797 2545 1914 2573 Pocul.

1102 2588 1175 2615 enim
1193 2588 1248 2621 illa,
1264 2587 1390 2623 qualibus
1411 2588 1548 2623 principes
1577 2594 1700 2622 utuntur,
1726 2590 1913 2624 exquisita“

1103 2633 1309 2668 supellectilem,
1341 2641 1427 2665 arma,
1442 2641 1538 2668 equos,
1556 2634 1608 2661 alia
1624 2634 1815 2661 instrumenta
1843 2643 1915 2662 usus

1103 2679 1256 2710 familiaris,
1270 2683 1412 2713 totumque
1425 2679 1499 2706 illum
1514 2679 1634 2713 speciose
1648 2679 1803 2706 delicatum
1819 2688 1908 2714 appa

1103 2730 1192 2752 ratum
1205 2725 1329 2759 superba:
1350 2724 1487 2759 regizeque
1501 2723 1613 2751 luxurie
1629 2728 1846 2751 converri-ntus
1867 2734 1915 2752 ex

1105 2770 1159 2798 hau
1175 2774 1266 2802 erunt,
1279 2777 1358 2796 avara
1373 2777 1458 2804 usque
1482 2769 1515 2796 ad
1536 2769 1717 2804 puivisculnm
1734 2769 1910 2805 diligentia
