1936 3069
119 111 170 142 781

588 105 636 136 DE
666 105 863 136 MICHAELE
883 105 1115 136 PAL/EOLOGO
1133 105 1207 139 LIB.
1224 105 1274 136 IV.

1687 107 1741 139 782

118 174 182 194 τονο
200 164 353 199 ἐκπώματα
367 163 420 199 γὰρ
436 163 526 190 ἐκεῖνα
541 163 588 190 καὶ
605 163 706 190 ἔπιπλα
718 163 766 190 καὶ
778 163 849 190 ὅπλα
861 162 908 189 καὶ
920 162 947 192 Α
960 162 1056 198 σχερὲς
1069 162 1157 190 ἐκεῖνο
1179 162 1227 189 καὶ
1249 148 1452 198 ἀπροσδόκητον
1468 162 1610 198 σύμϐαμα,
1631 163 1741 195 πολλοῖς

120 212 221 242 ῐππους
239 211 285 237 καὶ
302 210 450 245 Θεραπείαν
468 209 551 245 ἄλλην
573 210 709 245 χλιδῶσαν
733 209 835 245 τρυφῆς
849 208 907 241 ἐξε-

119 257 226 288 κένουν,
253 256 334 290 μέχρι
357 254 405 281 καὶ
426 255 515 281 αὐτῶν
538 255 592 281 τῶν
613 254 751 281 ὲπιπόδων
775 254 904 289 μυὼπων,

121 303 234 329 πλεῖστα
262 300 548 335 παρακερδαίνοντες·
576 302 621 326 καὶ
645 300 772 335 τηνικάδε
796 300 820 326 οἱ
846 299 906 325 τότε

120 348 223 380 ἔδειξαν
248 347 395 381 προφανῶς
420 345 450 372 τὸ
474 346 521 372 τοῦ
551 346 737 377 ’Δντισθένους
759 345 905 379 ἀληθινόν·

121 394 188 427 φησὶ
214 392 269 426 γὰρ
298 393 399 422 ἐκεῖνος
430 391 508 418 πάντ’
534 391 661 426 εὔχεσθαι
690 392 724 417 τὰ
758 390 828 417 καλὰ
851 391 908 421 τοῖς

120 437 229 473 ἐχθροῖς
246 437 314 473 πλὴν
332 438 478 470 συνέσεως,
501 437 538 468 ὡς
556 438 634 464 πάνθ’
647 435 690 463 οἷά
709 446 738 463 τε
757 437 832 472 παρὰ
848 436 909 462 τού-

119 492 175 514 τοις
190 483 330 517 γενέσθαι,
346 483 379 517 ἦν
402 482 510 509 σύνεσιν
525 483 622 517 ἔχοιεν.
645 483 797 517 Ἔδήλωσαν
818 481 846 507 δὲ
862 482 908 507 καὶ

121 529 151 555 τὸ
165 528 216 563 τῆς
232 529 376 560 εὐϐουλίας
393 529 486 563 χρῆμα
502 530 557 559 τοῖς
573 527 725 560 ἀντιξοοῦσι
743 527 790 554 καὶ
807 527 909 562 μᾶλλον

120 576 272 609 χρήσιμα-ι’
290 573 411 608 χιλιάδας
425 574 480 608 γὰρ
500 573 581 604 τόσας
600 574 636 604 ὡς
652 574 697 599 καὶ
714 573 753 603 είς
776 572 908 608 μυριάδας

121 619 271 646 ποσοῦσοαι
298 619 327 645 ἓν
352 620 544 654 παρεστήσατο
568 618 716 653 βούλευμα,
739 618 785 644 καὶ
807 619 831 643 οἱ
847 617 910 651 χθὲς

121 664 300 694 πλουτοῦντες
317 665 363 690 καὶ
384 664 541 698 τρυφῶντες
560 665 615 695 τοῖς
643 662 759 697 πλήθεσι
789 663 910 697 σήμερον

119 709 246 735 ταπεινοί
271 717 300 735 τε
326 708 374 734 καὶ
403 709 544 744 πενιχροὶ,
576 706 836 742 ἀνταγωνισαμένης
860 707 910 742 τῆς

120 755 258 786 ἀϐουλίας.
283 755 420 789 Ἄρχοντα
447 756 501 788 γὰρ
515 754 568 790 χρὴ
584 754 732 788 πειρᾶσθαι
754 754 800 779 καὶ
821 752 912 779 κινδυ-

120 799 232 826 νεύοντα
243 799 280 830 ὡς
292 799 308 834 ἦ
324 798 497 834 νικήσονταῆ
512 798 629 829 εὐκλεῶς
645 798 821 832 πεσούμενον.
833 796 911 823 Κατὰ

960 207 1009 242 μὲν
1021 208 1061 239 εἷς
1069 207 1170 242 λύπην,
1183 207 1273 239 ἄλλοις
1286 207 1313 234 δὲ
1328 207 1376 234 καὶ
1390 209 1429 239 εἰς
1439 207 1580 242 ἔκπληξιν,
1596 209 1650 239 τοῖς
1662 208 1684 234 δ’
1702 210 1742 239 είς

959 253 1128 288 κατάγελων,
1153 252 1200 284 οὓς
1225 253 1257 288 δὴ
1275 254 1457 288 καταφρονεῖν
1470 253 1562 280 ἔπειθε
1576 253 1631 280 τῶν
1645 252 1743 288 μηκέτ’

957 298 1042 326 ὄντων
1062 298 1108 325 καὶ
1124 300 1180 330 τοῖς
1191 299 1362 334 λειπομένοις
1379 299 1629 334 προσεπιτὶθεσθαι.
1650 299 1745 326 ’Δκού-

960 353 1057 376 σαντες
1076 346 1131 380 γὰρ
1157 345 1187 372 τὸ
1204 346 1268 382 περὶ
1283 346 1328 372 τὸν
1351 345 1470 381 Εὔριπον
1493 346 1632 378 ναυτικὸν,
1656 343 1695 378 οἷς
1712 346 1745 380 δὴ

959 390 1007 416 καὶ
1030 390 1070 421 εἰς
1090 391 1234 425 τριάκοντα
1263 390 1306 426 [Ρ.
1327 390 1392 426 925]
1411 391 1477 422 ναῦς
1499 392 1513 417 ὀ
1541 390 1632 420 στόλος
1654 390 1745 424 ὀλίγου

959 435 1064 467 δέοντος
1081 436 1237 470 ἐξηρτύετο,
1249 436 1436 471 κατεθάρρουν
1446 436 1500 463 τῶν
1516 437 1562 463 ἐπὶ
1573 437 1613 468 δίς
1627 437 1674 463 καὶ
1685 437 1747 471 τρὶς

960 481 1105 508 πλείστων.
1120 482 1172 508 Καὶ
1185 482 1217 517 δὴ
1230 481 1260 514 ἐξ
1273 481 1358 516 αὐτῆς
1369 490 1401 516 γε
1414 482 1662 517 ναυστολησάμενοι
1675 483 1747 509 κατὰ

959 526 1006 553 τοῦ
1018 527 1153 560 βασιλείου
1168 527 1261 554 στόλου
1275 527 1407 563 ἐξώρμων
1415 527 1608 563 ναυλοχοῦντος
1619 529 1682 559 περί
1695 536 1747 554 που

957 572 1006 606 τὴν
1021 573 1208 607 Δημητριάδα,
1219 574 1256 603 ὡς
1265 573 1363 600 αὐτίκα
1372 574 1501 607 φανέντες
1512 574 1681 608 αἱρήσοντες.
1692 574 1749 602 Καὶ.

959 617 1008 651 ἅμ’
1027 617 1198 652 ὁρμήσαντες
1223 617 1354 651 ἔφὺασαν,
1372 619 1403 652 τῇ
1424 619 1580 653 παραυτίκα
1599 619 1687 654 τόλμῃ
1701 617 1749 644 καὶ

961 661 1030 696 μόνῃ
1041 661 1183 696 ἀραρότως
1202 662 1359 694 ἐλπίζοντες
1375 663 1546 697 καταπλῆξαι
1561 665 1617 695 τοῖς
1633 665 1686 698 πρὸ
1700 664 1747 691 τοῦ

961 706 1163 740 κατεπτηχότας
1175 706 1339 740 σφάλμασιν.
1365 707 1499 741 Ἐφῆπται
1519 708 1541 734 δ’
1557 709 1612 743 ἄρα
1623 710 1669 736 καὶ
1686 709 1748 734 τού·

961 759 1018 782 τοις
1034 751 1109 785 παρὰ
1128 752 1226 786 μικρὺν
1241 752 1271 777 οὐ
1289 752 1386 787 μικρὸς
1411 753 1539 784 κίνδυνος.
1553 753 1631 779 Τοῦτ’
1649 754 1748 787 ἀγγελ-

963 795 1009 822 θὲν
1024 796 1061 831 τῷ
1078 796 1196 832 δεσπότῃ
1215 797 1335 830 διάγοντι
1356 797 1426 824 κατὰ
1440 797 1488 833 τὴν
1502 798 1656 833 Δριμίανιν,
1669 798 1686 833 ἢ
1701 799 1749 825 καὶ

120 845 145 871 τι
158 846 212 880 γὰρ
229 846 274 870 καὶ
292 844 381 879 ἄρχοι,
399 845 423 870 εἰ
448 845 484 878 μή
503 852 535 877 γε
551 843 719 878 προμηοοῖτο
742 843 796 868 τῶν
812 842 910 874 ἄλλων,
927 838 948 865 Β
964 842 1064 877 μᾶλλον
1081 842 1110 868 τὸ
1126 842 1224 877 ἀληθὲς
1242 843 1331 869 εἰπεῖν
1351 844 1397 870 καὶ
1412 843 1521 870 ἀλύοντι
1537 844 1663 871 τοσούτου
1678 853 1750 879 συμη

121 887 159 916 ὧν
173 891 267 924 ἄρχειν
290 889 389 923 ἐτάχθη
404 897 412 922 ;
429 889 483 914 Καὶ
502 887 601 919 σκοπὸς
622 887 671 922 μὲν
688 888 737 913 οὐκ
753 886 908 918 ἀνεύθυνος,

123 937 147 962 εὶ
162 935 200 970 μὴ
216 935 342 969 προείποι
357 935 404 960 καὶ
419 933 637 969 προφυλάξηται,
658 933 750 968 ἄρχων
762 933 783 959 δ’
797 932 910 958 ἀνεύθυ-

121 991 168 1009 νον
185 983 303 1011 παντως,
331 981 355 1006 εἰ
378 980 417 1015 μὴ
440 979 647 1016 προκινδυνεύοι
666 976 703 1005 ὧν
720 978 822 1013 ἐτάχθη
846 986 910 1004 σκο-

124 1028 196 1059 stoc;
217 1025 367 1062 Οὑμενοῦν,
392 1024 441 1051 οὖ·
463 1025 562 1052 πολλοῦ
585 1033 616 1060 γε
634 1025 681 1051 καὶ
703 1024 754 1051 δεῖ.

160 1072 239 1099 Οὕτω
250 1073 299 1107 μὲν
315 1072 361 1098 οὖν
376 1071 531 1106 παραλόγου
547 1071 596 1106 τῆς
608 1070 691 1105 τύχης
703 1069 846 1105 συμϐάσης
865 1069 911 1096 καὶ

122 1119 178 1144 τῶν
194 1117 434 1152 ὑπολελειμμένων
446 1117 670 1151 κατεπτηχότων,
692 1117 788 1142 ἀνεῖσα
801 1116 832 1142 τὸ
848 1124 912 1142 πτε-

124 1163 170 1197 ρὸν
182 1163 286 1197 ὴζφήμη
297 1163 357 1192 Θεὸς
365 1160 444 1194 οὖσα,
452 1162 488 1193 ὡς
499 1162 619 1196 λέγεται,
631 1170 663 1187 πε
669 1161 822 1196 ριαγγέλλει
830 1161 860 1188 τὸ
868 1162 913 1188 δυ-

123 1250 258 1284 siquidem
278 1250 351 1284 ipsos
375 1257 483 1284 quoque
517 1249 627 1277 aculeos
647 1249 792 1277 calearium
817 1251 912 1279 sedulo

124 1297 205 1332 331
224 1297 382 1331 colligentes
402 1297 575 1330 apponebant
592 1296 680 1329 lucro,
704 1297 751 1323 tali
780 1304 911 1325 successu

125 1345 334 1371 demonstrante
346 1344 492 1370 manifeste
502 1351 584 1378 quam
595 1344 715 1378 prudens
727 1348 819 1371 votum
831 1344 912 1371 fuerit

122 1390 297 1417 Antisthenis
318 1390 410 1416 omnia
429 1390 556 1416 hostibus
573 1389 693 1423 optantis
711 1389 783 1416 bona
813 1394 912 1424 praeter

123 1440 266 1463 mentem:
288 1443 351 1462 nam
368 1435 413 1462 cui
431 1435 578 1462 consilium
599 1435 727 1467 defuerit,
761 1435 822 1469 ejus
851 1438 913 1463 tlte-

123 1482 201 1508 saut-i
221 1481 362 1515 quantivis
388 1481 414 1508 itt
439 1481 557 1515 praedam
576 1480 736 1515 sapientiori
756 1481 863 1508 cedent.
881 1481 910 1508 In

124 1527 212 1554 ntillta
228 1527 394 1554 bellatorum
413 1527 496 1554 toties
514 1526 696 1560 tnultiplieata
718 1531 746 1553 ut
761 1527 910 1561 myriatlent

123 1580 180 1600 non
190 1580 272 1600 unam
281 1572 441 1604 conflarem,
451 1572 486 1599 ita
497 1572 595 1600 evertit
607 1571 757 1605 atllixitque
771 1576 911 1599 momento

123 1619 273 1644 consilium
303 1618 423 1645 hominis
447 1618 541 1649 unius,
568 1621 599 1645 ut
616 1622 656 1644 tot
681 1618 719 1644 illi
739 1625 770 1644 ac
790 1618 859 1644 tanti
877 1625 910 1644 ex

124 1664 185 1690 lteri
200 1664 337 1698 opulentis
354 1669 380 1690 et
397 1664 477 1698 copia
493 1671 585 1690 rerum
602 1671 689 1698 usque
716 1663 749 1690 ad
771 1663 864 1690 luxum
885 1667 912 1690 et

122 1709 241 1736 delicias
256 1709 512 1737 circumﬂuentibus
534 1709 615 1736 hodie
633 1708 760 1740 humiles,
789 1713 911 1743 egentes,

123 1756 187 1790 vagi
217 1756 322 1790 palmas
352 1756 533 1790 porri-gerent,
553 1763 607 1782 non
627 1755 806 1783 mendicitate
823 1755 911 1790 magis

122 1810 208 1835 quam
244 1801 415 1835 professione
445 1802 588 1830 dedecoris
618 1802 733 1837 proprii,
765 1809 837 1836 quos
860 1809 911 1829 sua

126 1848 251 1881 ipsorum
284 1847 408 1874 socordia
440 1846 615 1874 debellasset.
645 1846 780 1873 Nimirum
813 1847 910 1874 ducent

126 1892 266 1931 exercitus
286 1891 384 1918 fortettt
400 1891 511 1924 quidem
529 1895 557 1918 et
572 1891 653 1918 vitam
668 1898 778 1926 quoque
797 1899 830 1918 ac
847 1900 911 1930 san-

125 1940 238 1974 guinem
256 1946 306 1972 pro
332 1938 417 1972 gloria
433 1937 555 1964 victoria:
584 1937 686 1971 pacisci
719 1942 837 1972 eertum,
865 1939 911 1965 aed

124 1990 258 2020 pra‘terea
275 1984 383 2018 vigilem
400 1991 432 2010 ac
447 1983 531 2009 futuri
545 1983 688 2017 providum
705 1991 767 2011 esse
793 1989 912 2018 oportet,

124 2038 290 2065 setttperque
302 2030 358 2056 acri
372 2029 483 2056 solertia
498 2029 643 2061 intentum,
661 2036 694 2056 ne
709 2030 770 2063 quis
786 2029 913 2064 Inopina-

124 2083 170 2104 tus
181 2078 291 2111 ingruat
305 2083 398 2102 casus.
411 2075 436 2101 Id
451 2075 523 2101 enittt
539 2075 620 2101 ollieii
635 2075 725 2102 onmis
739 2075 912 2109 pra-fectum,

124 2123 247 2150 maxime
258 2126 349 2148 autem
366 2119 503 2152 militaris,
520 2120 648 2146 sustinet.
663 2119 775 2152 Adhoc,
790 2120 911 2154 inquam,

961 886 1058 917 ϐάντος
1070 887 1244 922 πράγματος,
1258 887 1368 919 ἀνέζεσέ
1380 897 1409 914 τε
1423 889 1473 927 τὰς
1483 890 1533 924 τῆς
1548 889 1636 925 ψυχῆς
1648 890 1749 925 ὁρμὰς,

961 932 1011 959 καὶ
1032 932 1225 967 ὑπερεπάθητε
1242 932 1333 965 δείσας
1349 935 1413 969 περὶ
1435 935 1474 970 τῷ
1494 935 1589 970 στόλῳ,
1605 937 1630 962 εἰ
1653 936 1749 962 τοσού-

961 985 1010 1003 του
1027 978 1169 1011 γεγονότος
1187 978 1224 1013 μὴ
1247 978 1390 1015 ἐμπλησθῇ
1407 980 1437 1006 τὸ
1456 981 1597 1015 μοιρίδιον,
1616 981 1685 1008 ἀλλὰ
1701 983 1750 1008 καὶ

962 1022 1035 1056 πέρα
1056 1022 1110 1049 τῶν
1138 1023 1289 1057 γεγονότων
1313 1024 1450 1058 προέλθοι.
1476 1025 1531 1051 Καὶ
1557 1025 1590 1060 δὴ
1615 1026 1645 1060 ἐξ
1663 1028 1750 1061 αὐτῆς

961 1069 1034 1095 δυοῖν
1050 1069 1162 1104 ἡμερῶν
1176 1069 1313 1104 διάστημα
1328 1071 1393 1106 ὅλης
1412 1071 1458 1097 καὶ
1482 1072 1568 1107 μόνης
1582 1074 1648 1108 μιᾶς
1664 1076 1749 1100 ποιεῖ-

961 1121 1006 1139 ται
1021 1114 1128 1146 νυκτὸς,
1143 1113 1190 1140 καὶ
1203 1114 1237 1141 τὰ
1256 1115 1304 1141 τοῦ
1319 1115 1401 1147 πεζοῦ
1429 1116 1546 1152 στρατοῦ
1569 1118 1750 1153 συναθροίσας

964 1158 1222 1194 ἑγκαταλείμματα,
1239 1160 1406 1196 παραλαὸὼν
1432 1161 1481 1188 σὺν
1496 1162 1582 1197 αὐτῷ,
1604 1164 1636 1198 τῇ
1654 1164 1750 1199 Δημη-

966 1247 1055 1275 risum
1080 1252 1177 1275 nostro
1191 1248 1311 1277 ludibrio
1335 1250 1430 1278 movit.
1444 1250 1566 1286 Denique
1582 1260 1636 1280 non
1652 1253 1750 1281 defue-

964 1298 1030 1321 runt
1046 1294 1093 1329 qui
1110 1301 1143 1321 ex
1162 1299 1245 1328 metu,
1258 1303 1313 1330 quo
1338 1297 1415 1331 prius
1433 1298 1597 1325 tenebantur
1619 1298 1752 1326 Romame

962 1340 1103 1374 potentia,
1117 1340 1144 1367 in
1159 1346 1346 1376 contemptum
1365 1343 1523 1376 transirent,
1539 1348 1565 1370 et
1586 1345 1752 1379 praecipuum

963 1386 1105 1420 copiarum
1126 1386 1232 1422 imperii
1252 1388 1336 1415 robur
1363 1389 1444 1424 332
1460 1390 1584 1418 excisum
1600 1391 1752 1426 dilapsum-

963 1438 1017 1466 que
1048 1432 1225 1466 gratulantes,
1248 1433 1423 1461 delendarum
1450 1443 1558 1471 quoque
1577 1436 1751 1472 reliquiarum

965 1477 1097 1512 impetum
1128 1483 1268 1514 caperent.
1296 1479 1364 1507 Nam
1393 1480 1489 1508 Latina
1518 1483 1615 1510 classis
1630 1491 1691 1518 quae
1718 1483 1752 1510 ad

968 1524 1100 1559 Euripum
1119 1525 1219 1558 stabat,
1241 1526 1351 1553 navium
1364 1527 1445 1562 paulo
1470 1528 1561 1555 minus
1580 1529 1698 1564 triginta,
1712 1531 1753 1556 sic

968 1571 1069 1599 animis
1086 1576 1166 1599 aucta
1184 1576 1225 1599 est
1239 1573 1332 1600 audita
1357 1573 1444 1600 nostri
1460 1575 1599 1602 terrestris
1615 1576 1752 1604 exercitus

966 1617 1057 1650 clade,
1072 1622 1101 1643 ut
1115 1625 1170 1644 non
1186 1617 1323 1645 dubitaret
1339 1618 1419 1653 triplo
1434 1620 1648 1647 ttumerosiorent
1665 1621 1752 1655 impe—

968 1663 1068 1690 ratoris
1083 1664 1204 1690 navalem
1217 1664 1378 1697 exercitum,
1406 1665 1551 1692 stationem
1585 1670 1650 1693 tunc
1679 1668 1753 1694 circa

969 1708 1166 1735 Demetriadem
1182 1708 1338 1741 habentem,
1351 1709 1464 1737 incursu
1479 1711 1621 1745 repentino
1632 1713 1751 1747 aggredi.

967 1754 1123 1788 Inspirabat
1146 1755 1314 1782 alacritatem
1349 1755 1376 1782 in
1395 1755 1482 1782 audax
1508 1757 1652 1784 consilium
1680 1764 1752 1785 cett:

970 1800 1067 1827 ﬁducia
1087 1801 1145 1834 pari
1163 1799 1272 1827 fortuna
1289 1801 1383 1828 utendi
1399 1802 1540 1830 maritimo
1553 1811 1662 1838 quoque
1682 1811 1752 1838 prte-

967 1847 1015 1874 lio.
1034 1846 1285 1882 Persuaserantque
1301 1848 1364 1881 sibi,
1377 1848 1399 1874 si
1420 1849 1553 1883 perculsis
1579 1850 1753 1877 incommodo

969 1894 1091 1921 terrestri
1108 1900 1134 1922 et
1152 1894 1255 1921 recenti
1271 1894 1348 1922 clade
1362 1895 1466 1922 territis
1482 1895 1574 1923 infesti
1590 1897 1752 1931 superveni-

969 1945 1041 1972 rent,
1058 1941 1148 1975 specie
1164 1941 1221 1975 ipsa
1243 1941 1284 1968 stti
1297 1942 1481 1978 praesentique
1497 1944 1615 1971 occursu
1631 1944 1753 1971 debella‘

969 1990 1059 2018 turos,
1074 1987 1265 2021 potiturosque
1282 1995 1344 2015 mox
1363 1988 1486 2021 navibus,
1501 1994 1580 2023 portu
1600 1991 1752 2024 prtesertim

970 2033 1086 2060 inclusis
1100 2038 1126 2060 et
1140 2041 1187 2068 per
1201 2034 1342 2068 angustias
1362 2035 1498 2069 explicare
1512 2043 1572 2063 sese
1586 2037 1611 2062 itt
1629 2036 1751 2063 navalem

972 2078 1059 2105 aciem
1077 2085 1131 2104 non
1147 2077 1311 2105 valentibus.
1329 2078 1363 2105 Et
1384 2086 1480 2113 parum
1497 2079 1586 2106 abfuit
1615 2079 1681 2113 quin
1695 2080 1752 2113 spei

971 2131 1112 2158 compotes
1129 2123 1237 2156 fierent,
1265 2129 1456 2159 momentoque
1483 2125 1579 2159 ingens
1601 2125 1752 2159 pcriculuttt

124 2170 196 2196 tales
214 2168 240 2194 in
260 2174 369 2195 summo
385 2165 570 2205 collocantur,
591 2170 621 2191 ut
639 2165 718 2200 longe
733 2165 913 2199 prospiciant.
931 2175 952 2202 ο
968 2177 1084 2196 summa;
1098 2169 1156 2196 illic
1174 2176 1265 2196 rerum
1284 2169 1344 2196 fuit.
1365 2169 1450 2204 Cujus
1467 2177 1529 2196 eum
1558 2175 1630 2197 esset
1652 2171 1751 2205 raptim

125 2216 169 2241 Αιι
188 2214 261 2241 enim
279 2212 437 2247 speculator
461 2211 488 2238 in
507 2204 585 2245 culpa
615 2216 659 2237 est
676 2211 722 2245 qui
740 2218 795 2237 non
816 2211 915 2245 praevi-

126 2262 211 2293 derit,
228 2268 283 2288 non
315 2258 535 2294 prmittdicaverit
564 2257 712 2289 perniciem
742 2258 914 2292 ingruentem

126 2307 207 2341 cujus
235 2304 408 2332 observando
421 2302 546 2337 appulsui
571 2302 737 2329 constitutus
763 2302 788 2328 itt
804 2302 914 2336 specula

124 2353 232 2379 fuerit:
252 2352 306 2378 dux
324 2350 470 2377 habebitur
487 2349 630 2380 innocens,
648 2347 695 2382 qui
715 2354 767 2374 non
786 2348 914 2382 praescie-

123 2400 174 2430 rit,
197 2405 250 2424 non
278 2395 445 2432 przcaverit
471 2395 597 2424 insidias,
614 2393 785 2428 furtivosque
798 2394 916 2428 impetus

123 2445 278 2481 sagacitate
295 2448 500 2477 praeoccupans,
518 2445 626 2467 mature
642 2440 757 2466 obvians
775 2439 914 2472 averterit,

122 2490 197 2525 quod
221 2489 393 2523 potissimum
410 2492 439 2514 ut
454 2487 537 2513 faciat
555 2487 582 2512 in
599 2485 626 2512 id
641 2491 751 2512 evectus
776 2485 914 2520 fastigium

121 2538 189 2565 est?
202 2537 259 2563 Non
276 2534 409 2570 profecto.
423 2533 532 2561 Minime
545 2533 582 2566 id,
600 2532 730 2567 inquam;
747 2539 797 2559 nec
811 2533 844 2559 de
863 2531 916 2559 hoc

121 2583 272 2619 quisquam
285 2581 332 2615 qui
351 2580 440 2614 sapiat
454 2578 631 2606 dubitaverit.

162 2629 298 2656 Caeterum
321 2631 350 2653 ttt
371 2626 445 2652 hunc
459 2623 711 2659 inopinatissintum
730 2631 824 2651 casum
844 2628 916 2651 stre-

122 2684 192 2707 ntte,
212 2680 241 2702 ut
257 2675 337 2706 solet,
353 2673 378 2699 itt
401 2678 496 2698 Omnes
509 2670 563 2696 late
578 2674 670 2704 partes
695 2669 766 2696 fama
784 2670 914 2704 vulgavit,

121 2723 218 2751 varios
230 2722 255 2748 in
276 2719 358 2746 variis
373 2725 471 2753 repens
488 2716 600 2743 nuntius
615 2716 746 2744 excitavit
761 2717 913 2744 animorum

122 2773 226 2796 tttottts.
240 2765 338 2791 Multos
348 2763 420 2798 gravi
432 2762 525 2789 dolore
534 2761 638 2793 affecit;
653 2769 704 2788 non
717 2769 819 2796 paucos
829 2770 915 2798 usque

123 2815 159 2842 ad
173 2818 315 2847 stuporem
331 2809 446 2844 pere-“lit
462 2817 468 2841 ;
486 2808 650 2842 quibusdam
670 2808 747 2836 [tctus
762 2809 870 2843 accidit,
888 2815 914 2837 ct

967 2213 1100 2241 indicium
1118 2214 1252 2248 perlatum
1261 2214 1294 2241 ad
1310 2213 1443 2242 Joannem
1460 2215 1602 2250 despotam
1618 2216 1644 2243 in
1661 2216 1751 2243 locum

967 2260 1011 2286 cui
1024 2266 1123 2287 nomen
1144 2259 1294 2286 Drimianis
1307 2260 1368 2294 fuga
1384 2265 1535 2295 receptum,
1553 2261 1577 2288 is
1595 2268 1751 2296 quanquam

967 2305 1067 2341 plenus
1094 2304 1183 2332 cladis
1213 2309 1240 2332 et
1259 2305 1377 2340 'pudore
1402 2313 1575 2341 tttteroreque
1607 2306 1751 2337 confusus.

970 2352 1100 2379 excitavit
1113 2359 1172 2379 sese
1188 2356 1292 2384 tamen,
1319 2352 1390 2380 haud
1407 2353 1504 2381 molles
1522 2354 1686 2382 admovente
1705 2356 1752 2382 sti-

968 2398 1059 2425 mulos
1074 2398 1150 2432 justo
1167 2402 1254 2430 metu,
1269 2405 1303 2425 tte
1317 2398 1340 2426 si
1356 2406 1444 2426 novus
1465 2399 1516 2426 iste
1527 2407 1636 2434 quoque
1655 2408 1751 2427 succe-

967 2444 1043 2472 deret
1059 2444 1092 2470 ad
1112 2448 1204 2470 votum
1225 2443 1344 2470 hostium
1360 2449 1486 2476 conatus,
1520 2452 1572 2472 non
1598 2445 1686 2472 ‘solttut
1707 2453 1750 2473 ac-

967 2495 1047 2525 cepto
1066 2490 1122 2525 jam
1139 2490 1315 2517 incommodi)
1332 2489 1423 2517 fatalis
1442 2491 1569 2518 cumulus
1594 2491 1751 2523 adderetur,

970 2535 1017 2563 sed
1038 2535 1154 2562 ulterius
1176 2541 1286 2569 quoque
1304 2542 1392 2568 usque
1411 2535 1652 2570 inirreparabilem
1669 2537 1754 2571 impe-

968 2581 1001 2609 rii
1020 2582 1128 2608 ruinam
1147 2580 1241 2607 damni
1266 2581 1403 2615 pernicies
1429 2581 1581 2608 excederet.
1596 2581 1667 2615 Quid
1681 2583 1753 2609 enim

969 2627 1059 2655 timeri
1077 2627 1173 2654 mitius
1200 2630 1318 2661 poterat,
1355 2626 1376 2653 si
1397 2626 1506 2659 classis,
1523 2628 1581 2654 sola
1612 2632 1677 2655 tunc
1692 2635 1754 2662 pars

968 2675 1066 2701 virium
1085 2673 1220 2700 Romanis
1230 2673 1316 2704 salva,
1329 2673 1486 2700 deleretur?
1499 2672 1555 2700 Hac
1569 2674 1755 2702 sollicitudine

968 2721 1116 2748 instinctus
1133 2727 1166 2746 ex
1183 2719 1285 2752 effugio
1301 2719 1347 2746 illo
1362 2727 1393 2746 ac
1408 2719 1520 2746 latebris
1533 2720 1622 2754 erupit
1633 2720 1708 2752 suis;
1728 2725 1755 2746 et

967 2766 1040 2800 quod
1071 2765 1233 2792 Dt-imianim
1263 2772 1296 2792 ac
1327 2764 1526 2793 Demetriadem
1559 2766 1688 2793 intererat
1705 2767 1755 2794 iter

968 2810 1043 2839 bidui
1075 2817 1129 2837 una
1160 2814 1240 2838 nocte
1271 2808 1425 2843 pervolans,
1444 2810 1528 2843 raptis
1559 2817 1664 2841 secum,
1685 2818 1754 2840 quas
