1936 3069
181 104 242 138 ’ἲ83

791 98 956 131 GEORGII
973 95 1218 128 PACHYMEB/E

1755 94 1807 125 73$

187 159 279 196 τριάδι
306 158 462 193 ἐφίσταται,
478 157 528 184 καὶ
546 155 592 183 τδν
612 155 703 183 στόλον
724 156 754 182 iv
773 155 831 191 χρῷ
849 153 973 182 κινδύνου
987 158 1011 186 Α
1025 152 1122 186 φωνῶν
1136 159 1166 178 τε
1181 150 1230 177 καὶ
1254 148 1448 184 ποτνιώμενος,
1465 149 1514 177 καὶ
1530 148 1568 181 ὡς
1582 148 1664 181 αὑτὸς
1680 150 1695 177 ὁ
1714 150 1808 178 δεσπό-

187 204 404 239 καταλαμσάνει.
437 203 507 237 Ἤδη
521 202 574 238 γὰρ
592 202 640 228 καὶ
665 201 693 228 αῖ
714 200 769 228 τῶν
782 200 887 235 ἰχθρῶν
912 199 975 234 νῆες

187 251 320 285 ἐμφανεῖς
334 247 405 285 ἦσαν
422 247 624 283 προαδαλοῦσαι
642 247 673 273 τὺ
695 245 834 280 τηνικάδε.
854 245 897 276 Ὠς
910 243 976 278 γοῦν

187 295 260 322 κατὰ
280 295 374 330 στίχας
398 294 528 328 ἔστησαν,
544 293 670 319 κάκεῖναι
691 291 741 326 μὲν
763 291 823 325 ἅμα
841 289 976 325 προσέσο-

186 342 245 375 ·λον,
265 342 293 367 αῖ
314 340 343 367 δὲ
368 340 423 366 τῶν
442 338 586 374 Ῥωμαίων
616 337 741 372 στιχηδδν
767 336 838 363 κατὰ
861 335 975 366 δεκάδας

188 386 319 422 ιπῄεσαν,
332 386 360 412 αἱ
383 385 432 418 μὲν
459 385 508 419 τῆς
529 383 641 419 πρώτης
662 382 775 413 δεκάδος
796 381 845 416 τὴν
864 379 977 415 πρώτην

187 433 311 468 ἐδέχοντο
326 431 428 467 μάχην,
441 430 489 456 καὶ
499 430 549 464 τῆς
559 427 671 457 δεκάδος
685 427 702 462 ἡ
715 426 812 462 πρώτη
828 426 975 461 προώρμα,

188 478 256 504 ὅπου
276 477 323 503 καὶ
336 476 359 502 ·ὸ
383 474 612 509 Φιλανθρωπηνὸς
632 471 852 507 πρωτοατράτωρ
871 468 906 506 ἦν
929 469 978 497 καὶ

188 525 218 550 τὸ
245 522 384 558 βασιλικὸν
412 520 579 555 ἀνεγήγερτο
606 517 759 553 σκῆπτρον,
786 516 823 548 ὡς
850 515 976 551 σύνηθες,

188 569 236 596 ’καὶ
251 569 284 603 δὴ
297 566 488 602 συμπεσοῦσαι
506 565 598 600 μάχην
612 563 727 599 ἧγειραν
739 563 888 598 κρατερᾶν.
906 561 977 589 Ἀλλ’

183 614 240 640 οὐκ
256 611 290 647 ἦν
303 612 371 647 μίαν
386 611 630 646 ἑπεισφρησάντων
644 608 750 635 πολλῶν
764 609 886 642 ἐνεγκεῖν
897 615 903 623 '
917 608 977 634 ὅθεν

190 658 237 685 καὶ
262 657 399 692 περιῆσαν
426 656 584 690 ἐπιθέμενοι
607 654 784 689 μαχομένοις,
811 653 978 687 σφάττοντες

190 701 399 736 ἀντεχομένους,
422 699 640 730 καταδάλλοντες
667 698 890 734 ἀνθισταμένους.
910 698 977 724 Τότε

191 748 242 782 μὲν
257 747 348 774 πολλοὶ
361 747 408 773 καὶ
425 746 563 780 μαχαίρας
578 745 659 780 ἔργον
683 745 818 779 ἐγένοντο,
836 743 928 770 πολλοὶ
947 743 978 769 δὲ

190 794 237 820 καὶ
261 793 309 819 ἐπὶ
332 791 386 818 τῶν
412 791 514 818 ὑδάτων
538 790 737 820 ὀλισθαίνοντες
763 789 975 823 ἐναπέθνησκον.

190 839 265 866 ἄλλοι
286 837 309 864 δ’
325 835 358 864 αὖ
375 837 540 872 τραυματίαι
565 835 708 869 γεγονότες
725 835 766 866 είς
792 835 868 866 τέλος
889 834 978 861 ἀντεῖ·
992 826 1014 853 Β

189 892 248 919 χον.
264 884 314 910 Τὸν
328 883 356 910 δέ
376 891 408 917 γε
426 882 658 917 πρωτοστράτορα
672 881 719 906 καὶ
734 880 845 911 πολλαῖς
861 880 977 907 ἐὸαλλον

189 930 250 960 ταῖς
264 929 350 960 ἀκίσι,
369 927 417 954 καὶ
431 927 492 953 ὲπεὶ
510 925 671 953 καθικέσθαι
687 925 738 951 οὐκ
752 922 786 960 ἧν
800 924 977 959 ὡπλισμένου

191 973 330 1004 πεσόντος,
348 973 395 1003 τὰς
413 972 550 1007 μαχαίρας
563 970 745 1005 ἐμϐάλλοντες
764 970 819 995 τῶν
834 969 924 996 ὅπλων
936 969 978 995 tv—

191 1020 236 1051 τὸς
251 1019 387 1054 ᾐκίζοντο.
405 1018 490 1044 Τοῦτο
503 1017 562 1047 ταῖς
576 1016 683 1046 λοιπαῖς
699 1016 780 1042 ναυσὶ
792 1015 853 1050 δίχα
870 1015 918 1042 καὶ
930 1014 977 1042 τοῦ

192 1065 253 1092 κατ’
273 1064 359 1096 αὑτὰς
379 1063 502 1090 κινδύνου
523 1063 563 1094 είς
593 1061 695 1088 δειλίαν
720 1061 870 1095 ἀνήκεστον
896 1068 978 1096 περι-

191 1111 294 1138 ίστατο.
317 1110 346 1137 '0
368 1110 397 1136 δέ
414 1117 446 1143 γε
465 1108 598 1143 δεσπότης
613 1109 668 1138 τοῖς
685 1106 820 1139 αίγιαλοῖς
832 1106 980 1140 ἐφιστάμε-

189 1164 236 1186 νος
262 1154 349 1190 ὤρεγε
379 1155 484 1189 χεῖρας,
512 1152 559 1179 καὶ
585 1149 772 1184 κατηντιϐόλει
801 1150 836 1176 τὰ
862 1150 978 1184 μέγιστα

189 1243 322 1277 colligere
352 1245 488 1276 potuerat,
519 1239 644 1274 reliquiis
664 1238 800 1266 exercitus
827 1237 978 1269 terrestris,

191 1293 314 1316 extremo
344 1288 401 1322 jam
428 1286 586 1314 discrimine
600 1285 800 1320 periclitantem
826 1284 978 1311 Romanam

191 1335 229 1362 ibi
248 1335 351 1368 reperit
365 1333 493 1360 classem.
525 1331 701 1366 Apparebant
723 1331 758 1358 ab
772 1330 827 1357 alto
846 1329 979 1363 expedita:

192 1381 227 1408 ad
252 1379 436 1407 invadendum
467 1378 589 1413 prtelium
617 1377 733 1404 hostiles
749 1383 833 1404 naves
845 1376 980 1402 ordinatas

193 1425 327 1454 seriatim.
335 1425 448 1451 Stabant
455 1431 488 1451 e1
498 1423 612 1450 adverso
620 1423 748 1449 Romana:
755 1421 894 1456 productis
904 1421 929 1447 in
937 1421 981 1449 de-

195 1472 279 1499 cadas
292 1470 372 1506 333
388 1469 523 1501 Versibus,
544 1469 602 1496 acie
613 1475 660 1503 per
676 1467 842 1502 multiplices
868 1466 980 1494 ordines

192 1517 347 1553 profunda;
364 1516 444 1551 cuius
459 1523 520 1550 qua:
535 1515 612 1542 l'rons
630 1518 689 1542 erat
703 1513 786 1541 decas
800 1513 888 1547 prima
897 1520 981 1539 com-

191 1562 302 1589 mittere
315 1561 371 1594 jam
387 1559 671 1595 cmporat,excipiens
700 1557 819 1592 primum
850 1557 981 1590 impetum

192 1607 356 1634 irruentium
388 1606 414 1633 vi
428 1613 535 1633 summa
567 1603 742 1632 Latinorum.
766 1603 794 1630 In
826 1602 870 1629 his
887 1603 980 1629 decem

192 1653 294 1680 nostris
308 1653 435 1686 princeps
447 1655 506 1678 erat
522 1650 581 1685 ipsa
596 1648 735 1684 praetoria,
759 1655 814 1683 qua
831 1647 982 1675 vehebatur

192 1699 441 1732 Philauthropenus
455 1701 644 1732 protostrator,
654 1696 726 1722 unde
740 1698 859 1722 erectutn
877 1693 981 1728 promi-

190 1746 273 1772 nebat
286 1744 318 1771 de
332 1751 407 1770 more
421 1743 473 1770 alte
487 1743 667 1776 conspicuum
698 1745 838 1775 sceptrum
858 1739 980 1774 imperii.

188 1790 231 1817 Ea
248 1789 374 1824 expedito
386 1793 450 1816 ante
472 1795 568 1815 omnes
581 1794 715 1822 procursu
726 1786 873 1813 miscuerat
884 1793 913 1813 se
929 1785 982 1812 lto-

186 1837 282 1864 «stibus
297 1840 465 1870 strenueque
478 1834 636 1866 dimicabat,
652 1833 824 1860 imitantibus
844 1839 894 1866 pro
908 1832 980 1858 virili

192 1889 293 1909 novem
317 1881 432 1908 czetcris.
454 1879 554 1906 Verum
571 1887 633 1906 cttm
650 1879 678 1905 in
699 1886 780 1906 unam
811 1878 884 1905 illam
906 1882 982 1905 extra

195 1926 318 1954 ordinem
334 1929 456 1953 evectam
482 1923 601 1958 undique
615 1922 703 1950 Latini
727 1923 883 1950 coorientes
900 1930 983 1950 cona-

195 1972 271 1999 tibus
286 1979 333 2005 pro
349 1979 377 1998 sc
389 1970 506 2005 quisque
523 1968 774 1996 vehementissimis
788 1968 981 2002 irrumperent,

194 2026 250 2045 non
269 2017 402 2045 sustinuit
422 2017 475 2044 vim
503 2020 624 2043 atrocem
655 2014 688 2042 ad
706 2019 870 2046 extremum.
900 2014 983 2042 admi—

195 2064 323 2098 misitque
342 2064 469 2094 victores,
497 2062 543 2096 qui
570 2060 683 2088 eluctati
714 2060 898 2088 constantiam
915 2061 983 2087 resi-

195 2110 326 2138 stentium
344 2109 493 2136 fortissime
505 2112 675 2139 nostrorum,
689 2106 858 2134 trucidantes
878 2106 982 2133 adver—
999 2125 1020 2153 υ

195 2165 252 2190 sos,
262 2155 425 2190 dejicientes
434 2154 548 2186 obvios,
564 2153 748 2181 miserabilem
760 2152 901 2181 ediderunt
911 2157 982 2179 stra-

195 2211 266 2238 gem.
292 2202 368 2228 Tune
385 2201 485 2228 multos
513 2199 667 2234 absumpsit
691 2197 835 2226 confessos
861 2197 979 2232 gladius,

197 2248 299 2274 multos
317 2246 407 2273 hausit
423 2246 449 2272 in
463 2252 563 2280 aquam
580 2244 706 2278 delapsos
723 2251 808 2270 mare.
821 2242 873 2270 Alii
889 2248 980 2270 tamen

196 2293 297 2325 adhuc,
310 2293 374 2319 licet
389 2292 540 2319 semineces
555 2289 724 2320 vulneribus,
747 2289 781 2316 ad
793 2288 874 2316 (litem
894 2296 981 2323 usque

194 2338 370 2366 resistebant.
389 2336 620 2364 Protostratorem
632 2335 721 2369 ipsum
737 2333 829 2361 multis
846 2334 982 2368 petierunt

192 2384 269 2416 telis,
288 2391 349 2418 qua:
368 2382 499 2418 quoniam
517 2380 638 2416 perferre
657 2381 741 2408 ictum
765 2380 793 2406 in
817 2386 917 2414 corpus
932 2386 981 2406 ne-

194 2430 311 2466 quibant
325 2429 415 2456 valida
432 2428 534 2463 ubique
550 2431 701 2461 protectum
718 2429 870 2456 armatura,
884 2425 981 2460 gladiis

191 2484 242 2512 per
268 2476 351 2502 rimas
379 2479 406 2502 et
424 2474 623 2502 commissuras
642 2479 795 2499 rarmorum
833 2470 982 2498 insinuatis

193 2530 265 2551 save
295 2522 371 2549 illum
393 2520 628 2548 excarniﬁcabant
647 2526 693 2553 per
720 2518 815 2544 intima
836 2515 980 2544 fodientes.

192 2569 222 2596 Id
243 2576 307 2595 vero
323 2567 546 2594 animadversum
578 2565 613 2592 ab
635 2564 752 2591 aliarum
773 2562 905 2590 militibus
933 2570 980 2588 na-

191 2615 280 2645 vium,
297 2613 439 2640 acerrimis
471 2617 499 2639 et
524 2611 646 2646 ipsarum
670 2609 816 2637 insultiiius
852 2608 981 2635 laborau-

192 2662 273 2693 tium,
286 2659 364 2694 ira-git
381 2659 497 2693 denique
513 2658 678 2693 pertinacem
694 2656 719 2682 in
736 2656 760 2682 id
779 2655 830 2681 loci
845 2659 982 2682 constan—

193 2709 270 2739 tiam,
283 2706 351 2734 tristi
366 2712 392 2734 et
407 2705 601 2733 immedicabili
614 2704 714 2739 injecta
731 2711 763 2731 ex
790 2702 981 2737 desperatione

192 2751 351 2782 formidine,
366 2751 476 2785 quando
487 2750 613 2785 apparuit
626 2757 641 2776 e
660 2750 750 2776 littore
781 2748 895 2782 despota
923 2754 980 2773 ma-

189 2805 246 2824 nus
265 2796 390 2829 tendens,
407 2804 438 2825 ac
449 2796 565 2832 supplici
587 2796 708 2824 clamore
730 2794 893 2824 vociferans,
915 2797 979 2820 sla-

1025 206 1075 233 της
1091 197 1135 231 εἴη
1148 197 1195 223 καὶ
1211 195 1393 231 προσδοηθεῖν
1412 196 1479 231 ἔχοι,
1493 196 1542 223 καὶ
1557 197 1571 223 6
1584 196 1679 230 καιρὸς
1693 197 1808 224 ’ἀνακλι-

1026 243 1106 277 Θῆναι
1132 242 1208 276 σφίσι
1231 241 1354 276 σφάλμα.
1370 242 1394 268 εί
1422 241 1501 276 μόνον
1522 241 1693 276 προσέχοιεν.
1710 241 1809 276 Ὦρεγί

1026 296 1056 313 τε
1068 288 1160 322 χεῖρας
1174 286 1274 319 ἔξωθεν
1286 287 1342 317 τοῖς
1358 286 1442 320 ἐντὸς,
1462 286 1509 312 καὶ
1524 286 1679 321 προθυμίας
1695 288 1808 321 παρεῖχε

1027 331 1161 366 σύμϐολα,
1177 331 1220 367 [Ρ.
1239 330 1306 367 224]
1325 330 1363 362 ὡς
1388 330 1512 357 ἐντεῦθεν
1535 328 1651 365 πέμψων
1673 331 1811 366 βοήθειαν.

1027 378 1059 405 Οἱ
1073 377 1100 404 δὲ
1111 379 1159 404 καὶ
1172 377 1284 412 παρατδ
1297 376 1371 408 είκὺς
1379 376 1546 412 ὴνδρίζοντο,
1559 377 1607 403 καὶ
1620 377 1697 410 δίκην
1708 377 1813 412 ἀγρίων

1029 422 1101 449 συῶν
1112 422 1338 456 κατεσφᾴττοντο.
1353 422 1384 448 '0
1400 422 1429 448 δὲ
1441 423 1501 453 ταῖς
1517 422 1720 457 παρατυχοῦσιν
1736 423 1814 450 ἁλιά-

1027 476 1071 495 σιν
1087 468 1198 503 ἀκμῆτα
1222 468 1287 495 λαὸν
1312 467 1492 502 προσέπεμπε
1515 468 1562 494 καὶ
1584 468 1812 504 προσεπεσοήθει,

1027 513 1076 540 καὶ
1089 515 1192 548 φωναῖς
1215 514 1262 539 καὶ
1284 513 1406 547 σχήμασι
1432 513 1501 546 πρὸς
1522 513 1629 547 ἄμυναν
1652 514 1813 549 παρεκάλει,

1027 559 1071 594 ιφ*
1085 556 1107 593 ᾧ
1127 559 1165 594 μὴ
1190 558 1305 594 σφαλείη
1330 559 1378 584 καὶ
1404 558 1439 585 τὰ
1462 559 1529 586 ἐκεῖ.
1552 559 1596 590 Ὧς
1612 559 1634 586 δ’
1660 560 1709 586 ἐπὶ
1733 560 1815 595 ξυροῦ

1028 604 1141 635 ἐκείνοις
1154 605 1168 630 ὀ
1187 604 1309 635 κίνδυνος
1329 603 1433 636 ἵστατο,
1455 604 1542 635 ἄλλως
1559 603 1629 638 ἔγνω
1643 605 1813 640 παρακαλεῖν

1029 650 1076 676 καὶ
1095 649 1204 684 θερμῶς
1222 649 1352 676 ίκετεύειν
1365 649 1439 684 αὐτῷ
1451 649 1483 684 δὴ
1493 649 1532 684 τῷ
1543 650 1663 685 ταπεινῷ
1675 651 1795 686 σχήματι
1805 659 1812 666 ·

1028 695 1060 721 ὲκ
1076 694 1131 729 γὰρ
1146 694 1195 728 τῆς
1209 694 1298 728 δεινῆς
1323 694 1494 729 ἑκατέρωθεν
1513 694 1696 727 ἀντιστάσεως
1722 696 1815 723 πολλοὶ

1028 731 1255 765 τῶντιτιπτόντων
1284 738 1316 774 [Ρ
1333 738 1396 774 225]
1424 736 1506 774 ἦσαν,
1533 740 1581 766 καὶ
1606 740 1728 768 θάλασσα
1754 743 1816 778 ῥέεν

1029 785 1136 820 αἵματι.

1027 854 1078 890 λβ.
1092 855 1193 887 ὀπως
1207 854 1282 882 κατὰ
1294 854 1486 890 Megaeram-7d
1498 855 1730 889 πρωτοστράτωρ
1744 857 1814 883 Φιλ-

1062 890 1257 930 ανθρωπηηνὸς
1279 888 1349 930 γενεᾷ
1363 889 1445 930 Ατοὺς
1459 888 1681 930 ’ζταζλρὺς-κατᾲ
1695 891 1813 930 κράτος,

1063 924 1283 986 Ξυνὲρτοῦντος
1298 924 1410 956 ἔξωθεν
1431 924 1481 951 καὶ
1500 924 1552 952 τοῦ
1584 925 1734 952 δεσπότου
1755 926 1814 952 ἰι-ι-

1084 968 1121 986 νν
1139 968 1169 986 υ.

1065 1014 1173 1051 [ΡηΞΞΞ]
1190 1015 1258 1050 Ἤδη
1272 1015 1300 1043 δὲ
1316 1015 1363 1042 καὶ
1386 1017 1402 1052 ἡ
1420 1001 1655 1052 ’πρωτοτακτοῦσα
1670 1018 1814 1045 κατεδικάη

1029 1060 1090 1092 ζετο
1104 1061 1171 1093 ναῦς
1189 1062 1236 1087 καὶ
1259 1061 1311 1096 ἠδη
1335 1062 1390 1093 τοῖς
1410 1062 1517 1097 ἐχθροῖς
1541 1064 1673 1098 ἀπήγετο,
1688 1060 1749 1099 ὲνῇ
1768 1065 1816 1090 καὶ

1028 1107 1042 1133 ὁ
1055 1106 1109 1133 τῶν
1133 1106 1205 1142 νηῶν
1231 1106 1345 1141 ἔξαρχος
1365 1105 1401 1142 ἦν
1420 1109 1467 1135 καὶ
1491 1108 1520 1134 αί
1545 1107 1681 1143 βασιλικαὶ
1699 1110 1815 1144 σημαῖαι

1029 1152 1076 1180 καὶ
1100 1152 1125 1179 oi.
1143 1153 1198 1180 τῶν
1224 1153 1349 1188 μαχίμων
1371 1152 1476 1188 ἀνδρῶν
1499 1153 1654 1189 πρόκριτοι.
1677 1155 1732 1181 Καὶ
1754 1155 1815 1182 τότε

1030 1247 1091 1272 rent
1106 1243 1196 1271 adhuc
1217 1242 1318 1270 animis
1334 1252 1341 1270 :
1357 1250 1389 1270 en
1413 1243 1510 1271 adesse
1534 1251 1595 1271 sese
1613 1243 1751 1278 despotam
1764 1251 1817 1271 au-

1031 1289 1093 1316 xilia
1112 1288 1262 1320 ferentem;
1279 1288 1451 1315 occasionem
1468 1288 1565 1315 adesse
1591 1289 1754 1323 reponenda:
1769 1289 1816 1316 bo-

1035 1335 1123 1362 stibus
1136 1334 1222 1362 cladis
1240 1342 1359 1369 nupera,
1378 1335 1400 1362 si
1416 1335 1525 1369 paulum
1543 1335 1625 1362 modo
1643 1336 1816 1363 conniteren-

1030 1385 1084 1407 tur.
1098 1379 1160 1407 llaec
1169 1380 1285 1414 loquens
1295 1380 1382 1412 vultu,
1394 1380 1492 1412 oeulis,
1504 1388 1630 1407 manuum
1642 1381 1815 1415 protensione

1030 1426 1232 1459 commonebat,
1245 1430 1341 1453 eterra
1359 1426 1466 1453 intuens
1482 1426 1507 1452 in
1521 1427 1636 1453 navibus
1651 1432 1814 1462 pugnantes,

1032 1478 1110 1504 nutu,
1130 1476 1218 1507 gestu,
1232 1472 1305 1498 omni
1323 1476 1454 1506 praeterea
1470 1472 1617 1507 signiticati
1629 1480 1672 1500 me
1689 1473 1818 1502 indicans

1032 1517 1167 1544 adducere
1187 1524 1216 1544 se
1242 1516 1373 1543 auxilium
1404 1517 1580 1552 praevalidum
1606 1526 1667 1545 Inoa
1699 1526 1817 1553 moxque

1032 1563 1204 1590 adfuturum.
1227 1562 1254 1589 Id
1267 1562 1407 1589 enimvero
1432 1562 1582 1597 plurimum
1612 1563 1706 1591 \aluit.
1726 1563 1816 1592 Nostri

1032 1609 1132 1636 milites
1155 1617 1170 1635 a
1188 1613 1252 1636 nota
1269 1608 1350 1644 33hI
1367 1608 1437 1636 facie
1464 1616 1496 1636 ac
1513 1617 1578 1636 voce
1595 1610 1672 1637 nm‘is
1701 1611 1817 1645 receptis

1032 1656 1142 1688 animis,
1165 1656 1252 1691 instar
1268 1662 1407 1690 aprorum,
1424 1655 1469 1690 qui
1483 1655 1661 1683 circumventi
1679 1657 1818 1684 venabulis

1033 1700 1059 1727 in
1081 1701 1139 1735 ipsa
1155 1705 1243 1727 morte
1257 1700 1346 1726 dirmn
1364 1700 1500 1731 frondent,
1524 1701 1594 1727 haud
1611 1700 1721 1735 impune
1731 1701 1816 1728 truci-

1033 1745 1182 1773 dabantur.
1202 1745 1312 1772 lnterim
1329 1745 1362 1772 iis
1380 1745 1502 1772 subsidio
1522 1745 1643 1780 despota.
1662 1747 1818 1781 piscatoriis

1034 1791 1103 1817 forte
1115 1790 1248 1818 naviculis
1268 1791 1395 1825 repertis,
1407 1791 1492 1818 let-tos
1514 1791 1675 1819 bellatorum
1693 1793 1817 1828 manipu-

1034 1835 1076 1862 los
1101 1835 1285 1868 submittere;
1310 1835 1422 1862 \ocibus
1443 1836 1544 1870 pariter
1566 1841 1593 1862 et
1606 1836 1692 1870 signis
1712 1839 1816 1872 procul.

1034 1886 1063 1907 ut
1079 1884 1209 1915 coeperat,
1223 1880 1345 1907 animare
1357 1889 1364 1913 ;
1378 1881 1516 1908 concitare
1529 1881 1555 1908 in
1568 1882 1710 1914 ultionem,
1722 1883 1818 1910 admo~

1033 1926 1238 1954 nerenltimum
1255 1926 1280 1953 id
1308 1929 1417 1961 tempus
1443 1927 1500 1954 fore
1524 1928 1663 1955 servandae
1688 1927 1818 1956 Romane

1033 1973 1083 2004 rei,
1114 1973 1186 1999 haud
1212 1973 1294 1999 dubie
1322 1973 1459 2005 periturae,
1489 1973 1511 1999 si
1535 1973 1677 2000 olIensioni
1696 1976 1817 2002 terrestri

1033 2020 1124 2047 clades
1152 2019 1291 2046 maritima
1323 2019 1507 2053 Superveniat.
1543 2018 1605 2046 Haec
1627 2021 1819 2048 ardentissime

1033 2074 1117 2101 agens
1145 2066 1217 2099 licet,
1254 2073 1349 2101 parum
1387 2065 1547 2100 prolicicbat
1584 2074 1591 2092 :
1625 2067 1818 2094 intendebatur

1033 2111 1104 2138 enim
1119 2110 1282 2144 periculum.
1306 2114 1333 2137 et
1349 2117 1444 2144 parum
1469 2117 1485 2136 a
1500 2109 1671 2137 conclamata
1697 2111 1819 2144 pernicie

1034 2165 1079 2185 res
1096 2157 1203 2184 aberat.
1219 2156 1267 2184 llle
1287 2157 1461 2191 conspicatus
1487 2155 1575 2190 magis
1601 2157 1744 2191 magisque
1761 2156 1818 2183 Ro-

1033 2209 1129 2229 manos
1142 2201 1250 2233 cadere,
1263 2200 1445 2236 congeminari
1466 2199 1565 2233 caedes,
1589 2201 1745 2228 coacervari
1771 2209 1820 2228 ea-

1031 2246 1131 2274 davera
1147 2253 1274 2278 suorum,
1296 2245 1482 2273 decoloratum
1498 2252 1596 2273 cruore
1616 2249 1744 2280 pontum,
1756 2246 1819 2274 inc-

1031 2290 1152 2319 luctabili
1169 2290 1193 2317 vi
1205 2297 1286 2318 ruere
1301 2290 1432 2322 victores,
1443 2290 1552 2317 aliunde
1563 2290 1619 2325 jam
1638 2295 1714 2318 ratus
1739 2293 1817 2319 auxi-

1031 2337 1099 2364 lium
1120 2336 1309 2371 quterendum,
1331 2335 1379 2364 Dei
1408 2343 1486 2371 opem
1515 2336 1677 2370 veniamque
1692 2337 1821 2365 ardenter

1033 2381 1140 2409 invocat
1153 2389 1236 2416 quam
1258 2381 1462 2408 demississime
1495 2381 1590 2408 habitu
1608 2381 1733 2416 supplex,
1762 2389 1821 2409 non

1033 2427 1146 2461 frustra,
1164 2432 1193 2455 ut
1213 2434 1277 2454 mox
1291 2427 1437 2454 videbitur.

1032 2506 1078 2534 52.
1096 2505 1130 2533 Ut
1152 2506 1221 2531 mari
1234 2509 1410 2538 protourator
1426 2503 1666 2538 Pliilanthrapenur
1683 2503 1766 2531 Italo:
1780 2506 1819 2532 ri-

1118 2541 1193 2572 cert't,
1209 2540 1352 2574 adjuvant:
1367 2548 1382 2566 ο
1395 2544 1466 2566 terra
1486 2540 1593 2573 despota
1613 2538 1726 2566 Joanne.

1067 2605 1126 2633 .lam
1152 2606 1278 2641 praloria
1303 2610 1395 2632 nostra
1417 2610 1569 2640 expugnata
1587 2605 1613 2632 vi
1638 2605 1758 2632 hostium
1782 2605 1819 2632 ab

1033 2652 1098 2687 ipsis
1120 2652 1315 2684 abducebatur,
1343 2655 1369 2678 ct
1392 2651 1417 2678 in
1435 2658 1468 2678 ea
1484 2651 1620 2678 universa:
1637 2651 1732 2678 classis
1747 2659 1819 2685 pra--

1032 2699 1128 2730 fectus,
1144 2697 1321 2733 imperatoria
1342 2697 1470 2731 insignia,
1488 2697 1632 2731 ipsumque
1647 2696 1715 2724 adeo
1734 2697 1819 2722 robur

1033 2750 1134 2772 postne
1165 2744 1270 2770 militia:
1297 2742 1422 2774 navalis,
1451 2742 1591 2769 lectissimi
1620 2741 1817 2774 fortissimique

1033 2791 1190 2823 bellatores,
1205 2789 1324 2825 quando,
1342 2793 1372 2815 ut
1385 2789 1488 2816 dictum
1505 2793 1555 2820 est,
1580 2795 1678 2815 novam
1700 2785 1818 2815 addendi
