1936 3069
143 187 198 219 785

621 186 670 216 DE
696 185 893 216 MlCHAELE
912 184 1144 216 PALIEOLOGO
1165 184 1238 215 LlB.
1258 185 1292 215 V.

1722 177 1784 208 735.

141 244 193 274 τὰς
210 241 364 277 προθυμίας
390 241 502 268 ἐκείνων
530 241 656 273 ἐπαύξων
681 242 772 277 ῥιπτεῖ
796 241 867 268 κατὰ
883 240 936 275 γῆς
950 243 973 271 Α
993 239 1123 275 Ἀχριδῶν
1138 238 1281 273 Κεραμέᾳ,
1302 236 1352 263 θέα
1367 235 1451 266 ὅντως
1468 233 1571 267 ἐλεεινὴ
1588 231 1636 259 καὶ
1649 231 1776 266 δακρύων

143 288 194 324 τὴν
212 288 370 322 καλύπτραν
387 287 437 322 τῆς
461 287 592 321 κεφαλῆς,
622 286 669 313 καὶ
694 286 767 313 κόνιν
794 286 934 318 πάττεται,

144 334 193 360 καὶ
206 333 337 368 δάκρυσιν
349 332 464 360 ίκετεύει
478 333 540 359 λίαν
552 332 675 364 ἐλεεινῶς
684 331 722 368 μὴ
733 331 938 367 καταπροέσθαι

144 379 200 406 τῶν
222 378 366 413 συμϐόλων
386 378 578 413 ἀπαγομένων.
593 378 672 405 Οὕτω
693 377 729 405 τὰ
751 376 836 404 πολλὰ
855 385 938 404 κατα-

144 424 294 451 λιτανεύων
309 425 357 450 καί
369 423 459 457 λόγοις
474 423 522 450 καὶ
535 422 655 458 σχήμασι
669 422 716 449 καὶ
726 422 765 456 τῷ
774 421 821 448 τοῦ
835 421 937 456 τρόπου

146 470 279 503 ταπεινῷ,
294 469 409 500 πολλούς
427 478 456 495 τε
473 467 697 503 προσεπιϐάλλων
712 468 768 499 τοῖς
787 466 887 499 ἔξωθεν
900 466 938 498 ὡς

146 515 372 550 ἀναπληροῦσθαι
398 515 462 546 τοὺς
487 514 641 547 λείποντας,
668 513 796 549 ἀνήγειρέ
821 521 850 540 τε
876 513 939 544 τοὺς

149 560 320 597 μαχομένους
333 561 381 588 καὶ
400 560 604 596 παρεθάρρυνε,
629 559 678 586 καὶ
697 558 878 594 ἀναισθήτουν
894 558 925 584 πί
931 572 940 578 -

148 615 272 638 πτοντες,
289 606 448 641 καρτερικοί
462 614 534 637 τινες
557 606 604 632 καὶ
629 605 705 641 παρὰ
720 605 751 631 τὸ
773 604 832 631 διον
848 604 939 639 φαινό-

150 660 238 686 μενοι.
254 652 307 678 Καὶ
323 651 398 681 τέλος
413 650 600 686 περιγίνονται
614 650 669 677 τῶν
681 649 787 685 ἐχθρῶν
802 649 851 676 σὺν
866 649 939 684 πόνῳ

149 687 239 732 sane
253 697 300 724 καὶ
322 697 431 732 μόχθῳ·
455 696 499 723 καὶ
517 696 549 731 δὴ
572 695 645 723 δυοῖν
661 696 678 731 ἢ
703 696 752 722 καὶ
773 695 856 730 τριῶν
869 695 939 721 ἀπο-

148 741 293 776 δρασασῶν
310 742 337 767 αἱ
361 740 454 767 λοιπαὶ
481 740 552 766 κατὰ
574 740 673 775 κράτος
698 739 877 765 ἁλίσκονται·
893 739 940 765 καὶ

148 789 173 814 al
189 788 237 822 μὲν
263 787 415 821 σφαγέντες
441 787 571 815 πεσόντες
596 786 638 817 εἰς
662 786 798 813 θάλασσαν
825 785 940 811 ἀπεπνι·

149 841 239 867 γοντο,
267 833 357 868 ἰχθύσι
376 832 478 867 μᾶλλον
505 832 520 866 ἣ
547 832 654 866 ἀλόχοις
674 832 722 858 καὶ
740 831 846 862 τέκνοις
870 828 940 865 ἦσαν

150 879 274 912 φίλτατοι
286 888 293 895 ·
312 879 337 904 oi
354 878 376 905 δ’
396 878 471 906 ἄλλοι
496 877 719 912 συγκλεισθέντες
743 876 858 912 γαστέρι
877 876 941 911 νηὸς

989 286 1064 318 ἀξία,
1080 282 1302 320 περιστέλλονται
1319 291 1349 308 τε
1365 281 1402 312 ὡς
1420 279 1492 311 εἰκὸς
1515 278 1581 313 παρ’
1599 277 1703 304 ἐκείνου
1721 278 1775 307 τοῖς

989 330 1135 366 εὑρεθεῖσι,
1162 329 1208 355 καὶ
1230 328 1267 360 ὼς
1285 324 1341 354 οἶόν
1369 335 1400 353 τε
1422 324 1631 361 θεραπεύονται.
1658 322 1724 349 Τότε
1754 322 1775 348 δ’

989 376 1189 411 ὑπερπαθήσας
1210 377 1257 401 καὶ
1272 375 1286 401 ὁ
1303 373 1439 408 δεσπότης
1455 372 1503 398 καὶ
1529 369 1717 405 περιαλγήσας
1742 369 1776 403 τῇ

991 422 1129 456 συμφορᾷ,
1150 419 1313 447 δεσπόσυνον
1338 418 1438 454 τρόπον
1453 417 1562 452 φεύγων
1587 415 1649 442 ὅσον
1673 414 1705 440 ὲκ
1724 413 1777 439 τῶν

990 466 1134 501 συμὸόλων
1148 467 1162 492 ὁ
1176 465 1298 496 δουλείας
1312 464 1386 495 ἐντὸς
1401 463 1476 498 παρὰ
1492 462 1590 497 μικρὸν
1602 459 1778 490 κινδυνεύσας

989 511 1077 539 ἐλθεῖν
1092 511 1109 547 ἢ
1125 510 1172 538 καὶ
1185 510 1270 536 ἐλθὼν
1286 509 1316 536 τό
1338 518 1370 543 γε
1390 509 1471 544 μέρος
1488 507 1542 534 τῶν
1556 507 1644 534 ἄλλων
1661 506 1709 532 καὶ
1728 505 1779 538 τῆς

990 557 1104 592 συνόλης
1113 556 1265 591 δυνάμεως,
1275 554 1398 589 σύμϐολα
1409 562 1438 579 τε
1449 553 1497 587 τῆς
1504 550 1663 581 δεσποτείας
1674 550 1778 578 ἐκεῖνα.

992 603 1034 640 [Ρ.
1051 601 1117 638 226]
1132 602 1181 629 ὅσα
1195 602 1224 627 ἐν
1239 600 1385 635 καλύπτρᾳ
1403 599 1450 626 καὶ
1471 598 1628 631 ὑποδήμασι
1645 595 1691 622 καί
1707 603 1738 627 γε
1749 595 1780 620 ὲν

989 649 1147 684 ὲφεστρίσιν
1159 648 1249 674 ἵππων
1264 646 1312 673 καὶ
1332 645 1452 681 χαλινοῖς
1474 644 1520 671 κα)¹
1537 644 1570 678 τῇ
1588 643 1620 669 ὲκ
1635 641 1779 676 πορφύρας

990 694 1150 729 ὑπογραφῇ,
1171 691 1342 723 ἀποτίθεται,
1360 690 1431 716 οὕτω
1446 688 1594 718 δικαιώσας
1609 687 1726 721 ὀφθῆναι
1741 684 1780 719 τῷ

991 740 1107 776 βασιλεῖ,
1123 739 1174 766 οὐκ
1193 737 1251 765 οίδα
1273 737 1345 764 κατὰ
1361 736 1450 770 λύπην
1467 734 1602 770 σφετέραν
1625 733 1641 767 ἢ
1666 732 1713 759 καὶ
1730 731 1781 765 τὴν

990 786 1094 813 ἐκείνου
1111 784 1262 820 ὲκμείλιξιν
1273 792 1281 799 ·
1299 783 1390 814 ἄλλοις
1407 782 1434 808 δὲ
1452 782 1552 812 κοινοῖς
1568 780 1616 806 καὶ
1638 777 1782 812 καλύπτρᾳ

990 831 1020 863 ἐξ
1033 831 1116 867 ὲρίων
1138 828 1376 859 καταστολισθεὶς,
1390 826 1477 857 οὕτως
1498 826 1556 860 ήῖεν
1572 825 1612 855 εἰς
1636 823 1666 849 τὺ
1687 822 1784 857 πρόσω

990 877 1029 913 τῷ
1047 876 1151 912 βασιλεῖ
1178 874 1460 911 ἐμφανισθησόμενος.
1484 871 1537 898 Καί
1563 870 1586 904 γ’
1603 867 1782 904 ἐμφανισθεὶς

151 925 219 956 ιδίας
232 925 343 951 ἕκαστοι
358 925 426 960 πρὸς
439 924 489 960 τὴν
505 923 583 950 πόλιν
605 923 738 958 ἀνήγοντο
753 922 877 955 δείλαιοι,
895 931 939 956 μι-
955 924 1021 960 Βτδ
1051 922 1119 949 πολὺ
1139 921 1191 955 τῆς
1221 920 1307 954 ὀργῆς
1322 917 1475 946 καταπαύει
1503 918 1536 951 τῇ
1562 915 1616 941 τῶν
1639 913 1784 949 συμϐόλων

151 969 221 1004 κρὰν
237 969 304 1003 ὅσην
323 968 499 1004 παραμυθίαν
515 967 562 994 ὲπὶ
582 968 640 999 τοῖς
658 966 826 1002 προλαὸοὖσι
845 967 939 999 δεινοῖς

150 1016 207 1046 τοῖς
227 1014 354 1048 σφαλεῖσι
371 1014 491 1048 θέμενοι.
514 1013 543 1040 ’0
559 1013 587 1040 δὲ
614 1013 748 1048 δεσπότης
770 1013 818 1039 καὶ
841 1014 865 1039 οἱ
893 1012 941 1040 σὺν

151 1061 226 1095 αὐτῷ
242 1061 341 1095 γυμνοὶ
357 1060 412 1087 τῶν
432 1060 560 1087 ἁπάντων
584 1059 671 1092 ὄντες,
687 1059 888 1095 προσϐαλόντες
903 1060 942 1095 τῷ

152 1129 234 1156 victis
255 1128 335 1155 animi
351 1128 485 1155 rationem
501 1128 648 1155 meundam
672 1132 748 1155 ratus
760 1128 871 1163 despota
888 1132 944 1164 teg-

152 1182 215 1202 men
233 1174 328 1208 capitis
343 1174 370 1200 in
385 1179 486 1201 terram
502 1173 606 1208 abiicit,
625 1173 737 1208 pulvere
756 1181 786 1201 se
802 1174 940 1208 aspergit;

153 1226 180 1248 et
196 1228 251 1255 quo
267 1220 360 1247 habitu
373 1219 497 1247 numinis
520 1227 599 1254 opem
618 1220 823 1255 imploraverat,
841 1220 868 1247 in
893 1227 942 1248 eo-

154 1267 215 1294 dem
225 1273 404 1301 perseverans
416 1266 656 1293 Vchementissime
664 1273 726 1292 cum
740 1266 943 1295 miserabilibus

155 1311 282 1346 lacrymis
303 1311 404 1338 milites
429 1311 534 1342 orabat,
559 1311 685 1338 ultimum
711 1311 887 1345 prohiberent
909 1312 943 1339 ab

156 1358 273 1392 imperio
288 1357 419 1391 dedecus,
432 1358 554 1392 Augusta
571 1357 648 1392 signa
663 1357 817 1392 neimpune
833 1358 942 1390 abduci,

156 1412 191 1431 ne
211 1404 374 1439 triumphari
399 1404 435 1431 ab
450 1404 576 1432 hostibus
598 1404 729 1432 sinerent.
745 1404 822 1432 Talia
837 1404 882 1431 diu
908 1404 945 1431 la-

156 1451 338 1478 mentabiliter
364 1450 556 1484 ingeminans,
579 1450 801 1485 demissioneque
820 1458 852 1478 ac
878 1457 944 1485 sup—

156 1497 219 1532 plici
236 1490 312 1532 gostu
327 1497 479 1531 obtutuque
494 1504 589 1524 vocem
605 1496 751 1531 adiuvans,
769 1503 820 1523 nec
834 1496 945 1531 segnius

157 1544 291 1571 continuo
319 1543 483 1570 submitlens
514 1547 639 1570 recentes
661 1542 859 1574 laborantibus,
888 1549 948 1576 qua:

993 968 1180 1003 ἁπαμφιάσει,
1195 966 1250 993 κάκ
1265 965 1350 999 μόνης
1370 964 1420 998 τῆς
1437 963 1500 993 θέας
1517 962 1594 995 δόξας
1614 959 1730 991 ἐλεεινὸς
1743 959 1783 993 τῷ

995 1014 1048 1050 πρὸ
1065 1013 1112 1040 τοῦ
1125 1011 1291 1048 ὡργισμὲνῳ
1307 1011 1341 1037 τὰ
1360 1010 1486 1046 μέγιστα.

997 1116 1161 1164 superstites
1176 1127 1247 1154 intra
1273 1132 1357 1153 naves
1386 1123 1487 1159 quique
1504 1128 1569 1149 suas
1594 1118 1717 1155 diligenti
1734 1125 1782 1144 cu-

995 1175 1084 1202 stodia
1102 1174 1204 1201 servati
1235 1171 1400 1205 deductique
1415 1170 1443 1196 in
1457 1168 1563 1198 urbem,
1594 1173 1642 1193 sua
1672 1164 1784 1191 miseria

994 1226 1100 1257 gratum
1124 1219 1240 1247 infensis
1256 1217 1443 1253 spectaculum
1464 1215 1585 1245 fuerunt,
1603 1212 1789 1248 qualicunque

996 1256 1095 1295 solatio
1121 1264 1302 1300 prrecedentis
1325 1263 1421 1290 cladis.
1446 1261 1481 1288 At
1498 1261 1611 1294 despota
1641 1266 1702 1287 cum
1729 1256 1790 1283 suis

997 1312 1103 1348 spoliati
1118 1311 1247 1338 onmibus
1274 1316 1334 1344 quae
1351 1308 1515 1338 habuerant,
1534 1305 1567 1332 ad
1590 1303 1786 1331 Achridensem

996 1359 1155 1387 Cerameam
1177 1359 1377 1392 pervenerunt,
1403 1351 1551 1380 miserabili
1571 1357 1683 1385 prorsus
1706 1352 1734 1375 et
1748 1348 1789 1375 di-

997 1413 1048 1441 gna
1063 1403 1190 1440 lacrymis
1210 1402 1311 1437 specie.
1332 1401 1379 1428 llle
1397 1400 1486 1427 nudos
1510 1402 1537 1425 et
1551 1397 1674 1424 omnium
1687 1402 1789 1430 egenos

997 1440 1108 1478 vestivit
1121 1449 1321 1482 recreavitque,
1341 1449 1474 1481 quantum
1490 1451 1540 1479 pro
1556 1441 1684 1477 praesenti
1710 1440 1789 1474 copia

998 1495 1200 1525 humanissime
1227 1493 1326 1527 potuit.
1347 1492 1418 1519 Hinc
1449 1491 1504 1525 jam
1521 1496 1603 1517 sensu
1629 1487 1789 1522 pudorcque

999 1540 1162 1570 oﬂ'ensionis
1183 1543 1266 1567 tanta!
1282 1546 1314 1566 ac
1327 1541 1381 1565 tam
1394 1536 1506 1564 insolito
1526 1534 1581 1561 ictu
1600 1533 1722 1560 adversm
1735 1533 1791 1558 for-

157 1593 311 1624 opportune
338 1589 527 1620 subvenirent,
551 1589 662 1616 fortium
689 1588 813 1616 virorum
836 1581 981 1620 manus,c
999 1591 1071 1614 tunae
1088 1585 1192 1613 fractus
1215 1584 1308 1612 animo
1326 1583 1441 1619 despota
1469 1581 1586 1616 insignia
1613 1580 1692 1607 istius
1719 1578 1794 1605 tituli

158 1635 233 1662 unde
247 1642 382 1662 caesorum
409 1635 510 1662 damna
528 1634 731 1669 supplerentur,
757 1634 843 1661 robur
862 1634 948 1661 auda-

157 1682 286 1716 ciamque
295 1681 480 1716 pugnantibus
493 1680 609 1708 immisit
621 1680 808 1715 excitavitque
828 1680 947 1712 animos,

159 1733 190 1756 ut
201 1728 258 1762 jam
284 1735 366 1762 supra
390 1727 463 1754 vires
478 1727 698 1759 conniterentur,
727 1726 950 1761 projicerentque

159 1781 188 1801 se
205 1774 231 1801 in
244 1774 296 1801 tela
311 1773 421 1802 hostilia
440 1781 514 1802 caeco
525 1773 639 1808 quidam
654 1772 769 1808 impetu.
787 1772 878 1799 Ardor
890 1776 950 1800 crat

159 1820 187 1846 in
211 1825 326 1847 mortem
343 1820 492 1853 ruentium,
521 1826 603 1855 quem
617 1824 756 1846 amentem
774 1826 806 1846 ac
835 1818 950 1846 rationis

160 1867 292 1901 impotem
309 1866 425 1894 diceres.
450 1865 504 1893 Nec
533 1865 633 1892 minori
650 1872 720 1900 opus
730 1868 789 1891 crat
807 1864 854 1891 tali
882 1863 949 1891 arti-

161 1912 223 1939 culo
236 1911 440 1946 desperatarum
465 1918 569 1938 rerum.
585 1910 631 1938 Sic
661 1917 731 1944 pene
755 1909 835 1944 335
863 1909 950 1936 victo-

162 1965 207 1984 res
219 1966 234 1985 a
251 1958 307 1992 jam
326 1956 461 1992 perculsis
485 1956 608 1992 superati
633 1956 742 1983 tandem
761 1961 836 1988 sunt,
850 1955 951 1982 sudore

161 2003 271 2038 quidem
297 2003 383 2030 multo
412 2010 584 2037 crnoreque:
609 2002 655 2029 sed
680 2001 749 2030 tanti
784 2001 870 2028 decus
900 2000 952 2027 fuit

161 2055 302 2076 conversae
315 2055 330 2075 e
346 2048 505 2075 discrimine
522 2048 619 2075 ultimo
646 2047 763 2082 publicae
788 2046 904 2073 fortuna:
923 2046 951 2072 in

162 2102 320 2124 successum
335 2098 454 2127 tantum,
473 2098 503 2121 ut
516 2094 624 2122 duabus
641 2094 764 2121 tribusve
784 2097 952 2120 tantummo-

160 2142 198 2169 do
212 2141 313 2176 elapsis
334 2142 445 2176 reliqum
475 2149 570 2169 omnes
594 2144 757 2176 expugnatae
788 2140 950 2167 Latinorum

164 2195 248 2216 naves
264 2195 279 2214 a
301 2186 432 2214 Romanis
458 2191 632 2222 caperentur,
656 2186 794 2221 plerisque
811 2190 952 2214 vectorum

163 2233 249 2268 lapsis
279 2238 326 2260 aut
343 2233 472 2268 projectis
487 2233 514 2260 in
538 2240 624 2266 mare,
653 2233 699 2261 ubi
715 2232 846 2268 gaudium
872 2231 953 2267 epulo

163 2278 313 2315 saginaque
327 2279 371 2306 sui
387 2279 535 2306 maximum
551 2279 675 2314 piscibus
700 2278 846 2310 dederunt,
863 2285 952 2312 quan-

164 2329 223 2352 tum
249 2325 354 2352 scilicet
379 2325 511 2353 allaturos
535 2333 597 2352 sese
625 2324 786 2360 conjugibus
810 2327 838 2350 et
859 2323 955 2351 liberis

164 2371 326 2407 triumphali
343 2372 454 2399 domum
469 2371 559 2399 reditu
589 2375 779 2417 speraverant.
797 2369 850 2397 Alii
865 2368 954 2396 Latini

165 2520 200 2548 α’·
217 2521 319 2552 ὀπως
330 2517 446 2559 μετέιξὺ
459 2515 632 2559 ἐύπηςβξιέἒ
642 2512 921 2559 ηὴΞῩζτὶςιέΪέΥδτο
939 2513 955 2539 δ

251 2547 367 2589 κραὶὧν
376 2547 426 2580 διὰ
439 2551 476 2579 τὰ
494 2547 654 2587 συμσὰντα
671 2549 706 2576 ἐν
722 2547 759 2582 τῇ
774 2547 871 2574 δύσει.

203 2611 245 2648 [Ρ.
255 2611 320 2648 250]
335 2610 414 2639 Οὕτω
431 2609 480 2646 μὲν
489 2608 536 2636 οὖν
549 2607 605 2636 τῶν
620 2605 691 2634 κατὰ
705 2605 782 2633 δύσιν
802 2603 956 2640 ξυμπεσόν-

999 1633 1110 1668 abiecit,
1133 1632 1280 1667 indignum
1294 1631 1328 1658 iis
1349 1637 1411 1658 sese
1440 1633 1581 1663 reputans,
1602 1627 1648 1662 qui
1665 1626 1746 1653 modo
1763 1625 1790 1652 in

999 1683 1055 1707 tam
1081 1677 1236 1714 propinquo
1258 1676 1401 1705 servitutis
1428 1674 1552 1710 periculo
1580 1673 1687 1705 fuisset,
1708 1680 1723 1698 a
1737 1679 1792 1706 qua

999 1732 1056 1752 non
1073 1731 1129 1752 sure
1146 1723 1222 1750 illum
1245 1730 1312 1758 opes
1338 1727 1386 1749 aut
1399 1722 1499 1752 virtus,
1513 1720 1561 1747 sed
1580 1727 1660 1747 casus
1685 1722 1712 1746 et
1728 1717 1792 1752 fuga

1000 1770 1173 1798 liberassent.
1190 1769 1292 1802 Quare,
1310 1767 1344 1795 iis
1359 1775 1420 1802 qua:
1432 1772 1564 1801 usurpare
1581 1765 1658 1798 prius
1673 1768 1732 1791 erat
1748 1771 1794 1791 50--

1001 1816 1065 1843 litus
1083 1815 1111 1842 in
1124 1814 1223 1850 capitis
1236 1814 1367 1849 tegmine.
1388 1813 1415 1839 in
1447 1811 1559 1843 calceis,
1579 1811 1605 1837 in
1621 1809 1742 1844 phaleris
1767 1814 1795 1835 ct

1002 1862 1086 1890 frenis
1106 1861 1292 1896 equestribus,
1312 1860 1338 1887 in
1354 1859 1436 1886 rubra
1454 1857 1668 1892 subscriptione,
1687 1855 1795 1891 symbo-

1003 1909 1027 1936 la
1056 1907 1206 1943 despotica:
1233 1905 1392 1942 potestatis,
1419 1904 1550 1938 deinceps
1571 1902 1725 1932 abstinens,
1754 1903 1795 1927 sic

1003 1954 1161 1990 imperatori
1186 1961 1217 1981 se
1231 1953 1316 1986 sistit,
1335 1952 1407 1980 haud
1429 1951 1486 1979 scio
1512 1958 1546 1977 an
1563 1949 1650 1984 magis
1671 1947 1796 1975 testando

1002 2001 1115 2036 proprio
1131 1999 1230 2031 dolori,
1259 2007 1293 2026 an
1311 1999 1358 2026 iraa
1387 1997 1459 2024 illius
1488 1995 1661 2023 delinicndte.
1694 1993 1726 2020 Et
1743 1991 1796 2019 hoc

1003 2046 1112 2081 quidem
1139 2045 1188 2080 ipsi
1215 2052 1249 2071 ex
1276 2048 1338 2071 voto
1363 2041 1488 2077 contigit.
1518 2039 1623 2067 Videns
1638 2038 1712 2065 enim
1729 2044 1794 2064 eum

1003 2091 1142 2125 Augustus
1158 2090 1186 2116 in
1200 2087 1342 2116 communi
1365 2086 1480 2118 vestitu,
1501 2084 1664 2120 privatoque
1680 2091 1713 2110 ex
1730 2082 1793 2109 lana

1003 2136 1088 2172 pileo,
1104 2135 1218 2162 multum
1234 2134 1268 2161 de
1282 2132 1486 2168 indignatione,
1502 2137 1584 2165 quam
1603 2129 1698 2156 audita
1715 2134 1795 2155 exer-

1005 2181 1076 2209 citus
1092 2179 1184 2208 clades
1197 2179 1225 2206 in
1239 2179 1299 2214 ejus
1317 2178 1399 2214 336
1429 2177 1521 2204 animo
1540 2175 1709 2202 excitaverat
1734 2180 1795 2199 ma-

1007 2226 1119 2258 ximam,
1136 2224 1240 2252 remisit
1254 2233 1262 2257 ;
1276 2227 1468 2251 commovente
1483 2220 1607 2249 vicissim
1623 2220 1679 2247 ista
1692 2217 1792 2245 humili

1006 2273 1095 2307 specie
1120 2271 1337 2299 misericordiam
1364 2270 1390 2296 in
1409 2269 1504 2300 fratre,
1527 2267 1581 2295 viri
1597 2265 1679 2298 tanti,
1698 2263 1792 2292 subita

1007 2317 1186 2348 conversione
1202 2317 1284 2344 sortis
1306 2323 1322 2344 e
1353 2319 1427 2344 tanta
1442 2314 1527 2351 gloria
1543 2313 1655 2348 dcjecti.

961 2437 1022 2485 E'.

1009 2518 1073 2543 των,
1089 2508 1137 2536 καὶ
1155 2506 1201 2535 τοῦ
1227 2505 1297 2533 κατὰ
1311 2504 1363 2539 γῆν
1382 2503 1539 2538 σφάλματος
1561 2498 1799 2534 ἀντισηκωθέντος

1009 2555 1048 2590 τῷ
1066 2554 1137 2582 κατὰ
1162 2553 1301 2580 θάλασσαν
1323 2549 1506 2584 εύτυχήματι,
1528 2546 1617 2580 λύπης
1640 2546 1654 2572 ό
1671 2544 1801 2579 βασιλεὺς

1011 2600 1113 2638 μεταξὺ
1130 2600 1176 2627 καὶ
1191 2598 1288 2634 ἡδονῆς
1302 2595 1345 2633 ἧν.
1363 2594 1458 2630 Ὂμῶς
1470 2594 1498 2620 δὲ
1509 2593 1564 2625 τοῖς
1582 2591 1726 2626 λογισμοῖς
1740 2591 1802 2616 ἑπι-

955 2682 1012 2727 V.

170 2765 196 2792 Ι.
215 2763 250 2792 Ut
269 2771 371 2791 meatu:
384 2762 452 2790 inter
472 2769 610 2790 mwrorem
624 2766 648 2788 et
661 2761 789 2796 gaudium
808 2760 969 2792 imperator,

250 2799 329 2834 fuerit
344 2799 375 2826 ob
392 2807 424 2825 ea
443 2806 502 2833 qua:
516 2799 544 2824 in
559 2797 699 2825 Occidente
714 2799 865 2822 evenerant.

207 2855 299 2883 Rebus
323 2855 352 2882 in
372 2855 447 2882 hunc
469 2854 616 2882 modumin
639 2852 787 2881 Occidente
807 2851 902 2886 gestis,
928 2853 956 2876 et

169 2902 322 2931 offensione
349 2901 472 2930 terrestri
496 2908 624 2929 successu
650 2899 738 2928 navali
762 2901 954 2932 cempcnsata.

1008 2764 1069 2784 cum
1089 2754 1195 2783 medius
1210 2751 1375 2788 'aliquandiu
1399 2751 1471 2778 inter
1500 2748 1603 2775 luctum
1626 2749 1655 2772 et
1676 2743 1797 2771 laetitiam

1009 2801 1084 2837 quasi
1100 2800 1277 2836 pependisset
1300 2799 1457 2832 imperator,
1472 2794 1581 2822 tandem
1594 2797 1692 2821 cetera
1706 2789 1801 2818 liberis

1011 2845 1273 2881 homiuumjudiciis
1290 2844 1430 2877 utriusque
1451 2840 1514 2868 facti
1529 2838 1711 2867 aestimatione
1735 2844 1800 2872 per-

1012 2895 1104 2927 missa,
1120 2894 1206 2927 magis
1217 2894 1274 2923 inse
1290 2891 1449 2920 incumbens
1466 2888 1494 2916 in
1507 2886 1715 2923 auspicutiorem
1734 2891 1796 2919 par-
