1936 3069
142 191 201 222 ³187

748 192 907 223 GEORGII
927 191 1170 223 PACHYMERIE

1711 190 1764 222 788

146 247 254 281 τρέπων
269 247 304 274 τὰ
319 249 480 283 πράγματα,
496 250 527 276 τὸ
541 250 591 285 μὲν
611 249 772 286 δυστύχημα
785 251 928 277 κλαπείσιν
943 251 967 281 Α
981 251 1050 279 εἶναι
1062 248 1220 284 δεσποτείας
1232 251 1319 288 ὄνομα
1330 253 1422 288 φέρειν
1435 251 1497 283 τοὺς
1507 250 1671 284 ἕξωθεν,καὶ
1687 258 1768 284 προσ-

147 291 241 323 ετίθει,
257 292 287 319 τὺ
302 293 324 318 δ’
345 293 488 329 εὐτύχημα
503 295 660 330 περιφανῶς
679 296 867 330 ἀριστεύσασι,
883 296 931 322 καὶ

147 336 179 362 τὸ
198 336 248 371 μὲν
263 337 360 372 χλεύην
381 335 437 365 οἷον
454 339 545 374 ἡγεῖτο
569 339 614 366 τοῦ
638 340 792 367 ἀποστάτου
817 341 932 376 ἐργολα-

146 379 258 412 ϐοῦντος
270 382 303 408 τὰ
321 383 396 418 παρὰ
405 383 529 418 δύναμιν,
540 384 570 410 τδ
582 384 610 410 δὲ
630 385 749 420 πολέμου
765 385 932 420 κατόρθωμα

147 426 198 451 καὶ
213 426 343 460 τρόπαιον
368 427 508 462 ἄντικρυς.
526 429 606 455 Ὅθεν
631 430 678 456 καὶ
699 430 733 456 τὰ
759 430 808 464 τῆς
833 430 931 465 ἡδονῆς

147 470 237 503 ὲνίκα,
258 471 325 506 νῆας
340 472 446 504 ὲκείνας
467 474 621 506 ἐννοοῦντας
650 475 704 502 τῶν
725 475 863 510 πολεμίων
886 476 931 502 καὶ

148 515 247 552 ἄνδρας
271 517 300 544 ὲν
313 518 408 550 αὐταῖς
433 519 586 551 πλείστους,
603 521 652 551 τὰς
677 521 727 555 μὲν
751 521 932 555 καταχθείσας

147 561 188 595 τῷ
201 561 316 597 νεωρίῳ,
335 564 397 595 τοὺς
416 563 444 589 δὲ
465 565 525 595 ταῖς
543 565 664 599 εἱρκταῖς
681 565 838 597 ἐκδοθέντας
855 566 931 600 σιδη-

150 607 278 641 ροδέτους
294 610 340 635 καὶ
365 609 433 645 μόνῃ
449 609 499 645 θέᾳ
521 610 553 636 τὸ
578 611 638 637 κατ’
654 611 745 637 αὐτῶν
774 611 932 643 δεικνύντας

148 652 288 685 τρόπαιον.
312 654 422 681 Ἑλύπει
444 655 472 682 δέ
485 663 518 688 γε
533 655 578 682 τὸν
596 655 707 690 βασιλέα
724 657 770 683 καὶ
785 657 799 682 ὁ
812 657 871 688 ταῖς
887 665 932 683 κο-

149 696 209 723 πίσι
234 698 389 730 κατάκοπος
408 699 571 734 στρατηγὸς,
593 700 632 732 ὡς
647 701 730 734 ἐγγὺς
746 701 833 728 δοκεῖν
859 700 930 729 εἶναι

148 742 194 768 διὰ
205 743 254 774 τὰς
274 743 382 778 πληγὰς
398 745 443 771 τοῦ
461 740 576 772 θανάτου
587 754 594 762 '
611 747 678 782 πρὸς
691 747 744 781 γὰρ
759 748 818 778 ταῖς
836 747 932 778 ἄλλαις

149 789 196 815 καὶ
209 789 274 823 μίαν
287 790 338 824 τὴν
349 790 419 817 κατὰ
433 792 541 826 νεφρῶν
557 789 614 826 εἶχε
637 792 745 827 καιρίαν
765 792 932 819 ἀπειλοῦσαν

149 833 273 861 θάνατον.
289 835 370 861 Ὅθεν
386 836 434 862 καὶ⁹
459 837 561 871 ἰατροῖς
587 837 761 872 ἐπιμεληθεὶς
787 838 834 864 καὶ
856 838 933 872 μόλις

149 879 217 913 πρὸς
233 880 263 906 τὸ
279 881 463 916 ὑγιεινότερον
479 881 573 914 κλίνας
592 882 622 909 τδ
635 883 699 918 περὶ
719 883 800 909 αὑτοῦ
816 883 931 910 δεδοικὲ-

148 933 192 951 ναι
214 926 279 955 τοὺς
294 927 409 958 πολλοὺς
425 929 568 962 ἀφῃρεῖτο.
593 929 670 956 Ἐπεὶ
693 928 720 955 δὲ
736 930 782 956 καὶ
805 930 932 963 ἀγάλλειν
948 923 968 950 Β

148 970 202 996 ἔδει
227 971 322 999 τοῦτον
335 973 380 999 τὸν
407 973 519 1008 βασιλέα
545 975 688 1001 ἀντίποινα
712 975 766 1002 τῶν
787 975 881 1002 δεινῶν
896 972 933 1002 ὦν

147 1017 301 1053 ἐκαρτέρει,
323 1018 362 1054 τῷ
378 1020 424 1046 τοῦ
441 1020 561 1054 μεγάλου
579 1020 673 1052 δουκὺς
697 1022 764 1057 τιμᾷ
786 1021 931 1056 ἀξιώματι.

154 1063 183 1089 '0
201 1063 292 1098 μέντοι
320 1073 353 1098 γε
369 1065 483 1099 ἀδελφὸς
501 1066 548 1093 τοῦ
575 1067 742 1102 κρατοῦντος
768 1068 782 1094 ό
804 1068 932 1103 Ἰωάννης

147 1109 198 1144 τὴν
210 1110 300 1137 αἰτίαν
315 1111 474 1146 άπαιτηθεὶς
487 1112 550 1147 παρ’
563 1112 597 1147 ἠν
612 1113 659 1139 καὶ
670 1112 703 1139 τὰ
714 1113 764 1144 τῆς
775 1113 933 1144 δεσποτείας

147 1155 269 1183 ἀπέϐαλε
297 1156 432 1191 σύμϐολα,
449 1157 495 1184 καί
520 1157 545 1191 γ’
560 1158 721 1193 ἀποκριθεὶς
736 1158 770 1185 τὰ
794 1159 824 1190 ἐς
841 1159 932 1194 χάριν,

147 1201 185 1233 ὡς
210 1202 277 1229 υἱῶν
303 1203 408 1230 ἐκείνου
431 1203 622 1238 ἀνδρωθέντων
639 1204 688 1239 ἥδη
715 1204 753 1239 μὴ
779 1205 812 1231 ἂν
829 1204 933 1231 δίκαιον

149 1295 214 1323 tem,
233 1290 411 1319 infortunium
437 1292 543 1320 furtiva:
565 1293 727 1329 grassationi
744 1293 876 1325 hostium,
893 1294 933 1321 vi-

147 1336 262 1363 ctoriam
276 1338 450 1371 generositati
465 1338 581 1366 heroica:
593 1346 714 1372 suorum,
726 1343 838 1366 cunctas
852 1339 933 1367 sorlis

146 1381 304 1416 iniquitates
319 1383 476 1411 fortitudine
489 1385 630 1418 splendide
660 1385 824 1420 prmvalente
843 1385 931 1420 palam

146 1428 172 1454 vi
183 1433 277 1462 aperta
298 1430 544 1464 perruinpentium,
568 1438 676 1465 aequum
690 1431 822 1458 censebat
841 1431 932 1466 impu-

146 1474 208 1500 tari.
227 1474 315 1509 Atque
340 1475 405 1502 illud
419 1476 528 1510 quidem
554 1477 691 1504 contemni
706 1477 806 1505 debere
820 1482 932 1505 conten-

146 1520 229 1547 debat
242 1520 316 1547 velut
341 1521 476 1555 quoddam
500 1522 621 1556 joculare
636 1523 782 1550 ludibrium
797 1523 931 1559 foedifragi

146 1565 290 1593 nebulonis
302 1566 359 1593 ausi
377 1567 480 1601 majora
495 1567 552 1594 suis
564 1568 679 1601 viribus,
696 1568 748 1596 hoc
763 1570 853 1604 magni
872 1569 930 1596 ﬁeri

147 1615 177 1637 ut
187 1611 301 1638 arduum
313 1616 340 1638 et
353 1612 442 1646 gloriae
471 1613 563 1640 solidae
580 1613 688 1648 plenum
714 1615 931 1649 experimentum

147 1662 219 1681 vera:
237 1655 342 1682 bellica:
362 1656 481 1690 virtutis,
506 1658 548 1684 cui
565 1659 652 1686 honos
670 1659 763 1694 tropa:i
775 1660 836 1694 jure
850 1668 930 1695 quam

146 1701 249 1734 optimo
274 1701 431 1730 deberetur.
466 1703 557 1731 Facile
578 1704 660 1740 igitur
689 1705 855 1733 vincebatin
871 1707 932 1742 ejus

147 1746 238 1773 animo
253 1748 381 1781 gaudium
407 1756 563 1781 tumrorem,
594 1755 750 1777 recurrente
781 1752 930 1785 praesertim

147 1793 277 1819 lin-moria
288 1797 326 1820 tot
336 1793 475 1820 hostilium
491 1795 603 1821 navium
619 1795 762 1823 navalibus
777 1796 930 1824 additarum

147 1837 215 1870 suis,
235 1842 274 1865 tot
287 1839 405 1866 hostium
422 1840 449 1866 in
465 1840 498 1867 iis
509 1844 650 1875 captorum
665 1840 782 1876 indeque
806 1842 933 1870 detruso-

149 1891 210 1910 rum
228 1883 255 1910 in
272 1885 420 1917 custodias,
440 1885 485 1912 ubi
505 1886 577 1913 ferro
597 1886 680 1913 vincti
709 1888 791 1915 tacito
812 1889 853 1915 sui
867 1896 917 1923 spe

148 1929 255 1957 ctaculo
271 1933 401 1965 tropaeum
415 1931 489 1965 quasi
501 1931 636 1966 quoddam
649 1937 786 1960 exstarent
802 1933 933 1962 Romana;

150 1975 303 2002 fclicitatis.
328 1976 376 2003 Hic
411 1983 501 2004 tamen
529 1985 561 2004 ne
589 1977 668 2012 plane
699 1986 783 2013 purus
810 1980 932 2015 Augusto

148 2025 222 2049 esset
253 2021 357 2049 fructus
383 2023 477 2055 animi,
519 2024 669 2058 periculurn
707 2024 932 2062 Philanthropeni

149 2068 325 2102 temperabat,
355 2068 434 2103 337
466 2069 502 2096 ita
521 2069 708 2098 decumbentis
727 2079 759 2098 ex
774 2072 932 2102 vulneribus

149 2113 237 2140 navali
255 2113 346 2146 przrlio
362 2114 482 2148 acceptis
505 2119 534 2141 ut
547 2115 605 2149 ejus
626 2116 688 2143 vita:
706 2116 858 2145 timeretur.
874 2118 930 2146 ilo-

148 2164 207 2183 l‘lllll
223 2160 282 2184 erat
313 2157 454 2184 vulnerum
479 2166 563 2185 unum
584 2160 735 2193 pra‘sertim
763 2161 790 2188 in
820 2163 931 2192 renibus

149 2202 268 2237 gravius,
286 2211 318 2230 ex
339 2211 392 2238 quo
412 2208 566 2231 secuturam
589 2209 702 2232 mortem
717 2207 838 2242 plerique
863 2210 933 2237 omi-

149 2249 294 2276 nabantur.
312 2249 426 2276 Evanuit
441 2255 530 2277 tamen
554 2251 629 2278 triste
649 2252 802 2287 augurium,
820 2253 933 2280 medicis
945 2243 972 2274 Ῑ)

149 2294 228 2321 enixe
256 2295 289 2322 ad
320 2295 471 2322 curandum
501 2303 602 2331 zegrum
629 2304 680 2324 nec
715 2297 774 2324 sine
807 2305 934 2325 successu

149 2339 389 2371 contendentibus,
418 2339 454 2366 ita
471 2345 500 2366 ut
515 2341 589 2367 brevi
603 2346 661 2375 post
676 2347 796 2376 tempore
814 2350 866 2369 non
884 2342 935 2369 du-

149 2386 202 2414 biis
217 2386 343 2413 rediturae
372 2385 534 2423 valetudinis
553 2386 661 2414 indiciis
683 2388 862 2419 exstantibus.
888 2389 934 2422 qui

149 2433 210 2467 ejus
237 2439 318 2459 causa
348 2432 456 2459 solliciti
485 2431 616 2465 fuerant,
649 2440 714 2459 cura
739 2433 910 2460 solverentur
926 2455 933 2466 ,

149 2478 260 2514 quando
274 2478 422 2513 imperator
435 2486 546 2505 suarum
568 2486 629 2506 esse
642 2479 758 2514 partium
777 2484 853 2507 ratus
867 2487 934 2507 con-

150 2526 232 2553 solari
248 2533 359 2560 passum
385 2529 413 2552 et
428 2525 610 2560 periclitatum
634 2534 682 2553 sua
706 2534 786 2553 causa
801 2526 880 2553 talem
896 2526 935 2553 vi-

151 2579 223 2604 ium,
241 2571 356 2605 pretium
368 2572 392 2598 ei
408 2579 590 2598 :erumnarum
610 2579 641 2598 ac
659 2572 795 2607 plagarum
813 2572 935 2607 rependit

150 2618 281 2653 amplum,
298 2618 389 2653 magni
405 2617 482 2645 ducis
500 2618 631 2653 dignitate
661 2618 748 2652 ipsum
765 2618 931 2645 honorando.

151 2663 246 2691 Frater
262 2668 352 2690 autem
368 2663 526 2698 imperantis
544 2663 674 2693 Joannes,
690 2671 750 2690 cum
767 2668 839 2690 esset
852 2672 885 2690 ex
900 2672 934 2691 eo

149 2709 294 2745 quaesitum
309 2717 358 2737 cur
382 2709 501 2744 despotie
517 2709 631 2744 insignia
649 2708 831 2742 deposuisset,
849 2708 934 2735 obno-

151 2758 196 2783 xie
211 2755 244 2782 ad
255 2755 367 2791 gratiam
384 2755 535 2790 respondit,
551 2759 694 2789 postquam
706 2754 761 2788 jam
777 2753 822 2781 filii
836 2762 867 2781 ex
884 2755 934 2781 Au.

152 2806 232 2836 gusto
246 2801 301 2828 nati
317 2801 345 2828 in
359 2801 430 2828 viros
454 2801 647 2832 adolevissent,
665 2800 736 2827 haud
750 2808 857 2835 aequum
872 2807 933 2828 esse

151 2847 298 2882 dcspotica:
323 2847 463 2882 potestatis
482 2854 580 2873 nomen
607 2851 634 2873 in
657 2846 792 2873 extraneis
819 2847 932 2875 haerere.

150 2895 270 2925 Att-cpta
286 2891 426 2927 responsio
439 2896 488 2924 cst,
502 2891 670 2926 libenlerque
687 2891 725 2918 uti
743 2891 871 2926 deinceps
885 2900 933 2920 sua

984 298 1130 334 απεδὲχθη.
1154 298 1235 325 Ὅθεν
1258 298 1305 325 καὶ
1329 298 1422 333 κοινὴν
1449 297 1538 328 ἄλλως
1566 298 1597 323 ὲκ
1615 296 1767 331 χρυσοσύρ·
1789 315 1791 318 ‹

985 343 1244 378 ματοςκαλὺπτραν
1261 343 1417 378 ἐνθέμενος,
1437 342 1630 377 μελαμὸαφέσι
1647 341 1676 367 δὲ
1695 340 1767 367 πεδί-

983 389 1039 420 λοις
1055 390 1101 415 καὶ
1114 390 1170 420 τοῖς
1183 389 1243 415 καθ’
1260 389 1343 417 ῐππον
1359 388 1510 422 στολισμοῖς
1526 387 1676 422 χρώμενος,
1690 386 1768 421 μόνον

982 434 1013 460 τὸ
1027 434 1162 469 δεσπότης
1179 434 1330 468 κεκλῆσθαι
1347 433 1526 468 ἀναφαίρετον
1544 431 1614 467 εἶχε.

980 513 1021 546 β’.
1039 515 1139 546 Ὅπως
1151 512 1333 548 σχιζομένων
1354 512 1493 548 τῶνγκιιντν
1506 511 1656 548 timaret?"
1675 511 1692 548 d
1711 517 1768 536 πα-

1052 545 1198 583 πριὰρχήξ
1214 545 1263 575 διὰ
1279 548 1371 574 ταῦτα
1382 547 1444 580 τοῖς
1461 547 1525 573 ἐκεῖ
1551 545 1698 580 ἐπιδημεῖ.

989 639 994 643 .
1019 615 1061 651 [Ρ.
1077 614 1142 650 23!]
1160 615 1200 641 Τὰ
1216 615 1309 648 μέντοι
1329 614 1378 648 τῆς
1399 613 1564 648 Ἐκκλησίας
1587 613 1672 639 ἐνόσει
1692 620 1770 646 περι-

983 661 1084 695 φανῶς,
1101 661 1148 687 καὶ
1165 661 1195 687 τὸ
1214 661 1316 695 σχίσμα
1332 661 1372 691 εἰς
1393 660 1462 694 μέγα
1485 659 1578 694 ᾔρετο,
1601 658 1657 685 τῶν
1675 660 1771 692 Ἀρσε-

982 706 1081 734 νιατῶν
1107 706 1154 733 ἐπὶ
1183 707 1264 733 πλέον
1292 705 1523 742 προστιθεμένων,
1549 705 1586 737 ὠς
1613 705 1650 740 μὴ
1673 707 1771 739 μόνους

983 753 1102 784 ἐκείνους
1121 752 1146 778 οἳ
1160 752 1191 783 δὴ
1211 752 1250 788 τῷ
1276 752 1432 787 πατριάρχῃ
1457 751 1591 786 Ἀρσενίῳ
1612 750 1771 785 ἐντυχόντες

982 795 1053 824 εἶδον
1073 797 1214 832 σχίζεσθαί
1238 806 1268 824 τε
1285 798 1331 824 καὶ
1353 797 1449 832 ζηλοῦν
1468 797 1537 832 ὑπὲρ
1560 797 1678 827 ἐκείνου,
1701 795 1770 822 ἀλλὰ

983 843 1031 870 καὶ
1057 844 1119 874 τοὺς
1143 843 1205 878 μηδ’
1220 844 1289 873 ὅλως
1318 843 1421 874 ἰδόντας
1446 842 1688 877 καθυπαγομένους
1713 842 1772 872 τοῖς

983 889 1084 920 ἄλλοις.
1098 889 1166 916 ῐῙοτὲ
1178 889 1205 915 δὲ
1220 889 1266 916 καὶ
1279 888 1308 915 τὸ
1319 889 1383 923 περὶ
1396 888 1442 915 τοῦ
1461 888 1559 924 Ἰωσὴφ
1571 888 1769 923 φημιςόμενον,

982 934 1020 966 ὡς
1047 935 1239 969 ἀφωρισμένος
1264 935 1318 969 εἴη.
1336 935 1480 969 αἰρόμενον
1507 934 1557 965 τὰς
1580 934 1634 960 τῶν
1664 933 1771 960 πολλῶν

983 981 1071 1016 ψυχὰς
1084 981 1210 1012 ἐκτόπως
1231 980 1374 1016 ὲκῦμαινε.
1390 981 1442 1007 κᾶν
1464 981 1568 1010 ἐκεῖνος
1593 979 1679 1015 συχνὰ
1701 979 1771 1013 λαμ-

984 1027 1073 1053 ϐάνων
1101 1028 1176 1061 παρὰ
1192 1026 1324 1061 βασιλέως
1344 1026 1474 1061 χρήματα
1490 1026 1521 1052 τδ
1538 1026 1689 1060 φιλόδωρον
1713 1026 1770 1056 τοῖς

983 1071 1194 1107 προσκειμένοις
1219 1071 1381 1106 ἐπηὺεανεν.
1398 1071 1435 1098 Οὗ
1447 1071 1500 1105 γὰρ
1523 1069 1557 1106 ἣν
1576 1071 1590 1097 ὃ
1604 1070 1722 1103 ζητήσας
1738 1069 1770 1096 οὐ

984 1117 1126 1152 παρευθὺς
1149 1116 1314 1151 ιλάμὸανεν,
1328 1117 1366 1148 ὼς
1380 1116 1469 1150 λέγειν
1484 1116 1615 1148 πολλάκις
1629 1115 1674 1142 τὸν
1693 1115 1771 1150 βαπια

983 1163 1041 1196 λέα,
1057 1162 1105 1190 τοῦ
1128 1162 1266 1198 ἱερατικοῦ
1290 1162 1408 1197 μανδύου
1421 1163 1467 1189 τὸν
1490 1162 1663 1196 πατριάρχην
1686 1161 1768 1188 κατέ-

983 1217 1075 1243 χοντα,
1090 1207 1127 1239 ὡς
1143 1207 1224 1240 αὐτὸς
1249 1208 1290 1242 εῐη
1315 1208 1329 1234 ὁ
1343 1207 1392 1239 τὰς
1413 1208 1462 1242 τῆς
1488 1208 1567 1240 Ἐδὲμ
1590 1206 1676 1238 πύλας
1695 1205 1770 1241 αὐτῷ

984 1298 1034 1325 ista
1059 1295 1191 1324 modestia
1213 1295 1347 1323 Joannem
1379 1300 1546 1330 imperantes
1572 1295 1768 1329 permiserunt.

984 1343 1057 1378 Ergo
1072 1342 1095 1370 is
1115 1349 1164 1377 pro
1182 1349 1266 1369 aureo
1279 1341 1425 1374 fimbriato,
1452 1349 1532 1376 quem
1551 1341 1626 1376 prius
1643 1345 1769 1374 gestave-

983 1393 1035 1421 rat,
1057 1389 1195 1424 vulgarem
1213 1388 1436 1422 promiseuiusus
1454 1387 1535 1422 capiti
1551 1387 1650 1421 pileum
1676 1386 1768 1421 impo-

983 1436 1060 1468 suit;
1089 1434 1175 1470 nigris
1187 1441 1296 1468 quoque
1326 1433 1414 1460 induit
1428 1433 1510 1468 pedes
1541 1433 1650 1463 calceis,
1685 1432 1770 1467 nigris

982 1488 1067 1516 equos
1086 1480 1212 1515 proprios
1228 1479 1364 1514 ephippiis
1392 1479 1527 1506 instravit.
1543 1478 1662 1506 Vocitari
1676 1482 1768 1504 tamen

982 1527 1010 1554 in
1028 1530 1167 1561 posterum
1191 1531 1301 1559 quoque
1314 1524 1438 1559 despota,
1470 1527 1499 1550 ut
1516 1526 1590 1555 ante,
1606 1530 1660 1549 non
1674 1522 1768 1553 desiit,

944 1573 1083 1616 Cpopulo
1120 1579 1152 1598 ex
1191 1570 1390 1598 consuetudine
1418 1569 1580 1600 deferente,
1626 1575 1677 1594 nec
1705 1568 1769 1594 Au-

984 1619 1070 1654 gustis
1085 1617 1277 1649 invidentibus,
1293 1623 1397 1644 merum
1413 1620 1478 1643 etre
1491 1614 1640 1650 significata
1652 1622 1769 1641 vacuum

985 1672 1095 1693 nomen.

985 1742 1012 1769 2.
1038 1741 1073 1768 Ut
1095 1742 1236 1769 schismate
1252 1748 1297 1774 per
1317 1739 1450 1766 Orientem
1477 1739 1660 1771 invalescente,
1689 1746 1718 1764 ea
1742 1746 1771 1766 se

1022 1777 1174 1811 patriarcha
1198 1775 1340 1803 contulerit
1357 1774 1428 1809 pacis
1445 1774 1619 1801 couriliandw
1634 1774 1733 1808 gratia.

1020 1844 1048 1870 2.
1075 1842 1185 1870 Interim
1213 1841 1402 1869 ecclesiastica:
1435 1849 1479 1868 res
1508 1840 1680 1868 manifestius
1711 1841 1769 1874 jam

985 1895 1065 1923 quam
1082 1892 1111 1914 ut
1127 1890 1220 1922 posset
1236 1885 1398 1913 dissimulari
1414 1884 1584 1917 laborabant,
1605 1890 1631 1912 et
1649 1885 1769 1912 schisma

986 1932 1162 1961 incrementis
1185 1930 1339 1966 ingentibus
1364 1930 1521 1965 augebatur,
1547 1930 1673 1964 plurimis
1698 1938 1727 1957 se
1742 1931 1769 1956 in

985 1979 1043 2006 dies
1060 1978 1092 2005 ad
1102 1977 1304 2003 Arsenaitarum
1322 1975 1467 2004 factionem
1492 1976 1662 2003 addcntibus.
1676 1976 1770 2010 Neque

986 2025 1059 2052 enim
1073 2023 1091 2050 ii
1108 2023 1194 2050 solum
1208 2023 1254 2057 qui
1272 2022 1416 2049 Arsenium
1447 2022 1630 2057 patriarcham
1645 2022 1769 2049 viderant

985 2072 1063 2106 eique
1079 2070 1250 2101 studuerant.
1263 2069 1424 2096 abscindere
1438 2070 1529 2104 sciam
1543 2078 1558 2096 a
1574 2069 1770 2096 communione

984 2117 1202 2145 adversariorum
1221 2116 1281 2150 ejus
1301 2119 1328 2142 et
1348 2124 1397 2150 pro
1411 2116 1496 2150 ipsius
1512 2115 1684 2143 restitutione
1708 2123 1770 2142 cer-

985 2169 1043 2191 tare
1057 2163 1145 2198 palam
1171 2161 1363 2194 cernebantur,
1388 2161 1436 2188 sed
1461 2165 1488 2188 et
1511 2161 1555 2188 alii
1570 2162 1669 2196 passim
1696 2161 1770 2188 nulla

987 2208 1060 2235 illius
1075 2206 1205 2242 peculiari
1221 2205 1328 2238 notitia,
1349 2205 1423 2232 nullo
1439 2205 1466 2232 in
1484 2213 1545 2232 eum
1572 2207 1684 2241 proprio
1707 2206 1771 2234 aﬂ'e-

985 2258 1029 2280 ctu
1044 2251 1224 2288 praeoccupati
1238 2259 1356 2285 unquam
1372 2255 1462 2283 antea,
1474 2256 1562 2278 tamen
1577 2252 1604 2278 in
1623 2260 1669 2279 cas
1680 2257 1746 2287 parti
1757 2261 1772 2280 s

986 2296 1090 2323 ambitu
1117 2300 1144 2323 et
1159 2295 1249 2322 studio
1269 2295 1446 2322 scctariorum
1470 2296 1529 2330 ejus
1549 2297 1768 2324 attrahebantur.

987 2341 1072 2378 Vulgo
1088 2342 1114 2368 in
1128 2342 1223 2376 primis
1238 2341 1304 2368 illud
1319 2341 1440 2368 omnium
1471 2341 1553 2376 338
1577 2350 1624 2369 ore
1641 2343 1771 2370 celebra-

987 2394 1043 2416 tum
1059 2388 1091 2415 de
1105 2387 1234 2422 Joseplio,
1250 2394 1310 2414 esse
1331 2387 1405 2413 illum
1422 2387 1472 2413 sibi
1488 2388 1628 2415 conscium
1657 2397 1769 2416 excom-

987 2433 1182 2461 municationis
1206 2438 1361 2465 contractae.
1390 2434 1566 2460 vehementer
1592 2436 1770 2469 perturbabat

985 2480 1177 2514 plerorumque
1191 2479 1308 2506 animos.
1318 2479 1351 2506 Et
1363 2481 1539 2514 quantumvis
1547 2481 1597 2507 istc
1607 2482 1726 2516 aceeptis
1734 2482 1768 2509 ad

985 2527 1011 2554 id
1026 2535 1039 2553 ιι
1064 2526 1186 2560 principe
1210 2525 1333 2560 pecuniis
1356 2525 1428 2560 large
1444 2526 1642 2560 profundendis
1663 2528 1768 2554 exstin-

985 2579 1067 2608 guere
1085 2571 1227 2603 invidiam,
1246 2572 1360 2606 quaesito
1371 2580 1418 2605 per
1439 2573 1647 2601 beneficentiam
1662 2573 1766 2606 favore,

984 2622 1139 2648 conaretur,
1169 2616 1197 2643 in
1216 2624 1330 2651 eamque
1360 2617 1556 2653 indulgentiam
1588 2624 1642 2646 tam
1665 2627 1765 2654 pronui

984 2664 1164 2694 incumberet,
1184 2667 1214 2689 ut
1237 2670 1318 2689 nemo
1341 2663 1374 2690 ab
1390 2671 1423 2690 eo
1436 2663 1544 2698 quidvis
1556 2670 1679 2699 pasceret
1701 2665 1767 2700 quin

985 2710 1075 2737 statim
1101 2711 1303 2743 assequeretur,
1318 2713 1408 2736 tamen
1433 2717 1483 2736 nec
1496 2710 1535 2737 sic
1549 2710 1685 2738 efﬁciebat
1701 2711 1766 2745 quin

985 2762 1081 2790 magna
1107 2758 1135 2782 et
1156 2753 1241 2780 tristis
1263 2753 1334 2781 circa
1371 2763 1433 2781 eum
1459 2755 1575 2783 solitudo
1597 2761 1764 2784 cerneretur.

985 2800 1043 2832 Quo
1067 2799 1155 2826 facete
1178 2799 1301 2826 alludens
1333 2799 1490 2834 imperator,
1512 2809 1594 2828 manu
1615 2809 1685 2836 sepe
1706 2809 1766 2836 pre-

985 2846 1072 2873 henso
1094 2845 1254 2880 patriarcha:
1273 2846 1415 2880 praesentis
1444 2847 1534 2880 pallio,
1559 2847 1649 2875 diceie
1671 2847 1766 2874 solitus

986 2895 1044 2919 erat
1061 2889 1199 2926 aperuisse
1214 2889 1288 2917 illum
1304 2889 1354 2918 sibi
1375 2891 1490 2924 paradisi
1509 2891 1614 2925 ianuas,
1631 2899 1684 2928 quo
1703 2891 1763 2926 ipse
