1936 3069
131 157 185 188 789

627 158 674 188 DE
704 157 901 189 MICHAELE
921 157 1149 190 PALEOLOGO
1168 161 1242 191 LIB.
1264 163 1296 192 V.

1701 160 1761 190 790'

129 212 270 246 ἀνοιγνὺς,
286 212 324 243 ὡς
352 213 400 247 ἅμ’
424 213 522 248 ἐκεινῳ
547 214 594 240 καὶ
621 215 703 242 αὑτὸν
720 215 852 241 είσελθεῖν
877 222 922 240 πι-
935 217 958 244 Α
973 226 1029 249 τος.
1042 217 1128 244 Αὐτὸν
1143 217 1167 244 δ’
1179 215 1248 244 εἶναι
1262 217 1338 253 παρὰ
1352 217 1413 248 τοὺς
1435 216 1530 248 ἄλλους
1549 216 1694 250 δοκιμάσαι
1709 217 1759 242 τὸν

130 257 238 284 στεύειν
261 257 389 290 κατόπιν,
408 258 522 293 μηδενὸς
546 259 752 294 ἐμποδίζοντος.
775 260 845 292 Τοὺς
871 260 920 295 μὲν

128 303 176 330 οὖν
200 304 309 337 ἄλλους,
333 305 357 331 οἳ
380 305 452 331 κατὰ
470 305 549 332 πόλιν
577 305 761 341 διατρίϐοντες
781 306 920 341 ἠνώχλουν

128 349 228 384 ἀνέδην
244 350 443 385 ἐκτρεπόμενοι
463 351 569 383 τοῦτον,
591 351 667 378 οὐδὲν
683 351 752 386 ἒχων
772 351 838 387 δρᾷν
856 352 920 379 ἄλλο

129 395 144 430 ἦ
166 396 196 422 τὸ
214 395 297 430 μηδὲν
314 395 468 430 φροντίζειν
489 396 602 423 ἐκείνων
620 397 661 427 εἰς
676 397 759 431 τιμῆς
774 396 852 430 λόγον
872 397 919 423 καὶ

129 441 310 474 προστασίας,
337 441 386 476 οὐχ
404 442 478 473 ὅπως
501 441 590 476 ἠξίου,
612 442 681 469 ἀλλὰ
705 443 752 468 καὶ
767 441 918 477 ἡλόγειλε-

129 487 233 520 γέντων
247 487 280 512 τὰ
297 487 424 521 μάλιστα.
439 487 556 522 Ἀνδρας
571 487 600 514 δὲ
623 487 826 522 πνευματικοὺς
841 486 918 519 εἰδὼς

128 532 191 558 κατ’
213 532 359 567 Ἀνατολὴν
376 532 547 567 ἐνιδροῦντας
566 533 614 559 καὶ
629 532 689 567 Θεῷ
715 533 788 568 μόνῳ
802 532 917 565 ζῶντας,

127 577 238 604 ἁκούων
251 578 298 604 καὶ
313 578 376 612 περὶ
389 577 501 605 ἐκείνων
513 579 550 609 ὡς
563 577 790 610 σκανδαλίξοιντο,
803 577 917 604 ἔσπευδε

129 622 267 648 κάκείνων
283 623 333 654 τὰς
346 622 458 658 γνώμας
473 624 686 657 προκατασχεϊν,
707 622 797 654 αὐτοῖς
810 622 915 657 ὄμμασι

128 669 237 700 ὒεαθεὶς
253 670 311 699 τοῖς
327 669 449 695 ἐκείνων.
464 669 519 695 Καὶ
538 669 570 702 δὴ
587 669 652 703 περὶ
666 668 770 695 τούτων
787 668 825 702 τῷ
842 667 917 702 βασι-

126 715 170 740 λεῖ
195 715 471 749 κοινολογησάμενος,
492 714 545 740 ὑπὸ
559 714 644 749 πολλῇ
672 715 705 748 τῇ
726 713 849 749 σπατάλῃ
872 714 917 739 ἐν-

129 760 291 791 σκευασθεὶς
308 761 351 786 ἐπ’
367 759 510 794 Ἀνατολῆς
531 759 640 794 ἧλαυνε,
656 760 772 790 καὶτοῖς
789 759 916 794 ἀνδράσιν

128 805 255 837 ἐπιστὰς,
277 801 315 831 ὧν
329 805 362 839 δὴ
375 805 423 832 καὶ
440 805 480 836 εἰς
495 805 528 830 τὰ
551 804 668 839 μάλιστα
680 804 855 838 ὀϐαυμαστδς
867 803 915 837 ἆμ*

125 849 229 884 ἀρετὴν
255 850 303 876 καὶ
317 849 397 883 λόγον
415 850 547 884 Βλεμίδης
567 847 612 881 ἦν,
628 849 711 880 πολὺς
737 847 770 884 ἦν
790 850 852 879 τοὺς
870 849 915 876 ἄν·

125 895 193 929 δρας
214 895 439 929 ὑποποιούμενος.
463 895 518 920 Καὶ
540 894 702 929 προσέπειοε
721 894 808 927 λέγων
831 902 914 927 προσ-

125 939 235 966 κεῖσθαι
262 939 312 974 μὲν
339 940 386 966 καὶ
409 940 489 971 αὐτὸς
511 940 642 975 Ἀρσενίῳ
665 940 712 966 καὶ
742 939 913 974 πατριάρχην

124 984 264 1017 ἡγεῖσθαι,
281 983 335 1009 τῶν
352 983 413 1010 κατ’
432 984 538 1010 ἐκείνου
561 984 803 1011 συσκευασθέντων
819 984 912 1010 διακε-

124 1029 174 1062 νῆς
190 1029 259 1063 μηδὲ
284 1028 315 1055 τὸ
341 1029 428 1064 βραχὺ
459 1029 627 1063 φροντίζων·
643 1020 718 1064 ὄμωέ
740 1029 763 1055 δ’
788 1029 910 1063 ἀνάγκης

122 1074 209 1108 οὖτης
222 1074 272 1109 τὴν
297 1074 464 1108 Ἐκκλησίαν
480 1074 685 1109 ποιμαίνεσθαι,
699 1075 822 1110 ἀνάγκην
842 1074 912 1101 εἶναι

123 1119 187 1146 τινὰ
202 1113 255 1146 τὸν
266 1120 371 1146 ἐκείνου
386 1119 469 1146 τόπον
488 1119 676 1155 ἀποπληροῦν,
696 1121 799 1147 ἐκείνου
817 1120 854 1155 μὴ
868 1121 912 1147 δν-

122 1214 184 1244 ροδι
201 1218 286 1244 eum,
323 1211 399 1237 nullo
421 1211 506 1238 turbae
537 1211 673 1239 obstantis
696 1211 908 1246 impedimento.

122 1255 203 1282 facile
228 1255 401 1290 ingressurus
426 1256 573 1282 videretur.
601 1255 639 1283 Ac
652 1263 700 1283 eos
732 1256 841 1290 quidem
862 1257 909 1291 qui

121 1302 213 1336 palam
228 1301 255 1328 in
271 1302 338 1328 urbe
353 1302 484 1329 adversus
496 1301 645 1337 Josephum
661 1302 849 1329 declamantes
861 1310 909 1337 po-

120 1348 216 1382 pulum
233 1348 267 1374 ab
286 1355 319 1375 eo
335 1347 505 1380 avertebant,
525 1355 585 1375 cum
603 1348 627 1375 is
658 1347 714 1383 jam
741 1349 831 1375 omnia
852 1348 908 1376 fru-

124 1399 184 1420 stra
197 1397 327 1427 expertus
341 1393 411 1420 nihil
423 1393 536 1421 haberet
551 1393 624 1421 aliud
638 1393 710 1428 quod
725 1398 827 1429 ageret,
843 1401 908 1421 con-

121 1443 245 1466 temnere
265 1439 399 1474 optimum
417 1439 523 1474 putavit
537 1439 742 1475 negligereque,
768 1439 842 1467 nulla
867 1447 909 1467 eo-

120 1492 182 1511 rum
196 1484 227 1512 in
255 1485 449 1512 distributione
476 1485 701 1520 praefecturarum
726 1490 753 1513 et
772 1485 907 1512 honorum

971 263 1276 298 χρησιμεύοντα··αὑ;ᾦ
1299 264 1353 298 γὰρ
1377 262 1554 297 προσκεῖσθαι
1574 262 1621 288 καὶ
1641 261 1755 295 βασιλέα

971 309 1239 344 πληροφορούμενον,
1264 308 1333 335 ὥστε
1360 308 1398 343 μὴ
1423 308 1497 339 ὅπως
1515 306 1674 341 ξυμϐαίνειν
1699 307 1755 332 τισὶ

969 354 1078 388 χαλεπὰ
1103 355 1150 381 καὶ
1175 355 1311 389 ἀνήκεστα
1328 353 1536 388 προσκειμένοις
1561 353 1669 386 ἐκείνῳ,
1686 351 1762 378 am

969 400 1015 425 καὶ
1041 400 1149 431 πολλοῖς
1174 401 1263 431 ἄλλοις
1280 400 1321 436 [Ρ.
1339 400 1404 435 2'59]
1421 399 1450 426 εὖ
1480 398 1619 433 γίγνεσθαι
1643 398 1686 424 διὰ
1705 397 1754 432 τὴν

969 445 1037 479 πρὸς
1055 445 1136 472 αὐτὸν
1153 446 1284 480 βασιλέως
1299 445 1505 480 ἀγαθοθέλειαν.
1521 444 1607 470 Τοῦτο
1621 444 1668 470 καὶ
1684 443 1753 477 πρὸς

969 491 1064 521 ἄλλους
1082 490 1135 517 τῶν
1159 492 1350 526 πνευματικῶν
1373 491 1478 526 ἀνδρῶν
1495 491 1583 523 ἔλεγε,
1609 489 1688 516 τοῦτο
1705 489 1754 515 καὶ

970 537 1037 571 πρὴς
1051 537 1132 564 αὑτὸν
1150 537 1318 572 Βλεμμίδην,
1334 538 1380 564 καὶ
1395 536 1535 571 παρεσύλα
1551 536 1601 566 τὰς
1618 536 1666 561 ἀπ’
1681 534 1753 561 ὲκεί-

968 590 1020 607 νων
1044 581 1150 612 εὐνοίας
1172 581 1427 617 φιλοφρονούμενος.
1443 581 1488 615 Τῷ
1512 581 1540 607 δέ
1558 589 1589 612 γε
1612 579 1751 613 Βλεμμίδῃ

969 627 1015 652 καὶ
1028 626 1092 653 ἄλλο
1102 626 1174 653 κατὰ
1191 627 1290 653 σκοπὸν
1305 624 1339 662 ἦν
1355 627 1384 652 τὸ
1396 626 1488 652 πεῖθον
1500 626 1602 652 ἐκεῖνον
1615 624 1750 660 δέχεσθαι.

975 672 1082 707 Ἐπειδὴ
1107 673 1161 707 γὰρ
1190 673 1291 704 ἐκεῖνος
1320 671 1462 706 φιλόσοφον
1487 670 1585 702 διαζῶν
1616 669 1673 704 βίον
1692 669 1751 701 ὅλος

965 717 1020 743 τῶν
1033 714 1082 743 ὦδε
1098 717 1212 752 ἐξῄρητο
1225 717 1273 743 καὶ
1287 716 1399 748 ἀπαθῶς
1413 714 1468 750 εἶχε
1485 715 1551 750 πρὸς
1563 715 1596 742 τὰ
1610 714 1751 748 γινόμενα,

965 762 1027 788 οὔτε
1042 764 1095 789 τινὶ
1111 762 1277 797 προσπαθῶν
1298 761 1360 788 οὔτε
1383 762 1435 796 μὴν
1453 761 1596 795 ὲμπαθῶν,
1618 760 1674 787 ἀλλ’
1687 758 1721 794 ἦν
1739 761 1752 786 ὁ

964 807 1027 839 νοῦς
1049 808 1145 843 ἐκείνῳ
1165 808 1203 839 ὼς
1225 808 1248 834 ει
1269 808 1305 842 μὴ
1322 807 1427 842 σώματι
1456 807 1524 837 ὅλως
1549 805 1700 840 κατείχετο,
1721 805 1755 831 ἓν

965 853 1102 887 ἐλογίζετο
1114 853 1161 880 καὶ
1180 854 1207 879 Ἀ
1214 853 1317 888 ρσένιον
1330 851 1400 879 εἶναι
1411 852 1458 878 καὶ
1472 851 1580 886 Ἰωσὴφ,
1592 851 1621 878 οὺ
1636 852 1752 885 γυμνοῖς

964 897 1057 928 αὐτοῖς
1075 897 1217 932 προσέχων
1233 898 1287 928 τοῖς
1302 897 1483 931 γιγνομένοις,
1501 896 1538 928 ὡς
1559 896 1605 922 τὸν
1623 896 1671 930 μὲν
1691 895 1752 930 κρί-

962 951 1017 969 νειν
1030 942 1203 977 ἀδικηθέντα,
1226 944 1271 969 τδν
1295 943 1317 969 δ’
1340 942 1494 977 ἐπιϐήτορα
1507 950 1514 957 ·
1532 941 1620 968 ταῦτα
1634 941 1688 976 γὰρ
1701 950 1751 975 χα-

964 988 1083 1022 μερποῦ;
1098 996 1170 1019 two;
1187 988 1308 1019 διανοίας
1331 988 1377 1014 καὶ
1399 987 1482 1023 μηδὲν
1498 986 1613 1022 ἐχούσης
1628 986 1682 1013 τῶν
1696 995 1751 1012 πα-

962 1033 1063 1067 ρόντων
1080 1032 1161 1059 πλέον
1184 1034 1224 1064 είς
1240 1033 1357 1068 θεωρίαν
1381 1033 1484 1067 ἡγεῖτο,
1502 1033 1559 1059 ἀλλ’
1586 1033 1662 1063 εἰδὼς
1681 1032 1750 1059 Θεοῦ

963 1078 1012 1110 μὲν
1029 1078 1060 1104 τὺ
1073 1078 1205 1109 εὐσταθὲς
1219 1078 1264 1104 καὶ
1278 1078 1418 1112 ἀκίνητον,
1440 1077 1590 1113 ἀνθρώπων
1605 1077 1631 1104 δέ
1647 1077 1676 1104 τὸ
1695 1086 1750 1112 μη-

959 1123 1003 1150 δὲν
1019 1123 1047 1149 ἐν
1064 1123 1158 1158 μηδενὶ
1181 1123 1228 1149 ἐπὶ
1245 1123 1291 1150 τοῦ
1309 1115 1391 1150 αὺτοῦ
1411 1123 1463 1150 κᾶν
1484 1123 1570 1159 βραχῦ
1597 1124 1689 1158 μένειν
1705 1121 1748 1158 (εὖ

960 1219 989 1239 se
1005 1211 1151 1239 revocabili
1170 1211 1270 1247 injuria
1292 1212 1381 1247 ejecti.
1398 1212 1528 1240 Secutum
1544 1216 1637 1239 autem
1653 1212 1679 1238 in
1696 1211 1748 1238 hoc

957 1258 1059 1292 judicia
1076 1258 1232 1289 multorum,
1248 1263 1341 1292 aptum
1355 1265 1384 1285 se
1399 1258 1431 1285 ad
1448 1257 1473 1284 id
1491 1257 1676 1284 necessarium
1696 1258 1746 1284 Ee-

959 1304 1048 1331 clesire
1065 1303 1093 1330 in
1118 1304 1280 1331 necessitate
1300 1307 1376 1330 tanta
1409 1303 1594 1331 exhibendum
1624 1303 1743 1330 ofﬁcium

959 1349 1143 1381 censentium,
1162 1350 1197 1377 ob
1222 1357 1286 1377 eum
1310 1349 1429 1376 maxime
1443 1348 1484 1376 vel
1497 1349 1668 1376 auctoritatis
1701 1349 1743 1376 vel

960 1395 1054 1430 gratiae
1066 1395 1156 1422 locum
1173 1403 1254 1430 quem
1270 1395 1340 1430 apud
1357 1395 1552 1429 imperatorem
1565 1394 1714 1426 obtineret,
1730 1402 1746 1420 a

959 1448 1013 1475 quo
1029 1441 1177 1475 audiretur,
1193 1442 1240 1476 qui
1258 1442 1314 1469 suis
1325 1441 1451 1469 consiliis
1463 1440 1592 1472 deferret,
1608 1440 1665 1467 suis
1686 1447 1749 1474 pre-

959 1486 1037 1513 cibus
1053 1489 1197 1519 annuerct,
1213 1491 1294 1521 prout
1310 1491 1383 1514 esset
1403 1486 1521 1513 utilitate
1535 1486 1678 1520 probatum
1692 1493 1745 1520 pu-

119 1531 227 1557 tatione
239 1531 374 1564 habenda,
385 1530 597 1566 rejiciendisque
613 1531 793 1566 petitionibus
802 1531 906 1564 talium,
922 1546 942 1575 ο
959 1531 1040 1558 blica.
1059 1531 1119 1558 Non
1132 1532 1212 1559 modo
1227 1531 1300 1558 enim
1316 1539 1398 1566 opera
1418 1531 1501 1558 fuisse
1517 1539 1566 1558 sua
1593 1531 1745 1566 mitigatam

119 1583 152 1603 ac
166 1576 189 1603 si
201 1584 253 1610 qua
267 1576 337 1603 forte
363 1581 476 1611 urgente
490 1577 653 1604 necessitate
678 1577 828 1605 studiosius
844 1585 905 1604 cum

121 1629 155 1648 co
176 1621 315 1656 quidpiam
343 1627 506 1656 cogerentur
531 1630 621 1657 agere,
652 1623 764 1650 auribus
790 1623 908 1658 superbe

120 1667 290 1699 avertendis,
307 1667 405 1693 duritia
418 1675 499 1701 quam
519 1666 598 1694 facile
613 1667 749 1695 sentirent
765 1668 793 1694 in
808 1671 906 1695 contu-

122 1712 218 1739 macia:
234 1712 356 1747 ipsorum
374 1713 507 1739 ultionem
530 1712 664 1741 atiectari.
681 1712 818 1740 Caeterum
833 1714 905 1741 idem

120 1757 236 1784 audiens
269 1757 339 1784 viros
355 1757 509 1792 spirituales
524 1765 574 1793 per
595 1758 734 1786 Orientem
747 1758 908 1786 insudantes

119 1802 279 1834 virtutibus,
304 1802 358 1830 Dco
378 1803 501 1830 viventes
527 1803 587 1835 soli,
602 1803 684 1830 etiam
714 1803 788 1838 ipsos
799 1803 827 1830 in
847 1811 908 1832 sese

120 1849 310 1881 seandalizari,
325 1849 544 1884 praevertendum
563 1849 626 1876 inde
646 1849 777 1884 ingruens
804 1849 906 1877 malum

121 1894 197 1921 omni
225 1894 316 1921 studio
332 1894 446 1928 putavit,
464 1894 629 1929 dignamque
659 1902 718 1921 rem
733 1902 792 1922 eam
811 1895 907 1922 statuit

119 1939 165 1966 cui
192 1947 312 1974 praesens
329 1939 507 1974 procurandae
522 1939 589 1967 nulli
611 1947 730 1974 parcens
754 1946 845 1973 operte
857 1947 907 1966 va-

119 1989 205 2018 caret,
226 1993 274 2019 spe
290 1985 416 2013 videlicet
430 1985 564 2015 invitante
581 1985 640 2012 fore
653 1991 682 2012 ut
698 1985 769 2020 apud
796 1992 843 2012 eos
854 1993 904 2012 au-

120 2032 239 2058 ditarum
255 2031 281 2058 in
300 2039 329 2058 se
344 2031 484 2059 absentem
498 2031 719 2059 criminationum
738 2031 905 2059 calumniam

120 2081 284 2112 conspectus
300 2078 370 2105 ultro
389 2077 497 2105 oblatus
512 2078 684 2112 blandusque
698 2085 789 2104 coram
816 2085 908 2106 sermo

121 2123 269 2151 refelleret.
283 2123 404 2150 Consilio
423 2123 506 2157 igitur
533 2122 689 2157 imperatori
705 2122 907 2150 communicato

122 2170 300 2204 probatoque,
332 2168 464 2196 comitatu
494 2169 582 2195 multo
609 2168 806 2203 splendideque
820 2176 907 2203 usque

959 1576 1130 1611 imperatoris
1145 1578 1212 1604 iram
1235 1577 1262 1604 in
1280 1577 1386 1604 Arsenii
1405 1577 1535 1610 fautores,
1562 1576 1745 1611 eiiectumque

958 1625 994 1645 ne
1007 1617 1040 1645 iis
1055 1618 1221 1646 ulciscendis
1234 1618 1358 1652 maleque
1382 1618 1530 1645 multandis
1547 1625 1653 1644 summa
1667 1617 1727 1652 prin
1737 1632 1745 1637 ‹

958 1671 1023 1699 ceps
1036 1665 1158 1699 potentia
1170 1668 1303 1695 uteretur.
1331 1664 1378 1691 sed
1394 1668 1567 1698 procuratum
1587 1665 1669 1691 etiam
1682 1672 1744 1691 cum

958 1718 1096 1742 successu,
1112 1711 1206 1738 multis
1231 1715 1261 1737 ut
1279 1710 1340 1737 aliis
1367 1710 1435 1737 bene
1453 1714 1536 1742 esset,
1564 1717 1698 1744 propensa
1717 1710 1752 1736 in-

957 1764 987 1784 se
1002 1757 1128 1791 privatim
1141 1757 1311 1791 imperatoris
1325 1755 1515 1784 benevolentia
1529 1756 1558 1782 in
1570 1760 1746 1787 cunctorum,

957 1803 1047 1837 quoad
1062 1802 1205 1837 potuisset,
1233 1803 1371 1837 egentium
1403 1809 1549 1829 commune
1580 1801 1747 1829 beneﬁcium

957 1849 1117 1877 derivanda.
1138 1848 1213 1876 Talia
1243 1844 1307 1875 cum
1325 1847 1458 1883 religiosis
1478 1847 1532 1875 illis
1552 1847 1660 1879 ascetis,
1680 1855 1743 1875 eum

958 1895 1010 1930 ipsi
1030 1895 1196 1926 Blemmidae,
1223 1893 1361 1928 sigillatim
1392 1900 1528 1928 quemque
1552 1892 1719 1921 conveniens
1734 1913 1742 1924 .

957 1941 1031 1968 omni
1045 1948 1077 1968 ea
1093 1940 1226 1972 adhibita,
1243 1947 1324 1974 quam
1341 1939 1458 1966 trahebat
1474 1939 1632 1973 plurimam,
1655 1938 1746 1966 conci»

957 1987 1110 2014 liandorum
1127 1986 1290 2021 quibuscum
1319 1990 1410 2021 ageret
1434 1986 1511 2013 suavi
1542 1985 1670 2017 eﬂieacia,
1687 1993 1745 2012 mea

957 2035 1101 2064 morasset,
1131 2031 1209 2058 vertit
1235 2030 1364 2057 nimirum
1395 2031 1422 2057 iu
1452 2038 1514 2058 sese
1529 2030 1620 2057 studia
1647 2037 1745 2057 eorum

957 2075 1127 2110 aﬂ'ectusque
1142 2076 1242 2110 rapuit,
1252 2078 1417 2110 cooperante
1434 2075 1461 2102 in
1474 2075 1501 2102 id
1519 2075 1608 2110 ipsum
1628 2083 1682 2102 non
1699 2083 1744 2109 [νοτ

957 2129 1017 2148 rum
1034 2121 1140 2148 liberali
1152 2121 1304 2155 largitione,
1324 2129 1377 2155 qua
1391 2125 1505 2148 cunctos
1531 2125 1683 2156 opportune
1695 2122 1743 2148 de-

958 2167 1055 2200 linivit,
1072 2175 1126 2195 non
1147 2167 1282 2194 illibcuter
1297 2167 1472 2194 admittentes
1491 2175 1498 2199 ;
1515 2175 1670 2201 quanquam
1686 2168 1744 2194 haec

120 2215 152 2242 ad
179 2215 272 2242 luxum
298 2219 440 2249 apparatu,
469 2214 496 2241 in
521 2214 659 2242 Orientem
678 2213 815 2249 profectus
841 2219 905 2247 est;
925 2210 945 2237 D
960 2213 1069 2247 quidem
1088 2221 1131 2240 res
1158 2220 1253 2247 parum
1268 2212 1302 2239 ad
1319 2211 1514 2239 emolliendum
1532 2212 1583 2246 ipsi
1615 2212 1744 2240 Blemmi:
1780 2249 1782 2252 γ

120 2261 212 2296 ibique
226 2269 288 2288 cum
305 2261 372 2288 alios
385 2260 460 2288 viros
473 2260 595 2288 celebres
608 2265 743 2295 repertos,
759 2265 816 2287 tum
829 2261 905 2288 illum

120 2308 147 2335 in
163 2307 260 2342 primis
275 2307 466 2334 admirandum
487 2306 618 2340 religione
635 2314 667 2333 ac
682 2306 806 2334 doctrina
821 2306 906 2333 Biem-

119 2353 231 2383 midam,
247 2356 277 2379 ut
292 2352 349 2378 suis
376 2352 499 2386 partibus
525 2352 695 2387 adjungeret,
728 2351 812 2386 339
828 2351 907 2378 enixe

120 2407 171 2426 nee
187 2399 265 2433 plane
278 2398 378 2425 frustra
392 2398 536 2425 laboravit.
551 2397 772 2425 Persuasitenim
789 2398 830 2425 eis
850 2397 906 2424 fere

120 2444 192 2479 quod
214 2443 332 2475 volebat,
359 2451 421 2471 cum
441 2444 545 2471 diceret
580 2443 719 2470 studuisse
742 2450 772 2469 se
799 2450 907 2476 quoque

120 2489 208 2521 ipsum
224 2488 350 2520 Arsenio,
372 2493 399 2516 et
420 2497 467 2523 pro
483 2496 550 2516 vero
578 2488 655 2515 illum
675 2488 776 2515 habere
793 2487 907 2522 patriar-

120 2536 181 2565 cha,
211 2534 423 2569 cxistimarcque
446 2541 531 2562 vanas
560 2534 653 2569 inique
677 2538 798 2561 structas
811 2538 905 2561 contra

120 2588 182 2607 eum
203 2580 338 2607 hactenus
351 2585 378 2607 et
403 2580 549 2607 artiﬁciose
579 2579 745 2614 compositas
759 2580 907 2606 machima-

121 2626 209 2653 tiones
223 2633 330 2656 Omnes,
351 2630 465 2660 actaque
477 2626 529 2653 ista
550 2630 648 2653 cuncta
674 2625 774 2653 ducere
804 2633 854 2660 pro
870 2625 906 2652 ir-

120 2672 179 2699 ritis
196 2679 247 2698 ncc
260 2671 341 2698 nauci
356 2671 456 2699 facere.
470 2672 524 2699 Sed
539 2679 602 2699 cum
617 2672 650 2699 iis
665 2671 798 2698 obsistere
813 2671 906 2705 nequi-

120 2723 170 2748 rct,
186 2718 292 2745 videret
306 2717 395 2744 autem
426 2718 581 2744 destitutam
611 2716 758 2744 Ecclesiam
774 2716 905 2751 gravissi-

120 2764 169 2790 mis
185 2772 247 2791 essc
264 2764 394 2798 prriculis
405 2764 569 2798 expositam,
585 2764 617 2790 ad
635 2770 696 2790 eam
709 2763 903 2790 sublevandam

119 2815 144 2837 ct
155 2810 313 2838 certissimo
328 2809 410 2837 exitio
424 2810 637 2837 subtrahendam
667 2809 825 2842 accessisse,
841 2815 905 2843 sup-

120 2856 220 2891 plendo
250 2860 388 2890 utcunque
410 2856 469 2883 loco
495 2856 612 2891 pastoris
628 2855 695 2889 veri,
712 2854 802 2883 aliena
817 2860 868 2882 nte
885 2861 900 2882 a

958 2258 1019 2285 dam
1038 2258 1131 2285 valuit.
1155 2258 1245 2292 Longe
1258 2257 1317 2285 aliae
1342 2258 1401 2284 viro
1422 2257 1471 2289 illi,
1489 2266 1538 2292 pro
1563 2257 1642 2292 genio
1658 2266 1742 2292 pecu-

958 2304 1018 2331 liari
1033 2311 1065 2330 ac
1084 2308 1155 2331 secta
1181 2303 1332 2338 disciplina:
1348 2303 1490 2338 cujusdam
1518 2303 1642 2338 proprizc,
1665 2303 1743 2330 Jose-

957 2350 1042 2384 phum
1070 2349 1189 2377 rationes
1212 2350 1449 2377 commendarunt.
1477 2349 1568 2376 Inerat
1587 2349 1744 2377 Blemmide

957 2396 1065 2423 animus
1078 2395 1131 2431 alta
1145 2396 1261 2430 quadam
1288 2399 1319 2423 et
1331 2395 1516 2431 aspernatriee
1542 2396 1623 2431 vulgo
1638 2401 1744 2430 specta:

957 2446 1047 2469 tarum
1062 2449 1153 2469 rerum
1167 2442 1336 2477 philosophia
1354 2442 1497 2475 subnixus,
1514 2442 1650 2469 abstracta
1667 2449 1744 2469 mens

957 2487 1079 2522 quasdam
1099 2496 1114 2514 a
1127 2488 1302 2515 concretione
1314 2488 1449 2523 corporis,
1464 2493 1490 2515 et
1507 2488 1601 2522 procul
1615 2488 1743 2522 abjuncta

957 2534 1118 2568 contagione
1132 2533 1276 2560 humilium
1293 2541 1431 2561 curarum.
1448 2534 1671 2569 Nilmaguopere
1695 2534 1744 2561 mi-

956 2578 1022 2610 rari;
1042 2586 1077 2605 ne
1092 2579 1164 2614 tangi
1178 2579 1286 2614 quidem
1304 2580 1459 2607 tenerrimis
1475 2581 1617 2607 atl'ectibus
1628 2585 1743 2612 natura,

956 2631 1010 2650 non
1036 2623 1081 2650 ind
1095 2624 1158 2652 dere
1169 2625 1301 2656 tristibus,
1317 2633 1370 2652 non
1382 2626 1517 2652 exsultare
1534 2626 1611 2658 ltBliS,
1634 2633 1688 2653 non
1702 2627 1744 2653 et-

955 2669 1019 2697 ferri
1027 2670 1166 2704 speciosis,
1174 2671 1264 2698 omnia
1275 2679 1358 2698 unum
1366 2680 1427 2699 esse
1435 2679 1467 2699 ac
1474 2672 1582 2706 perinde
1590 2672 1684 2699 haberi
1690 2680 1735 2700 om
1741 2687 1747 2692 -

956 2716 1030 2742 nium
1039 2723 1137 2743 securo
1148 2725 1155 2748 ;
1165 2716 1238 2743 nullo
1247 2717 1405 2744 discrimine
1417 2718 1471 2745 odii
1480 2718 1606 2753 gratiaeve
1620 2719 1653 2746 de
1662 2718 1745 2754 340

955 2762 1090 2796 personis,
1111 2763 1186 2790 nullo
1208 2768 1332 2798 respectu
1361 2764 1526 2798 privatarum
1551 2765 1685 2792 rationum
1711 2765 1745 2792 dc

954 2807 1316 2844 quibuscuuqucjudicanti.
1326 2809 1395 2845 Ergo
1409 2811 1472 2838 huic
1486 2811 1531 2838 tali
1545 2811 1677 2838 Arsenius
1697 2818 1748 2841 aut

954 2853 1090 2889 Josepbus
1102 2856 1211 2884 nomina
1221 2860 1297 2885 erant
1310 2864 1394 2890 mera,
1407 2857 1505 2892 quibus
1515 2857 1687 2885 auditis-nihil
1702 2858 1747 2884 ille
