1936 3069
205 161 255 194 ’1.ι1

802 168 966 200 GEORGII
985 169 1226 202 PACHYMER/E

1769 171 1824 204 792

203 219 258 265 γὰρ
273 220 318 246 καὶ
335 219 504 256 Ἡρακλείτῳ
528 222 656 257 εἰρῆσθαι
671 222 702 250 τὸ
726 224 763 260 μὴ
779 224 826 251 ἐπὶ
843 225 890 252 τοῦ
907 224 989 253 αὑτοῦ
1004 226 1027 255 Α
1041 225 1057 261 ἢ
1075 226 1125 261 τὴν
1139 227 1200 253 κατ’
1222 226 1383 263 ἀνθρώπους
1407 227 1500 263 τιμὴν,
1516 229 1533 265 ἢ
1558 228 1591 264 δὴ
1612 228 1750 261 δεξιώσεις
1772 229 1829 264 ἔχει

203 263 274 292 εἶναι
291 267 333 298 δὶς
360 267 484 302 βάπτειν,
506 268 552 295 καὶ
577 269 713 305 Κρατύλῳ
738 270 838 305 μᾶλλον
858 271 896 302 ὡς
921 271 989 306 μηδὲ

203 312 287 345 ἅπαξ,
302 313 357 339 τῶν
374 315 546 349 πραγμάτων
561 315 638 350 δίκην
658 316 769 350 ἀείῤῥου
788 315 925 350 ῥεύματος
939 325 991 342 πα-

204 358 414 394 ρατρεχόντων),
433 360 470 394 μὴ
495 360 588 386 καινὸν
603 359 672 387 εἶναι
688 361 750 396 μηδ’
763 360 850 393 ἄλλως
868 360 954 393 ξένον,
965 361 989 387 εί

202 403 252 430 καὶ
275 403 412 438 Ἀρσένιος
430 404 558 431 ἀδικοῖτο.
574 406 610 432 Τὸ
630 405 684 443 γὰρ
711 407 857 440 ἀναγκαῖον
875 407 903 433 ἓν
920 405 989 434 εἴναι

203 449 251 475 καὶ
266 449 346 483 μόνον
369 450 399 476 τὸ
418 450 539 483 εὐσεῦὲς,
565 451 660 478 τούτου
684 452 712 478 δὲ
733 452 901 487 τηρουμένου
915 453 988 480 τᾶλλ’

203 495 372 531 ἀπερῤίφθαι
388 496 496 532 ἀνάγκη
514 498 570 529 τοῖς
584 498 756 533 αἱρουμένοις
778 498 827 533 ζῇν
843 499 913 525 κατὰ
927 499 990 534 τρόη

202 550 264 568 πον.
292 542 374 568 Ταῦτ’
392 543 446 578 ἄρα
468 544 516 570 καὶ
539 544 637 579 Ἰωσὴφ
666 544 779 579 ἐδέχετο,
808 544 896 571 καίτοι
921 545 989 580 πρὸς

202 588 306 615 ἐκεῖνον
332 588 420 621 οὕτως
448 589 517 625 ἔχων
542 590 579 622 ὡς
595 590 664 625 μηδὲ
685 590 733 625 τῆς
754 589 853 626 κέλλης
873 589 989 624 ἐξελθὼν

203 636 423 669 προῦπαντῆσαι,
439 635 507 662 ἀλλὰ
522 636 590 670 μηδὲ
603 637 741 671 προσιόντι
756 637 988 670 προεξαναστῆναι

203 679 353 714 μακρόθεν,
379 680 439 715 μηδ’
459 680 523 707 ἄλλο
538 689 565 707 τι
581 681 635 708 τῶν
658 682 697 713 είς
716 682 837 708 Θωπείαν
862 681 908 708 καὶ
925 690 988 716 σμι-

202 725 389 759 κροπρέπειαν
409 726 448 756 εἰς
464 727 544 761 χάριν
559 726 633 761 αὑτῷ
655 727 866 762 διαπράξασθαι.
885 728 921 754 Τὸ
934 728 989 763 γὰρ

201 770 271 805 πρὸς
289 770 448 804 φιλοσοφίαν
463 771 601 803 ἐπικλινὲς
628 772 718 799 καὶτὸ
734 773 802 806 πρὸς
819 773 852 799 τὰ
869 772 927 806 εἴδη
943 774 990 800 καὶ

203 816 272 850 μόνα
287 816 340 842 τῶν
357 817 527 851 πραγμάτων
545 817 719 853 ὲπιϐλητικὸν
740 818 898 854 ἀμείλικτον
917 820 990 846 ἐκεῖ·

202 869 247 887 νον
263 861 346 888 ἐτίθει
361 861 395 888 τὰ
417 862 484 897 πρὸς
500 862 579 897 ὓλην,
594 864 642 890 καὶ
658 863 689 889 τὸ
715 863 810 898 ἐφετὸν
834 866 905 891 κατὰ
928 865 990 892 νοῦν

201 905 271 941 ἔχων
285 906 417 941 παρεώρα
438 907 468 933 τὸ
481 907 634 942 ἐφιέμενον,
651 908 733 935 Ὅθεν
757 908 806 935 οὐκ
825 909 988 944 ἀνθρώποις,

201 954 269 980 ἀλλὰ
281 954 443 989 πράγμασιν
459 954 625 987 ἐπιϐάλλων,
642 955 759 986 ἐκείνοις
780 954 830 990 μὲν
850 956 942 990 ἐτήρει
957 956 989 983 τὸ

202 998 296 1033 θαῦμα
312 999 359 1026 καὶ
378 999 630 1035 ὕπερεξεπλήττετο
641 1001 689 1027 καὶ
703 1000 790 1033 ἄλλως
801 1002 884 1037 τιμᾷν
897 1002 990 1037 ᾑρεῖτο

201 1091 266 1111 sane
279 1084 311 1111 ad
323 1084 443 1112 favorem
452 1085 619 1115 invidiamve
627 1092 793 1116 moveretur.
806 1088 895 1116 Unum
905 1090 988 1118 inter-

200 1137 260 1157 esse
269 1131 695 1168 putabatsua,justumamplecti,
702 1139 844 1162 nocentem
855 1136 986 1164 aversari.

201 1175 270 1202 Tum
296 1176 330 1203 de
342 1178 432 1205 causis
451 1179 575 1213 protinus
606 1179 675 1214 ipsis
704 1180 765 1207 sine
795 1182 957 1216 praejudicio
973 1189 988 1209 a

200 1222 326 1256 personis
344 1223 426 1251 ducto
443 1225 573 1252 slatuenti
602 1225 733 1253 Arsenius
747 1227 857 1261 quidem
887 1228 988 1263 injuste

200 1269 332 1303 dejectus,
362 1269 496 1304 Iosephus
524 1271 665 1304 illegitime
690 1273 813 1300 intrusus
833 1274 986 1301 videbatur.

200 1314 282 1341 Trahi
298 1315 370 1342 enim
390 1316 416 1342 in
432 1317 568 1344 censendo
581 1318 715 1351 judicium
731 1326 746 1345 a
765 1319 867 1351 studio,
880 1323 906 1346 et
920 1327 987 1354 pcn-

201 1359 269 1387 dens
280 1360 422 1388 arbitrium
435 1361 527 1389 liberm
539 1362 640 1390 mentis
648 1363 774 1391 inclinari
786 1365 932 1391 momentis
941 1370 989 1392 aut

201 1406 326 1440 obsequii
341 1406 451 1433 obnoxii
465 1412 513 1434 aut
527 1412 743 1442 quaestuosarum
758 1410 907 1441 rationum,
922 1411 988 1438 vitio

201 1451 356 1486 imputabat
374 1451 474 1479 animae
498 1452 574 1480 humi
591 1455 735 1488 reptantis,
748 1463 799 1482 nec
816 1456 940 1484 attollere
956 1465 985 1484 se

201 1501 271 1532 aptre
285 1505 367 1531 supra
385 1506 504 1525 massam
523 1499 592 1526 hanc
606 1500 686 1527 vilem
693 1508 791 1529 crassa:
803 1502 987 1530 concretionis

200 1543 228 1570 in
243 1543 502 1578 contemplationem
516 1545 567 1572 sibi
586 1553 768 1581 congenerum
783 1551 811 1574 et
843 1555 873 1574 se
890 1547 986 1582 digna-

200 1597 261 1616 rum
287 1589 411 1617 idearum
444 1591 594 1626 superioris
618 1592 740 1627 sphaerae.
756 1591 889 1620 Cmterum
912 1598 942 1620 ut
957 1593 985 1620 in

200 1635 260 1662 rivo
283 1635 434 1669 proﬂuente
461 1641 514 1663 tam
545 1641 754 1665 momentaneus
780 1643 822 1665 est
854 1639 986 1666 transitus

200 1681 407 1708 succedentium
434 1682 551 1710 invicem
582 1682 733 1718 irrequieto
750 1690 832 1711 cursu
865 1684 983 1719 partium

199 1734 293 1762 aequae,
314 1732 342 1754 ut
357 1735 438 1755 nemo
451 1728 492 1756 bis
508 1728 535 1755 in
550 1729 684 1761 eamdem,
712 1730 786 1764 quod
806 1734 888 1765 ,recte
910 1730 986 1758 dice-

201 1773 249 1800 bat
275 1774 439 1807 Heraclitus,
457 1774 573 1810 digitum
589 1775 748 1803 immersum
766 1776 854 1811 possit
868 1776 985 1812 tingere,

201 1819 257 1846 imo
270 1827 304 1847 ne
319 1820 404 1847 semel
431 1820 555 1855 quidem.
570 1821 592 1848 si
606 1821 714 1856 Cratle
744 1821 877 1855 creditur,
893 1822 987 1850 existi-

201 1865 286 1891 manti
302 1865 409 1892 unicam
421 1873 531 1900 quoque
547 1866 706 1893 tinctionem
719 1866 844 1901 pluribus
864 1867 985 1894 vicissim

201 1911 366 1945 respondere
383 1911 522 1944 particulis
548 1919 656 1946 semper
671 1912 788 1939 labentis
804 1912 893 1944 undae,
914 1912 984 1940 nihil

201 1963 303 1983 novum
330 1960 377 1982 aut
388 1956 557 1990 inopinatum
577 1956 663 1983 videri
677 1956 788 1988 debere,
802 1957 824 1985 si
836 1957 918 1985 rebus
933 1957 986 1984 hu-

202 2002 292 2029 manis
305 2001 423 2029 instabili
434 2009 494 2029 sese
507 2002 642 2037 vertigine
656 2002 841 2035 volventibus,
858 2002 987 2037 nullaque

202 2048 246 2075 vel
259 2048 292 2075 ad
305 2047 388 2075 breve
398 2048 516 2083 spatium
525 2048 638 2076 immota
653 2053 840 2083 permanente,
855 2048 988 2076 Arsenius

202 2101 314 2129 quoque
332 2094 391 2122 vice
406 2101 455 2122 sua
469 2101 567 2129 passus
581 2099 654 2122 esset
673 2094 814 2129 injuriam.
831 2094 917 2122 Porro
935 2102 986 2122 ne-

203 2141 353 2169 cessarium
381 2141 407 2168 in
426 2142 479 2168 vita
495 2149 579 2169 unum
597 2149 667 2174 esse,
689 2146 782 2169 tenere
809 2141 927 2169 cilicium
943 2149 988 2169 re-

202 2187 307 2222 ligiosae
325 2187 433 2222 Deeque
457 2187 587 2223 subjectae
602 2188 701 2216 mentis
718 2197 726 2220 ;
745 2189 771 2215 in
787 2195 843 2223 quo
864 2188 910 2223 qui
924 2195 987 2223 per-

1041 272 1088 297 καὶ
1115 273 1336 307 προῦπαντήσεις
1359 273 1407 300 καὶ
1430 274 1622 309 δουλοπρεπεῖς
1645 274 1830 306 καταστάσεις

1041 318 1088 343 καὶ
1106 316 1163 344 ἀλλ’
1179 317 1258 349 ἄττα,
1273 315 1315 349 οἷς
1337 318 1370 353 δὴ
1388 319 1518 354 χαίρομεν
1533 319 1683 355 ἄνθρωποι.
1697 320 1752 345 Καὶ
1767 321 1829 350 ταῖς

1041 362 1090 396 μὲν
1115 361 1204 394 ἕξεσιν
1230 363 1349 394 ἐκείναις
1375 363 1446 390 οὕτω
1472 364 1504 399 δὴ
1530 365 1682 399 τιμητικῶς
1706 363 1762 399 εἶχε
1780 364 1831 390 καὶ

1040 406 1260 442 ὑπερεθαύμαζε,
1278 408 1352 444 δῶρα
1368 409 1435 436 Θεοῦ
1453 410 1554 440 ταύτας
1583 410 1734 445 ἡγούμενος
1746 419 1754 427 ο
1770 411 1829 441 τοῖς

1039 453 1062 480 δ’
1081 454 1182 489 ἔχουσι,
1197 454 1288 486 καοὼς
1303 455 1336 482 ἂν
1351 456 1397 482 καὶ
1412 456 1628 491 κατελὰμὸανεν,
1645 454 1729 491 εἶχεν,
1743 456 1781 487 ὡς
1794 457 1827 482 οὺ

1039 498 1139 530 παντὸς
1150 499 1292 534 γινομένου
1304 500 1350 526 τοῦ
1362 500 1504 534 γινομένου
1516 502 1587 527 κατὰ
1595 501 1661 527 Θεὸν
1672 501 1718 528 καὶ
1731 500 1828 532 ἀξίως,

1039 543 1097 570 ἀλλ’
1108 544 1193 570 ἐνίοτε
1204 546 1251 571 καὶ
1265 545 1325 572 κατ’
1336 546 1490 580 ἄνθρωπον,
1503 547 1731 581 παραχωροῦντος
1744 545 1827 572 Θεοῦ.

1039 587 1095 623 Τὴν
1113 588 1179 622 γοῦν
1201 589 1328 626 τοιαύτην
1349 590 1560 625 δεισιδαιμονίαν
1579 591 1622 617 ἀεί
1636 591 1695 618 ποτ’
1711 592 1829 625 ἀποτρε-

1039 634 1156 668 πόμενος
1184 634 1267 667 ἔδειξε
1294 636 1341 661 καὶ
1367 635 1405 670 τῷ
1431 636 1529 670 Ἰωσὴφ
1549 637 1609 663 τότε
1636 636 1687 671 τὴν
1709 636 1776 668 ἕξιν,
1794 636 1827 662 οὗ

1039 680 1208 714 προθέμενος
1219 680 1299 706 αὑτὸν
1313 681 1440 714 ἀτιμοῦν,
1456 680 1514 716 ἁλλ’
1527 682 1569 707 ἐπ’
1582 682 1648 708 ἰσων
1659 681 1740 707 πᾶσιν
1755 681 1828 714 ἔχειν

1040 725 1087 757 τὴν
1112 725 1203 760 κρίσιν
1226 725 1398 760 αἱρούμενος.
1414 725 1457 762 [Ρ.
1478 726 1543 762 255]
1559 726 1638 754 Οὕτω
1653 726 1709 761 γὰρ
1733 727 1780 752 καὶ
1799 726 1829 752 τὸ

1041 770 1182 805 φιλόσοῄον
1194 772 1344 806 φιλοσόφως
1354 772 1474 807 ἐπλήρου
1487 773 1526 807 τῷ
1537 773 1574 808 μὴ
1584 772 1734 808 λαμϐάνειν
1744 773 1830 808 πρόσ-

1040 825 1102 843 ωπα
1128 817 1168 848 είς
1187 817 1234 852 τὴν
1262 818 1389 853 τοιαύτην
1414 819 1515 853 κρίσιν,
1538 819 1571 853 ἣν
1597 819 1643 845 καὶ
1669 818 1730 845 καθ’
1745 818 1829 845 αὑτὸν

1040 862 1166 896 κέκρικε.
1184 863 1258 898 Πλὴν
1273 864 1397 894 κάκεῖνος
1413 864 1490 895 είδὼς
1514 863 1658 897 ἄνθρωπος
1678 863 1715 890 ὢν
1732 863 1780 890 καὶ
1797 864 1830 890 τὸ

1041 908 1129 942 χρεὼν
1140 909 1350 944 λειτουργήσων,
1369 909 1429 935 ἐπεὶ
1444 910 1477 936 τὰ
1493 909 1555 936 καθ’
1572 909 1653 936 αὑτὸν
1668 909 1829 943 διαθέμενος

1041 953 1154 988 χάρταις
1171 953 1256 979 ἐδίδου
1271 953 1302 980 τὸ
1321 953 1456 988 βούλημα,
1471 969 1507 973 -
1522 953 1552 981 τὸ
1568 954 1590 981 δ’
1605 952 1639 989 ἦν
1664 954 1724 981 καθ’
1740 954 1828 990 αὐτὴν

1038 997 1087 1030 τὴν
1108 997 1191 1031 μονὴν
1213 997 1257 1023 ἀεί
1280 1005 1344 1023 ποτε
1357 998 1506 1033 διαμένειν,
1530 998 1615 1034 μηδὲν
1631 999 1702 1027 κατὰ
1722 999 1829 1034 μηδένα

1039 1085 1170 1112 nimirum
1184 1085 1245 1120 ejus
1256 1091 1425 1122 exaggerata:
1437 1087 1579 1121 cujusdam
1596 1092 1623 1115 et
1641 1088 1752 1115 modum
1779 1096 1829 1115 su-

1037 1139 1186 1167 pergressa:
1200 1132 1339 1168 vulgarem
1356 1133 1535 1168 philosophia:
1551 1133 1827 1169 3hltheorematis

1039 1178 1164 1205 irretorto
1193 1178 1281 1205 deﬁxa
1303 1183 1442 1212 suspectu,
1476 1179 1599 1213 adeoque
1625 1186 1658 1206 ex
1680 1179 1825 1206 altissimis

1037 1224 1284 1251 duntaxatassueta
1303 1224 1454 1251 rationibus
1465 1225 1603 1251 mstimare
1618 1232 1661 1252 res
1674 1225 1824 1256 humanas.

1039 1270 1155 1304 rigidum
1182 1270 1335 1297 sustinebat
1359 1270 1436 1296 illum
1452 1274 1479 1297 et
1503 1270 1689 1298 inilexibiliter
1700 1276 1824 1298 erectum

1028 1311 1071 1342 ab
1087 1315 1138 1342 ista
1156 1315 1309 1342 humilitate
1326 1314 1477 1342 ofﬁciorum
1492 1315 1644 1343 aulicorum
1656 1316 1826 1351 omninoque

1037 1368 1052 1388 a
1068 1361 1165 1396 quovis
1182 1366 1309 1396 respectu
1341 1361 1473 1392 materiae.
1490 1361 1593 1396 quippe
1616 1362 1662 1395 qui
1684 1362 1826 1389 abstracte

1038 1407 1147 1434 intuens
1168 1407 1240 1441 quod
1262 1406 1411 1440 optandum
1429 1410 1499 1438 erat,
1525 1406 1598 1440 quod
1615 1406 1717 1440 passim
1745 1410 1825 1440 opta-

1037 1453 1117 1480 batur
1141 1452 1301 1487 negligeret.
1318 1452 1396 1480 Unde
1412 1460 1464 1479 non
1485 1452 1644 1480 hominibus
1669 1452 1716 1480 sed
1741 1453 1825 1479 rebus

1037 1499 1172 1532 intentus,
1198 1499 1241 1527 his
1256 1498 1367 1534 quidem
1384 1499 1512 1527 servabat
1536 1499 1758 1532 admirationem,
1779 1498 1824 1526 his

1038 1544 1220 1573 attentissime
1248 1545 1459 1574 considerandis
1510 1545 1736 1581 instupescebat,
1771 1545 1824 1572 alia

1037 1597 1083 1618 eas
1110 1590 1286 1618 veneratione
1301 1590 1506 1625 proscqnendas
1530 1595 1654 1618 statuens
1669 1598 1751 1626 quam
1768 1591 1820 1617 ista

1036 1636 1227 1671 superstitiose
1248 1636 1342 1664 sedula
1357 1636 1519 1664 commercii
1534 1637 1658 1668 humani,
1674 1643 1735 1670 qua:
1750 1643 1821 1662 con-

1036 1687 1091 1710 stat
1104 1683 1314 1718 exceptionibus
1329 1683 1363 1710 ad
1379 1683 1538 1711 blanditiam
1555 1682 1727 1717 compositis.
1757 1681 1825 1709 affe-

1036 1733 1110 1757 ctata
1125 1728 1279 1756 renidentis
1293 1728 1428 1760 vultuum.
1444 1728 1605 1756 occursibus
1625 1727 1752 1755 oﬂiciosis
1771 1735 1825 1755 ca:-

1036 1780 1150 1810 teraque
1178 1775 1285 1803 servilis
1313 1775 1437 1810 obsequii
1473 1774 1644 1810 professione
1670 1774 1823 1805 simulata.

1037 1821 1132 1856 quales
1150 1828 1200 1848 nos
1225 1821 1419 1849 illusiuneulas
1449 1821 1566 1848 invicem
1595 1824 1766 1848 commutare
1794 1821 1823 1847 in

1036 1866 1233 1894 consuetudine
1248 1867 1310 1894 vitae
1325 1867 1439 1894 urbanae
1453 1867 1580 1893 homines
1598 1867 1762 1901 gaudemus.
1775 1866 1826 1892 Ille

1037 1916 1129 1939 autem
1147 1912 1256 1939 habitus
1269 1910 1380 1946 quidem
1395 1912 1463 1940 istos
1478 1919 1494 1939 a
1508 1912 1684 1940 concretione
1701 1912 1825 1939 materia:

1037 1957 1197 1992 sejunctos(
1214 1965 1277 1985 nam
1292 1958 1342 1985 hos
1364 1958 1404 1985 sic
1425 1958 1497 1986 nude
1521 1958 1681 1992 spectabat)
1698 1963 1725 1985 et
1742 1965 1824 1985 vene-

1038 2003 1144 2030 ratione
1158 2003 1374 2038 proscquebatur
1387 2011 1485 2038 magna
1503 2007 1531 2031 et
1551 2010 1634 2038 supra
1654 2003 1762 2031 modum
1776 2003 1826 2030 ad-

1038 2048 1200 2081 mirabatur,
1217 2049 1288 2077 dona
1310 2048 1358 2076 Dei
1378 2049 1441 2077 illos
1459 2054 1599 2084 reputans.
1622 2048 1674 2077 Eos
1696 2056 1777 2084 porro
1797 2049 1826 2076 in

1038 2095 1140 2130 quibus
1171 2099 1362 2128 cernerentur,
1380 2102 1431 2131 pro
1460 2096 1540 2123 modo
1564 2102 1621 2131 quo
1647 2102 1695 2122 eos
1709 2095 1744 2122 ab
1758 2094 1827 2130 ipsis

1038 2142 1224 2170 arbitrabatur
1250 2141 1410 2177 participari
1450 2141 1606 2174 tractabat,
1633 2141 1672 2169 sic
1701 2141 1773 2176 apud
1796 2148 1827 2169 se

1039 2193 1174 2220 statuens,
1195 2195 1249 2215 non
1267 2195 1345 2223 aeque
1369 2195 1478 2220 omnes,
1500 2187 1601 2222 quibus
1619 2187 1749 2219 inessent,
1764 2187 1828 2214 illas

203 2237 275 2260 stare
289 2233 360 2260 volet
376 2237 403 2260 et
414 2241 446 2260 ex
461 2234 620 2268 praescripto
633 2234 743 2262 virtutis
757 2234 860 2267 vivere,
870 2234 988 2268 abjicere
1004 2241 1026 2269 ι)
1039 2235 1189 2262 secundum
1204 2233 1289 2261 Deum
1306 2234 1386 2269 digne
1406 2233 1558 2268 possidere,
1573 2233 1620 2261 sed
1635 2233 1768 2268 quosdam
1783 2233 1828 2260 in-

203 2280 275 2306 hunc
297 2284 421 2314 oporteat
440 2287 519 2307 curas
537 2280 695 2307 mortalium
707 2286 866 2311 eventuum,
893 2285 920 2308 ct
937 2288 986 2307 an-

203 2325 255 2352 xiis
272 2325 371 2353 studiis
388 2325 502 2359 sapienti
521 2333 635 2353 casuum
647 2326 848 2353 occurrentium
862 2326 985 2360 neglectu

202 2371 286 2399 semel
315 2370 436 2406 defungi.
462 2371 526 2398 Haec
551 2379 613 2398 cum
637 2372 810 2406 peculiariter
841 2371 986 2399 familiaria

204 2418 259 2446 sibi
271 2419 396 2453 dogmata
410 2423 466 2444 tum
490 2417 655 2445 Blemmidas
683 2417 803 2451 Josepho
820 2423 913 2444 coram
935 2417 986 2450 ipsi

202 2463 397 2496 disseruisset,
427 2463 615 2497 comprobavit
637 2462 681 2489 ille
708 2462 905 2497 laudavitque;
938 2469 987 2489 nec

202 2514 326 2537 mutuam
343 2510 377 2537 ab
397 2509 443 2536 illo
456 2514 547 2536 tamen
567 2508 764 2536 assentationis
782 2508 866 2535 ullius
878 2515 988 2542 expres-

203 2555 238 2582 sit
263 2555 361 2582 vicem.
386 2555 460 2582 Adeo
483 2554 556 2581 enim
590 2554 624 2581 ab
647 2553 711 2581 huic
729 2552 866 2580 adulando
899 2551 987 2580 abfuit

202 2601 378 2634 Blemmidas,
394 2605 423 2627 ut
437 2608 526 2636 neque
542 2600 575 2627 ad
585 2607 614 2627 sc
628 2599 789 2627 invisentem
802 2597 986 2634 patriarcham

202 2648 311 2676 obviam
325 2655 340 2675 e
359 2648 427 2675 cella
446 2647 555 2682 prodire
570 2647 742 2682 dignaretur,
762 2653 794 2673 ac
812 2652 845 2672 ne
858 2645 984 2679 ingresso

203 2694 313 2728 quidem
330 2699 356 2722 et
374 2695 407 2721 ad
423 2695 563 2721 sedentem
591 2694 681 2728 ipsum
696 2691 818 2727 pergenti
842 2698 875 2718 ex
902 2691 988 2718 inter-

204 2739 276 2767 vallo
293 2744 450 2775 assurgeret
471 2744 518 2766 aut
534 2739 616 2766 ullam
632 2738 746 2766 omnino
757 2738 897 2765 tralatitiae
909 2737 988 2765 istius

204 2785 367 2813 urbanitatis
387 2785 590 2813 venerationem
606 2789 716 2812 curaret
728 2784 870 2816 adhibere,
896 2784 986 2818 pusilli

203 2837 264 2857 esse
280 2822 364 2865 atque
379 2830 412 2857 ad
432 2831 593 2858 servitutem
619 2830 719 2865 abjecti
743 2830 829 2858 animi
856 2834 987 2864 reputans

205 2877 238 2902 ἰι
255 2876 412 2911 huiusmodi
428 2884 488 2905 sese
504 2877 620 2912 aucupia
631 2877 725 2914 gratiae
742 2876 895 2905 demittere.
910 2876 985 2904 lllcns

1037 2280 1144 2307 terdum
1173 2280 1323 2307 secundum
1355 2280 1518 2312 hominem,
1553 2279 1609 2307 Deo
1638 2281 1827 2315 permittente.

1038 2324 1124 2352 Usum
1148 2332 1230 2359 porro
1256 2325 1336 2352 istum
1353 2333 1434 2353 suum
1453 2330 1481 2352 et
1499 2333 1603 2352 morem
1629 2324 1715 2352 libere
1742 2326 1827 2352 omit-

1038 2371 1110 2398 tendi
1129 2371 1353 2405 superstitionem
1372 2371 1453 2398 istam
1469 2371 1620 2406 quamdam
1640 2378 1825 2406 personarum

1038 2416 1118 2444 anxia
1137 2417 1284 2445 sedulitate
1314 2417 1532 2444 venerandarum
1552 2417 1633 2444 etiam
1652 2421 1717 2443 tunc
1731 2417 1757 2443 in
1777 2416 1826 2443 Jo-

1038 2463 1123 2496 scpho
1137 2462 1235 2493 tenuit,
1251 2469 1306 2491 non
1321 2470 1383 2490 eum
1411 2462 1546 2497 praecipue
1559 2466 1738 2489 contemnens
1753 2481 1761 2494 ,
1776 2462 1825 2488 sed

1037 2508 1222 2542 exceptionem
1239 2515 1255 2535 a
1273 2515 1324 2535 suo
1345 2508 1493 2535 universali
1508 2506 1613 2542 judicio
1629 2512 1657 2534 et
1674 2507 1756 2534 modo
1771 2506 1825 2533 sibi

1038 2555 1149 2589 praetixo
1163 2561 1225 2582 cum
1237 2555 1365 2582 omnibus
1390 2553 1490 2589 agendi
1506 2553 1533 2580 in
1551 2553 1634 2588 hujus
1657 2553 1740 2580 unius
1765 2559 1828 2588 gra-

1038 2601 1104 2628 tiam
1132 2600 1185 2628 sibi
1217 2607 1273 2628 non
1302 2600 1456 2628 faciendam
1489 2607 1616 2628 censens.
1636 2599 1676 2626 ita
1697 2599 1769 2626 enim
1795 2605 1826 2625 se

1038 2645 1227 2680 philosophice
1241 2645 1355 2680 obsequi
1376 2645 1490 2680 putabat
1514 2644 1672 2679 praescripto
1699 2643 1737 2670 illi
1767 2650 1825 2670 suae

1037 2689 1336 2725 philosophiaajubenti
1346 2697 1398 2717 non
1408 2689 1552 2717 admittere
1569 2689 1654 2716 ullum
1669 2691 1826 2723 respectum

1038 2737 1217 2772 singularium
1232 2744 1411 2772 personarum
1427 2737 1454 2764 in
1471 2735 1577 2771 judicio
1589 2736 1623 2764 de
1642 2736 1734 2767 rebus,
1750 2734 1824 2762 nudo

1037 2790 1069 2811 ac
1083 2790 1158 2811 mere
1180 2787 1209 2810 ut
1225 2787 1289 2810 sunt
1315 2783 1350 2810 ab
1374 2790 1418 2813 eo,
1434 2787 1463 2810 ut
1488 2782 1591 2810 dictum
1620 2786 1671 2814 est,
1701 2779 1822 2816 spectari

1037 2829 1225 2865 aestimarique
1240 2829 1342 2857 solitis.
1366 2829 1500 2857 Cancrum
1519 2829 1560 2856 vir
1577 2829 1622 2855 hic
1650 2828 1712 2855 talis
1739 2834 1824 2862 repu-

1038 2880 1143 2905 tanssc
1165 2875 1316 2909 hominem,
1334 2879 1361 2903 ct
1390 2882 1535 2903 commune
1561 2879 1667 2902 natura:
1700 2873 1826 2901 debitum
