1936 3069
97 190 153 222 ⁸193

583 191 631 221 DE
649 190 843 222 MlCHAELE
865 192 1098 224 PAL/EOLOGO
1117 195 1191 225 LIB.
1213 195 1244 224 V.

1676 193 1729 225 τοι

99 247 203 280 τρόπον
215 245 406 274 ὕποπεσοῦσαν
422 247 514 282 ἑτέρᾳ,
531 247 578 274 καὶ
594 247 667 282 ἅπερ
680 245 753 283 εἶχεν
764 247 796 274 ἐκ
814 246 889 281 βασιο
905 250 927 277 Α
942 248 1037 284 Θρᾴκῃ
1052 249 1198 284 ἀνακωχῆν
1211 249 1350 284 γενέσθαι,
1375 249 1422 277 ὲπὶ
1441 249 1508 276 πολὺ
1525 249 1728 284 δαπανωμένων

99 292 171 318 λέων
193 292 429 327 φιλοφρονήματα,
447 292 485 324 ὡς
505 292 711 327 συμποσοῦσοαι
726 293 756 319 τὸ
771 294 824 319 πᾶν
836 293 891 319 τῶν

100 337 280 372 νομισμάτων
305 338 346 369 εις
367 338 464 365 ἑκατὸν
486 338 586 373 λιτρῶν
605 338 732 374 ἀριθμὸν,
749 339 795 366 καὶ
821 339 890 365 αἰτὰ

100 385 135 418 τῇ
163 386 230 419 μονῇ
254 384 301 410 τοῦ
327 385 402 416 δντος
426 385 493 412 Θεοῦ
507 385 558 421 (τῷ
579 386 634 421 γὰρ
653 385 709 413 ὄντι
726 386 827 421 κυρίως
843 386 890 413 καὶ

102 429 311 463 προσανέκειτο)
339 431 509 466 ἀναφαίρετα
532 431 731 467 διατηρηθέντα
752 433 792 462 εἰς
814 440 891 467 περι-

101 475 212 509 ποίησιν
226 483 255 501 τε
269 476 317 502 καὶ
339 475 389 510 τὴν
403 476 457 503 τῶν
481 476 670 512 ἐλλειμμάτων
694 477 889 512 ἀποπλήρωσιν

101 518 184 548 εἶναι.
200 521 251 547 Τδν
263 522 291 549 δὲ
317 522 436 548 τοιοῦτον
455 522 511 549 τῶν
535 523 762 558 ἀποτεταγμένων
786 524 890 558 χάρτην

101 567 150 593 καὶ
176 567 257 593 αὑτὸν
282 567 358 602 ἠξίου
381 567 426 594 τὸν
452 569 623 604 πατριάρχην
643 569 888 604 ὑποσημαίνεσθαι,

101 613 150 639 καί
162 621 194 647 γε
212 613 324 648 βασιλέα
335 613 484 650 ἐπικυροῦν
498 613 619 649 λιπαρῶς
634 615 748 647 ἀξιῶσαι
760 615 827 649 πρδς
840 615 889 649 τὴν

101 659 182 685 πόλιν
206 658 398 687 ἐπανελθόντα.
414 661 469 687 Καὶ.
490 660 601 695 γέγονεν
615 661 696 693 οὕτω,
720 661 771 688 κᾶν
787 661 889 688 ἀποθα-

100 705 193 736 νόντος
207 705 322 738 ἐκείνου,
345 706 479 741 ὀστράκου
503 708 570 742 φασὶ
596 708 804 742 μεταπεσόντος,
826 708 888 734 ἁνε-

101 749 241 784 λάμὸανόν
255 758 285 776 τε
304 750 353 781 τὰς
372 751 554 785 ἑπικυρὼσεις
569 752 616 778 καὶ
635 753 668 778 τὰ
690 753 888 787 διατεταγμένα

99 795 214 828 διέλυον,
232 796 269 827 ὡς
285 796 319 822 τὰ
348 796 396 830 μὲν
412 796 567 832 νομίσματα
593 799 626 833 τῇ
648 798 762 834 Μεγάλῃ
789 798 888 833 ταυτηῖ

99 841 235 876 ἐκκλησίᾳ
252 842 484 876 προσανατεθῆναι
515 844 554 875 είς
584 844 767 879 περιποίησιν,
791 845 887 879 τὴνδὲ

101 887 188 922 μονὴν
201 887 309 922 ἐκείνην
323 889 354 923 τῇ
371 887 418 914 τοῦ
432 888 566 923 Γαλησίου
583 892 649 924 μονῇ
668 889 830 925 ὑποτεοῆναι
846 891 886 921 είς

102 932 239 968 μετόχιον.
261 933 290 959 '0
306 935 370 967 γοῦν
395 935 525 970 ἱεράρχης
551 934 647 970 Ἰωσὴφ
663 937 696 972 τῇ
710 936 827 972 ἀνατολῇ
844 937 889 971 ἐφ’

100 978 194 1004 ἱκανὸν
207 978 350 1015 διατρίψας
370 980 540 1016 ὑπέστρεφεν
556 982 595 1014 είς
609 982 765 1014 Βυζάντιον.

98 1058 134 1089 γ’.
146 1056 302 1095 ξοτξως-ῑςῷ
323 1057 502 1095 Βρυλγάρῳν
519 1060 648 1092 βασιλεῖ
671 1061 888 1094 Κωνστοντίνῳ

137 1091 156 1124 ἡ
172 1091 227 1125 τῆς
238 1093 387 1127 Εἰιλογίας
400 1091 531 1128 θυγάτηρ
544 1096 589 1128 εις
601 1095 697 1130 γάμον
715 1096 852 1130 ἐξεδόθη.

138 1157 181 1194 [Ρ.
197 1158 261 1194 254]
277 1159 332 1186 Καὶ⁸
344 1159 414 1194 μετὰ
429 1160 527 1196 μικρὸν
540 1161 589 1195 τῆς
601 1161 648 1188 τοῦ
662 1162 793 1197 βασιλέως
806 1163 888 1190 Βουλ-

101 1205 196 1240 γάρων
211 1206 417 1232 Κωνσταντίνου
436 1207 554 1241 συζύγου
578 1208 695 1243 Είρήνης
720 1209 886 1244 μεταλλαξά-

102 1258 166 1285 σης,
179 1251 220 1282 si;
234 1251 373 1283 σπονδὰςὸ
389 1252 497 1287 κρατῶν
512 1254 617 1280 ἐκεῖνον
629 1255 714 1281 θέλων
729 1244 842 1288 συναξαι
859 1257 887 1288 ὲς

101 1297 116 1323 ὃ
138 1298 195 1329 τοῖς
209 1298 278 1324 κατὰ
293 1298 341 1325 τὸν
362 1296 450 1326 Αἶαον
472 1301 519 1326 καὶ
532 1300 600 1336 αὐτῇ
617 1309 649 1334 γε
669 1301 824 1338 Μακεδονίᾳ
839 1304 886 1330 καὶ

98 1395 129 1415 se
143 1387 297 1415 soluturum
323 1387 425 1420 sciens,
453 1392 618 1417 testamento
646 1391 756 1419 condito
770 1392 804 1420 de
826 1393 884 1421 suis

100 1433 182 1462 rebus
198 1434 294 1462 statuit
309 1434 337 1461 in
354 1434 429 1462 hunc
445 1435 569 1463 modum.
582 1435 787 1469 Monasterium,
804 1437 885 1473 3&2

97 1480 127 1507 in
146 1487 201 1515 quo
221 1479 336 1515 degebat
350 1484 377 1507 et
400 1488 576 1515 perseverare
591 1489 701 1517 semper
711 1482 883 1513 decreverat.

98 1527 141 1554 sic
161 1530 191 1553 ut
217 1531 282 1554 tunc
305 1532 375 1560 erat,
401 1534 512 1555 manere
537 1535 646 1562 semper
671 1527 800 1560 liberum,
818 1528 883 1555 nulli

97 1579 220 1606 unquam
242 1571 443 1620 subjiciendum
468 1572 558 1605 alteri,
582 1573 705 1607 juhebnt.
732 1573 810 1606 Quod
836 1581 921 1620 an-c

97 1622 152 1644 tem
179 1617 301 1651 pecuniae
328 1618 485 1652 possidebat
498 1618 644 1653 largitione
672 1619 882 1654 imperatorum.

96 1668 208 1691 centum
226 1664 356 1691 librarum
376 1672 512 1692 summam
533 1665 695 1698 conficiens,
714 1665 766 1693 hoc
791 1670 879 1693 totum

95 1710 265 1736 monasterio
293 1710 381 1737 eidem
410 1709 465 1737 Deo
491 1711 538 1744 qui
564 1714 605 1737 est
620 1717 700 1738 sacro
727 1711 801 1746 (nam
826 1710 884 1738 haec

96 1760 157 1782 erat
173 1755 319 1789 peculiaris
345 1755 404 1788 ejus
421 1756 518 1782 domus
534 1756 710 1790 nuncupatio)
741 1756 881 1791 proprium

98 1801 203 1828 servari
220 1805 435 1836 perpetuumque
451 1800 564 1828 attribui
589 1801 738 1828 mandabat
765 1801 792 1828 in
819 1800 883 1828 fun-

99 1846 218 1874 dationis
230 1850 409 1881 augmentum
421 1851 468 1874 aut
482 1847 702 1881 supplementum
718 1847 882 1874 amissorum

97 1893 140 1920 vel
164 1893 262 1927 quovis
291 1893 374 1920 modo
401 1900 502 1920 casuve
518 1892 711 1920 deﬁcientium.
741 1892 777 1920 lis
799 1896 900 1928 porro‘

99 1938 202 1966 tabulis
233 1945 368 1972 supremas
389 1945 444 1965 sine
468 1938 585 1966 testibus
601 1938 763 1970 voluntatis,
781 1938 882 1972 quibus

98 1983 150 2010 ista
165 1983 382 2014 commendarat.
395 1983 569 2010 subscribere
583 1983 766 2018 patriarcham
780 1984 882 2016 voluit;

97 2029 308 2064 impetravitque
323 2029 357 2056 ab
371 2030 466 2056 eodem
481 2034 509 2056 nt
521 2036 584 2056 cum
602 2037 728 2058 reversus
741 2030 768 2057 in
786 2031 881 2058 urbem

96 2080 181 2108 esset,
196 2080 306 2102 curaret
322 2076 432 2102 easdem
449 2081 524 2103 ratas
543 2076 636 2104 haberi
656 2076 690 2104 ab
703 2076 881 2112 imperatore,

97 2128 126 2150 et
136 2123 224 2157 ipsius
239 2123 443 2150 auctoritatead
453 2127 584 2158 quantam
600 2128 714 2158 possent
732 2123 880 2150 maximam

95 2169 252 2197 firmitatem
279 2168 414 2196 roborari.
437 2168 513 2202 Quod
528 2173 556 2196 et
587 2169 689 2197 factum
716 2174 768 2202 est,
781 2169 882 2204 exiguo

95 2214 209 2249 quidem
227 2221 317 2248 operte
332 2215 430 2248 pretio.
444 2215 513 2242 Nam
530 2214 681 2242 Blemmida
699 2215 797 2242 deinde
809 2222 882 2241 mor-

943 294 998 320 τῶν
1013 295 1229 329 στρατευμάτων
1248 296 1304 326 τοῖς
1321 295 1446 330 συνεχέσι
1463 294 1601 330 πολέμοις.
1618 295 1729 330 πέμψας

942 339 1192 374 διαπρεσϐεύεται,
1219 341 1432 375 ὑπισχνούμενος
1460 341 1500 372 εις
1527 340 1607 375 κῆδο;
1632 341 1729 376 ἐκείνῳ

942 385 1035 412 δοῦναι
1058 386 1105 412 καὶ
1123 386 1173 420 τὴν
1198 386 1344 420 ἀδελφιδῆν
1363 386 1462 413 ἑαυτοῦ
1480 386 1591 421 Μαρίαν
1607 386 1657 421 τὴν
1673 386 1730 412 τῶν

943 430 1102 465 θυγατέρων
1124 431 1172 466 τῆς
1188 430 1321 464 Εὐλογίας
1338 431 1478 465 δευτέραν.
1522 432 1553 467 δὴ
1569 431 1686 466 συνῴκει
1699 431 1729 458 τὸ

942 476 1074 511 πρότερον
1089 476 1197 510 ὁΦιλῆς
1225 476 1344 508 Ἀλέξιος
1372 477 1419 503 καὶ
1438 477 1526 511 μέγας
1554 477 1726 511 δομέστικος.

942 522 998 548 Καὶ
1010 522 1042 553 δὴ
1058 522 1110 548 τῶν
1128 523 1217 555 ὅρκων
1243 522 1404 555 προϐάντων
1425 522 1462 553 ὡς
1487 522 1727 557 συλλαμὸάνεσοαι

941 568 1048 597 τούτοις
1065 568 1113 593 καὶ
1136 568 1329 602 Μεσέμϐρειαν
1355 569 1402 595 καὶ
1437 568 1578 602 Ἀγχίαλον
1608 568 1726 600 (ἐκείνου

942 614 996 647 γὰρ
1013 613 1094 644 οὕσας
1111 615 1257 647 κατασχεῖν
1273 613 1396 648 βασιλέα,
1415 614 1462 640 καὶ
1476 612 1553 645 αὖθις
1569 614 1643 647 ἄξιον
1657 612 1726 640 εἶναι

941 659 987 685 τὸν
1002 660 1066 694 πρὶν
1089 659 1185 694 ἔχοντα
1212 659 1361 693 λαμϐάνειν
1380 660 1465 692 αὑτὰς
1489 661 1534 686 ἐπὶ
1551 660 1589 695 τῷ
1609 668 1725 694 γενησο-

942 705 1016 740 μένῳ
1031 705 1068 735 ὡς
1084 706 1185 739 προῖκα
1208 706 1296 740 κήδει)
1313 707 1327 732 ὁ
1350 706 1401 740 μὲν
1416 706 1540 741 βασιλεὺς
1556 707 1589 732 τὰ
1607 706 1656 740 μὲν
1678 706 1725 732 τοῦ

941 751 1039 786 κήδους
1054 751 1173 786 ἐπλήρου
1196 751 1233 782 ὡς
1255 751 1314 777 λίαν
1335 752 1484 785 φιλοτίμως
1501 753 1549 778 καὶ
1567 751 1724 786 βασιλικῶς.

940 796 1068 832 Συνεξῄει
1093 797 1147 832 γὰρ
1162 798 1193 832 τῇ
1219 796 1468 832 νυμφευθησομένῃ
1494 797 1576 828 αὐτὸς
1600 797 1725 832 βασιλεὺς

940 842 987 868 καὶ
1000 843 1014 868 ό
1032 842 1216 876 πατριάρχης,
1240 843 1290 868 κάν
1305 842 1443 877 Σηλυϐρίᾳ
1464 843 1617 876 γενόμενοι,
1634 843 1724 868 ἐκεῖσε

940 887 1121 918 δεσποινικῶς
1143 888 1414 921 μετασκευασάμενοι
1430 889 1479 921 τὴν
1497 889 1537 919 είς
1551 889 1639 922 γάμον
1656 896 1727 921 πεμ-

908 925 928 952 Β
942 932 1063 967 πομένην
1073 931 1112 966 τῷ
1128 932 1336 965 Κωνσταντίνῳ,
1351 931 1460 966 ἐκείνην
1476 933 1525 967 μὲν
1541 933 1592 958 ὑπὸ
1613 932 1725 967 πλείστῃ

939 977 1088 1012 δορυφορίᾳ
1108 977 1175 1013 πρὸς
1200 978 1303 1004 ἐκεῖνον
1317 978 1442 1008 ἀπέλυον,
1459 978 1535 1004 αὐτοὶ
1554 977 1576 1003 δ’
1591 977 1725 1012 ὑπέστρε-

940 1031 998 1056 φον.
1012 1024 1068 1049 Καὶ
1083 1024 1115 1049 τὰ
1132 1023 1181 1056 μὲν
1195 1023 1241 1049 τοῦ
1267 1023 1364 1058 κήδους
1384 1023 1471 1055 οὕτως
1492 1024 1506 1050 ὁ
1525 1023 1653 1058 βασιλεὺς
1666 1023 1724 1054 ἑξε-

939 1069 1056 1104 πλήρου,
1070 1069 1103 1094 τὰ
1117 1069 1144 1095 δὲ
1158 1070 1222 1104 περὶ
1238 1069 1287 1100 τὰς
1304 1069 1395 1101 πόλεις
1410 1069 1582 1100 modum.
1597 1070 1657 1100 ταῖς
1675 1069 1725 1104 μὲν

938 1115 1080 1150 ἀληθείαις
1106 1114 1183 1146 εἰδὼς
1213 1115 1340 1142 ἐντεῦθεν
1368 1115 1643 1151 παραιρεοησομένην
1676 1114 1724 1149 τὴν

944 1160 1080 1195 Ῥωμαῖδα
1091 1159 1125 1187 τὰ
1140 1161 1282 1195 κράτιστα,
1298 1160 1336 1195 τῷ
1355 1161 1383 1187 δὲ
1401 1161 1600 1195 Κωνσταντίνῳ
1617 1160 1725 1195 προφά-

939 1215 995 1237 σεις
1009 1206 1158 1233 ἐπλάττετο
1173 1206 1299 1240 πιθανὰς,
1321 1206 1402 1238 ἄλλας
1424 1215 1455 1233 τε
1475 1207 1523 1233 καὶ
1538 1207 1567 1232 τὸ
1585 1207 1621 1242 μὴ
1651 1206 1725 1240 ἔχειν

940 1253 1039 1284 ὲνθέως
1054 1252 1157 1284 δοῦναι,
1173 1252 1211 1288 μὴ
1226 1252 1280 1279 τῶν
1293 1253 1413 1280 ἐποίκων
1427 1253 1653 1288 καταδεχομένων
1669 1251 1724 1278 τῶν

938 1299 1058 1326 πόλεων·
1092 1298 1244 1334 Ῥωμανίις
1272 1299 1327 1332 γὰρ
1342 1297 1410 1325 εἷναι
1439 1299 1522 1334 μέρος
1546 1299 1654 1330 ὲκείνας
1677 1297 1724 1324 καὶ

936 1394 1010 1416 rator
1027 1387 1167 1415 devincire
1191 1387 1242 1415 sibi
1257 1387 1370 1415 flrmiuri
1393 1387 1485 1422 aliquo
1500 1386 1619 1419 vinculo,
1641 1390 1668 1413 et
1683 1386 1724 1413 sic

937 1434 1094 1469 regionibus
1109 1433 1202 1461 Haamo
1229 1433 1370 1468 subiectis,
1397 1433 1434 1460 uti
1449 1433 1531 1460 etiam
1560 1432 1724 1459 Macedoniae

936 1488 968 1507 ac
987 1479 1121 1511 Thracias,
1137 1487 1231 1514 pacem
1245 1487 1277 1507 ac
1303 1480 1420 1514 quietem
1449 1486 1582 1509 asserere.
1599 1478 1670 1513 quod
1691 1484 1724 1505 eo

937 1531 1002 1554 tunc
1022 1526 1107 1562 magis
1132 1526 1204 1553 facttt
1230 1525 1414 1553 necessarium
1446 1525 1568 1559 putabat,
1589 1523 1652 1559 quia
1685 1527 1724 1550 tot

935 1573 1072 1600 continuis
1088 1571 1306 1607 expeditionibus
1331 1579 1363 1600 ac
1377 1571 1454 1598 bellis
1469 1578 1565 1605 magna
1589 1570 1645 1604 jam
1660 1577 1723 1604 pars

934 1619 1064 1646 Romanae
1091 1618 1194 1645 militiae
1211 1617 1352 1652 absumpta
1383 1617 1482 1648 fuerat,
1504 1615 1593 1643 missis
1606 1615 1723 1642 eumlc-

935 1667 1003 1702 gatis
1016 1665 1049 1693 ad
1064 1665 1153 1693 fmdus
1163 1664 1299 1696 invitavit,
1311 1665 1444 1700 pollicens
1460 1664 1542 1700 343
1554 1664 1580 1690 in
1594 1670 1721 1698 sponsam

935 1711 1023 1738 se.illi
1042 1711 1168 1738 daturum
1184 1711 1322 1746 propriam
1335 1715 1456 1745 neptem,
1474 1710 1593 1745 Eulogius
1609 1717 1665 1737 suae
1683 1717 1724 1736 so-

934 1755 1004 1782 roris
1039 1755 1121 1782 tiliam
1154 1755 1274 1782 secundo
1318 1755 1436 1790 genitam
1475 1755 1605 1788 Mariam,
1640 1761 1722 1789 quam

935 1801 1011 1836 prius
1028 1801 1056 1828 in
1070 1801 1242 1829 matrimonio
1260 1801 1392 1828 habuerat
1416 1800 1508 1828 Philcs
1536 1801 1647 1828 Alexius
1662 1808 1723 1828 ma-

933 1853 1003 1881 gnus
1019 1847 1194 1874 domesticus.
1206 1846 1350 1878 Processit.
1367 1846 1546 1874 Constantino
1568 1851 1720 1878 annuente,

935 1896 1066 1920 tractatus
1096 1900 1182 1928 usque
1211 1893 1245 1920 ad
1269 1892 1478 1920 conventionem
1495 1891 1607 1921 foederis
1622 1891 1722 1919 sanciti

931 1939 1105 1974 juramentis.
1123 1947 1182 1974 quae
1201 1939 1329 1967 distincte
1343 1939 1605 1975 comprehenderent
1615 1939 1724 1966 Mesem-

933 1984 1026 2012 bream
1041 1989 1069 2012 et
1083 1984 1293 2019 Anchialum,ad
1304 1985 1473 2012 Constantini
1490 1985 1581 2020 utique
1591 1985 1722 2012 ditionem

933 2031 1103 2066 pertinentes
1131 2031 1224 2064 urbes,
1241 2031 1289 2058 sed
1315 2031 1449 2058 hactenus
1468 2036 1613 2066 occupatas
1626 2031 1724 2058 abim-

935 2081 1072 2111 peratore,
1102 2084 1168 2111 quas
1197 2077 1319 2111 utrisque
1335 2081 1390 2104 tum
1430 2077 1515 2103 visum
1546 2080 1588 2103 est
1614 2084 1721 2110 aequum

932 2129 993 2149 esse
1013 2122 1084 2149 bona
1112 2122 1165 2150 ﬁde
1190 2123 1267 2150 reddi
1294 2123 1407 2157 antiquo
1427 2123 1576 2158 possessori
1591 2127 1619 2150 et
1630 2123 1721 2157 impn-

933 2168 984 2197 tari
1002 2168 1029 2194 in
1045 2171 1150 2202 partem
1180 2168 1251 2195 dot's
1275 2176 1353 2196 nova:
1369 2176 1486 2203 sponsae.
1517 2168 1564 2196 llis
1577 2169 1642 2196 hinc
1655 2177 1720 2204 pro-

933 2213 1033 2246 missis,
1062 2213 1136 2240 illinc
1166 2213 1312 2248 stipulatis,
1349 2214 1498 2248 imperator
1527 2213 1724 2241 deductioncm

95 2266 154 2293 tuo,
169 2261 276 2288 cunctis
288 2261 342 2288 illis
354 2261 496 2296 promissis
507 2266 533 2288 et
549 2262 660 2296 spebus,
682 2261 754 2288 velut
770 2261 878 2296 tegulae,
893 2259 920 2288 D
932 2268 1040 2295 sponsae
1054 2259 1196 2288 ambitiose
1215 2268 1246 2287 ac
1259 2259 1331 2294 regia
1344 2259 1423 2288 plane
1445 2267 1542 2294 pompa
1561 2260 1718 2292 celebravit,

95 2308 168 2342 quod
183 2307 274 2339 aiunt,
297 2306 460 2342 interlapsu,
476 2307 502 2334 in
518 2307 624 2334 irritum
640 2308 880 2339 evanescentibus,

95 2353 243 2386 rescissum
260 2353 286 2380 id
316 2358 443 2381 revocata
470 2354 683 2382 confirmatione
718 2359 746 2382 et
770 2362 880 2382 cassum

95 2399 194 2426 ell'eclu
209 2403 404 2427 testamentum
435 2400 496 2427 fuit.
516 2401 553 2428 Ac
568 2401 684 2435 pecunia
699 2401 809 2435 quidem
824 2409 882 2429 ma-

94 2453 155 2480 gna:
178 2445 241 2472 huic
268 2445 390 2473 ecclesia:
413 2446 440 2473 in
469 2446 539 2474 dotis
568 2447 720 2474 auctarium
750 2447 881 2474 attributa

94 2495 146 2523 est,
165 2490 361 2518 monasterium
387 2498 463 2523 vero,
478 2491 522 2518 cui
539 2496 592 2518 tam
609 2491 726 2519 sollicite
752 2492 882 2519 Blemmi-

94 2535 377 2567 dascareratﬁalcsii
390 2537 549 2564 monasterii
561 2537 682 2564 dominio
695 2538 879 2572 suppositum,

94 2587 127 2606 ex
137 2588 170 2607 eo
185 2582 302 2614 pendere
311 2581 390 2616 eique
402 2582 535 2610 inservire
548 2581 657 2617 jussum
673 2586 727 2609 est.
741 2582 878 2610 Caeterum

93 2625 230 2662 Josepbus
258 2634 306 2662 per
331 2627 402 2654 hunc
431 2628 552 2661 modum,
585 2628 725 2662 aliquanto
759 2633 880 2663 tempore

94 2677 217 2701 moratus
232 2674 258 2700 in
271 2672 393 2707 Oriente,
412 2673 677 2709 Constantinopolim
697 2675 818 2702 revertit.

95 2754 122 2781 3.
145 2753 179 2781 Ut
199 2755 252 2788 regi
271 2753 450 2790 Bulgarorum
471 2753 645 2781 Constantino
677 2755 734 2788 lilia
762 2754 881 2790 Eulogiw

291 2789 380 2816 Maria
401 2791 428 2816 in
444 2797 553 2816 uxorem
572 2791 633 2816 data
648 2791 692 2817 ιὶι.

128 2856 187 2883 Νοη
213 2856 300 2883 multo
319 2861 381 2892 post
405 2856 477 2892 regis
504 2855 679 2892 Bnlgarorum
706 2857 878 2885 Constantini

95 2903 208 2940 conjuge
233 2903 310 2930 lrcne
326 2907 443 2935 mortua,
459 2903 571 2931 studens
587 2903 668 2930 istum
687 2911 777 2939 regem
793 2904 877 2939 impc-

933 2307 991 2342 ipse
1018 2305 1233 2340 proﬁciscentem
1259 2305 1400 2332 mulierem
1420 2313 1482 2333 cum
1504 2305 1656 2340 patriarcha
1673 2312 1720 2332 co-

932 2353 1046 2380 mitatus
1069 2352 1220 2387 Selybriam
1240 2359 1337 2386 usqtte,
1367 2351 1484 2386 indeque
1514 2351 1587 2378 illam
1603 2351 1636 2378 ad
1649 2350 1721 2377 Con-

933 2399 1081 2427 stantinum
1097 2398 1233 2434 frequenti
1248 2406 1279 2425 ac
1291 2398 1410 2433 superbo
1429 2398 1556 2425 satellitio
1571 2398 1723 2433 perducens

932 2445 993 2472 dam
1022 2452 1130 2476 curans,
1166 2451 1197 2471 ac
1223 2444 1262 2471 sic
1294 2443 1558 2478 Constantinopolim
1596 2449 1722 2470 reversus

932 2495 1047 2518 eatenus
1063 2490 1142 2517 fidem
1166 2494 1307 2525 pactorum
1332 2489 1479 2524 imperator
1492 2489 1628 2524 prmstitit.
1654 2488 1720 2514 Nam

932 2537 1005 2572 quod
1031 2537 1225 2572 promissurum
1239 2536 1371 2563 attinebat
1385 2535 1584 2563 restitutionem
1600 2534 1718 2564 urbium,

932 2584 959 2610 in
973 2591 1006 2611 ea
1022 2591 1076 2610 non
1091 2582 1274 2610 festinandum
1291 2586 1367 2609 ratus
1380 2582 1469 2609 varios
1488 2582 1547 2615 ejus
1563 2579 1721 2609 dill‘erendze

931 2634 1077 2665 prte'extus
1084 2629 1218 2664 quaesivit,
1228 2636 1321 2656 revera
1329 2629 1476 2663 periculum
1488 2628 1552 2656 dira:
1560 2625 1723 2655 vastationis

932 2683 963 2702 ex
979 2683 1009 2702 ea
1023 2675 1168 2702 imminens
1187 2675 1266 2702 terris
1287 2674 1402 2709 imperio
1417 2674 1547 2709 subjectis
1562 2680 1720 2709 przccaven-

930 2721 993 2748 dum
1000 2728 1124 2747 censens.
1132 2720 1265 2747 Caeterum
1272 2720 1380 2747 interim
1388 2719 1593 2747 Constantinum
1602 2719 1719 2747 lactabat

931 2765 1062 2800 speciosis
1073 2765 1229 2792 obtentibus
1243 2765 1333 2792 multis
1349 2766 1467 2792 colorem
1477 2765 1594 2800 aliquem
1614 2766 1717 2792 haben-

930 2812 1012 2845 tibus,
1022 2819 1136 2847 quorum
1147 2812 1191 2839 hic
1201 2811 1434 2840 verisimilitudine
1443 2811 1570 2839 inductus
1582 2811 1715 2839 nonnulla

930 2858 1082 2886 videbatur.
1099 2857 1195 2885 Aiebat
1213 2857 1342 2886 videlicet
1355 2858 1469 2885 istarum
1488 2858 1590 2886 incolas
1604 2859 1717 2886 urbium

932 2910 1058 2931 recusare
1072 2903 1193 2940 Bulgaris
1213 2902 1318 2938 subjici,
1336 2911 1397 2931 cum
1412 2903 1462 2939 ipsi
1482 2903 1597 2933 Romani
1607 2907 1715 2938 essent,
