1936 3069
205 185 259 217 7ςῦ

208 242 362 275 Tiburtino;
398 243 430 269 αὖ
436 243 506 274 τοὺς,

204 289 300 323 μαίους
317 287 359 323 [Ρ.
377 288 442 324 235]
458 289 509 315 ὑπὸ
523 290 671 325 Βουλγάρῳ
686 290 784 316 τελεῖν.
802 291 839 316 Οὐ
859 290 912 325 μὴν
927 290 948 316 δ’
960 291 988 322 ὲς

201 334 276 364 τέλος
303 333 418 368 ἀντέλεγε
443 335 491 368 τὴν
519 335 593 361 δόσιν
618 336 631 362 ό
656 335 793 369 βασιλεὺς,
809 335 875 362 ἀλλὰ
902 344 988 370 προσ-

202 379 305 413 ανήρτα
325 381 420 413 καιρὸν
444 380 490 406 τὸν
517 381 567 413 τῆς
589 381 763 415 τεκνογονίας
786 381 876 416 δῆθεν,
898 381 935 412 ὡς
955 381 988 408 ἂν

201 425 251 451 καὶ
261 425 310 460 κλη
316 426 427 460 ρονόριου
439 425 526 461 τούτῳ
537 427 666 460 φανέντος
676 428 706 453 ὲκ
718 427 813 460 γένους
829 427 987 465 Ῥωμαῖκοῦ

203 472 410 506 εὐπροσωποίτο
429 472 474 498 καὶ
501 473 516 507 ἡ
544 473 680 504 ἀπόδοσις.
702 473 742 499 Τὰ
758 473 780 499 δ’
805 471 875 509 ἦσαν
900 474 989 508 γέλως

202 517 331 551 ἄντικρυς
347 517 394 544 καὶ
428 518 617 553 σννειρόμενον
642 519 737 553 ψεῦδος
756 519 794 553 τῷ
819 519 906 554 χρόνῳ
924 528 990 554 συγ-

204 562 386 597 κρύπτοντος.
406 564 503 598 Ὅμως
515 564 543 590 δέ
558 572 589 598 γε
606 566 652 590 καὶ
666 565 741 591 ἄκων
757 565 770 590 ό
788 565 990 596 Κωνσταντῖνος

203 607 324 642 ὑπέμενε
350 608 398 634 καὶ
421 609 578 640 ἐσπένδετο,
597 609 620 635 ει
636 609 683 635 καὶ
705 610 721 644 ἡ
739 609 847 636 δυϐεῖσά
861 611 885 636 οἱ
902 611 932 636 οὐ
946 619 991 636 το-

204 653 298 679 σοῦτον
323 653 418 688 βοηθὸς
436 654 532 690 ἐκείνῳ
549 655 610 681 ὅσον
623 656 656 690 τῇ
685 655 816 690 Ῥωμαΐδι
840 656 989 690 ἐπέμπετο.

210 698 288 724 Ἐπεὶ
305 698 328 724 δ’
339 698 368 730 ἐξ
386 699 490 725 ἐκείνου
505 699 610 726 παιδίον
626 700 698 735 ἑώρα
711 701 756 727 τὸν
769 701 878 736 Μιχαὴλ
892 702 988 737 ἑαυτῇ,

204 743 280 771 δεινὰ
306 745 404 776 ἐποίει,
433 746 480 772 καὶ
503 745 549 772 τὸν
578 746 696 780 σύζυγον
720 747 915 781 κατηνάγκαζε
942 747 991 779 τὰς

206 790 321 820 σπονδάς
347 799 376 824 γε
398 790 472 817 λύειν
497 791 545 817 καὶ
568 792 697 825 πολεμεῖν
721 792 770 823 τὰς
787 792 880 824 πόλεις
905 801 992 828 προσο

206 837 386 863 απσιτοῐντα.
413 837 568 864 Κὰντεῦθεν
591 837 637 864 καὶ
655 837 730 864 δεινὰ
745 838 794 864 οὐκ
810 838 889 871 ὀλίγα
914 838 990 871 ξυνέ-

206 882 293 913 ϐαινε,
310 883 357 908 καὶ
372 882 541 917 ξυμϐεϐήκει
554 882 587 909 ἂν
609 884 734 914 πλεῖστα,
752 884 778 909 ει
794 884 830 918 μή
845 892 875 916 γε
891 884 904 909 ό
919 883 992 918 βασι-

205 929 267 960 λεὺς
282 928 363 962 κῆδος
379 928 448 963 πρὸς
464 929 509 955 τὸν
523 928 612 962 Νογᾶν
631 929 678 955 ἐπὶ
692 929 761 963 νόθῳ
776 930 809 964 τῇ
827 929 990 965 Εὖφροσύνῃ

207 975 313 1008 φθάσας
334 974 447 1008 ποιῆσαι
471 975 562 1009 ἀνεῖχε
577 974 625 1005 τὰς
646 974 735 1009 ὁρμὰς
751 975 858 1000 ἐκείνου
872 975 904 1008 τῇ
920 975 990 1010 πρὸς

205 1019 251 1045 τὸν
264 1019 354 1052 an/av
373 1018 494 1051 δεξιώσει
517 1020 565 1046 καὶ
583 1018 672 1045 διέλυε
695 1019 729 1046 τὰ
753 1019 935 1054 βουλεύματα,
952 1020 990 1051 ὡς

207 1064 305 1090 αὐτίκα
321 1064 437 1091 κατόπιν
462 1064 707 1099 ἓπιδραμουμένων
730 1064 784 1091 τῶν
801 1065 940 1100 Τοχάρων,
958 1065 990 1101 ἣν

205 1108 286 1140 αὐτὸς
299 1109 361 1144 ἐπίῃ
378 1110 433 1140 τοῖς
450 1109 594 1143 βασιλέως.

204 1165 235 1193 δ’.
248 1167 285 1193 Τὰ
300 1165 432 1199 περὶτοῦ
459 1165 541 1199 Νογᾶ
556 1166 603 1191 καὶ
633 1167 779 1200 Τοχάρων,
804 1167 883 1200 ὅπως
907 1165 990 1201 εἶκον

239 1201 272 1228 τὸ
290 1196 370 1234 πρὶν.
384 1201 435 1228 Kal
450 1196 577 1235 περὶτοῦ
588 1196 863 1235 πρὼτόυξϐαάιιιέως
872 1196 927 1229 ’καὶ
936 1196 990 1229 ’κο-

237 1235 364 1270 μοθέτου
380 1235 488 1262 αὐτῶν.

243 1293 274 1319 ’0
291 1292 320 1319 δὲ
333 1293 426 1327 Νογᾶς
439 1293 520 1325 αὐτὸς
536 1294 681 1329 κράτιστος
697 1292 730 1330 ἦν
747 1293 815 1328 ἀνὴρ
827 1294 883 1320 τῶν
900 1294 988 1329 Toxi-

206 1389 256 1408 ncc
270 1389 299 1408 se
312 1382 410 1413 adhuc,
435 1381 606 1416 quantumvis
617 1386 772 1414 conaretur,
789 1382 910 1416 patuisse
927 1382 990 1409 huic

206 1434 299 1454 eorum
311 1428 446 1454 aversioni
463 1427 574 1454 mederi.
604 1427 639 1454 llt
665 1435 709 1454 res
725 1427 741 1454 fi
753 1431 770 1454 .t
784 1428 912 1459 suaviter,
938 1435 988 1454 ex—

206 1474 392 1506 spectandum
409 1473 505 1506 videri,
535 1473 598 1500 dum
612 1477 692 1500 natus
717 1473 895 1500 Constantino
919 1474 990 1501 filius

206 1519 277 1546 foret
288 1527 319 1546 ex
336 1526 405 1546 nova
421 1518 554 1554 conjuge:
568 1523 633 1546 tunc
645 1520 716 1546 enim
738 1518 795 1546 fore
818 1519 908 1546 omnia
925 1527 983 1554 pro-

206 1565 293 1597 niora,
311 1572 373 1600 rege
383 1569 439 1592 tum
455 1565 559 1592 scilicet
569 1564 650 1600 3&4
664 1564 837 1600 Bulgarorum
853 1565 988 1593 limredem

207 1611 324 1637 liabente
340 1610 454 1637 Romani
468 1610 616 1645 sanguinis,
644 1610 688 1637 cui
714 1615 884 1638 sacramento
898 1611 988 1639 dicere

206 1656 343 1684 Romanos
355 1664 407 1683 non
434 1657 588 1684 dedeceret.
618 1657 680 1684 Ha-c
704 1657 901 1692 allegabantur,
918 1666 987 1692 quat,

207 1706 237 1729 ut
254 1710 317 1730 vere
333 1702 485 1737 loquamur,
497 1710 572 1730 mera
588 1707 666 1730 erant
683 1703 767 1730 clusio
780 1707 807 1730 ct
820 1703 990 1736 mendacium

207 1748 388 1783 promissione
410 1753 514 1784 tempus
539 1748 692 1776 obducente
719 1749 911 1781 inumbratum,
939 1757 991 1776 nec

208 1795 291 1829 plane
332 1794 427 1822 fallens
454 1794 674 1828 Constantinum,
711 1802 862 1829 quanquam
891 1795 914 1822 is
945 1802 992 1822 vo-

208 1840 269 1866 lens
286 1840 384 1867 nolens
398 1840 568 1867 dissimulare
583 1841 740 1875 cogebatur,
754 1845 781 1867 et
794 1841 874 1868 tacite
901 1841 992 1868 dolere

209 1885 301 1912 fucum
322 1886 373 1913 sibi
389 1886 490 1913 factum
506 1885 675 1913 obtrudenda
703 1886 828 1921 conjuge,
852 1893 911 1921 qua:
938 1895 991 1913 non

207 1935 261 1958 tam
273 1930 323 1965 ipsi
335 1930 451 1965 adjutrix
460 1938 540 1965 quam
554 1936 631 1958 terrae
643 1931 771 1958 Romanze
777 1932 838 1958 data
844 1936 924 1958 esset.
936 1932 992 1959 Ma-

208 1976 248 2003 ria
259 1983 324 2003 vero
340 1981 481 2010 postquam
491 1976 667 2004 Constantino
681 1980 823 2011 pepererat
837 1976 992 2004 hlicltaelein

211 2022 304 2055 ﬁlium,
314 2022 386 2049 omni
394 2022 449 2057 jam
463 2022 637 2049 excusatione
648 2022 928 2057 cunctationideinpta
936 2022 993 2057 ipsa

208 2075 317 2103 quoque
347 2068 461 2095 transire
489 2067 577 2102 palam
597 2068 624 2094 in
651 2068 701 2095 viri
719 2075 815 2095 sensus
842 2072 869 2095 et
885 2069 994 2103 utrique

210 2115 310 2143 factam
326 2115 452 2149 injuriam
467 2123 594 2142 accusare
622 2114 791 2149 indignanter
807 2115 898 2149 erepit,
914 2114 995 2141 mari-

209 2165 266 2187 tum
279 2160 387 2187 assidue
406 2161 555 2188 sollicitans
568 2161 602 2188 ad
619 2160 780 2195 repetendas
795 2161 865 2188 bello
893 2161 994 2195 injuste

208 2211 320 2241 negatas
332 2207 421 2233 urbes.
439 2206 516 2234 Unde
529 2206 585 2233 mul
599 2214 614 2233 a
629 2206 697 2233 mala
710 2210 766 2233 orti
782 2211 842 2233 sunt
855 2214 862 2238 ;
878 2211 905 2233 et
919 2206 993 2241 plura

1003 1587 1023 1614 C

807 188 968 217 GEORGII
989 187 1243 222 PAClIYMER/E

551 244 587 277 μὴ
626 241 696 269 εἶναι
733 243 755 270 δ’
770 244 881 277 εὔλογον
919 244 989 270 Ῥω·
1005 246 1024 273 Α
1042 252 1106 278 μου,
1131 245 1172 275 εἰς
1202 243 1370 278 στρατηγίαν
1398 252 1426 269 τε
1447 243 1554 277 ξυνετῖς
1577 244 1625 271 καὶ
1644 245 1743 280 τρίϐων
1766 247 1826 277 τοῖς

1008 915 1027 941 Β

1769 186 1824 217 ἨΒ

1039 290 1210 324 πράγμασιν,
1231 290 1260 320 ὃς
1272 289 1331 323 ἅμα
1356 289 1499 320 πλείσταις
1514 289 1662 323 δυνάμεσιν
1678 290 1707 321 ἐξ
1723 291 1826 324 ὁμογε-

1038 335 1091 361 νῶν
1110 335 1249 370 Τοχάρων,
1266 334 1313 366 οὓς
1335 335 1412 361 αὐτοὶ
1427 335 1610 368 Μουγουλίους
1630 335 1762 369 λέγουσιν,
1783 335 1828 366 ἐξ·

1038 382 1202 412 αποσταλεὶς
1217 382 1248 407 ὲκ
1262 381 1316 407 τῶν
1330 381 1401 407 κατὰ
1413 381 1463 411 τὰς
1480 381 1609 412 Κασπίας
1630 381 1768 415 ἀρχόντων
1779 380 1828 407 τοῦ

1039 428 1145 461 γένους,
1173 427 1220 459 οὓς
1247 428 1365 458 Κάνιδας
1390 427 1581 460 ὀνομάζουσιν,
1602 427 1738 453 εἰσϐάλλει
1768 427 1828 458 τοῖς

1039 473 1090 499 ἀνὰ
1111 473 1156 499 τὸν
1181 473 1308 506 Εὔξεινον
1332 473 1448 508 βορείοις
1464 473 1581 505 ἔθνεσιν,
1601 473 1619 500 ἃ
1642 473 1675 508 δὴ
1692 473 1723 499 τὸ
1739 472 1829 499 πάλαι

1039 520 1095 550 τοῖς
1116 519 1265 553 Ῥωμαίοις
1290 519 1426 554 ὑπήκουε,
1449 519 1499 552 τῆς
1523 519 1627 550 πόλεως
1655 519 1679 545 δ’
1708 519 1830 553 ἁλούσης

1040 564 1089 590 καὶ
1103 563 1159 590 τῶν
1175 563 1348 598 πραγμάτων
1371 563 1413 593 εἰς
1433 564 1524 590 στενδν
1544 563 1738 590 καταστάντων
1759 563 1830 590 Ῥω-

1042 609 1144 642 putate,
1172 608 1227 634 τῶν
1248 608 1350 642 κυρίων
1379 607 1597 641 ἀπολειφθέντα,
1621 607 1759 642 αὐτόνομα
1780 604 1830 642 ἦν.

1042 654 1123 680 Ταῦτ’
1152 654 1206 689 ἄρα
1232 654 1280 680 καὶ
1303 654 1408 680 ἀκονιτὶ
1427 654 1521 687 φανεὶς
1547 653 1755 688 προσελάμϐανε
1780 653 1831 679 καὶ

1042 699 1244 726 κατεδουλοῦτο.
1268 699 1341 725 Ἰδὼν
1368 699 1397 726 δὲ
1419 699 1511 734 χώρας
1527 699 1671 733 ἀρετώσας
1696 699 1743 725 καὶ
1762 698 1830 734 ἔθνη

1041 745 1081 774 εἰς
1094 744 1180 778 ἀρχὴν
1196 743 1266 770 κατὰ
1289 745 1360 778 σφᾶς
1382 744 1521 778 αὐτάρκη,
1542 743 1687 778 ἅφηνιάζει
1705 744 1755 777 μὲν
1773 745 1831 769 τῶν

1042 789 1208 824 πεμψάντων
1228 789 1275 815 καὶ
1290 789 1380 824 ἐαυτῷ
1397 789 1430 816 τὰ
1451 789 1514 824 ἔθνη
1537 790 1719 824 προσκτᾶται.
1740 789 1785 820 Ὧς
1800 789 1832 814 δὲ

1042 835 1139 869 χρόνου
1153 834 1327 869 τριϐομένου,
1345 835 1538 870 ἐπιμιγνύντες
1553 834 1644 869 σφίσιν
1663 836 1686 860 οἱ
1703 835 1769 870 περὶ
1781 834 1833 869 τὴν

1046 881 1194 914 μεσόγαιον
1223 880 1433 915 κατῳκημένοι,
1468 880 1575 907 ’Λλανοὶ
1593 880 1674 914 λέγω,
1703 879 1747 916 [Ρ.
1764 880 1832 916 256]

1044 927 1138 961 Ζίκχοι
1163 927 1210 953 καὶ
1225 926 1336 959 Γότθοι,
1370 926 1467 953 Ῥὦσοι
1496 927 1541 952 καὶ
1567 927 1601 952 τὰ
1629 926 1834 962 προσοικοῦντα

1043 973 1148 1004 τούτοις
1160 973 1276 1008 διάφορα
1290 973 1367 1007 γένη,
1381 973 1428 1008 ἔθη
1444 981 1473 999 τε
1488 973 1521 998 τὰ
1538 972 1650 999 ἐκείνων
1667 973 1834 1007 μανθάνουσι

1044 1019 1090 1044 καὶ
1103 1018 1230 1052 γλῶσσαν
1246 1019 1283 1053 τῷ
1309 1018 1364 1045 ἔθει
1382 1018 1619 1053 μεταλαμϐάνουσι
1645 1019 1692 1044 καὶ
1719 1019 1833 1052 στολὴν,

1044 1064 1091 1090 καὶ
1106 1064 1146 1095 εις
1174 1064 1336 1099 συμμάχους
1361 1064 1454 1095 αὐτοῖς
1479 1065 1609 1097 γῖνονται.
1637 1065 1691 1090 Καὶ
1719 1064 1780 1098 μετ’
1801 1064 1833 1090 οὗ

1044 1110 1111 1136 πολὺ
1132 1111 1172 1141 είς
1191 1110 1290 1144 πλῆθος
1312 1109 1431 1145 ἀριθμοῦ
1457 1111 1582 1145 κρεῖττον
1603 1110 1617 1135 ό
1640 1109 1762 1136 ἐπελθὼν
1778 1110 1835 1136 τῶν

1043 1156 1173 1191 Τοχάρων
1187 1155 1252 1187 λαὸς
1268 1156 1400 1188 ἐνδίδωσι,
1419 1156 1466 1182 καὶ
1482 1156 1665 1182 ἀνυπόστατοι
1680 1156 1748 1182 ὅπου
1766 1155 1835 1183 ἴοιεν

1043 1200 1164 1233 γίνονται
1179 1201 1240 1231 ταῖς
1256 1200 1414 1234 δυνάμεσιν,
1433 1201 1471 1232 ὠς
1486 1201 1534 1226 καί
1555 1209 1631 1231 τινας
1646 1201 1700 1226 τῶν
1714 1201 1772 1227 ἄνω
1785 1209 1837 1227 κυ-

1045 1246 1110 1281 ρὶων
1133 1246 1252 1281 πολέμου
1279 1245 1355 1280 νόμῳ
1380 1246 1423 1272 ἐπ’
1440 1246 1540 1276 αὐτοὺς
1558 1246 1715 1277 ἁπῡστάτας
1741 1247 1835 1277 ἰόντας

1043 1292 1093 1326 οὐχ
1107 1292 1180 1323 ὅπως
1195 1291 1400 1326 περιγενέσθαι,
1418 1291 1486 1317 ἀλλὰ
1501 1292 1548 1318 καὶ
1561 1291 1695 1326 σφαλῆναι
1708 1291 1741 1317 τὰ
1759 1292 1836 1318 πλεῖ-

1021 1384 1142 1410 ”ιῑοι·ιιῐη
1169 1382 1260 1409 tritus.
1293 1382 1319 1409 Is
1347 1389 1411 1409 cum
1439 1382 1543 1417 magnis
1573 1382 1658 1416 copiis
1677 1389 1693 1409 e
1719 1390 1833 1417 genere,

1042 1429 1120 1462 cujus
1135 1432 1194 1455 erat
1209 1431 1236 1454 et
1251 1428 1320 1462 ipse,
1342 1426 1540 1458 Tocharorum,
1557 1427 1602 1462 qui
1623 1435 1652 1454 se
1669 1427 1720 1461 ipsi
1735 1427 1834 1462 Mugil-

1043 1474 1093 1501 lios
1123 1473 1276 1504 nominant,
1304 1472 1404 1500 missus
1433 1480 1448 1499 a
1465 1473 1637 1508 principibus
1655 1472 1714 1507 ejus
1741 1474 1832 1508 gentis

1044 1518 1169 1555 (tianidas
1184 1518 1330 1553 appellant)
1349 1519 1418 1546 circa
1433 1514 1526 1553 portas
1542 1519 1651 1553 Caspias
1660 1519 1833 1554 degentibus,

1042 1566 1177 1600 irruperat
1187 1565 1213 1591 in
1221 1565 1340 1592 boreales
1346 1564 1451 1592 Euxino
1459 1569 1553 1600 gentes
1560 1564 1688 1591 Romanis
1695 1565 1833 1599 quondam

1040 1610 1172 1643 subditas,
1186 1610 1234 1637 sed
1245 1617 1304 1644 quae
1321 1614 1381 1644 post
1396 1614 1503 1644 captam
1517 1617 1532 1636 a
1548 1609 1650 1636 Latinis
1679 1609 1784 1640 urbem,
1805 1612 1833 1636 et

1041 1663 1085 1682 res
1103 1656 1207 1690 imperii
1223 1656 1345 1683 redactas
1359 1655 1387 1682 in
1407 1659 1508 1686 artum,
1532 1655 1688 1682 necessario
1702 1656 1834 1689 neglecte

1040 1701 1121 1736 345
1134 1709 1149 1728 a
1166 1701 1283 1728 dominis
1301 1701 1343 1728 sui
1359 1705 1425 1728 tunc
1436 1701 1506 1735 juris
1521 1704 1610 1727 erant.
1629 1700 1682 1727 Has
1696 1700 1775 1727 facile
1803 1709 1835 1728 ac

1042 1746 1101 1773 sine
1112 1753 1208 1780 magno
1221 1746 1370 1773 certamine
1397 1746 1484 1780 prima
1499 1745 1590 1772 statim
1614 1745 1773 1772 ostensione
1789 1746 1834 1772 sui

1042 1791 1114 1826 cepit
1142 1791 1247 1826 sibique
1266 1791 1393 1825 subjecit.
1420 1790 1454 1817 Et
1479 1790 1700 1817 animadverteris
1733 1791 1835 1817 uberes

1043 1841 1129 1864 terras
1144 1845 1175 1864 ac
1185 1837 1300 1871 populos
1316 1837 1349 1864 ad
1367 1836 1588 1864 constituendum
1607 1843 1656 1870 per
1675 1843 1704 1862 se
1719 1843 1835 1870 regnum

1044 1882 1167 1913 idoneos,
1187 1882 1294 1908 frenum
1309 1881 1429 1908 excussit
1449 1881 1553 1916 imperii
1571 1888 1666 1908 eorum
1696 1889 1711 1907 a
1731 1881 1836 1914 quibus

1043 1932 1102 1953 erat
1130 1926 1240 1960 missus,
1271 1933 1294 1953 el
1325 1934 1370 1954 res
1384 1933 1465 1961 agere
1492 1933 1555 1953 suas
1572 1926 1701 1957 instituit,
1720 1925 1834 1960 proprio

1044 1972 1198 2007 principatu
1225 1974 1384 2000 constituto.
1414 1972 1546 2000 Processu
1574 1972 1672 1999 deinde
1702 1973 1837 2007 temporis

1044 2018 1192 2045 miscentes
1210 2026 1239 2045 se
1254 2018 1320 2053 ipsis
1334 2019 1378 2052 qui
1397 2019 1596 2045 mediterranea
1626 2018 1679 2044 illic
1697 2018 1837 2052 incolunt,

1045 2063 1122 2090 Alani
1142 2064 1279 2095 videlicet,
1315 2062 1418 2096 Zicrhi,
1448 2064 1538 2091 Gottlii
1565 2068 1593 2090 et
1607 2063 1718 2095 Rhossi,
1733 2063 1838 2099 quique

1046 2110 1175 2136 finitimas
1192 2110 1266 2136 hisce
1282 2109 1407 2136 habitant
1420 2113 1506 2136 terras
1521 2109 1691 2136 diversorum
1704 2117 1838 2144 generum

1046 2155 1150 2191 populi,
1178 2163 1268 2182 mores
1297 2155 1424 2189 paulatim
1457 2155 1577 2189 ipsorum
1615 2154 1781 2185 didicerunt,
1812 2159 1840 2182 et

1047 2209 1109 2228 cum
1124 2201 1186 2228 vitze
1212 2209 1261 2228 usu
1292 2201 1410 2235 linguam
1424 2200 1505 2227 etiam
1525 2207 1558 2226 ac
1587 2200 1712 2226 vestitum
1741 2207 1840 2226 eorum

209 2252 384 2286 gravioraque
399 2252 572 2286 prodiissent,
597 2251 648 2278 nisi
672 2252 809 2286 Augustus
823 2255 926 2278 mature
942 2250 992 2278 sibi
1012 2248 1030 2275 D
1048 2250 1222 2280 ιιευῖρδῐιῑοδι
1232 2245 1260 2272 in
1271 2245 1376 2272 militia!
1388 2253 1496 2280 quoque
1510 2245 1678 2272 COHSOTliUm
1693 2245 1840 2279 assumpli.

211 2302 428 2332 prmoccupassct
454 2305 526 2324 novo
551 2297 654 2324 findere
681 2296 793 2331 Negant,
812 2297 872 2323 data
888 2297 913 2324 in
930 2304 997 2324 uxo-

210 2350 268 2369 rem
285 2342 308 2368 ei
326 2342 378 2368 tilia
393 2350 441 2368 sua
452 2342 537 2369 notha
562 2341 745 2376 Euphrosync.
775 2341 832 2373 Qua
848 2342 998 2368 necessitu-

212 2386 277 2414 dine
302 2386 445 2413 devinctus
470 2386 627 2421 imperatori
649 2386 737 2420 Nugas
765 2386 851 2420 palam
880 2386 998 2413 ostendit

210 2432 381 2467 irrupturum
397 2440 426 2459 se
445 2440 506 2460 cum
526 2431 666 2464 Tocharis,
695 2433 794 2467 quibus
813 2437 937 2467 praeerat,
967 2432 995 2458 in

212 2478 391 2513 Bulgarorum
403 2477 481 2510 ﬁnes,
499 2478 589 2505 statim
606 2483 687 2513 atque
700 2478 896 2505 Constantinus
911 2477 998 2512 regio-

211 2533 261 2552 nes
282 2525 423 2552 incursare
453 2525 589 2552 Romanas
621 2525 759 2559 cmpisset.
777 2524 924 2559 Suspendit
954 2524 998 2551 hic

211 2575 303 2598 metus
327 2571 440 2598 consilia
461 2571 578 2606 Bulgari,
595 2574 622 2597 ct
636 2570 768 2597 malorum
793 2569 915 2596 inducias
942 2568 997 2595 Ro-

211 2617 299 2644 manis
315 2617 388 2644 fecit.

210 2694 238 2721 4.
262 2694 298 2720 De
318 2694 392 2728 Nngu
404 2699 427 2720 et
440 2693 576 2724 Ter/turis.
593 2694 787 2728 originibusth
802 2692 898 2726 gentis,
915 2693 998 2726 deque

332 2732 417 2763 primo
443 2737 530 2755 eorum
554 2737 611 2764 rege
636 2738 664 2756 nc
690 2728 873 2762 laguntlutorc.

248 2796 296 2824 llic
332 2805 413 2832 porro
445 2797 533 2832 Negas
564 2797 771 2832 potentissimus
805 2794 992 2822 Tucliarorum

215 2847 280 2874 erat,
311 2843 413 2869 bellica!
444 2843 511 2870 artis
539 2843 625 2878 longis
658 2841 852 2876 experimentis
884 2841 996 2867 multam

215 2889 338 2922 peritiam
357 2887 480 2922 adeptus,
499 2896 548 2914 usu
579 2896 667 2914 rerum
685 2887 711 2914 in
738 2887 898 2914 tractatione
915 2893 999 2921 nego-

1049 2299 1106 2328 non
1119 2292 1155 2318 ita
1173 2292 1259 2319 multo
1276 2296 1337 2327 post
1365 2291 1501 2318 exercitus
1516 2291 1694 2318 confecerunt
1711 2291 1841 2318 innume-

1049 2337 1158 2372 rabiles,
1175 2345 1289 2372 quarum
1302 2337 1470 2364 conscientia
1483 2345 1587 2372 usuque
1613 2337 1711 2364 virium
1730 2337 1754 2363 in
1786 2345 1842 2371 p0-

1049 2383 1161 2409 tentiam
1178 2383 1297 2410 immane
1312 2387 1440 2417 quantam
1457 2382 1644 2410 Tocharoruni
1665 2390 1732 2418 gens
1746 2383 1842 2417 profe-

1049 2429 1096 2460 cit,
1112 2428 1180 2455 adeo
1191 2433 1220 2455 ut
1237 2436 1399 2463 quocunque
1417 2436 1446 2455 se
1457 2433 1607 2459 verterent,
1625 2427 1841 2455 incluctabiliter

1049 2479 1146 2501 cuncta
1165 2477 1378 2508 prosternerent,
1393 2478 1421 2501 et
1436 2482 1497 2501 cum
1515 2482 1530 2501 e
1549 2474 1734 2508 superioribus
1747 2473 1839 2500 domi-

1050 2519 1094 2544 nis
1110 2519 1220 2553 quidam
1252 2518 1284 2545 ad
1305 2518 1424 2553 ipsorum
1440 2518 1624 2545 defectionem
1651 2518 1837 2545 ulciscendam

1049 2572 1151 2598 eosque
1168 2563 1219 2590 sub
1236 2563 1331 2599 jugum
1349 2564 1518 2595 revocandos
1547 2564 1658 2591 bellicas
1681 2564 1708 2590 in
1724 2572 1769 2591 eos
1786 2572 1837 2591 ex-

1049 2609 1202 2644 peditiones
1244 2610 1438 2643 suscepissent,
1480 2618 1534 2636 non
1565 2610 1647 2636 modo
1680 2610 1752 2644 ipsos
1779 2618 1835 2636 non

1050 2656 1201 2688 vincerent,
1230 2655 1277 2682 sed
1296 2655 1401 2690 magnis
1432 2656 1553 2690 acceptis
1567 2656 1690 2682 cladibus
1708 2656 1733 2682 in
1758 2655 1837 2682 lucro

1049 2705 1182 2735 ponerent
1197 2700 1269 2734 quod
1285 2701 1420 2735 plerisque
1450 2708 1560 2728 suorum
1579 2702 1650 2728 bello
1678 2700 1837 2728 cadentibus

1051 2747 1126 2781 pauci
1149 2746 1252 2773 salvum
1269 2747 1386 2774 reditum
1407 2748 1549 2774 haberent.
1566 2747 1672 2774 Gaudet
1698 2748 1755 2774 lta‘c
1769 2754 1837 2781 gens

1050 2789 1104 2818 vita
1115 2791 1230 2826 simplici
1245 2800 1252 2823 ;
1269 2792 1374 2819 luerent
1403 2793 1518 2820 invicem
1548 2797 1643 2820 tnutuo
1663 2800 1733 2820 nexu
1749 2792 1838 2819 civilis

1051 2838 1213 2871 cliaritatis;
1235 2838 1383 2866 tolerantes
1399 2844 1461 2866 sunt
1477 2839 1610 2871 laborum,
1628 2840 1655 2866 in
1664 2839 1730 2866 bella
1746 2846 1838 2873 prom-

1051 2885 1296 2920 ptissimi;pancis
1321 2886 1354 2912 ad
1386 2887 1486 2912 vietum
1514 2886 1672 2920 cultumque
1699 2884 1836 2919 indigent,
