1936 3069
38 194 82 226 797

501 192 550 222 DE
581 192 777 223 MICHAELE
797 193 1030 227 PAL/EOLOGO
1046 197 1119 230 LIB.
1144 199 1177 229 V.

1594 196 1647 228 793

35 259 80 276 στα
96 248 236 278 πεσόντας.
263 246 341 273 Ἐστι
355 247 386 272 τδ
401 246 477 278 ἔθνος
499 247 632 282 ἁπλότητι
651 247 700 281 μὲν
718 248 811 282 χαῖρον
827 249 850 277 Δ
864 251 911 277 τὸν
926 251 1010 278 ἵππον
1030 253 1226 284 ἑκκεντοῠντας
1241 253 1362 288 ἐκροφᾷν
1381 246 1508 287 αῖματσςξ
1525 253 1550 279 εί
1566 254 1595 280 δέ
1608 262 1646 288 τῳ

35 297 77 323 καὶ
96 294 266 335 φιλαλληλίᾳ,
284 293 331 319 καὶ
348 293 395 324 ὀξύ
411 302 441 319 τε
462 293 530 328 πρδς
546 294 682 328 πολέμους
700 294 812 325 καὶᾷπο-

34 342 119 376 νηεδν,
134 342 178 367 καὶ
193 341 241 376 τὴν
255 340 326 374 ζωὴν
342 339 488 374 αὔταρκες,
503 340 550 366 καί
567 348 598 373 γε
618 340 650 366 τὰ
671 339 813 375 κατὰέβίην

33 387 200 422 ἀνεπικόητόν
219 395 248 413 τε
266 386 313 412 καὶ
332 386 551 420 ἀπρομήοευτον.
575 387 741 421 Ἐχρήσαντο
759 385 812 420 γὰρ

33 433 159 458 ἀνέκαθεν
173 431 306 466 νομοθέτῃ
331 432 361 457 οὐ
385 431 483 457 Σόλωνι
509 431 691 466 ἧΛυκούργῳ
713 431 815 466 ἢΔρά-

31 487 105 504 κοντι
120 475 201 511 (οὗτοι
219 478 274 512 γὰρ
293 477 445 511 Ἀθηναίοις
462 478 509 503 καὶ
526 477 751 509 Λακεδαιμονίοις
766 477 813 503 καί

31 532 99 550 τισιν
120 524 209 554 ἄλλοις
223 523 247 549 οἱ
263 523 406 557 νομοθέται
422 523 498 556 σοφοὶ
515 524 606 557 σοφοῖς
621 523 669 550 καὶ
690 525 812 554 συνετοῒς

30 570 62 596 τὰ
80 571 106 600 ἐς
120 569 197 603 λόγον
222 569 328 603 λόγιοι).
345 569 402 595 ἀλλ’
426 569 504 603 ἀνδρὶ
522 569 623 602 ἀγνῶτι
644 569 692 596 καὶ
714 570 743 595 τὸ
758 571 812 596 πᾶν

33 616 151 651 πονηρῷ,
168 616 266 650 χαλκεῖ
295 616 344 649 μέν
361 615 392 640 τὸ
417 615 536 648 πρῶτον,
565 614 624 641 εἶτα
652 615 681 641 δὲ
709 616 755 641 καὶ
772 616 812 646 εἰς

31 662 114 687 Κάνιν
139 661 269 695 (ἄρχοντά
296 669 337 692 τις
365 660 447 693 εἴποι)
479 660 654 692 καταστάντι,
671 660 700 690 ὃς
718 661 765 686 καὶ
780 661 812 686 ἐκ

30 707 159 733 Κασπίων
174 706 307 733 πυλώνων
324 707 441 737 ἁνιστῷν
466 705 495 732 τὸ
513 706 587 737 ἔθνος
611 707 730 739 ἐξελθεῖν
749 707 813 742 οαῤ-

31 753 127 787 ρἦαν,
150 754 195 779 καὶ
215 754 305 787 σφίσιν
327 754 370 779 ἀεὶ
393 753 423 778 τὸ
452 754 530 788 νικᾷν
547 754 682 786 ὑπετίθει,
707 755 731 780 εἰ
758 756 814 786 τοῖς

30 799 104 829 ἰδίοις
128 798 220 832 νόμοις
250 799 418 834 προσέχοιεν.
445 800 476 825 Oi
497 799 519 824 δ’
544 797 612 834 ἦσαν
638 801 693 830 τοῖς
720 791 814 834 ἀὸριίξ

28 844 187 878 ἀπέχεσθαι,
204 846 262 876 ταῖς
278 844 406 879 τυχοῦσιν
430 845 585 879 ἀρκεῖσθαι,
601 845 631 872 τὸ
649 845 812 880 φιλάλληλον

27 889 110 923 ἔχειν,
126 889 156 915 τὸ
170 890 319 923 αὐτόνομον
344 890 576 924 ἀποστρέφεσθαι,
598 890 628 916 τὸ
654 890 811 917 κοινωνικὴν

27 935 208 968 ἀσπάζεσθαι,
228 936 258 961 τὸ
277 935 359 970 μηδὲν
384 935 448 970 περὶ
475 935 534 970 βίου
559 936 697 967 σπεύδειν,
715 936 744 963 τὸ
760 937 811 962 πά-

27 989 88 1012 σαις
103 982 220 1016 χρῆσθαι
237 984 361 1016 τροφαῖς,
382 982 465 1016 μηδὲν
481 982 536 1008 τῶν
553 982 674 1017 βεϐήλων
691 982 812 1017 ἔχοντας,

25 1027 55 1052 τὸ
74 1027 182 1060 γυναιξὶ
202 1029 336 1053 συνοικεῖν
361 1028 513 1059 πλείσταις,
539 1029 585 1054 καὶ
601 1028 713 1059 ταύταις
729 1037 815 1064 προσ-

25 1071 184 1098 ανατιθέναι
207 1072 252 1098 τὸν
277 1074 330 1098 τῶν
354 1073 511 1106 ἀναγκαίων
536 1073 680 1107 πορισμὸν,
704 1073 741 1104 ὡς
756 1073 814 1107 ἅμα

26 1117 77 1151 μὲν
101 1118 131 1143 τὸ
154 1117 230 1150 γένος
257 1117 444 1152 πληθύνεσθαι
474 1117 532 1151 ἃμα
556 1117 578 1143 δ’
603 1118 675 1152 ἔχειν
702 1118 749 1144 καὶ
777 1115 815 1144 ὧν

24 1163 138 1193 δέοιντο,
153 1163 184 1189 τὸ
201 1163 283 1198 μηδὲν
300 1163 353 1189 τῶν
378 1164 438 1190 καθ’
456 1164 604 1190 ὑπόστασιν
626 1164 814 1199 προσκτᾶσθαι

25 1209 189 1242 κτημάτων,
221 1208 282 1243 μηδ’
308 1210 438 1244 ἐμμένειν
467 1210 614 1243 κτίσμασιν
637 1210 729 1240 οἴκων,
746 1209 815 1236 ἀλλὰ

27 1254 203 1288 μεταϐαίνειν
218 1256 265 1280 καὶ
286 1255 453 1290 μεταφοιτᾷν
467 1256 534 1289 πρὸς
550 1255 581 1282 τὸ
596 1256 742 1290 χρήσιμον,
762 1255 814 1281 κᾶν

24 1300 107 1335 χρεία
123 1301 224 1335 τροφῆς
241 1301 284 1336 εἴη
299 1309 347 1335 τῳ,
364 1301 447 1336 ὀϊστῷ
462 1301 620 1336 χρωμένους
634 1301 722 1337 θηρᾷν
737 1303 753 1338 ἦ
766 1303 814 1328 καὶ

23 1399 77 1418 nec
103 1391 154 1418 soil
166 1392 220 1418 cite
244 1395 395 1426 congerunt
409 1396 455 1418 aut
482 1397 631 1419 consulunt
649 1393 676 1419 in
693 1391 814 1419 futurum

23 1445 106 1464 avara
136 1437 320 1472 providentia.
349 1437 388 1465 Ad
414 1438 485 1465 hanc
510 1439 614 1465 Scilicet
627 1439 752 1466 formavit
768 1447 815 1466 eos

22 1483 198 1518 disciplinain
215 1484 322 1518 priscus
337 1483 458 1518 ipsorum
473 1484 610 1519 legislator
622 1485 744 1519 quidam,
760 1493 814 1511 uott

22 1537 92 1557 sane
126 1529 207 1557 Solon
235 1534 283 1557 aut
309 1530 445 1565 Lycurgus
471 1536 516 1558 aut
545 1531 650 1558 Dracon
676 1531 714 1564 (hi
742 1532 814 1558 enim

864 299 911 325 καὶ
927 299 1132 334 στεγανωτὲρας
1149 299 1274 333 προσδέοι
1295 299 1408 332 τροφῆς.
1427 298 1536 332 ἐγκὰτῳ
1550 299 1605 329 οἰὸς
1619 299 1649 325 τὸ

864 341 934 378 αἷμα
955 345 1146 378 συγκλείοντας
1168 345 1220 370 ὑπὸ
1242 344 1292 377 τὴν
1316 344 1463 378 ἐφεστρίδα
1479 344 1593 376 τιθέναι,
1611 344 1647 374 ὡς

863 391 988 417 ἐντεῦθεν
1005 391 1102 425 μικρὸν
1120 391 1251 416 συσταθὲν
1269 391 1300 416 ὲκ
1321 391 1371 424 τῆς
1391 390 1496 416 ἐκεῖθεν
1513 390 1649 425 θερμότη-

863 446 908 468 τος
927 437 1032 463 δεῖπνον
1052 436 1183 468 τίθεσθαι,
1204 436 1253 462 κᾶν
1270 435 1296 461 τί
1315 444 1365 461 που
1380 436 1463 469 ῥάκος
1476 436 1594 469 ἐντυχών
1607 443 1648 466 τις

864 483 950 518 εὖροι,
964 483 1143 518 ὲπιρράπτειν
1157 484 1188 516 τῇ
1202 482 1353 516 ἀμπεχίνῃ,
1367 481 1418 507 κᾶν
1433 479 1488 506 οἷον
1503 482 1588 506 ἐκεῖνο
1601 481 1648 506 καὶ

863 528 891 566 ᾖ,
905 530 955 555 κᾶν
971 529 987 564 ἡ
999 528 1139 562 ἀμπεχόνη
1157 528 1193 562 μὴ
1208 528 1292 553 δέοιτο
1304 527 1327 559 (ὁ
1339 528 1367 553 δὲ
1380 527 1489 558 σκοπὸς,
1505 526 1540 557 ὡς
1556 527 1588 552 ἂν
1601 526 1647 551 καὶ

864 577 928 603 ἄνευ
940 574 1033 609 χρείας
1049 575 1127 599 τοῦτο
1141 573 1289 604 ποιοῦντες,
1313 572 1358 598 ἐπὶ
1380 572 1429 606 τῆς
1452 573 1545 606 χρείας
1561 573 1648 598 ποιεῖν

857 619 1080 655 ιἀναγκαζόμενοι
1096 618 1132 653 μὴ
1149 618 1326 652 αἰσχύνοιντο.
1343 619 1398 648 τοῖς
1420 618 1541 647 παλαιοῖς
1557 617 1589 643 τὰ
1603 617 1649 642 νέα

864 663 1172 698 προσεπεμϐάλλοντες),
1195 663 1242 690 καὶ
1254 662 1340 694 οὕτως
1362 664 1458 693 αὐτοὺς
1482 663 1530 697 μὲν
1552 664 1579 688 ὲν
1603 663 1649 688 ἀν-

863 711 919 736 έσει
933 710 1046 743 παντοίᾳ.
1058 709 1117 744 ζῇν,
1136 709 1265 744 σάριτταν
1280 709 1327 735 καὶ
1337 708 1482 742 ἐφεστρίδα
1493 708 1538 733 καὶ
1550 707 1650 740 ἔνδυμα

864 758 910 783 καὶ
925 757 1011 790 αὐτὴν
1024 755 1096 790 ζωὴν
1110 755 1184 790 παρά
1199 755 1252 781 τῶν
1273 754 1321 789 τῆς
1342 753 1561 787 γυναικωνίτιδος
1577 753 1651 787 ἔχον-

863 811 923 834 τας,
939 802 1037 833 αὐτοὺς
1062 801 1090 827 δὲ
1107 800 1291 833 πολεμοῦντας
1318 801 1352 826 τὰ
1375 800 1429 826 τῶν
1451 799 1538 825 ἄλλων
1565 799 1649 832 ἔχειν,

866 848 948 882 μηδὲν
965 846 1269 881 πολυπραγμονοῦντας.
1289 845 1330 880 [Ρ.
1349 845 1413 880 257]
1436 845 1526 871 Ταῦτα
1544 844 1590 870 τοῦ
1608 853 1650 870 νο-

865 893 978 927 μοθέτου
992 892 1172 926 Τζιγκίσκανι
1191 891 1248 926 (νῦν
1260 891 1314 925 γὰρ
1329 889 1503 924 ἀνεμνήσθην
1520 889 1649 923 τοῦνομιν

865 938 979 973 Τζιγκὶς
995 939 1050 973 γὰρ
1066 939 1096 964 τὸ
1119 938 1213 972 ὖνομσ,
1245 938 1259 963 ὁ
1282 937 1310 963 δὲ
1338 937 1423 966 Κανις
1453 935 1590 970 βασιλεὺς)
1617 935 1652 960 τὰ

865 984 1083 1020 παραγγέλματα
1100 984 1128 1009 ὲν
1145 982 1262 1016 ἀσφαλεῖ
1281 981 1389 1016 ἔχοντες
1413 980 1544 1014 ἀλήθειάν
1568 988 1597 1007 τε
1623 981 1651 1006 ὲν

865 1030 953 1063 λόγοις
970 1029 1082 1056 ἀσκοῦσι
1099 1028 1146 1055 καὶ
1163 1027 1335 1062 δικαιοσύνην
1355 1028 1384 1053 ὲν
1400 1027 1526 1059 πράξεσι,
1551 1026 1581 1052 τὸ
1602 1026 1651 1060 μὲν

865 1075 1003 1110 ἐλευθερίᾳ
1024 1074 1162 1109 προσῆκον
1184 1073 1284 1107 ψυχῆς,
1297 1073 1326 1098 τὸ
1349 1073 1371 1098 δ’
1385 1072 1512 1107 εὐθύτητι
1527 1071 1650 1106 γνώμης,

865 1122 901 1153 ὡς
915 1121 1120 1155 ἀνεξαπάτητον
1139 1120 1188 1154 μὲν
1203 1117 1272 1145 εἶναι
1289 1115 1328 1150 οἷς
1344 1118 1375 1144 ἂν
1391 1118 1484 1145 ἀκούοι
1500 1126 1540 1148 τις
1558 1118 1651 1152 ἑτέρου

866 1166 999 1200 λέγοντος,
1025 1165 1249 1192 ἀνεπιϐούλευτον
1276 1164 1304 1191 δὲ
1328 1164 1368 1195 οἷς
1393 1165 1509 1198 πράττοι
1535 1163 1568 1190 ἂν
1585 1163 1652 1198 πρὸς

867 1214 969 1239 ἐκεῖνον
984 1212 1087 1246 ἕτερος.
1111 1211 1193 1238 Ἀλλὰ
1209 1211 1301 1243 Νογᾶν
1322 1210 1371 1245 μὲν
1385 1210 1520 1243 κηδεύσας
1543 1210 1556 1235 ὁ
1575 1209 1652 1243 βασι-

865 1258 928 1289 λεὺς
948 1257 1085 1289 τηνικάδε.
1109 1256 1153 1283 τὸν
1179 1257 1290 1283 ἐκείνων
1312 1256 1440 1291 ἄρχοντα,
1468 1257 1583 1289 πέμπων
1604 1256 1653 1281 οὐκ

867 1304 935 1330 ἀνίει
961 1304 1084 1335 πλεῖστα,
1101 1303 1150 1329 ὅσα
1173 1310 1202 1328 τε
1221 1302 1287 1336 πρδς
1313 1302 1470 1336 ἐνδυμάτων
1493 1301 1592 1336 χρῆσιν
1608 1301 1654 1327 καὶ

867 1401 962 1420 tacere
990 1396 1160 1426 segmentum
1199 1391 1276 1431 forte
1315 1391 1451 1425 abiectum
1491 1391 1652 1422 occurrerit,

867 1440 1004 1467 sublatum
1019 1439 1110 1466 statiut
1127 1437 1207 1470 vesti,
1223 1445 1274 1471 qua
1292 1438 1402 1472 tegitur,
1420 1436 1533 1468 assuito,
1547 1437 1654 1475 etiamsi

869 1486 940 1513 bona
957 1486 992 1512 sit
1007 1492 1057 1512 nec
1071 1489 1146 1511 sarto
1161 1489 1249 1519 egeat.
1264 1484 1395 1510 Nimirum
1409 1484 1461 1511 hoc
1475 1483 1542 1511 citra
1558 1490 1652 1511 neces-

867 1532 977 1559 sitatem
996 1531 1051 1558 fieri
1064 1531 1163 1564 jubens
1176 1531 1202 1557 id
1219 1530 1323 1564 agebat.
1342 1534 1381 1563 ut,
1401 1537 1463 1557 cum
1490 1537 1558 1564 opus
1573 1529 1653 1562 foret,

22 1577 251 1607 Atheniensibus.
280 1578 504 1610 Laccdmmoniis,
532 1582 559 1604 et
578 1577 740 1612 quibusdam
752 1578 812 1604 aliis
831 1579 851 1608 C
869 1577 1005 1604 neminem
1021 1576 1136 1610 puderet
1150 1576 1342 1603 indumentum
1356 1583 1436 1601 manu
1451 1583 1499 1602 sua
1516 1575 1654 1609 propriuut

22 1623 167 1657 sapientes
183 1623 365 1657 sapientibus,
387 1622 484 1649 eruditi
516 1623 613 1655 doctis,
632 1623 665 1650 ad
684 1624 816 1650 rationem

22 1673 136 1695 exactas
149 1667 433 1702 cendideruntleges).
449 1668 496 1695 sed
517 1668 597 1695 idiota
607 1668 744 1703 ignobilis,
757 1669 818 1695 vilis

21 1713 126 1747 opiticii
141 1713 233 1740 labore
248 1712 336 1745 tritus,
354 1713 429 1747 prius
443 1712 519 1739 faber
531 1712 613 1748 346
629 1713 767 1744 ferrarius,
786 1721 818 1740 ex

21 1759 141 1786 otlicina:
154 1766 186 1785 ac
202 1758 320 1785 fornacis
353 1758 464 1793 fuligine
491 1758 517 1784 in
543 1759 686 1792 imperium
716 1759 817 1793 produ-

23 1810 89 1831 ctus
107 1810 136 1831 et
156 1804 239 1831 Canis
252 1804 423 1831 declaratus:
440 1804 479 1831 sic
499 1804 536 1831 illi
551 1805 700 1839 principem
726 1805 818 1840 appel-

22 1851 92 1878 lant.
123 1851 176 1878 llic
203 1856 311 1885 gentem
342 1851 470 1878 excitavit
504 1851 581 1878 istaut
613 1857 642 1878 ιιι
668 1860 683 1878 e
713 1852 818 1886 Caspiis

23 1897 119 1932 portis
134 1896 245 1931 prodire
261 1904 314 1922 nett
345 1896 491 1928 dubitaret,
507 1897 627 1931 polliceri
644 1905 736 1929 ausus,
754 1906 818 1932 quo-

21 1951 135 1978 cunque
161 1943 261 1970 bellum
290 1942 432 1973 inferrent,
450 1951 586 1977 nunquam
604 1943 716 1970 victoria
741 1944 814 1970 frau-

22 1989 144 2021 dandus,
176 1989 199 2015 si
218 1988 320 2023 legibus
335 1996 349 2014 a
363 1995 391 2015 se
417 1989 562 2022 propositis
582 1993 708 2015 accurate
723 1989 818 2016 obser-

21 2034 123 2061 vandis
145 2038 279 2061 attentam
305 2033 473 2067 diligentiam
491 2033 689 2066 impenderent.
707 2033 818 2061 Summa

22 2080 118 2114 legum
134 2079 194 2106 hate
213 2083 272 2105 erat
290 2087 298 2105 :
313 2078 427 2105 Delicias
450 2083 618 2106 aversantor.
645 2079 739 2106 Obviis
753 2087 804 2107 con

21 2125 91 2152 lenti
109 2129 203 2152 sunto.
221 2125 318 2151 Mutuzc
335 2125 472 2152 secietat‘s
490 2125 650 2152 charitatetn
681 2131 818 2153 servante.

22 2171 162 2197 Privatim
184 2171 234 2197 sibi
254 2178 302 2205 pro
328 2170 441 2197 arbitrio
455 2171 596 2198 consulere
611 2171 724 2198 vitante.
747 2171 819 2198 Nihil

20 2218 47 2243 in
64 2218 124 2244 vita
143 2218 268 2251 victuque
298 2217 461 2251 exqu'situm
493 2217 645 2244 alicctanto.
664 2217 739 2244 Cibis
761 2217 818 2250 qui-

18 2264 192 2298 buscunque
231 2264 291 2290 sine
327 2263 419 2290 mundi
458 2263 626 2290 immundivc
663 2263 821 2291 discrimine

19 2315 151 2336 utuator.
176 2309 279 2336 Uxercs
304 2309 386 2335 smul
413 2309 542 2343 plurimas
561 2309 699 2342 habento;
729 2313 757 2336 et
780 2309 822 2336 Itis

18 2363 120 2382 curam
154 2355 338 2389 parandarmn
365 2363 454 2382 rerum
470 2355 502 2382 ad
521 2355 622 2381 victum
636 2355 820 2390 vestitumque

18 2406 49 2427 ut
64 2402 137 2428 liunt
170 2392 317 2428 mattdatfto
333 2409 339 2426 :
369 2401 432 2428 ittdc
448 2401 700 2435 multiplicatlouem
722 2402 820 2436 gentis,

18 2451 149 2487 indidem
191 2450 407 2477 necessariorum
445 2449 641 2477 abundanti..m
680 2454 819 2476 nacturos.

17 2496 199 2523 Prxdiorutu
244 2503 276 2522 ac
319 2495 369 2522 soli
403 2495 592 2530 possessiones
631 2500 820 2529 aspernanter.

19 2543 211 2569 Fabricandis
245 2542 370 2568 domibus
385 2549 439 2568 non
461 2542 637 2569 immorantur
651 2550 658 2568 :
675 2541 758 2568 vitam
775 2541 822 2568 de-

18 2589 171 2615 sultoriam
188 2589 252 2615 hinc
266 2588 340 2619 illuc,
361 2595 525 2622 quocunque
554 2588 657 2615 utilitas
671 2588 820 2620 vocaverit,

17 2636 136 2662 assidue
161 2634 367 2669 migrabundam
392 2634 547 2660 adamante.
565 2633 614 2661 Ubi
630 2635 707 2661 cibus
728 2635 822 2661 defue-

18 2682 62 2712 rit,
82 2685 134 2707 attt
166 2680 262 2714 sagitta
294 2683 323 2707 et
347 2685 447 2706 venatu
466 2684 593 2714 parante,
612 2684 744 2707 Autsecla
758 2680 820 2714 equi

19 2733 93 2752 vena
107 2733 201 2759 sangu
213 2733 274 2752 nem
290 2730 416 2760 sttgunto.
430 2725 459 2752 Si
475 2725 597 2752 solidiori
607 2734 676 2757 opus
692 2727 822 2753 alimento

16 2773 64 2802 sit,
91 2771 263 2798 intestinunt
280 2772 338 2798 ovis
354 2772 484 2804 sanguine
502 2771 639 2806 oppletum
657 2773 707 2799 sub
722 2772 818 2807 ephip-

17 2818 98 2851 pium
121 2822 257 2852 pottuuto.
286 2817 332 2844 Sic
349 2825 422 2844 mera
450 2823 608 2844 concretum
624 2822 651 2843 et
666 2818 711 2845 illo
728 2819 818 2845 calore

16 2869 134 2891 coctum
150 2863 322 2899 sanguinem.
344 2871 405 2890 cum
434 2864 561 2891 vescendi
581 2865 744 2892 desiderem
762 2866 818 2892 fue-

17 2909 66 2942 rit,
98 2915 232 2938 rorante.
271 2909 429 2944 Ubicunque
461 2910 548 2937 cuivis
576 2911 657 2946 palmi
672 2915 717 2939 aut
739 2911 818 2947 pellis

869 1624 971 1651 sarcire
995 1628 1022 1650 ct
1049 1622 1246 1649 consarcinatis
1274 1629 1322 1656 per
1353 1627 1538 1648 vetcratneula
1576 1622 1655 1648 novis

869 1679 959 1698 assuta
987 1671 1084 1704 pannis
1112 1669 1206 1696 vestiri
1227 1669 1400 1696 centonibus.
1426 1667 1511 1696 Porro
1527 1669 1569 1695 his
1586 1676 1655 1703 prae-

869 1717 1064 1751 scriptionibus
1081 1716 1204 1750 sperabat
1214 1719 1402 1743 assecuturum
1411 1723 1441 1743 sc
1455 1719 1484 1741 ut
1495 1716 1534 1742 sui
1551 1723 1656 1746 summa

869 1763 930 1788 vita:
946 1763 1092 1788 securitate
1105 1761 1272 1792 fruerentur,
1289 1759 1485 1794 expeditosque
1500 1760 1534 1787 ad
1561 1764 1654 1786 nutum

869 1806 949 1841 347
965 1806 1079 1833 haberet
1093 1812 1201 1840 semper
1214 1813 1320 1837 omnes,
1345 1805 1418 1832 nulla
1439 1805 1541 1840 uspiam
1557 1805 1658 1832 sollici-

869 1854 963 1880 tudine
990 1852 1093 1885 atiixes,
1120 1852 1219 1887 quippe
1235 1852 1333 1886 quibus
1359 1852 1467 1883 sarissa,
1486 1852 1655 1887 ephippium,

869 1900 953 1927 vest's
969 1903 995 1926 et
1011 1899 1149 1928 alimenta.
1165 1898 1263 1933 quibus
1282 1897 1344 1925 unis
1371 1897 1498 1933 egebant,
1527 1897 1657 1924 muliebri

870 1945 1022 1973 ministerio
1036 1949 1133 1971 cuncta
1146 1952 1161 1971 e
1177 1951 1303 1979 gynaeeee
1330 1944 1580 1978 suppeditarentur,
1607 1943 1657 1978 ipsi

870 1989 909 2017 rei
946 1989 1050 2016 bellica
1083 1989 1129 2016 uni
1158 1993 1286 2015 vacarent
1316 1988 1521 2023 spoliandisute
1551 1988 1656 2019 alienis,

870 2036 940 2062 nihil
956 2040 1086 2069 praeterea
1104 2034 1206 2069 negotii
1222 2033 1366 2067 habentes,
1383 2038 1428 2060 aut
1442 2033 1549 2060 curiose
1567 2033 1658 2067 inqui-

870 2089 962 2111 rentes
975 2082 1041 2118 quid
1073 2081 1195 2108 futurum
1222 2085 1304 2108 esset.
1337 2080 1443 2106 Talium
1462 2084 1557 2106 auctor
1569 2079 1658 2114 legum

870 2128 1058 2156 Tziuciscanis
1076 2127 1136 2154 fuit.
1152 2127 1219 2153 Nam
1234 2134 1295 2153 cum
1311 2126 1540 2160 proprionemine
1550 2125 1660 2151 Tzincis

871 2177 916 2204 hic
945 2175 988 2201 vir
1002 2179 1155 2204 vocaretur,
1175 2172 1256 2200 Canis
1276 2172 1450 2203 vocabulum,
1480 2172 1550 2206 quod
1568 2178 1659 2205 regem

873 2226 962 2253 sonat,
979 2221 1038 2255 ejus
1052 2221 1164 2255 privata:
1186 2219 1345 2253 adjunctum
1374 2217 1549 2252 appellationi
1579 2216 1660 2243 Tzin-

874 2268 992 2297 ciscanis
1004 2274 1104 2295 nomen
1117 2265 1212 2298 edicit,
1232 2273 1306 2292 nunc
1323 2263 1460 2291 memoriae
1487 2262 1659 2290 commodum

873 2323 1022 2343 occurrens
1037 2323 1043 2341 :
1062 2322 1123 2341 nam
1141 2321 1203 2341 cttm
1218 2320 1297 2348 agere
1312 2311 1346 2338 de
1360 2312 1411 2338 hoc
1427 2310 1508 2344 cmpi,
1535 2308 1656 2336 nomium

872 2361 1024 2388 veneratin
1040 2364 1172 2387 mentem.
1190 2359 1324 2386 Catterum
1349 2358 1392 2384 his
1421 2357 1481 2389 ejus
1495 2355 1661 2390 praescriptis

873 2405 1079 2439 acquiesceutes
1091 2403 1264 2437 contingebat
1277 2402 1344 2429 istos
1356 2402 1470 2436 pepttles
1485 2400 1660 2427 veracitatcm

873 2452 901 2479 in
919 2451 1066 2485 loquendo.
1080 2450 1233 2484 aequitatem
1250 2449 1276 2475 in
1295 2448 1399 2483 agendo
1415 2452 1518 2477 tenere.
1545 2453 1660 2480 quorum

872 2497 940 2525 illud
958 2496 1075 2524 libertati
1093 2495 1176 2522 animi
1200 2493 1338 2525 convenit,
1354 2493 1405 2520 hoc
1425 2491 1581 2520 rectitudini
1604 2498 1662 2517 mo-

871 2552 942 2571 rum.
965 2543 1032 2570 Illud
1059 2549 1153 2569 rursus
1169 2544 1255 2568 tutum
1272 2543 1382 2575 praestat
1401 2538 1557 2566 audientem
1579 2545 1592 2563 a
1608 2537 1662 2564 cir-

871 2589 1063 2617 cumventione
1084 2587 1255 2615 fraudulenta
1281 2585 1437 2612 mentientis
1464 2585 1531 2611 socii
1547 2593 1553 2611 :
1570 2584 1622 2610 hoc
1644 2590 1660 2609 a

872 2636 978 2663 cunctis
988 2641 1122 2669 quemque
1133 2633 1267 2660 insidiose
1277 2632 1459 2667 grassantium
1472 2630 1542 2657 dolis
1552 2629 1659 2656 liberat.

873 2681 961 2714 Hujus
975 2680 1062 2715 gentis
1080 2679 1231 2714 principem
1261 2683 1325 2705 tunc
1354 2677 1457 2712 Nogam
1483 2676 1534 2703 sibi
1561 2676 1662 2702 foedere

871 2726 1047 2753 conciliatum
1065 2726 1214 2759 imperator
1230 2731 1291 2752 cum
1322 2724 1415 2750 missis
1431 2723 1534 2749 affatim
1550 2722 1662 2749 luxuriat

872 2777 999 2800 nostratis
1026 2772 1213 2799 instrumentis
1243 2771 1277 2798 ad
1305 2771 1417 2798 delicias
1446 2769 1562 2796 Romani
1595 2776 1660 2795 usus

872 2819 1009 2850 invitaret.
1040 2818 1181 2845 minimum
1215 2816 1339 2853 profecit,
1371 2816 1442 2852 quod
1460 2816 1491 2843 ad
1518 2815 1660 2843 mollitiem

871 2866 979 2898 qutdezn
1002 2869 1061 2891 vest
1073 2873 1116 2891 um
1131 2864 1154 2891 ei
1175 2863 1342 2891 suadendant
1369 2866 1484 2897 spectat.
1502 2861 1567 2888 Nam
1599 2869 1661 2888 cum

873 2910 997 2939 ciborum
1016 2910 1039 2939 ei
1055 2910 1182 2946 exquisiti
1203 2913 1298 2947 gustus
1313 2909 1405 2937 oﬂ‘erri
1419 2913 1542 2937 curasset
1557 2908 1662 2936 variam
1704 2943 1710 2948 _
