1936 3069
267 70 320 101 779
869 66 1031 98 GEORGII
1053 66 1295 97 PACHYMER/E

1831 65 1881 96 ’780

265 127 358 154 σάλλει
379 126 443 153 ποτὲ
464 125 576 160 στρατὸς
600 125 764 156 ἀκούσαντες
780 124 873 159 σχ;δδν
899 124 1053 164 ἐταράχθη·
1067 128 1090 155 Α
1111 123 1234 158 Ἐκλίνθη
1245 124 1290 158 5'1;
1306 123 1390 158 μάχη,
1404 121 1482 151 εἷπεν
1492 124 1525 150 ἄν
1541 132 1583 155 τις
1598 123 1758 158 ποιητικῶς,
1774 124 1815 150 καὶ
1829 120 1881 150 τῶν

267 181 328 205 σαν,
347 171 507 205 ἀγνοοῦντες
518 170 549 197 τὸ
562 171 665 205 δρᾶμα.
681 169 747 195 Τότε
761 168 851 195 τοίνυν
865 166 1052 204 συμμίξαντες

265 217 344 244 ἔνθεν
365 218 413 252 μὲν
429 217 453 243 οἱ
475 217 540 250 περὶ
554 217 600 242 τὸν
620 215 737 250 Ῥιμψᾶν
754 214 866 249 Πέρσαι,
886 213 953 240 πολὺ
978 213 1005 239 δὲ
1022 213 1053 239 τδ

271 261 425 296 Ῥωμαϊκὸν
444 261 491 287 καὶ
521 261 546 286 οί
574 259 637 295 περὶ
663 259 710 285 τὸν
737 259 870 293 δεσπότην
898 258 1051 292 κράτιστοι,

265 307 370 334 ἐκεῖθεν
385 307 412 332 δὲ
435 307 459 332 οί
476 307 540 340 περὶ
559 307 605 331 τὸν
626 305 752 340 Ἰωάννην
780 305 876 330 Ἰταλοὶ
892 305 938 330 καὶ
963 304 988 330 οἱ
1006 305 1052 330 αὐ-

265 353 311 379 τοῦ
327 352 418 378 πολλοί
431 360 460 386 γε
475 352 550 382 ὅντες
564 352 612 377 καὶ
625 350 741 385 μάχιμοι
757 350 984 384 συνερρήγνυντο.
998 349 1052 375 Καὶ

266 397 453 432 συμπεσόντες
476 396 562 428 ὀλίγοι
579 394 688 426 πλείους
704 395 810 421 ἐνίκων.
827 394 858 420 Ol.
882 394 930 428 μὲν
945 393 1000 427 γὰρ
1018 394 1050 428 τῇ

264 443 325 469 κατ’
344 441 442 473 αὐτοὺς
457 441 583 473 συντάξει
600 439 765 474 θαρροῦντες
776 439 898 473 ἀκμῆτες
915 439 991 470 ὅντες
1004 439 1052 465 καὶ

264 488 295 520 ἐξ
306 487 391 521 αὐτῆς
407 488 511 521 ἕτοιμοι
523 484 687 520 προσὸαλεῐν
701 484 772 510 κατὰ
783 483 881 517 τρόπον
893 483 1050 509 ἐνέπιπτον⁸

263 534 289 560 υι
304 533 332 559 δὲ
357 532 436 558 τοῦτο
457 531 504 565 μὲν
531 531 570 565 τῷ
594 530 790 565 ἀπροσδοκήτῳ
816 528 1050 561 καταπλαγέντες,

263 579 343 604 τοῦτο
354 578 382 604 δὲ
396 578 444 603 καὶ
458 576 559 607 ﬁli-.00;
581 577 734 610 σύμμικτον
746 574 833 606 ὅντες,
849 574 877 600 ὲν
890 571 931 605 οἷς
945 574 1050 607 ἀνάγκη

265 625 310 651 καί
330 632 405 654 τινας
423 624 469 648 καὶ
501 622 575 656 παρὰ
601 621 631 647 τὸ
648 619 736 655 χρεὼν
762 619 902 654 ὀρρωδεῖν,
927 619 1051 651 ἀτάκτως

263 670 312 696 καὶ
324 669 361 700 ὡς
371 668 401 695 οὐ
416 668 491 702 σφίσι
506 667 669 702 Θαρροῦντες
688 666 831 700 ἐμάχοντο.
845 665 900 691 Καὶ
913 665 989 696 τέλος
1001 664 1049 698 τῆς

264 716 375 749 πρώτης
391 713 528 747 φάλαγγος
543 711 701 745 ἐκλυθείσης
710 711 738 738 αἱ
753 710 866 737 κατόπιν
883 713 910 736 ὲν
921 710 951 736 οὐ
966 718 1051 744 προσο

263 761 395 796 Ι’μούσαις
420 759 530 790 δειλίαις
560 755 640 792 ἦσαν,
664 757 712 782 καὶ
736 755 965 789 συνεταράσσοντο
989 755 1050 781 καθ’

262 806 361 837 αὐτοὺς
385 804 590 840 θορυϐούμενοι,
615 802 662 828 καὶ
687 801 784 836 μικρὸν
808 801 1050 832 όπισθσποδοῡντες

262 852 338 882 τέλος
354 852 393 882 εἰς
407 851 494 885 φυγὴν
513 848 638 883 ἔϐλεψαν,
657 847 702 874 καὶ
716 848 760 873 τὸν
782 846 915 882 πρότερον
933 847 946 872 ό
964 846 1049 872 ὲπιὼν

262 897 420 930 κατηπόδει,
436 895 554 929 κάκείνῳ
566 893 646 924 ἄλλος
658 892 820 928 προσέπαιε,
838 892 886 919 καὶ
900 892 971 918 οὕτω
984 900 1050 926 συγ-

261 942 388 978 χυθέντες
411 941 559 967 ἁπεδύοντο
586 940 634 974 μὲν
648 939 682 965 τὰ
697 939 775 970 ὅπλα,
799 938 917 964 ἀπέλυον
934 937 961 964 δὲ
988 938 1051 969 τοὺς

262 989 347 1014 ἵππου
368 1007 374 1018 ,
401 987 448 1013 καὶ
466 986 556 1021 μόνοις
584 985 662 1010 ποσὶν
689 983 876 1019 ὲθάρῤουνττδ
903 983 1049 1016 σώζεσθαι,

262 1033 349 1060 πολλὰ
368 1033 414 1059 τοῦ
432 1032 561 1059 δεσπότου
577 1031 607 1056 τὸ
625 1031 674 1064 μὲν
690 1029 869 1060 συνιστῶντος
883 1030 920 1059 εἰς
937 1028 1050 1063 ϐἀῤῥος,

261 1081 291 1106 τι,
308 1080 330 1106 δ’
350 1078 536 1111 ἀπειλοῦντος,
554 1077 611 1103 ἔστι
625 1076 647 1102 δ’
663 1073 694 1102 οὗ
709 1084 740 1110 γε
761 1076 807 1102 καὶ
822 1074 1048 1110 παροτρύνοντος,

263 1172 366 1208 aliquid
375 1175 512 1207 poterant,
520 1170 678 1197 conclusum
689 1168 772 1196 teneri
782 1175 856 1200 arce,
864 1174 944 1202 quam
954 1166 1049 1194 arctis-

260 1220 332 1247 sima
345 1219 427 1254 329
442 1216 621 1252 ipsiundiquc
633 1215 776 1243 obsidione
792 1214 912 1241 circntnc
924 1217 1047 1247 ngerent.

261 1266 302 1293 Ad
320 1266 434 1300 primam
451 1264 533 1299 igitur
546 1261 751 1297 impressionem
777 1268 805 1287 re
821 1259 943 1287 videlicet
962 1258 1049 1292 inegi-

261 1311 404 1339 natissima
430 1309 549 1345 perculsi
571 1308 727 1342 turbatique
743 1306 829 1345 nostri
847 1313 941 1333 omnes
966 1309 1047 1332 sunt:

261 1361 396 1384 steterunt
426 1344 517 1382 tamen
534 1355 562 1381 in
592 1354 676 1381 armis
702 1344 791 1380 Persae
821 1353 871 1379 sub
888 1351 1047 1385 ltimpsane,

255 1409 360 1437 magna
378 1408 440 1435 pars
447 1399 561 1427 Romani
576 1399 721 1430 exercitus,
737 1398 764 1424 in
780 1398 876 1432 primis
889 1404 953 1424 vero
967 1396 1048 1424 Joan-

1103 168 1150 194 τοῦ
1166 168 1295 194 δεσπότου
1307 168 1404 202 φωνῶν
1419 169 1543 203 ἠλόγουν.
1557 169 1621 203 περὶ
1634 169 1731 195 ἑαυτοῦ
1746 170 1881 204 τετρεμαί-

1104 221 1157 238 νων
1172 212 1297 244 ἕκαστος.
1318 213 1414 248 ᾬοντο
1428 213 1482 248 γὰρ
1499 213 1536 248 μὴ
1550 213 1723 248 τριακοσίους
1739 214 1755 249 ἢ
1769 214 1812 240 καὶ
1824 214 1882 240 τοὺ-

1105 265 1158 284 των
1172 257 1328 289 διπλασίους
1343 258 1359 293 ἢ
1376 259 1423 285 καὶ
1436 259 1561 290 πλείονας
1580 257 1648 285 εἶναι
1660 267 1668 275 ⁸
1687 259 1755 285 ἀλλὰ
1769 259 1804 294 τῷ
1816 260 1883 286 κατὰ

1104 303 1175 337 σφᾶς
1193 303 1290 337 πλήθει
1303 303 1333 329 τὸ
1349 303 1449 338 πλῆθος
1460 303 1515 330 τῶν
1529 304 1682 331 ἀντιπάλων
1694 305 1738 340 ιΡ.
1752 303 1812 341 222]
1824 305 1884 340 ὥρι-

1104 349 1159 380 ζον,
1182 348 1218 380 ὡς
1234 349 1283 375 οὐκ
1306 348 1339 374 ἂν
1367 349 1570 384 θαρῤησάντων,
1586 350 1611 376 εί
1637 350 1673 385 μή
1691 358 1722 383 γε
1740 351 1785 376 καὶ
1809 351 1882 376 αὐταὶ

1104 394 1212 426 πλείους
1228 394 1303 425 ὀντες
1319 394 1376 426 τοῖς
1395 395 1484 426 τόσοις
1503 395 1633 430 ἐπῄεσαν.
1659 396 1726 421 Τότε
1747 396 1790 421 καὶ
1811 396 1824 421 ό
1843 395 1883 421 δε-

1104 439 1204 474 σπότης
1222 440 1468 475 ἀποκαραδοκὴσας
1484 441 1579 475 τρέπει
1597 450 1625 467 τε
1647 441 1770 476 χαλινοὺς
1782 441 1828 467 καὶ
1841 441 1883 467 ιδν

1103 485 1186 511 ἵππον
1205 485 1290 516 ἀνιεὶς
1317 485 1386 511 κατὰ
1409 486 1507 520 κράτος
1532 486 1639 520 φεύγει.
1670 486 1822 514 Κάντεῦθεν
1851 485 1882 522 ἦν

1103 530 1213 564 βλέπειν
1234 530 1331 562 ἄλλους
1359 531 1408 566 μὲν
1426 532 1588 564 πίπτοντας,
1608 533 1705 564 ἄλλους
1725 533 1753 560 δὲ
1775 527 1896 567 φεῦγον(

1102 585 1162 607 τας,
1180 577 1243 607 τοὺς
1259 576 1286 602 δὲ
1303 576 1416 611 Θάμνοις
1436 578 1640 612 κρυπτομένους
1656 580 1702 605 καὶ
1717 579 1783 612 πρὸς
1792 579 1822 605 τὺ
1835 579 1881 604 σώ-

1102 620 1197 652 ζεσθαι
1217 621 1347 648 ἱκετεύειν
1363 622 1488 657 ἑτοίμους
1505 623 1597 654 ὄντας,
1619 623 1712 654 ἄλλους
1727 624 1750 650 δ’
1764 624 1883 659 anapae—

1102 676 1152 701 γας
1168 668 1214 694 καὶ
1230 667 1332 703 πέτρας
1357 669 1629 703 καταλαμϐάνοντας,
1648 670 1743 701 ἄλλους
1767 670 1789 696 δ’
1811 670 1882 702 αὖθις

1101 714 1302 748 ἀπαγομένους,
1313 715 1421 741 ὁπόσων
1434 715 1450 750 ὴ
1467 714 1546 749 λίχνη
1560 716 1619 750 χεὶρ
1630 716 1742 742 ἐκείνων
1760 716 1805 742 καὶ
1823 717 1884 752 τρῖς

1101 758 1130 784 τὸ
1147 759 1275 793 σφάττειν
1290 759 1428 795 ἀπότομος
1452 760 1491 794 τῷ
1508 760 1650 795 μεταϐόλῳ
1672 763 1721 795 τῆς
1739 761 1820 797 τύχης
1836 771 1884 796 μα-

1101 803 1258 837 λασσομένη
1282 805 1357 838 παρὰ
1371 805 1401 831 τό
1416 805 1495 838 δόξαν
1520 806 1610 840 σφίσιν
1636 807 1766 841 ἐφείδετο.
1785 808 1851 834 [list
1865 807 1884 833 δ’

1102 849 1118 883 ἡ
1133 851 1213 883 μοῖρα
1226 848 1258 885 ἦν
1279 850 1400 885 όλεορος,
1423 851 1540 886 σώμασι,
1557 853 1707 887 χρήμασιν,
1731 853 1831 885 ὅπλοις,
1844 854 1885 879 ἴπ-

1102 904 1174 926 ποις,
1199 897 1291 926 αὐτοῖς
1308 896 1438 930 ἐνδύμασι
1451 905 1458 912 ·
1475 897 1505 923 τὸ
1527 899 1581 932 γὰρ
1594 899 1723 932 όμογενες
1737 898 1775 934 μὴ
1800 899 1884 925 διόλου

1101 942 1192 969 ἔπειθε
1214 943 1352 976 σφάττειν,
1368 943 1398 969 τὸ
1423 943 1450 969 δὲ
1468 944 1588 978 γυμνοῦν
1610 945 1656 971 τὴν
1677 945 1773 971 ἁλόντα
1795 946 1831 976 ὡς
1846 947 1884 972 ὲν-

1100 989 1227 1022 δυμάτων
1252 990 1336 1015 πᾶσιν
1351 990 1394 1015 ἐπ’
1411 990 1472 1024 ἴσης
1496 987 1541 1025 ἦν.
1558 990 1643 1022 Τέ).ο;η
1662 992 1816 1027 φευγόντιιζν
1830 995 1885 1023 ταῖς

1101 1035 1234 1067 φορηταῖς
1259 1033 1362 1064 οἰκίαις
1387 1034 1542 1069 ἐπιθέμενοι
1563 1035 1616 1061 τῶν
1644 1037 1813 1069 μεγιστάνων
1841 1038 1884 1063 καὶ

1100 1078 1182 1105 αὐτοῦ
1200 1087 1231 1112 γε
1252 1079 1299 1105 τοῦ
1317 1079 1449 1106 δεσπότου
1474 1080 1558 1107 πολὺν
1582 1081 1726 1117 ἐξειρόρουν
1748 1082 1793 1109 τὸν
1810 1083 1886 1110 πλοῦ-

1101 1171 1196 1199 tudine
1211 1172 1290 1199 unice
1312 1171 1436 1199 omnium
1454 1179 1541 1200 versa.
1573 1164 1712 1200 Putabant
1728 1174 1801 1201 enim
1833 1183 1883 1200 ron

1101 1223 1239 1244 trecentos
1271 1222 1316 1244 aut
1347 1218 1429 1252 duplo
1461 1218 1574 1252 triplove
1594 1219 1694 1253 plures,
1720 1221 1767 1246 sel
1808 1220 1884 1254 plane

1101 1265 1159 1299 pari
1173 1263 1364 1296 saltem,forte
1394 1264 1534 1299 superiore
1563 1264 1629 1299 ipsis
1658 1273 1773 1292 numero
1797 1266 1886 1293 hostes

1100 1311 1203 1338 instare
1217 1311 1335 1338 victores
1350 1319 1356 1336 :
1369 1311 1506 1344 quomodo
1529 1311 1602 1337 ettitn
1624 1311 1676 1338 nisi
1705 1311 1886 1339 multitudinis

1099 1357 1148 1384 sibi
1161 1356 1263 1384 conscii
1287 1357 1398 1392 majoris
1424 1357 1504 1383 talem
1534 1357 1685 1384 exercitum
1710 1358 1887 1384 inuaderent?

1100 1403 1219 1430 Eatenus
1229 1403 1397 1430 sustinuerat
1408 1402 1520 1437 despota
1534 1403 1595 1430 belli
1605 1408 1706 1430 sortem
1717 1409 1885 1438 exspectans:

261 1455 310 1475 nes
326 1447 436 1481 despora
448 1453 509 1474 cmn
524 1444 681 1473 fortissimis
693 1451 817 1472 suorum.
843 1442 873 1470 lo
893 1443 944 1470 hos
969 1443 1048 1470 inve-
1061 1456 1082 1484 ο
1102 1453 1166 1477 ωηο
1191 1449 1299 1476 tandem
1318 1448 1470 1483 desperatis
1488 1448 1558 1476 haud
1582 1449 1665 1476 dubie
1683 1450 1775 1483 rebus,
1802 1451 1886 1477 venis

255 1500 323 1522 ctus
338 1494 391 1521 dux
408 1493 527 1520 Joannes
544 1499 606 1520 cum
628 1491 686 1518 suis
701 1490 784 1523 ltalis,
804 1489 927 1524 plurimis
940 1493 968 1515 et
981 1488 1048 1523 ipsis

258 1547 398 1574 manuque
413 1536 635 1573 promptissimis,
653 1535 774 1570 pralinm
786 1534 924 1562 commisit
938 1540 1002 1560 acre
1016 1540 1048 1559 ac

260 1589 418 1614 cruentum,
431 1592 486 1618 quo
494 1582 653 1610 Romaniab
671 1580 742 1607 Italis
769 1581 859 1616 plures
877 1587 892 1606 a
916 1578 1049 1614 pauciori-

256 1632 314 1659 bus
326 1631 404 1666 plane
427 1629 489 1657 victi
504 1633 578 1657 sunt.
601 1628 668 1654 Nam
689 1627 716 1654 hi
736 1626 904 1654 confirmatis
936 1626 1046 1656 animis,

253 1677 356 1704 ordine
369 1679 488 1708 servato,
506 1674 590 1701 fortes
600 1673 651 1708 ipsi
680 1672 876 1705 cxercitatique
891 1671 1047 1706 congressi-

261 1725 313 1751 bus
324 1722 440 1755 bellicis,
454 1720 539 1756 parati
556 1728 584 1747 re
596 1719 714 1754 provisa,
727 1717 877 1752 disciplinae
893 1717 1048 1744 industria:-

261 1777 314 1804 que
328 1769 383 1796 vim
397 1768 578 1795 admiscentes
601 1764 800 1792 incluctabilem
827 1764 942 1791 ruebant
959 1763 985 1790 in
1000 1763 1049 1790 ad-

261 1825 366 1844 versos.
382 1816 422 1843 llli
437 1815 554 1850 primum
568 1821 647 1842 casus
667 1811 788 1839 novitate
804 1811 923 1843 attoniti,
948 1810 1048 1837 deinde

261 1867 292 1890 ut
308 1862 404 1897 vulgus
416 1870 432 1888 e
445 1861 520 1887 vario
533 1859 644 1886 mistum
660 1865 759 1893 genere
773 1857 842 1884 male
869 1857 1046 1888 cohaarentes,

257 1915 315 1935 nec
334 1907 370 1934 ita
383 1906 446 1933 lecti
462 1913 557 1932 omnes
574 1909 603 1932 ut
618 1911 672 1931 non
688 1904 757 1930 inter
774 1902 858 1929 fortes
877 1901 965 1937 ignavi
986 1901 1048 1935 qui-

262 1955 325 1981 datn
339 1953 451 1980 horrore
465 1950 578 1985 periculi
593 1952 741 1977 trementes
754 1947 933 1982 incomposite
949 1953 1049 1981 pugna-

255 2003 324 2027 ‘rcnt
338 2003 366 2026 et
378 1997 459 2025 diffisi
477 1995 658 2031 przesentibus
681 1995 781 2022 tutiora
793 1993 1046 2028 circumspicerent,

256 2045 469 2073 succubuerunt
484 2043 518 2070 ad
536 2047 701 2069 extremum.
732 2041 816 2068 Porro
835 2040 887 2067 ista
912 2039 1048 2074 phalange

261 2093 354 2127 priore
371 2088 671 2126 dissipatafractaque,
695 2086 742 2122 qui
757 2090 832 2113 retro
861 2086 888 2112 in
919 2085 1048 2112 subsidiis

262 2138 380 2169 stabant,
396 2135 523 2170 pudendo
542 2134 660 2168 correpti
675 2137 759 2165 metu,
780 2132 920 2160 confusam
950 2136 977 2158 ct
1003 2136 1045 2158 tu-
1062 2130 1084 2156 1)

262 2182 486 2211 multuabundam
501 2185 638 2214 utcunque
649 2179 810 2214 objicientes
835 2177 934 2209 aciem,
953 2176 1044 2204 statim

262 2230 346 2264 pedes
357 2228 517 2259 retulerunt,
533 2226 611 2253 initio
626 2233 687 2253 cutn
706 2224 823 2258 quadam
841 2222 945 2250 ordinis
969 2230 1044 2253 cura,

263 2284 326 2304 mox
342 2275 429 2302 effuso
445 2278 548 2300 temere
559 2278 776 2306 quoquoversum
790 2270 893 2304 impetu
906 2268 1046 2301 trudentes

263 2321 380 2349 invicem
392 2320 620 2351 incurrentesque
641 2316 668 2343 in
695 2323 756 2343 sese
770 2319 875 2346 mutuo,
901 2315 1048 2348 dum-prte-

263 2372 371 2395 vertere
383 2365 580 2400 praecedentem
594 2362 729 2397 posterior
741 2361 842 2388 studet.
859 2360 981 2393 Denique
991 2360 1047 2394 jam

263 2412 424 2440 confusione
437 2409 600 2445 pnevalente
616 2415 665 2442 pro
680 2415 709 2434 se
721 2407 836 2441 quisque
844 2413 919 2432 arma
935 2412 1046 2438 exuere,

262 2467 349 2494 equos
366 2458 514 2489 dimittere,
527 2455 641 2490 pedibus
658 2453 772 2480 salutem
785 2459 919 2487 quievere,
932 2451 1047 2486 despota

260 2505 374 2539 quidem
400 2507 546 2530 revocante
573 2501 607 2527 ad
631 2499 762 2527 officium.
796 2498 932 2529 hortante,
961 2497 1048 2523 incre-

263 2557 355 2588 pante.
375 2550 464 2577 ntinas
485 2549 528 2576 ubi
544 2553 640 2574 caetera
659 2554 712 2573 non
739 2545 897 2580 profuerant
921 2543 1046 2575 addente,

264 2602 402 2633 postremo
413 2594 580 2629 corripiente
601 2599 684 2619 manu
702 2590 835 2626 quosdam
852 2594 879 2616 et
902 2589 928 2615 in
942 2589 1047 2615 hostem

263 2648 395 2670 vertente.
411 2641 520 2668 Frustra
532 2639 622 2666 omnia
640 2646 646 2663 :
665 2637 795 2664 inclinata
814 2635 910 2667 semel,
936 2639 965 2662 ut
982 2642 1047 2669 poe-

255 2685 317 2717 tice
330 2689 390 2723 quis
401 2687 509 2719 dixerit,
529 2693 629 2721 pugna.
640 2688 715 2711 mettt
731 2682 857 2710 videlicet
868 2681 998 2717 lymphati
1013 2687 1047 2707 ne

258 2735 363 2762 sentire
374 2734 482 2768 quidem
496 2740 574 2759 voces
589 2733 717 2764 despotic,
731 2729 831 2756 nedum
851 2735 946 2754 curare
972 2726 1048 2754 vide-

261 2782 375 2809 bantur.
388 2780 421 2807 ad
441 2779 490 2807 sbi
505 2777 630 2812 privatim
640 2776 721 2811 330
734 2774 930 2802 consvtlentlum
947 2772 1048 2801 sollici-

1098 1495 1160 1527 equi
1177 1493 1292 1521 habenis
1317 1493 1344 1520 in
1362 1494 1451 1529 fugam
1465 1501 1494 1521 se
1512 1502 1592 1528 quam
1605 1494 1797 1522 eﬂ‘usissimam
1811 1503 1888 1522 aver-

1100 1539 1141 1566 tit.
1159 1538 1296 1573 llincjam
1314 1538 1480 1566 miserabilis
1503 1538 1586 1566 facies
1598 1539 1698 1574 campi.
1724 1539 1836 1567 Videres
1848 1541 1884 1567 ibi

1098 1584 1166 1611 alios
1175 1584 1314 1616 cadentes,
1329 1584 1395 1611 alios
1407 1583 1552 1618 fugientes,
1565 1585 1696 1619 quosdam
1714 1593 1743 1612 se
1757 1585 1887 1613 abdenlcs

1098 1631 1171 1656 inter
1187 1637 1276 1656 ramos
1293 1630 1479 1661 arbustorum.
1495 1635 1604 1664 paratos
1620 1630 1733 1658 tendere
1751 1631 1887 1666 supplices

1100 1684 1197 1703 manus
1213 1684 1220 1708 ;
1241 1676 1361 1703 tutiores
1371 1675 1439 1702 alios
1450 1675 1569 1704 lati-bras
1589 1676 1615 1703 in
1635 1678 1782 1712 praeruptis
1796 1682 1883 1712 petra-

1098 1728 1160 1747 rum
1180 1720 1284 1748 tissuris
1305 1728 1447 1756 quaerere;
1480 1729 1534 1748 non
1563 1730 1664 1757 paucos
1676 1723 1703 1750 in
1727 1725 1887 1752 servitutem

1100 1766 1180 1797 trahi,
1196 1766 1296 1800 quibus
1308 1766 1437 1793 videlicet
1451 1771 1549 1801 praeter
1569 1774 1645 1802 spem
1669 1775 1811 1802 parcerent
1829 1777 1889 1797 cru-

1098 1812 1172 1839 delcs
1185 1812 1249 1839 licrt
1263 1812 1315 1840 illae
1331 1819 1361 1838 ac
1373 1812 1401 1838 in
1430 1813 1518 1839 cales
1535 1818 1667 1848 promptae
1681 1821 1790 1845 manus,
1805 1815 1890 1842 satie-

1099 1863 1153 1886 tate
1172 1858 1312 1891 smviendi,
1327 1864 1374 1886 aut
1393 1859 1550 1886 emolliente
1566 1861 1685 1894 quodam
1706 1861 1890 1889 miserationis

1099 1905 1225 1932 humana;
1239 1912 1321 1932 sensu
1335 1905 1363 1932 in
1382 1910 1435 1932 tam
1450 1905 1540 1932 subita
1562 1907 1743 1934 conversione
1757 1907 1890 1935 fortuna}.

1099 1950 1190 1977 Fatale
1203 1956 1291 1978 autem
1309 1951 1447 1985 ingruerat
1465 1951 1580 1979 exitium
1595 1952 1705 1980 cunctis
1720 1953 1828 1988 pariter
1845 1961 1891 1981 re-

1099 1997 1158 2028 bus,
1175 1997 1348 2031 corporibus,
1377 1997 1512 2031 pecuniis,
1532 1998 1626 2029 armis,
1651 1998 1740 2033 equis,
1766 2000 1892 2027 vestibus

1099 2042 1166 2076 ipsis
1179 2043 1351 2074 miserorum,
1365 2042 1464 2077 quibus
1476 2042 1498 2070 si
1513 2042 1582 2070 forte
1602 2045 1803 2072 commendatis
1814 2053 1894 2072 com-

1098 2089 1227 2116 munione
1245 2088 1352 2124 generis
1367 2089 1534 2116 condonaret
1560 2089 1642 2117 vitam
1661 2089 1821 2118 misericors
1842 2092 1893 2118 hu-

1099 2135 1213 2161 manitas
1228 2134 1351 2166 victoris,
1375 2142 1390 2161 a
1418 2135 1571 2169 spoliandis
1588 2140 1680 2162 tamen
1695 2136 1795 2163 iisdem
1822 2138 1894 2164 nihil

1099 2180 1240 2207 avaritiam
1260 2185 1367 2215 tempus
1377 2188 1456 2208 suum
1483 2185 1593 2209 nactam
1614 2182 1765 2210 avertebat.
1798 2182 1895 2218 Itaque

1098 2226 1199 2260 passim
1217 2231 1407 2261 congestarum
1422 2227 1501 2254 avida
1514 2227 1675 2262 spoliatione
1686 2228 1807 2256 vestium
1840 2238 1895 2256 n-a-

1100 2272 1143 2306 gni
1162 2275 1188 2297 ct
1203 2270 1322 2298 invicem
1342 2271 1399 2298 fere
1411 2279 1491 2306 pares
1508 2272 1660 2306 unicuique
1671 2272 1804 2300 Italorum
1817 2281 1896 2301 accr-

1101 2317 1125 2342 vi
1143 2316 1313 2344 constabant.
1336 2317 1384 2344 His
1399 2317 1426 2344 in
1453 2325 1550 2352 campo
1581 2318 1674 2352 gestis,
1693 2319 1836 2354 rapacitas
1870 2320 1897 2346 in

1100 2363 1199 2390 stativa
1214 2362 1333 2389 desolata
1347 2363 1410 2398 fuga
1427 2363 1565 2390 exercitus
1587 2363 1724 2391 incubuit.
1747 2364 1898 2392 Taberna-

1099 2408 1159 2435 cula
1172 2408 1368 2443 portatilesque
1389 2409 1484 2436 domos
1496 2409 1551 2436 illic
1563 2417 1689 2444 proceres
1705 2409 1827 2438 Romani
1847 2411 1899 2438 mi-

1100 2453 1218 2483 litantes.
1232 2453 1400 2488 despotaque
1414 2454 1441 2480 in
1454 2454 1561 2489 primis,
1583 2462 1632 2490 pro
1654 2455 1731 2490 copia
1755 2457 1901 2491 cujusque

1101 2499 1241 2534 magniﬁce
1260 2499 1408 2526 instructas
1426 2499 1589 2526 habuerant.
1615 2499 1643 2526 In
1656 2500 1705 2527 has
1719 2501 1901 2535 praedatores

1100 2544 1297 2571 versimultum
1316 2544 1381 2571 inde
1401 2545 1557 2571 divitiarum
1569 2550 1760 2578 exportarunt.
1789 2546 1901 2574 Pocula

1100 2589 1172 2616 enim
1190 2589 1245 2622 illa,
1262 2589 1387 2624 qualibus
1408 2589 1546 2624 principes
1574 2594 1697 2623 utuntur,
1723 2591 1902 2625 exquisitam

1100 2635 1307 2669 supellectilem,
1338 2642 1424 2666 arma,
1439 2642 1535 2668 equos,
1553 2635 1605 2662 alia
1621 2635 1804 2662 instrumenta
1828 2644 1902 2662 usus

1101 2679 1253 2711 familiaris,
1267 2684 1409 2714 totumque
1422 2680 1496 2706 illum
1511 2680 1631 2714 speciose
1645 2680 1793 2707 delicatum
1806 2689 1902 2715 appa-

1101 2731 1189 2753 ratum
1202 2726 1327 2760 superba:
1347 2725 1483 2760 regiaeque
1497 2724 1610 2752 luxurie
1626 2730 1831 2752 converri-ntus
1849 2734 1903 2752 σις-

1103 2772 1156 2799 hau
1172 2776 1263 2803 erunt,
1276 2778 1355 2797 avara
1370 2778 1455 2805 usque
1479 2770 1512 2798 ad
1533 2769 1714 2805 pulvisculum
1731 2770 1900 2806 diligentia,
