1936 3069
103 140 158 172 781

575 136 624 166 DE
654 135 850 167 MICHAELE
870 135 1102 166 PAL/EOLOGO
1120 135 1194 169 LIB.
1211 135 1262 167 IV.

1674 137 1728 168 782

102 205 151 223 τον
161 204 169 212 ·
187 194 340 229 ἐκπώματα
355 193 407 229 γὰρ
423 193 514 220 ἐκεῖνα
529 194 576 220 καὶ
593 193 694 220 ἔπιπλα
706 194 753 220 καὶ
765 193 836 220 ὅπλα
849 193 895 220 καὶ
908 192 934 223 Α
947 192 1044 228 σχερὲς
1056 193 1144 220 ἐκεῖνο
1166 193 1214 220 καὶ
1237 178 1439 228 ἀπροσδόκητον
1455 192 1596 228 σύμϐαμα,
1618 193 1728 224 πολλοῖς

105 242 208 272 ἵππους
226 241 273 267 καὶ
289 240 438 275 θεραπείαν
455 239 539 275 ἄλλην
560 240 696 274 χλιδῶσαν
720 239 822 275 τρυφῆς
836 238 894 271 ἑξε-

104 287 214 318 κένουν,
240 286 321 320 μέχρι
344 285 392 311 καὶ
413 284 502 311 αὐτῶν
525 285 579 311 τῶν
601 285 738 312 ὲπιπόδων
762 284 891 319 μυώπων,

106 333 222 359 πλεῖστα
249 330 515 365 παρακερδαινοντες
529 339 536 346 ·
564 332 609 357 καὶ
632 330 760 365 τηνικάδε
783 331 808 356 οἰ
833 329 894 355 τότε

106 378 210 410 ἔδειξαν
236 377 382 412 προφανῶς
408 376 438 402 τὸ
461 376 508 402 τοῦ
538 376 724 408 Ἀντισθένους
745 375 871 410 ἀληθινόν
885 382 893 390 ·

108 424 175 457 φησὶ
201 421 256 456 γὰρ
286 423 386 452 ἐκεῖνος
417 421 496 448 πάντ’
521 421 648 456 εὔχεσθαι
678 422 712 447 τὰ
745 420 815 447 καλὰ
839 421 896 451 τοῖς

107 467 216 503 ἐχθροῖς
233 467 302 502 πλὴν
320 468 465 500 συνέσεως,
489 467 525 498 ὠς
543 469 621 494 πάνθ’
635 465 678 494 οἷά
697 476 725 493 τε
744 467 819 502 παρᾶ
835 467 896 492 τού-

106 522 163 544 τοις
177 513 317 547 γενέσθαι,
334 512 367 547 ἢν
389 513 497 539 σύνεσιν
512 513 609 548 ἔχοιεν.
632 513 784 548 Ἐδήλωσαν
805 512 833 538 δὲ
849 512 895 538 καὶ

107 559 138 585 τὸ
153 558 204 593 τῆς
220 558 364 590 εὺὸουλίας
380 559 474 593 χρῆμα
489 560 544 589 τοῖς
560 558 712 591 ἀντιξοοῦσι
730 557 777 584 καὶ
794 557 896 592 μᾶλλον

107 605 260 640 χρήσιμον·
277 603 398 639 χιλιάδας
413 604 467 638 γὰρ
488 603 568 634 τόσας
587 604 624 634 ὡς
639 604 685 629 καὶ
701 603 740 633 εἰς
763 602 895 638 μυριάδας

109 649 259 676 ποσοῦσθαι
285 649 314 675 ἓν
339 650 531 684 παρεστήσατο
555 648 703 683 βούλευμα,
726 648 772 674 καὶ
794 649 818 674 οἱ
834 647 896 681 χθὲς

108 694 287 724 πλουτοῦντες
305 695 351 720 καὶ
372 693 528 728 τρυφῶντες
547 695 603 725 τοῖς
630 692 745 727 πλήθεσι
776 693 896 727 σήμερον

107 739 233 765 ταπεινοί
259 748 288 765 τε
314 739 362 764 καὶ
391 738 532 773 πενιχροί,
563 736 823 772 ἀνταγωνισαμένης
847 737 897 771 τῆς

107 785 246 815 ἀϐουλίας.
271 785 408 819 Ἄρχοντα
435 786 488 818 γὰρ
503 784 556 820 χρὴ
572 783 719 818 πειρᾶσθαι
741 785 788 809 καὶ
809 783 899 809 κινδυ-

108 830 220 855 νεύοντα
230 829 267 860 ὠς
279 829 296 864 ἢ
311 830 458 863 νικήσοντα
468 829 485 863 ἢ
499 827 616 859 εὐκλεῶς
632 827 808 862 πεσούμενον.
820 826 899 853 Κατὰ

947 238 996 273 μὲν
1008 238 1048 269 είς
1056 237 1157 272 λύπην.
1170 238 1260 269 ἄλλοις
1273 237 1301 264 δὲ
1315 237 1363 264 καὶ
1377 238 1416 269 εις
1426 237 1567 272 ἔκπληξιν,
1583 239 1638 270 τοῖς
1649 238 1672 264 δ’
1689 240 1729 269 εἰς

946 283 1115 318 κατάγελων,
1140 283 1188 315 οὓς
1212 283 1244 318 δὴ
1262 284 1444 318 καταφρονεῖν
1457 283 1549 309 ἔπειθε
1563 283 1619 310 τῶν
1632 283 1730 318 μηκέτ’

945 328 1030 356 ὄντων
1049 329 1095 355 καὶ
1111 330 1167 360 τοῖς
1178 329 1350 364 λειπομένοις
1366 329 1616 364 προσεπιτίθεσθαι.
1637 329 1733 356 ’Δκοὺ-

947 383 1044 407 σαντες
1063 376 1118 410 γὰρ
1145 376 1174 402 τὸ
1192 376 1256 412 περὶ
1270 376 1315 403 τὸν
1339 375 1458 412 Εὔριπον
1481 376 1619 408 ναυτικὸν,
1643 374 1683 408 οἷς
1699 377 1732 411 δὴ

946 420 994 446 καὶ
1018 421 1057 452 εἰς
1077 421 1221 456 τριάκοντα
1249 420 1293 456 [Ρ.
1314 420 1379 456 225]
1399 421 1464 452 ναῦς
1486 422 1500 447 ό
1528 421 1619 451 στόλος
1642 421 1732 455 ὀλίγον

946 465 1052 497 δέοντος
1068 466 1224 501 ἐξηρτύετο,
1236 466 1423 501 κατεθάρρουν
1434 466 1488 493 τῶν
1504 467 1549 493 ἐπὶ
1560 467 1600 498 δὶς
1615 468 1661 493 καὶ
1673 467 1734 502 τρὶς

948 511 1092 538 πλείστων.
1107 512 1159 538 Καὶ
1171 512 1204 547 δὴ
1217 511 1247 544 ἐξ
1260 511 1345 547 αὐτῆς
1357 520 1388 546 γε
1402 512 1650 547 ναυστολησάμενοι
1663 513 1734 539 κατὰ

946 557 993 583 τοῦ
1005 557 1141 590 βασιλείου
1155 557 1248 584 στόλου
1263 557 1394 593 ἐξώρμων
1402 558 1596 593 ναυλοχοῦντος
1606 559 1670 590 περί
1682 567 1734 585 που

945 602 994 637 τὴν
1008 603 1195 638 Δημητριάδα,
1207 603 1244 634 ὡς
1252 603 1351 630 αὐτίκα
1360 604 1488 637 φανέντες
1499 604 1669 639 αἱρήσοντες.
1680 605 1736 632 Καὶ.

947 646 994 681 ἅμ’
1014 647 1185 682 έρμήσαντες
1210 647 1342 680 ἔφθασαν,
1359 649 1390 682 τῇ
1411 649 1567 683 παραυτίκα
1587 649 1674 685 τόλμῃ
1689 648 1736 674 καὶ

949 691 1017 726 μόνῃ
1029 692 1170 727 ἀραρότως
1188 692 1347 724 ἐλπίζοντες
1362 693 1533 728 καταπλῆξαι
1549 695 1604 726 τοῖς
1621 696 1673 729 πρὸ
1688 694 1734 721 τοῦ

948 736 1150 770 κατεπτηχότας
1162 736 1327 770 σφάλμασιν.
1352 737 1486 771 Ἐφῆπται
1506 738 1528 764 δ’
1544 739 1599 773 ἄρα
1610 739 1656 765 καὶ
1672 739 1735 765 τού-

948 789 1004 813 τοις
1021 781 1095 816 παρὰ
1114 782 1212 816 μικρζν
1228 782 1258 808 οὐ
1277 783 1374 817 μικρὸς
1398 783 1526 814 κίνδυνος.
1540 783 1619 809 Τοῦτ’
1636 784 1734 817 ἀγγελ-

950 825 995 852 θὲν
1011 826 1048 861 τῷ
1065 826 1183 862 δεσπότῃ
1202 827 1322 860 διάγοντι
1344 827 1413 854 κατὰ
1427 827 1475 863 τὴν
1489 828 1644 863 Δριμίανιν,
1656 828 1673 864 ἢ
1687 829 1736 855 καὶ

107 875 133 900 τί
146 876 200 909 γὰρ
216 875 262 900 καὶ
279 873 368 908 ἄρχοι,
387 875 410 900 εί
435 875 471 908 μή
490 882 522 907 γε
538 873 706 908 προμηθοϊτο
729 873 783 898 τῶν
799 871 896 904 ἄλλων,
914 868 935 895 Β
951 871 1051 907 μᾶλλον
1068 872 1097 898 τὸ
1112 872 1211 907 ἀληθὲς
1229 873 1318 899 εἰπεῖν
1338 874 1385 900 καὶ
1399 873 1508 900 ἁλύοντι
1524 874 1650 901 τοσούτου
1665 883 1736 909 συμ-

109 917 147 946 ὦν
161 920 254 953 ἄρχειν
277 919 376 953 ἐτάχθη
391 927 400 951 ;
416 919 471 944 Καὶ
490 918 588 949 σκοπὸς
609 917 658 952 μὲν
675 918 724 943 οὐκ
739 916 894 948 ἀνεύθυνος,

111 966 135 992 ει
150 965 187 1000 μὴ
204 965 330 999 προείποι
345 964 391 990 καὶ
406 963 624 999 προφυλάξηται,
645 963 737 998 ἄρχων
749 963 771 989 δ’
785 961 897 988 ἀνεύθυ-

109 1021 155 1038 νον
172 1013 290 1040 πάντως.
319 1010 343 1036 εἰ
366 1010 404 1044 μὴ
428 1009 634 1046 προκινδυνεύοι
653 1006 690 1035 ὦν
707 1008 809 1043 ἐτάχθη
833 1015 897 1034 axo-

113 1058 183 1089 πός;
204 1055 354 1091 Οὑμενοῦν,
379 1054 428 1081 οὗ·
451 1055 548 1081 πολλοῦ
573 1063 604 1089 γε
621 1055 668 1081 καὶ
690 1054 740 1081 δεῖ.

148 1102 226 1129 Οὕτω
237 1103 286 1137 μὲν
302 1101 348 1128 οὖν
363 1101 518 1136 παραλόγου
534 1100 583 1135 τῆς
595 1099 679 1135 τύχης
689 1099 833 1135 συμϐάσης
851 1099 898 1126 καὶ

111 1148 165 1174 τῶν
181 1147 422 1181 ὑπολελειμμένων
433 1146 658 1180 κατεπτηχότων,
679 1146 775 1172 ἀνεῖσα
788 1147 819 1172 τὺ
835 1154 899 1172 πτε-

112 1192 158 1226 ρὸν
169 1193 273 1227 ήζφήμη
285 1192 344 1222 θεὸς
353 1190 431 1223 οὖσα,
439 1192 475 1222 ὡς
487 1192 607 1226 λέγεται,
618 1200 650 1218 πε
656 1191 809 1226 ριαγγέλλει
817 1191 847 1218 τὸ
854 1191 900 1218 δυ-

111 1280 245 1314 siquidem
265 1280 338 1314 ipsos
362 1287 470 1314 quoque
504 1279 614 1307 aculeos
634 1279 779 1307 calcarium
804 1281 899 1309 sedulo

113 1327 192 1362 331
211 1327 370 1361 colligentes
390 1327 562 1360 apponebant
579 1326 667 1359 lucro,
690 1327 738 1353 tali
767 1334 898 1355 successu

113 1374 322 1400 tletnunstrantc
333 1374 479 1400 manifeste
489 1381 571 1407 quam
582 1374 702 1407 prudens
714 1377 806 1400 votum
818 1373 899 1401 fuerit

111 1419 285 1446 Antisthenis
306 1420 397 1446 omnia
416 1419 542 1446 hostibus
560 1419 679 1453 optantis
698 1419 770 1446 bona
800 1424 899 1454 praeter

112 1470 253 1492 mentem:
275 1473 338 1492 nam
355 1465 400 1492 cui
418 1465 564 1492 consilium
586 1465 713 1497 defuerit,
747 1465 809 1499 ejus
838 1468 900 1492 tne-

112 1511 189 1538 sauri
208 1511 349 1544 quantivis
374 1511 401 1537 in
426 1510 544 1545 praedam
562 1510 723 1545 sapientiori
742 1511 849 1538 cedent.
868 1511 897 1538 In

112 1557 199 1583 millia
215 1557 381 1583 bellatorum
400 1557 482 1584 teties
501 1556 682 1590 multiplicata
704 1561 733 1583 ut
747 1556 897 1591 myriadem

112 1610 167 1630 non
177 1610 259 1629 unam
267 1602 428 1633 multarent,
438 1602 473 1629 ita
483 1602 582 1629 evertit
594 1601 743 1636 alﬂixitquc
758 1606 897 1629 momento

112 1648 260 1674 consilium
290 1647 410 1674 hominis
434 1647 528 1679 unius,
555 1651 585 1674 ut
603 1651 643 1674 tot
668 1647 706 1674 illi
725 1655 757 1674 ac
777 1647 846 1674 tanti
863 1655 897 1674 ex

113 1693 172 1720 lteri
187 1693 324 1728 opulentis
341 1698 367 1719 et
384 1693 463 1727 copia
479 1701 571 1720 rerum
589 1700 675 1727 usque
703 1693 736 1720 ad
757 1693 851 1719 luxum
871 1697 899 1720 et

111 1738 228 1766 delicias
242 1739 498 1766 circumﬂuentibus
521 1739 602 1766 hodie
619 1738 747 1770 humiles,
776 1743 898 1772 egentes,

111 1786 173 1820 vagi
204 1785 309 1820 palmas
338 1786 519 1820 porrigcrent,
540 1792 593 1812 non
614 1785 792 1813 mendicitate
809 1785 897 1820 magis

110 1840 194 1865 quam
230 1831 402 1865 professione
432 1832 574 1859 dedecoris
605 1832 720 1866 proprii,
752 1839 823 1866 quos
847 1839 897 1859 sua

114 1877 238 1911 ipsorum
271 1877 394 1903 socordia
427 1876 602 1903 debellasset.
632 1875 767 1903 Nimirum
799 1877 897 1904 ducem

113 1922 252 1961 exercitus
273 1921 370 1948 fortem
387 1921 497 1953 quidem
516 1925 543 1947 et
558 1921 639 1947 vitam
654 1928 764 1956 quoque
784 1928 815 1948 ac
833 1930 898 1960 san-

112 1970 224 2003 guinem
242 1975 292 2002 pro
319 1967 403 2002 gloria
419 1967 541 1994 victoriae
570 1967 673 2001 pacisci
706 1972 824 2001 certum,
852 1969 898 1995 sed

111 2019 244 2049 pra‘terca
261 2013 369 2048 vigilem
386 2020 418 2039 ac
433 2012 518 2039 futuri
531 2013 674 2047 providum
691 2020 753 2041 esse
780 2019 898 2048 oportet.

111 2068 276 2094 semperque
288 2059 345 2086 acri
358 2058 470 2085 solertia
484 2058 630 2091 intentum,
647 2066 681 2086 ne
695 2059 757 2093 quis
773 2058 899 2093 inopina-

110 2113 155 2134 tus
166 2107 277 2141 ingruat
291 2112 385 2132 casus.
397 2105 422 2131 Id
437 2104 509 2130 enim
525 2104 606 2131 otlieii
621 2104 712 2132 omnis
725 2105 898 2139 praefectura,

111 2153 233 2180 maxime
244 2156 335 2178 autem
352 2149 489 2182 militaris,
506 2150 634 2176 sustinet.
650 2149 690 2175 Ad
701 2149 762 2182 hoc,
776 2150 898 2184 inquam,

912 1534 935 1563 ϐ

948 917 1045 948 ϐάντος
1057 917 1231 952 πράγματος,
1244 917 1355 949 ἀνέζεσέ
1367 927 1396 944 τε
1409 918 1460 957 τὰς
1470 920 1520 953 τῆς
1534 920 1622 955 ψυχῆς
1636 919 1735 955 opem,

948 962 998 989 κα)⁸
1019 962 1212 997 ύπερεπάθητε
1229 963 1320 995 δείσας
1337 964 1401 999 περὶ
1422 965 1461 1000 τῷ
1481 965 1576 1001 στόλῳ,
1593 967 1617 992 ει
1640 967 1736 992 τοσού-

948 1015 996 1033 του
1014 1008 1156 1041 γεγονότος
1174 1007 1210 1043 μὴ
1234 1008 1378 1045 ἐμπλησθῇ
1394 1011 1424 1036 τὸ
1443 1011 1584 1045 μοιρίδιον,
1602 1011 1672 1038 ἀλλὰ
1688 1013 1737 1038 καὶ

949 1051 1022 1086 πέρα
1043 1053 1097 1079 τῶν
1124 1053 1276 1087 γεγονότων
1300 1054 1437 1089 προέλθοι.
1463 1055 1518 1081 Καὶ
1545 1055 1577 1090 δὴ
1603 1056 1632 1090 ἐξ
1650 1057 1737 1091 αὐτῆς

948 1099 1020 1125 δυοῖν
1036 1099 1149 1134 ἡμερῶν
1163 1099 1300 1135 διάστημα
1315 1100 1380 1136 ὅλης
1398 1101 1446 1127 καὶ
1469 1102 1554 1137 μόνης
1569 1104 1635 1138 μιᾶς
1651 1106 1736 1130 ποιεῖ-

949 1151 994 1170 ται
1008 1144 1115 1176 νυκτὸς,
1130 1143 1177 1170 καὶ
1190 1145 1224 1171 τὰ
1244 1145 1291 1171 τοῦ
1307 1145 1388 1177 πεζοῦ
1416 1146 1533 1181 στρατοῦ
1556 1148 1738 1183 συναθροίσας

951 1188 1209 1224 ἑγκαταλείμματα,
1226 1190 1393 1226 παραλαϐὼν
1419 1191 1468 1218 σὺν
1483 1192 1569 1228 αὐτῷ,
1591 1194 1623 1228 τῇ
1642 1194 1737 1229 Δημη-

953 1277 1042 1305 risum
1067 1281 1164 1305 nostro
1178 1278 1298 1306 ludibrio
1322 1280 1417 1308 movit.
1431 1280 1553 1316 Denique
1569 1290 1622 1310 non
1639 1282 1737 1311 defue-

951 1328 1017 1351 runt
1033 1323 1080 1358 qui
1097 1331 1130 1351 ex
1149 1329 1232 1358 metu,
1245 1333 1300 1360 quo
1325 1327 1402 1360 prius
1421 1328 1584 1355 tenebantur
1606 1328 1739 1356 Romanae

949 1370 1090 1404 potentiae,
1104 1370 1131 1397 in
1146 1376 1333 1405 contemptum
1351 1373 1510 1406 transirent,
1526 1378 1552 1400 et
1573 1375 1738 1409 praecipuum

950 1415 1092 1450 copiarum
1113 1416 1218 1451 imperii
1239 1418 1323 1445 robur
1351 1419 1431 1454 332
1447 1420 1571 1448 excisum
1588 1421 1739 1456 dilapsum-

950 1467 1004 1496 que
1035 1461 1211 1496 gratulantes,
1235 1463 1410 1491 delendarum
1437 1473 1545 1501 quoque
1564 1466 1738 1502 reliquiarum

952 1507 1083 1542 impetum
1114 1514 1254 1543 caperent.
1283 1509 1351 1537 Nam
1380 1509 1476 1538 Latina
1504 1513 1602 1540 classis
1617 1521 1678 1548 qua:
1705 1513 1739 1540 ad

955 1554 1086 1589 Euripum
1106 1555 1205 1588 stabat,
1228 1556 1338 1583 navium
1351 1557 1432 1592 paulo
1457 1558 1548 1585 minus
1567 1559 1686 1594 triginta,
1699 1561 1740 1586 sic

955 1601 1056 1629 animis
1073 1605 1153 1629 aucta
1170 1606 1212 1629 est
1226 1602 1319 1629 audita
1343 1603 1430 1630 nostri
1447 1605 1586 1632 terrestris
1602 1606 1739 1634 exercitus

953 1647 1044 1679 clade,
1059 1652 1088 1673 ut
1102 1654 1156 1673 non
1173 1647 1310 1674 dubitaret
1326 1649 1406 1683 triplo
1421 1650 1634 1677 numerosiorem
1652 1651 1738 1686 impe-

955 1693 1054 1720 ratoris
1070 1693 1192 1720 navalem
1204 1694 1364 1726 exercitum,
1393 1696 1537 1722 stationem
1571 1700 1636 1723 tunc
1666 1698 1739 1724 circa

955 1738 1153 1765 Demetriadem
1169 1738 1325 1771 habentem,
1338 1739 1451 1767 incursu
1466 1741 1608 1775 repentino
1619 1743 1739 1777 aggredi.

954 1784 1110 1818 [inspirabat
1132 1784 1300 1812 alacritatem
1336 1785 1363 1812 in
1382 1785 1469 1812 audax
1495 1787 1639 1814 consilium
1666 1794 1739 1815 certa

957 1830 1054 1857 fiducia
1073 1831 1132 1865 pari
1150 1829 1259 1857 fortuna
1276 1831 1370 1858 utendi
1386 1832 1527 1860 maritimo
1540 1841 1649 1868 quoque
1669 1841 1739 1868 przc-

954 1877 1002 1904 lio.
1020 1875 1272 1912 Persuaserantque
1288 1877 1351 1911 sibi,
1364 1878 1386 1905 si
1407 1879 1539 1913 perculsis
1566 1879 1740 1907 incommodo

955 1924 1078 1951 terrestri
1095 1930 1121 1952 et
1139 1924 1242 1951 recenti
1258 1924 1335 1952 clade
1349 1925 1452 1952 territis
1468 1925 1560 1954 infesti
1577 1927 1738 1961 superveni-

955 1975 1028 2002 rent,
1045 1971 1135 2005 specie
1151 1971 1208 2005 ipsa
1229 1971 1271 1998 sui
1283 1973 1468 2008 praesentique
1483 1974 1602 2001 oceursu
1618 1974 1739 2001 debella-

956 2020 1046 2048 turos,
1061 2017 1251 2051 potiturosque
1269 2025 1330 2045 mox
1349 2019 1473 2051 navibus,
1488 2024 1566 2054 portu
1587 2020 1739 2054 praesertim

957 2063 1072 2090 inclusis
1087 2068 1113 2090 et
1126 2071 1173 2097 per
1187 2064 1329 2098 angustias
1348 2065 1484 2100 explicare
1499 2073 1559 2093 sese
1573 2067 1598 2093 in
1615 2066 1738 2093 navalem

958 2107 1046 2135 aciem
1064 2114 1117 2134 non
1134 2107 1298 2135 valentibus.
1316 2108 1350 2135 Et
1371 2116 1466 2143 parum
1484 2109 1573 2136 abfuit
1602 2109 1667 2143 quin
1681 2110 1739 2144 spei

958 2161 1099 2188 compotes
1116 2153 1223 2186 fierent,
1251 2159 1443 2189 momentoque
1469 2155 1565 2190 ingens
1588 2155 1738 2190 periculum

111 2199 182 2226 tales
201 2198 227 2224 in
246 2204 356 2224 summo
371 2195 556 2235 collocantur,
577 2200 607 2221 ut
625 2194 704 2229 longe
719 2195 899 2229 prospiciam.
918 2205 939 2232 ι)
955 2206 1070 2226 summa:
1085 2199 1142 2226 illic
1160 2206 1252 2226 rerum
1270 2199 1331 2226 fuit.
1351 2199 1437 2234 Cujus
1453 2207 1516 2227 cum
1545 2205 1617 2228 esset
1639 2202 1738 2235 raptim

112 2246 154 2271 An
173 2243 247 2270 enim
265 2242 423 2276 speculator
447 2241 474 2267 in
493 2233 572 2275 culpa
601 2245 645 2267 est
662 2241 708 2275 qui
727 2248 782 2267 non
803 2241 901 2275 pravi—

113 2292 196 2322 derit,
214 2297 269 2317 n0n
301 2288 522 2324 praeiudicaverit
550 2287 698 2319 perniciem
728 2288 900 2322 ingruentem

114 2337 193 2370 cujus
222 2333 394 2362 observando
407 2332 532 2367 appulsui
557 2332 724 2359 constitutus
749 2331 775 2358 in
791 2332 901 2366 specula

112 2382 218 2409 fuerit:
238 2381 292 2408 dux
310 2379 456 2406 habebitur
473 2378 615 2409 innocens,
634 2377 681 2412 qui
701 2384 754 2404 non
773 2378 900 2411 praescie-

110 2429 158 2460 rit,
182 2435 236 2454 non
263 2425 431 2461 praeaverit
457 2424 583 2454 insidias,
600 2423 772 2458 furthosque
785 2424 902 2458 impetus

111 2474 264 2511 sagacitate
281 2478 486 2506 praeoccupans,
505 2476 613 2496 malure
629 2470 744 2496 obvians
761 2469 900 2502 averterit,

109 2520 183 2555 ῳιυι]
206 2519 378 2552 potissimum
396 2521 425 2543 ut
440 2516 523 2544 faciat
541 2516 568 2542 in
585 2515 612 2542 id
627 2520 738 2543 evectus
763 2514 900 2549 fastigium

109 2566 245 2595 est?Non
262 2564 395 2600 profecto.
409 2563 518 2590 Minime
531 2563 568 2596 id,
587 2562 716 2596 inquam;
733 2569 783 2589 nec
798 2562 831 2589 de
850 2561 901 2588 hoc

109 2613 258 2648 quisquam
270 2611 317 2645 qui
337 2610 426 2644 sapiat
441 2608 617 2636 dubitaverit.

146 2658 283 2685 Cancrum
306 2660 336 2682 ut
358 2655 431 2682 hunc
446 2653 698 2688 inopinatissimum
716 2661 811 2681 casum
830 2658 902 2681 stre-

110 2714 177 2737 nue,
198 2710 226 2731 ut
243 2704 323 2735 solet,
340 2702 365 2728 in
387 2707 482 2727 Omnes
496 2700 549 2726 late
565 2703 657 2734 partes
681 2699 752 2726 fama
770 2699 900 2734 vulgavit,

108 2753 203 2780 varios
216 2752 241 2777 in
261 2748 345 2776 variis
360 2754 457 2782 repens
475 2746 587 2773 nuntius
602 2745 732 2774 excitavit
748 2747 900 2774 animorum

110 2802 212 2825 ninlus.
226 2794 324 2820 Multos
335 2793 407 2827 gravi
419 2792 511 2818 dolore
520 2791 625 2823 aﬂ‘eeit;
640 2799 690 2818 non
703 2799 805 2826 paucos
815 2800 902 2828 usque

110 2845 144 2871 ad
158 2848 299 2877 stuporem
317 2838 433 2874 perculit
449 2846 454 2870 ;
473 2837 636 2872 quibusdam
657 2838 734 2866 lit'llls
748 2839 857 2872 accidit,
875 2845 900 2867 et

954 2243 1087 2271 indicium
1104 2244 1239 2278 perlatum
1247 2245 1280 2271 ad
1297 2243 1429 2271 Joannem
1446 2245 1588 2280 dcspotam
1604 2247 1631 2273 in
1648 2247 1738 2274 locum

953 2289 997 2316 cui
1010 2296 1109 2316 nomen
1131 2289 1280 2317 Drimianis
1293 2290 1354 2324 fuga
1371 2295 1521 2325 receptum,
1539 2291 1563 2318 is
1581 2299 1738 2327 quanquam

953 2335 1054 2370 plenus
1081 2334 1169 2362 cladis
1199 2339 1226 2362 et
1258 2335 1363 2370 pudore
1388 2343 1561 2371 mteroreque
1593 2337 1738 2368 confusus.

957 2382 1086 2409 excitavit
1099 2389 1159 2409 sese
1175 2386 1278 2414 tamen,
1305 2382 1377 2410 haud
1394 2383 1490 2411 molles
1508 2384 1672 2412 admovente
1691 2387 1739 2412 sti-

954 2428 1045 2455 mulos
1060 2429 1136 2462 justo
1154 2432 1240 2460 metu,
1256 2436 1288 2455 ne
1304 2428 1326 2455 si
1342 2435 1430 2455 novus
1451 2429 1502 2456 iste
1513 2437 1622 2464 quoque
1641 2438 1738 2458 succe-

953 2473 1029 2501 derct
1046 2474 1079 2500 ad
1099 2478 1190 2500 votum
1211 2474 1329 2501 hostium
1346 2479 1472 2506 conatus,
1505 2482 1558 2502 non
1584 2475 1672 2502 'soluin
1693 2483 1736 2503 ac-

954 2525 1033 2555 cepto
1052 2520 1109 2555 jam
1125 2520 1301 2547 incommodi)
1317 2519 1409 2546 fatalis
1428 2521 1555 2548 cumulus
1580 2521 1738 2554 adderetur,

956 2565 1003 2592 sed
1025 2565 1140 2592 ulterius
1161 2572 1271 2599 quoque
1289 2572 1377 2598 usque
1396 2565 1637 2600 inii-reparabilem
1656 2567 1741 2602 impc-

955 2611 987 2638 rii
1007 2612 1114 2638 ruinam
1133 2611 1226 2638 damni
1251 2610 1388 2646 pernicies
1414 2611 1566 2639 excederet.
1582 2611 1653 2644 Quid
1667 2613 1739 2640 enim

955 2657 1045 2685 timeri
1063 2657 1158 2684 mitius
1186 2661 1303 2691 poterat,
1340 2657 1361 2683 si
1381 2656 1490 2688 classis,
1509 2658 1566 2685 sola
1597 2662 1664 2685 tunc
1678 2666 1740 2692 pars

953 2705 1053 2731 virium
1072 2703 1205 2730 Romanis
1215 2703 1300 2735 salva,
1313 2703 1471 2730 deleretur?
1484 2702 1540 2731 liae
1554 2704 1741 2732 sollicitudine

954 2751 1101 2778 instinctus
1119 2757 1152 2776 ex
1168 2749 1268 2784 effugio
1285 2749 1332 2776 illo
1346 2757 1377 2776 ac
1393 2749 1505 2776 latebris
1518 2750 1607 2784 erupit
1619 2751 1694 2783 suis;
1713 2756 1741 2778 et

953 2796 1027 2831 quod
1058 2795 1218 2822 Drimianim
1247 2803 1280 2823 ac
1312 2794 1510 2823 Demetriadem
1544 2796 1674 2824 intererat
1690 2798 1740 2825 iter

955 2840 1030 2868 bidui
1062 2847 1115 2867 una
1146 2844 1225 2868 nocte
1255 2838 1410 2874 pervolans,
1428 2840 1513 2873 raptis
1544 2847 1649 2873 secum,
1671 2849 1740 2871 quas
