1936 3069
179 94 239 127 ’ῖ83

789 87 953 120 GEORGII
970 83 1215 117 PACHYMERIE

1752 81 1802 112 τδι

185 149 276 185 τριάδι
303 147 459 182 ἐφίσταται,
475 146 524 173 καὶ
544 144 590 172 τὺν
609 144 700 172 στόλον
721 145 751 170 ἰν
770 143 828 179 χρῷ
847 142 970 170 κινδύνου
985 147 1008 175 Α
1022 140 1120 175 φωνῶν
1133 147 1163 166 τι
1178 138 1227 166 καὶ
1251 135 1446 172 ποτνιώμενος,
1462 136 1512 164 καὶ
1527 136 1565 168 ὡς
1580 135 1661 169 αὐτὸς
1677 138 1692 164 ὸ
1711 137 1804 166 δεσπό-

185 193 402 229 καταλαμὸάνει.
434 192 504 226 Ἤδη
518 191 572 227 γὰρ
589 190 637 217 καὶ
662 190 690 217 αἱ
710 189 765 216 τῶν
779 189 884 224 ὲχθρῶν
909 187 972 222 νῆες

185 240 317 275 ἐμφανεῖς
332 236 402 274 ἦσαν
419 236 622 272 προσδαλοῦσαι
639 235 670 262 τὸ
692 234 831 269 τηνικάδε.
851 233 894 264 Ὠς
907 231 973 266 γοῦν

185 285 257 312 κατὰ
278 284 371 319 στίχας
395 283 525 318 ἔστησαν,
541 281 667 308 κάκεῖναι
689 280 738 314 μὲν
760 280 820 314 ἅμα
839 277 973 314 προσέϐα-

183 331 243 364 λον,
263 331 291 357 αἱ
311 330 341 356 δὲ
366 330 421 355 τῶν
440 327 584 363 Ῥωμαίων
613 325 738 361 στιχηδδν
764 325 836 352 κατὰ
858 323 973 354 δεκάδας

186 376 357 412 ἐπῄεσαν,αἱ
381 375 429 407 μὲν
456 374 506 408 τῆς
526 372 638 407 πρώτης
660 370 772 402 δεκάδος
793 370 843 404 τὴν
861 368 975 403 πρώτην

185 423 309 457 ἐδέχοντο
324 421 426 456 μάχην,
439 419 546 453 καὶτῆς
557 416 669 446 δεκάδος
682 416 700 450 ἡ
712 415 810 450 πρώτη
826 415 973 449 προώρμα,

186 467 254 493 ὅπου
274 467 320 492 καὶ
334 465 356 492 ·ὁ
381 463 609 498 Φιλανθρωπηνος
630 460 850 496 πρωτοστράτωρ
868 457 904 495 ἦν
926 457 975 485 καὶ

186 514 216 540 τὸ
243 511 382 548 βασιλικὸν
410 510 577 544 ἀνεγήγερτο
604 506 757 541 σκῆπτρον,
784 504 821 537 ὡς
848 504 973 539 σύνηθες,

186 559 234 586 καὶ
249 558 282 592 δὴ
295 555 486 591 συμπεσοῦσαι
504 553 595 589 μάχην
609 552 724 587 ῆγειραν
737 551 886 586 κρατερᾶν.
903 549 974 577 Ἀλλ’

181 603 238 629 ¹οὐκ
254 600 288 637 ἦν
303 601 368 636 μίαν
384 599 627 635 ὲπεισφρησάντων
642 597 748 624 πολλῶν
763 597 884 630 ἐνεγκεῖν
895 604 902 611 ⁸
914 596 975 622 ὅθεν

187 647 235 674 καὶ
260 646 396 681 περιῆσαν
424 645 582 679 ἐπιθέμενοι
605 643 782 678 μαχομένοις,
809 641 975 675 σφάττοντες

188 691 397 726 ἀντεχομένους,
420 688 638 719 καταϐάλλοντες
665 687 888 722 ἀνθισταμένους.
908 687 975 712 Τότε

189 737 239 772 μὲν
256 736 346 763 πολλοὶ
359 736 406 762 καὶ
423 735 561 769 μαχαίρας
576 733 657 768 ἔργον
682 733 816 767 ἐγένοντο,
834 732 926 758 πολλοὶ
945 732 976 758 δὲ

188 783 235 809 καὶ
259 781 307 808 ἐπὶ
330 781 384 807 τῶν
410 780 512 807 ὑδάτων
536 778 734 809 ὀλισθαίνοντες
762 777 973 811 ἐναπέθνησκον,

188 828 263 855 ἄλλοι
284 827 307 853 δ’
323 824 356 853 αὖ
373 825 538 861 τραυματίαι
564 823 706 858 γεγονότες
724 823 764 855 εἰς
790 823 866 854 τέλος
887 823 976 850 ἀντεῖ·
991 815 1012 842 Β

187 882 246 908 χον.
262 873 312 899 Τὸν
326 872 355 899 δέ
374 880 406 906 γε
425 870 656 906 πρωτοστράτορα
670 869 718 895 καὶ
732 869 843 899 πολλαῖς
860 868 975 895 ἔϐαλλον

187 919 248 949 ταῖς
263 918 348 948 ἁκίσι,
367 916 415 943 καὶ
429 916 490 943 ἐπεὶ
508 914 670 942 καθικέσθαι
685 914 736 940 οὐκ
750 911 784 949 ἦν
799 912 975 947 ὡπλισμένου

189 963 329 994 πεσόντος,
346 962 393 993 τὰς
411 961 548 996 μαχαίρας
562 958 744 994 ὲμῦάλλοντες
762 958 818 984 τῶν
832 958 922 984 ὃπλων
934 958 976 983 ὲν-

189 1009 234 1040 τδς
250 1007 385 1043 ᾐκίζοντο.
404 1007 489 1033 Τοῦτο
501 1006 560 1037 ταῖς
575 1005 682 1035 λοιπαῖς
697 1004 778 1031 ναυσὶ
790 1003 852 1039 δίχα
869 1003 916 1030 καὶ
928 1003 976 1030 τοῦ

190 1054 251 1081 κατ’
271 1053 357 1085 αὐτὰς
378 1052 500 1080 κινδύνου
521 1052 561 1083 εις
592 1050 693 1077 δειλίαν
718 1050 868 1084 ἀνήκεστον
895 1057 976 1084 περι-

189 1100 293 1128 tata-ra.
315 1099 344 1126 '0
367 1098 396 1125 δέ
412 1107 445 1133 γε
464 1097 596 1132 δεσπότης
611 1097 667 1128 τοῖς
684 1094 819 1129 αἰγιαλοῖς
831 1094 978 1129 ὲῳιστάμε-

188 1153 234 1176 νος
260 1143 348 1179 ὤρεγε
377 1144 483 1178 χεῖρας,
511 1141 557 1168 καὶ
583 1138 770 1174 κατηντιϐόλει
800 1138 835 1164 τὰ
861 1138 977 1173 μέγιστα

189 1232 321 1266 colligere
351 1234 487 1265 potuerat,
518 1227 643 1263 reliquiis
663 1227 799 1255 exercitus
826 1225 977 1258 terrestris,

189 1283 313 1305 extremo
343 1278 401 1312 jam
427 1275 585 1304 diserimine
599 1274 799 1309 periclitantem
826 1273 977 1299 Romanam

189 1323 228 1351 ibi
247 1324 350 1357 reperit
364 1323 491 1349 classem.
525 1320 699 1355 Apparebant
721 1319 757 1347 ab
770 1319 826 1346 alto
844 1317 979 1352 expeditae

191 1370 226 1398 ad
251 1368 435 1396 invadendum
466 1368 588 1402 prasitum
616 1366 732 1393 hostiles
748 1372 832 1392 naves
844 1365 979 1391 ordinata:

192 1415 326 1443 seriatim.
334 1414 447 1440 Stabant
455 1420 487 1440 ex
496 1412 611 1439 adverso
619 1412 747 1438 Romana:
754 1410 894 1445 productis
903 1410 928 1436 iu
936 1410 980 1437 de-

194 1461 278 1488 cadas
291 1459 371 1495 333
387 1459 522 1490 versibus,
543 1458 601 1485 acie
612 1464 659 1492 per
675 1456 841 1491 multiplices
867 1454 979 1482 ordines

192 1507 346 1542 profunda;
363 1505 443 1540 cujus
459 1512 519 1540 qua:
534 1504 611 1531 frons
629 1507 688 1530 erat
702 1503 785 1530 decas
800 1502 887 1536 prima
897 1508 980 1528 com—

190 1548 670 1584 tuitterejatncmperat,excipiens
699 1546 818 1581 primum
849 1545 980 1579 impetum

192 1597 356 1624 irruentium
388 1595 413 1622 vi
427 1601 534 1622 summa
567 1593 741 1620 Latinorum.
765 1591 794 1618 In
825 1591 869 1618 his
887 1591 980 1618 decem

192 1642 294 1670 nostris
307 1642 435 1676 princeps
447 1644 506 1667 erat
521 1639 580 1674 ipsa
595 1637 734 1673 pra-toria,
759 1643 813 1672 qua
831 1635 981 1663 Vehebatur

192 1688 440 1721 Philautlu'opeuus
454 1690 643 1721 protostrator,
653 1685 726 1711 unde
739 1686 858 1710 erectum
877 1681 980 1716 promi-

190 1735 273 1760 nebat
286 1733 318 1760 de
331 1740 406 1759 more
420 1732 473 1758 alte
487 1731 667 1765 conspicuum
698 1733 838 1763 sceptrum
857 1727 979 1762 imperii.

187 1779 231 1806 Ea
247 1778 373 1814 expedito
386 1781 449 1804 ante
472 1784 568 1804 omnes
582 1783 714 1810 procursu
725 1774 873 1801 miscuerat
884 1781 912 1801 se
929 1773 981 1800 ho-

187 1826 281 1854 stibus
297 1829 464 1858 strenueque
478 1822 636 1855 dimicabat,
652 1821 824 1848 imitantibus
844 1827 893 1854 pro
908 1820 980 1847 virili

192 1878 293 1898 novem
317 1870 432 1898 caeteris.
454 1868 554 1895 Verum
571 1875 632 1894 cum
650 1867 677 1894 in
698 1873 780 1894 unam
810 1866 884 1893 illam
905 1870 982 1893 extra

194 1915 317 1943 ordinem
334 1918 456 1942 evectam
481 1911 601 1946 undique
614 1911 703 1938 Latini
727 1911 882 1938 coorientes
899 1918 983 1938 cona-

195 1961 270 1988 tibus
286 1968 333 1994 pro
348 1967 377 1986 se
389 1959 506 1994 quisque
523 1956 773 1985 vehementissimis
788 1956 981 1990 irrumperent,

194 2015 250 2034 non
268 2006 402 2034 sustinuit
422 2005 475 2032 vim
504 2009 624 2031 atrocem
654 2003 688 2030 ad
706 2008 870 2034 extremum,
900 2002 983 2030 adiui-

194 2053 323 2087 misitque
342 2053 469 2083 victores,
496 2051 544 2085 qui
570 2048 683 2077 ciuetati
714 2048 898 2076 constantiam
915 2049 983 2076 resi-

195 2099 326 2127 stentium
343 2098 492 2125 fortissime
505 2101 675 2128 nostrorum,
689 2095 858 2123 lrucidantes
877 2094 982 2122 adver—
999 2114 1020 2141 Β

196 2154 252 2179 sos,
262 2145 425 2179 dejicientes
434 2143 548 2175 tobvios,
564 2141 748 2169 miserabilem
760 2140 901 2169 ediderunt
911 2145 982 2168 stra-

195 2200 267 2227 gem.
292 2191 368 2218 fl‘une
385 2190 484 2217 multos
513 2188 667 2222 absumpsit
691 2185 836 2215 confossos
862 2186 979 2221 gladius,

198 2237 299 2264 inultos
317 2235 407 2262 hausit
423 2235 449 2261 in
462 2241 563 2270 aquam
580 2233 706 2267 delapsos
723 2239 808 2259 mare.
821 2231 874 2258 Alii
889 2236 980 2258 tamen

196 2282 298 2314 adhuc,
311 2282 375 2308 licet
389 2281 541 2308 semineces
555 2278 724 2309 vulneribus,
747 2277 781 2305 ad
793 2277 875 2305 ﬁnem
894 2285 981 2311 usque

195 2327 371 2355 resistebant.
390 2325 620 2353 Protostratorem
633 2324 721 2358 ipsum
737 2321 830 2349 multis
846 2322 982 2357 petierunt

192 2373 269 2405 telis,
288 2381 350 2407 qua:
369 2371 500 2407 quoniam
517 2369 638 2405 perferre
657 2369 741 2396 ictum
765 2368 793 2395 in
817 2375 918 2402 corpus
932 2375 981 2394 ne-

190 2419 312 2454 quibant
325 2418 415 2445 valida
432 2417 534 2452 ubique
550 2419 701 2451 protectum
718 2418 870 2446 armatura,
884 2413 982 2448 gladiis

188 2473 243 2502 .per
268 2465 352 2491 rimas
380 2469 407 2491 et
425 2463 624 2491 commissuras
643 2467 795 2488 xarmorum
834 2459 982 2486 insinuatis

194 2519 266 2540 saeve
295 2511 372 2538 illum
394 2508 628 2537 exearniﬁeabant
648 2515 693 2541 per
721 2507 815 2533 intima
836 2504 980 2532 fodientes.

193 2559 222 2586 Id
245 2565 307 2584 vero
324 2557 546 2583 animadversum
579 2554 613 2580 ab
635 2553 753 2580 aliarum
774 2551 905 2578 militibus
933 2558 981 2577 na-

192 2605 280 2634 vium,
298 2602 440 2629 acerrimis
472 2606 499 2628 et
525 2600 646 2635 ipsarum
670 2598 817 2626 iusultibus
853 2597 982 2623 laborau-

194 2651 273 2682 tium,
286 2648 365 2682 l'regit
381 2648 498 2682 denique
514 2647 679 2682 pertinacem
695 2644 720 2671 iu
736 2644 761 2670 id
780 2644 830 2670 loci
845 2647 983 2670 constan—

193 2698 271 2728 tiam,
283 2695 352 2722 tristi
366 2701 393 2722 et
408 2694 602 2722 immedicabili
615 2693 714 2727 injecta
731 2700 764 2719 ex
791 2690 982 2726 desperatione

194 2740 352 2771 formidine,
367 2739 477 2773 quand.)
487 2739 613 2773 apparuit
627 2745 642 2764 e
660 2739 751 2764 littore
781 2737 896 2770 tlespola
924 2742 981 2761 ma-

189 2794 247 2813 nus
265 2785 391 2818 tendens,
408 2793 439 2813 ac
450 2785 566 2820 supplici
588 2785 709 2812 clamore
731 2782 894 2812 vociferans,
916 2786 980 2809 sta—

1022 194 1072 221 της
1088 185 1132 220 εῖη
1145 185 1192 211 καὶ
1209 183 1390 219 προσσοηθεῖν
1409 184 1476 219 ἔχοι,
1491 183 1539 210 καὶ
1554 184 1568 210 6
1581 183 1676 218 καιρὸς
1690 185 1804 212 ’ἀνακλι-

1023 231 1103 266 θῆναι
1129 230 1205 264 σφίσι
1228 229 1351 264 σφάλμα,
1367 230 1392 256 ει
1419 229 1499 264 μόνον
1519 229 1690 264 προσέχοιεν.
1708 229 1804 264 Ὠρεγι

1023 284 1053 302 τε
1065 276 1158 310 χεῖρας
1172 274 1272 307 ἔξωθεν
1283 275 1340 305 τοῖς
1355 273 1439 307 ἔντος,
1459 273 1506 300 καὶ
1522 273 1676 308 προθυμίας
1692 275 1804 309 παρεῖχε

1025 319 1159 354 σύμϐολα,
1174 318 1217 356 [Ρ.
1236 318 1303 355 224]
1323 318 1360 351 ὡς
1385 318 1510 345 ἐντεῦθεν
1533 315 1649 352 πέμψων
1671 318 1806 353 βοήθειαν.

1024 366 1056 393 Ol
1070 365 1098 392 δὲ
1109 367 1156 392 καὶ
1169 369 1244 400 παρὰ
1251 366 1282 391 τὸ
1295 364 1368 396 εῑκδς
1378 364 1544 399 ὴνδριζοντο,
1556 364 1604 390 καὶ
1618 364 1694 397 δίκην
1705 364 1808 399 ἀγρίων

1026 410 1098 437 συῶν
1109 410 1335 444 κατεσφᾴττοντο.
1351 410 1381 436 '0
1398 410 1426 436 δὲ
1439 410 1498 440 ταῖς
1515 409 1717 444 παρατυχοῦσιν
1733 410 1809 437 ἁλιά-

1025 465 1068 483 σιν
1085 456 1196 491 ἁκμῆτα
1220 456 1285 483 λαὸν
1310 455 1490 489 προσέπεμπε
1513 456 1560 482 καὶ
1581 455 1807 491 προσεπεδοήθει,

1024 501 1073 528 καὶ
1087 502 1189 536 φωναῖς
1213 501 1260 527 καὶ
1282 501 1404 535 σχήμασι
1429 500 1499 534 πρὸς
1520 501 1627 535 ἄμυναν
1650 501 1808 536 παρεκάλει,

1025 547 1068 582 ἔφ’
1083 544 1105 581 ᾧ
1125 547 1162 582 μὴ
1188 546 1303 582 σφαλείη
1328 547 1375 572 καὶ
1402 546 1437 572 τὰ
1459 547 1526 573 ἐκεῖ.
1550 547 1593 578 Ὠς
1610 546 1632 573 δ’
1658 547 1706 573 ἐπὶ
1730 547 1810 582 ξυροῦ

1025 592 1139 623 ἐκείνοις
1152 593 1166 618 ὁ
1186 591 1307 622 κίνδυνος
1327 591 1431 623 ἵστατο,
1453 591 1539 622 ἄλλως
1557 591 1627 625 ἔγνω
1642 592 1808 627 παρακαλεῖν

1026 635 1073 664 καὶ
1093 637 1202 672 θερμῶς
1219 636 1350 663 ἱκετεύειν
1362 637 1436 671 αὑτῷ
1449 637 1481 671 δὴ
1491 636 1530 671 τῷ
1541 637 1662 672 ταπεινῷ
1674 639 1807 673 σχήματι·

1026 684 1060 731 ἐκ
1074 682 1129 731 γξρ
1144 682 1193 731 τῆς
1207 681 1491 731 δεινῆς-*ἑξμτὲρωθεν
1511 682 1694 714 ἀντιστάσεως
1720 683 1810 710 πολλοὶ

1026 724 1253 754 τῶν’πιπτόντων
1281 726 1314 762 [Ρ
1330 726 1395 761 2‘25]
1422 724 1504 761 ἦσαν,
1531 727 1579 754 καὶ
1604 727 1726 755 θάλασσα
1752 729 1811 764 ρἐν

1027 774 1134 809 αἵματι.

1025 843 1058 878 λβ
1068 861 1077 870 .
1090 843 1191 875 Ὀπως
1205 842 1280 870 κατὰ
1292 842 1484 878 θάέασσανγό
1496 842 1728 876 πρωτοστράτωρ
1743 844 1810 870 Φιλ-

1060 878 1256 912 ανθρωπηνὸς
1277 876 1347 909 νικᾷ
1373 878 1443 910 τοὺς
1458 877 1592 910 Ἰταλοὺς
1604 878 1678 904 κατὰ
1693 878 1809 912 κράτος,

1061 913 1281 974 Ξυνεργοῦντος
1296 912 1408 944 ἔξωθεν
1429 912 1479 938 καὶ
1498 912 1550 939 τοῦ
1582 912 1732 940 δεσπότου
1754 914 1810 939 Ἰω-

1083 956 1168 974 ννου.

1063 1003 1172 1039 [1³395]
1188 1003 1256 1038 Ἤδη
1270 1004 1298 1031 δὲ
1315 1003 1361 1030 καὶ
1384 1005 1400 1040 ἡ
1418 989 1653 1040 ’πρωτοτακτοῦσα
1668 1005 1811 1032 κατεδικά-

1027 1049 1089 1081 ζετο
1103 1049 1170 1081 ναῦς
1187 1050 1234 1076 καὶ
1258 1049 1309 1084 ἤδη
1333 1050 1388 1081 τοῖς
1408 1050 1515 1085 ἐχθροῖς
1540 1052 1672 1085 ἀπήγετο,
1687 1052 1716 1078 ὲν
1766 1053 1813 1077 καὶ

1027 1095 1108 1122 ὁτῶν
1131 1094 1204 1130 νηῶν
1229 1094 1343 1130 ἔξαρχος
1363 1093 1399 1130 ἦν
1418 1097 1465 1122 καὶ
1489 1095 1519 1122 αῖ
1543 1096 1679 1130 βασιλικαὶ
1697 1098 1812 1132 σημαῖαι

1028 1141 1075 1168 καὶ
1098 1141 1124 1168 οἱ
1142 1141 1197 1167 τῶν
1222 1141 1348 1176 μαχίμων
1370 1140 1475 1176 ἀνδρῶν
1498 1141 1652 1177 πρόκριτοι.
1676 1142 1730 1169 Καὶ
1752 1143 1813 1169 τότε

1029 1236 1089 1260 rent
1105 1231 1196 1260 adhuc
1216 1230 1317 1258 animis
1333 1239 1340 1258 :
1355 1238 1388 1258 en
1411 1230 1509 1258 adesse
1533 1238 1593 1258 sese
1612 1231 1750 1266 despotam
1763 1238 1814 1259 au-

1029 1277 1092 1305 xilia
1111 1276 1239 1303 ferentem
1253 1283 1260 1308 ;
1277 1276 1450 1302 occasionem
1466 1275 1563 1303 adesse
1590 1276 1752 1310 reponenda:
1768 1277 1814 1304 ho-

1034 1323 1122 1351 stibus
1135 1322 1220 1350 cladis
1239 1330 1357 1357 nupera‘,
1376 1323 1398 1350 si
1414 1323 1524 1356 paulum
1542 1322 1624 1349 modo
1641 1323 1814 1350 conuiteren-

1029 1373 1082 1395 tur.
1097 1367 1159 1395 Haec
1167 1368 1284 1402 loquens
1295 1368 1381 1400 vultu,
1393 1368 1490 1399 oculis,
1503 1375 1628 1395 manuum
1641 1368 1813 1403 protensione

1029 1414 1231 1447 commonebat,
1244 1418 1340 1440 eterra
1358 1414 1465 1441 intuens
1481 1414 1506 1440 iu
1521 1415 1635 1441 navibus
1650 1419 1812 1450 pugnantes,

1031 1466 1109 1492 nutu,
1129 1465 1217 1495 gestu,
1230 1459 1304 1486 οηιηί
1322 1464 1453 1494 praeterea
1469 1460 1617 1495 signiticati
1628 1467 1671 1487 me
1688 1460 1815 1489 indicans

1031 1505 1166 1532 adducere
1186 1512 1215 1532 se
1240 1504 1371 1532 auxilium
1404 1505 1578 1540 praevalidum
1605 1513 1665 1532 mos
1698 1514 1815 1541 moxque

1031 1551 1203 1578 adfuturum.
1226 1551 1253 1577 Id
1266 1550 1406 1577 enimvero
1431 1550 1581 1584 plurimum
1611 1551 1705 1578 \aluil.
1725 1551 1814 1579 Nostri

1031 1597 1131 1624 milites
1154 1605 1169 1624 a
1187 1601 1252 1624 nota
1268 1596 1350 1632 33h.
1366 1595 1436 1624 facie
1463 1604 1495 1624 ac
1512 1604 1577 1624 voce
1594 1597 1672 1624 novis
1700 1598 1816 1632 receptis

1031 1644 1141 1676 animis,
1164 1643 1251 1679 instar
1267 1650 1407 1677 aprorum,
1423 1643 1468 1677 qui
1482 1643 1660 1670 circumventi
1679 1644 1817 1671 venabulis

1033 1688 1059 1715 in
1080 1688 1138 1722 ipsa
1155 1693 1242 1715 morte
1256 1687 1345 1714 dirum
1363 1687 1499 1719 frondent,
1523 1688 1593 1714 haud
1610 1688 1721 1722 impune
1730 1689 1815 1716 truci-

1033 1734 1182 1761 dabantur.
1201 1733 1311 1760 interim
1329 1733 1362 1760 iis
1379 1733 1502 1760 subsidio
1521 1733 1643 1767 despota.
1661 1735 1817 1769 piscatoriis

1033 1779 1102 1805 forte
1114 1778 1248 1806 naviculis
1267 1778 1394 1813 repertis,
1406 1779 1492 1806 lertos
1513 1779 1674 1806 bellatorum
1692 1781 1817 1815 manipu-

1034 1823 1076 1850 los
1101 1823 1284 1856 submittere;
1309 1823 1421 1850 \ocibus
1443 1824 1543 1858 pariter
1565 1829 1592 1850 et
1606 1824 1691 1858 signis
1712 1826 1817 1859 procul,

1034 1874 1063 1895 ut
1079 1872 1209 1903 cmperat,
1223 1868 1344 1896 animare
1356 1877 1363 1901 ;
1378 1869 1515 1896 concitare
1529 1869 1554 1896 in
1567 1869 1709 1902 ultionem,
1721 1870 1819 1897 admo—

1034 1921 1098 1942 nere
1113 1914 1237 1941 ultimum
1255 1914 1280 1941 id
1307 1917 1416 1948 tempus
1443 1914 1500 1942 fore
1523 1915 1662 1942 Servanda:
1688 1915 1819 1943 Romanae

1033 1961 1084 1992 rei,
1114 1961 1186 1988 haud
1212 1960 1294 1987 dubie
1322 1961 1459 1993 periturae,
1489 1961 1511 1987 si
1535 1960 1677 1988 oliensioni
1695 1963 1818 1989 terrestri

1033 2008 1124 2036 clades
1152 2007 1291 2034 maritima
1323 2006 1507 2041 superveniat.
1543 2005 1605 2034 Haec
1627 2008 1820 2035 ardentissime

1033 2062 1117 2089 agens
1145 2055 1217 2087 licet,
1253 2061 1350 2089 parum
1386 2053 1546 2088 proﬁciebat
1583 2062 1590 2080 ι
1625 2054 1819 2081 intendebatur

1033 2100 1104 2126 enim
1119 2099 1282 2132 periculum,
1306 2102 1333 2125 et
1349 2105 1444 2132 parum
1469 2104 1484 2123 a
1500 2097 1671 2124 conclamata
1697 2098 1820 2132 pernicie

1034 2153 1079 2173 res
1097 2146 1203 2173 aberat.
1219 2143 1268 2171 Ille
1287 2145 1461 2178 conspicatus
1487 2143 1574 2178 magis
1601 2144 1743 2178 magisque
1761 2143 1819 2170 Bo—

1033 2197 1129 2218 manos
1142 2190 1250 2221 cadere,
1264 2188 1446 2224 congeminari
1465 2187 1565 2220 caedes,
1589 2188 1745 2215 coacervari
1771 2196 1820 2214 ca-

1031 2235 1131 2262 davera
1147 2241 1274 2266 suorum,
1296 2232 1482 2261 decoloratum
1498 2239 1596 2260 cruore
1616 2237 1744 2267 pontum,
1757 2233 1820 2260 int--

1031 2278 1152 2307 luctabili
1169 2279 1193 2305 vi
1205 2285 1286 2306 ruere
1301 2278 1431 2310 victores,
1443 2277 1553 2305 aliunde
1563 2277 1619 2312 jam
1638 2283 1713 2305 ratus
1739 2279 1818 2306 auxi-

1031 2325 1099 2352 lium
1120 2324 1309 2359 quatrendum,
1331 2323 1379 2351 Dei
1408 2331 1486 2358 opem
1515 2324 1677 2357 veniamque
1692 2324 1822 2352 ardenter

1033 2370 1236 2404 invoeatquam
1259 2368 1463 2396 demississimo
1496 2368 1591 2396 habitu
1608 2368 1734 2403 supplex,
1763 2376 1822 2396 nou

1033 2415 1146 2449 frustra,
1164 2420 1194 2442 ut
1213 2422 1278 2442 mox
1291 2414 1437 2442 videbitur.

1033 2494 1078 2522 52.
1096 2493 1130 2521 Ut
1153 2493 1222 2519 mari
1235 2497 1411 2526 protoslrator
1427 2491 1665 2526 Pliilantltropenus
1683 2491 1768 2519 Italos
1783 2493 1822 2519 ri-

1118 2529 1193 2560 cerit,
1210 2528 1353 2562 adjuvante
1368 2536 1383 2553 a
1396 2532 1466 2554 terra
1486 2528 1594 2560 dupota
1614 2525 1728 2554 Joanne.

1068 2593 1126 2621 iam
1152 2593 1279 2629 pra'toria
1303 2598 1396 2620 nostra
1419 2598 1570 2627 expugnata
1588 2593 1614 2619 vi
1639 2592 1759 2619 hostium
1785 2593 1823 2619 ab

1033 2641 1099 2676 ipsis
1121 2640 1316 2671 abducebatur,
1343 2643 1370 2666 et
1392 2639 1418 2665 in
1436 2646 1469 2665 ea
1485 2639 1620 2665 universa:
1638 2639 1733 2665 classis
1748 2646 1824 2672 prte-

1033 2687 1129 2718 fectus,
1144 2685 1321 2721 itnperatoria
1343 2684 1471 2719 insignia,
1489 2684 1633 2719 ipsumque
1648 2684 1716 2711 adeo
1736 2684 1824 2710 robur

1033 2739 1135 2759 nostra:
1165 2732 1271 2758 militia:
1298 2730 1423 2761 navalis,
1451 2729 1592 2756 lectissimi
1621 2728 1823 2761 fortissimique

1034 2779 1190 2811 bellatores,
1205 2777 1325 2813 quando,
1343 2780 1372 2803 ut
1386 2776 1489 2803 dictum
1506 2780 1556 2808 est,
1581 2782 1680 2803 novam
1701 2772 1825 2802 addendi
