1936 3069
148 191 204 223 785
625 190 675 220 DE
702 189 898 220 MlCl-IAELE
917 188 1148 220 PALzEOLOGO
1170 189 1243 219 LIB.
1263 189 1296 219 V.
1726 181 1789 213 ’18ίὶ

147 247 198 279 τὰς
215 246 368 281 προθυμίας
394 245 506 272 ἐκείνων
534 245 660 278 ὲπαύξων
686 246 776 281 ῥιπτεῖ
800 244 871 272 κατὰ
888 245 941 279 γῆς
956 248 978 275 Α
997 243 1128 280 Ἀχριδῶν
1142 242 1285 277 Κεραμέᾳ,
1307 240 1356 267 θέα
1372 239 1456 270 ὄντως
1472 238 1576 272 ὲλεεινὴ
1592 235 1641 263 καὶ
1653 235 1780 271 δακρύων

147 292 198 328 τὴν
217 292 374 327 καλύπτραν
391 291 441 326 τῆς
465 290 597 326 κεφαλῆς,
626 291 674 317 καὶ
699 290 772 318 κόνιν
799 290 939 322 πάττεται,

148 338 198 364 καὶ
211 338 342 372 δάκρυσιν
354 337 469 364 ἱκετεύει
483 336 544 363 λίαν
556 336 679 368 ἐλεεινῶς
689 335 727 372 μὴ
737 335 943 371 καταπροέσθαι

149 384 204 410 τῶν
227 383 371 418 συμϐόλων
390 382 583 417 ἀπαγομένων.
598 382 676 409 Οὕτω
698 382 733 409 τὰ
755 381 841 408 πολλὰ
860 389 944 408 κατα-

149 428 299 455 λιτανεύων
315 429 362 454 καὶ
373 427 464 461 λόγοις
479 427 526 454 καὶ
539 427 660 462 σχήμασι
674 426 769 460 καὶτῷ
779 425 825 452 τοῦ
840 425 942 460 τρόπον

150 474 284 507 ταπεινῷ,
299 473 413 504 πολλούς
431 482 461 499 τε
478 472 701 508 προσεπιδάλλων
717 472 772 503 τοῖς
791 470 891 503 ἔξωθεν
904 470 943 502 ὡς

151 519 376 554 ἀναπληροῦσθαι
402 519 466 551 τοὺς
492 518 645 551 λείποντας,
672 517 801 553 ἀνήγειρε
825 525 855 544 τε
880 517 943 548 τοὺς

153 565 323 601 μαχομένους
338 565 386 592 καὶ
405 564 609 600 παρεθάρρυνε,
634 563 682 590 καὶ
701 562 882 598 ἀναισθήτουν
898 562 944 589 πί-

152 619 276 642 πτοντες.
293 610 453 646 καρτερικοί
467 619 539 641 τινες
561 610 609 636 καὶ
634 609 710 645 παρὰ
724 609 755 635 τὸ
777 608 836 635 δέον
853 608 943 643 φαινό-

154 664 242 690 μενοι.
259 657 312 682 Καὶ
327 656 402 686 τέλος
417 655 605 690 περιγίνονται
619 654 674 681 τῶν
685 654 791 689 ἐχθρῶν
807 653 855 680 σὺν
871 653 943 688 πόνῳ

154 691 244 735 πθ).λῷ
258 701 305 728 καὶ
327 701 436 735 μόχθῳ·
459 700 504 727 καὶ
522 700 554 735 δὴ
576 699 649 727 δυοῖν
665 700 682 735 ἢ
707 700 755 726 καὶ
777 699 860 734 τριῶν
874 699 943 725 ἀπο-

152 745 298 780 δρασασῶν
314 746 342 771 αί
366 744 458 771 λοιπαὶ
486 744 556 770 κατὰ
578 744 678 779 κράτος
702 743 860 770 ἁλίσκονται
874 751 882 759 ⁸
898 743 945 769 καὶ

153 792 242 826 οἱμὲν
268 791 419 826 σφαγέντες
445 792 576 819 πεσόντες
601 790 642 822 εἰς
666 790 802 817 θάλασσαν
829 789 944 816 ἀπεπνί-

153 845 243 871 γοντο,
272 837 361 872 ἰχθύσι
381 837 483 871 μᾶλλον
509 836 525 870 ἢ
551 836 659 870 ἀλόχοις
678 836 727 862 καὶ
745 835 851 866 τέκνοις
874 833 944 870 ἦσαν

154 883 278 916 φίλτατοι
291 892 298 900 ·
317 883 341 908 ol
358 883 381 909 δ’
401 882 476 910 ἄλλοι
500 881 723 915 συγκλεισθέντες
748 880 862 916 γαστέρι
881 880 945 915 νηὸς

994 291 1069 322 ἀξία.
1085 287 1307 324 περιστέλλονται
1324 295 1354 313 τε
1369 286 1407 317 ὡς
1424 284 1497 315 είκὺς
1520 282 1585 317 παρ’
1604 281 1708 309 ἐκείνου
1725 282 1780 312 τοῖς

993 334 1140 370 εὑρεθεῖσι,
1167 334 1213 360 καὶ
1234 333 1271 364 ὡς
1289 329 1346 358 οἷόν
1374 339 1404 357 τε
1427 328 1636 365 θεραπεύονται.
1662 327 1729 353 Τότε
1759 326 1780 352 δ’

994 380 1193 415 ὑπερπαθήσας
1215 380 1262 406 καὶ
1276 379 1291 405 ό
1308 377 1443 412 δεσπότης
1460 377 1508 402 καὶ
1534 374 1723 410 περιαλγήσας
1747 374 1781 408 τῇ

995 426 1134 460 συμφορᾷ,
1155 424 1318 451 δεσπόσυνον
1343 423 1442 459 τρόπον
1458 421 1566 455 φεύγων
1592 420 1654 447 ὅσον
1679 419 1710 445 ὲκ
1729 418 1792 444 τῶν

995 470 1138 505 συμϐόλων
1153 471 1166 497 ὁ
1180 469 1303 500 δουλείας
1317 469 1391 500 ἐντὸς
1406 467 1481 503 παρὰ
1497 466 1595 501 μικρὸν
1607 464 1783 495 κινδυνεύσας

993 516 1081 543 ἐλθεῖν
1097 515 1113 551 ἢ
1130 514 1177 542 καὶ
1190 514 1275 541 ἐλθὼν
1290 514 1321 540 τό
1343 522 1375 547 γε
1395 513 1476 548 μέρος
1493 512 1547 538 τῶν
1561 511 1650 539 ἄλλων
1667 511 1714 537 καὶ
1733 510 1784 543 τῆς

994 561 1108 596 συνόλης
1118 561 1269 596 δυνάμεως,
1280 559 1403 593 σύμϐολα
1414 566 1443 584 τε
1454 558 1502 592 τῆς
1509 555 1669 586 δεσποτείας
1679 555 1784 583 ἐκεῖνα.

996 607 1038 644 [Ρ.
1056 605 1121 642 226]
1136 606 1186 633 ὅσα
1200 606 1229 632 ὲν
1244 604 1390 640 καλύπτρᾳ
1408 603 1455 630 καὶ
1476 602 1634 636 ὑποδήμασι
1650 600 1697 627 καί
1712 608 1743 632 γε
1755 600 1785 625 ὲν

993 653 1151 688 ὲφεστρίσιν
1164 652 1254 679 ἵππων
1269 650 1317 677 καὶ
1337 650 1457 685 χαλινοῖς
1479 648 1526 675 καὶ
1542 649 1575 683 τῇ
1593 648 1625 674 ὲκ
1640 646 1785 681 πορφύρας

995 698 1154 733 ὑπογραφῇ,
1175 695 1347 727 ἀποτίθεται,
1365 694 1436 721 οὕτω
1451 693 1600 724 δικαιώσας
1615 692 1732 726 ὀφθῆναι
1747 689 1786 724 τῷ

996 743 1112 780 βασιλεῖ,
1128 744 1179 770 οὐκ
1198 741 1256 769 οῖδα
1278 741 1350 768 κατὰ
1366 740 1455 774 λύπην
1472 739 1607 774 σφετέραν
1630 738 1647 773 ῆ
1671 737 1718 764 καὶ
1736 737 1786 770 τὴν

995 790 1099 818 ἐκείνου
1115 788 1267 825 ἑκμείλιξιν
1278 796 1285 804 ·
1304 787 1395 818 ἄλλοις
1412 786 1440 813 δὲ
1457 787 1558 816 κοινοῖς
1573 784 1620 811 καὶ
1643 783 1787 817 καλύπτρᾳ

994 835 1024 868 ἐξ
1038 835 1121 871 ἐρίων
1143 833 1380 863 καταστολισθεὶς,
1395 830 1482 862 οὕτως
1503 831 1561 864 ήῖεν
1577 829 1616 860 είς
1641 827 1672 854 τὸ
1692 827 1789 862 πρόσω

994 881 1033 918 τῷ
1051 881 1155 916 βασιλεῖ
1182 879 1465 915 ὲμφανισθησόμενος.
1488 875 1542 902 Καί
1568 875 1592 908 γ’
1608 872 1788 909 ἐμφανισθεὶς

155 929 223 960 ἰδίας
237 929 348 955 ἕκαστοι
362 929 431 964 πρὸς
444 928 493 963 τὴν
510 928 588 954 πόλιν
610 928 742 962 ἀνήγοντο
758 926 881 958 δείλαιοι,
899 935 943 960 μι-
959 934 984 964 Β
995 928 1025 953 τδ
1055 926 1123 953 πολὺ
1144 925 1195 960 τῆς
1226 925 1312 959 ὀργῆς
1327 922 1480 950 καταπαύει
1508 922 1541 956 τῇ
1566 919 1621 946 τῶν
1644 918 1788 954 συμϐόλων

155 973 226 1008 κρὰν
242 973 309 1007 ὅσην
327 972 504 1008 παραμυθίαν
520 972 567 998 ἐπὶ
586 972 644 1003 τοῖς
662 970 830 1006 προλαϐοῦσι
849 971 944 1003 δεινοῖς

155 1019 211 1050 τοῖς
232 1018 358 1052 σφαλεῖσι
376 1018 495 1053 θέμενοι.
518 1018 548 1044 '0
563 1017 591 1044 δὲ
619 1017 752 1052 δεσπότης
775 1017 823 1044 καὶ
845 1018 870 1044 οἱ
897 1017 946 1044 σὺν

155 1065 231 1099 αύτῷ
246 1065 345 1099 γυμνοὶ
362 1064 417 1091 τῶν
437 1064 565 1091 ἁπάντων
589 1063 676 1096 ὄντες,
692 1063 893 1098 προσὸαλόντες
907 1064 946 1100 τῷ

157 1133 237 1160 victis
258 1132 340 1159 animi
355 1132 489 1159 rationem
505 1132 652 1159 meundam
676 1136 752 1159 ratus
765 1132 876 1167 despota
892 1136 948 1168 teg-

157 1187 220 1206 men
237 1178 333 1212 capitis
347 1178 375 1204 in
390 1183 490 1205 terram
506 1177 610 1212 abiicit,
630 1177 741 1212 pulvere
761 1185 791 1205 se
806 1178 944 1212 aspergit;

157 1230 185 1252 et
200 1232 255 1259 quo
271 1224 365 1251 habitu
378 1224 501 1251 numinis
525 1231 603 1259 opem
622 1224 827 1259 impioraveral,
845 1224 872 1251 in
897 1232 946 1251 eo-

159 1271 219 1298 dem
229 1277 408 1305 perseverans
419 1270 660 1297 vehementissime
668 1277 730 1296 cum
744 1270 947 1299 miserabilibus

160 1315 286 1350 lacrymis
308 1314 408 1342 milites
433 1315 537 1346 orabat,
564 1315 689 1342 ultimum
715 1315 891 1349 prohiberent
913 1317 948 1343 ab

161 1362 277 1396 imperio
293 1361 423 1395 dedecus,
436 1361 559 1396 Augusta
575 1362 652 1396 signa
668 1361 821 1396 neimpune
837 1362 947 1395 abduci,

160 1416 195 1435 ne
215 1408 377 1443 triumphari
404 1408 438 1435 ab
454 1408 580 1436 hostibus
602 1409 734 1436 sinerent.
749 1408 826 1436 Talia
841 1408 886 1436 diu
912 1408 949 1435 la-

160 1455 343 1482 mentabiliter
368 1455 560 1488 ingeminans,
583 1454 805 1490 demissioneque
824 1462 857 1481 ac
882 1462 949 1489 sup—

160 1501 224 1536 plici
240 1495 316 1536 gestu
331 1501 483 1535 obtutuque
498 1508 593 1528 vocem
609 1500 755 1535 adjuvans,
774 1508 824 1528 nec
838 1500 949 1535 segnius

161 1548 295 1575 continuo
324 1547 487 1574 submittens
517 1551 643 1574 recentes
665 1546 864 1578 laborantibus,
892 1553 952 1581 quae

997 972 1184 1007 ἀπαμφιάσει,
1199 971 1254 997 κάκ
1270 969 1355 1003 μόνης
1374 968 1424 1003 τῆς
1442 967 1506 998 θέας
1521 966 1599 1000 δόξας
1619 964 1735 996 ἐλεεινὸς
1749 964 1788 998 τῷ

999 1019 1052 1054 πρὸ
1070 1017 1116 1045 τοῦ
1130 1016 1296 1053 ὼργισμένῳ
1311 1015 1346 1042 τὰ
1364 1014 1491 1050 μέγιστα.

1002 1120 1165 1168 superstites
1181 1132 1252 1158 intra
1277 1136 1362 1157 naves
1390 1128 1491 1164 quique
1509 1133 1573 1154 suas
1599 1123 1722 1160 diligenti
1739 1129 1787 1149 eu-

999 1179 1088 1206 stodia
1107 1178 1209 1205 servati
1240 1175 1405 1209 deductique
1420 1175 1447 1200 in
1461 1173 1567 1203 urbem,
1599 1178 1646 1198 sua
1677 1168 1789 1196 miseria

998 1230 1104 1261 gratum
1128 1223 1244 1251 infensis
1260 1221 1447 1257 spectaculum
1469 1219 1590 1249 fuerunt,
1607 1217 1793 1252 qualicunque

1000 1271 1099 1299 solatio
1126 1269 1306 1305 prmcedentis
1330 1267 1425 1294 cladis.
1450 1266 1486 1292 At
1503 1265 1615 1298 despota
1645 1270 1707 1291 cum
1734 1261 1793 1288 suis

1001 1316 1108 1352 spoliati
1122 1315 1251 1342 omnibus
1278 1320 1339 1348 quae
1356 1312 1519 1342 habuerant,
1538 1310 1572 1336 ad
1594 1307 1791 1335 Achridensern

1000 1363 1160 1391 Cerameam
1182 1363 1381 1396 pervenerunt,
1406 1356 1555 1384 miserabili
1575 1362 1687 1390 prorsus
1710 1357 1738 1380 et
1752 1353 1794 1379 di-

1001 1417 1052 1446 gna
1067 1407 1194 1444 laerymis
1214 1406 1316 1442 specie.
1335 1405 1383 1432 llle
1402 1404 1490 1431 nudos
1515 1407 1541 1429 et
1555 1401 1679 1429 omnium
1691 1406 1794 1434 egenos

1001 1454 1112 1483 vestivit
1125 1453 1325 1486 recreavitqne,
1345 1454 1478 1485 quantum
1495 1456 1544 1483 pro
1560 1445 1689 1482 praesenti
1714 1445 1793 1478 copia

1002 1500 1204 1529 humanissime
1231 1497 1330 1532 potuit.
1351 1496 1422 1523 Hinc
1453 1495 1509 1529 jam
1525 1500 1607 1521 sensu
1632 1491 1793 1526 pudor-eque

1003 1544 1165 1574 offensionis
1187 1547 1270 1571 tantae
1285 1550 1318 1570 ac
1331 1545 1385 1569 tam
1398 1540 1510 1568 insolito
1529 1539 1585 1566 ictu
1604 1538 1726 1564 adversae
1739 1537 1796 1563 for-

161 1597 315 1628 opportune
342 1593 530 1624 subvenirent,
555 1593 666 1620 fortium
693 1593 817 1620 virorum
840 1585 985 1624 manus,C
1003 1595 1076 1618 tunsa
1093 1589 1197 1617 fractus
1219 1589 1312 1616 animo
1330 1588 1445 1623 despota
1473 1586 1590 1621 insignia
1617 1584 1696 1612 istius
1724 1583 1797 1610 tituli

161 1639 237 1666 unde
252 1646 386 1666 caesorum
413 1638 514 1666 damna
533 1639 735 1673 supplerentur,
761 1639 847 1665 robur
866 1638 952 1665 auda-

162 1686 289 1720 ciamque
299 1685 484 1720 pugnantibus
497 1685 613 1712 immisit
625 1685 812 1719 excitavitque
832 1684 951 1717 animos,

163 1737 194 1760 ut
205 1732 262 1767 jam
288 1739 370 1766 supra
394 1731 467 1759 vires
481 1731 702 1763 conniterentur,
731 1730 954 1765 projicerentque

163 1786 192 1806 se
209 1778 235 1805 in
248 1778 300 1805 tela
315 1778 426 1806 hastilia
444 1785 518 1806 caeco
529 1777 643 1812 quidam
658 1777 773 1812 impetu.
791 1776 882 1803 Ardor
894 1780 954 1803 erat

164 1824 191 1850 in
214 1830 330 1851 mortem
348 1825 496 1857 ruentium,
525 1831 607 1859 quem
621 1828 759 1850 amentem
778 1830 810 1850 ac
839 1822 954 1849 rationis

164 1871 296 1905 impotem
313 1870 429 1897 diceres.
453 1869 509 1897 Nec
537 1869 637 1896 minori
654 1876 724 1904 opus
734 1873 793 1895 erat
811 1868 858 1895 tali
885 1868 954 1895 arti-

165 1916 228 1943 culo
240 1916 444 1950 desperatarum
469 1922 573 1942 rerum.
589 1914 635 1942 Sic
665 1921 735 1948 pene
758 1913 839 1948 335
868 1913 954 1940 victo-

166 1969 211 1988 res
223 1970 238 1989 η
255 1962 311 1996 jam
330 1961 465 1996 perculsis
489 1960 612 1996 superati
637 1959 747 1987 tandem
765 1965 840 1992 sunt,
854 1959 955 1986 sudore

165 2008 275 2042 quidem
301 2007 387 2034 multo
416 2014 588 2041 cruoreque:
612 2006 660 2033 sed
684 2006 753 2034 tanti
788 2005 874 2033 decus
904 2004 955 2031 fuit

166 2060 306 2080 conversas
319 2059 334 2079 c
350 2051 509 2080 discrimine
526 2051 623 2079 ultimo
650 2051 767 2086 publica;
791 2050 908 2077 fortuna:
927 2050 956 2077 in

166 2106 324 2128 successum
339 2101 458 2131 tantum,
477 2103 507 2125 ut
519 2098 627 2126 duabus
645 2098 767 2125 tribusve
788 2101 956 2124 tantummo-

165 2146 202 2174 do
216 2145 317 2181 elapsis
338 2146 449 2180 reliquae
479 2153 574 2173 omnes
597 2148 761 2180 expugnatae
791 2144 954 2171 Latinorum

169 2199 252 2220 naves
267 2199 283 2219 a
304 2190 436 2218 Romanis
461 2196 636 2226 caperentur,
659 2191 798 2226 plerisque
815 2195 956 2218 vectorum

168 2238 252 2272 lapsis
282 2242 330 2264 aut
347 2238 475 2272 proiectis
491 2238 518 2264 in
541 2245 628 2270 mare,
657 2237 704 2265 ubi
719 2237 850 2272 gaudium
876 2236 957 2271 epulo

167 2282 316 2319 Baginaque
332 2283 375 2311 sui
391 2283 539 2310 maximum
555 2283 679 2318 piscibus
704 2282 850 2315 dederunt,
867 2289 957 2316 quan-

168 2333 226 2356 tum
252 2329 358 2357 scilicet
382 2329 514 2357 allaturos
539 2337 601 2357 sese
629 2328 790 2365 coniugibus
814 2331 843 2355 et
863 2327 959 2355 liberis

168 2375 330 2411 triumphali
347 2376 458 2403 domum
474 2375 562 2403 reditu
593 2379 783 2422 speraverant.
801 2373 854 2401 Alii
868 2372 958 2401 Latini

170 2525 204 2553 α’.
221 2525 323 2557 Ὅπως
334 2521 450 2562 μετμξὺ
463 2519 636 2562 ,ρύπηςῄθξαὶ
661 2516 795 2562 iverit-ﬁ
805 2516 925 2562 ᾆγίξνετο
942 2517 959 2543 ό

255 2551 371 2594 κραὶῶν
380 2551 430 2584 διά
443 2555 480 2583 τὰ
498 2551 658 2591 συμϐάντα
674 2553 710 2580 ἐν
726 2552 763 2587 τῇ
777 2551 874 2578 δύσει.

206 2615 249 2653 [Ρ.
259 2615 324 2652 250]
339 2614 418 2643 Οὕτω
433 2613 484 2650 μὲν
493 2612 540 2641 οὖν
553 2611 608 2640 τῶν
624 2610 695 2639 κατὰ
709 2609 786 2638 δύσιν
806 2608 960 2645 ξυμπεσόν-

1003 1637 1115 1672 abjecit,
1137 1636 1284 1671 indignum
1298 1635 1332 1663 iis
1353 1642 1415 1662 sese
1444 1638 1585 1668 reputans,
1606 1631 1652 1666 qui
1669 1631 1750 1658 modo
1767 1630 1794 1656 in

1003 1688 1059 1711 tam
1085 1682 1241 1718 propinquo
1262 1680 1405 1709 servitutis
1432 1679 1556 1714 periculo
1584 1677 1692 1710 fuisset,
1713 1684 1727 1703 a
1742 1684 1797 1710 qua

1003 1736 1059 1756 non
1077 1735 1134 1756 sua:
1150 1728 1226 1755 illum
1249 1734 1316 1762 opes
1342 1731 1389 1754 aut
1403 1726 1503 1757 virtus,
1518 1725 1565 1752 sed
1584 1731 1664 1752 casus
1689 1727 1717 1750 et
1732 1722 1796 1756 fuga

1003 1774 1177 1802 liberassent.
1194 1773 1296 1806 Quare,
1314 1772 1349 1799 iis
1363 1779 1424 1807 qua:
1435 1777 1568 1805 usurpare
1585 1769 1662 1803 prius
1677 1773 1736 1795 erat
1752 1776 1798 1795 so—

1005 1820 1069 1847 litus
1087 1819 1115 1846 in
1128 1819 1227 1854 capitis
1241 1818 1370 1853 tegmine,
1392 1817 1419 1844 in
1451 1816 1563 1847 calceis,
1583 1816 1609 1842 in
1625 1814 1746 1849 phaleris
1771 1818 1799 1840 et

1006 1866 1090 1894 frenis
1110 1865 1295 1901 equestribus,
1316 1864 1343 1891 in
1358 1864 1440 1891 rubra
1457 1861 1672 1896 subscriptione,
1691 1859 1798 1895 symbo-

1007 1914 1031 1940 la
1060 1912 1210 1947 despolies:
1237 1909 1396 1946 potestatis,
1423 1909 1554 1943 deinceps
1575 1906 1729 1936 abstinens,
1758 1907 1799 1932 sic

1007 1958 1164 1995 imperatori
1190 1965 1220 1986 se
1235 1958 1320 1990 sistit,
1339 1956 1410 1984 haud
1432 1955 1490 1983 scio
1516 1962 1550 1982 an
1567 1953 1654 1988 magis
1675 1951 1799 1980 testando

1006 2005 1118 2040 proprio
1135 2004 1234 2036 dolori,
1263 2011 1297 2030 an
1315 2003 1363 2030 iraa
1390 2002 1463 2028 illius
1492 1999 1665 2028 deliniendam.
1697 1997 1730 2024 Et
1747 1996 1800 2024 hoc

1007 2050 1116 2085 quidem
1143 2049 1192 2084 ipsi
1219 2056 1253 2075 ex
1279 2052 1342 2075 voto
1367 2045 1492 2081 contigit.
1522 2044 1627 2072 Vidcns
1642 2043 1715 2070 enim
1733 2049 1798 2069 eum

1006 2096 1146 2130 Augustus
1162 2094 1190 2120 in
1204 2092 1346 2120 communi
1369 2091 1484 2123 vestitu,
1505 2089 1668 2124 privatoque
1684 2095 1717 2114 ex
1734 2086 1798 2113 lana

1008 2140 1092 2176 pileo,
1107 2139 1222 2166 multum
1239 2139 1272 2166 de
1286 2136 1490 2173 indignatione,
1506 2142 1588 2170 quam
1607 2133 1701 2160 audita
1719 2139 1798 2159 excr-

1008 2185 1080 2214 citus
1096 2184 1188 2212 clades
1201 2184 1229 2210 in
1244 2184 1303 2219 ejus
1321 2183 1403 2218 336
1432 2182 1526 2208 animo
1544 2179 1713 2207 excitaverat
1738 2185 1798 2204 ma-

1010 2231 1123 2263 ximam,
1140 2228 1266 2261 remisit;
1280 2231 1472 2255 commovente
1488 2225 1611 2254 vicissim
1627 2224 1683 2251 ista
1696 2221 1797 2250 humili

1009 2277 1100 2312 specie
1124 2275 1341 2303 misericordiam
1368 2274 1394 2300 in
1413 2273 1507 2305 fratre,
1531 2271 1584 2299 viri
1601 2270 1682 2302 tanti,
1701 2268 1796 2297 subita

1011 2322 1190 2352 conversione
1206 2321 1289 2349 sortis
1310 2328 1326 2348 e
1357 2324 1431 2348 tanta
1445 2318 1531 2355 gloria
1547 2317 1659 2352 dejecti.

965 2442 1026 2490 E'.

1013 2523 1077 2547 των,
1093 2513 1141 2541 καὶ
1159 2510 1205 2539 τοῦ
1230 2510 1300 2537 κατὰ
1314 2509 1365 2544 γῆν
1385 2507 1542 2542 σφάλματος
1565 2504 1801 2539 ἁντισηκωθέντος

1012 2559 1051 2595 τῷ
1069 2559 1141 2586 κατὰ
1166 2557 1304 2584 θάλασσαν
1326 2553 1510 2588 εὐτυχήματι,
1531 2550 1620 2584 λύπης
1643 2550 1657 2576 6
1674 2549 1802 2585 βασιλεὺς

1015 2605 1118 2642 μεταξὺ
1134 2604 1180 2631 καὶ
1194 2602 1291 2638 ἡδονῆς
1305 2598 1349 2637 ἦν.
1366 2599 1461 2634 Ὅμῶς
1473 2598 1501 2624 δὲ
1511 2598 1567 2629 τοῖς
1584 2597 1727 2630 λογισμοῖς
1742 2596 1803 2621 ἐπι-

958 2687 1016 2732 V.

173 2769 200 2796 l.
219 2767 253 2797 Ut
273 2775 375 2795 meatur
388 2767 456 2795 inter
475 2774 614 2794 mererem
627 2770 652 2793 et
665 2765 793 2800 gaudium
811 2764 972 2797 imperator.

253 2803 333 2838 fuerit
348 2803 378 2830 ob
395 2811 427 2830 ea
447 2810 505 2838 qua:
520 2804 547 2829 in
562 2801 702 2829 Occidente
718 2804 868 2827 evenerant.

210 2860 304 2887 Rebus
328 2859 356 2886 in
376 2859 451 2886 hunc
473 2858 619 2886 modumin
643 2857 790 2885 Occidente
811 2855 905 2891 gestis,
931 2858 960 2880 et

172 2907 326 2934 oﬂ'ensione
354 2906 475 2934 terrestri
499 2913 628 2934 successu
653 2904 741 2932 navali
766 2905 958 2936 compensate,

1011 2768 1074 2789 cum
1093 2758 1198 2787 medius
1213 2755 1378 2792 'aiiquandiu
1402 2754 1474 2781 inter
1503 2752 1606 2780 luctum
1629 2754 1658 2777 et
1679 2748 1800 2776 lattitiam

1012 2806 1089 2841 quasi
1104 2804 1280 2840 pependisset
1303 2803 1459 2836 imperator,
1475 2799 1584 2826 tandem
1597 2801 1695 2824 caelera
1708 2795 1803 2823 liberis

1015 2852 1156 2880 hominum
1168 2849 1276 2885 judiciis
1292 2848 1433 2882 utriusque
1454 2845 1517 2872 facti
1533 2842 1714 2871 aestimatione
1737 2849 1802 2877 pcr-

1015 2899 1108 2933 missn,
1124 2898 1208 2931 magis
1219 2897 1277 2927 inse
1292 2895 1453 2924 incumbens
1470 2893 1496 2920 in
1510 2890 1718 2927 auspicatiorem
1737 2897 1798 2924 par-

1864 2941 1880 2948 Α
