1936 3069
142 194 201 224 ’ί87

748 194 907 225 GEORGII
927 192 1170 224 PACHYMERA!

1712 191 1765 222 788

146 249 255 284 τρέπων
269 249 304 276 τὰ
319 250 480 285 πράγματα,
497 251 527 278 τὸ
541 251 591 286 μὲν
612 251 772 287 δυστύχημα
786 252 929 280 κλαπεϊσιν
943 253 967 282 Α
982 252 1050 281 ε’ίναι
1062 250 1220 285 δεσποτείας
1233 252 1319 288 δνομα
1330 254 1423 288 φέρειν
1435 252 1497 284 τοὺς
1507 251 1672 284 ἐξωθεν,καὶ
1687 258 1769 284 προσ-

148 293 242 325 ἑτίοει,
257 294 287 321 τὸ
302 295 325 321 δ’
346 295 488 331 εὐτύχημα
504 297 661 332 περιφανῶς
679 297 868 332 ἀριστεύσασι,
883 298 931 324 καὶ

148 338 180 365 τὺ
198 338 249 373 μὲν
263 339 361 374 χλεύην
381 337 438 367 οἷον
454 341 545 376 ἡγεῖτο
569 341 615 368 τοῦ
638 342 793 369 ἀποστάτου
818 343 932 377 ἐργολα-

147 381 258 415 ϐοῦντος
271 384 304 410 τὰ
321 385 396 420 παρα
405 385 529 420 δύναμιν,
541 385 571 412 τὸ
582 386 610 412 δὲ
630 387 749 421 πολέμου
766 387 932 421 κατόρθωμα

149 428 198 454 καὶ
214 428 344 462 τρόπαιον
369 429 508 465 ἄντικρυς.
526 431 607 457 Ὀοεν
631 431 679 457 καὶ
699 432 734 457 τὰ
759 432 808 466 τῆς
834 431 931 466 ἡδονῆς

148 472 237 505 ἑνίκα,
259 473 325 508 νῆας
340 475 446 506 ὲκείνας
468 476 621 508 ἐπινοοῦντος
651 477 705 503 τῶν
725 477 863 512 πολεμίων
887 477 932 503 καὶ

148 518 248 554 ἄνδρας
272 520 301 546 ὲν
314 519 409 552 αὑταῖς
434 521 586 553 πλείστους,
604 522 653 553 τὰς
678 522 727 556 μὲν
752 523 932 557 καταχθείσας

148 563 188 597 τῷ
202 563 316 599 νεωρίῳ,
336 565 397 597 τοὺς
417 565 444 592 δὲ
465 567 526 597 τατς
543 567 664 601 εἱρκταῖς
681 567 838 599 ἐκδοθέντας
855 568 932 602 σιδη-

151 609 278 644 ροδέτους
294 611 340 636 καὶ
365 611 434 647 μόνῃ
450 611 500 646 θέᾳ
522 612 553 638 τὸ
579 612 639 639 κατ’
655 613 746 639 αὐτῶν
775 613 932 645 δεικνύντας

149 654 289 688 τρόπαιον.
313 656 423 683 Ἕλύπει
444 657 473 684 δέ
486 665 518 691 γε
533 657 578 683 τὸν
597 658 708 692 βασιλέα
724 659 771 684 καὶ
786 659 799 684 6
813 659 872 690 ταῖς
888 667 933 685 κο-

149 698 210 725 πίσι
235 700 390 732 κατάκοπος
409 702 571 736 στρατηγὸς,
594 702 632 734 ὼς
647 703 731 736 ἐγγὺς
747 703 834 729 δοκεῖν
859 701 930 730 εἶναι

149 743 194 770 διὰ
206 745 255 776 τὰς
275 745 383 781 πληγὰς
399 747 444 773 τοῦ
462 742 577 774 θανάτου
588 757 595 763 ·
611 749 679 783 πρὸς
692 749 745 783 γὰρ
759 750 819 780 ταῖς
837 748 933 780 ἄλλαις

150 791 197 816 καὶ
210 791 275 825 μίαν
289 792 339 826 τὴν
351 792 420 819 κατά
434 794 542 828 νεφρῶν
559 791 615 828 εἶχε
638 793 746 829 καιρίαν
766 794 933 821 ἀπειλοῦσαι)

150 835 274 863 θάνατον.
290 836 371 863 Ὅθεν
387 838 434 864 καὶ
460 839 562 873 ἰατροῖς
588 839 762 874 ἐπιμεληθεὶς
788 839 835 866 καὶ
857 840 934 874 μόλις

150 881 219 916 πρὸς
234 882 264 908 τὺ
281 883 464 917 ὑγιεινότερον
481 883 574 915 κλίνας
593 884 624 910 τὸ
637 885 700 919 περὶ
720 885 802 911 αὑτοῦ
817 885 933 911 δεδοικέ-

149 935 194 953 ναι
215 928 280 958 τοὺς
296 928 410 960 πολλοὺς
426 931 569 964 ἀφῃρεῖτο.
594 931 671 957 Ἐπεὶ
693 930 721 957 δὲ
737 932 784 957 καὶ
806 931 933 964 ἀγάλλειν
949 925 970 952 Β

150 973 203 998 ἔδει
229 974 324 1001 τοῦτον
336 975 382 1001 τὸν
409 975 520 1010 βασιλέα
546 976 690 1003 ἀντίποινα
713 976 767 1002 τῶν
789 977 882 1003 δεινῶν
897 973 935 1004 ὧν

149 1019 303 1055 ἐκαρτέρει,
324 1020 363 1056 τῷ
379 1021 425 1047 τοῦ
443 1022 562 1056 μεγάλου
580 1022 674 1054 δουκδς
698 1024 765 1058 τιμᾷ
788 1023 932 1057 ἀξιώματι.

155 1065 184 1092 '0
202 1065 294 1100 μέντοι
322 1075 354 1100 γε
370 1067 484 1101 ἀδελφὸς
503 1068 550 1095 τοῦ
576 1069 744 1103 κρατοῦντος
769 1070 783 1096 6
805 1069 934 1104 Ἰωάννης

148 1111 199 1146 τὴν
212 1112 302 1139 αἰτίαν
316 1113 476 1148 ἀπαιτηθτὶς
488 1113 551 1148 παρ’
565 1113 598 1149 ἥν
614 1114 661 1141 καὶ
671 1114 704 1141 τὰ
715 1114 766 1146 τῆς
777 1115 935 1145 δεσποτείας

148 1157 270 1185 ἀπέϐαλε
299 1158 433 1193 σύμϐολα,
451 1159 496 1186 καί
522 1159 546 1193 γ’
562 1159 722 1194 ἀποκριθεὶς
738 1159 772 1186 τὰ
796 1160 825 1191 ἐς
843 1160 933 1195 χάριν,

149 1203 187 1235 ὡς
211 1204 278 1230 υἱῶν
304 1205 410 1232 ἐκείνου
433 1205 624 1240 ἀνδρωθέντων
641 1205 690 1240 ἥδη
717 1205 754 1241 μὴ
780 1206 814 1233 ἂν
831 1205 934 1232 δίκαιον

150 1297 216 1325 tem,
235 1292 413 1321 infortunium
438 1294 544 1322 furtiva:
567 1295 728 1330 grassationi
746 1295 878 1326 hostium,
895 1295 935 1322 vi-

148 1337 264 1364 ctoriam
278 1339 452 1373 generositati
467 1340 583 1367 heroicae
594 1347 716 1374 suorum,
728 1345 840 1368 cunctas
853 1340 934 1368 sortis

148 1383 306 1418 iniquitates
320 1385 478 1413 fortitudine
491 1386 632 1420 splendide
661 1387 826 1421 prcevalente
845 1387 933 1421 palam

147 1429 173 1456 vi
185 1435 279 1464 aperta
300 1432 546 1465 perrumpentium,
570 1440 678 1466 mquum
692 1433 823 1460 censebat
843 1433 933 1467 impu-

148 1476 210 1502 tari.
229 1475 317 1510 Atque
342 1477 406 1504 illud
420 1478 530 1512 quidem
556 1479 693 1506 contemni
708 1479 808 1506 debere
822 1483 934 1506 conten-

148 1522 231 1549 debat
244 1522 318 1549 velut
343 1523 478 1556 quoddam
502 1524 623 1558 joculare
638 1524 784 1552 ludibrium
799 1524 932 1560 foedifragi

985 299 1131 335 απεδέχθη.
1154 299 1235 326 Ὅθεν
1257 299 1305 326 καὶ
1329 299 1423 334 κοινὴν
1450 298 1538 328 ἄλλως
1566 298 1598 323 ὲκ
1615 296 1768 332 χρυσοσύρ‹
1791 316 1794 318 .

985 353 1069 379 ματος
1085 344 1244 380 καλύπτραν
1262 344 1417 378 ἐνθέμενος,
1438 343 1631 378 μελαμῦαφέσι
1648 342 1676 368 δὲ
1695 340 1769 367 πεδία

984 390 1039 421 λοις
1055 391 1170 422 καὶτοῖς
1183 390 1243 417 καθ’
1260 390 1343 418 ῐππον
1359 389 1510 423 στολισμοίς
1526 388 1677 423 χρώμενος,
1691 386 1769 421 μόνον

983 435 1013 462 τὺ
1028 436 1162 470 δεσπότης
1180 435 1331 470 κεκλῆσθαι
1347 434 1527 469 ἀναφαίρετον
1545 431 1615 468 εἶχε.

981 514 1022 547 ,B’.
1039 516 1140 550 ὀπως
1152 514 1334 550 ιγχιὶῖρμέιμίυκ¹
1355 513 1494 550 τῶνξκᾳτ*
1507 511 1657 550 ᾀνᾳτοξὴν
1676 512 1692 550 d
1712 518 1769 536 πα-

1052 546 1198 584 πριάρχήξε
1215 546 1264 576 διὰ
1280 549 1372 575 ταῦτα
1383 547 1445 581 τοῖς
1461 547 1526 574 ἐκεῖ
1552 546 1698 580 ἐπιδημεῖ.

989 640 995 645 .
1020 616 1062 652 [Ρ.
1078 615 1143 652 251]
1161 616 1200 642 Τὰ
1217 616 1309 649 μέντοι
1329 615 1379 649 τῆς
1400 614 1565 649 Ἐκκλησίας
1588 613 1673 640 ἐνόσει
1693 621 1772 647 περι-

984 662 1085 697 φανῶς,
1101 662 1148 688 καὶ
1165 662 1196 688 τὸ
1215 662 1316 696 σχίσμα
1333 662 1373 692 είς
1393 661 1463 696 μέγα
1486 660 1578 695 ᾔρετο,
1602 659 1658 686 τῶν
1676 660 1772 693 Ἀρσε-

983 708 1082 736 νιατῶν
1108 707 1155 734 ἐπὶ
1183 708 1265 734 πλέον
1293 707 1524 742 προστιθεμένων,
1550 706 1587 737 ὡς
1615 706 1651 740 μὴ
1674 707 1772 740 μόνους

984 754 1103 785 ἐκείνους
1122 753 1147 780 οἳ
1161 754 1192 784 δὴ
1211 753 1250 789 τῷ
1277 753 1433 788 πατριάρχῃ
1458 752 1592 787 Ἀρσενίῳ
1613 751 1772 786 ἐντυχόντες

983 796 1054 826 εἶδον
1074 799 1214 834 σχίζεσθαί
1239 807 1269 825 τε
1286 799 1333 825 καὶ
1354 798 1450 833 ζηλοῦν
1469 798 1538 832 ὑπὲρ
1560 797 1678 827 ἐκείνου,
1702 796 1771 822 ἀλλὰ

984 845 1032 871 καὶ
1058 846 1120 875 τοὺς
1144 845 1206 879 μηδ’
1221 845 1290 874 ὅλως
1319 844 1422 875 ἰδόντας
1447 842 1690 877 καθυπαγομένους
1715 842 1772 873 τοῖς

984 891 1085 922 ἄλλοις.
1099 891 1168 916 Ποτὲ
1179 890 1206 916 δὲ
1221 890 1267 917 καὶ
1280 889 1310 916 τὺ
1320 890 1384 925 περὶ
1397 889 1444 916 τοῦ
1463 889 1559 924 Ἰωσὴφ
1572 888 1771 924 φημιζόμενον,

983 936 1021 968 ὡς
1048 936 1240 971 ἀφωρισμένος
1265 936 1319 970 εῐη,
1337 936 1480 970 αἰρόμενον
1508 935 1558 965 τὰς
1581 934 1635 961 τῶν
1665 933 1772 960 πολλῶν

984 982 1073 1017 ψυχὰς
1086 982 1210 1013 ἐκτόπως
1232 982 1375 1018 ἐκύμαινε.
1391 982 1443 1008 κᾶν
1464 982 1569 1010 ἐκεῖνος
1594 980 1680 1015 συχνὰ
1703 979 1772 1014 λαμ-

985 1028 1075 1054 ϐάνων
1102 1029 1177 1062 παρὰ
1194 1027 1326 1062 βασιλέως
1345 1027 1475 1062 χρήματα
1491 1027 1522 1053 τὸ
1539 1026 1690 1061 φιλόδωρον
1715 1026 1772 1056 τοῖς

985 1073 1196 1108 προσκειμένοις
1220 1072 1382 1106 ὲπηύξανεν.
1399 1072 1435 1098 Οὐ
1448 1071 1502 1106 γὰρ
1525 1070 1558 1106 ἢν
1577 1071 1591 1097 δ
1605 1071 1724 1104 ζητήσας
1739 1070 1772 1096 οὐ

985 1118 1127 1154 παρευθὺς
1150 1117 1314 1152 ἐλάμϐανεν,
1329 1117 1367 1149 ὡς
1380 1117 1470 1151 λέγειν
1485 1117 1616 1148 πολλάκις
1630 1116 1675 1142 τὸν
1694 1115 1772 1150 βασι-

985 1164 1043 1196 λέα,
1059 1163 1106 1191 τοῦ
1130 1163 1268 1199 ἱερατικοῦ
1291 1163 1408 1198 μανδύου
1422 1163 1468 1189 τὸν
1491 1162 1664 1197 πατριάρχην
1688 1161 1770 1188 κατέ-

985 1217 1076 1244 χοντα,
1091 1208 1129 1240 ὡς
1144 1208 1225 1240 αὐτὸς
1250 1209 1291 1243 εῐη
1316 1209 1330 1235 6
1344 1208 1393 1240 τὰς
1414 1208 1463 1243 τῆς
1489 1208 1569 1240 Ἐδὲμ
1591 1206 1678 1238 πύλας
1697 1206 1772 1241 αὐτῷ

986 1299 1035 1326 ista
1060 1297 1192 1325 modestia
1214 1296 1348 1324 Joannem
1381 1301 1547 1331 imperantes
1573 1295 1770 1330 permiserunt.

986 1344 1058 1380 Ergo
1074 1343 1097 1370 is
1117 1350 1165 1378 pro
1183 1349 1267 1370 aureo
1280 1342 1426 1375 ﬁmbriato,
1453 1349 1534 1376 quem
1552 1341 1628 1376 prius
1645 1345 1771 1374 gestave-

985 1395 1037 1422 rat,
1059 1390 1197 1424 vulgarem
1215 1388 1438 1424 promiscuiusus
1455 1387 1536 1422 capiti
1552 1387 1652 1422 pileum
1677 1386 1770 1421 impo-

985 1437 1062 1469 suit;
1091 1435 1176 1470 nigris
1189 1442 1298 1469 quoque
1327 1434 1416 1461 induit
1429 1434 1511 1468 pedes
1543 1433 1652 1463 calceis.
1687 1432 1772 1467 nigris

984 1489 1069 1517 equos
1088 1480 1214 1516 proprios
1230 1479 1366 1514 ephippiis
1393 1479 1528 1506 instravit.
1545 1478 1664 1506 Vocitari
1677 1482 1770 1505 tamen

984 1528 1012 1555 in
1030 1531 1169 1562 posterum
1193 1532 1303 1560 quoque
1316 1525 1440 1559 despota,
1472 1528 1501 1550 ut
1518 1527 1592 1555 ante,
1608 1531 1661 1549 non
1676 1522 1770 1554 desiit,

148 1567 292 1594 nebulonis
304 1567 362 1595 ausi
379 1568 482 1602 majora
497 1569 554 1596 suis
566 1569 682 1603 viribus,
697 1570 750 1597 hoc
765 1571 855 1605 magni
875 1570 933 1598 ﬁeri
946 1586 967 1617 C
984 1574 1085 1609 popqu
1122 1579 1154 1599 ex
1193 1570 1392 1599 consuetudine
1420 1569 1559 1597 deferente
1575 1589 1582 1601 ,
1628 1575 1678 1594 nec
1707 1569 1770 1594 Au—

148 1617 179 1639 ut
189 1613 303 1640 arduum
316 1618 342 1640 et
355 1614 444 1648 gloriae
473 1615 565 1642 solidae
582 1615 690 1650 plenum
715 1616 933 1651 experimentum

149 1664 221 1683 vera:
239 1657 344 1684 bellica:
364 1659 483 1691 virtutis,
509 1660 551 1686 cui
567 1660 654 1687 bonos
673 1661 765 1695 tropati
778 1662 838 1695 jure
851 1669 932 1696 quam

148 1703 252 1736 optimo
276 1703 433 1732 deberetur.
468 1705 559 1733 Facile
580 1706 663 1740 igitur
691 1707 819 1734 vincebat
831 1708 857 1734 in
874 1708 934 1743 ejus

149 1748 241 1775 animo
256 1749 383 1783 gaudium
410 1758 565 1783 mmrorem,
596 1755 752 1778 recurrente
783 1753 933 1786 praesertim

149 1795 279 1821 memoria
290 1799 328 1822 tot
338 1795 477 1822 hostilium
493 1796 605 1823 navium
621 1797 764 1824 navalibus
779 1797 932 1824 additurum

150 1839 218 1872 suis,
238 1844 276 1867 tot
290 1841 407 1868 hostium
425 1835 451 1868 in
467 1842 500 1868 iis
511 1846 653 1876 captorum
668 1842 784 1877 indeque
808 1843 935 1871 detruso-

153 1893 212 1912 rum
230 1885 258 1912 in
275 1887 423 1919 custodias,
442 1887 487 1914 ubi
508 1887 579 1914 ferro
599 1888 683 1915 vineti
712 1889 794 1916 tacito
815 1890 855 1916 sui
870 1897 919 1924 spe

151 1931 257 1959 ctaculo
273 1936 403 1967 tropaeum
417 1933 491 1967 quasi
504 1933 639 1968 quoddam
652 1938 789 1962 exstarent
805 1934 935 1962 Romana:

152 1977 305 2005 fclicitatis.
331 1977 379 2005 llic
414 1985 504 2006 tamen
531 1986 564 2005 ne
592 1979 671 2013 plane
702 1987 786 2014 purus
813 1982 935 2016 Augusto

151 2027 224 2051 esset
254 2024 360 2051 fruetus
386 2025 480 2056 animi,
522 2025 672 2060 periculum
710 2025 934 2063 Pliilanthropeui

152 2070 328 2104 temperabat,
357 2070 437 2105 337
469 2071 504 2098 ita
524 2071 710 2099 decumbentis
730 2080 762 2099 ex
777 2073 934 2102 vulneribus

151 2115 239 2142 navali
257 2115 349 2148 praelia
364 2116 484 2150 acceptis
508 2120 537 2142 ut
549 2116 608 2151 ejus
629 2118 691 2144 vitae
709 2117 860 2146 timeretur.
877 2119 933 2147 llo—

151 2167 210 2185 rnm
226 2163 285 2185 erat
314 2159 456 2186 vulnerum
482 2167 566 2186 unum
587 2161 739 2195 pursertim
766 2162 793 2189 in
823 2164 934 2193 renibus

151 2204 270 2239 gravius,
289 2213 321 2233 ex
341 2213 395 2240 quo
415 2210 569 2232 secuturam
592 2211 705 2233 mortem
720 2208 841 2243 plerique
866 2211 936 2238 omi-

152 2251 297 2278 nabantur.
315 2251 430 2278 Evanuit
444 2256 533 2279 tamen
557 2252 632 2280 triste
652 2253 805 2289 augurium,
823 2254 935 2281 medicis
948 2244 975 2274 Ῑ)

152 2297 231 2323 enixe
259 2296 292 2324 ad
323 2296 475 2323 curandum
505 2305 605 2332 aegrum
632 2306 683 2325 nec
718 2299 776 2326 sine
810 2306 937 2326 successu

152 2341 391 2373 contendentibus,
421 2341 456 2368 ita
475 2347 503 2368 ut
519 2342 592 2368 brevi
606 2347 665 2376 post
679 2348 799 2378 tempore
817 2350 868 2370 non
887 2343 938 2370 du-

152 2388 205 2415 biis
219 2388 346 2415 reditura:
375 2387 537 2425 valetudinis
556 2388 664 2416 indiciis
686 2389 866 2420 exstantibus.
891 2389 937 2424 qui

152 2434 213 2469 ejus
240 2441 321 2461 causa
352 2433 459 2461 solliriti
488 2433 619 2466 fuerant,
652 2442 718 2461 cura
742 2434 913 2461 solverentur
929 2456 936 2468 ,

153 2480 264 2516 quando
277 2480 425 2515 imperator
439 2488 550 2507 suarum
572 2488 631 2508 esse
645 2480 761 2515 partium
781 2485 856 2508 ratus
870 2489 937 2508 con-

153 2527 235 2555 solari
250 2534 362 2562 passum
389 2531 416 2554 et
432 2527 613 2562 periclitatum
637 2535 685 2554 sua
709 2535 789 2554 causa
805 2527 883 2554 talem
899 2528 938 2554 vi-

154 2581 226 2606 tum,
244 2573 359 2607 pretium
372 2574 395 2600 ei
411 2580 593 2600 aerumnarum
614 2581 644 2600 ac
662 2573 798 2608 plagarum
816 2574 938 2608 rependit

153 2621 284 2656 amplum,
302 2620 392 2654 magni
408 2619 485 2647 ducis
503 2619 634 2654 dignitate
664 2619 752 2653 ipsum
768 2619 935 2646 llo..0rando.

154 2666 250 2693 Frater
265 2670 356 2692 autem
371 2665 529 2700 itnpcrantis
547 2664 677 2694 Joannes,
693 2673 754 2691 cum
770 2669 842 2691 esset
856 2673 888 2691 ex
904 2673 937 2692 eo

153 2711 297 2747 quaesitum
312 2719 362 2738 cur
385 2710 504 2745 despotat
520 2710 635 2745 insignia
653 2709 835 2744 deposuisset,
853 2709 938 2736 obno-

154 2760 200 2785 xie
214 2757 247 2784 ad
258 2757 370 2792 gratiam
388 2757 539 2791 respondit.
555 2760 698 2790 postquam
710 2755 765 2790 jam
780 2755 825 2782 ﬁlii
839 2763 870 2782 ex
887 2756 938 2782 Au-

155 2807 236 2838 gusto
248 2803 303 2830 uati
320 2803 347 2830 in
361 2803 434 2829 viros
457 2802 650 2833 adolevissent,
669 2801 740 2828 haud
754 2809 860 2836 aequum
875 2808 937 2828 esse

155 2849 300 2883 despoticm
326 2848 466 2884 potestatis
486 2855 584 2874 nomen
611 2852 637 2874 tn
660 2847 796 2874 extraneis
823 2847 936 2875 haerere.

158 2897 273 2926 Atcepla
289 2892 430 2928 responsio
443 2897 492 2926 est,
506 2893 674 2927 libenterque
691 2892 728 2920 uti
747 2892 875 2927 deinceps
888 2901 937 2922 sua

986 1619 1072 1655 gustis
1087 1618 1279 1650 invidentibus,
1294 1623 1399 1644 merum
1415 1620 1479 1644 etre
1493 1614 1641 1651 signiﬁcata
1653 1622 1770 1641 vacuum

988 1673 1098 1693 nomen.

987 1743 1014 1770 2.
1041 1742 1075 1769 Ut
1098 1742 1238 1770 schismate
1254 1749 1299 1775 per
1319 1740 1452 1767 Orientem
1479 1739 1662 1771 inolescente,
1691 1746 1720 1775 eo
1744 1746 1773 1766 se

1024 1778 1177 1812 patriarcha
1200 1776 1342 1804 contulerit
1359 1775 1430 1809 pacis
1447 1775 1621 1801 conriliondw
1636 1774 1735 1808 gratia.

1023 1845 1050 1871 2.
1077 1843 1187 1871 Interim
1215 1842 1404 1870 ecclesiastica:
1437 1849 1481 1868 res
1510 1840 1682 1868 manifestius
1713 1841 1771 1875 jam

988 1896 1067 1924 quam
1084 1892 1114 1915 ut
1130 1891 1222 1922 posset
1238 1885 1400 1913 dissimulari
1415 1885 1586 1917 laborabant,
1607 1889 1633 1912 et
1651 1885 1771 1912 scltisnia

987 1932 1164 1962 incrementis
1187 1931 1341 1966 ingentibus
1366 1931 1523 1965 augebatur,
1550 1930 1675 1965 plurimis
1701 1938 1730 1957 se
1744 1930 1771 1957 in

987 1980 1045 2007 dies
1063 1979 1095 2006 ad
1104 1977 1307 2004 Arsenaitarum
1324 1976 1469 2004 factionem
1494 1976 1664 2003 addcntibus.
1678 1976 1773 2010 Neque

989 2025 1062 2053 enim
1076 2024 1094 2051 ii
1110 2024 1197 2051 solum
1211 2023 1257 2058 qui
1275 2023 1418 2050 Arsenium
1449 2023 1632 2058 patriarcham
1647 2023 1772 2049 viderant

988 2073 1066 2107 eique
1081 2071 1252 2102 studuerant,
1266 2070 1426 2097 abscindere
1441 2070 1531 2104 sejatn
1546 2077 1561 2096 a
1577 2069 1772 2097 communione

987 2117 1204 2146 adversariorum
1224 2117 1283 2151 ejus
1303 2121 1330 2143 et
1350 2124 1399 2151 pro
1413 2116 1499 2151 ipsius
1515 2116 1686 2143 restitutione
1711 2123 1772 2142 cer-

988 2169 1046 2192 tare
1059 2164 1147 2198 palam
1173 2162 1366 2194 cernebantur,
1390 2162 1438 2188 sed
1463 2166 1491 2188 et
1513 2162 1557 2188 alii
1572 2162 1672 2196 passim
1699 2161 1773 2188 nulla

990 2208 1063 2236 illius
1077 2207 1207 2242 peculiari
1225 2206 1330 2238 notitia,
1352 2206 1426 2233 nullo
1442 2206 1468 2232 in
1487 2213 1547 2233 cum
1575 2207 1687 2241 proprio
1709 2206 1773 2234 alie-

987 2259 1032 2281 ctu
1047 2251 1228 2288 praeoccupati
1241 2259 1358 2286 unquam
1375 2255 1464 2283 antea,
1477 2257 1564 2278 tamen
1580 2252 1606 2278 in
1626 2260 1671 2279 eas
1682 2257 1748 2287 [πει-ι·
1760 2260 1774 2279 s

989 2297 1093 2324 ambitu
1119 2301 1147 2324 et
1162 2296 1252 2323 studio
1272 2295 1449 2323 sectariorum
1473 2296 1532 2330 ejus
1552 2297 1771 2324 attrabebantur.

991 2342 1075 2378 Vulgo
1091 2343 1116 2369 in
1131 2342 1226 2377 primis
1241 2341 1307 2368 illud
1322 2341 1443 2368 omnium
1474 2341 1556 2377 338
1579 2350 1626 2369 ore
1643 2344 1774 2370 celebra-

989 2395 1046 2417 tnm
1062 2389 1094 2416 de
1109 2387 1237 2422 .loseplto,
1253 2395 1313 2414 esse
1334 2387 1408 2414 illum
1425 2387 1476 2414 sibi
1491 2388 1630 2415 consciunt
1659 2397 1772 2416 excom-

990 2434 1185 2462 mnnieationis
1209 2438 1365 2465 contractae,
1393 2434 1569 2460 velien'tenter
1594 2436 1773 2469 perturbabat

989 2481 1180 2516 plerorumque
1195 2479 1311 2507 animos.
1322 2479 1354 2506 Et
1366 2481 1542 2514 quantumvis
1550 2481 1600 2507 iste
1609 2482 1729 2516 acceptis
1737 2482 1772 2508 ad

989 2527 1014 2554 id
1029 2536 1043 2554 a
1067 2526 1190 2561 principe
1213 2526 1336 2560 pecuniis
1358 2526 1430 2560 large
1447 2526 1645 2560 profundendis
1666 2527 1771 2554 exstin-

989 2580 1070 2609 guere
1088 2572 1230 2604 invidiam,
1249 2572 1363 2606 quaesito
1373 2580 1422 2605 per
1442 2573 1650 2600 beneficentiam
1665 2573 1769 2606 favore,

987 2623 1142 2648 conaretur,
1173 2617 1200 2644 in
1220 2624 1333 2651 eamque
1364 2617 1559 2653 indulgentiam
1591 2624 1645 2646 tam
1667 2627 1768 2654 pronus

988 2665 1167 2694 incumberet,
1188 2667 1218 2690 ut
1240 2671 1321 2690 nemo
1345 2663 1378 2690 ab
1394 2671 1426 2690 eo
1439 2663 1547 2698 quidvis
1559 2670 1682 2698 posceret
1703 2665 1770 2700 quin

989 2710 1079 2738 statim
1105 2712 1306 2743 assequeretur.
1321 2714 1411 2736 tamen
1436 2717 1486 2736 nec
1499 2710 1538 2737 sic
1553 2710 1688 2738 efﬁciebat
1704 2711 1769 2744 quin

989 2763 1085 2790 magna
1111 2758 1138 2782 et
1159 2753 1244 2781 tristis
1266 2754 1338 2781 circa
1374 2763 1436 2781 eutn
1462 2755 1578 2782 solitudo
1601 2761 1768 2784 cerneretur.

988 2801 1048 2832 Quo
1071 2799 1158 2827 facete
1182 2799 1304 2826 alludens
1336 2799 1494 2834 imperator,
1516 2809 1596 2828 manu
1617 2809 1688 2835 δειξμο
1709 2809 1769 2836 pre-

989 2847 1075 2874 henso
1098 2845 1258 2881 patriarcha:
1277 2846 1418 2880 praesentis
1448 2847 1538 2880 pallio,
1562 2847 1652 2875 dicere
1674 2847 1770 2874 solitus

989 2895 1048 2920 erat
1065 2890 1203 2927 aperuisse
1218 2889 1292 2917 illum
1308 2889 1358 2918 sibi
1378 2890 1494 2924 paradisi
1512 2891 1617 2925 ianuas,
1634 2899 1688 2927 quo
1706 2890 1767 2926 ipse
