1936 3069
115 195 167 226 789

609 196 657 226 DE
686 195 884 226 MICHAELE
903 195 1132 227 PALxEOLOGO
1151 198 1224 228 LIB.
1247 200 1279 230 ν.

1685 197 1743 227 790‘

114 250 253 284 ἀνοιγνὺς,
268 250 307 281 ὡς
335 250 383 285 ἅμ’
406 250 505 286 ἐκείνῳ
530 252 577 278 καὶ
604 252 686 279 αὑτὸν
703 252 834 278 εἰσελθεῖν
859 260 905 278 πι·
918 255 941 282 Α
956 263 1012 286 τος,
1025 255 1110 281 Αὐτὸν
1127 254 1150 281 δ’
1161 252 1231 281 εἶναι
1245 254 1320 290 παρὰ
1335 254 1396 286 τοὺς
1419 253 1514 285 ἄλλους
1533 253 1678 287 δοκιμάσαι
1693 255 1742 279 τὴν

115 295 221 322 στεύειν
243 296 372 329 κατόπιν,
391 296 504 331 μηδενὸς
528 297 734 332 ἐμποδίζοντος.
758 298 828 329 Τοὺς
854 298 903 333 μὲν

113 341 159 368 οὖν
182 341 291 375 ἄλλους,
315 342 340 369 οἳ
363 343 435 369 κατὰ
453 343 532 370 πόλιν
560 343 743 379 διατρίϐοντες
765 344 903 378 ἠνώχλουν

113 388 211 423 ἀνέδην
227 388 426 423 ἐκτρεπόμενοι
445 389 551 421 τοῦτον,
574 388 650 416 οὐδὲν
666 389 735 424 ἔχων
755 389 821 424 δρᾷν
839 389 902 417 ἄλλο

113 434 129 468 ἦ
149 434 179 460 τὸ
197 434 279 469 μηδὲν
297 433 451 468 φροντίζειν
471 434 585 461 ἐκείνων
603 435 643 465 εἰς
658 434 742 469 τιμῆς
757 434 836 468 λόγον
855 434 902 461 καὶ

114 479 293 512 προστασίας,
320 479 369 514 οὺχ
387 480 461 511 ὅπως
484 479 573 514 ἠξίου,
595 479 664 506 ἀλλὰ
688 480 735 506 καὶ
750 479 901 514 ὴλόγειλε-

113 526 216 558 γόντων
230 525 263 550 τὰ
280 524 408 559 μάλιστα.
422 525 538 560 ’Δνδρας
554 525 583 552 δέ
606 525 809 559 πνευματικοὺς
824 524 902 556 εἰδὼς

112 570 174 596 κατ’
196 570 342 605 ’Δεκατολὴν
360 570 530 605 ἐνιδροῦντας
549 570 597 597 καὶ
612 570 672 605 Θεῷ
698 570 771 606 μόνῳ
785 570 900 603 ζῶντας,

111 615 221 642 ἁκούων
234 616 281 642 καὶ
296 616 359 650 περὶ
372 616 484 642 ἐκείνων
495 617 533 647 ὡς
547 615 774 647 σκανδαλίξοιντο,
786 614 900 642 ἔσπευδε

113 660 250 686 κάκείνων
266 661 316 692 τὰς
329 659 441 695 γνώμας
456 661 668 695 προκατασχεῖν,
690 660 780 691 αὐτοῖς
793 660 899 694 ὄμμασι

112 707 221 738 θεαθεὶς
237 707 294 736 τοῖς
310 706 433 732 ἐκείνων.
447 707 502 733 Καὶ
521 707 553 740 δὴ
571 706 753 741 περὶτούτων
770 706 809 740 τῷ
825 705 900 740 βασι-

110 753 152 778 λεῖ
178 753 454 787 κοινολογησάμενος,
475 752 527 778 ὑπδ
542 752 628 786 πολλῇ
655 753 688 786 τῇ
709 751 832 786 σπατάλῃ
856 751 900 777 ὲν-

112 798 274 829 σκευασθεὶς
291 798 334 824 ἐπ’
351 797 494 832 Ἀνατολῆς
514 797 623 832 ἠλαυνε,
639 797 755 828 καὶτοῖς
772 797 899 832 ἀνδράσιν

112 843 239 876 ἐπιστὰς,
260 839 298 869 ὧν
313 843 345 877 δὴ
358 843 406 869 καὶ
423 843 463 873 εἰς
479 843 512 868 τὰ
534 841 652 877 μάλιστα
663 841 838 876 ὁθαυμαστδς
851 841 898 875 ἅμ’

109 887 212 922 ἀρετὴν
238 887 286 914 καὶ
300 887 380 921 λόγον
398 887 531 922 Βλεμίδης
551 885 596 918 ἦν,
611 887 694 917 πολὺς
720 885 754 921 ἢν
773 887 835 917 τοὺς
853 886 898 913 ἆν-

109 933 175 967 δρας
196 933 423 966 ὑποποιούμενος.
447 933 502 958 Καὶ
523 931 685 967 προσέπειθε
704 931 792 965 λέγων
814 939 898 965 προσ-

109 977 218 1004 κεῖσθαι
245 977 296 1012 μὲν
322 978 370 1004 καὶ
393 977 472 1009 αὐτὸς
494 977 625 1012 ’Δρσενίῳ
648 978 696 1004 καὶ
725 977 897 1011 πατριάρχην

108 1022 248 1056 ἡγεῖσθαι,
264 1021 319 1047 τῶν
335 1021 396 1048 κατ’
415 1021 521 1048 ἐκείνου
544 1022 786 1048 συσκευασθέντων
803 1021 896 1048 διακε·

108 1067 157 1100 vi};
173 1067 242 1102 μηδέ
267 1066 298 1093 τὸ
324 1067 412 1102 βραχὺ
442 1066 610 1101 φροντίζων·
627 1058 701 1102 ὅμως
723 1067 747 1093 δ’
771 1067 893 1100 ἀνάγκης

106 1112 136 1138 οὔ
144 1120 191 1147 sq;
206 1112 255 1147 τὴν
281 1111 447 1146 Ἐκκλησίαν
464 1112 669 1146 ποιμαίνεσθαι,
682 1113 806 1148 ἀνάγκην
825 1111 896 1139 εἶναι

107 1158 170 1184 τινὰ
185 1151 237 1184 τὸν
249 1157 354 1184 ἐκείνου
370 1157 453 1184 τόπον
472 1157 660 1193 ἀποπληροῦν,
679 1158 783 1184 ἐκείνου
801 1158 838 1193 μὴ
852 1158 896 1184 δν-

107 1252 168 1282 post
185 1256 247 1276 cum
263 1269 270 1282 ,
306 1249 382 1276 nullo
405 1249 490 1276 turbat
521 1249 657 1276 obstantis
679 1249 892 1284 impedimento,

107 1293 187 1320 facile
211 1293 385 1329 ingressurus
409 1294 558 1321 videretur.
585 1293 623 1321 Ac
636 1301 684 1320 eos
715 1294 824 1328 quidem
846 1295 893 1328 qui

107 1340 197 1374 palam
212 1339 238 1366 in
255 1340 321 1366 urbe
336 1340 468 1367 adversus
479 1338 629 1375 Josephum
645 1340 833 1367 declamantes
845 1348 893 1374 po-

106 1386 200 1421 pulum
217 1386 251 1413 ab
270 1393 303 1413 eo
318 1386 489 1418 avertebant,
508 1393 569 1413 cum
587 1386 610 1413 is
641 1385 698 1420 jam
725 1386 815 1412 omnia
835 1385 892 1413 fru-

109 1437 168 1458 stra
181 1435 311 1465 expertus
325 1431 394 1458 nihil
407 1431 520 1459 haberet
534 1431 608 1459 aliud
622 1431 694 1466 quod
709 1435 812 1467 ageret,
826 1438 892 1459 con-

106 1482 229 1504 temnere
249 1477 383 1512 optimum
401 1477 506 1512 putavit
521 1477 725 1513 negligereque,
752 1477 827 1504 nulla
851 1485 893 1504 eo-

105 1531 167 1550 rum
183 1523 211 1550 in
239 1523 433 1550 distributione
460 1523 684 1558 praefecturarum
710 1528 737 1550 et
756 1523 891 1550 honorum

104 1569 211 1596 ratione
224 1569 358 1602 habenda,
369 1568 581 1604 rejieiendisque
597 1568 777 1604 petitionibus
786 1569 890 1602 talium,
905 1583 926 1612 ε

104 1622 136 1641 ac
151 1614 174 1641 si
185 1623 238 1649 qua
251 1614 321 1642 forte
347 1619 460 1649 urgente
474 1615 637 1642 necessitate
661 1614 812 1642 studiosius
828 1623 889 1642 euut

105 1667 140 1687 eo
160 1660 298 1695 quidpiam
327 1664 490 1694 cogerentur
515 1668 605 1695 agere,
636 1660 749 1688 auribus
774 1661 892 1696 superbe

104 1705 274 1738 avertendis,
291 1705 389 1732 duritia
402 1713 483 1739 quam
503 1704 582 1732 facile
597 1705 734 1733 sentirent
749 1705 777 1732 in
792 1709 890 1733 contu-

106 1750 203 1777 maciae
218 1750 339 1785 ipsorum
359 1751 491 1777 ultionem
514 1750 648 1778 affectari.
665 1750 802 1778 Caeterum
817 1751 889 1778 idem

105 1795 221 1822 audiens
252 1795 324 1822 viros
339 1796 493 1830 spirituales
508 1803 558 1831 per
578 1795 718 1823 Orientem
731 1796 891 1824 insudanles

105 1840 263 1872 virtutibus,
288 1841 342 1868 Deo
363 1841 485 1868 viventes
511 1841 570 1873 soli,
586 1841 668 1868 etiam
698 1841 772 1876 ipsos
784 1841 812 1868 in
831 1849 891 1869 sese

105 1887 294 1919 seandalizari,
310 1887 528 1922 praevertendum
547 1887 611 1914 inde
630 1887 762 1922 ingruens
789 1888 891 1915 malum

106 1932 181 1959 omni
210 1932 301 1959 studio
315 1932 430 1967 putavit,
448 1932 613 1968 dignamque
643 1940 702 1959 rem
717 1940 776 1959 eam
795 1933 891 1960 statuit

104 1977 149 2005 cui
176 1985 296 2012 praesens
313 1977 491 2012 procurand'e
506 1977 573 2005 nulli
596 1984 714 2012 parcens
739 1984 829 2011 operte
842 1985 892 2004 va-

103 2027 190 2056 caret,
210 2031 259 2057 spe
274 2023 400 2051 videlicet
414 2023 549 2053 invitante
565 2023 624 2050 fore
638 2028 667 2050 ut
682 2023 754 2058 apud
780 2030 827 2050 eos
839 2031 889 2050 au-

105 2069 223 2096 ditarum
239 2069 266 2096 in
285 2077 314 2096 se
328 2069 468 2097 absentem
482 2069 704 2097 criminationum
723 2069 888 2096 calumniam

105 2119 269 2150 conspectus
284 2116 355 2143 ultro
373 2115 481 2143 oblatus
496 2116 668 2150 blandusque
682 2123 773 2142 coram
801 2123 892 2143 sermo

106 2161 253 2189 refelleret.
267 2161 388 2188 Consilio
407 2161 490 2195 igitur
517 2160 674 2195 imperatori
689 2160 892 2188 communicato

106 2207 285 2242 probatoque,
316 2206 448 2233 comitatu
479 2207 566 2233 multo
593 2206 790 2241 splendideque
805 2213 892 2240 usque

954 300 1259 335 χρησιμεύοντασναῦῑῷ
1281 301 1336 335 γὰρ
1360 299 1539 334 προσκεῖσθαι
1558 299 1606 325 καὶ
1625 298 1739 332 βασιλέα

954 346 1222 381 πὶηηροφοροὺμενον,
1247 346 1317 373 ὥστε
1343 346 1382 381 μὴ
1408 346 1482 376 ὅπως
1499 344 1658 379 ξυμῦαίνειν
1683 345 1739 369 τισὶ

952 391 1061 426 χαλεπὰ
1086 393 1133 418 καὶ
1157 393 1294 426 ἀνήκεστα
1312 391 1520 426 προσκειμένοις
1545 390 1653 424 ἐκείνῳ,
1670 389 1745 415 ἀλλὰ·

952 437 999 463 καὶ
1024 437 1132 469 πολλοῖς
1157 438 1246 469 ἄλλοις
1262 437 1304 473 [Ρ.
1323 437 1388 472 259]
1405 437 1434 463 εὖ
1463 436 1603 470 γὶγνεσθαι
1627 435 1670 462 διὰ
1689 435 1742 469 τὴν»

952 482 1019 517 πρὸς
1038 483 1119 509 αὐτὸν
1137 483 1268 518 βασιλέως
1282 483 1488 516 ἀγαθοθέλειαν.
1504 481 1590 507 Τοῦτο
1605 481 1652 507 καὶ
1668 480 1738 514 πρὸς

952 528 1047 559 ἄλλους
1065 528 1118 555 τῶν
1142 529 1334 564 πνευματικῶν
1356 529 1461 564 ἀνδρῶν
1478 528 1567 560 ἔλεγε,
1592 527 1671 553 τοῦτο
1689 526 1737 552 καὶ

953 574 1020 608 πρὸς
1034 574 1116 601 αὑτὸν
1133 575 1301 609 Βλεμμίδην,
1317 575 1364 601 καὶ
1379 573 1518 608 παρεσύλα
1534 573 1584 603 τὰς
1601 573 1649 598 ἀπ’
1664 571 1737 598 ἐκεί-

951 627 1004 645 νων
1027 619 1133 650 εὐνοίας
1156 619 1410 654 φιλοφρονούμενος.
1426 618 1471 653 Τῷ
1495 618 1524 644 δέ
1541 625 1572 650 γε
1595 616 1735 650 Βλεμμίδῃ

952 664 998 690 καὶ
1011 663 1075 690 ἄλλο
1085 663 1156 690 κατὰ
1174 664 1274 690 σκοπὸν
1289 661 1322 699 ἦν
1339 664 1368 690 τὺ
1379 663 1472 690 πεῖθον
1483 663 1586 689 ἐκεῖνον
1599 661 1734 697 δέχεσθαι.

958 709 1065 744 Ἐπειδὴ
1090 710 1144 744 γὰρ
1173 710 1274 741 ἐκεῖνος
1303 708 1446 743 φιλόσοφον
1470 707 1569 739 διαζῶν
1599 706 1657 741 βίον
1675 706 1735 738 ὅλος

949 754 1004 780 τῶν
1016 751 1066 781 ὧδε
1081 754 1195 789 ἐξῄρητο
1209 754 1256 781 καὶ
1271 754 1382 785 ἀπαθῶς
1397 751 1452 787 εἷχε
1468 752 1535 788 πρὸς
1547 752 1579 779 τὰ
1594 751 1734 786 γινόμενα,

948 799 1010 825 οὔτε
1026 802 1078 826 τινὶ
1095 799 1261 834 πωσπαθῶν
1281 799 1343 826 οὔτε
1366 799 1418 834 μὴν
1437 798 1580 832 ἑμπαθῶν,
1602 797 1658 824 ἀλλ’
1671 795 1705 832 ἦν
1722 798 1735 823 ὁ

947 845 1010 876 νοῦς
1032 845 1129 880 ἐκείνῳ
1149 845 1186 876 ὼς
1208 846 1232 871 εί
1252 845 1289 880 μὴ
1305 844 1410 879 σώματι
1439 844 1508 874 ὅλως
1532 843 1684 877 κατείχετο,
1705 842 1735 868 ἒν

949 890 1086 924 ἐλογίζετο
1097 890 1144 917 καὶ
1164 891 1190 916 ‘A
1197 890 1300 925 ρσένιον
1314 888 1383 916 εἶναι
1395 890 1442 916 καὶ
1455 888 1564 924 Ἰωσὴφ,
1576 889 1605 915 οὐ
1620 889 1736 922 γυμνοῖς

948 935 1040 965 αὐτοῖς
1058 935 1201 970 προσέχων
1216 935 1270 966 τοῖς
1285 934 1467 968 γιγνομένοις,
1484 933 1521 965 ὠς
1542 933 1589 959 τὴν
1607 933 1656 967 μὲν
1675 932 1736 967 κρί-

946 989 1001 1006 νειν
1014 980 1186 1015 ἀδικηθέντα,
1209 981 1255 1006 τὸν
1279 980 1300 1006 δ’
1324 979 1478 1014 ἐπιϐήτορα
1491 987 1498 995 ’
1515 978 1604 1005 ταῦτα.
1618 979 1672 1013 γὰρ
1685 987 1735 1013 χα-

947 1025 1066 1059 μερποῦ;
1082 1033 1154 1056 τινος
1170 1025 1291 1056 διανοίας
1315 1025 1362 1051 καὶ
1383 1024 1466 1060 μηδὲν
1482 1024 1596 1059 ἐχούσης
1611 1024 1665 1050 τῶν
1680 1032 1734 1050 πα-

946 1071 1047 1104 ρόντων
1064 1070 1145 1097 πλέον
1168 1071 1207 1101 είς
1223 1070 1341 1105 θεωρίαν
1365 1071 1468 1104 ἠγεῖτο,
1485 1069 1542 1096 ἀλλ’
1569 1069 1646 1100 είδὼς
1665 1069 1734 1096 Θεοῦ

947 1115 995 1148 μὲν
1013 1115 1044 1141 τὸ
1057 1115 1189 1147 εὐσταθὲς
1203 1115 1248 1141 καὶ
1262 1115 1402 1150 ἀκίνητον,
1423 1107 1574 1149 ἀνθρώπων
1588 1114 1615 1141 δέ
1631 1115 1660 1141 τὸ
1679 1123 1737 1149 μηδ

943 1160 987 1187 es»
1003 1161 1031 1186 ὲν
1048 1160 1142 1195 μηδενὶ
1165 1161 1211 1187 ἐπὶ
1229 1161 1275 1187 τοῦ
1293 1153 1374 1201 αὑτοῦ
1395 1160 1447 1187 κᾶν
1467 1161 1553 1196 βραχῦ
1581 1161 1673 1195 μένειν
1689 1158 1732 1195 (ιῧ

944 1256 973 1276 se
989 1249 1134 1277 revocabili
1153 1248 1253 1284 injuria
1275 1249 1365 1284 eiecti.
1382 1249 1512 1277 Secutum
1528 1253 1620 1276 autem
1636 1249 1662 1276 in
1680 1249 1732 1275 hoc

941 1295 1043 1330 judicia
1059 1295 1215 1327 multorum,
1232 1300 1325 1330 aptum
1339 1302 1368 1322 se
1383 1295 1415 1322 ad
1431 1295 1457 1321 id
1473 1294 1659 1322 necessarium
1679 1295 1730 1321 Ec-

943 1341 1032 1368 clesiae
1049 1341 1078 1368 in
1101 1341 1264 1368 necessitate
1284 1344 1359 1368 tanta
1393 1340 1578 1368 exhibendum
1608 1340 1728 1367 ofﬁcium

943 1387 1127 1418 censentium,
1145 1387 1181 1414 ob
1207 1394 1270 1414 eum
1294 1385 1412 1414 maxime
1427 1386 1468 1414 vel
1480 1385 1652 1413 auctoritatis
1684 1386 1728 1413 vel

944 1433 1037 1468 gratize
1050 1433 1140 1460 locum
1157 1440 1237 1467 quem
1253 1432 1324 1467 apud
1341 1432 1536 1466 imperatorem
1549 1431 1698 1464 obtineret,
1713 1439 1730 1457 a

942 1486 997 1513 quo
1013 1479 1161 1512 audiretur,
1177 1479 1223 1513 qui
1241 1479 1298 1506 suis
1309 1477 1435 1506 consiliis
1447 1477 1575 1509 deferret,
1592 1477 1649 1504 suis
1671 1484 1733 1511 pres

943 1523 1021 1551 cibus
1037 1527 1182 1556 annueret,
1197 1528 1278 1558 prout
1294 1528 1367 1551 esset
1386 1523 1505 1550 utilitate
1519 1523 1662 1557 probatum
1676 1530 1729 1557 pu-

943 1568 1024 1596 blica.
1043 1568 1103 1596 Non
1116 1569 1196 1596 modo
1210 1569 1283 1596 enim
1299 1576 1382 1603 opera
1402 1568 1485 1596 fuisse
1500 1576 1549 1596 sua
1578 1568 1728 1602 mitigatam

943 1614 1114 1649 imperatoris
1129 1615 1196 1642 iram
1219 1614 1246 1641 in
1263 1614 1370 1641 Arsenii
1389 1614 1519 1647 fautores,
1546 1613 1729 1648 elIectnmque

942 1662 978 1682 ne
991 1655 1024 1682 iis
1040 1655 1205 1683 ulciscendis
1218 1656 1342 1690 maleque
1365 1655 1513 1682 multandis
1530 1662 1637 1682 summa
1651 1654 1711 1688 prin
1721 1669 1729 1674 ς

942 1709 1007 1736 ceps
1020 1702 1141 1736 potentia
1154 1706 1287 1732 uteretur,
1316 1701 1362 1728 sed
1378 1705 1551 1736 procuratum
1571 1701 1653 1728 etiam
1665 1708 1729 1728 cum

942 1755 1080 1780 successu,
1097 1748 1190 1775 multis
1215 1752 1245 1774 ut
1264 1747 1324 1774 aliis
1351 1748 1419 1774 bene
1438 1751 1520 1779 esset,
1548 1754 1682 1781 propensa
1701 1747 1736 1773 in,

941 1802 971 1821 se
986 1794 1112 1829 privatim
1125 1794 1295 1828 imperatoris
1309 1793 1500 1821 benevolentia
1514 1793 1542 1820 in
1554 1797 1730 1824 cunctorum,

942 1840 1031 1875 quoad
1046 1840 1189 1875 potuisset,
1217 1840 1355 1874 egentium
1387 1846 1532 1866 commune
1565 1838 1731 1866 beneﬁcium

941 1887 1101 1914 derivanda.
1122 1886 1197 1913 Talia
1227 1882 1291 1912 cum
1308 1885 1443 1920 religiosis
1462 1884 1516 1912 illis
1535 1885 1645 1916 aseetis,
1665 1892 1728 1911 cum

942 1932 994 1967 ipsi
1014 1932 1180 1963 Blemmidaa,
1207 1931 1346 1966 sigillatim
1376 1937 1512 1965 quemque
1536 1929 1703 1958 conveniens
1718 1950 1729 1962 ν

941 1978 1016 2006 omni
1029 1985 1061 2005 ea
1077 1978 1210 2009 adhibita,
1227 1984 1309 2012 quam
1325 1976 1443 2004 habebat
1458 1976 1616 2010 plurimam,
1639 1975 1730 2003 conci:

941 2024 1094 2051 liandorum
1111 2024 1274 2058 quibuscum
1303 2027 1395 2058 ageret
1418 2024 1495 2050 suavi
1526 2022 1655 2054 ellieacia,
1671 2030 1730 2049 me-

941 2073 1085 2101 morasset,
1115 2068 1194 2096 rertit
1220 2068 1349 2095 nimirum
1379 2068 1406 2094 in
1437 2075 1499 2095 sese
1513 2067 1604 2094 studia
1632 2074 1729 2094 eorum

941 2113 1111 2147 ail‘ectusque
1126 2113 1226 2148 rapuit,
1236 2115 1402 2147 cooperante
1419 2112 1445 2139 in
1459 2113 1486 2139 id
1504 2113 1592 2147 ipsum
1612 2120 1667 2139 non
1683 2119 1729 2146 pas

942 2166 1002 2186 rum
1019 2159 1123 2186 liberali
1136 2159 1288 2193 largitione,
1309 2166 1361 2192 qua
1376 2163 1490 2185 cunctos
1515 2162 1667 2192 opportune
1679 2159 1727 2185 de-

942 2205 1040 2237 linivit,
1055 2212 1110 2232 non
1131 2205 1267 2231 illibenter
1283 2204 1456 2231 admittentes
1476 2213 1483 2236 ;
1500 2212 1654 2238 quanquam
1671 2204 1728 2231 haec

104 2253 137 2280 ad
164 2253 256 2280 luxum
283 2257 424 2287 apparatu,
453 2252 480 2278 in
505 2252 644 2279 Orientem
662 2251 800 2286 prolectus
825 2257 867 2279 est
883 2260 890 2284 ;
909 2247 930 2274 ἰ)
944 2250 1053 2284 quidem
1073 2258 1115 2277 res
1142 2257 1238 2284 parum
1253 2249 1286 2276 ad
1303 2248 1499 2276 emolliendum
1517 2249 1568 2283 ipsi
1600 2249 1729 2276 Blemmi,
1764 2286 1767 2287 ν

105 2299 196 2334 ibique
211 2307 272 2326 cum
289 2299 357 2325 alios
370 2299 445 2326 viros
458 2298 580 2326 celebres
593 2303 728 2333 repertos,
744 2303 800 2325 tum
814 2298 890 2325 illum

104 2346 131 2373 in
148 2345 245 2380 primis
259 2344 450 2372 admirandum
471 2344 603 2378 religione
620 2351 652 2371 ac
667 2344 791 2371 doctrina
806 2343 891 2371 Blem-

103 2391 215 2421 midam,
232 2394 262 2417 ut
276 2390 334 2416 suis
360 2390 484 2424 partibus
510 2390 680 2424 adiungeret,
713 2389 796 2424 339
812 2388 892 2416 ench

104 2445 156 2464 nec
172 2437 251 2471 plane
263 2436 363 2463 frustra
377 2436 521 2463 laboravit.
535 2435 673 2462 Persuasit
684 2435 757 2462 enim
774 2435 815 2462 eis
835 2434 891 2461 fere

104 2482 177 2517 Quod
199 2481 317 2513 volebat,
344 2489 406 2508 cum
426 2481 530 2508 diceret
564 2480 703 2508 studuisse
727 2487 757 2507 se
784 2487 891 2514 quoque

104 2528 193 2559 ipsum
209 2526 335 2558 Arsenio,
357 2531 384 2554 et
405 2534 452 2561 pro
468 2534 535 2553 vero
563 2526 640 2552 illum
660 2525 762 2552 habere
777 2525 892 2559 patriar-

103 2574 165 2603 cha,
195 2573 408 2607 cxistimareque
431 2579 516 2599 vanas
545 2571 638 2606 inique
663 2575 782 2598 structas
795 2575 890 2598 contra

104 2626 167 2645 eum
188 2618 323 2645 hactenus
336 2623 362 2645 et
387 2617 534 2645 artificiose
564 2617 730 2652 compositas
744 2617 892 2644 machima-

105 2664 194 2691 tiones
208 2671 315 2695 omnes,
336 2668 450 2698 actaque
462 2664 514 2691 ista
535 2668 634 2691 cuncta
659 2663 759 2690 dueere
789 2670 839 2697 pro
855 2662 891 2689 ir-

104 2711 164 2737 ritis
181 2717 231 2737 nec
245 2709 325 2736 nauci
341 2709 441 2737 facere.
455 2710 508 2737 Sed
524 2717 586 2737 cum
602 2709 635 2736 iis
650 2709 783 2737 obsistere
798 2708 891 2742 nequi-

104 2761 155 2787 ret,
171 2756 277 2783 videret
291 2756 381 2782 autem
411 2755 567 2782 destitutam
596 2754 744 2782 Ecclesiam
758 2754 890 2788 gravissi-

104 2803 155 2829 mis
170 2810 232 2829 esse
248 2802 379 2836 prriculis
390 2801 554 2836 expositam,
570 2801 602 2827 ad
620 2808 681 2828 eam
694 2800 888 2827 sublevandam

103 2853 129 2875 et
141 2848 298 2876 certissimo
313 2848 396 2876 exilio
409 2847 621 2875 subtrahendam
652 2846 810 2880 accessisse,
826 2853 890 2880 sup-

104 2895 205 2930 plendo
234 2899 372 2929 utcunque
395 2893 454 2921 loco
480 2893 598 2929 pastoris
613 2893 680 2926 veri,
697 2891 786 2920 aliena
802 2897 852 2920 ntc
871 2899 884 2919 a

942 2296 1004 2322 dam
1022 2295 1116 2323 valuit.
1139 2295 1230 2329 Longe
1243 2295 1302 2322 alize
1327 2295 1386 2321 viro
1407 2294 1456 2326 illi,
1474 2302 1523 2329 pro
1548 2294 1627 2328 genio
1643 2303 1727 2329 pecu-

942 2341 1002 2368 liari
1018 2349 1049 2368 ac
1068 2345 1140 2368 secta
1166 2340 1317 2376 disciplima
1333 2341 1475 2374 cujusdam
1502 2340 1627 2375 proprim,
1649 2339 1728 2367 .Iose-

942 2387 1026 2421 plmm
1054 2386 1174 2414 rationes
1197 2386 1434 2414 commendarunt.
1463 2387 1553 2413 inerat
1572 2385 1729 2413 Blemmidat

942 2433 1050 2460 animus
1063 2432 1116 2468 alta
1130 2432 1246 2467 quadam
1273 2436 1304 2460 et.
1316 2433 1501 2468 aspernatrice
1527 2433 1608 2467 vulgo
1623 2437 1729 2467 specta.-

942 2483 1031 2506 tarum
1047 2487 1137 2506 rerum
1151 2478 1321 2514 philosophia
1338 2479 1482 2512 subnixus,
1498 2479 1636 2506 abstracta
1652 2486 1729 2505 mens

941 2525 1064 2559 qnzedam
1084 2533 1099 2552 a
1112 2525 1287 2552 concretione
1299 2525 1435 2559 corporis,
1449 2529 1476 2552 et
1492 2525 1586 2559 procul
1600 2524 1729 2559 abjuncta

942 2571 1103 2606 contagione
1117 2570 1261 2598 humilium
1278 2578 1416 2598 curarum.
1433 2571 1476 2598 Nil
1493 2578 1656 2605 magnopere
1680 2570 1730 2597 mi-

941 2616 1007 2647 rari;
1027 2623 1062 2642 ne
1077 2617 1149 2651 tangi
1163 2616 1271 2651 quidem
1290 2617 1444 2644 tenerrimis
1460 2617 1602 2644 aﬂ‘eetibus
1614 2621 1729 2649 natura,

941 2669 995 2688 non
1021 2661 1066 2688 ind
1080 2662 1142 2689 lere
1154 2662 1286 2693 tristibus.
1302 2670 1355 2689 non
1367 2663 1502 2689 exsultare
1519 2663 1596 2695 lanis,
1620 2670 1673 2690 non
1687 2663 1730 2690 ei-

940 2707 1004 2734 ierri
1012 2707 1150 2742 speciosis,
1158 2708 1249 2735 omnia
1260 2716 1343 2735 unum
1350 2716 1412 2736 esse
1420 2716 1452 2736 ae
1458 2709 1568 2743 perinde
1575 2709 1669 2736 haberi
1676 2717 1720 2736 om
1726 2723 1732 2728 -

940 2753 1015 2780 nium
1024 2761 1122 2780 securo
1133 2763 1139 2786 ;
1149 2753 1222 2780 nullo
1231 2754 1390 2781 discrimine
1402 2755 1456 2781 odii
1466 2755 1591 2790 gratiawe
1605 2755 1638 2782 de
1648 2754 1730 2791 340

940 2800 1075 2834 personis,
1097 2800 1170 2827 nullo
1193 2806 1317 2835 respectu
1346 2801 1510 2835 privatarum
1537 2802 1670 2828 rationum
1697 2802 1731 2829 de

939 2845 1300 2882 quibuscunqucjudicanti.
1311 2846 1380 2882 Ergo
1394 2848 1457 2874 huic
1471 2847 1516 2874 tali
1530 2847 1663 2875 Arsenius
1683 2855 1734 2878 aut

939 2890 1074 2928 Josephus
1087 2893 1196 2922 nomina
1206 2897 1282 2922 erant
1294 2901 1378 2927 mera,
1391 2894 1490 2929 quibus
1500 2894 1672 2922 auditisnihil
1687 2895 1732 2921 ille
