1936 3069
205 164 255 197 ’1ι1

803 171 966 203 GEORGII
986 172 1226 205 PACHYMERIE

1769 174 1828 207 792

203 222 258 268 rep
273 224 319 249 καὶ
336 222 505 259 Ἡρακλείτῳ
528 225 656 260 είρῆσθαι
671 225 702 253 τδ
726 226 763 262 μὴ
780 227 827 254 ἐπὶ
843 227 891 254 τοῦ
907 227 989 256 αὑτοῦ
1004 229 1028 258 Α
1042 228 1057 264 ἤ
1076 229 1125 265 τὴν
1140 229 1201 256 κατ’
1223 229 1383 266 ἀνθρώπους
1407 231 1500 267 τιμὴν,
1516 232 1533 268 ἢ
1558 231 1590 268 δὴ
1612 231 1750 264 δεξιώσεις
1773 232 1833 267 ἔχει

204 266 274 295 εῐναι
292 270 333 301 δὶς
361 270 485 305 βάπτειν,
506 271 553 298 καὶ
578 272 713 308 Κρατύλῳ
738 273 839 308 μᾶλλον
858 274 896 304 ὡς
921 273 990 309 μηδὲ

204 315 288 347 ἅπαξ,
302 315 359 342 τῶν
375 318 546 352 πραγμάτων
561 317 639 352 δίκην
658 318 770 353 ἀείρρου
789 318 925 353 ῥεύματος
940 328 992 345 πα-

204 361 414 396 ρατρεχόντων),
433 363 470 397 μὴ
495 363 588 389 καινὸν
603 362 672 390 εἶναι
688 364 750 399 μηδ’
763 364 850 396 ἄλλως
868 363 954 396 ξένον,
966 365 990 390 εί

203 405 253 433 καὶ
277 406 413 440 Ἀρσένιος
431 407 558 434 ἀδικοῖτο.
574 408 610 435 Τὸ
630 409 684 447 γὰρ
711 409 858 444 ἀναγκαῖον
875 410 904 436 ἓν
920 408 989 438 εῖναι

203 451 251 478 καὶ
267 452 347 486 μόνον
369 452 399 478 τὸ
418 453 540 486 εὐσεϐὲς,
565 454 660 480 τούτου
684 455 712 481 δὲ
733 455 901 490 τηρουμένου
915 456 988 483 τᾶλλ’

203 497 372 534 ἀπερῤίφθαι
388 499 496 534 ἀνάγκη
513 501 570 532 τοῖς
584 501 756 536 αἱρουμένοις
777 501 827 537 ζῇν
843 502 913 528 κατὰ
927 502 990 537 τρό-

203 552 264 570 πον.
292 544 373 571 Ταῦτ’
392 545 445 580 ἄρα
468 547 516 572 καὶ
539 547 637 582 Ἰωσὴφ
666 547 779 582 ἐδέχετο,
808 547 895 574 καίτοι
920 548 988 583 πρὸς

202 590 306 617 ἐκεῖνον
332 590 419 623 οὕτως
447 591 517 627 ἔχων
542 593 580 624 ὡς
595 593 664 628 μηδὲ
684 594 733 628 τῆς
753 593 852 628 κέλλης
873 593 989 627 ἐξελθὼν

203 638 423 671 προῦπαντῆσαι,
439 638 506 665 ἀλλὰ
522 638 590 673 μηδὲ
602 639 741 674 προσιόντι
756 640 988 673 προεξαναστῆναι

203 681 352 716 μακρόθεν,
378 682 439 718 μηδ’
459 683 523 709 ἄλλο
538 692 564 710 τι
581 683 635 710 τῶν
657 684 697 716 εἰς
716 685 836 711 θωπείαν
862 685 908 711 καὶ
925 693 988 720 σμι-

201 727 389 762 κροπρέπειαν
408 729 448 758 εἰς
464 730 544 764 χάριν
559 729 633 764 αὐτῴ
654 730 866 765 διαπράξασθαι.
885 731 921 757 To
934 731 989 766 γὰρ

201 772 270 808 πρὸς
289 773 447 807 φιλοσοφίαν
463 774 600 806 ὲπικλινὲς
628 775 718 802 καὶτὸ
734 775 802 809 πρὸς
819 776 852 802 τὰ
869 775 927 809 εἴδη
943 777 990 803 καὶ

203 819 272 852 μόνα
286 818 339 845 τῶν
356 820 527 854 πραγμάτων
544 820 719 856 ὲπιὸλητικὸν
740 821 898 857 ἀμείλικτον
917 823 989 849 ἐκεῖ·

202 872 247 890 νον
262 863 346 891 ἐτίθει
360 864 395 891 τὰ
416 865 483 900 πρὸς
500 865 578 900 ὕλην,
594 866 642 893 καὶ
657 866 689 892 τὸ
714 867 810 901 ἐφετὸν
833 869 905 894 κατὰ
927 868 990 895 νοῦν

201 907 271 943 ἔχων
285 908 417 944 παρεὼρα
437 910 468 936 τὺ
481 910 633 945 ἐφιέμενον.
650 911 733 938 Ὅθεν
756 911 807 938 οὐκ
824 912 988 947 ἀνθρώποις,

201 956 269 982 ἀλλὰ
281 956 443 991 πράγμασιν
459 957 624 990 ἐπιϐάλλων,
642 958 758 989 ἐκείνοις
780 957 830 993 μὲν
850 959 941 993 ἐτήρει
957 959 989 986 τὸ

201 1001 296 1035 θαῦμα
312 1002 359 1028 καὶ
378 1002 629 1038 ὑπερεξεπλήττετο
641 1003 689 1030 καὶ
703 1003 790 1036 ἄλλως
801 1005 883 1040 τιμᾷν
897 1005 989 1040 ᾑρεῖτο

201 1093 266 1113 sane
278 1086 311 1114 ad
323 1087 443 1115 favorem
452 1088 618 1117 invidiamve
627 1095 792 1119 moveretur.
806 1091 895 1120 Unum
905 1093 987 1121 inter-

200 1140 260 1160 esse
269 1134 443 1168 putabatsua,
450 1133 553 1169 justum
559 1136 694 1171 amplecti,
702 1142 844 1166 nocentem
855 1140 986 1167 aversari.

200 1178 270 1205 Tum
296 1179 330 1206 de
342 1180 432 1207 causis
450 1181 575 1215 protinus
606 1182 674 1217 ipsis
703 1183 764 1210 sine
795 1185 988 1219 praajudicioa

199 1226 326 1259 personis
345 1225 426 1253 ducto
443 1228 572 1254 statuenti
601 1228 733 1256 Arsenius
747 1230 857 1264 quidem
886 1231 988 1266 injuste

200 1271 332 1306 dejectus,
361 1271 496 1307 Josephus
523 1274 664 1307 illegitime
690 1276 813 1303 intrusus
833 1277 986 1304 videbatur.

200 1316 281 1344 Trahi
298 1317 370 1345 enim
390 1318 416 1345 in
431 1319 568 1347 censendo
581 1321 715 1354 judicium
731 1329 746 1348 a
765 1322 867 1355 studio,
879 1326 906 1349 et
920 1331 987 1357 pcn-

200 1362 269 1391 dens
279 1363 421 1390 arbitrium
434 1364 527 1392 liberze
538 1365 639 1394 mentis
648 1366 773 1394 inclinari
785 1368 932 1395 momentis
941 1373 988 1396 aut

201 1408 326 1444 obsequii
341 1409 450 1436 obnoxii
464 1415 512 1438 aut
527 1416 742 1446 quaestuosarum
757 1413 906 1444 rationum.
921 1414 988 1441 vitio

200 1454 355 1489 imputabat
374 1455 472 1482 anima:
497 1456 574 1483 humi
591 1457 734 1491 reptantis,
748 1466 799 1486 nec
816 1459 939 1487 attollere
955 1468 984 1487 se

200 1505 270 1536 apta:
284 1509 366 1535 supra
385 1509 503 1529 massam
522 1503 591 1530 hanc
604 1503 685 1531 vilem
693 1511 790 1532 crassae
803 1505 987 1533 concretionis

199 1546 228 1574 in
243 1547 501 1582 contemplationem
516 1548 567 1575 sibi
585 1556 767 1584 congenerum
782 1554 810 1578 et
842 1558 872 1578 se
889 1551 986 1586 digna-

199 1601 260 1620 rum
287 1593 410 1621 idearum
444 1595 593 1629 superioris
618 1596 740 1630 sphaerae.
755 1595 889 1623 Cmterum
911 1601 941 1624 ut
956 1597 984 1624 in

199 1638 259 1665 rivo
282 1639 433 1673 proﬂuente
461 1644 514 1667 tam
544 1644 754 1668 momentaneus
780 1647 822 1668 est
854 1642 986 1670 transitus

199 1684 406 1712 succedentium
434 1685 551 1713 invicem
582 1685 732 1720 irrequieto
750 1693 832 1714 cursu
865 1688 983 1722 partium

198 1738 293 1765 atquae,
313 1735 342 1758 ut
356 1738 437 1759 nemo
450 1731 492 1759 bis
507 1731 534 1758 in
549 1732 683 1765 eamdem,
712 1733 786 1767 quod
805 1737 888 1768 ,recte
910 1734 985 1761 dice-

201 1777 249 1804 bat
275 1777 439 1810 Heraclitus,
457 1777 572 1813 digitum
588 1778 747 1806 immersum
766 1780 853 1814 possit
868 1779 984 1815 tingere,

201 1823 257 1849 imo
269 1830 304 1850 ne
319 1823 404 1850 semel
431 1823 555 1858 quidem,
569 1824 591 1851 si
605 1824 713 1860 Cratle
743 1824 876 1858 creditur,
893 1825 986 1853 existi-

200 1868 286 1894 manti
302 1868 408 1895 unicam
421 1876 530 1903 quoque
547 1868 705 1896 tinctionem
718 1869 843 1904 pluribus
863 1870 985 1897 vicissim

201 1914 366 1948 respondere
383 1914 521 1948 particulis
547 1921 655 1949 semper
670 1915 787 1942 labentis
803 1916 893 1948 undae,
913 1915 983 1943 nihil

200 1965 302 1986 novum
330 1959 556 1993 autinopinatum
576 1959 662 1987 videri
676 1959 787 1992 debere,
801 1960 824 1988 si
835 1960 917 1988 rebus
932 1960 986 1987 hu-

202 2004 291 2032 manis
304 2004 422 2032 instabili
433 2012 493 2032 sese
507 2005 641 2040 vertigine
655 2005 841 2038 volventibus,
857 2005 987 2040 nullaque

201 2050 246 2078 vel
259 2051 291 2077 ad
305 2050 388 2078 breve
397 2050 638 2086 spatiumimmota
652 2056 839 2086 permanente,
854 2051 987 2079 Arsenius

202 2104 313 2132 quoque
331 2097 390 2125 vice
405 2104 455 2124 sua
468 2104 567 2132 passus
581 2102 653 2125 esset
672 2097 813 2132 injuriam.
830 2097 916 2125 Porro
935 2105 985 2125 ne-

202 2144 353 2172 cessarium
380 2144 406 2171 in
425 2144 478 2172 vita
495 2152 578 2172 unum
596 2152 666 2178 esse,
688 2149 781 2172 tenere
808 2144 926 2173 ofﬁcium
942 2152 987 2172 re-

201 2190 306 2225 iigiosre
324 2190 433 2225 Deeque
457 2190 586 2226 subjectae
601 2191 701 2219 mentis
717 2200 725 2224 ς
744 2192 770 2218 in
787 2199 842 2226 quo
863 2191 910 2226 qui
924 2199 986 2226 per-

1041 275 1088 301 καὶ
1115 276 1336 311 προῦπαντήσεις
1360 277 1407 304 καὶ
1430 277 1622 313 δουλοπρεπεῖς
1645 277 1833 309 καταστάσεις

1040 321 1088 346 καὶ
1106 319 1163 347 ἄλλ’
1179 320 1258 352 ἄττα,
1273 319 1315 352 οἷς
1338 322 1370 356 δὴ
1388 322 1519 358 χαίρομεν
1533 322 1682 358 ἄνθρωποι.
1697 323 1752 349 Καὶ
1767 324 1832 354 ταῖς

1041 365 1091 399 μὲν
1115 364 1204 397 ἕξεσιν
1231 366 1349 398 ἐκείναις
1375 367 1446 394 οὕτω
1472 367 1503 402 δὴ
1530 368 1681 402 τιμητικιῖις
1706 366 1763 402 εἶχε
1781 368 1834 394 καὶ

1040 409 1261 445 ὑπερεθαύμαζε,
1278 411 1352 447 δῶρα
1368 413 1435 439 Θεοῦ
1452 414 1554 444 ταύτας
1583 413 1734 449 ἡγούμενος
1746 422 1754 430 ·
1770 415 1832 445 τοῖς

1039 456 1062 483 δ’
1081 457 1182 492 ἔχουσι,
1197 457 1288 490 καθὼς
1303 458 1336 485 ἂν
1351 460 1396 485 καὶ
1412 459 1628 495 κατελάμϐανεν,
1644 457 1729 494 εἶχεν,
1744 460 1782 490 ὡς
1794 460 1829 486 οὗ

1039 501 1138 533 παντὸς
1150 502 1292 537 γινομένου
1304 503 1350 529 τοῦ
1361 503 1504 538 γινομένου
1516 505 1587 531 κατὰ
1594 505 1660 530 Θεὸν
1671 505 1718 531 καὶ
1731 504 1831 536 ἀξίως,

1039 547 1096 572 ἀλλ’
1108 547 1193 574 ἐνίοτε
1204 549 1251 574 καὶ
1264 549 1325 575 κατ’
1336 549 1490 584 ἄνθρωπον,
1503 550 1732 584 παραχωροῦντος
1744 548 1829 576 Θεοῦ.

1039 590 1094 626 Τὴν
1113 591 1179 626 γοῦν
1201 593 1328 629 τοιαύτην
1349 593 1561 629 δεισιδαιμονίαν
1579 594 1621 621 ἀεί
1636 595 1694 622 ποτ’
1711 595 1831 628 ἀποτρε-

1039 637 1156 671 πόμενος
1184 637 1267 670 ἔδειξε
1294 640 1341 665 καὶ
1366 639 1405 674 τῷ
1430 640 1529 673 Ἰωσὴφ
1549 641 1609 666 τότε
1636 639 1686 674 τὴν
1709 639 1777 671 ἕξιν,
1794 639 1829 665 οὐ

1039 683 1208 717 προθέμενος
1219 683 1299 710 αὑτὸν
1313 684 1440 718 ἀτιμοῦν,
1455 684 1514 720 ἀλλ’
1527 685 1569 711 ἐπ’
1582 685 1647 711 ἴσων
1659 685 1741 711 πᾶσιν
1755 684 1830 718 ἔχειν

1039 728 1087 760 τὴν
1112 729 1203 763 κρίσιν
1226 729 1398 764 αἱρούμενος.
1414 729 1457 765 [Ρ.
1477 729 1543 765 255]
1559 730 1638 757 Οὕτω
1653 730 1708 764 γὰρ
1733 730 1781 756 καὶ
1798 729 1830 755 τὺ

1040 773 1182 808 φιλόσοφον
1193 775 1344 810 φιλοσόφως
1354 776 1473 811 ἐπλήρου
1487 776 1526 811 τῷ
1537 776 1574 811 μὴ
1584 776 1734 811 λαμϐάνειν
1744 776 1830 811 πρόσ-

1040 828 1102 847 ωπα
1128 821 1167 851 είς
1187 821 1234 855 τὴν
1262 821 1389 856 τοιαύτην
1413 822 1515 857 κρίσιν,
1538 822 1571 856 ἢν
1597 822 1643 848 καὶ
1669 822 1730 848 καθ’
1745 822 1829 848 αὑτὸν

1040 865 1166 900 κέκρικε.
1184 866 1258 901 Πλὴν
1272 867 1397 898 κάκεῖνος
1413 867 1490 898 εἰδὼς
1514 867 1658 900 ἄνθρωπος
1677 867 1715 893 ὣν
1732 867 1780 894 καὶ
1796 867 1830 893 τὸ

1041 911 1129 945 χρεὼν
1140 911 1350 947 λειτουργήσων.
1369 913 1429 939 ἐπεὶ
1444 913 1477 939 τὰ
1493 912 1554 939 καθ’
1572 912 1652 939 αὑτὸν
1667 913 1829 947 διαθέμενος

1040 956 1154 990 χάρταις
1171 956 1256 982 ἐδίδου
1271 957 1302 983 τὸ
1321 956 1455 992 βούλημα,
1471 972 1507 977 —-
1522 957 1551 984 τὸ
1568 957 1590 984 δ’
1605 955 1638 993 ἦν
1663 957 1724 984 καθ’
1740 958 1828 993 αὐτὴν

1038 999 1087 1034 τὴν
1107 999 1191 1035 μονὴν
1213 1000 1256 1026 άεί
1280 1008 1344 1027 ποτε
1357 1001 1505 1036 διαμένειν,
1529 1001 1614 1038 μηδὲν
1631 1002 1702 1030 κατὰ
1721 1002 1828 1038 μηδένα

1039 1089 1169 1116 nimirum
1184 1089 1245 1124 ejus
1256 1094 1424 1125 exaggerata:
1437 1091 1579 1125 cujusdam
1596 1095 1622 1118 et
1640 1091 1752 1119 modum
1779 1099 1828 1119 su-

1037 1143 1186 1170 pergressa-
1200 1135 1339 1171 vulgarem
1356 1136 1535 1172 philosophiae
1550 1136 1826 1173 3411heorematis

1038 1181 1164 1209 irretorto
1194 1181 1281 1209 defixa
1303 1186 1442 1216 suspectu,
1476 1182 1599 1217 adeoque
1625 1190 1658 1210 ex
1679 1183 1823 1210 altissimis

1037 1227 1284 1255 duntaxatassueta
1302 1227 1454 1255 rationibus
1465 1228 1603 1255 mstimare
1617 1235 1661 1255 res
1673 1228 1822 1259 humanas,

1038 1273 1154 1307 rigidum
1182 1273 1336 1300 sustinebat
1358 1273 1435 1300 illum
1452 1277 1479 1300 et
1503 1273 1688 1301 inﬂexibiliter
1700 1279 1822 1302 erectum

1027 1314 1071 1346 ab
1087 1318 1137 1346 ista
1155 1318 1310 1346 humilitate
1326 1317 1477 1346 ciliciorum
1491 1319 1643 1346 aulicorum
1656 1320 1824 1354 omninoque

1037 1371 1052 1391 a
1068 1364 1165 1399 quovis
1182 1369 1309 1399 respectu
1341 1365 1473 1395 materiae,
1490 1365 1592 1399 quippe
1616 1365 1661 1399 qui
1684 1365 1824 1392 abstracte

1037 1410 1147 1437 intuens
1167 1410 1240 1444 quod
1261 1409 1410 1444 optandum
1428 1414 1498 1441 erat,
1525 1409 1598 1443 quod
1614 1409 1717 1444 passim
1745 1414 1823 1443 opta-

1036 1456 1116 1483 batur
1141 1455 1300 1491 negligeret.
1318 1455 1395 1484 Unde
1412 1463 1464 1483 non
1484 1455 1643 1483 hominibus
1669 1455 1716 1483 sed
1740 1456 1823 1483 rebus

1037 1502 1171 1535 intentus,
1198 1502 1241 1530 his
1255 1501 1366 1538 quidem
1383 1502 1511 1530 servabat
1536 1502 1757 1535 admirationem,
1779 1502 1823 1529 bis

1037 1547 1219 1576 attentissime
1248 1549 1458 1578 considerandis
1509 1549 1736 1584 instupescebat,
1770 1549 1823 1576 alia

1036 1600 1083 1621 eas
1110 1593 1286 1621 veneratione
1300 1594 1505 1629 prosequendos
1529 1599 1654 1622 statuens
1668 1601 1751 1629 quam
1767 1594 1819 1621 ista

1036 1639 1226 1674 superstitiose
1248 1640 1341 1668 sedula
1356 1640 1518 1668 commercii
1533 1640 1657 1672 humani,
1674 1647 1735 1674 qua!
1750 1646 1820 1666 con-

1036 1690 1090 1714 stat.
1103 1686 1313 1721 exceptionibus
1329 1686 1362 1713 ad
1379 1686 1538 1714 blanditiam
1554 1685 1726 1721 compositis.
1757 1684 1824 1712 aﬂ‘e-

1036 1736 1109 1760 ctata
1124 1731 1279 1759 renidentia
1293 1732 1428 1763 vultuum.
1444 1731 1604 1760 occursibus
1623 1730 1751 1758 ofﬁciosis
1770 1738 1824 1758 ca:-

1036 1783 1150 1814 teraque
1177 1778 1285 1806 servilis
1312 1779 1437 1813 obsequii
1473 1777 1644 1813 professione
1670 1777 1821 1808 simulata,

1036 1825 1131 1860 quales
1149 1832 1200 1852 nos
1224 1824 1418 1852 illusiunculas
1448 1824 1566 1851 invicem
1594 1828 1764 1852 commutare
1793 1824 1821 1850 iu

1036 1869 1233 1897 consuetudine
1247 1870 1309 1897 vitae
1324 1870 1438 1897 urbanae
1452 1870 1580 1897 hornincs
1598 1870 1761 1904 gaudemus.
1774 1869 1824 1896 Ille

1037 1920 1128 1942 autem
1146 1915 1256 1942 habitus
1268 1913 1380 1950 quidem
1395 1915 1462 1943 istos
1477 1923 1493 1942 a
1507 1915 1683 1943 concretione
1701 1916 1824 1942 materiae

1037 1960 1196 1995 sejunctosl
1213 1968 1276 1988 nam
1292 1961 1342 1989 hos
1363 1961 1403 1989 sic
1424 1961 1496 1989 nude
1521 1961 1680 1996 spectabat)
1697 1967 1724 1988 et
1740 1969 1822 1988 vene-

1037 2006 1144 2034 ratione
1157 2006 1373 2041 prosequebatur
1386 2014 1485 2041 magna
1502 2010 1530 2034 et
1550 2013 1634 2041 supra
1653 2007 1762 2034 modum
1775 2007 1824 2034 ad-

1037 2052 1199 2084 mirabatur,
1217 2053 1288 2080 dona
1309 2052 1358 2080 Dei
1377 2052 1441 2080 illos
1458 2057 1599 2087 reputans.
1621 2052 1673 2080 Eos
1694 2059 1776 2087 porro
1796 2052 1823 2079 in

1037 2099 1139 2133 quibus
1171 2102 1362 2132 cernerentur,
1379 2106 1430 2134 pro
1459 2099 1539 2126 modo
1563 2106 1620 2134 quo
1646 2105 1694 2126 eos
1708 2098 1743 2125 ab
1758 2097 1825 2133 ipsis

1038 2144 1223 2173 arbitrabatur
1249 2145 1410 2180 participari
1450 2145 1605 2178 tractabat,
1631 2145 1671 2172 sic
1700 2144 1772 2180 apud
1795 2151 1825 2172 se

1039 2196 1173 2223 statuens,
1194 2198 1248 2218 nou
1267 2198 1344 2225 aeque
1368 2198 1477 2223 omnes,
1499 2191 1600 2226 quibus
1618 2191 1749 2222 inessent,
1764 2190 1826 2218 illos

202 2240 275 2263 stare
288 2236 360 2263 volct
375 2240 402 2263 et
413 2243 446 2263 ex
460 2237 619 2271 praescripto
632 2237 742 2265 virtutis
756 2237 859 2270 vivere,
869 2237 987 2271 abjicere
1003 2245 1025 2272 ι)
1039 2237 1188 2266 secundum
1205 2236 1288 2264 Deum
1305 2237 1385 2272 digne
1405 2237 1558 2272 possidere,
1572 2237 1619 2264 sed
1633 2237 1768 2272 quosdam
1783 2237 1826 2263 in-

202 2283 275 2309 hunc
296 2286 420 2317 oporteat
439 2290 519 2311 curas
536 2283 694 2310 mortalium
705 2289 865 2315 eventuum,
892 2288 919 2310 et
936 2291 985 2310 an-

202 2329 254 2355 xiis
271 2328 370 2356 studiis
388 2328 501 2362 sapienti
520 2336 634 2356 casuum
646 2329 848 2356 occurrentium
861 2329 984 2363 neglectu

201 2374 285 2402 semel
314 2373 436 2409 defungi.
461 2373 525 2401 Haec
550 2382 612 2401 cum
636 2375 810 2410 peculiariter
840 2374 985 2401 familiaria

203 2421 258 2449 sibi
270 2422 394 2456 dogmata
409 2425 465 2447 tum
489 2420 654 2447 Blemmidas
682 2419 802 2454 Josepho
819 2426 912 2447 coram
935 2419 985 2453 ipsi

201 2466 396 2498 disseruisset,
426 2465 614 2500 comprobavit
636 2465 680 2492 ille
707 2465 904 2500 laudavitque;
937 2472 987 2492 nec

201 2517 325 2540 mutuam
342 2513 376 2539 ab
396 2512 442 2539 illo
456 2517 546 2538 tamen
566 2510 763 2539 assentationis
781 2511 865 2538 ullius
877 2517 987 2545 expres-

202 2558 237 2585 sit
262 2558 360 2585 vicem.
384 2558 459 2584 Adeo
482 2557 555 2584 enim
589 2557 623 2583 ab
647 2556 710 2583 huic
728 2555 865 2583 adulando
898 2554 986 2582 abfuit

202 2603 377 2637 Blemmidas,
393 2607 422 2630 ut
437 2611 525 2638 neque
542 2603 574 2630 ad
584 2610 613 2630 se
627 2602 788 2630 invisentem
801 2601 985 2637 patriarcham

201 2651 310 2679 obviam
325 2658 339 2677 e
359 2651 426 2678 cella
445 2650 554 2685 prodire
569 2650 741 2684 dignaretur,
762 2655 793 2675 ac
811 2655 844 2675 ne
857 2647 984 2682 ingresso

203 2697 312 2731 quidem
329 2702 355 2724 et
373 2697 406 2724 ad
422 2697 563 2724 sedentem
590 2696 680 2731 ipsum
695 2694 817 2729 pergenti
841 2701 873 2721 ex
901 2693 987 2722 inter-

203 2742 276 2769 vallo
292 2747 448 2778 assurgeret
470 2747 517 2769 aut
533 2742 615 2769 ullam
631 2741 745 2768 omnino
756 2740 896 2768 tralatitiae
908 2740 987 2768 istius

203 2787 366 2815 urbanitatis
386 2788 589 2815 venerationem
605 2792 715 2815 curaret
727 2787 869 2819 adhibere,
894 2786 986 2821 pusilli

202 2839 264 2859 esse
279 2825 363 2867 atque
378 2832 412 2860 ad
432 2834 592 2860 servitutem
619 2833 718 2868 abjecti
742 2832 828 2860 animi
855 2837 986 2867 reputans

205 2879 237 2904 ut
254 2878 411 2913 huiusmodi
427 2887 487 2907 sese
504 2879 619 2914 aucupia
630 2880 724 2916 gratiae
741 2879 894 2908 demittere.
909 2879 985 2907 Mens

1037 2283 1144 2310 terdum
1172 2283 1323 2310 secundum
1355 2283 1517 2316 hominem.
1553 2282 1608 2310 Deo
1636 2283 1826 2318 permittente.

1037 2327 1123 2355 Usum
1147 2335 1230 2362 porro
1255 2328 1336 2355 istum
1352 2335 1434 2356 suum
1452 2333 1481 2356 et
1498 2336 1601 2356 morem
1628 2328 1714 2355 libere
1741 2329 1825 2356 omit-

1037 2374 1110 2401 tendi
1128 2375 1352 2408 superstitionem
1371 2375 1452 2402 istam
1469 2374 1619 2409 quamdam
1640 2381 1822 2409 personarum

1037 2419 1117 2446 auxia
1137 2420 1283 2448 sedulitate
1314 2421 1532 2448 venerandurum
1551 2421 1632 2447 etiam
1651 2424 1716 2446 tunc
1730 2420 1757 2446 in
1776 2419 1825 2447 Jo-

1037 2465 1123 2499 srpho
1137 2465 1234 2496 tenuit,
1251 2472 1306 2494 non
1320 2473 1382 2493 eum
1411 2465 1545 2500 praecipue
1558 2469 1738 2492 contemnens
1752 2484 1760 2497 ,
1775 2465 1822 2492 sed

1036 2511 1221 2545 exceptionem
1239 2519 1254 2538 a
1273 2518 1324 2538 suo
1344 2511 1493 2539 universali
1507 2509 1612 2545 judicio
1628 2515 1656 2537 et
1673 2511 1755 2537 modo
1770 2509 1823 2537 sibi

1037 2559 1148 2592 praefixo
1163 2564 1224 2585 cum
1237 2558 1365 2585 omnibus
1389 2557 1490 2592 agendi
1506 2556 1532 2583 in
1550 2556 1633 2590 hujus
1657 2557 1739 2583 unius
1764 2563 1825 2591 gra-

1037 2603 1103 2630 tiam
1131 2603 1184 2630 sibi
1217 2610 1272 2631 non
1301 2603 1455 2631 faciendam
1488 2610 1615 2630 censens.
1636 2601 1674 2629 Ita
1696 2602 1768 2629 enim
1794 2608 1824 2629 se

1037 2648 1226 2683 philosophice
1240 2648 1355 2683 obsequi
1375 2648 1490 2683 putabat
1513 2647 1671 2683 praescripto
1698 2647 1737 2674 illi
1767 2653 1823 2673 suae

1037 2692 1335 2728 philoaophiaejubeuti
1345 2701 1398 2720 non
1407 2692 1552 2720 admittere
1568 2691 1653 2719 ullum
1668 2695 1823 2726 respectum

1037 2740 1216 2776 Singularium
1232 2747 1409 2775 personarum
1426 2739 1453 2767 in
1470 2739 1576 2774 judicio
1589 2739 1622 2766 de
1641 2739 1733 2770 rebus,
1748 2738 1822 2765 nude

1037 2793 1068 2813 ac
1083 2793 1157 2814 mere
1179 2790 1208 2813 ut
1224 2790 1288 2814 sunt
1315 2785 1349 2813 ab
1373 2793 1417 2816 eo.
1433 2790 1462 2813 ut
1487 2785 1591 2812 dictum
1619 2789 1670 2816 est,
1700 2783 1820 2819 spectari

1037 2832 1225 2868 aestimarique
1239 2832 1341 2860 solitis.
1365 2832 1499 2860 Caeterum
1518 2832 1559 2858 vir
1576 2831 1621 2858 hic
1649 2831 1711 2858 talis
1737 2837 1822 2864 repu-

1037 2883 1099 2908 tans
1112 2886 1142 2907 sc
1165 2878 1315 2912 hominem,
1334 2882 1360 2906 ct
1389 2885 1534 2906 commune
1560 2882 1666 2905 naturae
1699 2875 1823 2904 debitum
