1936 3069
97 195 152 227 793

581 196 630 227 DE
647 196 841 227 MICHAELE
863 197 1096 230 PALI‘EOLOGO
1116 200 1189 230 LIB.
1211 200 1242 230 V.

1674 198 1727 230 τοι

97 253 201 286 τρόπον
213 250 404 279 ὑποπεσοῦσαν
420 252 512 288 ἑτέρᾳ,
529 252 577 279 καὶ
592 252 666 288 ᾇπερ
678 251 751 288 εῖχεν
762 252 794 279 ὲκ
812 251 887 287 βασι·
903 255 925 282 Α
941 254 1036 289 Θρᾴκῃ
1050 254 1196 290 ἀνακωχὴν
1209 255 1348 289 γενέσθαι,
1373 254 1420 282 ἐπὶ
1439 254 1507 281 πολὺ
1523 254 1726 290 δαπανωμένων

99 297 169 323 λέων
192 297 427 332 φιλοφρονήματα,
445 298 483 329 ὡς
503 298 709 332 συμποσοῦσθαι
724 299 754 324 τὸ
769 299 823 324 πᾶν
834 298 889 324 τῶν

99 343 279 377 νομισμάτων
304 343 344 374 εἰς
365 343 462 370 ἑκατὸν
485 343 585 378 λιτρῶν
603 344 730 379 ἀριθμὸν,
748 344 794 370 καὶ
819 344 888 370 αὶτᾶ

99 390 132 424 τῇ
161 391 229 424 μονῇ
252 389 299 416 τοῦ
326 390 401 421 ὄντος
424 390 491 417 Θεοῦ
506 390 556 426 (τῷ
578 391 632 426 γὰρ
651 391 707 418 δντι
724 391 825 426 κυρίως
841 391 888 418 καὶ

101 435 309 468 προσανέκειτο)
338 436 507 471 ἀναφαίρετα
530 437 729 472 διατηρηθέντα
751 437 791 467 εἰς
812 446 889 472 περι-

99 480 210 515 ποίησίν
224 489 253 506 τε
267 481 316 508 καὶ
338 481 388 515 τὴν
401 481 456 508 τῶν
479 482 669 517 ἐλλειμμάτων
692 483 887 517 ἀποπλήρωσιν

99 524 182 553 εἶναι.
198 527 250 553 Τὸν
261 527 290 554 δὲ
315 527 434 554 τοιοῦτον
453 528 509 554 τῶν
533 529 761 563 ἀποτεταγμένων
784 529 888 564 χάρτην

100 572 148 598 καὶ
173 572 254 598 αὑτὸν
280 572 356 607 ἠξίου
379 573 424 599 τὸν
450 574 621 609 πατριάρχην
642 574 886 610 ὑποσημαίνεσθαι,

99 618 147 644 καί
159 626 192 652 γε
210 618 322 653 βασιλέα
333 619 483 655 ἐπικυροῦν
496 619 617 654 λιπαρῶς
632 620 746 652 ἀξιῶσαι
758 621 826 654 πρὸς
839 621 888 655 τὴν

99 664 179 690 πόλιν
204 664 396 692 ἐπανελθόντα.
412 666 468 692 Καὶ
487 666 599 700 γέγονεν
614 666 695 699 οὕτω,
718 667 769 693 κᾶν
785 666 887 693 ἀποθα-

98 709 191 742 νόντος
205 710 320 743 ἐκείνου,
344 711 478 748 ὀστράκου
502 713 568 746 φασὶ
594 713 803 747 μεταπεσόντος,
824 713 886 739 ἀνε-

99 755 239 789 λάμϐανόν
253 763 282 781 τε
302 755 351 786 τὰς
370 756 553 790 ἐπικυρώσεις
568 757 615 783 καὶ
633 758 666 783 τὰ
688 758 886 792 διατεταγμένα

97 800 212 834 διέλυον,
229 801 267 832 ὡς
283 802 317 827 τα
346 801 394 836 μὲν
410 802 565 837 νομίσματα
592 805 624 838 τῇ
646 803 761 840 Μεγάλῃ
787 803 886 838 ταυτῃί

98 847 233 882 ἐκκλησίᾳ
250 847 483 882 προσανατεθῆναι
513 849 552 880 είς
583 849 766 884 περιποίησιν,
789 850 886 884 τὴνδὲ

100 891 186 927 μονὴν
199 893 307 927 ικείνην
321 894 352 928 τῇ
370 892 416 919 τοῦ
430 893 564 928 Γαλησίου
582 897 648 929 μονῇ
667 895 829 930 ὑποτεοῆναι
845 897 884 926 είς

101 937 237 973 μετόχιον.
259 938 288 964 '0
304 940 368 972 γοῦν
393 940 524 975 ίεράρχης
549 939 646 976 Ἰωσὴφ
662 943 694 977 τῇ
709 941 826 977 ἀνατολῇ
843 941 887 976 ἐφ’

98 983 192 1010 ἱκανὸν
205 983 349 1020 διατρίψας
368 985 538 1021 ὑπέστρεφεν
555 987 594 1019 εἰς
608 987 764 1019 Βυζάντιον.

97 1063 131 1094 γ’.
145 1061 300 1099 -Ὄθξωςῗτῷ
321 1063 501 1097 Βουλγάρων
517 1065 646 1097 βασιλεῖ
669 1067 887 1099 Κωνσταντίνῳ

134 1096 154 1129 ἡ
170 1096 225 1130 τῆς
236 1098 385 1132 Εὑλογίας
399 1096 530 1133 θυγάτηρ
543 1101 587 1133 εις
599 1101 695 1135 γάμον
714 1101 850 1135 ἐξεδόθη.

137 1163 179 1200 [Ρ.
195 1163 259 1200 23A]
275 1165 330 1191 Καὶ
343 1164 413 1199 μετὰ
427 1165 525 1201 μικρὸν
538 1167 587 1201 τῆς
600 1167 646 1193 τοῦ
660 1167 792 1203 βασιλέως
804 1168 887 1195 Βουλ-

100 1211 195 1245 γάρων
209 1211 416 1238 Κωνσταντίνου
435 1212 552 1246 συζύγου
577 1213 694 1249 Εἰρήνης
719 1214 885 1254 μεταλλαξά-

101 1264 164 1290 σης,
177 1257 218 1288 είς
232 1257 371 1289 σπονδᾶςό
387 1258 496 1293 κρατῶν
510 1259 615 1286 ἐκεῖνον
627 1260 712 1286 θέλων
728 1261 841 1293 συνάξαι
857 1262 885 1293 ἐς

99 1302 115 1328 δ
137 1304 193 1334 τοῖς
206 1303 276 1329 κατὰ
292 1304 339 1330 τὸν
361 1301 448 1330 Δῖαον
471 1306 517 1331 καὶ
531 1305 599 1341 αὐτῇ
616 1314 647 1340 γε
668 1307 823 1343 Μακεδονίᾳ
838 1310 885 1335 καὶ

97 1400 127 1421 se
141 1393 295 1420 soluturum
322 1393 424 1426 sciens,
452 1398 616 1422 testamento
644 1397 754 1424 condito
769 1397 802 1425 de
825 1399 883 1426 suis

98 1439 180 1467 rebus
197 1439 292 1467 statuit
308 1440 335 1466 in
353 1440 427 1467 hunc
443 1441 567 1468 modum.
581 1441 786 1474 Monasterium,
803 1443 884 1479 342

96 1485 125 1513 in
145 1493 200 1520 quo
220 1484 334 1520 degebat
348 1489 375 1513 et
399 1494 575 1521 perseverare
590 1495 699 1522 semper
709 1488 881 1518 decreverat.

96 1531 139 1560 sic
159 1536 190 1559 ut
215 1536 280 1559 tunc
304 1537 374 1566 erat,
400 1539 511 1560 manere
535 1540 645 1568 semper
670 1533 799 1566 liberum,
817 1534 882 1561 nulli

96 1584 219 1612 unquam
241 1576 442 1611 subjiciendum
467 1578 557 1610 alteri,
581 1578 704 1612 jubebnt.
731 1579 809 1612 Quod
835 1587 919 1625 au-c

95 1627 151 1650 tem
178 1623 300 1657 pecuniae
327 1623 483 1657 possidebat
496 1623 642 1659 largitione
671 1624 881 1659 imperatorum.

95 1674 207 1696 centum
225 1669 355 1697 librarum
375 1677 511 1697 summam
531 1670 694 1704 conﬁciens,
713 1671 764 1698 hoc
790 1675 878 1699 totum

93 1715 263 1742 monasterio
291 1715 380 1742 eidem
409 1714 464 1742 Deo
490 1716 536 1750 qui
562 1720 604 1743 est
619 1723 699 1743 sacro
726 1717 799 1752 (nam
824 1716 882 1743 haec

95 1765 157 1788 eral
172 1761 318 1794 peculiaris
344 1761 403 1794 ejus
420 1761 517 1788 domus
533 1761 709 1796 nuncupatio)
741 1761 880 1796 proprium

97 1807 202 1834 servari
219 1810 433 1841 perpetuumque
450 1806 562 1834 attribui
588 1806 737 1834 mandabat
764 1806 790 1833 in
817 1806 881 1833 fun-

97 1852 216 1879 dationis
229 1856 408 1886 augmentum
419 1856 467 1879 aut
481 1852 701 1887 supplementum
717 1852 880 1879 amissorum

96 1899 139 1926 vel
163 1898 261 1932 quovis
289 1898 373 1926 modo
400 1905 501 1925 casuve
517 1898 710 1925 deﬁcientium.
740 1898 776 1925 lis
798 1901 899 1933 νοτε-(ι’

97 1943 200 1971 tabulis
232 1951 367 1978 supremae
388 1950 443 1970 suae
467 1943 584 1971 testibus
600 1943 762 1976 voluntatis,
780 1944 881 1978 quibus

97 1989 149 2015 ista
164 1988 381 2019 commendarat,
394 1988 568 2016 subscribere
581 1989 764 2023 patriarcham
779 1989 880 2021 voluit;

95 2034 306 2069 impetravitque
322 2035 355 2062 ab
369 2035 465 2062 eodem
480 2039 508 2061 ut
520 2041 582 2062 cum
601 2043 726 2063 reversus
739 2035 766 2062 in
785 2037 879 2063 urbem

95 2085 180 2113 esset,
195 2086 304 2108 curaret
321 2082 430 2108 easdem
448 2086 522 2108 ratas
542 2081 635 2109 haberi
655 2081 689 2109 ab
702 2082 879 2117 imperatore,

96 2133 124 2156 et
136 2128 223 2162 ipsius
237 2128 443 2155 auctoritatead
452 2132 583 2163 quantam
598 2134 713 2163 possent
730 2128 879 2156 maximam

94 2174 251 2202 ﬁrmitatem
277 2174 413 2202 roborari.
436 2174 512 2207 Quod
527 2179 555 2202 et
586 2174 688 2202 factum
715 2180 766 2208 est,
780 2175 880 2210 exiguo

93 2220 208 2255 quidem
226 2227 316 2254 operm
331 2220 429 2254 pretio.
443 2220 512 2247 Nam
529 2220 680 2248 Blemmida
697 2220 796 2248 deinde
808 2227 881 2246 mor-

941 299 996 325 τῶν
1011 300 1227 334 στρατευμάτων
1247 301 1302 332 τοῖς
1319 300 1443 335 συνεχέσι
1461 300 1600 334 πολέμοις,
1616 300 1727 335 πέμψας

941 344 1190 380 διαπρεσϐεύεται,
1217 346 1431 380 ὑπισχνούμενος
1458 346 1498 377 εις
1526 346 1606 380 κῆδος
1630 346 1727 380 ἐκείνῳ

940 390 1034 416 δοῦναι
1056 391 1104 417 καὶ
1121 391 1172 425 τὴν
1196 391 1342 426 ἀδελφιδῆν
1361 391 1461 418 ἑαυτοῦ
1478 391 1589 425 Μαρίαν
1606 391 1656 426 τὴν
1672 391 1728 418 τῶν

941 435 1100 470 θυγατέρων
1122 436 1171 471 τῆς
1187 435 1320 469 Εὑλογίας
1336 437 1476 470 δευτέραν,
1521 437 1552 472 δὴ
1568 437 1685 471 συνῴκει
1697 437 1728 463 τὸ

941 481 1196 516 πρότερονόΦιλῆς
1223 481 1343 513 Ἀλέξιος
1371 482 1417 508 καὶ
1436 482 1525 516 μέγας
1553 482 1724 516 δομέστικος.

941 527 996 553 Καὶ
1008 527 1040 559 δὴ
1056 526 1108 553 τῶν
1126 528 1216 560 ὅρκων
1241 528 1402 560 προϐάντων
1423 527 1461 558 ὡς
1486 527 1726 562 συλλαμϐάνεσθαι

940 573 1046 603 τούτοις
1063 572 1111 598 καὶ
1134 573 1328 607 Μεσέμῆρειαν
1354 573 1401 600 καὶ
1436 573 1577 607 Ἀγχίαλον
1607 573 1725 606 (ἐκείνου

940 619 994 652 γὰρ
1011 618 1093 649 οὔσας
1109 619 1255 652 κατασχεῖν
1272 618 1394 652 βασιλέα,
1413 619 1461 645 καὶ
1475 617 1552 650 αὖθις
1567 619 1641 652 ἄξιον
1655 617 1725 645 εἶναι

939 665 985 690 τὸν
1000 665 1065 699 πρὶν
1087 663 1183 698 ἔχοντα
1210 664 1360 698 λαμϐάνειν
1379 665 1464 697 αὐτὰς
1488 666 1533 691 ἐπὶ
1550 665 1587 700 τῷ
1608 673 1723 699 γενησο-

941 710 1014 745 μένῳ
1029 710 1066 740 ὡς
1083 711 1183 744 προῖκα
1207 711 1295 745 κήδει)
1312 712 1326 738 ὁ
1349 711 1399 746 μὲν
1415 711 1539 746 βασιλεὺς
1555 712 1587 738 τὰ
1605 711 1655 746 μὲν
1677 711 1724 737 τοῦ

940 757 1037 791 κήδους
1052 756 1172 790 ἐπλήρου
1194 755 1231 787 ὡς
1253 756 1313 782 λίαν
1333 757 1483 790 φιλοτίμως
1500 758 1547 783 καὶ
1566 757 1724 791 βασιλικῶς.

939 801 1066 836 Συνεξῄει
1091 801 1145 837 γὰρ
1160 803 1192 836 τῇ
1218 801 1467 837 νυμφευοησομένῃ
1493 802 1575 833 αὐτὸς
1598 802 1725 837 βασιλεὺς

938 847 985 874 καὶ
999 848 1012 874 ὁ
1031 847 1214 881 πατριάρχης,
1239 848 1289 873 κᾶν
1304 847 1442 882 Σηλυϐρίᾳ.
1463 848 1616 882 γενόμενοι,
1633 848 1722 873 ἐκεῖσε

938 892 1119 923 δεσποινικῶς
1141 893 1413 926 μετασκευασάμενοι
1428 894 1478 926 τὴν
1496 894 1535 924 είς
1550 894 1637 927 γάμον
1654 901 1726 926 πεμ-

906 930 926 957 Β
941 937 1062 972 πομένην
1071 936 1110 971 τῷ
1127 937 1334 970 Κωνσταντίνῳ,
1350 937 1459 972 ἐκείνην
1475 938 1524 972 μὲν
1539 937 1591 964 ὑπὸ
1611 937 1724 972 πλείστῃ

937 982 1087 1017 δορυφορίᾳ
1106 982 1173 1017 πρὸς
1198 983 1301 1009 ἐκεῖνον
1315 983 1441 1014 ἀπέλυον,
1457 983 1534 1009 αὐτοὶ
1553 983 1575 1008 δ’
1590 983 1724 1017 ὑπέστρε-

938 1036 996 1061 φον.
1010 1029 1066 1054 Καὶ
1081 1029 1113 1054 τὰ
1131 1028 1179 1061 μὲν
1194 1028 1240 1054 τοῦ
1265 1028 1362 1063 κήδους
1382 1027 1470 1060 οὕτως
1491 1029 1504 1054 δ
1524 1028 1651 1063 βασιλεὺς
1665 1028 1723 1060 ἐξε-

938 1074 1054 1109 πλήρου,
1068 1074 1102 1100 τὰ
1115 1074 1143 1100 δὲ
1157 1075 1220 1109 περὶ
1236 1074 1285 1105 τὰς
1303 1074 1394 1106 πόλεις
1409 1074 1581 1105 ἀνεϐάλλετο,
1595 1075 1655 1105 ταῖς
1673 1074 1724 1108 μὲν

937 1120 1078 1156 ἀληθείαις
1105 1119 1181 1151 εἰδὼς
1211 1120 1339 1146 ἐντεῦθεν
1367 1120 1642 1156 παραιρεοησομένην
1675 1120 1723 1154 τὴν

943 1165 1079 1200 Ῥωμαῖδα
1090 1165 1124 1192 τὰ
1139 1166 1280 1200 κράτιστα,
1297 1166 1334 1200 τῷ
1353 1166 1382 1192 δὲ
1400 1165 1598 1200 Κωνσταντίνῳ
1616 1165 1724 1200 προφά-

937 1221 994 1243 σεις
1008 1212 1156 1238 ἐπλάττετο
1171 1211 1298 1245 πιθανὰς,
1319 1211 1401 1243 ἄλλας
1423 1220 1453 1238 τε
1473 1212 1521 1238 καὶ
1537 1211 1565 1237 τὸ
1583 1211 1620 1246 μὴ
1649 1211 1723 1245 ἔχειν

938 1258 1038 1290 ὲνϐέως
1053 1257 1155 1290 δοῦναι,
1171 1257 1209 1293 μὴ
1224 1258 1278 1284 τῶν
1292 1258 1411 1284 ἐποίκων
1426 1258 1651 1293 καταδεχομένων
1668 1257 1723 1282 τῶν

937 1304 1057 1331 πόλεωνο
1091 1303 1243 1339 Ῥωμανίις
1271 1304 1325 1338 γὰρ
1341 1301 1408 1330 εἶναι
1438 1304 1520 1339 μέρος
1544 1304 1653 1335 ὲκείνας
1675 1302 1723 1329 καὶ

935 1399 1009 1421 rator
1025 1393 1165 1420 devincire
1190 1393 1240 1420 sibi
1255 1392 1368 1420 ﬁrminri
1392 1392 1484 1426 aliquo
1499 1391 1617 1423 vinculo,
1640 1394 1667 1418 et
1682 1390 1722 1418 sic

935 1439 1092 1474 regionibus
1108 1438 1201 1466 Haemo
1227 1439 1368 1472 subiectis,
1395 1439 1433 1465 uti
1448 1437 1529 1465 etiam
1559 1437 1722 1464 Macedonia:

935 1493 966 1513 ac
986 1485 1119 1516 Thraciae.
1135 1493 1229 1520 pacem
1244 1492 1276 1512 ac
1301 1485 1420 1519 quietem
1447 1491 1580 1514 asserere,
1597 1482 1668 1518 quod
1689 1489 1722 1510 eo

935 1537 1000 1559 tunc
1021 1531 1105 1567 magis
1130 1531 1202 1558 factu
1228 1531 1413 1558 necessarium
1445 1530 1567 1565 putabat,
1587 1529 1650 1564 quia
1683 1532 1722 1555 tot

934 1578 1070 1606 continuis
1086 1577 1305 1612 expeditionibus
1330 1584 1361 1605 ac
1376 1576 1454 1603 bellis
1467 1583 1563 1610 magna
1587 1575 1644 1609 jam
1658 1582 1722 1608 pars

933 1624 1063 1651 Romanae
1089 1623 1193 1650 militiae
1209 1623 1351 1657 absumpta
1382 1622 1480 1653 fuerat,
1502 1620 1592 1648 missis
1605 1628 1668 1647 eum
1681 1620 1722 1646 lc-

933 1671 1001 1707 gatis
1015 1671 1047 1698 ad
1062 1670 1151 1698 foedus
1162 1670 1297 1702 invitavit,
1309 1669 1442 1705 pollicens
1458 1668 1540 1705 343
1552 1669 1579 1695 ἰη
1593 1675 1720 1703 sponsam

933 1716 1021 1744 se.illi
1040 1716 1167 1744 daturum
1183 1716 1321 1750 propriam
1334 1720 1455 1750 neptem,
1472 1715 1592 1750 Eulogius
1608 1722 1664 1742 suae
1681 1721 1722 1741 so-

932 1760 1003 1787 roris
1038 1759 1120 1787 ﬁliam
1153 1760 1273 1787 secundo
1317 1759 1435 1795 genitam
1473 1759 1604 1792 Mariam,
1639 1767 1720 1794 quam

934 1806 1010 1841 prius
1026 1806 1054 1833 in
1068 1806 1240 1834 matrimonio
1258 1806 1390 1833 habuerat
1415 1805 1506 1833 Philes
1535 1805 1645 1833 Alexius
1661 1813 1722 1832 ma-

932 1859 1001 1887 gnus
1018 1851 1192 1879 domesticus.
1205 1851 1349 1883 Processit,
1365 1851 1545 1879 Constantino
1566 1855 1719 1883 annuente,

933 1901 1065 1925 tractatus
1095 1905 1181 1933 usque
1209 1898 1243 1925 ad
1267 1897 1477 1926 conventionem
1493 1897 1606 1925 fwderis
1621 1895 1721 1924 sanciti

929 1944 1104 1979 juramentis,
1121 1952 1181 1980 qua!
1200 1944 1328 1972 distincte
1341 1944 1604 1980 comprehenderent
1613 1944 1723 1971 Mesem-

931 1990 1024 2017 bream
1040 1995 1068 2017 et
1081 1990 1292 2024 Anchialum,ad
1303 1989 1472 2017 Constantini
1489 1990 1580 2024 utique
1589 1990 1720 2017 ditionem

931 2036 1101 2071 pertinentes
1129 2037 1222 2070 urbes,
1240 2036 1288 2063 sed
1314 2036 1448 2063 hactenus
1467 2041 1612 2071 occupatas
1625 2036 1723 2063 abim-

933 2087 1070 2117 peratore,
1100 2089 1167 2116 quas
1195 2082 1318 2116 utrisque
1334 2086 1389 2108 tum
1429 2082 1514 2108 visum
1545 2085 1586 2108 est
1613 2089 1720 2115 aequum

931 2134 991 2154 esse
1011 2127 1082 2154 bona
1110 2127 1163 2155 ﬁde
1188 2128 1266 2155 reddi
1293 2128 1406 2162 antiquo
1426 2128 1575 2162 possessori
1590 2132 1618 2155 et
1629 2127 1720 2162 impu-

932 2173 982 2202 tari
1001 2173 1028 2200 in
1043 2177 1149 2208 partem
1179 2173 1249 2200 dot's
1274 2181 1352 2201 novae
1368 2181 1485 2208 sponse.
1516 2173 1563 2200 llis
1576 2174 1640 2201 hinc
1654 2181 1719 2209 pro-

931 2218 1032 2252 missis,
1060 2218 1135 2246 illinc
1165 2218 1311 2254 stipulatis,
1348 2219 1496 2254 imperator
1526 2218 1722 2246 deductionem

94 2271 152 2298 tuo,
167 2266 275 2294 cunctis
287 2267 341 2294 illis
352 2267 495 2301 promissis
505 2271 532 2294 et
548 2267 658 2302 spebus,
680 2267 753 2294 velut
769 2266 877 2301 tegulae,
891 2264 918 2293 D
931 2273 1038 2300 sponsa:
1053 2265 1195 2293 ambitiose
1214 2273 1245 2293 ac
1258 2265 1330 2300 regia
1343 2265 1422 2293 plane
1443 2272 1540 2300 pompa
1560 2265 1717 2297 celebravit,

94 2314 167 2347 quod
182 2312 272 2345 aiunt,
296 2312 459 2347 inter-lapsu,
475 2313 500 2339 in
517 2313 623 2340 irritum
638 2313 879 2344 evanescentibus,

94 2358 242 2391 rescissum
259 2358 285 2386 id
315 2363 442 2386 revocata
469 2359 681 2387 conﬁrmatione
717 2364 745 2387 ct
769 2367 879 2387 cassum

93 2404 192 2432 et‘fectu
208 2409 403 2433 testamentum
433 2405 495 2432 fuit.
515 2406 552 2433 Ac
567 2406 682 2440 pecunia
698 2406 808 2440 quidem
823 2414 881 2434 ma-

93 2458 153 2486 gnze
176 2451 239 2478 huic
267 2451 389 2478 ecclesiae
411 2451 439 2478 in
468 2451 538 2479 dotis
566 2452 720 2479 auctarinm
748 2452 880 2480 attributa

93 2500 145 2528 est,
163 2496 360 2523 monasterium
385 2503 462 2529 vero,
477 2496 521 2524 cui
538 2501 591 2523 tam
608 2497 725 2525 sollicite
750 2497 880 2524 Blemmi<

93 2540 376 2573 dascaveratﬁalesii
389 2542 548 2569 monasterii
560 2543 681 2570 dominio
694 2543 877 2578 suppositum,

93 2592 126 2612 ex
136 2593 168 2613 eo
183 2587 301 2620 pendere
309 2586 389 2621 eique
401 2587 534 2615 inservire
546 2587 656 2623 jussum
673 2592 726 2615 est.
740 2587 877 2615 (lictorum

92 2630 228 2667 Jusephus
256 2640 305 2667 per
329 2633 401 2660 hunc
430 2633 551 2666 modum,
584 2633 724 2668 aliquanto
757 2638 879 2669 tempore

93 2683 216 2706 moratus
230 2679 257 2706 in
269 2678 392 2712 Oriente,
411 2679 675 2714 Constantinopolim
695 2680 816 2707 revertit.

93 2759 121 2786 3.
143 2758 178 2786 Ut
197 2760 251 2794 regi
269 2759 449 2794 Bulgarorum
470 2759 644 2786 Constantino
676 2761 733 2793 ﬁlia
761 2760 879 2795 Eulogiu:

290 2795 380 2821 Maria
400 2797 427 2822 in
443 2802 552 2821 uxorem
571 2796 633 2822 datu
647 2797 691 2822 n't.

128 2861 186 2888 Non
211 2861 298 2889 multo
319 2866 380 2897 post
404 2861 476 2897 regis
503 2860 677 2898 Bulgarorum
705 2862 877 2890 Constantini

94 2908 207 2945 Coniuge
231 2908 309 2936 lrcne
325 2913 443 2940 mortua,
459 2908 570 2936 studens
585 2908 667 2936 istum
686 2916 776 2945 regem
791 2909 876 2944 impc-

931 2312 990 2346 ipse
1017 2310 1231 2345 proﬁciscentem
1257 2311 1398 2338 mulierem
1418 2318 1480 2338 cum
1503 2311 1655 2345 patriarcha
1671 2317 1718 2337 co-

931 2358 1045 2385 mitatus
1067 2357 1218 2392 Sclybriam
1239 2364 1335 2391 usque,
1365 2356 1482 2391 indeque
1512 2356 1585 2383 illam
1601 2356 1634 2383 ad
1648 2355 1719 2383 Con-

931 2405 1080 2432 stantinum
1096 2403 1232 2439 frequenti
1247 2411 1278 2430 ac
1289 2404 1408 2438 superbo
1427 2403 1554 2430 satellitio
1569 2403 1721 2438 perducen-

931 2450 992 2478 dam
1021 2457 1129 2481 curans,
1165 2456 1196 2476 ac
1222 2449 1262 2477 sic
1293 2448 1556 2483 Constantinopolim
1594 2455 1722 2475 reversus

931 2500 1046 2523 eatenus
1062 2496 1140 2522 ﬁdem
1165 2499 1306 2530 pactorum
1331 2494 1477 2529 imperator
1491 2495 1626 2529 prmstitil.
1652 2493 1718 2520 Nam

931 2542 1004 2577 quod
1030 2541 1224 2577 promissarum
1238 2540 1370 2568 attinebat
1383 2540 1582 2568 restitutionem
1598 2539 1716 2570 urbium.

931 2589 957 2616 in
972 2596 1005 2616 ea
1020 2597 1075 2616 non
1090 2588 1274 2615 festinandum
1289 2591 1365 2614 ratus
1379 2587 1467 2614 varios
1487 2587 1546 2619 ejus
1562 2585 1719 2613 diﬁ‘erendaa

929 2639 1076 2670 prte'extus
1083 2634 1217 2670 quzesivit,
1227 2641 1320 2661 revera
1328 2633 1475 2668 periculum
1487 2633 1551 2660 dirae
1560 2631 1721 2660 vastationis

930 2688 961 2708 ex
977 2688 1008 2708 ea
1022 2680 1167 2707 imminens
1186 2679 1265 2706 terris
1286 2679 1401 2714 imperio
1416 2679 1546 2714 subjectis
1561 2686 1717 2713 praecaven-

929 2726 992 2754 dum
999 2733 1123 2752 censens.
1131 2725 1264 2752 Caeterum
1271 2725 1378 2752 interim
1387 2724 1592 2752 Constantinum
1600 2724 1717 2752 lactabat

930 2770 1061 2805 speciosis
1072 2770 1228 2798 obtentibus
1241 2770 1332 2797 multis
1347 2770 1466 2797 colorem
1477 2769 1593 2805 aliquem
1612 2771 1716 2797 haben-

929 2817 1011 2850 tibus,
1021 2824 1135 2852 quorum
1146 2817 1190 2844 hic
1200 2816 1433 2844 verisimilitudine
1443 2817 1569 2844 inductus
1581 2816 1714 2844 nonnulla

930 2863 1080 2891 videbatur.
1098 2863 1194 2890 Aiebat
1212 2862 1341 2891 videlicet
1354 2863 1467 2890 istarqu
1487 2863 1588 2890 incolas
1603 2863 1717 2891 urbium

931 2915 1057 2936 recusare
1072 2908 1192 2945 Bttlgaris
1212 2907 1317 2944 subjici,
1335 2915 1396 2936 cum
1411 2908 1461 2944 ipsi
1481 2908 1596 2937 Romani
1606 2911 1717 2941 essent,
