1936 3069
213 189 267 220 ’Πῖι

215 246 369 279 Ῥωμαῖους
405 247 437 272 αὖ
443 247 513 278 τοὺς.

211 293 308 326 μαίους
324 291 366 327 [Ρ.
384 292 449 328 235]
465 293 517 319 ὑπὸ
531 293 678 328 Βουλγὰρῳ
693 293 791 320 τελεῖν.
809 294 846 320 Οὐ
865 294 919 329 μὴν
934 293 955 319 δ’
967 295 996 325 ἐς

209 337 283 368 τέλος
309 337 425 371 ὰπέλεγε
450 338 498 372 τὴν
526 339 600 365 δόσιν
624 339 639 365 ὁ
662 338 800 373 βασιλεὺς,
815 339 883 365 ἀλλὰ
908 348 995 373 προσ-

209 383 312 417 ανήρτα
332 385 427 417 καιρὸν
451 383 498 410 τὸν
524 384 574 417 τῆς
596 385 770 418 τεκνογονίας
792 385 883 420 δῆθεν,
905 385 942 415 ώ;
962 385 995 412 ἂν

208 429 258 455 καὶ
268 429 317 464 κλη
323 429 434 463 ρον6;.ιου
446 429 534 464 τούτῳ
544 431 672 464 φανέντος
683 432 713 456 ἑκ
724 431 820 464 γένους
840 430 995 466 Ῥωμαῖκοῦ

210 475 417 509 εὐπροσωποῖτο
436 475 481 502 καὶ
508 477 524 510 ὴ
550 477 688 507 ἀπόδοσις.
709 476 749 503 Τὰ
765 477 787 503 δ’
811 467 882 512 ἦσαν
906 477 996 511 γέλως

209 520 338 554 ἄντικρυς
354 521 402 547 καὶ
435 521 624 556 συνειρόμενον
649 522 744 556 ψεῦδος
763 523 801 556 τῷ
826 523 913 558 χρόνῳ
931 532 996 557 συγ-

212 566 394 601 κρύπτοντος.
414 567 510 601 ὐμως
522 567 550 594 δέ
565 575 595 601 γε
613 570 658 594 καὶ
673 569 748 594 ἄκων
764 569 777 594 ό
795 569 997 600 Κωνσταντίνος

210 610 331 645 ὑπέμενε
357 611 405 637 καὶ
428 612 585 644 ἐσπένδετο,
604 613 627 638 ει
643 613 690 638 καὶ
711 613 727 647 ἡ
746 613 853 639 δοθεῖσα
867 615 891 640 0E
909 614 939 640 οὗ
953 622 998 640 το-

211 656 305 683 σοῦτον
329 657 426 691 βοηθὸς
443 658 539 693 ἐκεινῳ
556 659 617 684 ὅσον
630 660 663 693 τῇ
691 659 822 693 Ῥωμαῖδι
847 660 996 693 ἐπέμπετε).

217 702 295 728 Ἐπεὶ
313 702 336 728 δ’
346 701 376 734 ἐξ
393 703 497 728 ἐκείνου
512 703 616 730 παιδίον
632 703 705 739 ἑώρα
717 704 762 730 τὸν
775 705 884 740 Μιχαὴλ
899 705 995 741 ἑαυτῇ,

211 747 287 774 δεινά
313 748 411 780 ἐποίει,
440 749 486 776 καὶ
510 749 556 775 τὸν
585 749 702 782 σύζυγον
727 751 921 784 κατηνάγκαζε
949 751 998 782 τὰς

213 793 328 823 σπονδάς
354 802 383 827 γε
405 793 479 820 λύειν
504 795 552 821 καὶ
575 795 704 828 πολεμεῖν
728 796 776 826 τὰς
794 795 887 827 πόλεις
912 804 998 831 προσ-

213 839 393 867 απαιτοίντα.
420 840 574 867 Κάντεῦθεν
597 841 644 868 καὶ
662 841 737 868 δεινὰ
752 841 801 868 οὐκ
817 842 896 874 ὀλίγα
920 842 997 874 ξυνέ⁴

213 885 300 915 ᾶιινε.
317 886 364 911 καὶ
379 885 548 920 ξυμϐεῆήκει
561 886 594 913 ἂν
615 887 740 917 πλεῖστα,
759 887 784 913 ει
800 887 836 922 μή
851 895 882 920 γε
897 887 911 913 ὁ
926 886 1000 921 βασι-

814 191 975 221 GEORGII
996 191 1250 226 PACIIYMERHK

558 247 594 281 μὴ
633 244 703 273 εἶναι
740 247 762 273 δ’
777 247 888 281 εὔλογον
925 248 996 273 Ῥω·
1012 250 1032 277 Α
1049 256 1113 282 ρων,
1139 249 1179 279 εις
1209 247 1378 282 στρατηγίαν
1405 256 1433 274 τε
1454 247 1561 281 Satn-:3;
1585 249 1632 275 καὶ
1652 249 1752 284 τρῖϐων
1774 251 1833 281 τοῖς

1777 189 1830 221 'i'lii

1046 294 1218 328 πράγμασιν,
1238 293 1267 324 ὃς
1279 293 1338 326 ἅμα
1364 293 1507 324 πλείσταις
1521 293 1670 327 δυνάμεσιν
1686 294 1715 326 ἐξ
1731 295 1833 328 ὁμογε-

1045 339 1098 365 νῶν
1117 339 1257 374 Τοχάρων,
1273 338 1321 370 οὓς
1342 339 1419 364 αὐτοὶ
1434 339 1618 372 Μουγουλίονς
1637 339 1770 373 λέγουσιν,
1790 339 1835 370 ἐξ·

1045 385 1210 416 αποσταλεὶς
1224 386 1255 411 ἐκ
1270 385 1324 411 τῶν
1337 385 1408 411 κατὰ
1421 385 1469 415 τὰς
1488 385 1617 417 Κασπίας
1637 386 1776 420 ἀρχόντων
1787 384 1834 411 τοῦ

1046 432 1152 465 γένους,
1180 431 1228 462 οὓς
1254 431 1372 462 Κάνιδας
1397 430 1589 464 ὀνομάζουσιν,
1610 431 1746 457 εἰσϐάλλει
1775 432 1835 462 τοῖς

1047 477 1097 504 ἀνὰ
1118 477 1163 503 τὸν
1188 477 1315 510 Εὔξεινον
1339 477 1455 512 βορείοις
1471 477 1588 509 ἔθνεσιν,
1608 477 1627 504 ἃ,
1649 477 1683 512 δὴ
1699 477 1730 503 τὺ
1747 477 1835 503 πάλαι

1046 524 1102 553 τοῖς
1123 522 1272 557 Ῥωμαίοις
1297 523 1433 558 ὑπήκουε,
1456 523 1507 556 τῆς
1530 523 1635 554 πόλεως
1662 523 1686 550 δ’
1716 522 1836 557 ἀλούσης

1047 568 1096 594 καὶ
1110 567 1166 593 τῶν
1183 567 1355 602 πραγμάτων
1379 568 1419 597 εἰς
1440 568 1532 593 στενὸν
1551 567 1747 594 καταστάντων
1766 567 1837 594 Ῥω·

1049 612 1151 646 μαίοις,
1180 612 1234 638 τῶν
1255 612 1358 646 κυρίων
1386 611 1604 645 ἀπολειφθέντα,
1628 611 1766 646 αὐτόνομα
1787 608 1836 646 ἦν.

1049 658 1131 684 Ταῦτ’
1159 658 1213 692 ἄρα
1239 658 1288 684 καὶ
1310 658 1416 684 ἀκονιτὶ
1434 657 1529 691 φανεὶς
1554 657 1762 692 προσελάμὸςινε
1787 657 1838 683 καὶ

1049 703 1252 730 κατεδουλοῦτο.
1275 703 1348 729 Ἰδὼν
1376 704 1404 730 δὶ
1426 703 1519 738 χώρας
1535 703 1678 737 ἁρετώσας
1703 703 1750 729 καὶ
1769 702 1836 738 ἔθνη

1049 749 1088 778 εἰς
1101 748 1187 782 ἀρχὴν
1203 747 1273 774 κατὰ
1296 748 1367 782 σφᾶς
1389 748 1528 782 αὐτάρκη,
1549 747 1695 782 ἁφηνιάξει
1712 748 1762 781 μὲν
1780 749 1838 773 τῶν

1049 793 1216 827 πεμψάντων
1235 793 1282 820 καὶ
1297 793 1387 828 ἑαυτῷ
1404 793 1438 819 τὰ
1457 792 1521 827 ἔθνη
1545 794 1726 828 προσκτᾶται.
1748 793 1792 823 Ὠς
1805 792 1837 818 δὲ

1049 839 1146 873 χρᾶνου
1160 838 1333 873 τριϐομένου,
1351 838 1545 873 ἐπιμιγνύντες
1560 838 1652 873 σφίσιν
1670 839 1693 864 οἱ
1711 839 1775 873 περὶ
1787 838 1839 872 τὴν

1053 884 1201 918 μεσόγαιον
1231 884 1440 919 κατῳκημένοι,
1475 883 1582 910 ’Λλανοὶ
1601 884 1682 918 λέγω,
1711 884 1838 920 [Ρ.256]

212 932 274 962 λεὶις
289 931 370 966 κῆδος
387 918 455 966 πρὸς
471 918 516 958 τον
530 931 620 965 Νογᾶν
638 932 685 958 ἐπὶ
698 932 768 967 νόθῳ
783 918 815 967 τῇ
831 918 996 968 Ὲιῖφροίσύνῃ
1015 918 1034 945 n
1051 931 1146 964 Ζῖκχοι
1170 931 1217 956 καὶ
1232 918 1325 957 Γότθοι
1336 951 1343 962 ,
1377 930 1475 957 Ῥῶσοι
1502 931 1548 956 καὶ
1574 931 1609 956 τὰ
1636 918 1840 966 προσοικοῦντα

213 978 320 1011 φθάσας
341 977 455 1011 ποιῆσαι
478 978 569 1012 ἀνεῖχε
583 978 631 1009 τὰς
653 977 742 1012 ὁρμὰς
758 978 864 1004 ἐκείνου
879 979 911 1012 τῇ
927 979 997 1013 πρὸς

212 1022 258 1048 τὸν
271 1022 362 1055 Νογᾶν
379 1022 502 1054 δεξιώσει
524 1023 572 1049 καὶ
590 1022 679 1049 διέλυε
701 1023 736 1049 τὰ
759 1022 942 1058 βουλεύματα,
959 1024 997 1055 ὡς

213 1067 312 1094 uarix:
328 1067 445 1094 κατόπιν
469 1067 713 1103 ἑπιδραμουμένων
737 1068 791 1094 τῶν
807 1069 947 1104 Τοχὰρων,
965 1069 997 1104 ἢν

212 1112 292 1143 αὐτὸς
306 1113 369 1148 ὲτιίῃ
384 1113 441 1144 τοῖς
457 1112 601 1146 βασιλέως.

211 1168 242 1197 δ’.
255 1170 292 1196 Τὰ
307 1169 440 1202 περὶτοῦ
466 1169 548 1202 Νογᾶ
562 1169 610 1205 καὶ
639 1170 785 1205 Τοχὰρων,
811 1170 890 1204 ὅπως
914 1169 998 1205 εἵκω·

246 1205 279 1231 τὸ
297 1200 377 1237 πρῖν.
391 1205 442 1231 Καὶ
456 1200 521 1238 περὶ
532 1203 584 1230 τοῦ
595 1200 870 1238 πρώτόυξϐαὰιλέως
880 1200 934 1232 ’καὶ
943 1200 997 1232 ’ὗ-ο-

243 1239 372 1273 μοθὲτου
387 1239 495 1266 αὐτῶν.

250 1296 281 1322 '0
299 1295 326 1322 δὲ
340 1297 433 1330 Νογᾶς
446 1296 526 1328 αὐτὸς
542 1297 688 1332 κράτιστος
704 1295 737 1333 ἦν
754 1297 822 1331 ἀνὴρ
834 1297 890 1324 τῶν
907 1298 995 1332 Toxi—

213 1392 263 1411 nee
277 1391 306 1411 se
319 1385 417 1415 adhuc.
442 1385 614 1419 quantumvis
624 1389 779 1418 conaretur,
796 1385 917 1420 potuisse
933 1385 996 1413 huic

213 1437 307 1457 corum
318 1430 453 1457 aversioni
469 1431 581 1458 mederi.
611 1430 646 1457 Ut
672 1438 716 1458 res
732 1431 747 1457 ﬁ
760 1435 776 1457 .t
791 1431 919 1462 suaviter,
944 1438 994 1458 ex-

213 1476 399 1510 spectandum
416 1475 511 1509 videri,
542 1476 605 1504 dum
619 1481 698 1503 natus
723 1476 902 1504 Constantino
926 1477 996 1505 ﬁlius

213 1522 284 1549 foret
295 1530 326 1549 ex
343 1529 412 1549 nova
428 1521 561 1557 conjuge:
575 1526 639 1549 tunc
651 1523 723 1549 enim
744 1522 802 1549 (ore
824 1523 914 1550 omnia
931 1531 989 1558 pro-

213 1568 300 1601 niora,
318 1575 380 1603 rege
390 1572 446 1595 tum
462 1568 566 1595 scilicet
576 1567 657 1603 3M
670 1568 844 1603 Bulgarorum
859 1569 995 1596 lireredem

214 1614 331 1641 habente
346 1613 461 1640 Romani
475 1613 622 1649 sanguinis,
650 1614 695 1640 cui
721 1619 890 1642 sacramento
905 1615 995 1642 dicere

213 1659 350 1687 Romanos
361 1667 414 1686 non
440 1660 595 1688 dedecoret.
625 1660 687 1687 Hu‘c
711 1660 907 1695 allegabantur,
924 1669 993 1696 quae,

214 1709 244 1732 ut
261 1713 324 1733 vere
339 1705 492 1740 loquamur,
504 1713 578 1733 mera
594 1710 672 1733 erant
689 1706 774 1733 elusio
787 1711 814 1734 et
826 1707 996 1739 mendacium

214 1751 394 1786 promissione
417 1756 521 1786 tempus
546 1751 699 1780 obducente
725 1752 918 1784 inumbratum,
946 1761 997 1780 nec

215 1798 298 1832 plane
338 1797 434 1825 fallens
461 1798 680 1831 Constantinum,
717 1805 869 1832 quanquam
898 1798 921 1825 is
952 1806 999 1825 vo-

215 1843 276 1870 lens
293 1843 390 1870 nolens
405 1843 574 1870 dissimulare
589 1844 747 1878 cogebatur,
761 1848 787 1870 et
800 1844 880 1871 tacite
907 1844 998 1871 dolere

215 1888 308 1916 fucum
329 1889 380 1915 sibi
395 1889 496 1916 factum
513 1889 682 1916 obtrudenda
710 1889 834 1924 conjuge,
858 1897 917 1924 qua:
944 1898 998 1917 non

214 1938 268 1960 tam
279 1933 330 1968 ipsi
341 1933 458 1968 adjutrix
467 1941 547 1968 quam
561 1939 638 1961 terra:
651 1935 931 1962 [iomanmdataesscL
943 1935 999 1962 Ma-

214 1979 254 2005 ria
267 1986 331 2005 vero
347 1984 488 2013 postquam
497 1979 674 2007 Cnnslantino
687 1983 829 2014 pepererat
844 1979 998 2007 Michaeletn

217 2025 311 2058 ﬁlium,
321 2025 392 2052 onmi
401 2025 456 2060 jam
469 2025 643 2052 excusatione
654 2025 1000 2060 cunctationidemptaipsa

215 2079 324 2106 quoque
353 2071 468 2098 transire
496 2071 584 2106 palam
604 2071 630 2098 in
657 2071 707 2098 viri
726 2079 822 2098 sensus
849 2076 875 2098 et
891 2072 1000 2106 utrique

216 2118 316 2146 factam
332 2118 459 2152 injuriam
473 2126 601 2146 accusare
628 2118 797 2153 indignanter
813 2117 904 2152 erepit,
920 2118 1002 2145 mari-

216 2168 273 2190 tum
285 2163 394 2191 assidue
413 2164 561 2191 sollicitans
575 2164 608 2191 ad
625 2164 787 2199 repetendas
801 2164 871 2191 bello
899 2164 1000 2199 injuste

215 2214 326 2244 negatas
338 2210 428 2236 urbes.
445 2209 523 2237 Unde
536 2209 592 2236 mul
606 2217 620 2237 a
635 2209 704 2236 mala
716 2213 773 2236 orti
788 2214 848 2236 sunt
861 2218 868 2241 ς
884 2214 911 2236 et
925 2210 1000 2244 plura

1009 1591 1030 1618 C

1051 977 1155 1008 τούτοις
1167 976 1284 1011 διάφορα
1297 976 1374 1010 γένη,
1388 977 1436 1011 ἔθη
1451 985 1480 1003 τε
1495 977 1529 1002 τὰ
1545 976 1658 1003 ἐκείνων
1675 977 1840 1011 μανθάνουσι

1051 1023 1097 1048 καὶ
1111 1022 1237 1056 γλῶσσαν
1253 1022 1290 1057 τῷ
1316 1022 1372 1048 ἔθει
1389 1022 1627 1057 μεταλαμϐάνουσι
1652 1023 1700 1048 καὶ
1727 1023 1839 1055 στολὴν,

1051 1068 1098 1094 καὶ
1113 1068 1153 1098 el;
1181 1068 1344 1103 συμμάχους
1368 1068 1461 1099 αὐτοῖς
1487 1068 1617 1100 γῖνονται.
1644 1068 1698 1094 Καὶ
1726 1067 1786 1102 μετ’
1806 1068 1839 1094 οὐ

1051 1113 1118 1140 πολὺ
1139 1114 1179 1145 εἰς
1197 1114 1298 1148 πλῆθος
1319 1113 1438 1149 ἀριθμοῦ
1463 1115 1589 1148 κρεῖττον
1610 1113 1624 1139 ό
1648 1113 1768 1139 ἐπελθὼν
1784 1114 1840 1140 τῶν

1050 1159 1180 1194 Τοχάρων
1194 1159 1259 1191 λαδς
1275 1159 1408 1191 ἐνδίδωσι,
1426 1160 1472 1186 καὶ
1489 1159 1672 1186 ἀνυπόστατοι
1688 1160 1755 1186 ὅπου
1772 1159 1841 1186 ῐοιεν

1049 1204 1171 1237 γίνονται
1187 1205 1247 1234 ταῖς
1264 1203 1422 1238 δυνάμεσιν,
1439 1205 1478 1235 ὠς
1493 1204 1542 1230 καί
1563 1212 1638 1235 τινας
1653 1204 1707 1230 τῶν
1722 1205 1778 1231 ἄνω
1791 1213 1842 1231 κυ-

1053 1250 1117 1284 ρίων
1139 1250 1260 1284 πολέμου
1286 1249 1362 1283 νόμῳ
1387 1250 1430 1275 ἐπ’
1446 1250 1547 1280 αὖτοὺς
1565 1249 1722 1281 ἀπιστάτας
1748 1250 1841 1281 ἰόντας

1050 1296 1100 1330 οὑχ
1113 1295 1187 1326 ὅπως
1202 1295 1407 1330 περιγενέσθαι,
1425 1294 1493 1321 ἀλλὰ
1508 1295 1555 1321 καὶ
1568 1295 1702 1330 σφαλῆναι
1715 1295 1748 1321 τὰ
1765 1295 1842 1322 πλεῖ-

1027 1387 1149 1414 Γιὶοιίιιη
1177 1385 1266 1413 tritus.
1300 1385 1326 1412 is
1354 1393 1418 1413 cum
1445 1385 1550 1420 magnis
1580 1385 1665 1420 copiis
1685 1393 1700 1413 e
1726 1393 1839 1421 genere,

1049 1433 1127 1466 cujus
1142 1436 1201 1458 erat
1215 1435 1243 1458 et
1258 1431 1327 1466 ipse,
1349 1429 1547 1463 Tocharorum,
1564 1431 1610 1466 qui
1630 1438 1660 1458 se
1677 1431 1727 1466 ipsi
1742 1431 1839 1466 illung-

1050 1477 1100 1504 lios
1130 1476 1283 1507 nominant,
1310 1476 1411 1503 missus
1440 1484 1455 1503 a
1472 1476 1644 1511 principibus
1662 1476 1722 1510 ejus
1748 1478 1838 1511 gentis

1050 1522 1176 1558 ((Zanidas
1190 1521 1336 1557 appellant)
1355 1522 1425 1550 circa
1440 1518 1532 1557 portas
1548 1522 1658 1557 Caspias
1667 1523 1839 1558 degentibus,

1049 1569 1184 1604 irruperat
1193 1568 1219 1595 in
1227 1568 1458 1596 liorealesEuxino
1467 1572 1560 1603 gentes
1567 1568 1696 1595 Romanis
1702 1569 1840 1603 quondam

1047 1613 1178 1647 subditas,
1192 1615 1240 1642 sed
1251 1621 1310 1648 qua;
1327 1617 1388 1648 post
1403 1618 1510 1648 captam
1524 1621 1539 1640 a
1554 1613 1658 1640 Latinis
1686 1614 1790 1643 urbem.
1810 1616 1839 1640 ct

1047 1667 1091 1686 res
1109 1660 1213 1694 imperii
1229 1660 1352 1687 redactas
1366 1659 1393 1686 in
1414 1663 1514 1690 artum,
1538 1659 1694 1686 necessario
1709 1659 1840 1692 neglecte

1047 1704 1128 1739 345
1141 1713 1155 1732 a
1172 1705 1290 1732 dominis
1307 1705 1349 1732 sui
1366 1709 1432 1732 tunc
1443 1704 1512 1738 juris
1527 1708 1617 1731 erant.
1636 1704 1689 1731 llas
1702 1704 1781 1731 facile
1808 1713 1841 1731 ac

1048 1749 1107 1776 sine
1119 1757 1215 1784 magno
1227 1750 1376 1777 certamine
1404 1749 1491 1784 prima
1505 1750 1597 1776 statim
1620 1750 1779 1776 ostensione
1795 1749 1839 1776 sui

1049 1795 1121 1829 cepit
1149 1795 1253 1829 sibique
1272 1795 1400 1829 subjecit.
1427 1794 1460 1821 Et
1486 1794 1708 1821 animadvertens
1740 1794 1841 1821 uberes

1049 1844 1136 1867 tcrras
1151 1848 1182 1867 ac
1192 1840 1306 1875 populos
1323 1841 1356 1867 ad
1373 1840 1596 1868 constituendum
1614 1848 1663 1874 per
1683 1847 1711 1866 se
1726 1847 1840 1874 regnum

1050 1885 1173 1917 idoneos,
1193 1885 1300 1912 frenum
1316 1885 1436 1912 excussit
1455 1885 1560 1919 imperii
1578 1892 1673 1912 eorum
1703 1893 1718 1910 a
1738 1885 1842 1918 quibus

1050 1935 1109 1957 erat
1136 1930 1247 1963 missus,
1277 1936 1302 1957 et
1332 1937 1376 1957 res
1390 1937 1471 1966 agere
1499 1937 1562 1957 suas
1578 1930 1708 1962 instituit,
1727 1929 1840 1964 proprio

1050 1975 1204 2010 principatu
1231 1978 1391 2004 constituto.
1421 1976 1553 2003 Processu
1580 1976 1679 2003 deinde
1709 1977 1842 2010 temporis

1051 2021 1198 2049 miscentes
1216 2029 1245 2049 se
1261 2022 1326 2057 ipsis
1340 2022 1385 2055 qui
1404 2023 1603 2049 mediterranea
1633 2021 1687 2048 illic.
1704 2022 1842 2056 incolunt,

1052 2067 1128 2094 Alani
1149 2067 1286 2098 videlicet,
1321 2066 1425 2099 Zicdli,
1455 2067 1546 2095 Gottlii
1572 2072 1600 2094 et
1614 2067 1724 2099 Rhossi,
1739 2067 1843 2102 quique

1052 2113 1181 2140 ﬁnitimas
1198 2113 1273 2140 hisee
1288 2113 1414 2140 habitant
1427 2117 1513 2139 terras
1528 2113 1698 2140 diversorum
1711 2121 1843 2148 generum

1053 2159 1156 2194 populi,
1184 2166 1274 2186 mores
1303 2160 1431 2193 paulatim
1464 2159 1584 2193 ipsorum
1622 2158 1786 2189 didicerunt,
1816 2163 1845 2185 et

1054 2212 1115 2232 cum
1131 2205 1193 2232 vitze
1218 2212 1268 2232 usu
1298 2204 1416 2239 linguam
1431 2204 1512 2231 etiam
1532 2211 1565 2230 ac
1594 2204 1719 2230 vestitum
1747 2211 1845 2230 eorum

215 2255 391 2289 gravioraque
406 2255 579 2289 prodiissent,
603 2255 655 2281 nisi
678 2255 814 2289 Augustus
830 2258 932 2281 mature
948 2253 999 2281 sibi
1018 2251 1037 2278 Π
1054 2253 1228 2284 usurpantes,
1239 2249 1266 2276 in
1278 2249 1382 2276 militiae
1395 2256 1502 2284 quoque
1517 2249 1685 2276 consortium
1700 2248 1845 2283 assumpli.

218 2305 434 2335 praeoccupasse:
461 2308 532 2327 novo
558 2300 660 2328 foedere
687 2299 799 2335 Nogam,
817 2299 878 2326 data
894 2301 920 2326 in
936 2308 1004 2327 uxo-

216 2352 275 2372 rem
291 2345 314 2372 ei
333 2345 384 2372 lilia
399 2353 447 2372 sua
459 2345 543 2372 notha
568 2345 752 2380 Euphrosync.
781 2344 838 2377 Qua
855 2346 1004 2372 necessitu-

219 2389 284 2416 dine
309 2390 451 2417 devinctus
476 2389 633 2425 imperatori
655 2389 743 2424 Nogas
770 2390 857 2423 palam
886 2389 1004 2417 ostendit

216 2435 387 2470 irrupturum
403 2443 432 2462 se
452 2443 512 2463 cum
532 2435 673 2468 Tocharis,
701 2437 800 2471 quibus
819 2440 943 2471 praeerat,
973 2435 1001 2462 in

219 2481 397 2517 Bulgarorum
410 2481 488 2513 ﬁnes,
506 2481 596 2508 statim
613 2487 693 2516 atque
707 2482 902 2509 Constantinus
917 2481 1004 2516 regio-

217 2537 267 2555 nes
288 2529 429 2556 incursare
459 2528 596 2556 Romanas
627 2528 765 2562 ccepisset.
783 2528 930 2562 Suspendit
960 2527 1003 2554 hic

218 2579 310 2601 luctus
334 2574 446 2601 consilia
468 2574 584 2610 Bulgari,
601 2579 629 2601 et
643 2574 774 2601 malorum
799 2573 921 2600 inducias
948 2571 1003 2599 Ro-

217 2621 306 2647 manis
321 2620 394 2648 fecit.

216 2697 244 2724 ὁ.
268 2697 304 2724 De
324 2697 433 2732 Nuguet
447 2697 582 2728 Tur/utris,
600 2697 793 2731 originibusque
808 2696 903 2729 gemis,
921 2696 1004 2730 deque

338 2735 423 2766 primo
449 2741 537 2759 eorum
560 2741 618 2767 rege
642 2741 670 2759 ac
696 2732 879 2765 legumlatore.

254 2800 303 2827 ilic
339 2809 419 2835 porro
451 2800 539 2836 Negas
571 2800 777 2835 potentissimus
811 2798 998 2826 Tocliarorum

221 2849 288 2876 "rat,
317 2846 420 2872 bellica!
451 2847 518 2873 artis
545 2846 631 2880 longis
664 2845 858 2880 experimentis
890 2844 1002 2871 multam

221 2891 345 2925 peritiam
363 2890 486 2925 adeptus,
505 2899 554 2917 usu
585 2899 673 2917 rerum
691 2891 717 2917 in
744 2890 904 2918 tractatione
920 2897 1005 2925 nego-

1055 2303 1109 2322 non
1125 2296 1161 2322 ita
1180 2296 1266 2322 multo
1283 2299 1343 2330 post
1371 2295 1508 2322 exercitus
1522 2295 1700 2322 coniecerunt
1717 2295 1846 2322 inmune-

1056 2341 1164 2374 rabiles,
1181 2349 1296 2376 quarum
1309 2340 1476 2368 conscientia
1489 2349 1593 2376 usuque
1620 2341 1718 2367 virium
1736 2341 1762 2367 in
1793 2349 1846 2375 p0—

1054 2386 1168 2412 tentiam
1185 2386 1304 2413 immane
1318 2391 1447 2420 quantam
1464 2385 1651 2413 Tocharorum
1672 2393 1738 2421 gens
1753 2386 1847 2420 prore-

1055 2434 1102 2463 cit,
1118 2432 1186 2458 adeo
1198 2436 1227 2459 ut
1243 2440 1406 2467 quocunque
1423 2440 1452 2459 se
1464 2437 1614 2463 verterent,
1631 2431 1846 2459 ineluctabiliter

1055 2483 1152 2504 cuncta
1171 2482 1384 2512 prosternerent,
1400 2482 1427 2505 et
1442 2485 1503 2505 cum
1522 2486 1537 2505 e
1555 2477 1741 2512 superioribus
1753 2476 1845 2504 domi-

1056 2523 1100 2548 nis
1116 2522 1226 2556 quidam
1258 2522 1291 2549 ad
1312 2522 1431 2556 ipsorum
1447 2521 1630 2549 defectionem
1657 2522 1842 2549 ulciscendam

1055 2575 1157 2601 eosque
1174 2568 1225 2594 sub
1242 2567 1338 2602 jugum
1356 2568 1525 2598 revocandos
1553 2568 1664 2595 bellicas
1688 2567 1714 2594 in
1730 2576 1776 2595 eos
1792 2576 1842 2594 ex-

1055 2613 1208 2647 peditiones
1250 2614 1445 2648 suscepissent,
1487 2621 1540 2640 non
1572 2614 1654 2640 modo
1686 2614 1759 2648 ipsos
1785 2622 1840 2640 non

1057 2660 1207 2691 vincerent,
1237 2659 1284 2685 sed
1303 2659 1408 2694 magnis
1439 2659 1559 2694 acceptis
1573 2660 1696 2686 cladibus
1714 2660 1740 2686 in
1764 2659 1842 2686 lucro

1055 2708 1188 2738 ponerent
1203 2704 1276 2738 quod
1292 2705 1427 2739 plerisque
1456 2712 1567 2732 suorum
1585 2706 1656 2733 bello
1685 2704 1843 2732 cadentibus

1057 2750 1133 2785 pauci
1155 2750 1259 2776 salvum
1276 2751 1392 2778 reditum
1415 2752 1556 2778 haberent.
1572 2751 1678 2778 Gaudet
1704 2751 1761 2778 ha‘c
1775 2758 1843 2785 gens

1057 2792 1110 2822 vita
1121 2795 1237 2830 simplici
1251 2804 1258 2827 ;
1275 2795 1380 2823 haerent
1409 2797 1525 2824 invicem
1554 2802 1649 2824 mutuo
1669 2804 1739 2824 nexu
1755 2797 1844 2823 civilis

1057 2842 1219 2881 charitatis;
1241 2843 1389 2870 tolerantes
1405 2848 1467 2870 sunt
1484 2843 1618 2875 laborum,
1635 2844 1661 2870 in
1669 2843 1736 2870 bella
1752 2850 1843 2877 prom-

1056 2889 1302 2924 ptissitni;paucis
1327 2889 1360 2916 ad
1392 2890 1492 2916 victum
1521 2890 1678 2924 cultumque
1705 2888 1841 2923 indigent,
