1936 3069
286 184 338 214 799

894 185 1057 217 GEORGII
1079 186 1320 217 PACIIYMERE

1863 181 1923 213 800

283 240 332 266 ὄπα
349 239 541 274 πρδςνπροφῶν
557 239 705 273 ποικιλίαν,
725 239 792 275 πρὸς
806 239 834 267 δὲ
852 240 900 267 καὶ
918 241 1072 276 ἀνθοσμιῶν
1088 244 1110 272 Α
1123 241 1184 275 λείᾳ
1197 241 1351 276 προσέχων.
1367 239 1468 267 Τοῦτον
1491 238 1638 274 τοιγαροῦν
1653 238 1725 273 ἔχων
1745 237 1760 263 ὸ
1786 236 1922 272 βασιλεὺς

283 284 362 310 οἴνων
377 283 440 315 ὅλας
460 283 594 316 πιθάκνας
617 284 856 320 φιλοτιμούμενος.
877 283 908 312 '0
925 285 954 311 δὲ
970 286 1004 311 τὰ
1021 285 1071 321 μὲν

284 329 324 360 εἰς
337 329 436 364 βρῶσιν
451 331 499 356 καὶ
516 330 600 356 πᾶσιν
626 330 718 365 μαθὼν
733 331 829 364 ἠγάπα
849 330 1008 365 λαμϐάνων,
1024 331 1072 358 καὶ

283 376 384 410 χρυσὸν
402 376 430 402 δὲ
447 377 494 402 καὶ
511 377 631 411 ἄργυρον
656 378 684 403 ὲν
703 377 848 412 ἐκπώμασι
873 377 1071 412 προσεδέχετο’

283 422 317 447 τὰ
336 422 363 447 δὲ
379 421 489 448 ποικίλα
512 422 528 457 ἦ
554 423 622 457 πρδς
637 423 796 457 καλύπτρας
812 423 828 459 ἢ
848 422 916 457 πρὸς
934 423 1072 456 ἐνδύματα

285 468 478 503 (ἐφιλοτιμεῖτο
491 469 544 503 γὰρ
555 469 602 495 καὶ
616 469 701 496 ταῦτα
714 469 959 504 προσαποστέλλων
971 471 985 496 ὸ
997 469 1072 504 βασι-

282 513 356 548 λεϋς)
373 513 516 548 ἀτώμενος
527 515 587 546 ταῖς
601 516 695 549 χερσὶν
708 514 836 549 ἀνηρώτα
851 515 896 541 τὸν
910 515 1073 549 διακομισά-

283 567 374 593 μενον,
389 560 413 586 εἱ
436 560 599 594 χρησιμεύοι
616 560 683 595 πρὸς
704 560 825 594 κεφαλὴν
843 561 889 587 ἐπὶ
912 560 951 596 τῷ
972 560 1072 587 ἄπονον

284 603 354 630 εἶναι
368 605 414 631 καὶ
427 605 577 639 ἀνάλγητον
591 606 608 639 ἡ
621 604 776 640 καλύπτρα,
792 605 816 631 εἰ
827 606 841 632 ὸ
858 605 1072 639 ἑπανεσπαρμέ‹

283 659 327 682 νος
346 651 487 685 μάργαρος
505 651 620 684 ἀμύνειν
642 651 698 686 ἔχοι
714 651 799 686 ταύτῃ
812 651 862 683 τὰς
881 651 1035 686 ἀστραπὰς,
1049 651 1073 677 ει

283 698 322 727 εἰς
337 696 455 732 βροντῶν
470 696 599 728 κτύπους,
614 697 685 724 ὥστε
701 697 738 732 μὴ
753 697 935 732 ἐμϐρόντητον
949 697 1073 731 γίνεσθαι

285 743 331 767 τὸν
348 742 494 776 φοροῦντα,
510 743 524 768 ὁ
538 741 610 773 λίθος
636 743 806 777 συναίροιτο,
828 744 852 768 εἰ
879 743 913 769 τὰ
939 742 1073 777 πολυτελῆ

285 786 363 815 αὖθις
378 787 515 822 ἐνδύματα
531 788 570 818 είς
588 788 703 815 ἀπονίαν
721 788 811 822 μελῶν
833 788 1025 824 συλλαμϐάνοι.
1042 789 1073 815 El

286 832 336 866 μὲν
355 833 405 859 οὐκ
430 833 534 866 ἔλεγον,
553 834 745 868 παρερῤίπτει,
771 834 795 859 ει
821 834 868 860 καὶ
895 834 1014 866 ἐνδυθεὶς
1030 834 1074 862 ἐπ’

284 879 373 912 ὀλίγον
390 879 451 905 ὅσον
465 879 513 909 τὰς
530 879 620 913 φιλίας
635 879 851 913 ἀφοσιώσασθαι,
868 880 1073 915 ἀπεκδυόμενος

284 925 450 959 παραυτίκα,
458 925 644 959 μετελάμϐανε
662 927 746 960 κυνῆν
759 926 775 960 ἢ
793 926 930 960 προδατῆν
946 927 995 960 τὴν
1010 935 1071 952 συν-

284 971 348 1005 ήθη,
367 971 413 997 καὶ
428 971 518 1005 φορῶν
533 971 680 1005 ὲκυδροῖτο
700 972 781 998 πλέον
799 972 814 1007 ἢ
835 972 897 998 ὅσον
913 974 972 1003 ταῖς
989 972 1072 999 πολυ-

283 1017 372 1043 τελέσι
390 1017 507 1046 στολαῖς.
530 1016 668 1047 Ὡσαύτως
684 1018 731 1043 καὶ
755 1018 802 1044 ἐπὶ
824 1020 884 1050 ταῖς
901 1018 1074 1054 καλύπτραις

284 1062 382 1094 ἐποίει,
399 1063 448 1097 τὴν
473 1062 540 1097 πρὸς
558 1063 656 1096 χρῆσιν
674 1063 826 1096 ἀναγκαίαν
849 1063 902 1089 τῶν
925 1063 1071 1099 περιττῶν,

284 1108 335 1134 κᾶν
349 1106 384 1142 ἦν
394 1108 448 1134 τῶν
462 1108 626 1138 πολυτελῶν,
641 1107 865 1143 ἁνϐαιρούμενος.
885 1109 915 1135 Et
931 1109 954 1135 δ’
969 1110 1072 1140 ἐκεῖνος

283 1153 465 1189 πλαττόμενος
482 1153 575 1188 ὄνησιν
601 1154 697 1188 φέρειν
721 1153 798 1188 ἔλεγε
827 1154 866 1189 τῷ
892 1155 1020 1188 φοροῦντι
1044 1155 1074 1181 τὸ

283 1199 385 1233 κτέρας
399 1199 448 1235 τὴν
473 1199 580 1225 οῐανοῦν
598 1207 626 1225 τε
653 1199 699 1225 καὶ
721 1199 903 1234 ὁπουδήποτε,
921 1199 1003 1230 εὐθὺς
1027 1208 1073 1226 πι-

284 1243 388 1270 στεύων
403 1245 508 1280 ὲφόρει,
519 1245 550 1271 ού
566 1245 650 1276 λίθοις
672 1245 732 1272 οὐδὲ
750 1246 915 1281 μαργάροις,
929 1245 987 1273 ἀλλ’
1002 1246 1074 1281 ὡφε-

283 1332 389 1367 copiain
407 1333 517 1368 vinique
532 1332 637 1359 odorati
659 1337 714 1360 tota
730 1333 814 1365 dolia,
832 1333 874 1360 his
891 1333 1003 1368 quidem
1019 1340 1074 1360 non

284 1378 421 1405 illibenter
449 1384 493 1406 est
522 1386 599 1406 usus.
629 1378 734 1406 Aurum
759 1379 823 1406 item
840 1384 867 1406 et
883 1384 1024 1414 argentum
1048 1379 1076 1407 in

282 1423 358 1450 vasis
373 1424 530 1458 poculisque
552 1425 624 1451 dono
641 1425 711 1464 da'tis
739 1426 858 1460 probans
893 1426 1016 1453 admisit.
1043 1427 1077 1453 At

284 1469 459 1497 wrsicoloria
485 1470 554 1496 varii
571 1471 678 1505 generis
693 1474 749 1498 tum
765 1471 862 1506 capitis
875 1473 993 1506 tegmina
1019 1476 1075 1499 tum

283 1514 468 1542 membrorum
483 1515 642 1543 indumenta
667 1520 841 1549 cmterorum,
874 1525 989 1552 quarum
1012 1517 1076 1545 item

1123 287 1232 321 ἕτοιμον
1245 286 1292 313 τοῦ
1317 285 1524 312 Κωνσταντίνου
1547 283 1783 319 καταδραμεῖσθαι
1802 283 1852 309 καὶ
1868 282 1923 317 τὴν

1123 333 1227 359 ἐκείνου
1243 331 1386 358 σκυλεύειν
1401 333 1505 366 χώραν,
1523 331 1547 357 εἰ
1560 332 1616 359 τοῖς
1628 330 1674 356 τοῦ
1697 329 1833 364 βασιλέως
1845 328 1924 355 ἐκεῖ·

1123 387 1167 409 νος
1181 378 1263 407 ἐπίοι.
1282 378 1312 404 οὐ
1329 376 1521 412 Μεσεμσρείας
1540 377 1620 411 μόνον
1637 375 1759 412 στερρῶς
1774 373 1923 408 ἀντείχετο

1123 424 1170 449 καὶ
1183 423 1231 458 τῆς
1252 421 1407 457 Ἀγχιάλου,
1427 421 1495 448 ἀλλὰ
1508 423 1556 447 καὶ
1580 420 1736 452 Σωζόπολιν
1759 419 1806 446 καὶ
1833 419 1921 453 Ἀγα-

1124 467 1262 494 Θιούπηλιν
1282 467 1328 494 καὶ
1354 466 1540 500 Κανστρίτζιν
1556 467 1602 493 καὶ
1616 466 1673 493 ἄλλ’
1697 466 1764 493 ἄττα
1784 464 1921 500 φρούρια,

1124 513 1196 548 ὅπερ
1211 513 1236 539 οί
1248 511 1295 539 τοῦ
1313 512 1444 547 βασιλέως
1461 511 1712 545 ἐπισκευασάμενοι
1726 510 1923 546 προσεκτῶντο

1123 557 1162 593 τῷ
1182 557 1296 592 βασιλεῖ.
1314 558 1361 584 καὶ
1374 557 1434 583 λίαν
1447 558 1476 583 ἑν
1496 558 1589 592 χεροῖν
1607 555 1676 591 εἶχε,
1697 556 1765 591 μηδὲ
1781 557 1922 591 φρουρίου

1125 603 1205 630 σκιὰν
1220 603 1394 639 προϊέμενος.
1408 603 1602 638 Μεσέμσρειᾱν
1615 603 1671 637 γὰρ
1688 603 1734 628 καὶ
1756 602 1789 628 ἐκ
1812 601 1922 628 δικαίου

1125 650 1210 676 πάλαι
1229 650 1289 676 ποτ’
1304 647 1371 685 εἶχε,
1386 649 1476 675 λαϐὼν
1491 649 1568 683 παρὰ
1583 647 1630 674 τοῦ
1643 648 1751 682 Μυτζῆ.

1125 704 1154 732 ε’.
1177 705 1214 732 Τὰ
1228 705 1293 739 περὶ
1309 704 1362 732 τοῦ
1377 704 1447 736 τοὺς
1462 705 1592 739 Σέρϐθυς
1614 703 1727 736 κήδους
1756 704 1811 730 τοῦ
1827 704 1921 735 ,βασι-

1159 740 1245 772 λέως.
1265 741 1313 766 καὶ
1329 741 1377 766 διὰ
1394 739 1487 766 ταῦτα
1505 739 1559 773 τῆς
1574 739 1628 766 τοῦ
1640 739 1828 773 πατριάρχου
1854 739 1919 765 ἐπι.

1160 775 1267 809 δημίας
1282 775 1392 802 ἐκεῖσε.

1166 831 1196 858 Ὀ
1207 832 1235 858 δὲ
1251 832 1363 867 Morti-i1;
1396 829 1482 863 οὗτος,
1503 831 1535 867 [Ρ
1550 831 1616 867 258]
1630 831 1664 857 ἶν’
1680 829 1864 857 ἑπαναλαὸὼν
1878 830 1920 856 εὖ·

1128 877 1294 912 μαθέστερον
1309 877 1493 912 διηγήσωμαι,
1514 877 1640 912 γαμϐρὸς
1649 877 1698 911 μὲν
1716 885 1750 912 ην
1771 876 1820 902 ἐπὶ
1835 876 1922 909 Θυγα-

1125 923 1170 957 τρὶ
1186 922 1224 957 τῷ
1241 922 1334 954 Ἀσὲν,
1353 921 1530 957 σύγγαμδρος
1545 922 1573 948 δὲ
1592 921 1731 956 Θεοδώρου
1749 919 1796 947 τοῦ
1811 921 1921 947 Atiam-

1125 977 1161 1003 ρι.
1183 968 1262 995 ’Λσὰν
1279 969 1301 994 δ’
1315 965 1393 999 οὗτος
1408 966 1442 1002 ἦν
1463 968 1492 994 ὃν
1515 967 1591 1002 λόγος
1607 968 1654 994 καὶ
1684 967 1796 1002 Ἰωάννῃ
1829 968 1921 993 συνεὶ-

1124 1013 1180 1040 θεῖν
1192 1014 1230 1049 τῷ
1242 1014 1332 1049 Δούκᾳ
1358 1015 1406 1041 καὶ
1422 1014 1537 1049 βασιλεῖ,
1564 1016 1611 1040 καί
1624 1022 1656 1048 γε
1685 1015 1733 1040 σὺν
1760 1013 1862 1048 ἐκείνῳ
1890 1014 1921 1039 τὰ

1125 1059 1194 1084 κατὰ
1216 1058 1291 1085 δύσιν
1319 1059 1490 1094 ἐπιδραμεῖν,
1518 1059 1676 1092 φιλοκαλίας
1703 1059 1794 1093 πάσης
1822 1059 1922 1093 ἔχοντα

1124 1103 1267 1138 δείγματα.
1291 1104 1335 1136 Ὧς
1349 1104 1414 1138 γοῦν
1426 1105 1530 1136 ἐκεῖνος
1549 1104 1677 1131 ἐτελεύτα
1692 1105 1740 1130 καὶ
1769 1100 1850 1136 οὗτος
1872 1104 1920 1137 τὴν

1124 1149 1212 1184 ἀρχὴν
1225 1150 1332 1184 ἐδέχετο
1347 1149 1402 1176 τῶν
1418 1150 1580 1185 Βουλγάρων
1595 1150 1746 1184 Βούλγαρος
1757 1149 1807 1181 ὢν,
1843 1151 1920 1176 συνέ-

1126 1195 1216 1221 ϐαινέν
1231 1195 1255 1221 οἱ
1270 1195 1320 1230 μὲν
1335 1196 1518 1230 προσκρούειν
1531 1197 1578 1222 καὶ
1599 1195 1711 1230 βασιλεῖ,
1729 1195 1766 1227 ὡς
1788 1197 1837 1222 καὶ
1858 1197 1920 1222 πο).-

1125 1240 1203 1272 λάκις
1226 1241 1260 1268 δι’
1288 1241 1388 1276 ἔχθρας
1411 1242 1459 1268 καὶ
1480 1242 1607 1276 πολέμων
1622 1242 1679 1273 τοῖς
1695 1241 1750 1268 τῶν
1770 1241 1918 1276 Ῥωμαίων

1127 1331 1208 1358 modo
1226 1331 1397 1360 infestandas
1420 1332 1547 1367 regiones
1565 1332 1680 1366 imperio
1695 1332 1847 1366 subiectas,
1869 1340 1920 1358 non

1127 1376 1324 1404 Mesetnbream
1341 1377 1427 1404 solum
1456 1382 1482 1405 et
1501 1377 1664 1405 Anchialum
1682 1385 1796 1404 securus
1823 1383 1921 1412 pacto-

1128 1431 1188 1450 rum
1205 1423 1344 1451 mordicus
1376 1424 1495 1456 tenebat,
1517 1424 1564 1450 sed
1584 1429 1714 1459 pra-terea
1740 1423 1902 1458 Sozopolim
1916 1444 1922 1455 ,

1126 1469 1340 1504 Agathiopolim,
1356 1469 1531 1496 Canstritzim
1547 1475 1574 1496 et
1591 1470 1658 1497 al‘as
1672 1470 1804 1504 quasdam
1833 1478 1922 1499 arces.

1128 1524 1143 1542 a
1159 1516 1275 1543 ducibus
1291 1516 1351 1551 ejus
1378 1516 1467 1543 oblata
1486 1517 1542 1543 usis
1564 1518 1710 1544 occasione
1728 1521 1823 1552 captas
1837 1525 1844 1550 ;
1860 1524 1923 1551 qua:

285 1568 377 1587 rerum
408 1560 463 1587 vim
510 1569 636 1596 magnam
669 1562 742 1596 regia
770 1562 858 1590 cidem
888 1563 1075 1590 munificentia
1090 1572 1111 1602 ο
1128 1562 1173 1589 ille
1187 1562 1278 1589 omnia
1294 1562 1334 1590 sic
1365 1563 1529 1598 arripueratl
1549 1567 1579 1590 ut
1600 1568 1694 1591 certus
1709 1563 1851 1590 videretur
1866 1572 1922 1590 non

284 1607 433 1640 imperator
450 1606 570 1639 miserat,
597 1606 664 1640 hmo,
698 1607 822 1642 inquam,
849 1609 1074 1644 aspernabundus

283 1651 367 1688 348
396 1652 424 1679 in
444 1660 543 1680 manus
573 1661 687 1680 sumens
715 1654 930 1688 percontabatur
946 1655 981 1682 ab
1009 1655 1075 1682 offe-

284 1701 362 1726 rente
372 1705 406 1725 an
422 1698 449 1725 id
469 1703 544 1726 certo
559 1703 704 1734 praestaret
730 1699 817 1727 bellus
836 1700 887 1728 iste
917 1701 1005 1736 pileus
1024 1709 1072 1729 ca-

284 1743 334 1779 piti
349 1744 422 1778 quod
441 1748 555 1780 tegeret,
572 1750 601 1772 ut
629 1744 705 1772 nullo
732 1745 863 1781 deinceps
879 1747 943 1774 mali
960 1748 1075 1782 appulsu

284 1791 438 1823 laederetur,
470 1791 576 1818 nullum
606 1791 729 1819 dolorem
756 1793 941 1826 sentiret;an
958 1793 1075 1828 inspersi

285 1837 349 1864 huic
369 1837 487 1864 uniones
505 1841 665 1872 eteterthue
688 1838 798 1865 insertae
815 1846 929 1872 gemmae
944 1839 999 1866 vim
1026 1840 1074 1867 ha-

284 1880 382 1913 berent
418 1889 545 1908 arcanam
580 1883 735 1916 quampiam
767 1882 873 1918 fulgura
905 1883 1074 1920 fulminaque

285 1926 423 1953 avertendi
438 1934 453 1953 a
480 1931 622 1962 gestante;
639 1931 731 1954 vestes
748 1926 812 1954 item
832 1927 885 1954 illa:
897 1928 1027 1962 speciosae
1043 1936 1075 1956 ac

286 1974 383 2001 molles
397 1981 462 2000 nmn
491 1974 614 2001 membra
628 1982 689 2008 qua:
717 1975 854 2002 ambirent
869 1975 1030 2003 lassitudine
1047 1976 1074 2003 in

286 2019 379 2046 labore
407 2019 596 2054 prohiberent.
629 2019 698 2047 Tum
733 2020 780 2048 illo
811 2021 918 2048 scilicet
948 2026 1073 2057 negante,

285 2065 375 2100 Negas
394 2065 524 2100 quidquid
542 2066 639 2093 horum
664 2066 837 2102 interrogans
849 2067 978 2102 attigerat
996 2067 1075 2095 fasti-

286 2112 363 2139 diose
382 2112 540 2146 rejeclahat.
569 2113 606 2140 Ac
636 2121 791 2148 quanquam
823 2113 950 2141 amicitiae
972 2117 1075 2142 mutuae

286 2157 469 2184 contestandze
489 2165 569 2185 causa
586 2165 668 2185 unam
685 2157 806 2185 emissis
824 2159 857 2185 ab
876 2159 1000 2195 Angusto
1028 2167 1074 2186 ve-

285 2203 373 2230 stibus
393 2203 446 2230 sibi
463 2203 635 2231 circumdare
663 2204 803 2237 sustinuit,
830 2204 992 2232 brevissimo
1013 2213 1073 2232 eam

285 2248 347 2276 tulit
377 2249 477 2284 spatio,
503 2249 637 2276 familiare
656 2249 747 2277 statim
767 2258 783 2277 e
812 2251 909 2278 canina
924 2251 967 2278 vel
992 2251 1073 2278 ovina

284 2294 356 2329 pelle
371 2295 567 2322 vestimentum
585 2303 737 2327 resumens,
755 2303 789 2323 eo
809 2303 839 2323 se
869 2296 1013 2332 magnifice
1026 2305 1073 2325 os-

285 2345 404 2373 tentans,
424 2349 477 2368 nec
508 2341 609 2374 minus,
636 2346 665 2368 ut
693 2341 852 2376 apparebat,
886 2342 915 2369 in
948 2343 994 2370 illo
1021 2342 1074 2370 sibi

284 2394 365 2421 quam
381 2387 478 2421 quovis
496 2386 570 2422 regio
586 2387 781 2422 paludamento
805 2387 925 2422 placens.
941 2388 988 2416 Sic
1004 2393 1030 2416 et
1045 2388 1072 2416 in

285 2433 461 2468 operimentis
473 2433 570 2468 capitis
599 2433 672 2466 fecit,
690 2439 844 2469 opportuna
857 2438 884 2461 et
903 2434 954 2462 sibi
965 2439 1073 2462 assueta

285 2487 342 2515 prae
361 2479 494 2514 speciosis
520 2479 704 2514 prctiosisque
726 2479 841 2513 eligens.
874 2479 954 2512 Quod
974 2480 996 2507 si
1026 2479 1073 2515 qui

285 2527 343 2555 haec.
357 2527 408 2562 ipsi
422 2526 550 2554 attulerat
565 2525 634 2553 forte
650 2525 755 2560 ﬁngens
773 2525 961 2560 respondisset
983 2526 1074 2554 inesse

285 2573 319 2599 iis
351 2579 432 2608 quam
454 2571 618 2606 requirebat
642 2571 696 2598 vim
725 2571 828 2598 doloris
846 2579 879 2599 ac
907 2570 1073 2607 fatigationis

285 2619 386 2647 malive
397 2619 486 2646 omnis
508 2618 630 2653 arcendi,
659 2623 725 2646 tunc
755 2626 822 2646 sane
843 2618 888 2646 ille
906 2618 997 2646 statim
1012 2627 1074 2647 cre-

285 2665 352 2693 dens
367 2670 464 2693 cuncta
494 2665 628 2693 induisset
654 2669 913 2700 perseveranterque
928 2669 1072 2700 gestasset,

285 2720 341 2740 non
357 2719 480 2748 gemmas
496 2717 543 2739 aut
559 2713 721 2747 margaritas
738 2711 876 2743 videlicet.
897 2719 994 2739 verum
1008 2719 1074 2747 pro-

287 2759 401 2787 missam
419 2759 565 2786 utilitatem
581 2765 691 2785 curans.
710 2758 795 2785 Istum
812 2757 893 2793 igitur
908 2762 962 2785 tam
975 2761 1074 2793 poten-

287 2811 340 2831 tem
368 2803 521 2839 principem
537 2804 640 2831 habens
667 2808 791 2839 paratum
822 2804 968 2839 imperator
989 2803 1022 2831 ad
1038 2803 1075 2830 ir-

287 2851 470 2885 rumpendum
489 2851 515 2877 in
534 2851 697 2886 Bulgariam,
712 2851 819 2886 quoties
831 2851 895 2878 inde
911 2859 940 2879 se
954 2859 1075 2878 commo-

289 2895 375 2923 visset
390 2895 585 2924 Constantinus
608 2897 640 2924 ad
668 2897 863 2932 dcprmdandas
881 2902 926 2925 aut
948 2905 1073 2932 quoquo.

1127 1609 1253 1635 amittere
1266 1608 1300 1635 de
1318 1608 1454 1640 manibus.
1469 1617 1501 1636 ac
1518 1616 1553 1636 ne
1570 1609 1695 1636 umbram
1708 1609 1822 1644 quidem
1837 1610 1924 1637 ullius

1127 1662 1160 1681 ex
1176 1654 1218 1682 his
1239 1662 1325 1689 nuper
1342 1654 1486 1689 acquisitis
1511 1655 1554 1682 vel
1582 1655 1696 1683 minutae
1709 1656 1924 1684 munitiunculz

1126 1707 1245 1734 unquam
1276 1699 1359 1735 35.9
1374 1699 1499 1727 reddere.
1531 1699 1599 1728 Nam
1628 1699 1827 1728 Mesembream
1854 1701 1923 1728 olim

1126 1752 1280 1781 possessam
1308 1745 1370 1781 jure
1399 1745 1456 1781 jam
1493 1753 1544 1774 suo
1574 1754 1604 1774 se
1634 1747 1748 1782 putabat
1780 1747 1923 1779 obtinere.

1126 1792 1228 1827 quippe
1254 1792 1307 1820 sibi
1327 1792 1454 1820 donatam
1479 1800 1494 1820 a
1514 1793 1636 1828 legitimo
1655 1797 1720 1821 tunc
1733 1793 1796 1828 ejus
1809 1794 1924 1821 domino

1125 1837 1224 1865 Mvtze.

1127 1919 1154 1946 5.
1177 1918 1215 1945 De
1244 1917 1351 1953 Mylae,
1372 1922 1396 1944 et
1425 1919 1515 1980 uidit!
1541 1920 1697 1981 i'r‘nperatori
1729 1919 1925 1948 Meumbream

1484 1962 1497 1981 e
1517 1963 1554 1981 ενι
1571 1973 1578 1981 .

1484 1962 1578 1982 eaem.

1161 2024 1212 2051 Hic
1228 2031 1310 2059 porro
1322 2023 1433 2059 Mytzes.
1451 2028 1481 2050 ut
1504 2022 1586 2050 altius
1608 2028 1738 2057 repetens
1759 2023 1923 2051 distinctius

1126 2078 1184 2098 rem
1201 2077 1334 2105 exponam
1346 2090 1354 2102 ,
1383 2076 1467 2105 gener
1484 2073 1544 2096 erat
1561 2069 1659 2096 Asanis
1673 2069 1754 2096 ducta
1769 2069 1833 2104 ejus
1850 2070 1923 2101 ﬁlia.

1125 2115 1205 2150 cujus
1230 2123 1353 2143 sororem
1378 2115 1406 2142 in
1432 2114 1608 2142 matrimonio
1634 2114 1731 2141 habuit
1758 2113 1923 2142 Theodorus

1125 2161 1263 2193 Lascaris,
1278 2161 1336 2196 pari
1346 2161 1430 2188 Asani
1446 2160 1585 2188 amnitatis
1596 2159 1682 2195 gradu
1695 2159 1924 2188 admotus.Asan

1125 2212 1216 2235 autem
1232 2207 1277 2236 hic
1293 2212 1345 2240 est,
1367 2215 1448 2241 quem
1474 2206 1589 2234 historia
1610 2206 1691 2233 docet
1715 2205 1816 2233 Joanni
1840 2206 1925 2234 Ducze

1126 2254 1282 2289 imperatori
1302 2254 1407 2281 socium
1422 2252 1521 2284 fuisse,
1537 2252 1697 2288 iunctisque
1707 2259 1770 2279 cum
1785 2259 1820 2279 eo
1833 2253 1925 2288 copiis

1124 2300 1279 2328 incursasse
1289 2299 1426 2327 communi
1441 2299 1619 2334 expeditione
1627 2297 1764 2326 Occiduas
1778 2298 1925 2334 regiones,

1124 2354 1220 2382 magna
1234 2346 1323 2374 omnis
1338 2346 1480 2382 elegantiae
1504 2345 1604 2373 indicia
1620 2345 1798 2381 praebentem.
1818 2345 1856 2374 Ut
1873 2354 1925 2374 au-

1126 2397 1178 2420 tem
1197 2393 1302 2421 Joanne
1315 2393 1372 2428 jam
1389 2396 1497 2420 mortuo
1515 2391 1588 2419 Asan
1602 2399 1719 2427 regnum
1736 2391 1924 2427 Bulgarorum

1126 2440 1258 2475 Bulgarus
1272 2443 1333 2467 ortu
1349 2438 1472 2473 accepit,
1491 2437 1607 2473 contigit
1621 2444 1684 2464 eum
1708 2436 1779 2472 apud
1796 2437 1924 2472 impera-

1125 2490 1211 2513 torem
1233 2485 1383 2517 otl‘endere,
1413 2483 1597 2511 simultatibus
1624 2483 1651 2510 in
1677 2482 1780 2511 bellum
1807 2490 1924 2518 quoque

1124 2536 1248 2566 apertum
1272 2529 1527 2566 prorumpentibus,
1551 2529 1644 2557 Asane
1666 2536 1721 2556 non
1744 2527 1830 2556 semel
1857 2536 1924 2557 sua:

1125 2577 1218 2612 copias
1241 2576 1372 2604 Romanis
1396 2579 1565 2610 opponente.
1587 2573 1642 2602 Sed
1664 2578 1694 2602 et
1719 2573 1784 2601 item
1802 2573 1924 2610 contigit

1125 2630 1221 2659 parum
1239 2626 1345 2658 gratum
1359 2620 1416 2649 suis
1432 2620 1522 2656 ipsum
1538 2620 1656 2647 evadere
1673 2619 1808 2654 Bnlgaris,
1821 2619 1923 2647 multis

1125 2673 1152 2697 et
1165 2667 1309 2703 praenipuis
1326 2667 1447 2701 ipsorum
1463 2666 1488 2694 ei
1511 2665 1631 2702 graviter
1646 2664 1759 2693 offensis
1785 2664 1923 2693 infensis-

1124 2722 1188 2750 que.
1199 2713 1278 2742 Unde
1294 2713 1316 2741 is
1331 2713 1358 2740 in
1372 2712 1593 2747 perturbationes
1609 2711 1682 2739 haud
1696 2718 1792 2746 parvas
1805 2710 1923 2744 incidit,

1126 2759 1296 2795 proceribus,
1314 2766 1383 2793 quos
1402 2757 1436 2784 ab
1459 2764 1493 2784 eo
1516 2756 1684 2784 alienaverat
1704 2755 1819 2788 invidia,
1837 2755 1923 2784 incli-

1125 2804 1255 2832 nantibus
1271 2803 1304 2831 ad
1319 2802 1528 2831 Constantinum
1539 2822 1548 2834 ,
1564 2802 1705 2829 dimidium
1727 2800 1840 2837 generis
1859 2805 1922 2829 tra-

1127 2851 1236 2878 hentcm
1253 2857 1286 2876 ex
1301 2848 1404 2880 Serbis;
1421 2847 1465 2875 cui
1483 2847 1555 2874 nulla
1571 2854 1632 2874 cum
1648 2847 1737 2873 Asaue
1748 2846 1922 2882 cognatione

1123 2897 1221 2932 juncto
1237 2900 1369 2930 quantum
1394 2894 1427 2922 ad
1453 2893 1611 2928 suffragium
1630 2893 1801 2928 principatus
1819 2891 1922 2922 dcorat
