1936 3069
198 66 251 97 807

791 64 956 96 GEORGII
978 64 1219 94 PACIIYMERJE

1766 68 1820 99 803

197 122 254 149 νίου
270 122 324 157 γὰρ
337 122 479 154 ἐνστάντος
495 122 578 158 μηνὸς
601 123 748 158 ἀσυνήθεις
770 121 850 156 ψόφοι
869 121 917 157 τὴν
933 122 983 155 γῆν
996 122 1022 151 Α
1035 122 1104 148 κατά
1119 131 1177 148 τινα
1193 122 1278 158 τύχην
1294 122 1479 158 ἐπιπεσούσης
1492 122 1575 165 ἄλλης
1589 123 1820 159 συνελαμϐάνετο.

196 169 348 203 ἐτάρασσον
364 168 493 203 συνεχῶς,
505 168 551 199 οὓς
568 169 600 204 δὴ
615 168 749 203 βοασμοὺς
769 167 929 201 κοινολογῶν
944 167 981 193 εί-

197 221 242 238 ποι
262 221 314 244 τις,
345 215 393 240 καὶ
407 213 478 248 δῆλοι
504 211 574 249 ἦσαν
593 214 767 247 σημαίνοντες
780 212 855 238 ὲπιὺν
867 211 981 245 ἐγγύθεν

197 258 292 285 κακόν.
310 259 383 289 Μιᾶς
400 259 464 292 γοῦν
477 259 582 294 ἡμέρας
598 261 645 285 καὶ
660 260 851 294 συνεχέστερον
864 258 982 291 ὲπὴχουν

196 304 221 330 οἱ
237 304 327 338 κρότοι
342 305 388 330 καὶ
402 305 495 339 μεῖζον
511 304 679 340 ἢπρότερον.
696 305 757 336 Τοῖς
783 304 832 338 μὲν
857 301 903 330 οὖν
933 304 982 337 ἐμ-

197 349 317 375 πεσοῦσα
331 349 416 376 δειλία
434 349 487 381 ἐξω
500 358 555 375 που
570 351 708 375 κατοικεῖν
723 349 769 376 τοῦ
791 349 887 381 ἄστεος
912 348 982 374 ἐπει-

197 394 252 425 οεν,
270 394 306 424 ὡς
323 395 346 419 εί
361 395 439 420 πλέον
458 394 569 428 γένηται
583 395 759 427 ἁλυξείουσιν.
783 394 862 421 Ἀλλὰ
874 394 922 425 νὺξ
947 391 980 428 ἦν

196 441 373 475 ἔπιγινομὲνη
397 442 452 471 τοῖς
480 442 620 476 ήμερινοίς
650 441 763 477 ἐκείνοις
787 440 982 475 θορύϐοις,καὶ

197 486 307 520 σεισμὸς
322 486 454 519 ἐμπίπτει
472 485 554 521 βαρὺς
582 487 628 513 καὶ
652 486 706 512 τῶν
738 487 982 520 μνημονευομένων

195 531 308 565 μείζων.
328 529 382 557 Ἶιν
395 531 418 558 δ’
436 532 538 563 ἐκεῖνος
550 532 578 557 οὐ
593 532 703 566 τρόμος,
719 531 755 562 ὡς
771 531 803 558 ἄν
831 540 871 563 τις
899 532 980 564 εἴποι,

193 577 244 611 γῆς
262 576 372 603 κατὰτὸ
383 576 490 612 λέχριον
511 577 686 611 κινουμένης,
702 577 769 602 ἀλλά
799 577 870 602 κατὰ
897 585 982 610 σφυγ-

194 623 262 657 μοὺς
277 622 470 656 ἀνατιναγμὺς,
485 622 522 653 ὡς
535 624 563 649 ἐν
582 623 682 657 ἀκαρεῖ
708 623 797 649 πᾶσαν
825 622 873 656 τὴν
905 622 981 648 πόλιν

194 669 301 702 ἐκείνην
327 668 359 693 ὲκ
388 667 519 702 θεμελίων
543 667 732 702 ἀνατραπῆναι
758 669 805 694 καὶ
828 669 921 694 πεσεῖν
941 668 981 699 είς

194 712 334 747 τοῦδαφος.
350 711 427 738 υἷκοι
442 712 464 739 δ’
478 714 576 739 ἐκεῖνοι
593 715 639 739 καὶ
655 713 812 744 ἀναστάσεις
826 714 981 746 κτισμάτων

196 760 261 794 μηδὲ
276 760 306 785 τὺ
320 758 407 793 βραχὺ
421 759 591 793 ἀντισχόντες
616 759 767 785 ἐνεδίδοσαν
789 760 836 785 καὶ
869 759 982 785 κατέπι-

193 813 270 837 πτον,
283 804 580 839 ὲναπολαμῦανομένων
587 805 661 836 ἐντὸς
668 805 721 831 τῶν
732 805 891 839 ἀνθρώπων,
903 806 982 840 μηδε-

193 849 236 879 νὸς
251 848 356 883 ἔχοντος
373 849 427 883 ὅπη
443 848 534 882 φύγοι.
547 848 586 874 ιΤὸ
601 848 655 882 γὰρ
678 849 731 874 τῶν
759 848 983 883 οἰκοδομημάτων

194 894 302 928 συνεχὲς
315 895 348 928 τῇ
366 894 477 920 ἐκείνων
493 894 566 928 φυγῇ
592 893 766 925 προσίστατο,
782 896 829 920 καὶ
845 893 932 928 πολλῷ
949 891 983 929 ἦν

194 940 260 974 ῥᾷον
273 939 347 969 ἐντὸς
364 939 458 965 οἰκιῶν
479 939 627 973 ἧὲξιόντας
642 938 787 971 σώζεσθαι,
805 939 874 974 πλὴν
889 940 985 965 κάκεί-

194 993 246 1010 νων
261 984 398 1011 σωθεισῶν
410 986 441 1011 ὲκ
458 986 557 1020 μέρους
568 993 574 1000 '
587 985 646 1011 οὐδὲ
659 986 713 1020 γὰρ
730 983 764 1020 ἦν
778 985 837 1020 ἥτις
853 986 899 1011 καὶ
914 985 984 1012 κατὰ

193 1031 224 1056 τὸ
239 1031 369 1065 ἀκέραιον
394 1031 538 1063 διεγένετο.
558 1031 642 1065 ’Ἄλλη
668 1031 722 1065 γάρ
749 1030 792 1057 ἐπ’
817 1031 884 1066 ἄλλῃ
908 1032 984 1057 συνέ-

193 1084 290 1109 πιπτε,
304 1076 350 1102 kal.
366 1077 380 1102 ὁ
399 1076 500 1111 ταύτης
517 1077 652 1111 πεσούσης
668 1077 712 1103 τὸν
728 1077 848 1103 κίνδυνον
863 1077 982 1112 ἀποδρὰς

193 1157 351 1185 continuum
365 1165 372 1190 ;
387 1157 479 1192 quales
498 1157 625 1185 boasmos
650 1158 706 1185 sive
716 1160 813 1185 beatus
827 1166 888 1185 cem
904 1159 984 1194 vulgo

193 1203 309 1237 loquens
326 1203 386 1237 quis
401 1203 512 1230 dixerit.
535 1203 567 1230 lii
583 1203 712 1230 nimirum
738 1204 810 1231 clare
836 1204 983 1231 denuntia-

195 1249 259 1274 bant
273 1248 420 1274 innnincns
446 1248 556 1275 malum.
569 1248 637 1275 Cum
653 1249 693 1276 sic
706 1249 862 1284 aliquandiu
878 1249 984 1277 inferne

195 1293 338 1325 tonuisset,
360 1297 474 1326 repente
489 1293 532 1320 die
547 1294 663 1327 quadam
680 1295 786 1321 acutius
797 1301 824 1321 et
837 1295 984 1322 continen—

195 1337 250 1364 tius
262 1338 408 1365 insonuere
421 1342 509 1375 empta
524 1339 654 1369 tonitrua.
668 1347 722 1373 quo
734 1347 827 1366 eorum
839 1345 984 1375 augmento

195 1382 261 1409 moti
276 1383 385 1416 quidam
409 1383 435 1410 in
451 1374 624 1411 fo’rmidiuem
644 1384 776 1411 acriorem
798 1385 875 1412 tectis
887 1394 982 1414 excess

194 1435 300 1461 serunt,
317 1429 468 1456 diversorio
485 1435 561 1456 extra
583 1432 677 1457 urbetn
691 1431 815 1465 quwsito,
830 1436 858 1458 ut
879 1432 899 1459 si
918 1433 983 1467 quid

196 1475 259 1502 inde
274 1475 408 1503 funestius
424 1475 573 1510 ingrueret,
595 1476 708 1503 salutem
725 1476 751 1502 in
770 1481 826 1503 tuto
841 1477 983 1505 haberent.

195 1520 279 1547 Nocte
304 1529 385 1555 porro
404 1521 612 1554 superveniente
634 1522 740 1549 diurnis
764 1522 919 1557 hujusmodi
943 1529 985 1550 tu-

195 1567 326 1594 multibus
342 1571 511 1593 terminatus
530 1567 627 1594 incidit
644 1567 733 1602 gra\is
751 1573 778 1595 et
804 1569 931 1596 omnibus
951 1569 984 1596 de

195 1613 294 1640 auibus
303 1618 345 1639 est
360 1612 440 1639 fando
455 1613 575 1639 auditum
590 1606 785 1641 vehementior.
800 1613 858 1640 Non
873 1614 945 1641 enim
961 1615 984 1642 is

196 1662 254 1684 erat
265 1663 365 1684 tremor
374 1657 452 1691 quasi
464 1657 524 1691 quis
536 1657 636 1684 dixerit
647 1660 725 1685 terra:
738 1657 765 1684 in
778 1658 916 1691 obliquum
933 1665 985 1684 ηιμ

197 1703 290 1737 tantis,
308 1703 356 1730 sed
374 1704 531 1738 reciprocus
546 1704 728 1731 validissimus
750 1704 894 1739 impulsus,
912 1712 985 1732 nunc

197 1749 270 1776 \elut
286 1749 471 1777 contrahentis
491 1758 562 1783 sese,
581 1759 655 1777 nunc
676 1751 778 1786 impetu
799 1751 936 1778 contrario
956 1759 985 1778 se

196 1793 334 1821 dilatantis
351 1799 378 1820 et
389 1794 522 1828 ejicientis
533 1795 595 1822 soli.
612 1795 671 1828 Quo
686 1803 718 1823 ex
733 1797 838 1823 alterno
853 1804 982 1824 succussu

196 1839 308 1873 conligit
328 1839 482 1867 universam
513 1841 584 1867 illam
605 1846 741 1868 momento
760 1849 775 1869 a
801 1842 985 1870 fundamentis

197 1885 284 1911 everti
310 1885 509 1920 concidereque
526 1886 677 1914 civitatem.
701 1888 800 1914 Domus
817 1888 901 1921 enim,
924 1898 984 1924 (ιντο

197 1929 271 1956 iilam
286 1930 451 1964 conﬂabant,
472 1936 499 1958 et
524 1931 567 1958 illa
584 1933 728 1966 quantavis
745 1938 882 1961 exstructa
901 1935 983 1962 ﬁrmi-

198 1976 293 2003 tudine
304 1982 516 2012 cxaggerataque
527 1977 650 2010 a‘diﬁcia,
663 1978 734 2005 haud
747 1979 822 2013 paria
833 1979 984 2008 resistendo

199 2026 334 2056 prostrata
347 2027 419 2052 sunt.
436 2023 615 2057 deprehensis
629 2023 704 2050 intus
715 2024 873 2053 hominibus
885 2026 983 2054 misere

198 2068 347 2102 oppressis,
370 2067 479 2095 nemine
494 2077 547 2103 quo
566 2073 613 2096 aut
627 2077 679 2104 qua
702 2070 833 2105 eliugeret
857 2072 984 2100 habente.

1032 168 1086 194 Kal.
1101 166 1135 204 ἦν
1152 167 1248 202 ἀθρόον
1266 168 1315 203 μὲν
1334 167 1363 195 τδ
1374 169 1468 200 δεινὸν,
1496 169 1626 204 δυσχερὲς
1650 170 1678 196 δὲ
1705 170 1721 204 ἢ
1750 170 1821 197 ὥστε

1031 212 1092 239 τινὰ
1105 214 1225 247 φυγόντα
1237 213 1381 245 σώζεσθαι.
1397 214 1508 246 Πολλοῖς
1523 215 1551 241 δὲ
1569 216 1614 242 καὶ
1626 216 1692 251 ὖναρ
1705 217 1821 252 ἐπέστη,

1031 258 1056 285 οῖ
1074 258 1120 284 καὶ
1134 258 1198 294 πρὶν
1214 259 1311 293 μαθεῖν
1322 258 1352 285 τὸ
1369 259 1475 294 συμϐὰν
1496 261 1545 286 οὐκ
1567 261 1683 294 ἔφθανον
1701 262 1822 288 ἀπολλύ-

1033 313 1118 338 μενοι.
1136 305 1271 340 Παιδάρια
1287 305 1314 331 δὲ
1331 305 1376 332 καὶ
1392 305 1482 340 βρέφη
1496 304 1558 340 μηδ’
1579 307 1663 341 ἔχοντ’
1679 307 1777 335 εἰδέναι
1792 309 1823 335 τὸ

1032 351 1148 384 χαλεπὸν
1162 352 1218 382 τοῖς
1234 351 1366 383 ἐρειπίοις
1396 351 1659 385 συγκατεπνξγοντο.
1687 352 1822 384 Τοσοῦτος

1031 393 1054 419 δ’
1071 391 1104 427 ἦν
1118 395 1131 420 ὁ
1143 394 1271 428 ἐξαίφνης
1285 394 1386 424 κτύπος
1399 396 1446 420 καὶ
1459 395 1584 429 θόρυϐος.
1611 396 1682 423 ὥστε
1705 397 1753 424 καὶ
1772 398 1822 432 τῆς

1033 439 1168 474 θαλάσσης
1183 440 1425 475 ἀναῦρασσομένης
1439 440 1539 472 ἔξωθεν
1558 442 1621 473 τοὺς
1649 443 1810 478 περιγεγονό

1032 493 1080 515 τας
1093 485 1225 517 ὑπονοεῖν,
1242 486 1291 520 οὺχ
1304 485 1378 517 ὅπως
1394 486 1482 521 ἀρχὴν
1496 487 1599 514 ὠδίνων
1612 487 1655 524 [Ρ.
1672 488 1734 524 245]
1751 489 1825 515 ἐκεῖ-

1033 538 1075 561 να,
1091 530 1157 556 ἀλλὰ
1169 530 1216 557 καὶ
1228 531 1365 567 αὐτὴντοῦ
1381 534 1482 568 κόσμου
1493 532 1635 567 ἐπιστῆναι
1648 533 1804 560 συντέλειαν
1816 541 1822 548 ·

1031 575 1070 610 τῷ
1084 576 1139 610 γὰρ
1157 576 1382 610 παραθαλασσίαν
1396 578 1446 613 μὲν
1464 579 1514 612 τὴν
1526 578 1603 604 πόλιν
1619 578 1726 613 ἐκείνην
1741 577 1824 610 εἶναι,

1032 621 1116 647 δεινδν
1129 621 1157 646 δὲ
1173 622 1220 648 καὶ
1234 623 1365 657 τιναγμζν
1376 624 1505 658 ἐμπεσεῖν
1520 624 1659 658 ἐξαίφνης,
1677 624 1755 650 τόσου
1773 624 1825 658 μὲν

1033 667 1147 701 θορύϐου
1163 668 1304 701 γεγονότος
1318 669 1479 702 ἀνθρώπων,
1491 670 1570 695 τόσου
1589 669 1617 696 δὲ
1633 669 1736 695 κτύπου
1763 670 1825 695 ὲπι-

1034 714 1261 740 καταπιπτόντων
1279 714 1404 749 ἀλλήλοις
1417 715 1470 742 τῶν
1483 715 1654 749 οἰκημάτων,
1678 716 1702 741 οἰ
1719 714 1825 747 ἔξωθεν

1034 759 1192 793 εὖρεθέντες
1209 759 1340 793 μειζόνως
1352 760 1577 791 κατασεισθέντες
1593 760 1643 792 τὰς
1667 760 1753 791 ἀκοὰς
1780 759 1827 785 οὗ-

1033 804 1077 829 δὲν
1092 802 1163 838 εἶχον
1182 804 1305 830 ὑπονοεῖν
1321 804 1442 839 ἓτερονῆ
1464 804 1511 830 τοῦ
1527 806 1629 838 κόσμου
1655 805 1756 836 παντδς
1783 803 1827 835 ἐξ-

1034 849 1172 882 αφάνισιν.
1195 848 1254 873 Ἐπ’
1268 849 1317 874 οὐκ
1330 848 1420 882 ὀλίγον
1445 847 1491 875 οὖν
1504 849 1551 875 τοῦ
1578 849 1690 884 σεισμοῦ
1717 850 1825 884 κρατή-

1034 901 1140 926 σαντος,
1155 893 1193 924 ὡς
1208 893 1291 929 μηδὲν
1307 894 1393 926 ἑστὼς
1408 895 1667 930 ἐγκαταλειφθῆναι,
1685 895 1753 922 ἀλλὰ
1770 895 1828 921 πᾶν

1033 940 1062 966 τὺ
1075 939 1149 970 ἐντὸς
1167 941 1335 966 καταπεσεῖν
1355 941 1401 966 καὶ
1412 943 1475 973 τοὺς
1497 942 1658 977 ἀνθρώπους
1686 949 1828 975 συγκατα-

1033 985 1131 1019 χῶσαι,
1145 986 1219 1020 παρὰ
1232 986 1316 1020 μόνην
1330 987 1414 1022 αὐτὴν
1425 988 1474 1023 τὴν
1489 988 1637 1023 ἀκρόπολιν
1653 987 1756 1022 (ἐκείνη
1769 988 1828 1021 γὰρ

1034 1031 1080 1056 καὶ
1094 1031 1206 1064 ἀντέσχε
1228 1031 1275 1057 καὶ
1287 1033 1336 1066 οὐχ
1351 1032 1472 1068 ὑπήκουε
1489 1033 1527 1068 τῷ
1537 1034 1662 1068 σεισμῷ),
1675 1033 1782 1068 ἡμέρας
1797 1033 1828 1059 δὲ

1034 1076 1163 1111 φανείσης
1182 1077 1376 1111 συντρέχουσιν
1390 1079 1415 1104 οἱ
1433 1079 1568 1114 περίοικοι
1592 1079 1651 1114 ἃμα
1671 1078 1827 1114 μακέλλαις

1035 1155 1144 1182 dissima
1157 1163 1216 1182 sors
1231 1155 1423 1191 plerarumque
1432 1156 1517 1183 videri
1531 1156 1663 1191 potuerit,
1679 1163 1748 1190 quos
1763 1155 1830 1182 dor-

1034 1202 1160 1234 mientes,
1176 1202 1251 1229 velut
1262 1202 1340 1229 triste
1355 1202 1502 1235 somnium,
1520 1210 1594 1229 mors
1608 1202 1727 1229 invasit:
1741 1201 1828 1228 lucri-

1034 1248 1157 1274 fecerunt
1175 1248 1247 1275 enim
1270 1248 1407 1283 angustias
1432 1248 1600 1283 przeccssuri,
1625 1248 1648 1275 si
1671 1248 1826 1283 vigilarent,

1035 1293 1119 1321 fatum
1138 1298 1289 1320 extremum
1320 1300 1408 1321 metus
1434 1298 1462 1321 et
1481 1294 1679 1328 desperationis
1705 1293 1827 1321 sawissi-

1036 1349 1094 1367 mos
1109 1341 1245 1373 horrores,
1261 1340 1306 1374 qui
1327 1341 1480 1375 calamitate
1501 1341 1547 1374 im,
1560 1340 1648 1366 rovisa
1668 1340 1735 1375 citra
1761 1347 1826 1366 sen-

1035 1395 1094 1413 sum
1112 1386 1202 1413 hausti
1223 1394 1283 1413 sese
1298 1387 1387 1421 perire
1408 1387 1576 1414 nescierunt.
1599 1386 1665 1419 Quae
1689 1385 1824 1420 praecipua

1037 1433 1151 1459 felicitas
1168 1433 1325 1460 lactentium
1336 1438 1383 1460 aut
1397 1434 1516 1460 nondum
1530 1441 1576 1466 per
1589 1437 1697 1459 :ctatem
1709 1431 1826 1459 rationis

1039 1485 1194 1514 compotum
1214 1480 1388 1513 puerulorum
1405 1480 1463 1506 fuit.
1482 1479 1560 1506 Tales
1573 1479 1646 1505 cnim
1666 1477 1756 1505 obtriti
1768 1477 1826 1504 suf-

1038 1525 1154 1552 focativc
1170 1533 1250 1551 unam
1274 1525 1486 1559 experiebantur
1507 1524 1643 1551 miseriam
1667 1531 1824 1558 corporum.

1038 1571 1112 1597 nullo
1128 1572 1226 1605 prtevio
1238 1571 1428 1598 exacerbatam
1442 1579 1543 1606 angOre
1561 1571 1726 1598 animorum.
1752 1570 1826 1596 lntcr

1038 1617 1165 1644 lneccnm
1185 1617 1218 1644 ad
1238 1617 1357 1644 sonitum
1381 1617 1519 1643 ruentium
1554 1621 1699 1649 tectorum,
1718 1615 1752 1642 ad
1771 1615 1825 1642 cla-

1037 1669 1128 1689 mores
1146 1667 1174 1689 et
1191 1662 1307 1697 gemitus
1328 1662 1499 1696 pereuntium
1516 1662 1658 1688 hominum
1681 1660 1827 1687 accederet.

1038 1707 1178 1734 horribilis
1214 1707 1340 1734 fremitus
1370 1707 1479 1734 insolito
1503 1714 1611 1741 quoque
1648 1705 1728 1732 simul
1757 1710 1826 1732 aestu

1036 1751 1241 1779 eﬂerveseentis
1259 1752 1362 1784 maris,
1392 1752 1438 1786 qui
1464 1752 1553 1779 adhuc
1580 1756 1745 1786 supererant
1768 1751 1828 1777 hiec

1038 1802 1092 1825 tam
1105 1799 1237 1825 atrocium
1250 1798 1325 1824 initia
1336 1798 1459 1825 dolormu
1475 1805 1528 1825 non
1540 1798 1586 1824 nni
1602 1798 1748 1833 quantovis
1769 1797 1829 1824 usis

1038 1847 1093 1870 tato
1115 1842 1267 1870 infortunio
1300 1851 1389 1870 rerum
1417 1843 1621 1876 humanarum,
1649 1843 1697 1870 sed
1723 1843 1829 1870 ultimae

1036 1888 1263 1916 consummationi
1275 1894 1377 1915 natura:
1388 1897 1419 1916 ac
1434 1889 1527 1916 nmndi
1544 1889 1664 1916 universi
1677 1888 1830 1923 praeludere

1036 1935 1178 1969 putabant.
1202 1934 1269 1961 Cum
1295 1934 1367 1961 enim
1400 1935 1432 1962 ad
1454 1943 1528 1962 mare
1549 1934 1744 1962 tumultuosius
1769 1938 1828 1961 tum

1035 1989 1116 2015 quam
1139 1985 1218 2007 antea
1233 1988 1352 2015 unquam
1372 1981 1558 2008 intumescens
1571 1981 1623 2008 sita
1651 1980 1831 2016 Dyrrachicn-

1036 2027 1074 2054 sis
1098 2027 1164 2054 urbs
1180 2032 1264 2059 esset,
1287 2035 1404 2062 eumque
1431 2035 1463 2054 ex
1489 2027 1565 2054 urbis
1589 2027 1724 2054 universae
1753 2026 1828 2053 varia

1036 2074 1129 2106 ruina,
1152 2082 1185 2100 ex
1208 2074 1349 2101 collisione
1368 2074 1531 2102 caducarum
1549 2075 1672 2106 molium,
1688 2082 1720 2101 ev
1741 2074 1830 2109 ejula-

197 2114 264 2140 Nam
277 2114 484 2148 erumpentibus
500 2122 515 2141 e
527 2115 636 2150 proprio
647 2115 785 2143 domicilio
794 2117 923 2145 domuum
936 2127 988 2145 un-
1005 2129 1026 2156 υ
1041 2120 1114 2147 tibus
1138 2125 1374 2147 consternatorum
1400 2125 1446 2147 aut
1471 2121 1646 2147 morientium
1676 2126 1831 2148 concentus

198 2161 280 2196 dique
287 2161 400 2188 aliarum
410 2161 494 2188 ruimu
501 2162 692 2195 occurrebant,
703 2167 733 2189 ut
741 2163 900 2197 spcrabilior
907 2165 989 2200 356

200 2207 274 2234 salus
290 2208 340 2234 sub
357 2212 430 2234 tecto
444 2209 620 2235 manentibus
635 2216 714 2243 quam
736 2210 934 2244 prodeuntibus
950 2212 991 2238 vi-

200 2253 322 2280 deretur.
342 2253 395 2280 Sed
411 2258 438 2280 et
454 2254 476 2281 si
496 2262 548 2288 qua
565 2263 628 2289 pars
641 2255 770 2282 domuum
788 2261 866 2282 terra:
881 2257 992 2283 assulti-

197 2299 249 2326 bus
264 2299 408 2326 obsistcret
426 2300 608 2334 (nulla-autem
629 2299 783 2328 fuitdomus
803 2309 861 2335 qua:
871 2309 925 2328 non
937 2303 990 2329 sul-

201 2349 256 2371 tem
280 2351 312 2371 ex
333 2349 408 2379 parte
428 2345 461 2372 iis
472 2345 994 2381 dejiceretur),'sicujus,inquam,a|di-

199 2390 255 2417 ﬁcii
290 2392 442 2417 membrum
473 2391 578 2418 ﬁrmius
600 2399 654 2419 non
684 2392 893 2420 labefactaretur
925 2401 990 2419 eon-

199 2445 281 2464 cussu
311 2442 399 2469 terrae,
425 2445 543 2472 superne
560 2444 648 2464 tamen
667 2438 842 2465 ublcrebatur
864 2439 992 2466 altiornm

200 2483 228 2509 in
248 2483 347 2510 vicinia
367 2491 507 2510 murorum
523 2491 598 2511 casn.
615 2483 673 2510 Alia
689 2484 789 2518 quippe
805 2492 888 2519 super
910 2485 989 2512 aliam

201 2528 323 2555 cadendo
338 2528 527 2555 cumulabatur
545 2529 654 2560 domus,
670 2529 706 2556 ita
720 2535 747 2556 ut
765 2529 786 2555 si
800 2537 878 2563 quem
893 2531 919 2556 in
935 2530 991 2565 pri-

201 2582 246 2601 ma
257 2575 434 2602 succussione
445 2576 554 2603 iurtuna
566 2582 701 2603 servasset
711 2576 848 2611 quwdam,
865 2585 918 2603 non
931 2577 990 2603 lon—

203 2627 265 2654 gum
280 2619 307 2647 id
319 2620 482 2648 beneﬁcium
494 2626 565 2649 esset
578 2631 585 2648 :
601 2622 652 2649 alia
667 2622 740 2649 enim
755 2629 816 2649 mox
837 2622 990 2657 superinci-

201 2667 270 2694 dcns
281 2667 377 2693 domus
388 2667 501 2694 exitium
518 2668 616 2695 frustra
638 2675 746 2696 servato
767 2669 988 2703 reprmsenlabat.

202 2713 289 2746 Quam
302 2722 366 2748 ergo
380 2714 496 2741 subitum
515 2723 546 2741 ac
561 2716 719 2747 vehemens,
736 2720 789 2742 tam
814 2716 988 2744 ineluctabile

204 2761 258 2789 ulla
280 2761 316 2794 vi,
336 2762 389 2789 ulla
406 2762 467 2797 fuga
485 2763 593 2790 utabile
618 2763 718 2790 malum
732 2768 801 2795 erat,
823 2768 851 2790 ut
872 2771 988 2790 commo-

1043 2166 1168 2193 horriﬁce
1194 2166 1292 2193 mistus
1314 2166 1475 2192 innnauium
1515 2174 1644 2193 sonorum
1676 2167 1832 2200 [raporum-

1041 2220 1094 2246 que
1121 2219 1210 2238 aerem
1233 2213 1393 2247 compleret,
1417 2213 1462 2247 qui
1475 2216 1550 2239 extra
1569 2213 1764 2248 Dyrrhachium
1787 2213 1831 2240 illa

1041 2263 1122 2286 nocte
1145 2259 1265 2290 fuerunt,
1282 2259 1447 2294 accipientes
1465 2260 1589 2287 attonitis
1602 2259 1714 2287 auribus
1730 2261 1833 2287 tumul-

1043 2305 1226 2332 tuosissimant
1256 2306 1335 2333 istam
1351 2307 1540 2334 confusionem
1561 2315 1656 2334 vocum
1683 2312 1709 2334 et
1729 2307 1833 2342 strepi-

1043 2356 1118 2378 tuum
1141 2351 1422 2385 horribilissimorum,
1444 2353 1511 2379 nihil
1530 2361 1595 2380 sane
1622 2353 1756 2387 suspicari
1777 2354 1832 2380 mi-

1043 2398 1097 2424 tius
1112 2402 1236 2432 poterant
1244 2406 1324 2433 quam
1345 2399 1489 2426 advenisse
1499 2400 1579 2426 linem
1588 2399 1667 2435 357
1676 2405 1830 2426 extremum

1042 2451 1132 2470 rerum
1145 2444 1324 2470 humanarum
1335 2449 1362 2472 et
1371 2444 1479 2472 fatalem
1502 2446 1563 2472 cmli
1577 2454 1608 2472 ac
1624 2451 1701 2473 terra:
1720 2445 1831 2472 destru-

1041 2489 1125 2516 etioni
1139 2489 1221 2517 diem.
1236 2489 1290 2516 Hac
1304 2490 1429 2518 \iolentia
1443 2499 1491 2526 per
1501 2492 1619 2526 spatium
1633 2491 1762 2527 temporis
1773 2499 1828 2518 non

1041 2536 1169 2571 exiguum
1195 2542 1333 2571 grassatus
1359 2537 1387 2564 iu
1409 2538 1477 2564 urbe
1505 2543 1675 2566 tcrrtemotus
1698 2538 1766 2566 nihil
1791 2539 1829 2566 ibi

1039 2581 1095 2615 jam
1113 2581 1138 2608 in
1150 2581 1221 2615 quod
1234 2588 1357 2617 pergeret
1368 2583 1462 2610 salvire
1478 2584 1611 2619 reliqumn
1624 2585 1723 2611 fecerat
1741 2592 1830 2618 ποι-αι-

1043 2632 1083 2654 ter
1098 2635 1197 2658 arcem,
1216 2636 1281 2662 quae
1303 2637 1356 2655 una
1374 2628 1455 2656 illmsa
1483 2630 1575 2661 stetit,
1598 2629 1689 2658 omnia
1714 2630 1829 2657 aedilicia

1041 2673 1158 2708 collapsa
1175 2681 1271 2701 omnes
1290 2674 1317 2701 in
1345 2675 1378 2702 iis
1399 2682 1521 2710 repertos
1547 2677 1671 2704 homines
1693 2675 1832 2704 communi

1040 2719 1389 2753 sepulcrotumulaverant.
1414 2722 1478 2749 Eam
1500 2722 1630 2757 tragicam
1652 2722 1696 2750 ubi
1721 2723 1772 2748 late
1786 2729 1831 2747 os-

1039 2765 1124 2792 tendit
1138 2765 1224 2792 ocuhs
1238 2766 1354 2800 speciem
1366 2772 1442 2795 ortus
1457 2767 1520 2800 diei,
1535 2776 1595 2800 nunc
1611 2773 1663 2795 tam
1677 2768 1761 2795 diram
1773 2767 1832 2794 exi-
