1936 3069
87 128 144 159 809

596 129 645 159 DE
664 128 859 159 MICIIAELE
879 126 1113 158 PALEOLOGO
1133 127 1208 157 LIB.
1229 127 1263 157 V.

1672 127 1724 158 810

86 189 116 209 τε
130 184 176 209 καὶ
188 181 385 219 δικέλλαιςὲκαὶ
400 182 482 209 παντὶ
504 182 544 217 τῷ
565 184 744 219 προστυχόντι
770 184 880 218 ὀργανῳ
894 184 916 211 Α
931 182 986 213 λος,
1001 182 1118 209 ἔκπαλαι
1129 182 1175 208 τὸν
1190 180 1290 216 Μαφρὲ
1304 180 1563 216 καταγωνισάμενος
1576 201 1582 211 .
1602 181 1630 208 ὲν
1647 181 1722 218 ἀκμῇ

86 227 156 263 πρὸς
169 227 272 262 ὀρυγὴν
283 227 429 262 χρώμενοι,
446 228 493 254 καὶ
522 229 721 264 προσπεσόντες
752 229 882 264 ὤρυττον,

87 273 129 300 ἶνα
143 273 208 307 γοῦν
227 273 273 299 καί
288 281 343 299 τισι
354 273 539 308 ταλαιπώροις
554 273 594 300 ἔτι
611 273 694 306 ζῶσιν
711 273 883 310 ἀπαμύναιεν

85 320 133 346 τοῦ
154 319 290 350 κινδύνου,
303 319 333 345 τὸ
353 319 382 346 δὲ
397 319 478 347 πλέον
490 319 527 350 ὡς
539 320 572 347 ἂν
593 321 642 347 καὶ
655 320 770 347 πλοῦτον
784 329 884 347 παντο-

86 365 174 392 δαπὸν
195 366 400 400 ἐκφορήσαντες
416 367 472 397 τοῖς
497 366 628 402 ἐρεὶπὶοις
655 367 882 393 κατασπασθέντα

87 411 217 441 λαεὸντες
240 411 328 446 ἔχοιεν
343 420 350 426 ·
367 412 428 438 τότε
451 412 504 447 γὰρ
521 413 576 443 τοῖς
588 413 732 447 πράγμασι
757 412 811 438 τῶν
836 421 884 438 πε-

89 458 191 483 σόντων
207 458 251 483 καὶ
266 458 290 482 οἱ
306 456 470 492 κληρονόμοι
480 458 704 491 συγκατεδύοντο,
725 458 772 484 καὶ
787 459 800 484 ὁ
816 458 883 491 λαγ-

87 503 182 538 χάνειν
196 503 246 534 τὰς
260 503 371 537 ἐξούλης
386 503 465 535 δίκας
481 504 598 536 ὲκείνοις
611 504 661 530 οὑκ
673 502 717 539 ἦν.
739 504 798 538 Ἐφ’
813 505 883 539 ἡμέ-

89 558 151 584 ραις
166 549 212 575 οὖν
224 549 297 575 ἅπαν
309 549 340 576 τι
351 549 464 583 γεγονὸς
476 550 516 581 εἰς
530 550 628 583 ἔδαφος
655 551 882 584 κατασκάᾴαντες

88 595 136 621 καὶ
153 595 268 629 χρυσοῦν
282 595 437 631 ἀμήσαντες
465 595 544 630 θέρος
575 596 698 623 Ἀλϐανοί
724 605 753 622 τε
783 597 830 622 καὶ
856 597 881 623 ot

90 639 236 673 περίοικοι,
252 639 290 671 ὡς
304 640 388 675 ἄμαις
403 640 540 675 χρώμενοι
554 642 614 672 ταῖς
639 641 786 672 δικέλλαις,
805 641 882 673 τέλος

87 683 190 719 ἔρημον
203 685 300 719 ἀφιᾶσι
310 685 359 719 τήν
374 694 439 711 ποτε
453 686 530 712 πόλιν
546 686 664 719 ἐκείνην,
678 686 881 722 γνωριζομένην

88 730 215 764 σημείοις
232 730 303 756 τισὶν
317 730 460 766 ἀμυδροῖς,
478 732 506 757 ὲν
519 731 578 758 οὖσι
605 731 826 768 καταλεγομένην
849 734 880 759 οὐ

87 776 126 810 τῷ
144 774 226 806 εἶναι,
244 775 312 801 ἀλλὰ
329 777 402 812 μόνῳ
421 778 460 809 τῷ
476 776 667 811 ὀνομάζεσθαι.
691 777 721 805 Ὀ
735 777 758 805 δ’
774 779 881 813 ἐκείνης

86 821 231 856 ἀρχιερεὺς
246 822 368 857 Νικήτας
385 823 507 858 εὑρεθεὶς
528 823 652 855 κάκεῖνος
670 823 708 858 τῷ
731 825 806 858 τότε,
835 825 880 851 καὶ

936 225 970 263 ἦν
987 228 1041 254 τῶν
1059 228 1119 254 καθ’
1136 227 1217 254 αὑτὸν
1245 228 1428 263 πραγμάτων,
1463 228 1511 254 καὶ
1535 227 1602 254 νεῶν
1633 236 1724 263 παρα-

937 274 1048 304 σκευαῖς
1061 273 1194 300 πλείστων
1211 272 1405 307 ἐμεγαλύνετο,
1422 271 1567 303 ἔκσπονδος
1583 271 1620 298 ὣν
1648 273 1726 306 βασι-

935 321 976 346 λεῖ
1005 321 1039 347 τὰ
1064 320 1176 347 πλεῖστα
1204 320 1248 346 ἐπ’
1272 320 1373 350 αἰτίαις
1385 319 1438 345 τῶν
1455 319 1615 345 Βαλδουΐνο)
1630 318 1726 344 συναλ-

935 367 1094 401 λαγμάτων,
1111 367 1148 398 ὠς
1164 365 1287 392 ἐντεῦθεν
1303 367 1347 392 ἐπὶ
1361 367 1393 400 τῇ
1406 365 1592 391 πόλειοῑεσθαι
1607 363 1725 390 δικαιοῦ-

936 412 1008 439 σθαι.
1025 411 1220 447 Παρεσκεύαζε
1244 411 1292 445 μὲν
1316 411 1363 438 καὶ
1389 411 1419 437 τὸ
1448 410 1575 436 ναυτικὸν
1601 410 1727 436 πλεῖστον

934 460 1006 492 ὅσον,
1020 458 1069 485 καὶ
1082 458 1190 492 σώμασι
1207 458 1255 484 καὶ
1269 457 1361 487 ὅπλοις
1377 457 1422 483 καὶ
1441 457 1565 492 χρήμασι
1599 456 1728 490 συνεκρό-

933 509 974 527 τει
987 510 993 517 ’
1014 501 1044 528 οὐ
1059 501 1137 536 μόνον
1150 501 1189 534 δὲ,
1204 501 1270 527 ἀλλὰ
1278 501 1324 527 καὶ
1339 501 1383 527 τὸν
1396 502 1511 527 πάππαν
1529 501 1726 536 προσελιπάρει

935 549 982 574 καὶ
1001 548 1110 582 θερμῶς
1124 548 1213 575 ἐδέετο
1228 548 1334 582 ἐφεῖναι
1352 549 1377 574 ol
1389 548 1439 582 τὴν
1459 548 1529 574 κατὰ
1553 548 1603 582 τῆς
1622 548 1727 578 πόλεως

933 593 1122 627 ἐκστρατείαν,
1139 593 1176 623 ὡς
1192 593 1238 618 καὶ
1254 593 1340 624 ἄλλως
1358 592 1462 618 δίκαιον
1476 592 1506 619 ὃν
1521 593 1612 627 ζητεῖν
1624 592 1658 619 τὰ
1671 592 1726 618 τῶν

934 640 1037 666 παίδων
1052 639 1144 671 αὑτοῦ,
1160 639 1202 674 ἐφ’
1213 639 1253 671 οἷς
1275 640 1352 674 σφίσι
1370 640 1545 675 συμφωνοῦσι
1569 640 1615 666 καὶ
1629 641 1645 675 ἠ
1664 638 1728 666 Ἕκ-

934 685 1034 721 κλησία
1053 686 1160 721 συνῄνει
1177 686 1224 712 καὶ
1240 687 1382 722 συνεργεῖν
1395 686 1428 713 τὰ
1444 686 1561 721 μέγιστα
1588 687 1728 722 ὑπισχνεῖ-

934 740 973 758 το.
993 732 1048 759 Καὶ
1065 732 1079 758 ὁ
1096 733 1146 766 μὲν
1162 733 1189 759 ὲν
1205 734 1310 764 τούτοις
1325 731 1370 768 ἦν,
1385 733 1417 759 ὲκ
1433 732 1532 759 πολλοῦ
1552 741 1728 769 παρασκευα-

934 777 1065 813 ζόμενοςο
1088 779 1103 804 ὁ
1122 778 1150 805 δὲ
1174 778 1300 813 βασιλεὺς
1330 779 1461 813 ἀνέριστα
1485 780 1519 806 τὰ
1534 780 1604 815 πρὸς
1624 781 1728 806 ἐκεῖνον

933 823 1119 858 διαγινώσκων
1152 825 1199 851 καὶ
1223 825 1253 851 τὺ
1269 825 1323 851 τεᾶν
1354 825 1481 860 ἀδήριτα,
1507 826 1548 852 ὃτι
1581 826 1627 853 καὶ
1649 826 1727 853 πλεί-

86 868 234 902 φυλαχθεὶς
251 869 313 903 μὲν,
329 869 389 895 ἀλλ’
405 870 433 895 ἐν
448 869 554 902 πολλοῖς
576 871 631 896 τῶν
652 870 742 905 μελῶν
753 872 787 897 τὰ
812 871 882 906 σύμ-
895 863 918 892 Β
934 877 1010 900 erat;
1038 870 1086 904 μὲν
1114 871 1174 902 ταῖς
1204 871 1299 896 ναυσὶν
1331 871 1489 905 ἐξηρτύετο,
1522 871 1612 906 πολλῷ
1637 871 1728 899 δὲκαὶ

85 915 151 940 δολσ.
167 913 213 940 τοῦ
234 915 357 942 κινδύνου
382 916 484 951 φέρων,
516 917 619 951 πικρὰν
647 917 708 944 ἰδὼν
738 918 881 953 συμφορὰν

85 960 132 985 καὶ
150 960 182 994 ἣν
196 959 287 994 ἥκιστ’
301 961 334 987 ἄν
346 969 386 992 τις
404 961 450 988 καὶ
460 962 648 996 προσεδόκησε
659 962 778 994 πώποτε,
793 963 881 990 κατά-

86 1005 168 1039 φοϐος
181 1006 288 1040 φεύγει,
305 1007 384 1040 ἀφεὶς
402 1006 505 1042 ἔρημον
517 1008 566 1043 οὐχ
586 1008 683 1035 ἑαυτοῦ
696 1009 787 1042 μᾶνον,
813 1010 881 1037 ἀλλὰ

86 1053 134 1078 καὶ
147 1052 201 1078 τῶν
213 1052 316 1087 ταύτης
331 1053 448 1080 ἐποίκων
469 1055 516 1080 καὶ
529 1054 643 1086 κάλλους
661 1056 818 1090 κτισμάτων
834 1056 880 1082 καὶ

86 1099 260 1133 πραγμάτων
278 1098 370 1126 αὐτῶν
385 1099 435 1135 τὴν
448 1099 630 1135 μητρόπολιν.

83 1155 121 1190 η’.
142 1156 179 1183 Τὰ
199 1156 275 1183 κατὰ
292 1156 345 1183 τὸν
363 1156 443 1191 ρῆγα
457 1157 623 1191 Κάρουυίον,
644 1158 692 1185 καὶ
711 1158 792 1192 ὅπως
809 1161 880 1187 στό-

362 1195 420 1219 λον
437 1192 608 1225 ἐξηρτύετο.

120 1235 164 1273 [Ρ.
179 1236 323 1274 2441Τότε
337 1238 427 1264 τοίνυν
440 1238 487 1265 καὶ
510 1239 524 1265 ὀ
547 1239 597 1274 ρὴξ
630 1239 747 1272 Πουλίας
771 1241 879 1275 Κάρουη

85 1325 157 1359 cepit
184 1328 302 1356 noctem,
317 1331 516 1353 concurrerunt
527 1333 559 1352 ex
574 1328 644 1361 agris
658 1328 779 1363 undique
795 1336 876 1364 quam

84 1371 204 1398 maximo
224 1379 351 1404 numero,
366 1372 483 1406 sumptis
497 1374 522 1398 in
548 1374 675 1400 manibus
695 1374 830 1409 ligonibus
851 1381 879 1403 et

86 1418 183 1445 marris
199 1418 328 1452 omnique
354 1422 433 1445 terra:
448 1419 586 1446 inurendas
604 1427 667 1453 apio
683 1420 876 1452 instrunmento.

85 1464 157 1498 quod
175 1464 273 1498 cuique
289 1465 315 1491 in
328 1472 439 1491 manum
454 1466 587 1500 quaerenti
603 1472 723 1494 venerat.
744 1467 811 1495 Cum
835 1470 877 1496 his

85 1518 213 1537 acervum
228 1510 303 1537 illum
325 1511 470 1538 immanem
485 1512 636 1546 ruinarum,
650 1514 695 1548 qui
710 1514 797 1549 pridie
812 1516 878 1543 urbs

86 1556 182 1588 fuerat,
198 1557 317 1591 undique
340 1558 460 1592 aggressi
483 1558 575 1586 fodere
593 1565 745 1594 cmperunt.
760 1561 817 1589 sive
836 1571 881 1589 ur-

87 1608 166 1639 gente
181 1604 327 1635 cinritate,
342 1605 364 1631 si
381 1613 460 1640 quem
483 1605 552 1633 forte
578 1606 706 1633 miserum
719 1609 808 1636 adhuc
824 1610 880 1644 spi-

84 1656 188 1678 rantem
201 1652 272 1678 inter
280 1657 338 1678 ruta
351 1656 377 1678 et
389 1652 613 1680 cresadirutarum
637 1654 734 1681 :ediltm
744 1655 880 1683 vindicare

87 1697 245 1724 abinterltu
269 1703 390 1731 possent,
407 1697 474 1728 sive.
496 1706 556 1733 qua:
584 1700 699 1726 maxima
718 1707 779 1734 pars
809 1707 879 1732 erat,

86 1743 216 1770 instinctu
241 1751 328 1770 avara:
343 1744 510 1778 cupiditatis,
535 1750 563 1772 ut
581 1749 619 1771 tot
637 1745 747 1773 divitias
764 1747 802 1774 ibi
816 1756 878 1774 cum

86 1790 288 1823 possessoribus
311 1790 432 1824 sepultas
452 1798 502 1817 nec
515 1791 597 1818 alium
617 1793 671 1826 jam
691 1793 823 1821 habentes
841 1794 879 1821 le-

86 1835 208 1871 gitimum
232 1835 379 1868 haeredem,
401 1835 521 1863 dominis
537 1845 598 1864 cum
623 1838 714 1864 sobole
731 1842 758 1865 et
779 1846 878 1870 cogna-

87 1882 158 1908 tione
180 1881 305 1908 universa
328 1881 432 1916 pariter
446 1883 684 1915 occumbentibus,
702 1884 728 1910 in
749 1893 813 1912 suos
827 1886 877 1920 ipsi

85 1935 151 1955 usus
164 1928 312 1957 auferrent,
329 1928 417 1955 securi
439 1927 590 1955 fcrensium
608 1929 737 1956 tricarum
755 1940 803 1958 nec
822 1940 878 1959 mc-

86 1978 194 2001 tuentcs
211 1973 384 2000 interdictum
400 1974 470 2001 unde
483 1974 518 2000 vi.
540 1974 590 2002 llic
606 1975 708 2010 aliquot
722 1976 826 2004 dierum
841 1978 879 2005 la-

84 2020 135 2048 b=r
161 2021 222 2053 fuit,
247 2027 301 2054 quo
326 2021 370 2047 illa
393 2022 526 2048 versando
550 2023 749 2058 scrutandoque
769 2025 877 2052 evoluta

85 2075 99 2093 c
112 2067 228 2100 ingeries
241 2072 267 2093 vt
277 2067 303 2093 in
318 2075 397 2094 uuam
408 2073 545 2102 utcunque
559 2074 691 2103 :equatam
705 2071 876 2106 complanata

85 2112 258 2146 superﬁciem
274 2116 326 2138 est.
342 2111 378 2138 Ex
401 2119 434 2138 eo
457 2112 534 2139 inulti
560 2120 656 2147 campo
675 2121 814 2142 mcssuere
835 2124 877 2142 se-

85 2163 173 2194 getem
194 2158 461 2193 auream,ligonibus
477 2159 517 2185 usi
539 2159 596 2185 vice
609 2159 729 2191 falcium,
744 2161 878 2188 Albanitze

84 2205 231 2239 ceterique
242 2204 344 2231 circum
361 2204 523 2238 habitantes,
538 2205 701 2241 drmumque
714 2215 775 2234 cum
789 2208 876 2242 pra‘dn

84 2251 245 2278 rvccdeutes
271 2251 351 2285 plane
373 2251 509 2277 desertam
531 2251 699 2285 reliquerunt
717 2253 789 2280 illam
813 2254 876 2280 olim

82 2298 189 2327 urbem.
206 2297 250 2324 ubi
269 2297 350 2324 fuerit
367 2297 453 2331 signis
468 2305 539 2324 nunc
555 2302 657 2324 tantum
672 2298 788 2326 exilibus
804 2307 880 2326 mou-

83 2350 228 2376 strantem,
242 2344 268 2370 in
280 2343 393 2370 urbibus
403 2348 544 2370 numerata
551 2352 575 2369 ιιι
590 2344 658 2370 dicis
669 2348 773 2372 tantum
785 2353 878 2374 causa.

82 2397 109 2418 ct
124 2391 237 2418 nomine
251 2394 341 2420 tenus,
357 2397 418 2416 cum
441 2390 522 2416 modo
543 2390 607 2417 urbs
631 2397 684 2417 non
711 2390 757 2418 sit.
771 2391 803 2418 At
821 2392 879 2425 eius

81 2442 197 2464 ant-stes
212 2436 322 2463 Nicctas
349 2444 420 2463 unus
433 2441 604 2470 repertarum
633 2437 704 2464 inter
727 2437 831 2468 ruinas.
852 2443 879 2465 et

81 2492 93 2510 ε
112 2489 206 2510 rvalus
228 2487 366 2516 superstes
386 2482 430 2509 ille
445 2482 566 2517 quidem,
587 2488 716 2510 castorum
740 2483 766 2510 in
788 2484 881 2511 multis

81 2530 262 2559 cicatricibus
285 2529 397 2564 reliquis
409 2537 441 2556 ex
458 2529 544 2564 plagis
560 2537 629 2564 quas
640 2530 739 2564 illapsu
752 2538 879 2557 saxorum

82 2579 277 2613 t‘gnorumque
295 2581 451 2610 acceperat,
473 2576 608 2603 luculenta
622 2576 734 2611 vestigia
747 2576 880 2603 mirabili-

80 2629 88 2650 1
102 2633 122 2651 -r
137 2623 213 2650 vitali
224 2621 551 2658 periculicircuml‘erens,
569 2622 699 2649 memoria
716 2622 772 2656 ipsa
784 2622 879 2654 cladis,

80 2679 162 2706 quam
174 2670 280 2697 viderat
304 2673 331 2696 et
346 2673 469 2696 senserat
487 2669 650 2696 atrociorem
659 2664 741 2704 358
755 2669 881 2704 opinione

81 2718 168 2750 omni,
185 2716 328 2752 perculsus
342 2716 411 2743 adeo
426 2721 465 2742 est
481 2722 510 2742 ut
521 2715 611 2742 locum
628 2715 726 2751 fugerit
740 2716 880 2743 necsusti-

82 2764 172 2790 nurrit
191 2763 320 2790 insistere
339 2762 462 2796 sepulcro
477 2769 531 2789 suae
552 2762 722 2797 metropolis,
739 2770 819 2797 quam
834 2770 880 2789 or-

81 2811 172 2838 batam
189 2809 308 2838 civibus.
325 2816 426 2836 corona
440 2808 571 2836 moenium
589 2813 616 2836 et
631 2808 809 2836 aediﬁciorum
822 2808 879 2836 ele-

81 2857 204 2893 gantium
227 2855 303 2884 omni
326 2858 424 2882 ornatu
438 2874 445 2886 ,
466 2854 566 2888 opibus
589 2862 697 2889 quoque
722 2854 878 2889 spoliatam,

268 2904 406 2934 Pamon.
421 2904 468 2934 Gn
502 2902 621 2941 CXLIII

933 914 972 949 τῷ
1005 915 1075 941 κατὰ
1114 916 1166 951 γῆν
1200 915 1306 951 πεζικῷ
1340 916 1384 942 διὰ
1411 917 1576 952 Βρεντησίου
1606 926 1727 952 περαιω-

933 960 1083 994 Θησόμενος
1098 961 1138 992 εἰς
1154 961 1185 987 τὸ
1202 961 1249 987 τοῦ
1279 962 1433 996 Δυρραχίου
1460 962 1590 994 ἐπίνειον,
1621 963 1725 998 ἐρήμου

932 1006 1033 1041 ὄντοςῆ
1049 1007 1097 1032 καὶ
1114 1007 1216 1040 μᾶλλον
1229 1007 1295 1042 παρ’
1312 1007 1417 1034 ἐκείνου
1435 1008 1629 1043 κατεχομένου,
1642 1009 1682 1040 είς
1696 1009 1726 1035 τδ

932 1053 1127 1087 ἀνακτισθῆναι
1143 1053 1324 1088 χρησόμενος,
1341 1054 1379 1085 ὡς
1401 1054 1520 1088 ἐλέγετο,
1548 1055 1660 1086 δυνατὸς
1678 1052 1725 1091 ἦν,

931 1098 1079 1124 κὶντεῠθεν
1097 1099 1185 1125 διττὸν
1208 1099 1342 1134 ᾠκονόμει
1369 1099 1399 1126 τὸ
1432 1101 1601 1135 στράτευμα,
1637 1101 1726 1132 ἄλλως

931 1144 1002 1177 ἔγνω
1014 1145 1063 1180 τὴν
1079 1145 1146 1179 πρὸς
1168 1146 1272 1171 ἐκεῖνον
1292 1145 1382 1180 μάχην
1402 1146 1656 1180 μεταχειρίσασθαι.
1670 1146 1725 1173 Καὶ

931 1189 961 1222 δὴ
984 1190 1112 1221 πολλάκις
1127 1190 1176 1224 μὲν
1194 1190 1243 1216 οὐκ
1261 1190 1341 1222 ἰδίους
1357 1191 1473 1225 πέμπων
1491 1190 1566 1225 παρὰ
1582 1191 1627 1218 τὸν
1648 1192 1725 1218 πάπ-

931 1243 984 1261 παν
1001 1236 1041 1268 (οὔ
1054 1235 1110 1270 γὰρ
1127 1235 1237 1262 ἐδύνατο
1251 1236 1358 1262 ἐκείνου
1379 1237 1448 1263 κατὰ
1476 1237 1560 1272 θύρας
1583 1237 1726 1264 ἁπαντῶν-

930 1327 987 1353 lucc
999 1326 1031 1353 ad
1046 1332 1198 1354 extremum
1210 1326 1252 1354 sui
1264 1326 1383 1362 pastoris
1394 1327 1515 1354 accessio
1525 1327 1637 1363 reliquit
1646 1327 1725 1363 plane

928 1373 1088 1400 desolatam.

982 1442 1008 1468 8.
1033 1441 1069 1468 De
1092 1450 1151 1476 rege
1173 1440 1282 1474 Carolo,
1299 1446 1326 1468 ut
1345 1442 1366 1469 is
1380 1441 1492 1469 classem
1514 1444 1669 1470 armaverit.

969 1509 1024 1536 "ac
1041 1513 1202 1544 tempestate
1223 1509 1331 1536 fortuna
1350 1509 1421 1545 regis
1438 1510 1542 1545 Apulia:
1555 1510 1656 1545 Caroli,
1676 1511 1724 1547 qui

932 1557 1095 1592 jampridem
1113 1555 1282 1582 Manl‘redum
1301 1556 1495 1589 debellaverat,
1513 1556 1539 1583 in
1557 1557 1623 1585 ﬂ0re
1642 1562 1725 1593 atque

934 1603 1010 1638 apice
1022 1601 1161 1629 felicitatis
1181 1607 1248 1628 erat.
1280 1603 1309 1628 In
1339 1602 1435 1636 primis
1466 1608 1599 1637 apparatu
1619 1603 1724 1639 ingenti

933 1650 1023 1677 navali
1037 1654 1134 1684 potens
1146 1654 1173 1675 et
1185 1649 1373 1676 formidandus
1387 1649 1549 1677 habebatur.
1569 1651 1661 1678 Palam
1673 1660 1723 1679 au-

933 1701 987 1723 tem
997 1703 1026 1723 se
1034 1695 1137 1722 ferebat
1146 1695 1282 1722 infensum
1293 1695 1451 1730 imperatori
1460 1697 1494 1723 ob
1502 1697 1659 1724 societatem
1668 1698 1725 1725 afﬁ-

931 1742 1016 1769 nitate
1030 1742 1162 1768 ﬁrmatam
1178 1750 1238 1775 qua:
1251 1742 1300 1776 ipsi
1311 1750 1371 1769 cum
1384 1743 1516 1770 Balduino
1525 1744 1722 1773 intercedebat.

930 1787 980 1815 Cui
994 1787 1069 1814 velut
1082 1787 1125 1822 ius
1140 1787 1326 1814 vindicaturus
1345 1787 1499 1822 pristinum,
1516 1790 1721 1824 expeditionem

932 1833 959 1860 in
976 1833 1069 1860 urbem
1084 1832 1345 1868 Constantinopolim
1362 1834 1520 1867 adornabat,
1536 1841 1673 1870 navesque
1688 1837 1722 1864 ad

931 1880 957 1906 id
973 1883 1000 1907 et
1013 1879 1172 1914 praevalidas
1186 1883 1213 1906 et
1229 1880 1359 1914 plurimas
1373 1885 1400 1907 et
1416 1885 1472 1908 tum
1489 1882 1651 1916 corporibus
1666 1888 1722 1910 tum

930 1925 1013 1953 armis
1035 1928 1091 1951 tum
1107 1925 1214 1952 caeteris
1228 1925 1340 1953 utilibus
1352 1927 1384 1953 ad
1394 1935 1506 1962 scopum
1522 1928 1604 1955 rebus
1630 1929 1724 1964 copio-

930 1970 1037 1998 sissime
1071 1969 1219 1997 instructas
1244 1977 1417 2006 compararat
1447 1976 1475 1999 et
1497 1980 1721 2009 congregaverat.

930 2018 1021 2052 beque
1032 2018 1075 2045 his
1091 2023 1259 2045 contentusa
1271 2018 1343 2053 Papa
1361 2019 1442 2046 etiam
1458 2021 1567 2054 petebat
1580 2026 1606 2048 et
1624 2023 1722 2048 arden-

930 2065 1003 2092 tibus
1014 2065 1133 2091 instabat
1150 2065 1288 2098 precibus,
1305 2069 1333 2092 ut
1344 2065 1657 2101 Constantiuopolitanm
1668 2069 1720 2095 ltu-

927 2110 1047 2145 jusmodi
1067 2109 1251 2144 expeditionis
1280 2115 1376 2137 :mctor
1402 2112 1460 2145 ipse
1481 2112 1558 2139 [ieret
1575 2120 1658 2147 seque
1674 2113 1720 2141 isti

930 2156 1039 2191 negotio
1057 2155 1206 2189 praeﬁceret
1221 2164 1228 2182 :
1245 2155 1356 2191 dignum
1386 2157 1458 2184 enim
1477 2165 1538 2185 esse
1557 2158 1583 2185 id
1606 2159 1719 2192 bellum,

931 2213 985 2240 quo
1002 2203 1129 2232 videlicet
1145 2205 1290 2238 repetenda
1308 2204 1425 2232 ﬁliorum
1441 2206 1500 2240 ejus
1515 2210 1588 2234 esset
1605 2208 1722 2236 lueredi—

932 2257 982 2285 tas,
1014 2253 1085 2287 quod
1109 2253 1195 2280 l‘alris
1224 2252 1378 2280 communis
1403 2254 1514 2281 nomine
1535 2255 1721 2290 auspiciisque

931 2303 1080 2333 gereretur.
1098 2298 1126 2325 In
1154 2307 1215 2333 quae
1242 2298 1296 2325 illis
1321 2299 1571 2333 consentientibus,
1599 2300 1721 2329 Ecclesia

931 2351 1039 2378 quoque
1056 2343 1200 2370 consilium
1216 2343 1349 2377 probavit,
1371 2348 1398 2370 et
1412 2351 1618 2378 cooperaturam
1642 2354 1670 2373 se
1687 2347 1721 2374 ad

932 2389 1058 2416 cﬂ‘ectum
1073 2393 1195 2416 votorum
1209 2397 1289 2424 quam
1308 2395 1397 2423 posset
1430 2390 1549 2418 maxime
1580 2393 1720 2426 promisit.

933 2435 979 2463 His
993 2441 1058 2464 tunc
1074 2436 1208 2471 agitandis
1223 2436 1455 2470 conﬁciendisque
1467 2437 1589 2465 intentus
1605 2439 1722 2466 Carolus

932 2488 1000 2510 erat.
1019 2482 1169 2517 Imperator
1183 2491 1247 2510 vero
1263 2491 1375 2518 prorsus
1393 2484 1525 2518 imparem
1545 2492 1575 2511 se
1596 2486 1720 2513 sentiens

932 2529 976 2556 isti
988 2529 1149 2556 sustinendo
1166 2529 1245 2562 bello,
1269 2537 1320 2556 nec
1346 2529 1494 2564 quidquam
1511 2531 1640 2558 dubitans
1654 2532 1721 2566 quin

932 2575 1122 2603 succumberet
1148 2574 1268 2602 Romana
1289 2583 1342 2606 res,
1362 2576 1386 2603 si
1401 2580 1496 2603 contra
1517 2585 1577 2604 eam
1607 2578 1722 2606 Carolus

932 2622 1043 2649 duceret
1060 2626 1117 2648 tum
1146 2621 1228 2652 illam.
1249 2622 1282 2649 de
1311 2630 1362 2656 qua
1380 2622 1446 2655 dixi,
1477 2623 1720 2653 instructissimam

931 2669 1057 2700 classem,
1078 2671 1134 2694 tum
1150 2667 1231 2695 simul
1249 2666 1440 2700 fortissimum,
1458 2678 1539 2704 quem
1553 2671 1617 2698 item
1640 2679 1722 2706 para-

932 2721 1019 2749 verat,
1032 2719 1190 2742 tcrrestrem
1211 2715 1373 2747 exercitum,
1393 2716 1547 2744 Brundusio
1562 2718 1589 2744 in
1604 2718 1722 2753 Dyrrha-

931 2762 987 2790 chii
1010 2761 1105 2789 navale
1119 2762 1173 2796 jam
1198 2769 1313 2788 vacuum
1347 2767 1375 2788 et
1395 2763 1541 2798 occupanti
1567 2765 1721 2799 expositum

932 2817 1004 2838 mox.
1025 2812 1107 2843 prout
1121 2808 1316 2838 destinaverat.
1334 2807 1417 2842 359
1437 2809 1650 2843 deportandum.
1675 2810 1721 2837 Bi-

932 2855 1026 2883 fariam
1042 2853 1115 2883 enim
1134 2853 1186 2880 isto
1200 2853 1281 2880 modo
1308 2853 1403 2888 partiri
1424 2855 1518 2889 copias
1543 2855 1655 2883 Carolus
1672 2856 1706 2883 de
