1936 3069
113 141 170 176 8Ξ5

600 143 649 173 DE
668 143 862 173 MICHAELE
882 145 1120 176 PALKEOLOGO
1139 146 1211 176 LIB.
1234 147 1265 176 V.

1700 146 1754 178 8°26

116 204 199 229 καλὸν
218 202 267 237 μὲν
283 201 376 236 ἔλεγον
393 201 443 236 τὴν
467 201 581 237 εἰρήνην
595 198 665 227 εἶναι
677 222 684 233 ,
714 202 762 228 καὶ
781 202 840 233 πῶς
855 202 909 237 γὰρ
923 203 949 233 Α
962 204 1081 238 πὸμεθα,
1100 203 1138 235 ὥς
1164 203 1201 239 μὴ
1229 203 1311 230 καλὸν
1337 203 1426 235 ἄλλως
1452 203 1482 230 ὃν
1500 203 1561 238 μηδ’
1585 203 1705 238 ἀσφαλὲς
1723 205 1753 230 τὸ

118 249 169 282 of);
187 250 234 276 καὶ
252 249 353 283 μᾶλλον
370 247 546 282 Ἑκκλησίαις
563 247 714 280 τοιαύταις,
727 247 851 282 κεφαλῆς
865 248 911 275 λό-

118 303 167 329 γον
182 295 309 329 ἐχούσαις
325 295 382 325 τοῖς
400 293 440 329 [Ρ.
455 293 520 330 255]
536 293 706 329 ὁπουδήποτε
720 293 768 320 τοῦ
784 294 912 330 εἱρηνάρ-

117 349 169 376 χου
188 340 308 374 Χριστοῦ
331 339 477 375 μαθηταῖς,
507 339 578 372 πλὴν
602 339 662 374 μετ’
681 340 835 374 ἀσφαλείας
863 342 910 367 καὶ

118 386 169 420 οὐχ
185 386 222 416 ὡς
238 385 334 419 ἔτυχεν
346 392 352 399 ·
381 383 450 410 εἶναι
464 383 518 420 γὰρ
540 383 585 410 τὸν
601 384 725 411 κίνδυνον
752 385 839 419 μέγαν
854 386 910 416 τοῖς

117 431 167 458 τοῦ
194 431 275 466 ὀρθοῦ
290 430 417 458 ὁπωσοῦν
434 430 633 465 ἁμαρτάνουσι.
661 439 672 456 ί
688 431 741 457 Καὶ
761 430 840 457 τοῦτο
861 432 910 466 οὐχ

118 479 187 513 ἡμῖν
204 478 266 513 ἄρτι
285 477 383 511 ξυνέὸη
406 477 575 511 πεπρᾶχθαι,
601 477 638 508 ὡς
655 476 702 503 καὶ
718 477 809 503 αἰτίαν
836 477 909 512 ἔχειν

119 523 166 548 τοῦ
186 531 214 548 τε
236 523 409 556 καινοτομεῖν
433 520 451 548 ἀ
465 522 553 553 οὐδεὶς
573 522 715 557 πρότερον,
744 523 790 549 καὶ
804 523 851 548 τοῦ
872 523 909 558 μὴ

118 569 210 595 Θέλειν
227 568 406 603 μεταὸάλλειν
419 569 500 594 πάλιν
515 568 554 599 εἰς
565 567 579 594 ὃ
599 569 646 594 καὶ
661 569 726 602 πρὶν
739 566 812 604 ἦμεν
826 577 834 584 ο
852 569 909 595 ἀλλ’

118 615 218 649 ἄνδρες
245 615 359 649 μεγάλοι
375 614 426 649 τὴν
443 615 544 649 ἀρετὴν
569 615 616 640 καὶ
640 615 718 648 σοφοὶ
740 614 789 650 τὴν
806 615 909 648 γνῶσιν

118 660 184 695 περὶ
208 660 312 686 τούτων
329 659 494 695 λαλήσαντες
522 659 725 694 διηνέχθησαν.
756 660 803 686 καὶ
829 660 910 693 δόξαν

118 706 236 737 ἐκείνοις
262 706 416 740 διέστησαν.
446 705 482 731 Τὸ
511 705 539 731 δὲ
565 706 613 731 καὶ
629 705 671 736 εἰς
687 704 768 732 πλέον
785 705 835 739 τὴν
850 705 909 741 ἔριν

119 751 288 780 ἐπιτείνεσθαι
301 752 348 778 τοῦ
367 751 479 786 μετρίου
507 750 564 777 οὒτ’
588 751 703 783 ἐκεινοις
719 749 752 787 ἦν
782 751 907 786 θελητὸν,

118 800 167 827 καὶ
183 801 240 831 τοῖς
262 798 454 830 πλεονάζουσιν
472 798 577 833 ἀμαθὲς
603 798 691 829 ἄλλως
707 798 752 824 καὶ
768 798 908 832 τολμηρὸν

116 848 132 874 ὁ
162 847 342 881 πλεονασμός.
368 846 441 880 Πλὴν
465 845 496 871 τὸ
522 846 569 871 καὶ
591 845 666 879 ἡμᾶς
680 845 730 879 τὴν
746 845 907 880 προσθήκην

118 894 270 929 προφέρειν
296 894 362 928 ὑμῖν
393 892 447 919 τότ’
471 891 505 919 ἂν
530 891 623 927 χώραν
648 890 704 926 εἶχε
725 892 771 918 καὶ
794 891 908 924 δικαίως

118 939 337 974 ὀνειδιζοίμεθα,
358 939 383 965 sl
409 937 572 970 δυσσεϐείας
597 938 701 973 ὑμᾶςῆ
721 937 862 970 ἀσεϐείας,
876 938 908 964 τὸ

118 987 266 1022 χείριστον,
283 986 326 1012 διὰ
335 985 384 1021 τὴν
397 984 543 1020 πρόσθεσιν
558 984 746 1019 ὲγραφόμεοα,
760 984 798 1016 ὡς
806 984 909 1018 ὁμοίως

118 1033 166 1059 καὶ
178 1032 257 1067 ἡμῶν
276 1031 447 1058 ἀσεϐούντων
464 1031 508 1058 διὰ
523 1031 574 1066 τὴν
589 1030 749 1065 προσθήκην
765 1031 800 1057 τὰ
813 1031 905 1065 ὅμοια.

124 1077 202 1104 Ἐπεὶ
220 1077 248 1103 δὲ
266 1077 316 1112 τὴν
335 1077 380 1104 ἐπὶ
396 1076 436 1112 τῷ
457 1076 587 1112 Συμϐόλῳ
608 1075 769 1112 προσθήκην
786 1077 907 1111 ἀποτρε-

119 1171 181 1202 line.
199 1178 257 1203 eos,
274 1170 433 1205 quicunque
452 1173 554 1203 essent,
583 1169 703 1198 insanire
717 1171 822 1206 pariter
849 1172 907 1199 aie-

117 1217 176 1250 bat,
194 1221 221 1244 et
237 1217 436 1244 inverecundos
450 1221 620 1245 scrutatores
631 1218 824 1253 mysteriorum
845 1218 905 1251 Dei,

117 1264 188 1291 ultra
203 1271 286 1298 quam
301 1263 345 1290 fas
357 1267 431 1291 esset
445 1263 574 1291 humanae
591 1264 756 1297 infirmitati,
781 1265 907 1293 curiosos

119 1311 146 1338 in
163 1310 298 1346 profunda
319 1311 476 1338 Divinitatis
492 1311 641 1338 immittere
657 1311 762 1338 oculos.
786 1311 844 1339 Hac
858 1311 906 1340 ille

116 1357 228 1392 ancipiti
244 1357 339 1385 ambas
354 1357 380 1384 in
393 1362 485 1392 partes
499 1357 635 1389 Oratione,
665 1358 788 1385 minuere
807 1359 905 1386 obum-

115 1403 222 1430 brando
235 1408 381 1437 tegereque
391 1402 544 1430 eonabatur
560 1403 689 1430 invidiam
705 1408 806 1431 temere
818 1409 906 1432 atten-

115 1452 177 1474 tatze
183 1447 333 1474 additionis
339 1447 372 1474 ad
382 1446 552 1482 Symbolum;
562 1455 610 1482 pro
617 1455 668 1474 suo
678 1449 803 1476 videlicet
814 1449 903 1484 legali,

115 1493 165 1521 hoc
181 1499 224 1521 est
242 1493 376 1528 sequestri
391 1493 605 1528 mediatorisque
621 1493 691 1521 inter
718 1495 834 1522 invicem
857 1496 904 1522 ad-

963 250 1073 276 σύνολον
1102 250 1368 286 κατησφαλισμένοις
1397 251 1582 285 ἐπεγχειρεῖν,
1606 251 1658 277 κᾶν
1674 251 1752 281 ἐντὸς

961 295 1068 330 λέγοιεν
1091 296 1138 323 τοῦ
1151 295 1244 331 ὀρθοῦ,
1262 296 1312 322 ποῦ
1337 296 1442 323 δίκαιον
1459 297 1525 330 ἡμῖν
1542 296 1694 331 προτείνειν
1718 296 1752 322 τὰ

960 340 1056 374 optata;
1073 340 1121 371 Τίς
1138 341 1192 375 γὰρ
1221 341 1300 374 ἡμῶν
1325 340 1460 375 ἐτόλμησε
1476 341 1587 367 πώποτε
1604 340 1689 370 οὕτως
1715 341 1753 371 ὼς

961 385 1050 420 λέγεις
1067 385 1136 420 μετὰ
1152 386 1313 420 προσθήκης
1327 386 1490 420 ὀμολογείν;
1526 386 1614 412 Καλὸν
1630 384 1676 412 οὖν
1706 388 1752 412 καὶ

962 431 1101 467 συμφέρον
1113 432 1162 465 τὴν
1176 432 1288 467 εξρήνην
1300 441 1328 458 σε
1343 432 1494 458 σπεύδοντα
1508 431 1562 458 τῶν
1581 432 1752 466 Ἐκκλητιῶν

960 477 1031 504 οὕτω
1048 477 1196 511 πειρᾶσῡαι
1229 478 1360 512 συνιστᾷν
1389 478 1501 512 ταύτην,
1530 478 1619 511 σοφῶς
1647 479 1751 504 οἰκονο-
1794 487 1798 490 ”

962 524 1065 558 μοῦντα
1079 524 1145 558 παρ’
1163 523 1273 554 Ἰταλοῖς
1290 523 1338 558 τὴν
1355 523 1402 550 τοῦ
1421 524 1570 550 σκανδάλου
1591 525 1749 559 ἀφαίρεσιν,

961 570 1012 597 κᾶν
1027 570 1107 605 ἡμεῖς
1130 568 1205 605 ὦμεν
1231 571 1256 596 οἱ
1280 570 1438 604 αἰτιώμενοι
1466 571 1512 596 τοῦ
1534 571 1698 602 σκανδάλου,
1712 571 1749 597 δι-

961 615 1044 647 καίως
1059 616 1125 650 ἡμῖν
1143 615 1344 650 ἐπιπλήττοντα
1361 614 1398 646 ὡς
1412 615 1532 649 ἑτοίμοις
1552 613 1610 641 οὖσι
1623 614 1751 649 δέχεσθαι

959 662 1008 697 τὴν
1033 661 1190 697 ἐπίπληξιν.
1219 662 1249 688 El
1264 662 1292 688 δὲ
1309 663 1376 696 παρ’
1400 662 1517 693 ἐκείνοις
1541 661 1572 688 τὸ
1598 661 1751 688 σκάνδαλον

960 709 1100 740 ἔϐλαστεν,
1117 708 1223 743 ἀνάγκη
1251 708 1437 743 πνευματικὸν
1453 707 1518 734 ὄντα
1534 708 1582 734 καὶ
1612 708 1752 742 πρεσϐευ-

958 755 1008 790 τὴν
1022 756 1072 790 τῆς
1086 756 1197 790 εἰρήνης
1214 755 1331 786 ἐκείνοις
1345 754 1428 781 ὠθεῖν
1443 754 1592 790 πειρᾶσθαι
1610 755 1640 780 τὸ
1654 755 1699 782 ἐπὶ
1716 756 1750 790 τῇ

959 802 1119 837 καινοτομίᾳ
1144 801 1191 828 τοῦ
1209 801 1350 836 Συμϐόλου
1367 801 1532 836 ἁμάρτημα.
1550 810 1559 827 ι
1590 801 1683 832 Οὕτως
1697 801 1751 827 ἕλε-

959 856 1006 882 γον
1034 849 1058 874 οἱ
1078 849 1128 883 τῆς
1155 847 1330 883 Ἐκκλησίας,
1351 849 1398 874 καὶ
1414 847 1502 879 οὕτως
1518 845 1592 882 εἶχον
1611 848 1648 879 ὡς
1673 846 1754 873 οὐδὲν

959 895 1139 928 ἀκουσόμενοι
1151 893 1294 929 βασιλέως⁹
1307 895 1331 920 εἰ
1347 893 1516 929 προστάσσοι
1530 893 1558 919 ὲν
1570 892 1687 924 τούτοις,
1703 893 1751 919 καὶ

959 940 986 967 εἴ
998 949 1029 975 γε
1045 940 1080 967 τὰ
1097 941 1214 976 μέγιστα
1228 941 1346 968 ἀπειλεῖ.

961 997 1003 1033 ιβ’.
1016 997 1117 1030 Ὅπως
1132 998 1149 1024 ό
1162 997 1314 1033 βασιλεὺς
1326 997 1397 1030 τοὺς
1412 997 1468 1030 τῆς
1482 997 1665 1031 Ἐκκλησιάς
1681 1005 1751 1025 κατ-

1134 1032 1280 1067 ηνάγκαζε
1299 1032 1347 1059 διὰ
1365 1033 1422 1066 τὴν
1436 1032 1570 1067 εἰρήνην.

995 1078 1089 1106 Ἀλλ¹ό
1105 1078 1234 1113 βασιλεὺς
1247 1078 1321 1111 ἅπαξ
1336 1079 1383 1104 τοῦ
1397 1078 1502 1105 τοιοῦδε
1519 1078 1621 1105 σκοποῦ
1632 1079 1750 1113 γενόμε-

958 1177 995 1196 sa:
1016 1169 1162 1204 iniptaeque
1180 1169 1312 1196 doctrinae
1339 1176 1387 1196 vos
1408 1173 1520 1204 propter
1536 1169 1615 1196 istam
1632 1169 1750 1196 additio-

957 1223 1019 1242 nem
1034 1223 1237 1243 aceusaremus.
1250 1215 1329 1242 Tunc
1339 1215 1412 1242 enim
1427 1216 1490 1250 jure
1501 1215 1685 1243 causaremini
1698 1224 1750 1243 nos

957 1263 1084 1297 dogmate
1099 1270 1146 1296 per
1164 1261 1332 1289 additionem
1357 1261 1478 1288 iudicato
1492 1262 1641 1295 rejiciendo
1662 1262 1747 1294 istud,

957 1309 1030 1343 quod
1040 1309 1117 1335 vobis
1135 1308 1204 1335 falso
1229 1308 1452 1342 impingeremus,
1480 1308 1628 1343 impietatis
1645 1310 1751 1336 crimen

957 1362 1019 1382 vere
1037 1355 1215 1382 consciscere.
1231 1354 1298 1381 Cum
1312 1359 1404 1382 autem
1419 1362 1473 1381 non
1495 1355 1593 1390 dogma
1622 1355 1650 1382 in
1673 1355 1747 1383 addi-

957 1402 1032 1428 tionc
1060 1400 1304 1435 reprehendamus,
1333 1401 1379 1428 sed
1409 1401 1608 1429 contendamus
1640 1405 1746 1429 tantum

956 1447 1107 1474 universim
1127 1455 1174 1474 nec
1190 1446 1341 1482 probabilis
1367 1454 1418 1474 nec
1433 1447 1522 1474 securi
1545 1447 1662 1482 exempli
1689 1456 1747 1474 rem

955 1500 1026 1525 esse.
1043 1493 1182 1520 immutari
1196 1494 1367 1528 praelicenter
1379 1494 1480 1528 aliquid
1494 1498 1542 1520 aut
1553 1493 1663 1528 adjungi
1680 1495 1748 1521 scri-

114 1548 220 1572 versos,
239 1539 331 1568 ol'licio
351 1547 384 1567 ac
402 1547 521 1567 munere
538 1548 545 1573 ;
567 1540 593 1566 in
609 1548 664 1574 quo
686 1549 752 1568 sane
768 1541 905 1576 fungendo
916 1544 940 1576 α
959 1540 1012 1574 plis
1029 1540 1103 1574 prius
1117 1540 1196 1567 editis
1212 1545 1238 1567 et
1254 1548 1315 1566 cum
1332 1547 1439 1567 summa
1452 1539 1673 1567 consideratione
1688 1545 1745 1567 tum

113 1587 167 1614 ﬁde
183 1587 288 1621 optima
302 1586 500 1621 diligentiaque
516 1593 622 1613 summa
637 1587 807 1620 versabatur,
833 1588 902 1615 nihil

112 1641 167 1660 non
185 1633 341 1668 experiens,
366 1633 436 1661 nihil
463 1633 531 1661 tanti
547 1633 662 1666 ducens,
683 1635 756 1669 quod
783 1642 833 1669 pro
855 1642 904 1669 spe

112 1680 276 1715 assequendi
298 1681 442 1715 legationis
456 1689 513 1709 suae
527 1682 603 1717 scopi
614 1682 732 1709 libenter
746 1682 847 1716 pacisci
861 1689 904 1709 re-

112 1730 229 1754 cusaret.
244 1725 285 1753 Ad
309 1733 340 1753 ea
355 1735 438 1761 porro
454 1728 581 1755 Ecclesia
594 1734 698 1755 nostrae
717 1735 845 1762 proceres
875 1728 901 1755 in

112 1774 185 1802 hunc
213 1774 325 1801 modum
343 1775 566 1810 respondebant:
586 1784 595 1800 α
615 1774 763 1803 Honestam
781 1783 847 1803 sane
868 1783 901 1802 ac

110 1821 284 1856 expetibilem
311 1828 404 1856 pacem
427 1828 500 1853 esse,
520 1821 583 1856 quis
605 1821 656 1849 hoc
675 1822 786 1856 quidem
805 1822 903 1855 neget?

112 1867 263 1901 pra-sertim
282 1868 354 1895 inter
369 1867 506 1895 Ecclesias
518 1868 584 1895 adeo
595 1868 771 1901 conspicuas,
786 1875 903 1903 quaeque

111 1913 183 1941 haud
199 1913 281 1941 dubie
309 1914 430 1948 capitum
459 1914 545 1941 instar
568 1914 700 1941 haberent
722 1914 903 1941 mstimatiom

112 1961 319 1992 universorum,
339 1960 386 1995 qui
405 1960 494 1987 ubivis
508 1964 643 1987 terrarum
656 1961 767 1995 degunl,
783 1961 903 1995 discipu-

110 2007 200 2034 lorum
214 2006 316 2034 Christi
336 2006 469 2041 principis
483 2007 569 2041 pacis.
586 2006 686 2034 Verum
704 2014 798 2041 pacem
819 2007 900 2034 istam

110 2061 205 2081 secure
220 2060 253 2080 ac
264 2056 333 2085 tuto,
356 2060 409 2080 non
426 2058 517 2080 autem
537 2052 788 2088 quomodocunque
806 2053 901 2080 conci-

109 2100 239 2127 liandam.
273 2098 401 2134 Magnum
427 2098 500 2126 enim
528 2098 686 2133 impendere
712 2100 864 2134 periculum
885 2108 901 2128 a

110 2149 183 2170 recto
196 2143 223 2169 in
241 2142 379 2170 utramvis
393 2148 496 2177 Partem
529 2143 734 2172 aberrantibus.
760 2145 837 2178 Quod
866 2146 900 2172 ad

109 2190 179 2216 hanc
191 2190 402 2217 conventionem
421 2189 521 2216 mutari
532 2198 547 2216 a
562 2190 639 2217 nobis
654 2191 747 2223 vultis,
775 2199 830 2218 non
851 2199 896 2219 re-

109 2244 172 2263 cens
185 2240 232 2263 aut
254 2242 327 2262 nunc
344 2236 463 2270 primum
499 2236 605 2263 institui
634 2237 749 2272 contigit
776 2245 791 2265 a
808 2238 897 2270 nobis,

108 2284 207 2318 quibus
229 2284 288 2310 ideo
305 2284 367 2318 jure
384 2283 552 2318 impingatur
572 2284 676 2312 crimen
694 2289 742 2312 aut
761 2290 900 2320 usurpata:

107 2330 202 2356 audaci
222 2330 343 2357 novitate
369 2330 406 2356 rei
426 2336 506 2364 quam
523 2337 603 2358 nemo
621 2330 698 2365 prius
713 2332 899 2363 attentaverit,

107 2380 153 2402 aut
173 2376 318 2403 obstinata:
340 2376 527 2403 recusationis
542 2383 575 2403 eo
601 2377 733 2404 redeundi
750 2377 796 2404 ubi
816 2382 898 2405 antea

106 2429 215 2449 eramus
232 2431 239 2449 :
258 2421 305 2449 sed
324 2421 376 2449 viri
392 2421 484 2457 magni
505 2422 618 2456 virtute,
638 2423 762 2451 doctrina
786 2424 898 2458 sapien~

106 2473 156 2500 tes,
176 2469 226 2496 ista
244 2467 359 2495 multum
375 2468 447 2496 inter
466 2477 494 2497 se
511 2473 625 2497 tractata
641 2469 845 2497 constituerunt
868 2470 897 2497 in

105 2514 178 2540 hunc
192 2513 315 2546 modum,
327 2518 355 2541 et
363 2515 499 2550 dogmatis
513 2522 620 2543 summa
630 2515 786 2542 constantia
803 2519 897 2542 tenen-

104 2558 131 2585 di
150 2558 190 2586 eis
206 2559 397 2587 auctoritatem
416 2560 583 2588 indiderunt.
615 2560 694 2593 Quod
723 2565 815 2588 autem
833 2561 896 2588 inde

104 2607 228 2630 secutum
237 2607 290 2635 est,
303 2608 331 2631 ut
345 2605 484 2631 contentio
500 2604 526 2631 in
534 2605 608 2632 rixas
625 2605 788 2632 immodicas
800 2613 895 2632 erum-

103 2654 189 2684 peret,
203 2658 254 2678 nec
271 2650 324 2685 ipsi
342 2651 500 2683 voluerunt,
519 2657 546 2679 et
563 2652 641 2686 culpa
653 2652 714 2686 ejus
729 2653 819 2680 omnis
840 2653 892 2680 im-

102 2696 198 2730 peritis
220 2702 245 2724 et
260 2696 413 2725 audacibus
433 2698 505 2725 ultra
531 2698 572 2726 fas
587 2698 638 2725 hac
656 2699 738 2734 373
756 2699 782 2726 in
811 2704 890 2734 parte

102 2743 298 2771 excedentibus
311 2744 471 2779 imputanda
490 2750 541 2772 est.
555 2745 691 2772 Cazterum
708 2746 781 2781 quod
799 2754 893 2781 quere-

102 2790 168 2816 mini
181 2790 288 2825 culpari
298 2798 346 2819 vos
359 2798 374 2818 a
390 2791 469 2818 nobis
483 2791 518 2818 ob
530 2792 744 2819 additamentum
762 2793 890 2826 syinholi.

102 2841 167 2863 tunc
183 2837 296 2871 querela
312 2837 368 2865 hare
380 2837 470 2865 locum
491 2838 616 2870 haberet,
645 2844 668 2865 et
683 2838 755 2872 juste
769 2839 792 2866 id
812 2839 890 2867 nobis

102 2884 328 2917 exprobraretur,
351 2885 372 2910 si
391 2885 484 2911 alicum
502 2889 558 2911 aut.
581 2885 650 2919 quod
667 2885 825 2919 pessimum,
840 2886 890 2912 {atl-

955 1591 1055 1612 aaterna
1085 1586 1212 1613 tirmitate
1229 1586 1370 1619 stabilitis,
1399 1591 1645 1621 quantumcunth
1672 1586 1746 1621 quod

953 1637 1075 1658 mutatur
1089 1637 1135 1658 aut
1151 1632 1341 1659 additurintra
1364 1633 1429 1659 recti
1443 1633 1510 1659 lines
1537 1633 1627 1665 sistat,
1657 1641 1746 1667 eoque

953 1678 1086 1705 duntaxat
1102 1678 1213 1705 nomine
1225 1682 1342 1705 vestram
1356 1678 1437 1705 istam
1462 1678 1631 1705 additiOnem
1649 1686 1746 1713 repro-

953 1724 1062 1756 bemus,
1085 1732 1140 1759 quo
1157 1724 1219 1759 jure
1243 1724 1270 1750 in
1288 1724 1338 1751 hoc
1350 1724 1460 1758 quidem
1493 1724 1601 1752 causari
1630 1725 1748 1758 potestis-

953 1763 1028 1804 paria
1049 1778 1099 1797 nos
1121 1771 1147 1797 in
1165 1770 1216 1797 hoc
1232 1777 1333 1805 genere
1355 1777 1478 1805 peccare,
1505 1778 1568 1798 cum
1596 1778 1610 1797 a
1624 1771 1745 1802 nemine,

953 1817 1026 1852 quod
1045 1818 1157 1850 sciatur,
1179 1821 1303 1844 nostrum
1315 1817 1397 1844 fando
1413 1825 1534 1852 unquam
1559 1818 1594 1845 sit
1618 1817 1746 1845 auditum

953 1864 1153 1900 professionem
1173 1863 1234 1890 iidei
1256 1871 1315 1891 eum
1332 1863 1387 1891 ulla
1401 1864 1447 1890 tali
1473 1864 1626 1898 adjectione
1645 1864 1746 1891 recita—

953 1916 1018 1939 tam.
1041 1911 1145 1938 Bonum
1161 1911 1244 1945 igitur
1269 1910 1489 1945 conveniensque
1502 1911 1583 1937 fuerit
1601 1915 1626 1937 te
1650 1912 1744 1938 conci-

955 1959 1023 1986 liare
1038 1966 1133 1993 parem
1154 1958 1338 1985 Ecclesiarum
1368 1958 1490 1989 sincero,
1511 1959 1744 1993 quemadmodum

953 2013 1008 2040 pra
1021 2009 1047 2032 te
1059 2004 1125 2036 fers,
1143 2005 1234 2031 studio
1262 2009 1405 2032 conantem
1434 2013 1494 2032 eam
1514 2005 1685 2038 potissimum
1713 2014 1745 2033 eo

953 2051 1129 2085 perveniendi
1143 2050 1214 2077 viam
1234 2050 1362 2078 insistere
1382 2060 1441 2083 qua:
1460 2052 1615 2079 rectissima
1632 2052 1665 2079 ad
1683 2059 1744 2080 seo-

952 2105 1016 2132 pum
1034 2098 1114 2124 istum
1129 2101 1180 2128 est,
1200 2105 1296 2130 nempe
1313 2102 1342 2123 nt
1358 2097 1440 2124 Italos
1456 2105 1505 2132 pro
1518 2102 1563 2124 tua
1591 2103 1619 2125 et
1634 2098 1744 2133 sapien-

954 2144 988 2170 tia
1002 2148 1027 2171 et
1042 2144 1206 2170 auctoritate
1229 2143 1370 2178 gratiaque
1394 2145 1464 2177 apud
1481 2143 1555 2178 ipsos
1569 2150 1680 2178 salagas
1695 2144 1744 2171 ad-

952 2188 1052 2216 ducere
1064 2189 1097 2217 ad
1115 2189 1273 2216 scandalum
1290 2190 1485 2222 amovendum,
1513 2191 1630 2224 positum
1650 2191 1745 2225 utique

952 2236 985 2262 ab
1000 2235 1078 2270 ipsis,
1105 2239 1244 2269 utcunque
1263 2236 1288 2262 id
1304 2236 1404 2262 factum
1421 2244 1435 2262 a
1462 2236 1544 2263 nobis
1560 2236 1629 2263 falso
1652 2237 1744 2264 erimi-

951 2286 1060 2309 nentur.
1085 2281 1152 2309 Nam
1184 2281 1207 2309 si
1238 2290 1320 2316 penes
1341 2290 1390 2310 nos
1415 2282 1537 2310 scandali
1553 2283 1650 2318 objecti
1679 2291 1743 2312 vere

950 2329 1030 2362 culpa
1047 2329 1188 2360 resideret,
1206 2329 1305 2355 merito
1326 2336 1375 2355 nos
1391 2329 1551 2364 objm'gares
1563 2334 1590 2357 et
1608 2330 1743 2364 patienter

950 2375 1194 2410 reprehensionem
1211 2375 1412 2408 exeipcremus,
1439 2376 1513 2410 quod
1538 2384 1634 2403 sumus
1654 2378 1741 2411 palati

949 2421 1039 2449 facere
1054 2422 1163 2456 quoties
1180 2422 1283 2449 erimus
1300 2421 1379 2449 nobis
1414 2423 1516 2450 consrii
1536 2423 1669 2451 meruisse
1699 2432 1743 2451 re-

947 2468 1089 2503 prehendi.
1117 2467 1144 2494 Si
1175 2475 1242 2495 vero
1258 2468 1418 2495 scandalum
1444 2468 1478 2496 ab
1501 2468 1555 2495 illis
1572 2474 1661 2495 ortum
1687 2474 1740 2502 cst,

947 2519 1056 2549 oportet
1070 2519 1106 2547 te,
1127 2521 1188 2541 cum
1206 2514 1359 2549 spiritualis
1386 2514 1424 2542 sis
1448 2520 1475 2541 et
1498 2519 1629 2542 tractator
1654 2516 1740 2551 pacis,

947 2569 1075 2589 amovere
1093 2562 1127 2589 ab
1144 2561 1197 2589 illis
1216 2562 1311 2588 conari
1329 2562 1433 2589 crimen
1448 2566 1552 2589 temere
1567 2569 1740 2597 pnesumpta:

946 2609 1075 2636 novitatis
1093 2609 1120 2636 in
1137 2608 1330 2636 immutatione
1350 2608 1483 2645 Symboli.
1505 2619 1514 2635 ι
1533 2609 1578 2636 Sic
1589 2609 1741 2644 loqueban-

944 2660 989 2682 tur
1002 2654 1131 2682 Ecclesiae
1146 2662 1289 2688 proceres;
1305 2661 1332 2683 et
1362 2657 1403 2683 sic
1417 2655 1569 2691 comparati
1603 2661 1691 2688 erant,
1710 2661 1739 2683 ut

944 2700 1137 2734 imperatorem
1155 2701 1275 2728 audituri
1296 2709 1349 2728 non
1377 2707 1478 2734 essent,
1507 2701 1640 2736 quidquid
1665 2703 1738 2729 circa

944 2748 1130 2782 hwcjuheret,
1145 2748 1253 2775 etiamsi
1267 2749 1430 2784 gravissima
1444 2745 1560 2784 quicque
1575 2749 1736 2776 minaretur.

982 2818 1022 2846 i2.
1039 2818 1068 2845 Ut
1083 2818 1226 2853 imperator
1237 2818 1427 2846 ecclesiasticos
1440 2820 1534 2846 urserit
1548 2819 1582 2845 ad
1599 2827 1699 2854 pacem.

979 2886 1061 2922 37ιῇι
1075 2885 1214 2914 l‘crstubat
1227 2886 1269 2914 ille
1282 2891 1373 2914 tamen
1391 2886 1460 2915 fisus
1475 2886 1689 2915 irrcvocabililer
1707 2887 1733 2913 in
