1936 3069
214 131 267 162 843

837 121 1001 153 GEORGII
1022 106 1263 150 ΡᾸΟΗΥΜΕΒᾹΞ

1783 107 1830 140 ειι

215 189 276 216 λίαν
291 186 445 215 ἀκολούθων
459 184 539 214 εἶναι.
563 185 638 219 Πλὴν
657 183 687 210 οὗ
711 180 942 215 κακολογοῦντας,
967 178 1005 209 ὡς
1018 177 1044 208 Α
1055 174 1206 206 ἀκινδύνως
1219 173 1265 200 τὸν
1290 171 1416 219 κίνδυνον
1421 168 1510 219 dic-1w;
1525 166 1701 219 ὲκιριὶγοιμεν.
1716 164 1800 219 Ἥραν
1813 161 1831 219 δ’

217 233 292 260 αὐτοί
304 241 382 267 φασι,
400 232 449 258 καὶ
462 231 510 266 τὴν
538 230 701 258 κατάνευσιν
717 226 898 258 ὀνειδίζοντας
916 223 1004 259 σφίσι.

217 279 331 313 Γνώμης
341 278 394 313 γὰρ
405 277 471 308 ιδίας
479 276 594 302 ἕκαστον
607 273 677 301 εἶναι
686 273 793 308 κύριον,
804 272 850 298 καὶ
859 270 873 297 δ
887 270 1008 304 σήμερον

217 324 247 350 οὐ
261 324 336 349 δοκεί
351 331 416 354 τινι,
430 321 524 356 αΰριον
531 321 596 353 ἴσως
607 319 738 355 στέρξειν,
754 318 803 344 καὶ
811 315 964 351 ἀγαπήσειν
976 313 1007 340 οὺ

218 369 384 404 παλίμδολόν
392 376 454 394 τινα
462 368 527 394 ὄντα
537 367 583 393 καὶ
592 365 664 392 κατὰ
671 367 701 391 τδ
710 364 790 399 τυχὸν
798 361 1009 397 ἐκτρεπόμενον,

218 416 286 442 ἀλλὰ
300 416 440 449 λογισμοῖς
451 412 623 442 δουλεύοντα,
636 411 749 438 ἐκείνων
768 407 1008 444 μετακλινομένων

219 462 248 492 ἐς
265 461 279 487 ὃ
296 469 322 487 τι
336 461 383 486 καὶ
396 460 466 493 δόξοι
478 459 619 494 συμφέρον
635 457 681 484 καὶ
691 456 790 486 αὐτοὺς
799 454 940 489 πράττειν.
955 452 1011 479 Καὶ

219 503 297 531 τοῦτο
308 502 378 531 εἶναι
392 504 422 530 τὸ
439 503 476 538 μὴ
491 503 566 538 παρὰ
581 501 747 536 συνείδησιν,
768 500 807 531 ὡς
832 496 1010 532 πιστεύομεν.

219 551 256 577 Τὸ
270 550 299 577 δὲ
311 549 442 584 περὶτῶν
456 547 647 584 προκειμένων
659 546 734 582 ἡμᾶς
750 545 916 581 ἐρωτᾶσθαι,
936 542 1013 578 πρῶ-

219 604 266 623 τον
284 595 336 630 μὲν
349 594 387 626 ὡς
406 595 438 620 οὗ
458 593 539 628 μετὸν
552 594 618 629 ἡμῖν
630 592 680 627 τῆς
696 591 762 624 περὶ
775 590 877 618 τούτων
890 588 1013 623 σκέψεως

220 643 253 667 ὲκ
279 641 409 672 κανόνων,
433 640 480 666 ὐπ’
502 639 626 674 ἀρχιερεῖ
649 637 756 665 τελοῦσι
788 636 837 663 καὶ
860 634 1014 669 ὀφείλουσιν

220 686 348 719 ἕπεσθαι,
361 687 388 712 τί
401 686 455 721 χρὴ
467 686 516 712 καὶ
526 686 619 720 λέγειν
631 693 638 718 ;
654 683 725 718 πλὴν
742 682 800 710 ἀλλ’
819 682 934 712 ἕκαστος
959 680 1014 715 ἰδίᾳ

221 732 284 758 καθ’
308 731 390 758 αὑτὸν
412 730 572 766 ἔρωτάσθω,
598 730 646 756 καὶ
670 729 737 760 ἴσως
766 727 849 762 φόὸος
867 725 954 756 οὐδεὶς
964 725 1014 759 τῆς

223 779 274 812 σῆς
288 772 428 813 βασιλείας
444 778 482 808 εις
498 777 596 813 βουλὴν
612 775 787 811 προτιθείσης
805 774 836 800 τὸ
866 771 1015 808 προκείμε-
1029 779 1054 810 Β

223 831 278 855 νον,
293 822 382 856 λέγειν
395 822 425 848 τδ
445 821 661 857 παριστάμενον.
678 820 747 846 Τότε
766 819 856 845 τοίνυν
876 816 1018 853 ἐρωτωμέ-

224 876 278 893 νων
289 867 303 894 ὁ
322 868 372 902 μὲν
382 866 503 900 ἀπέλεγε
517 867 566 893 καὶ
587 866 622 893 τὰ
635 865 700 901 τρία
713 872 721 881 ·
746 863 813 899 μηδὲ
837 863 891 898 γὰρ
914 861 1017 888 τούτων

224 912 387 939 καταλαδεῖν
397 912 465 943 ὅλως
479 912 527 946 τὴν
547 911 712 946 Ἐκκλησίαν
727 911 767 936 ἑνὶ
778 908 955 944 χρησαμένην
967 908 1014 934 καὶ

227 959 313 993 μόνῳ,
331 959 430 994 χρῆναι
442 958 470 984 δὲ
485 958 624 993 διατηρεῖν
637 957 683 983 καὶ
696 957 752 987 τοῖς
762 955 812 990 ὀψὲ
826 953 1018 989 γενησομένοις

225 1005 239 1030 ὖ
250 1004 283 1039 δὴ
297 1005 374 1038 σφεῖς
385 1005 418 1030 ὲκ
435 1003 490 1030 τῶν
507 1003 648 1039 προτέρων
669 1001 833 1037 παρέλαϐον.
861 1000 893 1027 Εἰ
909 1000 932 1026 δ’
956 1000 1018 1025 επι-

227 1050 331 1076 σείεται
347 1049 478 1081 κίνδυνος,
494 1049 594 1079 αὐτοὺς
623 1048 674 1083 μὲν
689 1047 728 1082 μὴ
748 1045 839 1082 χρεὼν
865 1044 1018 1081 φροντίζειν

227 1096 297 1130 πλὴν
322 1096 376 1131 μὴν
402 1094 452 1122 τοῦ
476 1094 617 1130 εὒχισθαι,
632 1094 678 1121 τὸν
701 1094 730 1120 δέ
750 1102 783 1128 γε
807 1093 961 1128 κρατοῦντα
982 1091 1020 1126 μὴ

227 1141 333 1169 ἀνιέναι
348 1140 433 1176 μηδὲν
448 1140 504 1168 τῶν
516 1140 557 1172 είς
582 1140 721 1176 μέριμναν
750 1139 884 1174 ἡκόντων.
917 1137 976 1171 Ἐφ’
999 1132 1021 1169 ᾧ

229 1231 294 1266 quid
313 1230 365 1266 ipsi
379 1229 450 1258 falso
462 1233 655 1265 quererentur,
671 1233 698 1256 et
714 1228 783 1255 citra
795 1227 1022 1263 exprobationem

231 1277 313 1303 ullam
346 1279 459 1302 mutatae
488 1273 644 1301 sententiae.
681 1271 780 1299 Judicii
810 1271 885 1298 enim
919 1269 1022 1305 proprii

230 1327 368 1356 quemque
382 1320 515 1347 arbitrum
536 1326 612 1350 esse;
627 1322 655 1345 et
670 1317 754 1352 389
766 1316 841 1350 quod
863 1316 926 1351 quis
942 1315 1024 1343 hodie

233 1373 288 1393 non
310 1365 468 1400 probaverit
481 1384 488 1396 ,
505 1371 568 1391 cras
585 1363 655 1391 forte
673 1362 799 1398 praeferet
817 1366 900 1397 atque
923 1361 1025 1396 ample-

232 1417 335 1444 ctetur,
355 1419 410 1438 non
428 1409 613 1438 inconstantia
633 1409 676 1436 vel
697 1408 810 1436 fortuita
830 1408 939 1435 levitate
962 1414 1024 1435 sese

1055 221 1082 248 οἵ
1095 220 1146 248 καὶ
1161 219 1298 255 πρωτεῖον
1313 217 1394 252 μόνον
1408 215 1511 242 ἐδίδουν
1527 215 1573 240 καὶ
1588 213 1729 247 ἔκκλητον,
1744 211 1779 243 ὡς
1794 211 1836 238 αὺ-

1058 267 1114 294 τῶν
1128 266 1220 300 γεκαὶ
1252 264 1343 298 μόνων
1370 262 1435 288 οἴων
1454 261 1478 287 τ’
1506 260 1591 287 ὄντων
1617 257 1837 292 ὐποκριθήσεσθαι

1058 313 1108 340 καὶ
1137 311 1219 346 σχῆμ’
1246 310 1319 343 ἕξειν
1347 308 1395 334 καὶ
1410 307 1497 342 ὄνομα
1516 304 1587 340 πλὴν
1601 303 1650 330 τοῦ
1661 302 1819 338 πράττεσθαι
1830 309 1836 317 ·

1063 357 1237 395 μνημόσυνον
1255 356 1284 383 δὲ
1305 355 1426 390 μετεῖναι
1437 353 1476 388 τῷ
1488 352 1588 386 πάππα
1610 349 1731 377 δοκοῦντι
1758 347 1840 395 διαφέ-

1061 391 1169 439 psallat,
1188 401 1236 428 ἐπὶ
1249 398 1382 435 Συμϐόλῳ
1395 397 1443 424 καὶ
1463 396 1551 423 ταῦτα
1578 394 1708 426 πίστεως,
1739 391 1775 427 μὴ
1800 391 1842 439 καὶ

1060 436 1117 475 τῶν
1132 447 1193 474 λίαν
1205 444 1399 480 ἀπειρημένων
1464 443 1495 469 '0
1519 441 1547 468 δὲ
1559 438 1697 473 Ξιφιλῖνος
1710 437 1793 472 μέγας
1813 436 1844 462 ol-

1061 493 1178 527 κονόμος
1197 492 1236 519 ὢν
1247 491 1287 526 τῷ
1302 491 1373 522 τότε,
1388 489 1427 524 τῷ
1442 489 1517 523 γήρᾳ
1531 495 1561 513 τε
1586 486 1636 512 καὶ
1661 485 1696 519 τῇ
1717 483 1783 518 πρὸς
1804 482 1845 508 cev

1063 539 1179 575 βασιλέα
1197 536 1329 571 συνηθείᾳ
1341 534 1493 565 πιστεύων,
1514 531 1563 558 καὶ
1576 529 1773 565 προσελιπάρει
1788 535 1846 554 στα-

1063 586 1122 617 θεὶς
1138 584 1185 611 καί
1201 592 1233 618 γε
1248 583 1304 609 τῶν
1317 581 1442 616 γονάτων
1456 577 1505 606 τοῦ
1534 577 1668 613 βασιλέως
1693 575 1845 609 ἁπτόμενος,

1066 631 1105 666 μὴ
1132 628 1222 664 ζητῶν
1244 625 1431 661 ἀναχαιτίζειν
1461 623 1607 658 ἀλλότριον
1634 621 1769 655 πόλεμον,
1789 619 1847 645 ίδιον

1065 664 1126 703 καθ’
1142 675 1215 710 ἡμᾶς
1231 673 1330 703 αὐτοὺς
1341 670 1533 706 προσεπινοεῑν
1544 677 1552 684 ·
1567 667 1637 704 μηδὲ
1663 666 1717 701 γὰρ
1734 664 1846 701 εἰρηνεύ-

1067 730 1125 748 σειν
1139 721 1257 753 πάντας,
1271 718 1322 746 κᾶν
1336 718 1431 752 ἡμεῖς,
1444 716 1541 751 φησιν,
1558 712 1780 749 είρηνεύσαιμεν.

1070 800 1113 828 ιθ’.
1129 800 1230 832 ὀπως
1241 798 1286 830 εις
1303 797 1452 824 δύσνοιαν
1470 793 1703 832 διαξαλλόμενοι
1715 791 1743 818 οι
1756 790 1848 823 ulmu-

1327 832 1375 859 κοὶ
1398 829 1603 866 ὴνοχλοῦντο.

1105 904 1149 940 [Ρ.
1177 901 1244 938 265]
1276 901 1322 928 Ἐν
1347 900 1454 931 τούτοις
1476 898 1527 933 τῆς
1552 896 1662 932 ἡμέρας
1690 893 1850 940 τελεσθείσης

1069 939 1189 985 ἐκείνης,
1203 946 1378 983 ὲπισχὼνὲφ*
1393 945 1510 981 ἡμέραις
1525 945 1538 971 ὁ
1553 942 1694 978 βασιλεὺς,
1709 941 1755 967 καὶ
1769 939 1850 985 μαθὼν

1069 997 1107 1029 ὡς
1122 984 1160 1023 ὲνν
1173 995 1290 1023 κλύδωνι
1309 993 1344 1020 τὰ
1369 992 1420 1027 τῆς
1440 990 1607 1025 Ἑκκλησίας
1619 988 1674 1015 είσὶ
1691 988 1737 1014 καὶ
1761 984 1798 1018 εἷς
1814 985 1852 1012 τὺν

1069 1043 1119 1070 ἕνα
1143 1042 1174 1069 οὺ
1191 1041 1375 1076 παραδέχεται
1389 1040 1404 1066 ὁ
1425 1038 1505 1073 δῆθεν
1522 1035 1667 1066 ἁνένδοτος
1689 1035 1735 1061 τὸν
1751 1032 1851 1060 ὑποκλι-

1071 1089 1162 1121 θέντα,
1178 1086 1287 1123 πρῶτον
1303 1086 1353 1121 μὲν
1364 1084 1508 1121 σχεδιάσας
1521 1083 1607 1118 τόμον
1622 1079 1725 1109 σκοπὸν
1734 1080 1781 1114 τὴν
1795 1078 1852 1114 πρὸς

1073 1134 1188 1170 βασιλέα
1212 1132 1319 1160 εὔνοιαν
1339 1131 1437 1166 ιχοντα
1455 1129 1581 1157 ἐκέλευεν
1608 1126 1789 1163 ὑπογράφειν,
1812 1124 1853 1151 οὐκ

1074 1227 1240 1262 procederet,
1271 1224 1318 1252 sed
1350 1224 1402 1252 sub
1432 1223 1546 1251 obtentu
1578 1229 1650 1249 vano
1692 1217 1854 1255 subiectionis

1074 1275 1227 1304 ostentatae,
1244 1279 1300 1299 non
1316 1269 1448 1298 exhibita:
1463 1269 1566 1304 reipsa,
1590 1268 1725 1301 integram
1744 1272 1792 1293 nec
1807 1263 1854 1291 ullo

1075 1320 1259 1352 interruptam
1289 1323 1341 1344 usu
1366 1315 1471 1343 Graecis
1496 1319 1623 1342 servaret
1645 1313 1716 1349 juris
1738 1312 1854 1339 hactenus

1076 1363 1201 1397 usurpati
1222 1361 1438 1397 possessionem.
1455 1360 1548 1394 Longe
1560 1360 1598 1387 ab
1613 1359 1657 1387 his
1672 1358 1803 1386 diversum
1818 1355 1851 1382 vi-

1078 1409 1134 1436 deri
1150 1408 1234 1444 390
1250 1407 1326 1435 abire
1341 1407 1450 1434 tertium
1468 1406 1502 1433 de
1515 1404 1775 1433 commemoratione
1787 1402 1854 1437 Papa;

233 1465 361 1489 versans,
377 1457 424 1484 sed
449 1461 586 1483 momenta
608 1455 743 1482 rationum
761 1461 890 1489 sequens.
905 1453 1026 1481 Credere
1039 1455 1060 1484 C
1078 1455 1104 1481 in
1128 1461 1218 1481 sacro.
1240 1453 1292 1480 Per
1309 1452 1336 1479 id
1351 1451 1423 1478 enim
1436 1450 1528 1478 induci
1540 1450 1589 1485 jus
1601 1450 1628 1477 in
1645 1457 1735 1482 usum,
1747 1453 1773 1476 et
1786 1447 1853 1474 verba

234 1512 294 1532 sese
310 1504 372 1531 illos
388 1502 535 1534 antistites,
554 1502 601 1537 qui
618 1501 783 1529 sententiam
799 1505 961 1531 mutassent,
976 1499 1026 1527 ali-

235 1550 300 1585 quid
321 1549 422 1577 vidisse
440 1556 494 1583 quo
511 1551 686 1575 moverentur
700 1547 733 1574 ad
749 1545 973 1581 propendendurl
997 1545 1024 1572 in

237 1600 340 1630 partem
357 1595 490 1624 alteram.
511 1593 664 1628 fecisseque
685 1593 712 1620 in
736 1599 769 1620 eo
789 1589 863 1627 ipsos
880 1592 952 1626 quod
975 1591 1027 1619 sibi

236 1640 366 1675 expedire
381 1639 569 1674 judieassent;
588 1645 673 1672 neque
686 1644 798 1665 censere
813 1637 864 1664 ista
889 1637 915 1663 in
940 1643 969 1663 re
994 1635 1029 1663 ab

238 1687 306 1721 ipsis
335 1690 434 1713 contra
457 1684 655 1713 conscientiam
679 1688 834 1718 peccatum.
851 1682 937 1715 Quod
962 1689 1028 1709 vero

238 1733 388 1766 imperator
405 1731 526 1765 ipsorum
548 1730 582 1757 de
603 1729 646 1757 his
664 1730 828 1757 sententiam
848 1732 957 1763 rogaret
969 1748 976 1761 ,
995 1727 1028 1755 ad

239 1778 265 1805 id
281 1777 321 1805 sic
334 1776 545 1810 responderunt,
559 1775 679 1811 primunt
697 1775 749 1803 sibi
771 1783 818 1810 per
838 1781 932 1802 saeros
945 1780 1030 1801 cano-

240 1831 289 1851 nes
307 1831 361 1850 non
379 1822 460 1849 licere
470 1821 622 1848 deliberare
638 1821 671 1848 de
684 1820 850 1854 talibus,qui
868 1819 1031 1854 patriarcha:

241 1869 398 1900 subesscnt,
414 1867 530 1902 ejusque
544 1866 621 1901 sequi
637 1866 774 1902 judicium
788 1870 815 1893 et
829 1865 971 1900 praeceptis
982 1864 1031 1891 ob-

241 1919 394 1949 temperare
413 1912 554 1940 deberent.
572 1913 663 1945 Quare
680 1920 738 1940 non
755 1912 857 1938 habere
872 1918 902 1938 se
920 1910 992 1945 quod
1005 1910 1032 1937 in

241 1966 388 1988 commune
401 1958 536 1986 dicerent.
552 1957 638 1985 Posse
651 1963 742 1985 autem
754 1963 891 1992 quemque
905 1956 1032 1990 privatim

244 2004 422 2039 interrogari.
433 2003 479 2031 Sic
493 2004 565 2031 enim
582 2008 672 2031 metus
686 2003 790 2031 scilicet
807 2003 900 2030 nullus
916 2001 1034 2029 tardabit

243 2052 384 2087 sigillatim
405 2051 593 2086 interrogatos
607 2058 622 2077 ε
641 2050 784 2084 majestate
801 2056 852 2076 sua
863 2068 871 2081 ,
891 2055 924 2075 ne
936 2067 945 2081 ,
967 2047 1033 2082 quid

244 2098 310 2133 ipsis
327 2097 354 2125 in
370 2102 488 2124 mentem
515 2098 630 2129 venerit,
654 2095 795 2131 proferant
815 2102 898 2130 super
918 2095 952 2122 iis
973 2101 1035 2129 quae

245 2148 444 2180 proponentur.
460 2143 537 2171 Fecit
553 2144 605 2171 hoc
616 2143 708 2171 statim
724 2143 889 2178 imperator;
902 2146 1034 2169 eteorum

1080 1500 1151 1528 facto
1170 1498 1271 1526 sanciri
1292 1506 1298 1524 :
1318 1501 1376 1525 tum
1392 1497 1533 1524 enimvero
1550 1496 1579 1523 id
1594 1496 1709 1524 concedi
1724 1494 1792 1529 quod
1807 1497 1851 1519 tam

1080 1545 1190 1574 obnixis
1206 1545 1339 1572 hactenus
1360 1543 1461 1570 studiis
1475 1547 1636 1570 recusatum
1651 1549 1666 1568 a
1685 1541 1782 1569 nostris
1797 1545 1855 1566 sem-

1079 1600 1128 1628 per
1139 1595 1190 1622 est,
1202 1596 1231 1619 ut
1244 1590 1349 1617 scilicet
1363 1589 1454 1624 palam
1471 1589 1499 1616 in
1514 1592 1639 1616 nostrant
1651 1586 1854 1616 communionem

1080 1638 1260 1666 admittamur
1281 1636 1299 1663 ii
1329 1644 1399 1671 quos
1422 1639 1530 1664 constat
1550 1634 1579 1662 in
1604 1634 1765 1670 scripturam
1783 1630 1855 1667 publi-

1081 1691 1153 1716 cam,
1169 1687 1198 1711 et
1211 1690 1272 1710 eam
1288 1682 1399 1718 quidem
1416 1682 1502 1716 ipsam
1515 1688 1570 1716 qua
1590 1681 1654 1708 fidei
1676 1679 1766 1714 regula
1783 1675 1854 1704 tradi-

1083 1736 1137 1762 tur,
1161 1737 1257 1764 nempe
1282 1729 1309 1755 iu
1335 1728 1509 1764 Symbolum,
1532 1735 1604 1755 ausu
1623 1725 1784 1754 intolerabili
1804 1729 1856 1758 pec-

1082 1784 1170 1804 casse.
1184 1778 1218 1802 At
1231 1775 1390 1810 Xiphilinus
1407 1774 1497 1809 magni
1514 1779 1582 1801 tunc
1598 1773 1733 1801 mconomi
1757 1770 1856 1798 olm-ium

1083 1828 1226 1852 exercens,
1244 1828 1274 1847 ca
1294 1820 1394 1847 fiducia
1407 1827 1489 1854 quam
1506 1819 1530 1846 ei
1552 1818 1706 1847 auctoritas
1725 1813 1859 1844 senectutis

1083 1872 1111 1895 ct
1135 1867 1219 1894 multa
1239 1874 1301 1894 cum
1320 1867 1487 1901 imperatore
1501 1866 1680 1893 familiaritas
1695 1865 1793 1895 dabat,
1807 1867 1859 1888 cum

1085 1920 1164 1939 orare
1174 1916 1250 1939 stans
1261 1918 1424 1946 aggressus,
1440 1918 1502 1938 mox
1516 1910 1600 1938 etiam
1617 1909 1733 1945 procidit
1743 1914 1825 1936 coram
1833 1904 1859 1931 ad

1087 1958 1180 1993 pedes,
1199 1963 1225 1985 et
1241 1964 1329 1992 genua
1346 1956 1479 1991 principis
1494 1956 1640 1991 amplexus
1659 1956 1702 1983 his
1719 1961 1778 1982 eum
1792 1953 1859 1979 obte—

1086 2003 1233 2030 stabatur:
1252 2011 1261 2028 ι
1285 2001 1351 2029 Vide
1370 2002 1453 2029 etiam
1474 2006 1557 2036 atque
1580 2002 1663 2029 etiam
1678 2022 1685 2034 ,
1701 2000 1814 2030 domine,
1835 2005 1861 2024 ne

1088 2054 1215 2084 satagens
1231 2048 1313 2076 nimis
1335 2048 1416 2075 anxie
1439 2054 1563 2075 avertere
1589 2055 1604 2074 a
1626 2048 1706 2075 nobis
1730 2050 1858 2073 externum

1088 2095 1189 2123 bellum
1203 2095 1332 2123 intestino
1346 2094 1494 2122 diﬁiciliori
1507 2102 1556 2122 nos
1573 2094 1707 2129 implices,
1718 2100 1778 2120 cum
1789 2096 1862 2124 eoque

1087 2149 1183 2177 pacem
1200 2141 1302 2176 pariter
1317 2145 1475 2175 utramque.
1487 2140 1704 2168 ecclesiasticam
1717 2144 1743 2166 el
1757 2137 1861 2165 civilem.

246 2198 318 2226 quos
337 2190 464 2225 privatim
482 2189 606 2222 audivit,
628 2189 699 2216 alius
722 2188 772 2215 tria
788 2195 821 2215 ex
841 2194 919 2222 aequo
937 2190 1035 2214 cuncta
1052 2190 1074 2219 D
1089 2187 1195 2222 perdas.
1216 2186 1310 2222 Neque
1327 2186 1400 2214 enim
1414 2186 1457 2214 vel
1469 2186 1490 2213 si
1506 2193 1557 2213 nos
1569 2186 1596 2212 in
1616 2186 1687 2212 hanc
1703 2191 1793 2219 pacem
1809 2189 1863 2208 con-

246 2236 365 2271 capitula
384 2235 489 2270 rejecit,
513 2235 620 2262 nullum
640 2241 736 2261 eorum
755 2233 840 2268 accipi
860 2232 894 2260 ab
909 2232 1032 2260 Ecclesia

248 2289 327 2316 posse
341 2280 521 2312 contendens,
538 2288 598 2315 quae
614 2280 662 2306 uni
678 2286 806 2314 supremo
823 2278 903 2314 capiti
920 2277 1037 2313 patriar-

249 2328 309 2354 cha:
329 2335 380 2354 suo
394 2334 490 2361 parere
506 2326 650 2354 didicisset
670 2334 677 2352 :
693 2331 819 2361 oportere
835 2328 927 2352 autem
944 2328 1037 2352 tenere

249 2377 276 2400 et
289 2373 477 2400 transmittere
493 2371 526 2398 ad
543 2376 678 2406 posteros,
695 2371 767 2407 quod
783 2379 798 2398 a
816 2370 943 2398 Patribus
957 2377 1035 2397 acce-

252 2419 367 2454 pissent.
380 2418 505 2446 Pericula
519 2425 600 2453 porro
623 2425 684 2453 qua:
698 2417 855 2452 impendere
871 2416 1036 2448 dicerentur,

252 2464 295 2492 sui
310 2464 408 2499 privati
427 2463 549 2491 muneris
564 2472 619 2491 non
635 2470 697 2491 esse
711 2463 766 2490 alio
779 2462 861 2490 modo
875 2466 1039 2497 praevertere

253 2518 336 2546 quam
352 2509 527 2537 orationibus
547 2517 596 2545 pro
604 2516 699 2536 eorum
722 2508 881 2535 amolitione
900 2507 955 2534 Deo
975 2507 1039 2534 fun-

255 2556 362 2583 detulis.
382 2555 518 2589 Principis
530 2561 594 2582 vero
612 2554 638 2582 id
653 2554 742 2581 solum
757 2553 896 2589 postulare
909 2552 1041 2585 ofﬁcium,

256 2607 286 2629 ut
298 2601 321 2629 is
334 2601 404 2628 nihil
419 2601 536 2636 politicae
549 2600 706 2635 hellicaque
719 2599 910 2627 sollicitudinis
920 2598 1040 2630 omittat,

256 2655 317 2683 quae
336 2647 523 2682 prmeavendis
539 2646 617 2673 malis
635 2650 662 2673 et
685 2645 841 2680 reipublicae
854 2645 889 2672 ab
910 2644 944 2672 iis
963 2644 1040 2672 inco-

257 2693 323 2721 lumi
338 2693 479 2721 servandae
498 2692 641 2727 profutura
661 2692 798 2720 videatur.
815 2691 900 2718 Erant
919 2690 1042 2719 nonnulli

222 2759 225 2761 -
257 2740 304 2775 qui
320 2741 373 2766 duo
387 2739 478 2773 priora
494 2738 592 2773 capita.
609 2738 755 2773 primatum
768 2741 795 2764 et
808 2729 1039 2772 provocationem,

257 2784 317 2811 siue
338 2790 436 2818 magno
447 2783 547 2810 damno
563 2782 680 2809 relaxari
696 2789 777 2817 posse
791 2782 924 2812 dicereut,
940 2781 1041 2816 quippe

257 2837 374 2864 quorum
391 2833 518 2856 neutrum
534 2829 606 2856 ultra
623 2835 723 2855 nomen
731 2832 757 2856 et
767 2827 928 2862 speciemad
939 2826 1041 2854 factum

1091 2233 1259 2266 venerimus,
1276 2233 1304 2260 in
1317 2239 1385 2268 pace
1398 2232 1436 2260 illi
1449 2232 1555 2260 scilicet
1573 2231 1665 2259 cuncti
1678 2229 1839 2265 pcrstahunl.
1854 2234 1861 2250 ι

1093 2311 1139 2338 f9.
1162 2310 1195 2338 Ut
1211 2311 1372 2338 calumniam
1385 2311 1460 2343 passi
1472 2311 1562 2338 clerici
1576 2312 1655 2346 quasi
1673 2318 1766 2345 parum
1776 2307 1864 2346 iris/elei

1143 2347 1298 2381 imperatori
1323 2352 1419 2379 essent,
1439 2347 1525 2373 uexati
1545 2355 1574 2373 eo
1595 2347 1698 2373 "omine
1713 2345 1818 2379 fuerint.

1129 2412 1157 2439 In
1179 2412 1221 2439 his
1236 2412 1280 2439 illa
1299 2418 1459 2447 consumpta
1475 2412 1519 2440 die
1530 2432 1537 2445 ,
1554 2420 1601 2448 per
1616 2412 1718 2446 aliquot
1733 2411 1791 2437 inde
1805 2416 1865 2436 con-

1093 2463 1203 2486 secutas
1218 2458 1285 2485 nihil
1302 2458 1363 2485 nevi
1378 2458 1521 2493 Augustus
1535 2459 1629 2485 movit.
1648 2457 1765 2485 Tandem
1780 2454 1865 2482 videns

1093 2504 1242 2531 tumultum
1273 2505 1300 2530 in
1315 2503 1435 2531 Ecclesia
1471 2503 1673 2531 increbrescere
1707 2500 1861 2530 factionibus

1092 2549 1260 2583 commissis,
1278 2549 1342 2576 dum
1364 2557 1434 2577 unus
1446 2550 1529 2577 alium
1544 2552 1571 2577 in
1587 2549 1802 2577 communionem
1817 2552 1862 2572 non

1093 2595 1199 2631 recipit,
1213 2599 1240 2623 et
1255 2596 1302 2631 qui
1321 2596 1390 2624 fixus
1406 2597 1433 2623 in
1449 2597 1563 2632 antiquo
1579 2604 1660 2624 sensu
1679 2599 1792 2630 perstat,
1807 2598 1861 2619 eum

1095 2642 1141 2676 qui
1169 2643 1248 2669 novis
1273 2642 1513 2676 propositionibus
1539 2642 1657 2670 assensil
1681 2645 1709 2668 ut
1731 2638 1861 2676 profanum

1095 2693 1249 2719 aversatur,
1273 2688 1398 2722 gliscenti
1428 2688 1538 2715 obviam
1564 2689 1602 2715 ire
1625 2687 1696 2714 malo
1711 2683 1821 2713 decrevit
1838 2681 1862 2708 in

1097 2733 1170 2760 hunc
1193 2734 1316 2761 modum.
1338 2733 1409 2761 Ante
1429 2734 1521 2762 omnia
1547 2734 1678 2768 scriptum
1703 2727 1862 2760 concinnavit

1095 2788 1150 2815 quo
1164 2779 1251 2808 solum
1269 2780 1294 2807 id
1307 2787 1386 2816 agere
1399 2780 1541 2809 videbatur
1552 2779 1666 2808 utﬁdetn
1679 2784 1703 2806 et
1715 2775 1862 2811 obsequium

1097 2826 1254 2862 imperatori
1271 2833 1289 2854 a
1304 2826 1420 2855 subditis
1445 2827 1569 2855 debitum
1589 2826 1641 2854 sibi
1664 2826 1786 2852 lirmalet.
1801 2819 1864 2849 Sub-
