1936 3069
93 127 144 161 845

577 128 626 160 DE
652 129 846 161 MULHAELE
866 130 1094 162 PALEOLUGO
1115 131 1187 163 Llll.
1210 130 1242 162 V.

1663 130 1716 164 8ίῦ

93 179 141 210 οἷδ’
158 182 204 209 ἐπὶ
224 182 304 210 ποίαν
320 183 413 218 χρείαν
429 182 498 218 nam
512 182 558 209 τοῦ
582 183 656 216 δόξαι
675 185 748 218 σχεῖν
764 184 818 210 τῶν
832 185 880 218 τῆς
895 189 918 214 Α
932 184 960 210 δὲ
981 185 1062 220 μέχρι
1081 186 1231 220 Σηλυδρέας
1257 188 1302 212 καὶ
1326 186 1489 217 Ῥαιδεπτοῦ,
1517 187 1591 217 τινὰς
1614 187 1643 213 δὲ
1669 185 1716 214 καὶ

97 226 261 262 Ἐκκλησίας
278 228 490 262 ὑποημάνσεις,
505 227 557 254 κᾶν
574 229 601 255 al
621 229 763 260 ὑποθέσεις
780 229 808 256 τὸ
823 229 880 256 διά-

93 281 177 307 φορον
192 271 276 308 εἶχον.
289 273 418 300 Κάκεῖνοι
435 273 582 309 προθύμως
598 274 755 310 ὑπέγραφον
769 275 799 302 τὸ
812 275 881 309 πρδς

93 319 138 344 τὸν
159 319 286 353 Ἀϐραὰμ
301 318 347 345 τοῦ
362 318 440 350 Θεοῦ,
460 328 470 344 ί
490 319 521 346 Ul
535 319 708 354 εὐλογοῦντές
724 328 754 347 σε
768 320 881 355 εὐλογη-

93 364 182 397 μένοι,
191 363 237 390 καὶ
248 365 272 390 ol
281 364 471 399 καταρώμενοι
480 373 510 390 σε
519 365 730 400 κεκατήρανται.
742 374 752 391 ι
766 363 881 392 Ἔπειτα

95 409 207 444 πέμψας
227 410 289 440 τοὺς
313 409 393 441 ἰδίους
410 410 499 436 οἰκίαν
518 410 633 437 ἑκάστου
648 409 839 445 κατεψηὶάφα,
853 411 882 442 ὅς

93 454 118 480 τ’
131 455 218 487 αἴτιος
230 456 259 487 ὃς
273 464 302 482 τε
317 458 365 482 καὶ
379 456 450 491 οὐχί.
479 456 534 482 Καὶ
548 457 565 491 ἡ
581 457 727 492 πρόφασις,
741 457 778 488 ὡς
801 457 882 483 αὐτὸν

97 501 146 535 μὲν
161 498 230 528 εῖναι
248 501 294 528 τὸν
311 501 482 537 κατασχόντα
497 501 547 537 τὴν
572 502 659 534 πόλιν,
676 502 723 528 καὶ
747 503 814 538 πρὸς
826 503 882 533 τοῖς

95 546 184 577 ἄλλοις
197 546 278 573 αὑτοῦ
292 547 340 573 καὶ
355 547 436 581 μόνου
449 547 497 573 κα)⁸
518 547 567 578 τὰς
578 548 667 579 οἰκίας
681 546 762 580 εῖναι,
777 549 882 583 ἀποχα-

97 592 221 625 ρὶζεσθαι
246 592 274 619 δὲ
298 592 399 624 ταύτας
416 594 470 625 τοῖς
497 593 628 625 εὐνοοῦσι,
643 596 698 626 τοῖς
717 593 745 620 δὲ
773 594 843 621 κατά
857 603 883 620 τι

96 638 275 673 ἀφηνιάζουσι
296 639 344 665 καὶ
361 639 416 673 ’τὴν
439 639 518 673 χάριν
544 639 716 674 ἀνατρέπειν,
740 638 847 666 δίκαιον
861 640 883 666 δ’

95 681 165 708 εἶναι
189 682 236 709 καὶ
258 681 294 709 τὰ
317 682 372 709 τῶν
393 683 504 710 δπισθεν
530 684 633 718 χρόνων
658 683 802 719 ἀναζητεῖν
821 685 884 716 τοὺς

96 726 265 758 ἐνοικοῦντας
291 727 410 755 ἐποίκια.
439 728 698 762 Ἀνεκεφαλαιοῦντο
727 730 884 764 παραυτίκα

96 771 199 805 κόσμιά
210 780 240 798 τε
254 774 367 798 παντοῖα
382 774 428 799 καὶ
444 772 544 800 ἔπιπλα
561 773 609 800 καὶ
619 775 673 800 πᾶν
689 774 703 800 ὃ
719 783 744 801 τι
763 783 805 806 τις
815 773 883 810 εἶχε,

96 818 184 844 καὶτὸ
198 818 290 853 μεῖζον
304 819 443 853 ἐκρίνοντο
453 819 500 846 καὶ
512 820 550 850 εἰς
564 820 737 846 καθοσίωσιν.
755 820 882 855 Ἠτοιμά-

933 229 1008 262 ἐντὸς
1024 231 1070 256 τοῦ
1085 231 1156 258 κατὰ
1169 232 1214 259 τδν
1229 231 1317 266 Φάρον
1332 232 1440 267 λιμένος
1454 233 1717 267 γνωσιμαχήσαντας

933 275 1074 302 ὑποκλϋαί
1086 285 1115 303 τε
1134 277 1181 304 καὶ
1197 277 1376 312 ὑποστρέψαι.

932 355 967 379 κ’.
983 352 1018 380 Τὸ
1037 355 1112 391 κατὰ
1125 356 1178 391 τὸν
1188 356 1301 389 ῥήτορα
1316 355 1370 389 τῆς
1393 355 1560 390 ἐκκλησίας
1575 354 1716 391 dim-mm,

1057 390 1106 416 καί
1122 389 1175 416 τοῦ
1189 390 1384 425 συγγραφέως
1402 391 1592 425 σχετλίασις.

969 455 1078 486 Τούτοις
1095 455 1265 490 προσκείσθω
1280 457 1328 483 καὶ
1342 457 1372 484 τὸ
1390 457 1461 484 κατὰ
1475 457 1520 484 τὸν
1536 457 1636 494 ῥήτορα
1661 458 1720 494 6ιὴ-

934 509 1021 534 γημα,
1038 500 1154 535 φοϐερὸν
1167 500 1196 527 ὃν
1213 501 1290 533 ίδείν,
1308 502 1422 537 φοϐερὸν
1433 502 1461 529 δὲ
1478 503 1525 529 καὶ
1537 503 1642 535 παθεῖν,
1651 504 1719 540 πλὴν

933 545 984 572 οὐκ
999 546 1046 572 ἐπὶ
1062 545 1158 572 τούτου
1176 546 1222 572 τοῦ
1236 547 1331 581 καιροῦ
1351 548 1474 581 γεγονὸς,
1489 547 1556 574 ἀλλὰ
1573 549 1719 583 πρότερον.

934 588 1111 625 Συνάπτομεν
1127 590 1155 617 δὲ
1168 591 1223 622 τοῖς
1239 591 1334 623 δεινοῖς
1350 593 1383 619 τὰ
1398 593 1472 620 δεινὰ
1483 594 1524 626 είς
1537 595 1587 628 τὴν
1597 594 1647 627 τῆς
1659 595 1720 620 τότε

935 634 995 670 βίας
1023 636 1204 668 παράστασιν.
1220 636 1253 663 Ai
1276 636 1304 664 αἲ
1326 638 1367 664 ὅτι
1389 639 1436 665 καὶ
1455 640 1572 666 τοσαῦτα
1589 640 1721 672 παθόντες

935 680 990 711 τοῖς
1010 679 1122 716 ὕστερον
1144 681 1250 708 ἐλθοῦσι
1267 682 1334 717 μηδὲ
1360 685 1478 717 φανεῖσι,
1504 684 1542 720 μὴ
1565 684 1668 717 λέξασι,
1685 685 1721 720 μὴ

936 725 1063 757 παθοῦσι,
1090 726 1169 761 μόνον
1183 727 1206 753 δ’
1228 728 1346 763 ἀφανείᾳ
1363 729 1487 763 κρυϐεῐσι
1507 731 1554 757 καὶ
1574 730 1620 756 τοῦ
1638 731 1722 765 μηδε-

937 773 1000 806 μιᾶς
1012 771 1155 804 ἀξιοῦσθαι
1165 774 1304 809 φροντίδος
1316 775 1406 809 χάριν,
1421 776 1533 810 ἀπηνῶς
1545 776 1720 812 ἐκρινόμεθα,

935 816 1004 844 εἴπω
1026 818 1053 844 δὲ
1071 819 1118 846 καὶ
1141 820 1299 854 κρινόμεϐα.
1321 820 1425 854 Ὑμεῖς,
1443 818 1466 847 ὦ
1480 819 1563 854 οὗτοι,
1588 822 1651 853 τοὺς
1672 823 1722 856 τῆς

97 864 174 897 {ev-ru
194 864 222 891 δὲ
237 865 284 891 καὶ
299 865 420 899 φορτίδες
434 865 481 891 τοῦ
505 864 672 899 ὲξορίζεσθοιι
690 865 752 896 τοὺς
765 865 816 900 ἤδη
831 873 883 891 κα-
900 859 921 884 Β
942 863 1103 899 Ἐκκλησίας
1117 873 1125 880 ·
1155 865 1207 892 ποῦ
1225 867 1337 897 στάντες
1359 868 1375 900 ἢ
1392 867 1444 893 ποῦ
1471 868 1567 902 βάντες
1589 868 1606 903 ἢ
1626 868 1651 894 τί
1675 870 1722 894 καὶ

96 910 243 946 τειχρίτους
268 910 424 941 δοκοῦντας.
439 910 476 936 Οὐ
501 910 554 946 μὴν
572 910 601 936 δὲ
622 911 669 936 καὶ
695 910 791 945 μέχρις
807 910 882 936 ὲλπι-

98 956 175 992 υμῶν
185 956 220 982 τὰ
233 955 307 982 δεινὰ
314 953 394 991 ἦσαν,
410 955 476 982 ἀλλὰ
487 958 534 982 καὶ
545 956 627 990 πείρᾳ¹
642 955 713 986 τινὲς
721 955 775 982 τῶν
788 955 882 982 δεινῶν

99 1001 281 1036 μετεῖχον,ὠ;
296 1001 358 1032 τοὺς
369 1001 418 1035 μὲν
433 1001 472 1032 ei;
483 1001 602 1035 Λῆμνον,
618 1002 680 1032 τοὺς
690 1000 712 1027 δ’
728 1002 757 1033 ἐς
768 1001 881 1036 Σκῦρον,

98 1048 196 1078 ἄλλους
203 1046 227 1073 δ’
239 1048 266 1079 ἐς
279 1046 342 1074 Κέω
353 1046 398 1073 καὶ
409 1046 502 1077 ἄλλους
513 1047 539 1078 ὲς
545 1046 662 1077 Νικαίας
673 1046 749 1073 πόλιν
759 1046 884 1082 περιορίυ

99 1093 206 1124 ζεσθαι,
219 1092 315 1123 ἄλλους
334 1092 358 1117 δ’
369 1090 447 1123 αὖθις
460 1092 510 1126 τῆς
530 1092 635 1123 πόλεως
654 1091 717 1123 τοὺς
740 1091 789 1126 μὲν
801 1092 884 1118 ἀκονι-

101 1138 177 1170 σίως,
193 1138 256 1169 τοὺς
280 1137 302 1163 δ’
320 1137 431 1169 ἑκόντας
454 1137 635 1173 ὲξορίζεοθαι,
651 1136 693 1172 [Ρ.
710 1136 773 1172 266]
788 1137 884 1168 ἄλλους

100 1228 222 1255 scribere
234 1227 273 1255 illi
290 1227 373 1262 jussit
390 1234 621 1262 unumquemque.
639 1226 711 1254 haud
727 1226 785 1254 seio
804 1233 884 1261 quem

100 1276 134 1302 ad
146 1281 239 1306 usum,
256 1275 308 1301 nisi
320 1273 390 1301 forte
405 1278 434 1301 ut
450 1273 665 1307 subscriptiones
679 1273 883 1300 ecclesiastico-

101 1329 162 1349 rum
177 1321 345 1356 expressisse
357 1320 462 1346 tandem
476 1320 563 1354 ipsum
576 1318 647 1346 fama
661 1319 796 1353 vulgante,
807 1319 883 1346 utulti

100 1372 229 1403 putarent
240 1367 316 1401 ipsos
328 1366 361 1393 ad
373 1366 464 1393 omnia
479 1372 618 1396 assensus,
634 1365 678 1399 qui
692 1365 796 1392 scilicet
809 1365 885 1399 igno-

101 1417 197 1441 rarent
221 1412 291 1440 nihil
317 1411 590 1440 ecelesiasticumeo
613 1410 716 1444 scripto
740 1409 884 1437 contineri.

100 1458 247 1493 Promptus
260 1464 290 1485 se
301 1457 401 1492 passim
416 1458 449 1484 ad
465 1456 509 1484 isti
521 1455 746 1484 subscribendum
763 1455 886 1482 formula!

99 1504 280 1532 ecclesiastici
309 1502 475 1538 praebebant.
500 1501 605 1536 prolixe
635 1500 792 1535 imperatori
818 1500 885 1526 bene

99 1529 367 1586 veibis
385 1548 438 1575 illis
455 1529 548 1575 D'eial
569 1529 754 1574 Abrahamum
774 1555 782 1574 :
801 1555 810 1572 ι
833 1545 885 1578 Qui
901 1529 923 1557 ο

100 1595 294 1624 benedixerint
319 1594 385 1626 tibi,
413 1595 469 1622 sint
494 1593 545 1628 ipsi
566 1592 702 1620 benedicti
722 1591 823 1627 :39]
840 1591 887 1627 qui

101 1641 297 1669 maledixerint
318 1640 386 1672 tibi,
404 1638 589 1666 maledictioni
608 1638 777 1673 subiaceant.
797 1647 806 1663 ι
825 1637 888 1664 Post

101 1688 162 1713 haec
186 1685 300 1713 immisit
322 1684 481 1712 satellitium
503 1691 583 1710 suum
609 1682 710 1717 passim
736 1682 763 1708 in
791 1682 888 1709 domos

101 1736 256 1760 scrutatum
271 1735 296 1758 et
312 1734 508 1757 contrectatum
524 1729 617 1756 odiose
634 1729 742 1760 intima,
755 1728 816 1755 sine
832 1729 888 1755 dis-

101 1778 219 1805 crimine
237 1777 388 1804 innocentis
412 1780 459 1802 aut
474 1775 584 1810 culpati.
605 1775 760 1809 Allegabat.
780 1782 811 1800 ex
834 1781 888 1808 quo

102 1826 161 1858 ipse
172 1823 267 1851 urbem
283 1830 316 1849 ex
332 1821 411 1848 hoste
426 1820 538 1855 ceperit,
556 1820 582 1847 in
595 1827 673 1846 suum
690 1819 829 1853 proprium
843 1819 888 1853 jus

102 1869 239 1897 transisse
248 1868 344 1895 domos
359 1868 418 1901 ejus
432 1866 585 1893 universas.
601 1865 701 1892 llarum
715 1872 796 1899 porro
808 1872 887 1892 usum

101 1916 170 1943 citra
187 1916 303 1948 pretium
319 1913 460 1947 indulgere
477 1920 507 1939 se
521 1912 582 1939 fidis
599 1911 649 1938 sibi
667 1920 673 1939 :
688 1911 822 1945 suspectis
840 1919 889 1937 au—

103 1968 158 1990 tem
176 1965 204 1988 et
217 1960 333 1995 quadam
347 1958 374 1986 in
390 1966 418 1985 re
434 1958 486 1985 sibi
500 1964 596 1992 parere
613 1956 795 1984 abnuentibus
809 1956 887 1982 istam

102 2008 176 2035 nolle
190 2006 304 2041 gratiam
320 2005 421 2037 facere,
435 2004 483 2032 sed
496 2008 523 2031 et
536 2011 568 2030 ex
587 2003 630 2030 bis
645 2003 709 2038 jure
722 2010 750 2029 se
768 2007 887 2030 utentem

101 2061 155 2081 suo
172 2052 291 2087 pretium
309 2049 454 2078 locationis
467 2048 635 2084 respondens
651 2055 790 2076 concessae
810 2048 888 2074 babi-

101 2097 200 2126 ιιιιὶοηί
222 2102 263 2125 tot
284 2101 358 2124 retro
387 2103 521 2123 annorum
546 2100 676 2129 repetere.
698 2093 728 2120 ln
752 2101 887 2121 summam

101 2151 169 2180 ergo
191 2142 383 2171 conferebatur
398 2141 514 2176 pecunia
533 2140 623 2168 debita
641 2148 690 2175 pro
716 2147 766 2167 usu
789 2140 887 2167 aedium

934 909 1079 944 χρήσιμιον
1094 910 1277 945 ἑνδειξάμενοι
1290 921 1297 945 ;
1313 912 1370 938 ἀλλ’
1382 912 1431 948 οὐχ
1443 913 1519 948 ὑμῖν,
1534 914 1590 945 τοῖς
1604 914 1632 940 δὲ
1644 913 1722 947 δεξα-

936 953 1029 988 μένοις
1049 955 1065 990 ή
1084 956 1198 991 μέμψις,
1217 957 1263 983 καὶ
1280 958 1380 992 μᾶλλον
1393 959 1433 984 ὅτι
1447 959 1583 989 κάκείνοις
1599 959 1721 985 ἐπιτιῦε-

936 999 1027 1032 μένοις
1044 999 1200 1034 ἐχρώμεθα.
1222 1001 1302 1027 Ἀλλὰ
1322 1002 1355 1028 τὰ
1374 1001 1425 1037 μὲν
1444 1003 1507 1036 περὶ
1532 1003 1633 1029 τούτων
1650 1002 1720 1035 ἅλις,

935 1044 1001 1078 ἡμῖν
1012 1043 1040 1070 δὲ
1055 1045 1149 1079 καιρῦς
1159 1045 1189 1071 τὸ
1201 1046 1292 1072 καινὸν
1307 1046 1457 1081 διηγεῖσθαι
1468 1047 1600 1083 διήγημα.
1616 1048 1721 1082 Ἡμέρα

933 1086 967 1123 ἦν
983 1090 1011 1115 ἐν
1028 1090 1083 1121 τοῖς
1100 1091 1183 1125 ἱεροῖς
1197 1091 1356 1126 ἀνακτόροις
1369 1092 1514 1124 ουνὰξεως,
1526 1093 1573 1118 καὶ
1583 1093 1600 1126 ἡ
1611 1091 1721 1124 σῦναξις

935 1135 1007 1169 ἱερὰ,
1022 1136 1068 1161 καὶ
1084 1136 1146 1162 ὅσον
1161 1137 1190 1163 ἐν
1202 1137 1388 1172 ἱερομονάχοις
1406 1139 1453 1164 καὶ
1463 1138 1550 1170 ἄλλως
1560 1138 1721 1174 ἱερωμένοις

935 1223 1109 1252 Rhazdcstum
1123 1226 1219 1254 exsilio
1234 1227 1521 1262 praelinitomonnullis
1531 1220 1599 1256 citra
1613 1233 1721 1264 portum

936 1270 981 1304 qui
1002 1270 1035 1297 ad
1052 1270 1171 1298 Pharum
1186 1276 1242 1305 est;
1256 1281 1373 1306 quorum
1393 1274 1468 1300 multi
1485 1275 1555 1301 malo
1575 1275 1608 1302 ad
1627 1283 1721 1302 assen-

936 1322 996 1342 sum
1012 1317 1101 1348 tracti,
1116 1316 1286 1352 professique
1301 1326 1328 1346 se
1343 1319 1402 1354 paci
1422 1320 1606 1353 acquiescere,
1625 1320 1722 1354 postli-

937 1358 1021 1386 minio
1033 1361 1152 1387 revocati
1172 1361 1295 1389 redibant
1310 1363 1432 1392 domum.
1541 1378 1553 1395 «-

936 1435 982 1462 20.
1011 1436 1138 1465 Narratio
1151 1440 1276 1477 supplicii
1295 1443 1392 1468 atrocia
1408 1443 1519 1477 irroguti
1533 1443 1640 1475 rhetori,
1654 1451 1676 1470 et
1692 1445 1722 1470 de

1154 1483 1183 1500 eo
1206 1475 1361 1503 lamentatio
1383 1475 1512 1505 Itirlori‘ct’.

975 1540 1024 1568 liis
1044 1541 1158 1569 addatur
1174 1544 1296 1571 narratio
1316 1543 1350 1571 de
1365 1545 1484 1578 rhetore,
1504 1549 1581 1573 atrox
1598 1548 1722 1581 quaedam

939 1591 965 1612 et
981 1586 1111 1615 terribilis
1125 1588 1210 1615 etiam
1228 1590 1415 1624 spectantibus
1427 1611 1434 1622 ,
1453 1592 1538 1619 multo
1556 1592 1645 1627 magis
1672 1601 1720 1627 pa-

939 1633 1026 1660 licnti.
1036 1633 1197 1668 Quanquam
1219 1635 1276 1662 haec
1285 1636 1394 1670 quidem
1411 1645 1455 1663 res
1470 1645 1522 1664 non
1538 1638 1589 1665 hoc
1602 1643 1722 1673 tempore

939 1679 1064 1714 contigit,
1075 1681 1121 1707 sed
1135 1681 1215 1715 paulo
1228 1686 1300 1708 attte.
1313 1681 1472 1710 Referemus
1487 1689 1577 1711 autem
1590 1684 1640 1712 hoc
1650 1686 1719 1718 loco,

938 1724 1019 1759 392
1038 1725 1235 1761 conjungentes
1262 1727 1360 1755 similia
1381 1729 1528 1760 similibus.
1545 1731 1636 1765 gravia
1657 1739 1720 1764 gra~

939 1771 1029 1802 ribus,
1052 1771 1078 1797 in
1095 1772 1232 1805 specimen
1252 1774 1380 1800 exercitae
1399 1778 1464 1801 tunc
1479 1775 1623 1803 violentiae.
1648 1776 1720 1804 Heu!

940 1816 990 1841 heu
1010 1816 1125 1844 miseros
1140 1818 1198 1845 nos!
1215 1819 1287 1853 quod
1306 1823 1380 1847 tanta
1400 1821 1471 1854 passi
1494 1822 1528 1848 ab
1545 1822 1587 1849 bis
1609 1823 1656 1857 qui
1676 1830 1723 1858 po.

939 1862 1039 1889 sterius
1055 1868 1198 1896 venerunt,
1215 1872 1331 1898 quorum
1349 1865 1375 1892 in
1400 1866 1450 1893 hoc
1472 1871 1528 1894 toto
1551 1868 1658 1902 negotio
1674 1876 1723 1896 nee

939 1907 1023 1935 facies
1038 1907 1095 1936 visa
1112 1917 1160 1936 nec
1177 1911 1268 1937 audita
1284 1919 1334 1939 vox
1348 1916 1403 1945 est;
1421 1913 1469 1947 qui
1481 1913 1553 1948 quod
1568 1914 1635 1941 nihil
1651 1916 1738 1950 passi.

938 1959 1014 1985 sunt,
1029 1954 1189 1983 obscuritati
1204 1963 1260 1983 suae
1274 1957 1426 1993 vilitatique
1445 1950 1610 1993 debuerunt,
1629 1961 1723 1996 utique

939 2007 992 2026 non
1009 2001 1076 2028 tanti
1093 2001 1187 2035 habiti,
1203 2007 1233 2030 ut
1248 2010 1345 2031 curare
1360 2005 1393 2032 de
1406 2005 1472 2039 ipsis
1488 2011 1535 2034 aut
1549 2007 1662 2034 omnino
1679 2016 1724 2035 co-

939 2048 1025 2081 gitare
1042 2048 1217 2083 dignarentur
1232 2051 1279 2085 qui
1297 2051 1355 2079 haec
1376 2052 1532 2080 movebant.
1549 2053 1590 2080 Ab
1610 2053 1661 2085 his,
1681 2053 1724 2080 irt-

939 2101 1033 2128 quam,
1046 2102 1097 2120 non
1113 2094 1305 2129 judicabamur
1315 2105 1322 2130 ;
1334 2102 1360 2124 et
1374 2098 1439 2132 quid
1452 2098 1723 2133 dieojudieabamur?

940 2147 1012 2166 nunc
1031 2147 1140 2174 quoque
1153 2141 1321 2174 judicamur.
1345 2141 1399 2170 Vos
1413 2142 1546 2177 alloquor,
1563 2150 1579 2171 o
1593 2144 1724 2172 ecclesia-

102 2192 137 2218 ab
151 2189 234 2218 annis
246 2189 303 2223 jam
318 2192 380 2216 ante
397 2187 507 2219 multis;
523 2193 550 2215 et
565 2186 623 2222 cjus
644 2193 764 2221 praesens
787 2186 887 2213 solutio
906 2194 926 2221 ι)
941 2185 1014 2217 stici,
1032 2185 1077 2212 ubi
1094 2191 1207 2221 stantes,
1223 2191 1269 2214 aut
1282 2196 1336 2223 quo
1354 2190 1500 2224 progressi,
1516 2195 1562 2220 aut
1585 2191 1648 2225 quid
1664 2199 1723 2218 om-

101 2235 277 2271 exigebatur,
293 2234 374 2268 idque
389 2233 535 2268 peracerbe
552 2232 713 2267 pignoribus
734 2232 826 2258 statim
844 2239 889 2258 ca-

102 2283 157 2317 ptis
173 2284 201 2308 et
216 2287 249 2308 eo
267 2280 378 2306 nomine
399 2279 490 2306 ablata
507 2278 634 2306 falttiliari
651 2277 829 2311 supellectile.
850 2277 887 2303 Ita
902 2304 907 2309 ,

101 2326 301 2355 corradebatur
317 2325 449 2360 quidquid
464 2325 615 2352 ornamenti
636 2329 682 2351 aut
707 2325 832 2358 pretiosa:
851 2324 887 2349 rei

100 2374 178 2400 cives
196 2373 223 2400 in
239 2372 344 2399 a‘dibus
355 2371 502 2399 habebant.
515 2371 603 2398 Naves
616 2371 697 2397 etiam
712 2370 888 2404 parabantur,

100 2427 164 2455 qua:
174 2418 248 2450 illos,
257 2417 304 2452 qui
317 2417 372 2452 jam
385 2416 452 2444 satis
462 2416 522 2450 ejus
535 2416 657 2443 criminis
668 2415 799 2450 comperti
810 2415 887 2441 datuv

99 2466 218 2499 natique
232 2464 406 2495 viderentur,
433 2462 460 2489 in
486 2462 560 2489 varia
579 2461 673 2489 exsilia
700 2461 886 2495 deportarent.

99 2511 156 2539 Nec
166 2511 225 2545 jam
241 2509 269 2536 in
281 2509 363 2536 minis
374 2513 421 2535 aut
434 2507 490 2535 sola
501 2507 703 2542 exspectatione
718 2506 789 2532 mala
802 2505 887 2532 Incre-

99 2558 179 2588 bant,
196 2556 244 2583 sed
257 2555 283 2581 in
302 2562 423 2589 praesens
439 2553 547 2581 illorunt
563 2551 780 2586 experimentum
797 2552 887 2577 miseri

98 2603 299 2633 trahebantur;
324 2607 441 2635 quorum
464 2598 548 2633 aliqui
568 2598 594 2624 in
613 2597 763 2629 Lemnum,
790 2597 835 2623 alii
862 2597 887 2622 in

99 2649 233 2684 Scyrum,
250 2646 373 2674 nonnulli
386 2645 414 2672 in
435 2644 533 2676 (leum.
548 2644 658 2679 quidam
676 2644 793 2677 denique
807 2644 833 2668 in
847 2651 889 2669 ur-

98 2695 162 2722 bem
180 2692 300 2720 Nicaeam
319 2691 519 2725 relegabantur.
535 2690 585 2716 Alii
603 2690 704 2724 passim
725 2689 889 2716 extermina‘

98 2741 204 2768 bantur
233 2739 312 2771 urbe,
340 2738 381 2765 vel
409 2738 479 2771 jussi
504 2736 637 2763 excedere
663 2735 822 2762 norninatim
848 2735 888 2760 vel

99 2791 200 2821 sponte
232 2785 422 2812 necessitatem
454 2787 666 2817 prawertentes,
700 2781 911 2815 quibusdam..

98 2831 191 2866 quoad
211 2830 302 2858 adhuc
319 2829 517 2860 dclih:-rareut,
540 2834 625 2862 usque
641 2826 673 2853 ad
690 2826 841 2861 Selybriam
860 2831 888 2853 et

941 2231 1006 2257 nino
1022 2231 1048 2258 in
1069 2239 1242 2259 communem
1260 2232 1404 2260 utilitatem
1423 2234 1547 2268 operati?
1563 2234 1610 2261 sed
1631 2240 1721 2262 vestra

942 2276 1000 2303 haec
1014 2276 1092 2311 culpa
1109 2285 1162 2304 non
1175 2283 1226 2305 est.
1243 2278 1282 2305 Illi
1298 2283 1362 2306 sunt
1379 2279 1593 2314 reprehendendi
1611 2281 1657 2315 qui
1670 2281 1721 2308 ista

941 2327 1121 2356 acceperunt;
1142 2331 1297 2358 quanquam
1323 2329 1365 2352 est
1385 2325 1457 2352 aliud
1480 2327 1568 2362 majus
1592 2328 1664 2362 quod
1689 2328 1722 2356 iis

941 2374 1161 2396 succenseamns.
1175 2368 1233 2397 Non
1258 2370 1330 2397 enim
1356 2375 1486 2400 tolerasse
1501 2373 1543 2399 vel
1559 2373 1724 2407 approbasse

940 2415 1058 2440 contenti
1075 2415 1145 2449 quod
1168 2415 1212 2441 alii
1230 2415 1356 2450 agebant,
1374 2416 1400 2443 in
1419 2421 1522 2452 partem
1544 2417 1595 2452 ipsi
1613 2418 1720 2453 injuria:

941 2464 1088 2492 venerunt;
1106 2461 1155 2494 ipsi
1177 2461 1203 2487 in
1223 2469 1272 2489 nos
1290 2461 1380 2489 infesti
1398 2467 1522 2493 ruerunt.
1538 2464 1657 2499 ipsorum
1672 2472 1722 2491 au-

941 2505 1064 2532 xiliarem
1079 2513 1188 2539 operam
1207 2507 1309 2534 nostris
1331 2509 1538 2542 oppressoribus
1565 2510 1720 2536 narantium

940 2551 1043 2584 experti
1059 2550 1111 2577 vim
1126 2559 1228 2578 sumus.
1247 2552 1299 2579 Sed
1315 2553 1487 2588 querelarum
1499 2555 1578 2582 satis.
1592 2554 1619 2581 Id
1631 2555 1720 2589 potius

940 2595 1012 2629 quod
1033 2596 1206 2631 suscepimus
1222 2605 1335 2631 agamus
1352 2606 1358 2624 :
1378 2606 1439 2626 nam
1455 2599 1492 2626 rei
1510 2607 1586 2626 novae
1599 2600 1722 2635 inopina-

940 2645 1028 2673 taeque
1054 2641 1202 2669 referendae
1223 2643 1273 2670 hoc
1295 2648 1401 2677 tempus
1421 2644 1563 2679 elegimus.
1585 2646 1644 2673 llics
1662 2651 1721 2672 erat

939 2687 1117 2715 ecclesiastici
1135 2694 1286 2716 conventus
1302 2689 1329 2716 iit
1345 2697 1424 2717 sacro
1438 2691 1549 2725 palatio.
1567 2691 1595 2718 ln
1610 2699 1719 2718 sacrum

939 2740 1000 2759 eum
1016 2738 1117 2760 canum
1132 2734 1276 2762 collectum
1295 2736 1382 2762 fuerat
1396 2741 1526 2770 quantum
1542 2741 1600 2764 erat
1618 2742 1672 2764 tum
1693 2739 1718 2763 in

940 2780 1006 2806 urbe
1023 2780 1196 2807 sacerdotum
1222 2787 1248 2808 et
1266 2782 1473 2810 monachorum.
1499 2783 1598 2810 Aderat
1623 2788 1650 2810 et
1676 2792 1721 2819 pi-

941 2826 1059 2853 triatclia
1076 2834 1136 2854 culti
1151 2827 1277 2854 universa
1291 2828 1405 2862 synodo.
1418 2827 1624 2856 Delihcratizmi,
1639 2839 1719 2865 ςιςειι·
