1936 3069
224 139 279 172 855

829 139 987 170 GEORGII
1011 140 1250 171 PACHYMERtE

1797 140 1848 171 85$

225 199 391 235 μειοντα,τδν
404 199 483 226 αὑτὸν
493 201 591 234 τρὸπον
609 199 655 226 καὶ
670 199 729 226 τότε
749 201 782 234 τῇ
798 199 844 226 τοῦ
861 200 927 227 Θεοῦ
950 201 1010 228 Ἐκ·
1026 203 1046 230 Α
1064 201 1179 237 κορύζης
1193 201 1296 235 όπόσηί
1316 201 1350 227 ’Ὀ
1366 209 1392 227 τι
1417 199 1438 226 δ’
1454 199 1486 226 ἂν
1501 186 1543 230 τις
1557 198 1660 225 ἐκεῖνον
1681 197 1729 224 καὶ
1745 198 1848 225 πείσειε

223 246 323 281 πλησία
351 245 502 273 συνέσαινε.
528 246 660 281 Προόντος
684 245 739 280 γὰρ
756 245 937 281 ἀποχρώντως
963 247 1010 273 τοῦ

222 293 293 318 κατὰ
317 292 362 318 τὸν
390 293 528 327 Ἀρσένιον
554 292 712 327 σχίσματος,
737 291 938 326 ἐπισυμπίπτει
965 293 1012 318 καὶ

220 337 348 373 δεύτερον
361 338 432 369 τόδε,
448 337 512 364 ὥστ’
526 335 596 364 εῖναι
613 338 662 372 μὲν
679 337 724 364 καί
747 337 831 371 ἄμφω
844 336 878 363 τὰ
894 336 1010 371 μέγιστα

220 383 427 419 ἀρρωστήματα
451 383 496 410 καὶ
524 383 555 409 τὸ
573 384 644 418 μέγα
671 383 720 418 τῆς
741 382 903 417 Ἐκκλησίας
930 382 1010 417 σῶμα

221 430 268 457 καὶ
283 430 463 457 ἀστασίαστον
490 427 535 456 οἷά
550 438 580 456 τε
606 428 840 463 διαλυμαίνεσϐαι,
865 427 926 454 καθ’
939 428 1009 454 αὐτά

219 474 248 502 δὲ
263 475 310 502 καὶ
323 475 383 502 λίαν
398 474 554 509 ἀξύμσατα,
568 475 666 504 αὐτοὺς
680 474 702 500 δ’
711 473 788 505 αὖθις
799 473 861 505 τοὺς
875 474 1008 509 ἑκατέρας

219 520 327 555 μερίδος
354 521 423 556 πρὸς
450 521 583 556 ἀλλήλους
607 521 762 555 διαφωνεῖν,
787 520 834 546 καὶ
860 520 924 551 τοὺς
959 520 1007 554 μὲν

217 563 261 601 [Ρ.
275 565 340 601 272]
362 566 458 597 οὕτως.
470 566 531 596 τοὺς
546 565 569 591 δ’
585 565 683 597 ἄλλως,
700 565 819 596 καὶτοὺς
838 565 886 599 μὲν
903 564 1007 597 ἁπλῶς,

216 611 280 642 τοὺς
304 611 326 638 δ’
352 611 549 646 ἀκριϐέστερον
565 610 718 637 δοκεῖσθαι
734 611 781 637 ἐπὶ
803 610 841 645 τῷ
865 610 1006 644 σχίσματι.

217 655 263 686 Τίς
280 656 313 682 ἂν
337 656 371 682 τὰ
391 656 450 682 τότε
475 655 558 688 ἀξίως
576 655 716 690 θρηνήσοι,
741 656 809 682 ὅπου
834 663 865 689 γε
884 656 931 681 καὶ
954 656 1007 682 πᾶν

216 703 263 729 καὶ
278 703 332 730 τῶν
350 703 545 738 ἀπειρημένων
561 702 751 738 πλημμέλημα
769 702 845 729 οὐδὲν
859 701 944 728 ἐδόκει
961 702 1007 728 καὶ

216 749 255 779 εἰς
279 749 450 784 συγκρίσεως
475 749 554 783 λόγον
578 748 626 775 τοῦ
643 750 783 775 κοινωνεῖν
809 748 1005 783 ἀνεκτότερον;

215 793 275 819 οὖὸὲ
290 794 343 829 γὰρ
359 794 421 821 ὅσον
444 795 491 821 καὶ
509 795 650 829 πέπρακτο
669 795 716 821 ἐπὶ
732 794 786 825 τοῖς
812 794 863 827 ἔξω
877 794 1004 828 διεφηειί-
1026 797 1028 800 “

215 840 287 872 ζετο,
304 840 371 867 ἀλλὰ
387 841 563 876 προσετίθουν
580 841 662 866 πλείω
675 841 720 866 καὶ
738 840 871 875 χείριστα.
891 840 1004 866 Ἐπιδα-

1064 247 1161 281 λέγων,
1176 247 1333 282 μετριάζειν
1346 246 1413 281 πρὸς
1424 245 1511 272 ταῦτα
1523 244 1561 276 ὥς
1574 244 1656 279 μηδὲν
1669 244 1751 270 πλέον
1761 244 1851 271 εἰδότα

1064 293 1201 328 μακέλλης
1216 302 1244 319 τε
1259 293 1306 319 καὶ
1321 292 1463 326 σκαπάνης
1479 290 1527 317 καὶ
1549 290 1642 325 βιοτῆς
1656 289 1846 325 ἀπράγμονος.

1061 338 1206 370 Τοιούτους
1233 337 1325 364 πολλοὶ
1341 336 1405 368 τοὺς
1427 336 1541 367 πολλοὺς
1563 335 1688 370 εὑρόντες
1707 335 1780 369 (οὐδὲ
1795 335 1851 370 γὰρ

1061 385 1171 412 πάντων
1187 386 1201 412 ὁ
1219 385 1297 419 λόγος
1317 383 1444 417 ἅπτεται)
1460 381 1501 414 οἷς
1514 383 1547 418 δὴ
1564 383 1612 409 καὶ
1629 382 1708 415 λόγος
1728 382 1778 416 τῆς
1792 381 1850 408 δια-

1061 431 1146 466 φορᾶς
1159 431 1334 466 προειστήκει
1351 429 1399 457 καὶ
1414 428 1533 464 ἱστορίας
1549 428 1660 463 μέλημα
1674 425 1708 462 ἦν
1719 428 1765 454 καὶ
1777 435 1849 461 γρα-

1061 478 1123 511 φαῖς
1138 477 1283 511 προσεῖχον
1299 476 1347 502 καὶ.
1360 474 1390 501 τὸ
1405 475 1455 509 τῆς
1470 473 1613 504 αἰτιάσεως
1629 473 1727 500 ὁπόσον
1738 471 1773 508 ἦν
1791 473 1848 506 ἐγί-

1060 531 1173 555 νωσκον,
1190 522 1238 548 καὶ
1256 522 1305 556 οὐχ
1319 519 1400 556 ἦττον
1415 520 1534 555 μετρίως
1557 519 1572 553 ἢ
1585 519 1714 553 ἀσφαλῶς
1728 518 1849 553 ἐχρῶντο

1060 570 1115 598 τοῖς
1132 568 1287 603 πράγμασι,
1301 567 1393 602 μεῖζον
1403 567 1511 593 ἐποίουν
1524 566 1611 601 ἥόσον
1625 565 1678 591 ἔδει
1688 565 1718 591 τὸ
1733 564 1846 599 σχίσμα.

1065 614 1164 648 Ἐχρῆν
1179 613 1232 647 γὰρ
1249 614 1313 644 ίσως
1327 613 1424 639 ὁπόσον
1443 609 1476 647 ἦν
1491 611 1554 646 χθὲς
1569 610 1599 636 τὸ
1614 611 1682 645 πρὸς
1693 610 1755 641 τοὺς
1779 610 1848 636 ’ἰτα-

1058 660 1121 691 λοὺς
1133 659 1247 690 ἐκείνοις
1259 658 1397 693 διάφορον,
1411 657 1540 684 τοσοῦτον
1552 656 1678 689 καὶπρὸς
1689 655 1750 687 τοῦς
1765 655 1846 686 tofo-1;

1058 708 1143 742 ἔχειν,
1160 707 1227 733 ὅπου
1245 707 1276 741 γέ
1291 715 1363 738 τινες
1378 706 1426 732 καὶ
1439 705 1530 737 αὐτοῖς
1547 705 1579 740 δὴ
1593 704 1653 730 τότε
1665 704 1737 730 κατὰ
1751 704 1847 739 χρείαν

1058 752 1250 783 κοινωνοῦντες
1279 751 1340 778 καθ’
1353 752 1366 777 ὅ
1383 761 1408 777 τι
1433 759 1475 781 τις
1494 750 1592 779 εἴπειε,
1611 750 1666 776 τῶν
1683 749 1756 776 ἰδίων
1768 749 1848 775 ἁδελ-

1058 799 1115 832 φιῗιν
1133 799 1170 829 ὡς
1187 798 1373 831 ἑναγεστάτων
1388 797 1532 824 διίσταντο.
1550 797 1631 823 Ἀλλὰ
1650 795 1685 822 τὰ
1706 796 1756 831 μὲν
1777 797 1849 822 ὲκεί-

1058 854 1110 870 νων
1125 844 1206 876 οὕτω,
1222 845 1268 870 καί
1280 844 1294 870 ὁ
1306 844 1383 877 λόγος
1398 844 1599 878 παρενήνεκται
1611 842 1657 869 τοῦ
1669 842 1784 874 εἰκότος,
1800 842 1848 868 τοῦ

214 884 386 920 ψιλευόμενοι
413 886 469 916 τοῖς
484 886 635 918 κακίστοις,
653 885 689 916 ὡς
715 885 747 912 ἄν
773 885 943 919 ὑπαγάγοιεν
958 887 1004 912 καὶ
1021 879 1041 906 Β
1058 889 1161 920 πάθους
1180 890 1350 923 κινήσαντος,
1378 887 1446 915 Οὐδὲ
1471 888 1526 923 γὰρ
1543 888 1670 922 ἐγκαλεῖν
1697 887 1753 914 ἀλλ’
1773 888 1847 915 ιστο-

214 930 260 957 τὸν
275 930 365 961 ποσῶς
383 931 563 966 ἡσυχάζοντα.
581 931 617 957 Τό
632 939 663 965 γε
676 931 730 965 γὰρ
743 931 796 956 τῶν
809 931 944 964 λεγόντων
956 939 1003 957 καθ

214 975 332 1010 κοῦργον
346 977 392 1002 καὶ
412 976 466 1003 τῶν
482 976 634 1003 ἀκουόντων
659 975 792 1003 ἰδιωτικόν
807 984 835 1002 τε
850 977 899 1002 καὶ
912 978 1006 1012 ἀγροῖ-

174 1050 178 1053 _
215 1029 261 1047 κον
280 1021 368 1055 ἐπῆγε
390 1021 481 1048 πίστιν
496 1023 552 1054 τοῖς
568 1022 735 1056 λεγομένοις.
758 1022 868 1057 Σῶφρον
893 1024 943 1056 μὲν
958 1022 1004 1049 οὖν

214 1067 259 1094 τὸν
274 1067 403 1102 ἀγροῖκον
419 1067 456 1103 μὴ
470 1067 721 1102 πολυπραγμονεῖν.
744 1069 803 1095 ἀλλ’
817 1069 1003 1103 ἀπραγμόνως

212 1113 308 1140 ἐᾶσθαι
334 1113 477 1144 σώζεσθαι.
494 1114 544 1140 Ἦν
568 1113 597 1140 δέ
618 1123 658 1145 τις
689 1114 776 1149 κινοίη
799 1115 847 1141 καὶ
873 1115 1004 1149 διεγεῖραι

212 1160 281 1193 πρὸς
295 1161 325 1185 τὸ
340 1159 420 1193 δῆθεν
440 1158 639 1193 ἀσφαλίζεσθαι
655 1159 688 1185 τὰ
708 1159 747 1190 εἰς
763 1159 865 1192 πίστιν,
881 1158 932 1193 φεῦ
954 1158 1004 1192 τῆς

213 1223 328 1251 gnarum
343 1215 421 1243 alteri
433 1215 509 1242 utilia
523 1215 713 1247 admoventur,
727 1215 820 1243 cadem
831 1216 911 1243 simul
924 1215 1002 1242 alteri

212 1265 284 1288 rit-es
300 1261 484 1293 accumulcul,
503 1261 544 1288 sic
564 1260 611 1287 Dei
631 1261 758 1288 Ecclesia!
781 1265 845 1288 tunc
866 1262 977 1296 contigit
993 1283 1000 1294 ,

211 1307 256 1335 cui
271 1315 332 1334 cum
346 1307 402 1341 jaut
419 1311 497 1339 antea
511 1307 619 1334 abunde
635 1308 769 1334 malorum
785 1312 858 1334 esset
871 1315 902 1335 ex
920 1308 1001 1334 Arse-

211 1353 294 1380 niano
314 1353 474 1384 schismate,
500 1353 616 1379 alterum
644 1353 696 1380 ltoc
722 1354 896 1388 supervenit,
919 1362 1000 1389 grave

211 1406 357 1434 utrumque
372 1407 420 1434 per
438 1406 498 1426 sese
516 1399 617 1426 vulnus
628 1419 635 1431 ,
658 1399 705 1426 sed
723 1400 841 1434 quodvis
857 1408 950 1427 eorum
966 1408 998 1428 ex

212 1453 306 1473 mutua
321 1446 450 1473 societate
462 1445 648 1479 importunius
667 1452 698 1472 ac
711 1445 818 1478 tetrius,
833 1454 930 1480 magno
945 1445 999 1473 Ec-

209 1493 299 1521 clesia:
312 1500 436 1526 corpore.
448 1496 587 1524 utcunque
598 1497 655 1518 tum
671 1492 706 1518 ab
718 1491 862 1519 haeresium
884 1491 998 1519 seditio-

210 1539 292 1566 nibus
319 1538 415 1565 lih'ro.
442 1545 489 1572 per
514 1538 564 1565 hos
584 1537 717 1572 quosdam
743 1537 858 1565 infestos
881 1537 997 1565 invicem

210 1585 330 1613 assultus
343 1583 584 1618 compugnantium
600 1584 670 1610 intra
683 1583 743 1618 ejus
758 1583 861 1611 viscera
879 1584 996 1618 pestium

209 1632 324 1658 duarum
342 1621 567 1664 varie'discerpto
584 1629 737 1665 misereque
751 1629 880 1657 lacerato.
898 1629 927 1656 ln
943 1637 999 1664 quo

209 1677 276 1704 illud
293 1676 376 1704 etiam
395 1676 566 1711 iuopinalttm
578 1675 753 1708 cernebatur,
769 1680 798 1702 ut
811 1676 858 1710 qui
874 1683 955 1706 unam
971 1676 998 1702 in

208 1729 314 1758 partem
341 1723 518 1751 consensisse
547 1722 722 1754 videbantur,
748 1729 845 1749 rursus
870 1721 942 1749 inter
969 1730 999 1749 se

207 1770 415 1801 contenderent,
424 1776 455 1796 ea
467 1769 501 1796 de
513 1768 614 1802 quibus
628 1772 823 1799 convenerant.
833 1767 997 1802 quibusdam

207 1817 271 1850 hoc,
282 1816 422 1844 nonnullis
436 1816 489 1843 alio
503 1815 582 1842 modo
596 1815 849 1849 interpretantibus,
864 1814 906 1841 his
918 1818 999 1848 caput

208 1862 401 1890 controversiae
428 1860 590 1895 simpliciter
618 1861 742 1895 accipere
768 1860 917 1891 contentis,
943 1860 998 1887 illis

207 1908 337 1935 subtilius
352 1907 562 1934 cnucleantibus
579 1906 653 1933 velut
671 1913 787 1932 arcanos
803 1905 862 1938 ejus
883 1913 996 1938 sensus;

206 1961 231 1981 ct
251 1954 316 1981 dum
334 1953 434 1980 obnixe
456 1952 483 1980 in
506 1960 556 1979 sua
574 1952 676 1986 quique
693 1951 790 1986 placita
814 1951 996 1983 incumbunt,

206 2000 352 2028 Scis-suram
373 1998 597 2034 propagantibus.
614 1997 682 2033 Quis
708 1998 764 2024 hate
789 2005 838 2031 pro
864 1997 996 2032 dignitate

205 2044 408 2081 deploraverit?
426 2044 472 2072 ubi
487 2048 572 2072 totum
588 2043 695 2074 demum
709 2043 798 2073 scelus
811 2043 937 2071 assentiri
955 2050 997 2070 re-

206 2092 362 2123 nuentium,
379 2091 402 2118 si
415 2091 477 2126 quis
497 2098 530 2118 ex
555 2097 620 2117 vero
641 2095 775 2121 censeret,
791 2089 858 2116 nihil
875 2097 935 2117 esse
949 2090 996 2116 de-

207 2138 430 2174 prehenderetur,
440 2145 472 2164 ac
485 2141 560 2164 certe
568 2140 756 2170 coutparatum
771 2143 832 2162 cum
844 2135 996 2162 incommo-

207 2185 250 2212 dis
269 2192 302 2212 ex
317 2183 473 2220 promiscua
490 2190 550 2210 cum
565 2183 642 2217 prius
659 2181 791 2209 abscissis
802 2181 995 2209 communione

1058 937 1114 970 ρεῖν
1144 934 1328 970 προεθέμεθα.
1344 935 1424 962 Ὅθεν
1451 934 1498 961 καὶ
1522 934 1537 960 ό
1557 934 1607 969 μὲν
1622 934 1699 967 λόγος
1724 933 1790 968 ψιλὰ
1814 934 1848 959 τὰ

1056 980 1214 1015 πραχθέντα
1240 980 1359 1015 τίθησιν,
1376 980 1482 1013 ἐξέσται
1505 980 1534 1007 δὲ
1561 979 1662 1015 κρίνειν
1688 980 1727 1014 τῷ
1754 979 1848 1015 βουλο-

1057 1027 1139 1060 μένῳ.

1055 1082 1103 1109 κδ’.
1120 1084 1186 1116 Περὶ
1202 1082 1255 1116 τῆς
1271 1082 1403 1117 ἐκλογῆς
1417 1083 1469 1110 τοῦ
1484 1084 1712 1117 χαρτοφύλακος
1729 1081 1847 1110 Βέκκου

1289 1119 1330 1151 εἰς
1350 1119 1383 1144 τὸ
1397 1119 1617 1152 πατριαρχεῖον.

1090 1162 1132 1198 [Ρ.
1151 1162 1216 1198 275]
1237 1164 1304 1189 Τότε
1331 1163 1420 1189 τοίνυν
1441 1163 1487 1189 τοῦ
1517 1164 1566 1198 μὲν
1592 1163 1690 1197 Ἰωσὴφ
1706 1163 1847 1198 ἀργήσαν-

1055 1220 1093 1247 uti
1109 1220 1165 1251 isti,
1183 1221 1234 1246 heu
1261 1227 1343 1254 quam
1369 1219 1478 1254 putide!
1508 1219 1656 1250 faciebant.
1673 1218 1844 1246 elfuudeuda

1053 1265 1217 1292 eruditionis
1261 1265 1461 1299 intempestiva.
1497 1265 1671 1292 occasionem
1711 1272 1845 1297 sumere,

1052 1310 1199 1337 obrucndis
1215 1310 1434 1344 oblimaudisque
1459 1317 1514 1336 non
1537 1309 1778 1344 intelligendorum
1799 1309 1843 1336 in-

1052 1358 1175 1391 gestiune
1191 1357 1297 1384 rudium
1314 1356 1462 1389 mentibus,
1484 1356 1530 1384 sed
1551 1364 1663 1383 monere
1679 1356 1753 1390 ipsos
1768 1361 1798 1383 ut
1813 1356 1840 1383 iu

1052 1403 1239 1430 mettiorritate
1255 1402 1300 1430 isti
1321 1402 1403 1429 statui
1427 1401 1633 1428 accommodata
1652 1409 1681 1428 se
1702 1406 1838 1434 tenerent,

1052 1457 1103 1475 neu
1125 1449 1196 1476 ultra
1214 1455 1331 1475 tnarram
1348 1453 1375 1474 et
1388 1447 1504 1482 ligonem
1516 1447 1654 1481 vitantque
1665 1446 1840 1481 tranquillam

1052 1493 1211 1520 atTeclarent
1225 1494 1257 1519 dc
1273 1492 1315 1520 his
1335 1499 1441 1527 sapere.
1465 1491 1564 1519 Verum
1582 1491 1653 1519 haud
1670 1491 1710 1519 sic
1725 1491 1841 1526 agebant

1013 1550 1034 1578 ο
1052 1540 1099 1574 qui
1117 1540 1193 1566 multi
1208 1539 1309 1566 multos
1323 1539 1390 1565 tales
1405 1543 1573 1572 repererunt.
1586 1537 1645 1566 Non
1659 1538 1732 1565 enim
1744 1545 1840 1565 omnes

1055 1587 1111 1613 haec
1140 1593 1198 1613 mea
1224 1585 1399 1620 reprehendit
1426 1584 1532 1616 oratio,
1551 1585 1597 1611 sed
1627 1584 1702 1612 solos
1723 1592 1772 1611 eos
1793 1585 1839 1619 qui

1052 1637 1223 1667 perspectum
1243 1637 1269 1657 ct
1284 1630 1455 1665 propositum
1476 1630 1567 1656 oculis
1590 1630 1723 1657 habentes
1738 1629 1838 1657 discri-

1053 1680 1134 1707 minis
1147 1679 1292 1706 articulum
1308 1683 1335 1705 et
1344 1677 1538 1705 controversiae
1549 1682 1613 1704 tunc
1625 1677 1733 1711 agitatas
1745 1684 1838 1703 verum

1051 1730 1163 1755 statum.
1180 1725 1278 1759 quippe
1289 1724 1335 1758 qui
1352 1731 1400 1751 uec
1416 1724 1442 1750 iu
1457 1723 1568 1750 historia
1584 1723 1719 1758 peregrini
1734 1727 1838 1754 essent,

1050 1776 1077 1798 et
1090 1771 1239 1806 Scripturis
1255 1770 1468 1800 attenderent,et
1485 1773 1617 1804 quantmn
1633 1769 1659 1795 in
1676 1776 1706 1795 se
1721 1769 1839 1795 invicem

1051 1818 1214 1845 dissidentes
1236 1816 1365 1844 Ecclesiae
1378 1816 1520 1850 culparent
1536 1816 1614 1850 plane
1631 1819 1840 1849 cognoscerent,

1050 1872 1082 1891 eo
1097 1869 1187 1890 tamen
1200 1862 1273 1897 quod
1287 1869 1346 1889 eam
1367 1862 1393 1888 in
1409 1861 1461 1888 hoc
1475 1861 1582 1896 negotio
1597 1860 1669 1887 haud
1685 1860 1840 1887 adhibuere

1051 1909 1276 1939 moderationem.
1296 1915 1356 1942 quae
1378 1907 1410 1934 ad
1431 1914 1525 1941 pacem
1540 1907 1677 1941 publicam
1701 1906 1838 1934 securita-

1049 1961 1158 1991 temque
1173 1954 1290 1990 nptanda
1317 1953 1417 1986 fuerat,
1439 1953 1526 1987 majus
1552 1953 1633 1987 longe
1652 1960 1732 1986 quam
1759 1959 1840 1986 opor-

1048 2006 1139 2029 tuerat
1153 2000 1269 2028 schisma
1285 1999 1420 2026 fecerunt.
1447 1997 1521 2025 Satis
1546 1998 1618 2024 enim
1644 2002 1669 2024 ct
1691 1998 1838 2032 plusquam

1048 2048 1125 2078 satis,
1137 2047 1245 2080 opinor,
1262 2045 1349 2072 fuerat
1363 2052 1416 2071 non
1435 2044 1585 2070 abhorrere
1602 2051 1652 2070 nos
1667 2042 1838 2070 fastidiosius

1046 2101 1060 2120 a
1078 2093 1180 2120 nostris
1197 2092 1243 2126 qui
1260 2092 1341 2118 modo
1361 2091 1501 2117 conciliati
1528 2089 1637 2117 Latinis
1660 2090 1726 2120 sint,
1756 2097 1838 2123 qualn

1046 2139 1132 2167 Graeci
1149 2138 1294 2172 Latinique
1309 2137 1383 2170 prius
1401 2145 1414 2163 a
1429 2145 1457 2163 se
1470 2137 1586 2163 invicem
1603 2134 1836 2163 abhorruissent:

1047 2195 1119 2214 nunc
1133 2185 1266 2221 quosdam
1281 2185 1390 2212 Grtecos
1411 2184 1541 2216 vidimus,
1564 2184 1611 2218 qui
1628 2190 1690 2209 cum
1707 2187 1788 2210 antea
1805 2190 1840 2209 uc

205 2230 359 2258 orientibus
391 2229 561 2257 tolerabilius
596 2228 771 2262 reperiretur.
802 2226 894 2262 Neque
919 2227 992 2253 enim
1011 2229 1032 2256 l)
1047 2232 1120 2266 ipso;
1137 2230 1246 2265 quidem
1267 2229 1302 2256 ita
1324 2232 1417 2255 essent
1440 2227 1553 2254 Latinos
1579 2227 1700 2254 aversati
1724 2231 1754 2253 ut,
1781 2234 1837 2253 non

205 2282 339 2311 quantum
356 2276 432 2303 intus
448 2275 476 2302 in
491 2282 523 2302 eo
540 2279 580 2302 est
599 2279 700 2306 actum,
716 2273 788 2304 fideli
803 2273 881 2300 fama:
893 2273 994 2300 indicio

207 2322 273 2349 foris
291 2321 408 2348 enotuit.
425 2320 567 2347 Addebant
584 2320 687 2347 scilicet
702 2319 791 2354 palam
803 2319 995 2346 ostensisalvs-

206 2374 281 2396 tt'usa
311 2368 400 2402 plura.
420 2367 570 2401 eademque
595 2366 724 2400 pessima,
743 2365 869 2392 liberales
885 2365 930 2392 isti
948 2373 995 2391 ex-

205 2419 328 2441 trusnres
340 2413 470 2440 mercium
484 2411 782 2446 pestilentissimarum,
797 2411 898 2446 quibus
920 2411 994 2437 sciti-

204 2465 248 2486 rt'l
262 2459 396 2487 addictius
413 2458 466 2486 sibi
480 2458 669 2492 adiungerent,
685 2464 752 2491 quos
771 2461 868 2483 natura
887 2456 926 2482 vel
943 2464 992 2482 usu

204 2502 284 2544 [θοι
313 2505 487 2533 remissiores
519 2512 574 2532 non
602 2504 669 2531 satis
694 2503 830 2530 habebant
855 2508 994 2536 utcunque

206 2551 380 2586 :t-quiescere
406 2550 501 2580 videri,
521 2549 631 2584 quando
655 2548 720 2575 hinc
750 2548 825 2575 fraus
845 2548 992 2574 artificiosa

205 2597 365 2627 dim-utinm,
386 2595 450 2622 inde
465 2594 633 2621 attdientium
650 2594 758 2620 incaute
774 2594 889 2628 simplex
908 2593 993 2620 rusti-

204 2650 290 2676 t'eqtlt!
314 2641 422 2668 indocta
444 2640 618 2675 simplicitas,
642 2640 838 2673 conspirabaut
857 2640 883 2666 i.t
902 2640 992 2666 conci-

205 2688 296 2716 lianda
308 2687 389 2717 dictis
401 2686 463 2716 iide.
472 2685 550 2719 Atqui
561 2685 660 2713 sobrize
669 2684 863 2712 moderationis
874 2685 992 2711 omnium

205 2734 241 2761 fm
253 2739 291 2760 rat
308 2740 458 2768 temperare
475 2732 508 2759 ab
522 2731 700 2763 inquietanth
715 2729 832 2757 curiosis
852 2729 993 2761 allegatio-

205 2780 285 2807 nii-us
304 2787 397 2807 crasso
409 2783 489 2814 captu
507 2778 669 2808 idiotarum;
685 2781 711 2803 et
729 2777 752 2803 si
765 2777 829 2811 quid
845 2776 991 2810 quisquam

206 2826 329 2860 ipsorum
358 2824 434 2851 dubii
453 2828 585 2855 moveret,
608 2830 639 2849 ac
663 2827 795 2856 praetextu
822 2822 927 2849 Scilicet
949 2824 993 2848 lir-

209 2868 341 2903 tnandisc
355 2869 381 2895 in
397 2869 449 2896 lidc
465 2874 537 2897 recta
554 2867 713 2901 qtucstinnis
730 2869 924 2905 intc'poncrct,
940 2877 992 2896 non

1047 2278 1139 2312 aliqua
1153 2277 1250 2304 saltem
1263 2282 1310 2302 eos
1321 2274 1437 2301 humani
1450 2281 1516 2300 usus
1530 2281 1562 2300 ac
1570 2273 1661 2300 civilis
1671 2273 1837 2300 eonimercii

1047 2321 1241 2349 communione
1252 2320 1441 2354 dignarentur,
1453 2326 1523 2353 quos
1540 2324 1633 2352 postea
1654 2318 1843 2353 intelligerent

1047 2375 1140 2402 pacem
1163 2366 1347 2393 Eeclesiarum
1375 2365 1536 2399 amplexos,
1558 2364 1655 2391 fratres
1681 2364 1744 2391 licet
1772 2373 1842 2393 suos

1046 2412 1270 2439 abominarentnr
1281 2415 1311 2438 ut
1321 2410 1510 2437 detestabiles.
1520 2409 1575 2436 Sed
1588 2409 1670 2436 dehis
1685 2410 1840 2438 hactenus:

1044 2460 1100 2494 jam
1124 2459 1198 2485 enim
1225 2458 1313 2485 sentio
1338 2456 1413 2484 exire
1437 2464 1478 2484 me
1499 2456 1573 2483 ﬂuxu
1600 2456 1737 2484 sermonis
1766 2457 1841 2484 ultra

1046 2505 1125 2532 cilicii
1141 2504 1289 2532 cancellos.
1306 2503 1370 2530 dum
1385 2503 1482 2530 efferor
1497 2503 1606 2536 affectu,
1621 2503 1768 2530 immemor
1783 2512 1840 2530 nou

1047 2549 1207 2578 accusandi,
1220 2548 1265 2574 sed
1283 2547 1411 2574 narrandi
1424 2547 1581 2581 suscepisse
1596 2555 1639 2574 me
1653 2548 1838 2582 provinciam.

1046 2596 1136 2628 Quare
1156 2594 1183 2621 in
1200 2593 1281 2629 402
1296 2593 1390 2619 orbem
1408 2592 1464 2627 jam
1481 2599 1554 2619 nunc
1571 2592 1664 2619 redeat
1677 2591 1775 2629 oratio.
1795 2600 1840 2619 res

1046 2626 1118 2668 unde
1137 2643 1167 2666 ut
1190 2626 1281 2673 εδείαῖ
1296 2637 1350 2665 sint
1375 2644 1527 2671 proponens
1540 2626 1703 2671 jutlicaturis
1725 2644 1775 2670 pro
1793 2644 1839 2663 ar-

1045 2685 1127 2714 bitrio
1143 2684 1303 2712 lectoribus.

1046 2743 1091 2771 24.
1113 2743 1150 2770 De
1180 2742 1303 2770 electione
1325 2741 1538 2775 charlophylacis
1563 2741 1637 2768 Vacci
1662 2741 1688 2767 in
1715 2741 1839 2774 patriar-

1298 2778 1397 2803 rlmlent
1412 2776 1578 2810 diguilalem.

1082 2824 1158 2850 Tunc
1175 2825 1266 2859 igitur,
1285 2828 1408 2853 vacante,
1426 2828 1455 2849 ut
1470 2823 1573 2850 dictum
1594 2827 1644 2853 est.
1662 2830 1709 2857 per
1723 2822 1839 2855 deposi-

1047 2869 1147 2898 tionem
1163 2867 1272 2903 Joscpbi
1302 2867 1475 2902 pattiatchali
1498 2868 1571 2899 scdc,
1589 2873 1613 2895 tt
1633 2869 1655 2895 ci
1671 2868 1716 2902 qui
1740 2877 1825 2896 sttctt‘
