1936 3069
206 138 260 169 859

806 143 969 173 GEORGII
990 142 1228 177 PACIIYMER/E

1772 149 1829 181 860

207 196 256 243 τὲς
282 204 310 222 τε
327 196 430 243 ῥυῗσσᾷς
456 206 484 224 τε
500 198 686 234 παραϐλῶπάς
710 199 733 224 τ’
749 199 891 235 ὀφθαλμὼ,
908 200 994 235 ἐθήρα.
1010 202 1032 231 Α
1045 199 1179 238 βασιλέως
1204 204 1438 241 ἀναχθησόμεναι,
1457 206 1504 233 καὶ
1518 206 1623 240 ἔνδοξος
1648 204 1682 242 ἦν
1695 208 1709 234 ὁ
1726 208 1836 243 τολμᾶν

206 242 253 268 τὸν
270 243 302 268 ἐκ
322 242 368 268 τοῦ
396 242 530 277 suam;
555 244 650 276 ἔλεον,
676 245 817 279 ὁμολογῶν
837 246 886 280 μὲν
911 246 993 278 αὐτὸς

207 287 278 322 ὑπὲρ
292 287 395 314 ἐκεὲνου
411 288 440 314 τὸ
457 291 593 324 πταϊτμοι,
609 289 734 325 δεόμενος
746 291 774 316 δὲ
798 291 932 326 ἀφεθῆναι
946 290 992 317 τοῦ

207 333 436 366 προστιμωμὲνου
455 333 492 367 τῷ
518 335 690 368 πταίσματι·
717 334 771 360 τῶν
787 335 814 361 δὲ
829 335 877 361 καὶ
892 334 993 369 θαρρα-

206 377 338 412 ὶεὼτερον
354 378 522 412 ὑπερμαχῶν
537 379 575 413 τῷ
593 379 738 414 κρατοῦντι
754 379 791 410 ὡς
805 379 992 412 ἀδικουμένων

207 423 298 457 ἐζήτει
320 423 370 455 τὴν
385 423 472 450 λύσιν.
491 425 526 450 03
541 425 594 459 γὰρ
612 425 754 459 ἑρμηνέως
769 425 885 460 ἔχρῃζεν
898 426 926 455 ἐς
941 426 954 451 ὅ
966 433 992 451 τι

208 470 291 504 μάθοι
305 470 338 496 τὰ
353 470 399 496 τοῦ
425 470 554 505 δεομένου
572 471 631 502 πῶς
651 472 684 497 ἂν
710 470 810 506 ἔχοιεν,
838 471 896 498 ἀλλ’
911 470 993 503 αὐτὸς

205 515 324 546 ἀκούων,
339 516 418 548 μόνον
428 515 511 548 ἀξιῶν
525 516 669 551 ἀληθεύειν
686 517 731 542 τὸν
745 516 858 549 λέγοντα
873 516 911 547 ὡς
926 517 991 542 (ivu-

208 561 382 596 σθησομένων
397 561 450 587 τῶν
462 562 560 595 λόγων,
576 562 615 596 τῷ
631 562 736 596 βασιλεῖ
750 562 830 593 αὐτὸς
846 562 993 597 διακρίνων

207 607 256 639 τὰς
268 607 401 642 ἀναδοχὰς
413 608 534 634 ἐποιεῖτο
553 607 625 634 κατὰ
636 608 690 643 eis
697 608 811 643 κρίσεις.
835 608 948 635 Εἷποντο
962 608 991 635 δὲ

207 654 253 678 καὶ
265 653 289 678 οἱ
305 653 374 687 προς
384 653 428 679 τὸν
441 652 592 686 κρατοῦντα
608 641 766 686 λόγοιῖκατὰ
788 653 836 685 τὰς
850 654 992 688 ἀνιδοχάς.

207 698 401 733 Προῳκονόμει
429 699 484 733 γὰρ
502 699 569 732 προς
596 699 626 724 τὸ
644 698 779 733 χρήσιμον
802 699 849 726 καὶ
864 699 914 730 τὰς
930 700 995 735 περὶ

207 743 325 769 ὲιάστου
341 743 490 778 ἀναφορὰς,
504 742 541 774 ὠς
555 742 603 777 τὴν
616 743 666 777 μὲν
684 744 894 777 προτάττεσθαι,
908 744 957 780 τὴν
971 745 994 771 δ’

209 788 422 821 ὑποτάττεσθαι,
441 789 488 815 καὶ
500 789 550 823 τὴν
567 789 616 823 μὲν
633 789 926 825 πρωτολογησομένην,
944 789 993 824 τὴν

207 834 230 860 δ’
245 836 445 869 ὑστερήσασαν,
461 835 531 861 ὥστε
544 836 588 862 καὶ
609 835 739 867 πολλάκις
753 836 995 870 μετεγγράφισθαι

207 880 238 907 τὸ
252 880 300 914 τῆς
327 880 468 915 ἀναφορᾶς
482 880 662 915 γραμμάτιον
677 881 859 916 συμὸεϐήχει,
876 881 914 912 ὡς
933 882 995 908 δευ-

209 926 288 960 τέρου
306 926 322 961 ἢ
339 927 386 953 καὶ
403 926 496 961 τρίτου
511 927 526 961 ἦ
544 927 592 952 καὶ
610 927 726 953 ὑπάτου
747 926 932 962 τεθησομένου
947 927 993 953 τοῦ

210 972 389 1006 παραξυσμὺν
403 973 434 998 ἐκ
449 981 503 998 των
517 973 630 998 six/mm
650 973 759 1006 κινῆσαι
776 972 908 1006 βασιλέως
926 973 994 1007 ὑφο-

211 1018 343 1053 ρωμένου,
361 1016 467 1052 πρῶτον
481 1018 509 1045 δέ
525 1026 555 1052 γε
570 1018 617 1044 τοῦ
632 1017 647 1052 ἢ
663 1017 762 1053 ῥᾳδίως
774 1018 995 1053 ἀνυσῠησομένου

209 1063 225 1098 ἢ
246 1063 292 1090 καὶ
317 1065 357 1094 sic
377 1066 569 1099 χαριεντισμόν
596 1072 658 1090 τινα
682 1063 815 1095 δόξοντος.
844 1064 903 1090 Ἐπ’
920 1065 995 1100 αὐτῷ

209 1110 263 1145 γὰρ
276 1114 322 1136 και
346 1109 400 1136 τῶν
416 1109 521 1136 πολλῶν
547 1109 679 1145 ὲθάρσουν
698 1111 726 1136 αι
743 1110 841 1144 τόλμαι
858 1110 896 1142 ὡς
913 1110 995 1146 μέχρι

209 1200 356 1235 largitione
371 1199 579 1233 consulendum,
595 1200 709 1227 alterum
722 1201 820 1228 delatis
835 1201 995 1230 crint?ttihus

212 1246 438 1281 periclitantium,
453 1246 552 1280 quibus
569 1246 610 1273 vel
636 1247 668 1272 ad
694 1246 879 1281 depulsionem
907 1247 998 1282 objec-

209 1296 298 1317 tornm
315 1291 382 1318 falso
394 1291 499 1326 patroni
512 1291 627 1318 ellicacis
637 1299 717 1325 npera
730 1291 770 1318 vel
781 1292 814 1318 ad
828 1292 918 1319 delicti
928 1299 996 1319 cott-

209 1338 271 1364 v'cti
281 1338 384 1364 veniant
393 1337 590 1372 impetrandam
602 1338 750 1364 auctoritas
757 1337 940 1372 deprecatoris
947 1345 998 1372 op-

210 1384 365 1410 tarctur.Ac
381 1383 476 1410 horum
494 1383 603 1418 quidem
620 1391 652 1410 co
667 1383 759 1410 studio
768 1390 866 1410 causas
876 1383 997 1417 amplec-

210 1429 317 1454 tebatur
345 1433 374 1455 ut
400 1428 537 1455 officiosos
555 1428 616 1455 illas
638 1428 779 1455 hominum
807 1428 898 1463 generi
921 1434 998 1454 noxa:

210 1473 397 1501 ntedicatrices
415 1474 497 1506 Litas,
510 1473 722 1509 quasliumerus
736 1473 859 1505 claudas,
870 1480 996 1508 rugosas,

1045 248 1144 277 uti-rixa
1163 251 1293 286 περὶτῶν
1311 252 1450 287 σφετέρων
1466 252 1579 279 δικαίων
1593 253 1694 286 λέγειν,
1706 253 1745 285 ὡς
1762 255 1834 288 ἀλη-

1046 295 1077 330 Θῆ
1093 295 1171 329 δόξαν
1181 297 1271 331 λιγειν
1289 298 1322 325 δι’
1334 299 1439 325 ἐκείνου
1454 299 1521 334 πρὸς
1532 299 1579 325 τὸν
1595 299 1759 333 κρατοῦντα.
1777 299 1832 326 Οὖ-

1044 350 1097 373 τως
1115 340 1149 377 ἧν
1174 343 1241 378 πρὸς
1257 344 1306 375 τὰς
1331 344 1464 380 ἁναδοχὰς
1478 345 1532 371 τῶν
1564 344 1716 380 ἀνθρώπων
1737 346 1751 372 ὸ
1766 346 1837 380 ἀνὴρ

1044 389 1240 421 δοκιμώτατος,
1252 390 1322 418 ὥστε
1334 392 1381 418 καὶ
1395 391 1542 426 προλαϐεῖν
1554 392 1584 417 οὐ
1600 391 1691 425 χεῖρόν
1703 400 1766 418 τινα
1782 392 1836 418 τῶν

1045 433 1128 460 αὑτοῦ
1143 435 1183 466 εἰς
1207 435 1297 470 δεῖγμ’
1315 435 1447 471 ἀκρισοῦς
1462 436 1621 471 παρρησίας
1641 435 1752 470 καὶτῆς
1770 436 1836 470 περὶ

1044 477 1076 504 τὸ
1089 477 1192 505 δίκαιον
1203 479 1385 515 ἀντιλήψεως.
1401 481 1506 515 Θέρους
1520 479 1553 516 ἦν
1570 481 1657 515 ἀκμὴ,
1675 482 1720 507 καὶ
1735 481 1750 506 ό
1767 490 1838 516 κρα-

1043 523 1099 550 τῶν
1113 525 1179 559 περὶ
1195 526 1226 551 τὸ
1243 525 1292 560 τῆς
1323 527 1498 562 μετημσρίας
1523 526 1744 562 σταθερώτατον,
1765 527 1837 561 μετὰ

1044 568 1089 594 τὸν
1105 569 1165 603 μετ’
1179 571 1289 603 ἄριστον
1303 570 1399 603 ὕπνον,
1420 572 1491 598 κατὰ
1511 571 1546 598 τὰ
1560 571 1649 598 ὠάτου
1664 571 1735 605 μέσα
1750 571 1838 605 καθή-

1048 623 1129 648 μενος
1151 615 1319 651 ὲναιθρῑαζε.
1350 616 1538 652 Συνεδριάζων
1565 617 1587 643 δ’
1602 615 1635 652 ἦν
1653 616 1753 650 ἐκεινῳ
1787 617 1836 642 καὶ

1045 661 1220 696 πατριάρχης
1248 662 1366 696 ἐγγύθεν
1394 664 1427 689 ἐκ
1450 663 1500 697 τῆς
1515 662 1608 698 χώρας
1634 663 1715 697 ἔχων,
1733 663 1836 696 τηνίκα

1045 707 1092 734 καὶ
1121 706 1248 742 βασιλεὺς
1264 708 1294 740 ἑξ
1322 707 1406 735 ὕπνου
1431 708 1585 743 ἀνέγροιτο,
1607 709 1639 734 ἐκ
1670 708 1717 734 τοῦ
1732 708 1836 743 ῥᾴστου

1045 752 1258 788 παραγίνεσθαι.
1291 753 1470 788 Ἑνετύγχανε
1497 754 1597 784 τοίνυν,
1619 754 1666 780 καὶ
1688 754 1704 786 ἡ
1725 753 1838 786 ὲντυχία

1046 796 1090 832 [Ρ.
1106 797 1170 832 275]
1198 797 1311 829 ἀξίωσις
1334 798 1405 832 ὑπὲρ
1422 797 1569 833 ἀνθρώπου
1592 795 1624 832 ἦν
1642 798 1671 824 ὃν
1687 798 1838 832 ἠδικῆσθαι

1050 842 1101 876 μὲν
1114 843 1128 869 ὁ
1144 843 1235 878 ἱερεὺς
1250 843 1436 877 διεγίνωσκεν,
1451 843 1481 870 οὐ
1496 843 1587 875 καλῶς
1601 844 1624 870 δ’
1639 843 1707 878 ἔχων
1728 844 1743 869 ὁ
1759 844 1839 877 βασι-

1046 888 1110 920 λεὺς
1125 889 1188 924 περὶ
1214 889 1318 916 ἐκεῖνον
1329 889 1359 916 οὒ
1377 889 1508 916 κατένευε
1528 889 1673 921 σώζεσθαι.
1693 890 1747 916 Καὶ
1765 890 1781 923 ἡ
1796 889 1837 914 ἓν·

1048 941 1144 965 στασις
1158 934 1354 970 ἀμφοτέρωθεν
1380 934 1461 970 ἱκανὴ
1488 932 1522 970 ἦν
1537 934 1691 970 Θορυδῆσᾶι
1720 936 1769 961 καὶ
1789 935 1837 960 τὸν

1047 979 1191 1005 ἀκούοντα.
1207 980 1271 1011 Τοῖς
1296 979 1319 1006 δ’
1334 980 1386 1005 οὔκ
1406 979 1505 1014 ἔληγεν
1528 980 1579 1011 ἔτι,
1594 980 1662 1007 ἀλλὰ
1680 980 1718 1015 τῷ
1733 981 1785 1014 μὲν
1800 981 1838 1012 t‘o;

1048 1025 1119 1060 ὑπὲρ
1139 1025 1246 1051 δικαίου
1261 1025 1369 1059 λέγοντι
1382 1026 1395 1052 ὁ
1412 1025 1494 1059 ζῆλος
1509 1026 1600 1058 ἀνέζει
1614 1026 1662 1051 καὶ
1678 1026 1838 1061 παρρησια-

1048 1068 1212 1104 στικώτερον
1234 1069 1362 1104 ἐπληττε,
1384 1069 1490 1104 βασιλεῐ
1514 1069 1542 1096 δὲ
1558 1070 1587 1096 τὸ
1604 1070 1650 1096 ἐπὶ
1667 1070 1705 1105 τῷ
1721 1070 1839 1104 διαπρε-

1049 1116 1207 1151 σϐευομένῳ
1234 1115 1311 1151 ἔχθος
1326 1116 1395 1150 πρὸς
1411 1117 1462 1150 τὴν
1477 1125 1529 1142 κατ
1542 1127 1547 1141 :
1561 1116 1608 1143 τοῦ
1637 1117 1839 1151 πρεσεεύοντος

1049 1207 1134 1236 retur,
1151 1208 1181 1231 ut
1211 1211 1267 1239 ,am
1284 1204 1330 1239 qui
1345 1205 1460 1240 primam
1473 1205 1683 1239 propositionem
1696 1210 1840 1240 acceperat

1046 1250 1169 1285 placidus
1186 1249 1317 1285 vultuque
1332 1250 1447 1285 benigno
1465 1258 1542 1285 spem
1559 1250 1673 1283 fecerat,
1694 1251 1729 1278 ad
1759 1251 1840 1278 toties

1047 1295 1191 1330 rcplicatas
1199 1295 1343 1323 instantias
1359 1301 1518 1330 corrugaret
1529 1295 1657 1328 frontent,
1673 1301 1798 1324 metuens
1808 1303 1840 1324 ne

1049 1343 1104 1377 jam
1117 1350 1173 1370 sua:
1194 1341 1315 1369 facilitati
1333 1341 1504 1373 illuderetur,
1520 1342 1672 1376 praesertim
1686 1342 1840 1369 increbres-

1047 1392 1125 1415 cente
1153 1387 1317 1414 confidentia
1334 1387 1495 1419 multorum,
1509 1387 1556 1421 qni
1573 1387 1636 1414 freti
1655 1387 1839 1415 conciliatore

1047 1433 1222 1462 admissionis
1241 1439 1268 1460 et
1293 1433 1389 1460 eodem
1415 1433 1630 1468 supplicationis
1659 1433 1840 1468 suffragatore

1056 1477 1223 1513 patriarcha,
1238 1477 1385 1504 audientiis
1403 1479 1462 1505 slne
1487 1477 1540 1504 fine
1566 1477 1709 1512 captandis
1738 1478 1840 1512 produ-

210 1519 331 1546 distortis
345 1519 432 1546 oculis
445 1520 558 1551 inducit,
575 1521 634 1554 ipso
657 1519 781 1554 corporis
793 1519 887 1546 habitu
910 1526 993 1553 agens
1006 1521 1027 1549 C
1044 1524 1192 1558 cendisque
1221 1531 1301 1551 aures
1322 1523 1494 1557 imperatoris
1509 1523 1697 1551 obtundebant
1724 1528 1751 1551 et
1768 1523 1840 1551 vide-

211 1570 428 1599 repraesentat-ct.
450 1567 495 1592 tali
522 1571 635 1600 captans
673 1566 765 1600 specie
792 1565 995 1593 miserationem

211 1610 344 1644 principis
377 1612 513 1646 susceptis
545 1612 603 1638 suis
636 1611 831 1643 necessariam,
863 1610 998 1638 confitens

211 1656 322 1690 quidem
354 1656 412 1691 ipse
432 1665 526 1683 eorum
558 1657 670 1684 nomine
707 1663 862 1692 peccatum,
895 1655 996 1683 remitti

211 1709 302 1730 autent
341 1704 537 1738 pontitentihus
579 1713 687 1739 pmnant
720 1712 830 1739 rogans.
859 1703 912 1731 I‘ro
941 1704 998 1731 alio

212 1750 376 1777 miserorum
402 1759 501 1785 genere
514 1751 594 1786 culpa
621 1752 776 1778 vacantium
802 1750 999 1779 interveniebat

211 1795 407 1828 confidentius,
436 1796 535 1823 obnixe
577 1795 748 1823 contendens
777 1801 803 1823 et
848 1796 999 1831 principem

212 1848 321 1875 urgens.
339 1846 367 1867 ut
379 1841 491 1875 penuria
505 1841 694 1869 laborantibus
711 1849 789 1876 opem
803 1841 866 1875 jure
881 1841 999 1875 quodam

213 1886 338 1919 ipsorum
355 1886 474 1912 debitam
488 1894 522 1913 ne
536 1886 676 1921 indulgere
689 1885 999 1917 cuttctarctur,Vclocis-

211 1932 298 1959 simus
328 1933 359 1958 ad
386 1932 574 1966 intelligendas
595 1932 774 1959 necessitates
808 1931 999 1965 indigentium,

213 1984 238 2004 et
255 1978 294 2005 cis
309 1977 461 2012 exponendi
473 1985 519 2005 eas
534 1976 624 2004 fusius
642 1985 690 2004 seu
716 1977 836 2004 laborem
861 1983 908 2003 seu
924 1983 1000 2003 vere-

215 2024 344 2052 cundiam
362 2024 546 2056 lucrifaciens,
565 2024 772 2059 perspicacitate
791 2022 900 2057 benigni
917 2021 1001 2049 animi

213 2077 246 2096 au
259 2070 305 2096 litu
325 2069 414 2097 statim
432 2070 520 2104 primo
535 2073 633 2096 cuncta
659 2067 923 2103 compreltcndentis,
943 2067 1003 2094 siue

214 2122 291 2143 tnora
308 2122 426 2149 operate
441 2114 620 2148 diligentioris
647 2113 812 2148 interpretis.
825 2112 1002 2140 Ahumlahat-

215 2168 269 2195 que
287 2160 395 2195 patroni
419 2160 538 2188 charitas
566 2160 601 2187 ad
615 2167 723 2187 omnem
742 2159 802 2187 falsi
819 2159 1001 2193 suspicionem

213 2207 375 2237 abolendam
395 2207 558 2242 plenamque
583 2205 785 2234 conciliandam
802 2205 938 2232 clientulis
969 2204 1003 2231 fi-

216 2253 290 2284 dem,
313 2252 378 2280 dum
395 2260 459 2280 suas
477 2252 617 2286 angustias
644 2252 804 2279 narrabant.
829 2250 999 2279 Occurrebat

213 2299 280 2333 quin
295 2299 376 2325 etiam
392 2298 547 2326 diffidentiae
577 2298 742 2332 supplicum,
765 2301 792 2324 et
818 2296 998 2331 impetrabilia

215 2349 307 2381 petere
329 2344 403 2379 ipsos
429 2351 556 2371 asserens
574 2344 646 2371 ultro
674 2343 789 2370 addebat
807 2342 902 2369 timide
918 2349 1002 2376 agen-

214 2391 288 2419 tibus
304 2391 411 2418 animos
427 2390 556 2423 audendi,
581 2390 800 2425 suggerebatque
827 2389 861 2416 ad
888 2395 1002 2423 persua-

214 2437 335 2465 dcndum
351 2442 439 2471 aptas.
458 2444 507 2472 pro
520 2444 617 2472 genere
631 2444 662 2462 ac
671 2439 740 2462 statu
753 2442 852 2467 causae,
868 2433 998 2468 postulati

215 2483 357 2511 cvittcendi
379 2482 701 2515 rationes;easdentque
727 2480 869 2516 digerebat
894 2486 1002 2506 accom-

217 2526 325 2553 modato
339 2526 372 2554 ad
390 2526 467 2553 fittem
484 2530 605 2561 optaluttt
624 2525 728 2557 ordine,
749 2525 833 2560 perite
845 2524 998 2558 dijudicaul

219 2579 280 2604 qua:
294 2572 402 2599 illarum
422 2573 535 2606 proponi
553 2571 636 2607 prior,
658 2579 718 2606 qua-
732 2570 828 2605 subjici
841 2570 928 2601 alteri,
942 2577 1002 2600 ante

218 2623 354 2652 postremo
380 2617 506 2652 subiungi
522 2618 581 2645 loco
591 2617 709 2644 deberet.
731 2616 808 2644 Unde
824 2617 1000 2651 contingebat

217 2671 289 2698 sepe
317 2663 413 2700 rcfingi
432 2664 599 2698 rescribiqne
612 2663 732 2691 lidellntn
743 2662 905 2698 supplicent,
919 2662 1001 2688 etiam

215 2710 271 2744 jam
287 2709 407 2736 oblatum
424 2709 550 2744 principi,
567 2717 653 2744 usque
668 2709 803 2736 interdum
819 2707 852 2735 ad
869 2707 1002 2742 principis

218 2755 338 2788 ejusdem
354 2755 435 2791 405
464 2755 643 2783 offensionem
674 2754 717 2782 cui
735 2759 762 2781 et
782 2754 954 2780 stomachum
975 2756 1002 2779 et

219 2799 390 2833 suspiciones
406 2807 601 2834 nonnunquam
619 2800 754 2830 movebat,
776 2798 848 2833 quod
864 2798 961 2825 iterum
975 2803 1002 2826 et

221 2844 301 2872 tctlio
317 2844 495 2879 intcrpolatus
515 2853 568 2873 una
585 2846 617 2873 de
634 2853 662 2873 rc
678 2845 729 2880 ipsi
751 2844 857 2872 libellus
883 2844 1004 2872 inculca-

1047 1569 1110 1597 licet
1125 1569 1268 1596 irritabilis
1284 1573 1382 1596 natura
1408 1569 1574 1604 fortunaque
1597 1569 1718 1596 hominis
1740 1567 1839 1603 fatiga-

1048 1615 1116 1642 bant
1147 1615 1318 1649 patientiam,
1349 1622 1383 1642 eo
1408 1615 1467 1649 ipso
1497 1614 1611 1649 gratiam
1639 1614 1673 1641 ad
1702 1614 1834 1649 pepulum

1048 1660 1210 1695 patriarchae
1229 1660 1398 1692 cumulante,
1422 1659 1495 1695 quod
1516 1667 1589 1691 eum,
1619 1664 1649 1686 ut
1677 1659 1837 1686 consuleret

1054 1705 1174 1737 miseris,
1187 1705 1292 1732 videret
1309 1713 1342 1733 ne
1360 1705 1462 1732 favoris
1477 1705 1585 1739 quidem
1604 1704 1674 1739 apud
1689 1703 1839 1738 principem

1050 1751 1150 1786 proprii
1165 1758 1263 1778 cavere
1279 1751 1464 1786 dispendium.
1481 1750 1547 1777 Tant
1559 1749 1675 1777 effusum
1694 1749 1842 1784 emcaxque

1050 1797 1077 1824 itt
1090 1803 1159 1823 novo
1172 1795 1327 1830 patriarcha
1340 1796 1478 1823 eminebat
1488 1795 1717 1823 sublevandorum
1731 1795 1841 1830 inopum

1050 1841 1183 1869 studium.
1197 1841 1284 1876 Cujus
1305 1841 1352 1869 hic
1377 1841 1517 1876 singulare
1545 1840 1656 1876 aliquod
1684 1842 1842 1876 exemplum

1051 1887 1122 1915 haud
1133 1887 1228 1915 inutile
1245 1887 1328 1915 fuerit
1342 1887 1463 1919 referre,
1483 1887 1707 1922 unde'spccimen
1724 1888 1844 1922 prudens

1051 1932 1136 1961 lector
1163 1933 1253 1968 capiat
1278 1933 1372 1960 libera:
1391 1933 1500 1960 fiduciae
1531 1933 1580 1960 viri
1607 1933 1687 1960 istius
1709 1931 1844 1966 fortisque

1051 1979 1079 2006 itt
1103 1979 1208 2013 iustitia
1233 1979 1430 2014 propugnanda
1460 1979 1631 2006 constantire.
1652 1978 1746 2006 Estas
1784 1984 1844 2006 erat

1054 2030 1174 2055 summa,
1191 2026 1219 2050 et
1236 2023 1385 2058 imperator
1398 2023 1533 2051 altissinto
1549 2028 1639 2051 stante
1656 2024 1708 2051 sub
1721 2023 1842 2050 medium

1056 2067 1129 2095 diem
1149 2067 1209 2095 sole
1222 2075 1317 2095 recens
1333 2075 1347 2094 a
1367 2068 1556 2102 ponteridiano
1576 2075 1673 2095 somno
1702 2068 1728 2095 in
1753 2069 1844 2095 tnedio

1053 2114 1195 2141 ccenacnlo
1213 2113 1299 2149 frigus
1322 2114 1458 2148 captabat.
1484 2113 1630 2142 Obsidebat
1645 2120 1735 2142 autem
1769 2114 1844 2142 fores

1054 2160 1219 2188 audientiam
1238 2165 1399 2196 exspectans
1417 2161 1570 2195 patriarcha
1585 2169 1600 2188 e
1614 2161 1706 2189 vicino
1725 2161 1761 2188 ad
1792 2161 1845 2188 hoc

1058 2205 1198 2241 profectus
1210 2210 1237 2233 et
1252 2205 1290 2233 ibi
1305 2206 1462 2237 considens.
1478 2210 1508 2233 ut
1518 2206 1551 2233 ad
1562 2206 1676 2240 primam
1694 2206 1729 2234 ab
1748 2214 1846 2241 exper-

1057 2256 1133 2279 recto
1166 2251 1330 2286 imperatore
1359 2257 1472 2286 paratus
1513 2251 1709 2279 admissionem
1747 2258 1845 2280 staret.

1056 2297 1201 2325 Admissus
1221 2298 1330 2325 tandem
1347 2305 1458 2325 causam
1475 2306 1555 2333 agt-re
1568 2297 1651 2333 coepit
1667 2298 1798 2332 hominis,
1817 2304 1847 2326 ut

1055 2344 1079 2370 ei
1093 2347 1263 2378 compertum
1277 2347 1345 2375 erat,
1362 2343 1463 2377 injuste
1477 2344 1611 2370 damnati.
1626 2343 1762 2370 Caeterum
1778 2344 1846 2371 odio

1055 2387 1173 2422 quodam
1189 2387 1215 2414 in
1229 2389 1300 2414 ltune
1315 2386 1453 2415 hominem
1467 2388 1846 2422 prmoccupatusimpcrator,

1057 2433 1172 2461 salutem
1190 2433 1284 2460 miseri
1301 2440 1382 2467 quant
1406 2434 1514 2466 pctehat
1531 2433 1686 2467 patriarcha
1711 2441 1764 2460 non
1796 2441 1848 2462 an-

1058 2479 1128 2505 nuit.
1150 2478 1217 2505 llinc
1243 2478 1358 2514 praesule
1391 2478 1425 2505 ad
1457 2478 1606 2505 instantius
1644 2479 1846 2512 deprecandum

1059 2524 1245 2557 incumbente,
1265 2524 1388 2559 principe
1412 2530 1478 2550 vero
1504 2523 1530 2550 in
1557 2522 1673 2558 negandi
1703 2524 1846 2558 proposito

1059 2573 1210 2605 perstante,
1246 2574 1385 2597 certamen
1413 2574 1502 2596 ortum
1519 2574 1561 2596 est
1591 2569 1720 2604 utrinque
1737 2569 1778 2596 sic
1798 2576 1846 2596 ac-

1057 2622 1169 2642 censum
1187 2619 1217 2642 ut
1232 2614 1374 2642 audientes
1405 2613 1645 2646 contnrbarcntnr,
1669 2622 1732 2641 cunt
1763 2614 1844 2641 finem

1057 2660 1208 2696 patriarcha
1226 2659 1350 2694 urgendi,
1363 2660 1505 2695 Augustus
1521 2660 1652 2687 renuendi
1666 2667 1718 2686 non
1732 2659 1843 2687 fact-ret.

1058 2707 1098 2734 Ad
1114 2712 1265 2734 extremum
1298 2706 1426 2734 conscius
1447 2705 1604 2740 patriarcha
1624 2713 1654 2732 se
1669 2713 1718 2740 pro
1733 2705 1844 2739 justitia

1058 2760 1189 2787 pugnare,
1202 2752 1227 2778 iit
1238 2751 1324 2779 zelum
1345 2751 1461 2784 exarsit,
1471 2756 1497 2778 et
1510 2751 1685 2778 liberioribus
1699 2751 1845 2785 imperato-

1059 2805 1116 2826 rem
1127 2799 1239 2833 pupugit
1251 2797 1350 2824 verbis.
1358 2798 1405 2824 ille
1413 2797 1505 2824 odium
1515 2804 1570 2831 quo
1579 2796 1706 2831 ﬂagrabat
1719 2796 1745 2822 in
1755 2803 1844 2827 rentn,

1061 2845 1087 2872 iIt
1107 2845 1189 2873 nimis
1207 2843 1404 2878 vehementem,
1422 2843 1503 2879 506
1518 2847 1547 2871 ut
1566 2843 1690 2878 putabat,
1705 2842 1766 2877 eius
1797 2849 1846 2876 pa-
