1936 3069
94 166 145 198 εει

587 171 634 200 DE
656 171 852 202 MICIIAELE
875 173 1103 203 PALAEOLOGO
1122 173 1192 202 LIB.
1217 173 1246 202 V.

1670 171 1722 202 862

93 226 237 260 βαρύτητα
252 225 384 260 τρέψαντι
412 227 555 254 συνέῆαινε
571 229 783 263 παροξύνεσθαι.
799 231 852 258 Καὶ
873 232 886 257 ὀ
901 232 923 260 Α
938 231 1077 262 δοκοῦντος
1094 231 1166 265 ἔχειν
1182 230 1212 256 τὸ
1225 229 1330 256 δίκαιον
1347 228 1389 261 ἐφ’
1400 225 1440 259 οἷς
1453 228 1501 254 καὶ
1515 228 1647 261 βασιλέως
1662 229 1719 254 δέε-

93 272 145 306 μὶν
155 271 258 303 ἐδέετο,
275 272 290 298 ὁ
309 273 333 298 δ’
347 272 483 300 ἀνένευεν.
510 274 539 301 '0
570 275 620 309 μὲν
640 276 687 303 καὶ
698 276 884 311 δραστικώτε-

93 325 141 351 ρον
152 317 301 351 ἠντιϐόλει,
315 318 328 344 ό
341 318 364 344 δ’
375 319 514 353 ὴγρίαινε.
542 321 627 352 Τέλος
653 321 710 348 ἀλλ’
728 322 884 348 ἀδικεῖσθαι

91 362 138 389 τὸν
155 362 302 397 ἄνθρωπον
325 363 432 398 ἔλεγεν.
458 366 472 392 ὁ
494 366 518 392 δ’
533 367 582 393 οὑκ
606 367 776 402 ἐφρόντιζεν.
797 367 842 400 Ὦς
856 368 884 394 δὲ

93 409 141 435 καὶ
165 409 245 443 δῆλος
274 407 309 444 ἦν
334 411 446 445 πράξων
477 413 717 449 παραϐολώτερον,
743 414 777 449 ἢν
794 413 831 449 μή
857 415 884 448 γ’

92 453 200 487 ἀκούοι,
215 454 230 480 ὁ
244 454 268 481 δ’
283 455 403 482 ἀλλὀὐκ
426 456 513 484 ἐδίδου
535 458 565 485 ea
579 459 712 494 παράπαν
725 459 775 494 τὴν
792 460 882 492 λύσιν,

93 499 146 525 κᾶν
163 499 177 526 ὄ
191 507 218 535 τι
232 500 279 526 καὶ
293 501 402 535 πράξοι.
419 502 474 529 Καὶ
491 503 571 535 εὐθὺς
587 504 668 539 ζῆλος
680 505 769 532 είσέδυ
781 505 826 532 τὸν
845 506 883 532 ιε-

93 543 157 575 ρέα,
173 543 232 574 καὶ,
264 553 273 569 t
289 544 321 570 Τί
335 545 390 576 δὲ.»
405 546 482 580 φησι,
502 548 562 573 «καὶ
578 547 633 574 ἀπὸ
651 548 731 575 τίνων
745 549 884 584 ἀρχιερεῖς

92 585 164 615 εῐναι
177 588 210 620 ἄε
224 597 253 614 ον
267 589 282 624 ἢ
297 590 447 626 μαγείρους
460 593 506 618 καὶ
521 593 691 628 στράτωρας,
707 594 753 626 οὓς
768 595 882 621 ύποκλί-

92 642 151 660 νε.ν
168 634 274 669 ἀνάγκη
289 635 339 662 κᾶν
356 636 370 663 ὃ
391 646 416 663 τι
445 637 566 670 θέλοιτε;
590 648 599 664 ι
629 639 724 666 Ταῦτά
747 649 776 666 τε
794 641 882 667 εἰπεῖν

91 680 140 705 καὶ
158 681 256 716 ἁθρόον
272 681 301 708 τὸ
315 682 366 717 τῆς
380 684 566 719 πατριαρχίας
585 685 722 720 σύμϐιλον
738 686 818 721 ῥίψαι
831 687 881 720 τὴν

91 724 259 760 βακτηρίαν.
281 727 330 762 τὴν
346 728 369 754 δ’
396 728 588 764 ὲπιρῤοιζῆσαι
606 731 658 765 πρὸ
672 730 760 756 ποδῶν
773 731 812 765 τῷ
831 730 882 766 βα-

91 770 163 796 σιλεῖ
175 771 322 805 πεσοῦσαν,
338 773 383 800 τὸν
398 773 420 800 δ’
432 774 479 808 ἅμ’
492 775 657 806 ἀναστάντα,
701 776 789 802 ποδῶν
797 774 880 811 εἶχεν,

89 815 144 848 εξω
156 817 266 851 χωρεῖν.
281 818 337 844 Καὶ
351 818 396 844 τὸν
407 818 457 853 μὲν
469 819 581 853 βασιλέα
594 820 623 846 ὲν
637 819 755 855 αἰσχύνῃ
772 820 882 847 ποιοῦν-

89 870 125 888 τα
144 862 175 889 τὺ
188 863 306 897 πρᾶγμα
319 863 392 890 ἐνεὸν
404 864 576 897 ἀνίστασθαι,
598 866 702 892 ἐκεῖνον
718 866 756 898 δὲ,
772 866 880 893 πολλῶν

88 908 245 943 ἐπεχόντων
261 909 309 935 καί
330 918 362 943 γε
376 909 430 936 τῶν
442 911 475 937 ιιι
502 911 634 945 βασιλέως
648 912 755 946 συχνῶν
769 921 878 946 πεμπο-

91 953 183 987 μένων
201 954 248 980 καὶ
256 954 425 990 ὑποστρέψαι
435 956 668 990 παρακαλούντων
683 957 721 988 ὡς
735 957 775 989 είς
789 957 879 991 λύπην

88 996 129 1032 τῷ
143 997 252 1032 βασιλεῖ
267 1001 456 1035 γενησομένης
484 1002 534 1036 τῆς
562 1003 757 1037 ἐκχωρήσεως,
785 1002 832 1029 τὸν
850 1003 879 1030 δὲ

91 1042 155 1076 μηδ’
168 1042 238 1073 ὅλως
254 1044 380 1075 ἀκοῦσαι,
403 1045 472 1071 ἀλλὰ
488 1046 558 1080 πεζῇ
573 1046 691 1073 διελθεῖν
705 1047 750 1073 καὶ
767 1047 816 1082 τὴν
833 1056 879 1082 μο-

90 1087 140 1122 νὴν
153 1088 204 1122 τῆς
217 1087 309 1124 χώρας
326 1090 502 1121 καταλαϐεῖν,
521 1090 596 1126 ἔργῳ
619 1091 745 1124 δείξαντα
760 1092 811 1127 τὴν
832 1093 880 1119 τοῦ

91 1132 176 1168 ζήλου
189 1133 270 1167 φύσιν
283 1135 373 1168 ὁποία,
386 1136 432 1162 καὶ
446 1136 483 1168 ὡς
498 1137 527 1162 οὐ
542 1137 676 1171 λαμϐάνει
690 1140 836 1173 πρόσωπον
847 1140 880 1167 ἂν

91 1179 164 1205 κατά
183 1178 251 1205 Θεὸν
277 1180 398 1215 γίνηται.
419 1181 532 1208 ’Δλλοτε
562 1182 593 1217 δὴ
610 1182 693 1209 πάλιν
723 1183 881 1219 (προτρέχει

92 1223 148 1259 γὰρ
177 1226 223 1251 καὶ
239 1224 318 1252 τοῦτο
332 1226 464 1261 ῥηθῆναι)
491 1227 561 1262 ὑπὲρ
577 1228 723 1264 ἀνθρώπου
737 1229 830 1265 δέησις
847 1227 880 1266 ἦν

94 1318 206 1340 troitum
224 1317 344 1346 vertens,
360 1314 489 1349 asperius
500 1320 526 1342 et
543 1315 600 1350 ipse
614 1317 798 1350 responsavit.
817 1317 882 1345 Pro-

92 1363 218 1386 cesserat
228 1367 297 1394 pene
310 1360 336 1387 in
345 1360 467 1395 jurgium
478 1361 523 1394 lis,
537 1367 664 1396 poscente
674 1362 736 1395 hoc,
746 1363 882 1392 abnuente

92 1405 150 1437 illo,
171 1405 310 1433 eﬂicacius
339 1406 391 1434 hoc
407 1407 583 1442 deprecante,
603 1414 699 1435 contra
718 1409 762 1435 illo
779 1417 881 1436 ext-att-

90 1452 233 1478 descente.
264 1451 387 1479 Tandem
413 1457 583 1480 contestante
609 1453 726 1488 prtesnle
752 1454 880 1489 injuriam

91 1497 199 1524 homini
228 1498 299 1530 fieri,
314 1498 441 1533 principe
469 1499 536 1526 nihil
568 1500 594 1527 id
621 1508 650 1527 se
666 1508 762 1528 curare
789 1507 881 1529 osten-

89 1542 185 1574 dente,
202 1543 318 1577 praesule
334 1551 365 1570 se
379 1544 469 1571 adhuc
486 1544 583 1573 fortius
599 1549 739 1577 acturum.
757 1547 784 1574 ni
800 1547 879 1574 audi-

91 1591 180 1620 retur,
197 1595 252 1622 prae
264 1595 295 1616 se
312 1588 428 1622 ferente,
443 1590 566 1625 principe
589 1595 685 1619 contra
707 1596 876 1626 ostentante,

89 1635 227 1670 quidquid
248 1635 351 1664 faceret
365 1641 413 1664 aut
436 1637 548 1670 diceret,
572 1638 640 1665 nihil
656 1638 876 1673 impetraturum,

90 1689 126 1709 ne
146 1686 204 1709 tum
231 1681 341 1717 quidem
373 1683 528 1717 patriarcha
556 1684 643 1712 victus
672 1685 805 1714 abscessit
831 1691 878 1714 aut

90 1731 251 1761 susceptum
281 1735 361 1755 suum
392 1728 520 1756 deserere
553 1730 696 1762 sustinuit,
730 1730 777 1758 sed
809 1736 877 1758 aestu

90 1773 181 1800 elatus
209 1771 409 1802 eﬂ'ervescentis
434 1773 509 1801 intus
522 1774 685 1808 zeliuQuid
711 1775 812 1810 igitur?
833 1776 876 1803 in-

91 1818 152 1852 quit
170 1825 177 1849 ;
194 1824 229 1844 an
245 1825 341 1846 censes
358 1825 466 1854 aequum
484 1819 626 1855 episcopos
641 1820 713 1854 apud
731 1828 778 1848 vos
793 1821 878 1849 nihilo

93 1863 183 1897 pluris
209 1871 272 1891 esse
294 1871 375 1898 quatn
403 1872 507 1899 coquos
537 1871 584 1893 aut
614 1870 756 1899 stratores,
777 1867 877 1902 quibus

92 1909 185 1935 omnia
204 1909 282 1937 vobis
301 1910 415 1945 obsequi
434 1915 461 1938 et
473 1913 505 1938 ad
523 1918 618 1939 nutum
639 1913 741 1940 servire
757 1921 878 1942 necesse

91 1955 150 1981 est?
171 1963 180 1980 ι
196 1954 284 1982 Simul
303 1955 362 1983 haec
380 1956 474 1984 dicens
496 1958 658 1991 pastomlem
675 1959 814 1991 baculum,
828 1968 875 1995 pa-

92 1999 250 2027 triarchalis
285 1999 393 2035 insigne
423 2002 575 2037 dignitatis,
611 2008 673 2031 ante
703 2004 877 2040 imperatoris

93 2044 178 2079 pedes
194 2044 309 2078 abjicit:
328 2045 387 2081 ipse
407 2046 510 2082 impetu
528 2056 677 2084 exsurgens
702 2050 877 2078 velocissimo

91 2097 175 2124 passu
196 2097 227 2117 se
250 2090 325 2119 l'oras
353 2091 439 2126 ejicit.
466 2092 493 2120 ld
516 2093 613 2121 videns
637 2094 827 2129 imperatoret
843 2097 875 2125 ad

92 2135 276 2169 ignominiam
308 2137 443 2170 pertinere
466 2145 543 2165 suam
575 2143 716 2174 reputans,
742 2141 877 2170 sollicitus

93 2180 225 2215 assurgit,
242 2180 335 2208 multis
359 2181 553 2216 digredientem
575 2188 668 2212 tenere
693 2185 875 2220 patriarcham

937 285 992 303 ται.
1014 275 1096 303 Ἀλλὰ
1111 269 1242 306 πολλάκις
1259 275 1345 302 εἰπὼν
1360 274 1410 301 οὐκ
1422 274 1555 308 ἠκούσθη.
1577 275 1626 300 καὶ
1639 274 1722 308 ὑπερ-

937 322 1039 357 ήαερος
1054 322 1179 356 ἐφαίνετο
1198 322 1214 356 ἡ
1230 320 1351 356 βοήθεια.
1368 320 1518 354 Δράττεται
1530 319 1642 346 τοίνυνό
1657 329 1723 354 πρε-

937 367 1041 393 σὸεύων
1054 367 1162 402 καιροῦ,
1183 367 1231 393 καὶ
1243 367 1257 392 ὁ
1276 365 1372 400 καιρὸς
1394 365 1474 399 ἑορτὴ
1487 363 1520 400 ἦν
1537 365 1584 391 τοῦ
1604 365 1633 390 ὲν
1652 366 1721 400 μάρ-

936 421 998 439 τυτι
1013 411 1182 447 περιφανοῦς
1197 412 1334 446 Γεωργίου
1351 412 1398 437 καὶ
1414 410 1522 442 σύναξις
1549 411 1655 445 ἀνδρῶν
1671 411 1721 436 οὐκ

935 458 1032 493 ὀλίγων
1046 459 1098 485 ἀνὰ
1113 458 1162 493 τὴν
1187 457 1243 484 τῶν
1268 458 1425 491 Μαγγάνων
1443 457 1538 492 μονήν.
1565 457 1621 483 Καὶ
1642 456 1656 482 ὁ
1673 457 1722 491 μὲν

936 505 1025 540 ἱερεὺς
1040 505 1089 540 τὴν
1103 504 1272 538 ἀναίμακτον
1296 503 1382 530 ἐτέλει
1400 503 1505 534 θυσίαν,
1521 504 1535 529 ὀ
1549 503 1577 530 δὲ
1593 503 1721 538 βασιλεὺς

936 551 1082 586 ἱστάμενος
1098 550 1226 577 ἐτελεῖτο.
1248 550 1325 576 Ἐπεὶ
1344 549 1366 576 5‘
1382 549 1508 576 ἐτελεύτα
1523 550 1539 584 ὴ
1556 549 1611 576 τῶν
1626 549 1720 584 δώρων

934 596 1060 631 ἀναφορὰ
1078 595 1124 622 καὶ
1141 595 1194 622 ἔδει
1209 595 1254 622 τὴν
1281 595 1395 630 βασιλέα
1411 595 1560 629 νιψάμενον
1575 595 1719 630 προεισελ-

934 642 992 669 θεῖν
1009 641 1051 676 ἐφ’
1076 639 1098 676 ᾧ
1122 651 1152 668 τε
1180 642 1324 677 μετασχεῖν
1351 641 1500 675 ἀντιδὼρου
1519 641 1565 667 καὶ
1593 641 1720 675 εὐλογίαν

933 686 1067 721 παρέτοῦ
1083 687 1326 722 λειτουργήσαντος
1344 686 1482 719 δέξασθαι,
1499 687 1671 720 ἀνοίγνυνται
1687 686 1721 712 τὰ

933 734 1053 769 πρόσθεν
1068 733 1123 760 τῶν
1140 733 1245 760 ἀδύτων
1262 732 1353 768 θύρια,
1369 732 1550 766 ἐμφανίζεται
1567 732 1581 758 6
1609 733 1658 766 τὴν
1673 732 1719 758 εὑ-

932 781 983 816 χὴν
993 779 1111 807 τελέσων
1122 779 1162 814 τῷ
1177 779 1295 815 βασιλεῖ,
1307 779 1434 815 πρόσεισι
1449 779 1585 813 βασιλεὺς,
1604 778 1720 804 ἐκτείνει

932 827 982 858 τὰς
1011 827 1106 861 χεῖρας
1132 825 1178 852 τοῦ
1195 825 1267 852 θείου
1283 825 1365 860 ἄρτου
1380 825 1546 859 ληψόμενος,
1563 825 1656 859 ἐπέχει
1670 824 1720 858 τὴν

931 871 1022 905 δεξιὰν
1036 872 1050 897 6
1063 871 1153 905 ἱερεὺς
1171 871 1200 897 τδ
1214 871 1260 897 τοῦ
1275 870 1349 905 ίεροῦ
1364 871 1447 905 ἄρτου
1459 870 1570 904 κλάσμα
1586 869 1718 904 κατέχου-

933 926 994 944 σαν.
1009 916 1054 952 [Ρ.
1067 915 1131 952 276]
1149 916 1204 943 Καὶ
1218 916 1289 943 οὕτω
1308 916 1362 942 τῶν
1381 916 1430 951 μὲν
1444 915 1545 951 χειρῶν
1570 915 1720 948 ὲκτεταμές

930 971 983 989 νων
996 962 1035 997 τῷ
1054 962 1170 996 βασιλεῖ.
1186 963 1235 996 τῆς
1246 961 1275 988 δὲ
1289 961 1379 994 δεξιᾶς
1396 960 1435 995 τῷ
1452 961 1520 996 ιερεῖ
1531 959 1718 995 ἀτρεμούσης,

930 1009 947 1043 ὴ
958 1007 1069 1042 γλῶσσα
1082 1008 1159 1042 φέρει
1176 1007 1224 1043 τὴν
1237 1007 1340 1034 ἱκεσίαν
1357 1007 1403 1034 καὶ
1416 1006 1455 1042 τῷ
1466 1006 1628 1040 λυπουμένῳ
1642 1005 1721 1039 ζητεῖ

929 1053 978 1088 τὴν
988 1053 1076 1080 λύσιν.
1092 1051 1166 1085 Εἶδες
1179 1053 1211 1080 ἂν
1225 1053 1286 1079 τότε
1300 1054 1423 1086 γενναῖον
1437 1053 1605 1087 παράστημα
1615 1051 1718 1085 ψυχῆς,

930 1099 978 1125 τοῦ
996 1099 1045 1133 μὲν
1072 1099 1225 1130 ἱκτεύοντος
1247 1098 1340 1124 δοῦναι
1354 1098 1404 1132 τὴν
1427 1096 1515 1128 λύσιν,
1534 1096 1581 1122 καὶ
1606 1095 1654 1122 τοῦ
1669 1095 1718 1131 μὲν

931 1145 970 1175 si;
986 1144 1084 1180 καιρὸν
1100 1144 1271 1179 ἀναρτῶντος
1284 1143 1321 1174 ὼς
1337 1143 1375 1177 μὴ
1395 1143 1472 1174 ὄντος
1497 1142 1602 1169 ἐκείνου
1620 1140 1718 1176 καιροῦ

931 1190 1046 1222 λύσεως,
1058 1189 1105 1216 τοῦ
1118 1189 1146 1216 δὲ
1161 1189 1209 1215 καὶ
1227 1188 1327 1224 μᾶλλον
1343 1188 1380 1220 ὠς
1395 1188 1470 1220 ὄντος
1485 1187 1719 1224 ὲξανακράζοντος

931 1234 989 1270 alio:
1003 1235 1053 1270 μὲν
1064 1233 1201 1268 ἁγιασμοῦ
1216 1234 1249 1260 ἐκ
1264 1233 1343 1266 Θεοῦ,
1369 1233 1428 1268 ἅμα
1443 1233 1471 1259 δὲ
1485 1233 1532 1260 καὶ
1546 1232 1719 1267 συμπαθείας

933 1320 1034 1357 Arripit
1046 1323 1127 1355 igitur
1142 1321 1316 1350 occasionem
1337 1321 1517 1353 intercessor,
1530 1328 1610 1355 quam
1626 1329 1641 1348 a
1657 1321 1720 1347 reli—

930 1376 1012 1402 gione
1028 1369 1085 1395 [Ore
1096 1367 1200 1403 putavit
1212 1367 1359 1394 eiiicacem.
1372 1365 1481 1394 Festum
1498 1365 1631 1400 agebatur
1657 1373 1720 1399 per—

933 1414 1046 1440 illustris
1062 1414 1132 1440 inter
1143 1419 1280 1447 martyres
1297 1411 1420 1446 Georgii,
1442 1415 1469 1438 et
1495 1415 1646 1438 conventus
1661 1415 1719 1437 erat

933 1467 987 1487 non
1006 1459 1119 1486 modicae
1139 1458 1325 1485 multitudinis
1340 1457 1412 1492 apud
1427 1456 1511 1484 aedem
1532 1463 1639 1484 sacram
1661 1464 1719 1483 ωο-

933 1505 1044 1532 nasterii
1062 1504 1270 1540 Manganorum,
1292 1505 1464 1532 incruentum
1493 1504 1527 1531 ibi
1553 1503 1717 1531 sacriﬁcium

931 1551 1062 1578 otferentc
1101 1551 1269 1586 patriarcha.
1298 1550 1448 1585 imperator
1479 1550 1565 1577 sacris
1603 1549 1717 1576 astabat.

936 1597 986 1624 Ubi
1006 1605 1069 1624 vero
1081 1597 1164 1631 peritu
1175 1603 1199 1623 la
1213 1597 1353 1624 oblatione
1367 1597 1502 1623 donorum
1516 1602 1622 1630 tempus
1633 1595 1720 1622 adfuit

929 1651 984 1678 quo
1000 1651 1031 1670 ex
1049 1651 1122 1670 more
1141 1644 1212 1670 lotus
1228 1645 1377 1678 imperator
1397 1643 1528 1670 accedere
1543 1641 1660 1669 debebat
1678 1643 1712 1668 ad

931 1697 1018 1724 ρετοει
1030 1690 1132 1716 tionem
1166 1689 1244 1723 panis
1280 1689 1426 1720 benedicti,
1446 1696 1527 1723 quem
1561 1685 1741 1714 antidornnn

928 1740 1034 1767 vocant,
1050 1739 1076 1761 et
1096 1734 1230 1769 eulogiam
1247 1741 1260 1761 a
1281 1735 1441 1761 celebrante
1466 1735 1602 1767 accipere,
1633 1733 1718 1759 reclu-

929 1781 1032 1808 duntur
1048 1781 1199 1807 anteriores
1231 1780 1373 1816 adyti-rum
1390 1780 1473 1811 fores,
1501 1785 1527 1807 et
1552 1780 1643 1814 prodit
1669 1780 1715 1814 qui

929 1827 998 1855 bene
1026 1830 1186 1862 precaturus
1211 1826 1370 1860 imperatori
1396 1827 1474 1861 juxta
1506 1834 1608 1853 moer
1638 1830 1711 1853 erat.

930 1872 1033 1899 Prmsto
1055 1877 1098 1899 est
1126 1872 1319 1907 Augustus.“
1346 1880 1443 1899 manus
1467 1872 1581 1907 porrigit
1607 1879 1717 1898 sacrum

928 1922 1088 1953 sumpturus
1120 1926 1230 1953 partem.
1260 1918 1379 1945 Cohibet
1408 1919 1547 1945 dexteram
1578 1918 1716 1949 sacerdos,

928 1971 981 1998 qua
999 1963 1178 1998 tragmcntum
1200 1964 1269 1990 sacri
1286 1964 1363 1998 panis
1380 1964 1502 1991 tenebat.
1520 1963 1550 1990 Et
1566 1964 1606 1991 sic
1621 1968 1717 1991 exten-

928 2009 967 2037 sis
998 2010 1171 2043 imperatoris
1199 2009 1307 2044 palmis,
1341 2018 1421 2036 tnanu
1452 2017 1517 2037 vero
1557 2010 1717 2044 patriarcha)

928 2055 1013 2089 rigide
1031 2063 1179 2089 snsprttsa,
1198 2056 1288 2090 lingua
1305 2056 1364 2090 ejus
1383 2056 1462 2083 toties
1481 2060 1560 2083 antea
1590 2055 1718 2088 reiectant

927 2099 1156 2134 supplicationem
1183 2100 1301 2133 iteravit,
1329 2105 1355 2127 et
1373 2101 1477 2128 homini
1493 2108 1567 2135 aegre
1595 2101 1719 2133 habenti|

928 2145 1002 2172 utab
1018 2145 1181 2179 imperatore
1197 2146 1269 2180 quod
1286 2146 1407 2181 optabat,
1420 2147 1592 2181 contingeret
1605 2151 1720 2181 precata.

927 2194 979 2218 est.
1000 2189 1112 2218 Videres
1140 2191 1183 2218 hic
1208 2191 1336 2226 utrinque
1360 2191 1489 2218 obnixam
1521 2193 1549 2219 in
1577 2192 1722 2226 proposito.

93 2224 271 2258 conantibus,
290 2229 317 2252 et
331 2225 393 2253 aliis
404 2233 486 2261 super
502 2227 570 2255 alios
586 2228 621 2256 ab
636 2228 799 2263 imperatore
813 2232 879 2260 mis-
894 2234 918 2264 D
931 2236 1114 2263 constantiam
1142 2236 1260 2263 duorum
1290 2237 1383 2264 invicti
1418 2238 1516 2272 rigoris
1547 2238 1717 2269 animorum,

91 2269 131 2296 sis
146 2269 206 2304 ejus
222 2270 335 2298 nomine
350 2272 511 2306 rogantibus
528 2277 557 2300 ut
569 2274 668 2302 rediret
684 2275 718 2303 ad
732 2281 875 2305 vocantem

91 2316 245 2350 Augustum
261 2320 290 2343 et
316 2316 470 2345 discessum
498 2319 570 2347 hunc
597 2320 657 2355 ejus
683 2321 877 2351 molestissime

90 2359 236 2389 ferentem.
265 2361 313 2389 ille
335 2362 370 2389 ad
398 2363 489 2390 omnia
516 2365 617 2393 surdus
638 2373 749 2393 cursum
777 2368 874 2400 tenuit,

88 2406 177 2440 quoad
195 2406 223 2433 in
243 2407 377 2440 vicinum,
396 2408 439 2435 ubi
453 2409 652 2443 diversabatur,
675 2415 873 2440 monasterium

89 2452 171 2485 pedes
186 2453 322 2487 pervenit,
341 2454 430 2489 reipsa
445 2457 591 2485 ostendens
607 2465 667 2492 qum
695 2458 800 2487 indoles
827 2461 875 2487 zeli

87 2497 134 2528 sit,
171 2505 310 2534 quamque
335 2499 390 2533 ille,
417 2507 479 2527 cum
505 2501 588 2528 Deum
622 2503 702 2531 habet
723 2510 875 2538 auctorem,

88 2544 242 2571 reverentia
261 2546 414 2579 quantaevis
431 2547 512 2574 etiam
526 2549 669 2583 praesentis
683 2557 807 2584 personae
821 2559 874 2579 non

87 2589 285 2618 retardaretur.
312 2591 388 2618 Alias
415 2600 514 2621 rursus
546 2593 619 2628 (nam
639 2599 666 2621 et
690 2595 745 2623 huc
771 2595 873 2631 impetu

87 2634 172 2661 semel
201 2635 373 2670 digrediendi
401 2643 482 2672 capto
513 2646 601 2673 prono
627 2639 705 2675 lapsu
732 2646 875 2676 procurrat

85 2681 198 2714 oratio).
208 2682 286 2714 alias,
301 2681 422 2717 inquam,
435 2692 532 2713 rursus
544 2685 641 2713 orabat
654 2687 812 2721 patriarcha
824 2696 874 2723 pro

88 2725 210 2758 homine,
241 2727 284 2754 cui
307 2728 412 2762 justum
444 2731 574 2758 censebat
595 2731 630 2759 ab
659 2732 823 2767 imperatore
848 2735 874 2763 id

87 2771 220 2806 indulgeri
237 2780 292 2807 qtto
313 2775 421 2809 egebat,
448 2777 493 2803 sed
520 2777 649 2811 replicata
677 2779 776 2814 sapius
805 2781 873 2809 nihil

86 2817 244 2851 proﬁciebat
260 2820 363 2853 oratio;
380 2821 496 2858 et407
510 2822 563 2855 iam
581 2823 659 2857 longa
675 2824 798 2860 adeoque
813 2827 873 2854 inii-

89 2862 144 2891 nita
176 2863 317 2891 videbatur
333 2867 519 2898 szrpel'uistta
549 2869 634 2901 rogati
661 2870 754 2897 auxilii
784 2880 870 2900 mota.

928 2280 1000 2309 Nihil
1031 2282 1105 2309 enim
1129 2281 1163 2309 de
1187 2282 1324 2310 sententia
1342 2283 1464 2311 dimotus
1477 2283 1627 2318 imperator
1644 2284 1719 2318 fraga

928 2332 1048 2354 ruentum
1061 2328 1181 2362 petebat,
1197 2329 1350 2363 patriarcha
1362 2329 1483 2358 vicissim
1497 2330 1604 2358 veniam
1617 2331 1716 2362 orabat

931 2373 1056 2407 pauperi.
1078 2374 1166 2409 Atque
1190 2374 1346 2409 imperatori
1363 2375 1505 2403 excusanti
1534 2383 1588 2403 non
1610 2384 1670 2403 esse
1687 2376 1715 2404 id

928 2423 1019 2452 aptum
1036 2419 1120 2447 venia:
1137 2419 1180 2447 isti
1212 2421 1395 2448 concedendm
1422 2428 1539 2456 tempus,
1562 2426 1589 2448 ct
1610 2421 1717 2452 ditl'crri.

927 2464 1067 2497 negotium
1092 2467 1227 2498 poscenti,
1258 2467 1413 2501 patriarcha
1439 2473 1531 2494 contra
1563 2468 1717 2501 reponi-bat

926 2509 1029 2544 optime
1051 2511 1178 2546 conjungi
1195 2519 1257 2540 cum
1285 2514 1460 2548 perceptione
1484 2514 1578 2548 gratiae
1600 2521 1632 2541 ex
1657 2513 1717 2542 Deo,

927 2556 1125 2591 indulgentiam
1144 2557 1170 2584 in
1187 2558 1325 2586 hominem
1344 2560 1448 2592 venias;
1464 2564 1519 2586 tum
1536 2560 1713 2592 asseverabat

926 2609 1066 2637 nunquam
1081 2610 1111 2630 se
1127 2603 1294 2631 tributurum
1313 2612 1424 2632 sacrum
1442 2613 1551 2640 panem,
1567 2606 1619 2633 nisi
1637 2606 1710 2641 quer

926 2647 1068 2681 pI-tebatur
1096 2647 1241 2682 largiretur
1266 2649 1424 2684 imperator.
1452 2650 1545 2677 Finem
1571 2655 1711 2682 certamen,

926 2700 980 2719 non
991 2693 1118 2726 habebat,
1130 2694 1220 2727 quoad
1238 2695 1345 2722 tandem
1362 2695 1501 2723 intentiori
1513 2696 1713 2730 supplicatione

925 2737 1022 2765 institit
1033 2738 1172 2773 Augustus
1197 2743 1226 2766 nt
1239 2739 1291 2766 sibi
1310 2741 1388 2775 panis
1410 2741 1530 2773 daretur,
1545 2749 1598 2769 non
1611 2746 1664 2768 tam
1676 2742 1709 2769 ad

926 2791 1005 2810 usum
1034 2784 1200 2816 h-uctumve,
1220 2790 1250 2812 ut
1277 2786 1377 2818 aiebat,
1405 2787 1545 2821 proprium
1570 2795 1652 2822 quam
1675 2788 1711 2817 ad

924 2828 1099 2856 oll'ensionetn
1111 2831 1361 2865 spectantispopuli
1379 2832 1529 2864 vitandam.
1543 2833 1615 2867 apud
1625 2841 1708 2868 quem

924 2873 1133 2902 existimationis
1150 2875 1281 2906 iacturam
1300 2875 1415 2906 subiret.
1431 2877 1454 2904 si
1469 2885 1571 2904 vacuus
1594 2881 1620 2905 et
1636 2878 1707 2909 sacri
