  <div class='ocr_page' id='page_1' title='image "/cluster/home/n/w/nwhite01/storage/ocr_20150623/143/njp.32101010942884/469.png"; bbox 0 0 1936 3069; ppageno 0'>
   <div class='ocr_carea' id='block_1_1' title="bbox 211 126 262 156">
    <p class='ocr_par' dir='ltr' id='par_1_1' title="bbox 211 126 262 156">
     <span class='ocr_line' id='line_1_1' title="bbox 211 126 262 156; baseline 0.059 -3"><span class='ocrx_word' id='word_1_1' title='bbox 211 126 262 156; x_wconf 68' lang='grc' dir='ltr'><strong>8ιῖ7</strong></span> 
     </span>
    </p>
   </div>
   <div class='ocr_carea' id='block_1_2' title="bbox 810 125 1232 156">
    <p class='ocr_par' dir='ltr' id='par_1_2' title="bbox 810 125 1232 156">
     <span class='ocr_line' id='line_1_2' title="bbox 810 125 1232 156; baseline 0.005 -2"><span class='ocrx_word' id='word_1_2' title='bbox 810 125 968 154; x_wconf 74' lang='lat' dir='ltr'><strong>GEORGII</strong></span> <span class='ocrx_word' id='word_1_3' title='bbox 994 126 1232 156; x_wconf 61' lang='lat' dir='ltr'><strong>PACHYMERI.</strong></span> 
     </span>
    </p>
   </div>
   <div class='ocr_carea' id='block_1_3' title="bbox 1782 129 1838 160">
    <p class='ocr_par' dir='ltr' id='par_1_3' title="bbox 1782 129 1838 160">
     <span class='ocr_line' id='line_1_3' title="bbox 1782 129 1838 160; baseline 0 -1"><span class='ocrx_word' id='word_1_4' title='bbox 1782 129 1838 160; x_wconf 68' lang='lat'><strong>8(‘8</strong></span> 
     </span>
    </p>
   </div>
   <div class='ocr_carea' id='block_1_4' title="bbox 213 181 1838 220">
    <p class='ocr_par' dir='ltr' id='par_1_4' title="bbox 213 181 1838 220">
     <span class='ocr_line' id='line_1_4' title="bbox 213 181 1838 220; baseline 0.002 -10"><span class='ocrx_word' id='word_1_5' title='bbox 213 186 328 218; x_wconf 63' lang='grc' dir='ltr'>παρεῖχε</span> <span class='ocrx_word' id='word_1_6' title='bbox 347 183 468 218; x_wconf 67' lang='grc' dir='ltr'>ττερῥῶς</span> <span class='ocrx_word' id='word_1_7' title='bbox 485 181 650 209; x_wconf 81' lang='grc' dir='ltr'>ἀντιϐαίνειν</span> <span class='ocrx_word' id='word_1_8' title='bbox 666 183 725 214; x_wconf 71' lang='grc' dir='ltr'><strong>τιῖς</strong></span> <span class='ocrx_word' id='word_1_9' title='bbox 747 182 788 216; x_wconf 72' lang='grc' dir='ltr'><strong>ἐφ’</strong></span> <span class='ocrx_word' id='word_1_10' title='bbox 806 182 923 217; x_wconf 66' lang='grc' dir='ltr'>ἑκάτερα</span> <span class='ocrx_word' id='word_1_11' title='bbox 952 185 1000 218; x_wconf 82' lang='grc' dir='ltr'>τῆς</span> <span class='ocrx_word' id='word_1_12' title='bbox 1016 185 1036 212; x_wconf 81' lang='grc' dir='ltr'><strong>Α</strong></span> <span class='ocrx_word' id='word_1_13' title='bbox 1051 184 1078 210; x_wconf 76' lang='grc' dir='ltr'>δὲ</span> <span class='ocrx_word' id='word_1_14' title='bbox 1094 184 1156 218; x_wconf 72' lang='grc' dir='ltr'>περὶ</span> <span class='ocrx_word' id='word_1_15' title='bbox 1175 184 1221 210; x_wconf 65' lang='grc' dir='ltr'><strong>τὸν</strong></span> <span class='ocrx_word' id='word_1_16' title='bbox 1242 184 1367 220; x_wconf 81' lang='grc' dir='ltr'>Ἰωάννην</span> <span class='ocrx_word' id='word_1_17' title='bbox 1384 183 1481 217; x_wconf 76' lang='grc' dir='ltr'>ἀνέδην</span> <span class='ocrx_word' id='word_1_18' title='bbox 1496 181 1530 220; x_wconf 80' lang='grc' dir='ltr'>ἦν</span> <span class='ocrx_word' id='word_1_19' title='bbox 1549 184 1664 211; x_wconf 78' lang='grc' dir='ltr'>κτείνειν</span> <span class='ocrx_word' id='word_1_20' title='bbox 1689 186 1735 212; x_wconf 64' lang='grc' dir='ltr'>τὶν</span> <span class='ocrx_word' id='word_1_21' title='bbox 1751 195 1838 220; x_wconf 70' lang='grc' dir='ltr'>πρισ-</span> 
     </span>
    </p>
   </div>
   <div class='ocr_carea' id='block_1_5' title="bbox 212 228 998 264">
    <p class='ocr_par' dir='ltr' id='par_1_5' title="bbox 212 228 998 264">
     <span class='ocr_line' id='line_1_5' title="bbox 212 228 998 264; baseline 0 -9"><span class='ocrx_word' id='word_1_22' title='bbox 212 230 371 263; x_wconf 64' lang='grc' dir='ltr'>ὲφεςτρίδος</span> <span class='ocrx_word' id='word_1_23' title='bbox 385 228 523 263; x_wconf 76' lang='grc' dir='ltr'>κλίμαξιν,</span> <span class='ocrx_word' id='word_1_24' title='bbox 540 228 598 255; x_wconf 76' lang='grc' dir='ltr'>ἀλλ’</span> <span class='ocrx_word' id='word_1_25' title='bbox 612 228 661 263; x_wconf 70' lang='grc' dir='ltr'><strong>ἅμ’</strong></span> <span class='ocrx_word' id='word_1_26' title='bbox 680 228 834 262; x_wconf 68' lang='grc' dir='ltr'>ηκοντίξετο</span> <span class='ocrx_word' id='word_1_27' title='bbox 843 230 888 255; x_wconf 72' lang='grc' dir='ltr'>καὶ</span> <span class='ocrx_word' id='word_1_28' title='bbox 901 237 998 264; x_wconf 77' lang='grc' dir='ltr'>παρευ-</span> 
     </span>
    </p>
   </div>
   <div class='ocr_carea' id='block_1_6' title="bbox 213 273 998 308">
    <p class='ocr_par' dir='ltr' id='par_1_6' title="bbox 213 273 998 308">
     <span class='ocr_line' id='line_1_6' title="bbox 213 273 998 308; baseline -0.001 -7"><span class='ocrx_word' id='word_1_29' title='bbox 213 276 260 306; x_wconf 66' lang='lat'><strong>0-),-</strong></span> <span class='ocrx_word' id='word_1_30' title='bbox 277 275 375 300; x_wconf 77' lang='grc' dir='ltr'><strong>ἔπιπτε</strong></span> <span class='ocrx_word' id='word_1_31' title='bbox 398 274 445 300; x_wconf 80' lang='grc' dir='ltr'>καὶ</span> <span class='ocrx_word' id='word_1_32' title='bbox 468 274 606 308; x_wconf 85' lang='grc' dir='ltr'>ἡλίσκετο.</span> <span class='ocrx_word' id='word_1_33' title='bbox 623 273 679 300; x_wconf 74' lang='grc' dir='ltr'><strong>Καὶ</strong></span> <span class='ocrx_word' id='word_1_34' title='bbox 703 274 751 300; x_wconf 77' lang='grc' dir='ltr'>σὺν</span> <span class='ocrx_word' id='word_1_35' title='bbox 771 273 846 308; x_wconf 77' lang='grc' dir='ltr'>αὐτῷ</span> <span class='ocrx_word' id='word_1_36' title='bbox 868 273 943 300; x_wconf 75' lang='grc' dir='ltr'>άλλοι</span> <span class='ocrx_word' id='word_1_37' title='bbox 969 282 998 300; x_wconf 82' lang='grc' dir='ltr'><strong>τε</strong></span> 
     </span>
    </p>
   </div>
   <div class='ocr_carea' id='block_1_7' title="bbox 213 320 998 356">
    <p class='ocr_par' dir='ltr' id='par_1_7' title="bbox 213 320 998 356">
     <span class='ocr_line' id='line_1_7' title="bbox 213 320 998 356; baseline 0.001 -10"><span class='ocrx_word' id='word_1_38' title='bbox 213 321 305 347; x_wconf 69' lang='grc' dir='ltr'>πολλοὶ</span> <span class='ocrx_word' id='word_1_39' title='bbox 323 320 547 354; x_wconf 77' lang='grc' dir='ltr'>συμποδίζονται,</span> <span class='ocrx_word' id='word_1_40' title='bbox 557 320 604 346; x_wconf 82' lang='grc' dir='ltr'>καὶ</span> <span class='ocrx_word' id='word_1_41' title='bbox 619 320 651 354; x_wconf 81' lang='grc' dir='ltr'>δὴ</span> <span class='ocrx_word' id='word_1_42' title='bbox 662 320 709 346; x_wconf 75' lang='grc' dir='ltr'>καὶ</span> <span class='ocrx_word' id='word_1_43' title='bbox 722 321 735 346; x_wconf 82' lang='lat'><strong>6</strong></span> <span class='ocrx_word' id='word_1_44' title='bbox 750 321 798 346; x_wconf 83' lang='grc' dir='ltr'><strong>τοῦ</strong></span> <span class='ocrx_word' id='word_1_45' title='bbox 818 320 935 356; x_wconf 75' lang='grc' dir='ltr'><strong>Ἰκαρίου</strong></span> <span class='ocrx_word' id='word_1_46' title='bbox 949 320 998 347; x_wconf 87' lang='grc' dir='ltr'><strong>αὺ-</strong></span> 
     </span>
    </p>
   </div>
   <div class='ocr_carea' id='block_1_8' title="bbox 212 365 999 401">
    <p class='ocr_par' dir='ltr' id='par_1_8' title="bbox 212 365 999 401">
     <span class='ocr_line' id='line_1_8' title="bbox 212 365 999 401; baseline 0 -9"><span class='ocrx_word' id='word_1_47' title='bbox 212 366 356 400; x_wconf 68' lang='grc' dir='ltr'>τάδελφος.</span> <span class='ocrx_word' id='word_1_48' title='bbox 390 366 434 392; x_wconf 84' lang='grc' dir='ltr'>Ἐν</span> <span class='ocrx_word' id='word_1_49' title='bbox 457 366 545 400; x_wconf 79' lang='grc' dir='ltr'>τούτῳ</span> <span class='ocrx_word' id='word_1_50' title='bbox 571 365 600 392; x_wconf 79' lang='grc' dir='ltr'>δὲ</span> <span class='ocrx_word' id='word_1_51' title='bbox 629 365 677 391; x_wconf 79' lang='grc' dir='ltr'>καὶ</span> <span class='ocrx_word' id='word_1_52' title='bbox 704 365 819 401; x_wconf 82' lang='grc' dir='ltr'>στρατὸς</span> <span class='ocrx_word' id='word_1_53' title='bbox 845 365 898 392; x_wconf 80' lang='grc' dir='ltr'><strong>άπὸ</strong></span> <span class='ocrx_word' id='word_1_54' title='bbox 914 365 999 401; x_wconf 75' lang='grc' dir='ltr'>ξηρᾶς</span> 
     </span>
    </p>
   </div>
   <div class='ocr_carea' id='block_1_9' title="bbox 213 409 1000 447">
    <p class='ocr_par' dir='ltr' id='par_1_9' title="bbox 213 409 1000 447">
     <span class='ocr_line' id='line_1_9' title="bbox 213 409 1000 447; baseline 0 -9"><span class='ocrx_word' id='word_1_55' title='bbox 213 412 361 443; x_wconf 67' lang='grc' dir='ltr'>εἰσϐάλλει.</span> <span class='ocrx_word' id='word_1_56' title='bbox 376 411 423 443; x_wconf 71' lang='grc' dir='ltr'>οὓς</span> <span class='ocrx_word' id='word_1_57' title='bbox 439 409 506 447; x_wconf 80' lang='grc' dir='ltr'>ἦγεν</span> <span class='ocrx_word' id='word_1_58' title='bbox 529 412 543 438; x_wconf 86' lang='lat'><strong>6</strong></span> <span class='ocrx_word' id='word_1_59' title='bbox 560 411 646 446; x_wconf 80' lang='grc' dir='ltr'>μέγας</span> <span class='ocrx_word' id='word_1_60' title='bbox 661 411 901 447; x_wconf 76' lang='grc' dir='ltr'><strong>στρατοπεδάρχης</strong></span> <span class='ocrx_word' id='word_1_61' title='bbox 915 412 1000 438; x_wconf 87' lang='grc' dir='ltr'>Συνα-</span> 
     </span>
    </p>
   </div>
   <div class='ocr_carea' id='block_1_10' title="bbox 213 457 1000 492">
    <p class='ocr_par' dir='ltr' id='par_1_10' title="bbox 213 457 1000 492">
     <span class='ocr_line' id='line_1_10' title="bbox 213 457 1000 492; baseline 0.001 -9"><span class='ocrx_word' id='word_1_62' title='bbox 213 458 291 491; x_wconf 53' lang='lat' dir='ltr'><strong>invii;</strong></span> <span class='ocrx_word' id='word_1_63' title='bbox 317 457 442 491; x_wconf 73' lang='grc' dir='ltr'>Ἰωάννης</span> <span class='ocrx_word' id='word_1_64' title='bbox 458 458 506 484; x_wconf 79' lang='grc' dir='ltr'>καὶ</span> <span class='ocrx_word' id='word_1_65' title='bbox 527 457 542 483; x_wconf 87' lang='grc' dir='ltr'><strong>ὸ</strong></span> <span class='ocrx_word' id='word_1_66' title='bbox 558 458 646 492; x_wconf 81' lang='grc' dir='ltr'>μέγας</span> <span class='ocrx_word' id='word_1_67' title='bbox 663 458 843 488; x_wconf 59' lang='lat' dir='ltr'><strong>revocat-0.0;</strong></span> <span class='ocrx_word' id='word_1_68' title='bbox 859 459 873 484; x_wconf 92' lang='lat'><strong>6</strong></span> <span class='ocrx_word' id='word_1_69' title='bbox 888 458 1000 484; x_wconf 77' lang='grc' dir='ltr'>Καϐαλ-</span> 
     </span>
    </p>
   </div>
   <div class='ocr_carea' id='block_1_11' title="bbox 213 502 1001 538">
    <p class='ocr_par' dir='ltr' id='par_1_11' title="bbox 213 502 1001 538">
     <span class='ocr_line' id='line_1_11' title="bbox 213 502 1001 538; baseline 0.004 -10"><span class='ocrx_word' id='word_1_70' title='bbox 213 503 306 536; x_wconf 77' lang='grc' dir='ltr'>λςὶριος</span> <span class='ocrx_word' id='word_1_71' title='bbox 334 503 454 537; x_wconf 83' lang='grc' dir='ltr'>Μιχαήλ.</span> <span class='ocrx_word' id='word_1_72' title='bbox 479 503 533 529; x_wconf 78' lang='grc' dir='ltr'><strong>Καὶ</strong></span> <span class='ocrx_word' id='word_1_73' title='bbox 557 502 590 537; x_wconf 85' lang='grc' dir='ltr'>δὴ</span> <span class='ocrx_word' id='word_1_74' title='bbox 609 502 780 537; x_wconf 80' lang='grc' dir='ltr'><strong>ὁρμήσαντες</strong></span> <span class='ocrx_word' id='word_1_75' title='bbox 798 503 844 530; x_wconf 74' lang='grc' dir='ltr'><strong>ἐπὶ</strong></span> <span class='ocrx_word' id='word_1_76' title='bbox 869 503 1001 538; x_wconf 76' lang='grc' dir='ltr'>Φάρσαλα</span> 
     </span>
    </p>
   </div>
   <div class='ocr_carea' id='block_1_12' title="bbox 214 544 1000 582">
    <p class='ocr_par' dir='ltr' id='par_1_12' title="bbox 214 544 1000 582">
     <span class='ocr_line' id='line_1_12' title="bbox 214 544 1000 582; baseline 0.001 -9"><span class='ocrx_word' id='word_1_77' title='bbox 214 548 354 582; x_wconf 69' lang='grc' dir='ltr'><strong>φρούριον1</strong></span> <span class='ocrx_word' id='word_1_78' title='bbox 366 547 469 573; x_wconf 78' lang='grc' dir='ltr'>ὃΦΟίαν</span> <span class='ocrx_word' id='word_1_79' title='bbox 485 547 499 573; x_wconf 86' lang='lat'><strong>6</strong></span> <span class='ocrx_word' id='word_1_80' title='bbox 512 547 628 578; x_wconf 76' lang='grc' dir='ltr'>παλαιὸς</span> <span class='ocrx_word' id='word_1_81' title='bbox 640 547 696 581; x_wconf 82' lang='grc' dir='ltr'>ἔχει</span> <span class='ocrx_word' id='word_1_82' title='bbox 707 547 798 580; x_wconf 78' lang='grc' dir='ltr'>λόγος,</span> <span class='ocrx_word' id='word_1_83' title='bbox 809 547 853 582; x_wconf 72' lang='grc' dir='ltr'><strong>ἐφ’</strong></span> <span class='ocrx_word' id='word_1_84' title='bbox 867 544 890 580; x_wconf 83' lang='grc' dir='ltr'><strong>ᾧ</strong></span> <span class='ocrx_word' id='word_1_85' title='bbox 906 556 1000 582; x_wconf 82' lang='grc' dir='ltr'>σιταρ-</span> 
     </span>
    </p>
   </div>
   <div class='ocr_carea' id='block_1_13' title="bbox 214 593 1001 628">
    <p class='ocr_par' dir='ltr' id='par_1_13' title="bbox 214 593 1001 628">
     <span class='ocr_line' id='line_1_13' title="bbox 214 593 1001 628; baseline 0 -8"><span class='ocrx_word' id='word_1_86' title='bbox 214 596 287 620; x_wconf 70' lang='grc' dir='ltr'>κοῐεν</span> <span class='ocrx_word' id='word_1_87' title='bbox 297 594 360 625; x_wconf 79' lang='grc' dir='ltr'>τοὺς</span> <span class='ocrx_word' id='word_1_88' title='bbox 377 593 405 620; x_wconf 85' lang='grc' dir='ltr'>ὲν</span> <span class='ocrx_word' id='word_1_89' title='bbox 422 593 461 628; x_wconf 80' lang='grc' dir='ltr'><strong>τῷ</strong></span> <span class='ocrx_word' id='word_1_90' title='bbox 484 593 618 628; x_wconf 77' lang='grc' dir='ltr'><strong>φρουρίῳ,</strong></span> <span class='ocrx_word' id='word_1_91' title='bbox 635 593 838 627; x_wconf 72' lang='grc' dir='ltr'><strong>προσπίπτουσι</strong></span> <span class='ocrx_word' id='word_1_92' title='bbox 857 593 896 628; x_wconf 83' lang='grc' dir='ltr'>τῷ</span> <span class='ocrx_word' id='word_1_93' title='bbox 909 594 942 620; x_wconf 73' lang='grc' dir='ltr'>ὲκ</span> <span class='ocrx_word' id='word_1_94' title='bbox 957 602 1001 620; x_wconf 88' lang='grc' dir='ltr'>νο-</span> 
     </span>
    </p>
   </div>
   <div class='ocr_carea' id='block_1_14' title="bbox 215 638 1000 674">
    <p class='ocr_par' dir='ltr' id='par_1_14' title="bbox 215 638 1000 674">
     <span class='ocr_line' id='line_1_14' title="bbox 215 638 1000 674; baseline 0.001 -9"><span class='ocrx_word' id='word_1_95' title='bbox 215 641 290 670; x_wconf 77' lang='grc' dir='ltr'>θείας</span> <span class='ocrx_word' id='word_1_96' title='bbox 310 638 430 674; x_wconf 71' lang='grc' dir='ltr'>Ἰωάννῃ,</span> <span class='ocrx_word' id='word_1_97' title='bbox 449 638 477 670; x_wconf 84' lang='grc' dir='ltr'>ὃς</span> <span class='ocrx_word' id='word_1_98' title='bbox 501 638 534 673; x_wconf 78' lang='grc' dir='ltr'>δὴ</span> <span class='ocrx_word' id='word_1_99' title='bbox 562 638 609 665; x_wconf 77' lang='grc' dir='ltr'>καὶ</span> <span class='ocrx_word' id='word_1_100' title='bbox 625 638 701 673; x_wconf 80' lang='grc' dir='ltr'>σφίσι</span> <span class='ocrx_word' id='word_1_101' title='bbox 718 638 856 674; x_wconf 69' lang='grc' dir='ltr'>συρράξας</span> <span class='ocrx_word' id='word_1_102' title='bbox 881 638 1000 674; x_wconf 83' lang='grc' dir='ltr'>πόλεμον</span> 
     </span>
    </p>
   </div>
   <div class='ocr_carea' id='block_1_15' title="bbox 214 683 999 719">
    <p class='ocr_par' dir='ltr' id='par_1_15' title="bbox 214 683 999 719">
     <span class='ocr_line' id='line_1_15' title="bbox 214 683 999 719; baseline 0 -9"><span class='ocrx_word' id='word_1_103' title='bbox 214 686 338 718; x_wconf 82' lang='grc' dir='ltr'>γενναῖον</span> <span class='ocrx_word' id='word_1_104' title='bbox 350 684 397 710; x_wconf 84' lang='grc' dir='ltr'>καὶ</span> <span class='ocrx_word' id='word_1_105' title='bbox 417 683 545 718; x_wconf 79' lang='grc' dir='ltr'>ἀνδρικὸν</span> <span class='ocrx_word' id='word_1_106' title='bbox 568 685 641 719; x_wconf 75' lang='grc' dir='ltr'>αἱρεῖ</span> <span class='ocrx_word' id='word_1_107' title='bbox 661 683 710 718; x_wconf 84' lang='grc' dir='ltr'>μὲν</span> <span class='ocrx_word' id='word_1_108' title='bbox 726 686 772 710; x_wconf 72' lang='grc' dir='ltr'>καὶ</span> <span class='ocrx_word' id='word_1_109' title='bbox 787 684 832 710; x_wconf 83' lang='grc' dir='ltr'>τὸν</span> <span class='ocrx_word' id='word_1_110' title='bbox 848 684 999 719; x_wconf 61' lang='grc' dir='ltr'>Συναδηνδν</span> 
     </span>
    </p>
   </div>
   <div class='ocr_carea' id='block_1_16' title="bbox 215 728 1001 764">
    <p class='ocr_par' dir='ltr' id='par_1_16' title="bbox 215 728 1001 764">
     <span class='ocr_line' id='line_1_16' title="bbox 215 728 1001 764; baseline 0.001 -9"><span class='ocrx_word' id='word_1_111' title='bbox 215 731 262 756; x_wconf 78' lang='grc' dir='ltr'>καὶ</span> <span class='ocrx_word' id='word_1_112' title='bbox 275 729 360 763; x_wconf 81' lang='grc' dir='ltr'>μέγαν</span> <span class='ocrx_word' id='word_1_113' title='bbox 379 728 632 764; x_wconf 75' lang='grc' dir='ltr'><strong>στρατοπεδάρχην,</strong></span> <span class='ocrx_word' id='word_1_114' title='bbox 651 729 697 756; x_wconf 79' lang='grc' dir='ltr'><strong>τὸν</strong></span> <span class='ocrx_word' id='word_1_115' title='bbox 709 729 800 763; x_wconf 86' lang='grc' dir='ltr'>μέντοι</span> <span class='ocrx_word' id='word_1_116' title='bbox 813 737 844 763; x_wconf 78' lang='grc' dir='ltr'><strong>γε</strong></span> <span class='ocrx_word' id='word_1_117' title='bbox 857 729 941 764; x_wconf 86' lang='grc' dir='ltr'>μέγαν</span> <span class='ocrx_word' id='word_1_118' title='bbox 955 738 1001 756; x_wconf 81' lang='grc' dir='ltr'>κο-</span> 
     </span>
    </p>
   </div>
   <div class='ocr_carea' id='block_1_17' title="bbox 216 774 1001 810">
    <p class='ocr_par' dir='ltr' id='par_1_17' title="bbox 216 774 1001 810">
     <span class='ocr_line' id='line_1_17' title="bbox 216 774 1001 810; baseline 0.003 -10"><span class='ocrx_word' id='word_1_119' title='bbox 216 775 362 801; x_wconf 71' lang='grc' dir='ltr'>νησταῦλον</span> <span class='ocrx_word' id='word_1_120' title='bbox 376 775 390 801; x_wconf 89' lang='lat'><strong>6</strong></span> <span class='ocrx_word' id='word_1_121' title='bbox 406 774 451 800; x_wconf 74' lang='grc' dir='ltr'><strong>ὑπ’</strong></span> <span class='ocrx_word' id='word_1_122' title='bbox 476 774 573 810; x_wconf 78' lang='grc' dir='ltr'>ἐκείνῳ</span> <span class='ocrx_word' id='word_1_123' title='bbox 589 775 652 806; x_wconf 71' lang='grc' dir='ltr'>λαὸς</span> <span class='ocrx_word' id='word_1_124' title='bbox 674 775 773 806; x_wconf 80' lang='grc' dir='ltr'><strong>Ἰταλὸς</strong></span> <span class='ocrx_word' id='word_1_125' title='bbox 795 775 900 802; x_wconf 80' lang='grc' dir='ltr'>διώκων</span> <span class='ocrx_word' id='word_1_126' title='bbox 916 784 1001 802; x_wconf 83' lang='grc' dir='ltr'>κατα-</span> 
     </span>
    </p>
   </div>
   <div class='ocr_carea' id='block_1_18' title="bbox 216 820 1001 855">
    <p class='ocr_par' dir='ltr' id='par_1_18' title="bbox 216 820 1001 855">
     <span class='ocr_line' id='line_1_18' title="bbox 216 820 1001 855; baseline 0.003 -10"><span class='ocrx_word' id='word_1_127' title='bbox 216 820 308 846; x_wconf 73' lang='grc' dir='ltr'>λαϐεῖν</span> <span class='ocrx_word' id='word_1_128' title='bbox 321 820 370 847; x_wconf 80' lang='grc' dir='ltr'>οὐκ</span> <span class='ocrx_word' id='word_1_129' title='bbox 385 821 504 855; x_wconf 77' lang='grc' dir='ltr'>ἴσχυσεν,</span> <span class='ocrx_word' id='word_1_130' title='bbox 522 820 579 846; x_wconf 81' lang='grc' dir='ltr'>ἀλλ’</span> <span class='ocrx_word' id='word_1_131' title='bbox 597 820 671 852; x_wconf 84' lang='grc' dir='ltr'>ὅλαις</span> <span class='ocrx_word' id='word_1_132' title='bbox 692 821 783 855; x_wconf 70' lang='grc' dir='ltr'>ἡνίαις</span> <span class='ocrx_word' id='word_1_133' title='bbox 791 822 896 852; x_wconf 70' lang='grc' dir='ltr'>ἐκεῖνος</span> <span class='ocrx_word' id='word_1_134' title='bbox 909 821 1001 853; x_wconf 70' lang='grc' dir='ltr'>ἐνδοὺς</span> 
     </span>
    </p>
   </div>
   <div class='ocr_carea' id='block_1_19' title="bbox 215 855 1037 902">
    <p class='ocr_par' dir='ltr' id='par_1_19' title="bbox 215 855 1037 902">
     <span class='ocr_line' id='line_1_19' title="bbox 215 855 1037 902; baseline 0.004 -11"><span class='ocrx_word' id='word_1_135' title='bbox 215 867 254 897; x_wconf 77' lang='grc' dir='ltr'><strong>εἰς</strong></span> <span class='ocrx_word' id='word_1_136' title='bbox 268 866 359 900; x_wconf 81' lang='grc' dir='ltr'>φυγὴν</span> <span class='ocrx_word' id='word_1_137' title='bbox 374 866 485 902; x_wconf 74' lang='grc' dir='ltr'>ἠλαυνε,</span> <span class='ocrx_word' id='word_1_138' title='bbox 500 866 618 897; x_wconf 74' lang='grc' dir='ltr'>καὶτοὺς</span> <span class='ocrx_word' id='word_1_139' title='bbox 631 866 682 900; x_wconf 72' lang='grc' dir='ltr'>μὲν</span> <span class='ocrx_word' id='word_1_140' title='bbox 696 867 842 898; x_wconf 75' lang='grc' dir='ltr'>διώκοντας</span> <span class='ocrx_word' id='word_1_141' title='bbox 855 867 922 894; x_wconf 83' lang='grc' dir='ltr'>πολὺ</span> <span class='ocrx_word' id='word_1_142' title='bbox 935 876 1000 902; x_wconf 86' lang='grc' dir='ltr'>προ·</span> <span class='ocrx_word' id='word_1_143' title='bbox 1017 855 1037 882; x_wconf 70' lang='grc' dir='ltr'><strong><em>Β</em></strong></span> 
     </span>
    </p>
   </div>
   <div class='ocr_carea' id='block_1_20' title="bbox 215 912 1003 950">
    <p class='ocr_par' dir='ltr' id='par_1_20' title="bbox 215 912 1003 950">
     <span class='ocr_line' id='line_1_20' title="bbox 215 912 1003 950; baseline 0 -10"><span class='ocrx_word' id='word_1_144' title='bbox 215 915 285 941; x_wconf 77' lang='grc' dir='ltr'>θέων</span> <span class='ocrx_word' id='word_1_145' title='bbox 296 912 419 949; x_wconf 76' lang='grc' dir='ltr'><strong>ὲξήλυξε,</strong></span> <span class='ocrx_word' id='word_1_146' title='bbox 431 913 461 939; x_wconf 70' lang='grc' dir='ltr'><strong>τὸ</strong></span> <span class='ocrx_word' id='word_1_147' title='bbox 477 913 505 940; x_wconf 79' lang='grc' dir='ltr'>δέ</span> <span class='ocrx_word' id='word_1_148' title='bbox 520 921 551 946; x_wconf 85' lang='grc' dir='ltr'><strong>γε</strong></span> <span class='ocrx_word' id='word_1_149' title='bbox 567 913 697 948; x_wconf 75' lang='grc' dir='ltr'>μοιρίδιον</span> <span class='ocrx_word' id='word_1_150' title='bbox 705 914 802 946; x_wconf 77' lang='grc' dir='ltr'><strong>ἀλύξαι</strong></span> <span class='ocrx_word' id='word_1_151' title='bbox 817 914 868 940; x_wconf 77' lang='grc' dir='ltr'><strong>οὑκ</strong></span> <span class='ocrx_word' id='word_1_152' title='bbox 882 912 915 950; x_wconf 82' lang='grc' dir='ltr'>ἦν</span> <span class='ocrx_word' id='word_1_153' title='bbox 931 914 1003 940; x_wconf 81' lang='grc' dir='ltr'>ὲκεί-</span> 
     </span>
    </p>
   </div>
   <div class='ocr_carea' id='block_1_21' title="bbox 216 959 1002 996">
    <p class='ocr_par' dir='ltr' id='par_1_21' title="bbox 216 959 1002 996">
     <span class='ocr_line' id='line_1_21' title="bbox 216 959 1002 996; baseline 0.003 -10"><span class='ocrx_word' id='word_1_154' title='bbox 216 969 266 995; x_wconf 71' lang='lat' dir='ltr'><strong>wp,</strong></span> <span class='ocrx_word' id='word_1_155' title='bbox 278 960 331 987; x_wconf 74' lang='lat' dir='ltr'><strong>xiv</strong></span> <span class='ocrx_word' id='word_1_156' title='bbox 347 960 428 987; x_wconf 83' lang='grc' dir='ltr'>πάντ’</span> <span class='ocrx_word' id='word_1_157' title='bbox 438 959 585 995; x_wconf 80' lang='grc' dir='ltr'>ἔπραττεν.</span> <span class='ocrx_word' id='word_1_158' title='bbox 606 960 804 996; x_wconf 82' lang='grc' dir='ltr'>Ἀτακτότερον</span> <span class='ocrx_word' id='word_1_159' title='bbox 818 961 871 996; x_wconf 75' lang='grc' dir='ltr'><strong>γὰρ</strong></span> <span class='ocrx_word' id='word_1_160' title='bbox 882 960 1002 988; x_wconf 72' lang='grc' dir='ltr'>ἐλαύνων</span> 
     </span>
    </p>
   </div>
   <div class='ocr_carea' id='block_1_22' title="bbox 216 1005 1002 1041">
    <p class='ocr_par' dir='ltr' id='par_1_22' title="bbox 216 1005 1002 1041">
     <span class='ocr_line' id='line_1_22' title="bbox 216 1005 1002 1041; baseline 0.001 -10"><span class='ocrx_word' id='word_1_161' title='bbox 216 1007 261 1032; x_wconf 59' lang='grc' dir='ltr'>τᾶν</span> <span class='ocrx_word' id='word_1_162' title='bbox 277 1006 372 1038; x_wconf 78' lang='grc' dir='ltr'>ἵππον,</span> <span class='ocrx_word' id='word_1_163' title='bbox 394 1005 458 1037; x_wconf 74' lang='grc' dir='ltr'>τοὺς</span> <span class='ocrx_word' id='word_1_164' title='bbox 476 1005 588 1032; x_wconf 78' lang='grc' dir='ltr'>ὕπισθεν</span> <span class='ocrx_word' id='word_1_165' title='bbox 598 1005 720 1040; x_wconf 69' lang='grc' dir='ltr'>οἰόμενος</span> <span class='ocrx_word' id='word_1_166' title='bbox 736 1006 847 1040; x_wconf 78' lang='grc' dir='ltr'>φθάνειν</span> <span class='ocrx_word' id='word_1_167' title='bbox 863 1007 910 1034; x_wconf 83' lang='grc' dir='ltr'><strong>καὶ</strong></span> <span class='ocrx_word' id='word_1_168' title='bbox 933 1007 1002 1041; x_wconf 83' lang='grc' dir='ltr'>πρὸς</span> 
     </span>
    </p>
   </div>
   <div class='ocr_carea' id='block_1_23' title="bbox 216 1049 1003 1086">
    <p class='ocr_par' dir='ltr' id='par_1_23' title="bbox 216 1049 1003 1086">
     <span class='ocr_line' id='line_1_23' title="bbox 216 1049 1003 1086; baseline 0.003 -10"><span class='ocrx_word' id='word_1_169' title='bbox 216 1050 330 1081; x_wconf 71' lang='grc' dir='ltr'>ἐκείνοις</span> <span class='ocrx_word' id='word_1_170' title='bbox 347 1051 438 1084; x_wconf 68' lang='grc' dir='ltr'>μζνοις</span> <span class='ocrx_word' id='word_1_171' title='bbox 452 1049 522 1084; x_wconf 71' lang='grc' dir='ltr'>ἔχων</span> <span class='ocrx_word' id='word_1_172' title='bbox 537 1050 582 1076; x_wconf 85' lang='grc' dir='ltr'><strong>τδν</strong></span> <span class='ocrx_word' id='word_1_173' title='bbox 603 1050 664 1077; x_wconf 82' lang='grc' dir='ltr'>νοῦν</span> <span class='ocrx_word' id='word_1_174' title='bbox 679 1050 752 1082; x_wconf 72' lang='grc' dir='ltr'>ὅπως</span> <span class='ocrx_word' id='word_1_175' title='bbox 773 1050 898 1085; x_wconf 76' lang='grc' dir='ltr'>ἐκφύγοι,</span> <span class='ocrx_word' id='word_1_176' title='bbox 918 1059 1003 1086; x_wconf 87' lang='grc' dir='ltr'>προσ-</span> 
     </span>
    </p>
   </div>
   <div class='ocr_carea' id='block_1_24' title="bbox 217 1095 1002 1132">
    <p class='ocr_par' dir='ltr' id='par_1_24' title="bbox 217 1095 1002 1132">
     <span class='ocr_line' id='line_1_24' title="bbox 217 1095 1002 1132; baseline 0.001 -10"><span class='ocrx_word' id='word_1_177' title='bbox 217 1096 308 1123; x_wconf 70' lang='lat' dir='ltr'><strong>malst</strong></span> <span class='ocrx_word' id='word_1_178' title='bbox 321 1096 421 1131; x_wconf 81' lang='grc' dir='ltr'>δένδρῳ</span> <span class='ocrx_word' id='word_1_179' title='bbox 437 1096 498 1130; x_wconf 77' lang='grc' dir='ltr'>μεθ’</span> <span class='ocrx_word' id='word_1_180' title='bbox 517 1095 581 1131; x_wconf 81' lang='grc' dir='ltr'>ὅλης</span> <span class='ocrx_word' id='word_1_181' title='bbox 603 1097 651 1129; x_wconf 82' lang='grc' dir='ltr'>τῆς</span> <span class='ocrx_word' id='word_1_182' title='bbox 666 1096 713 1122; x_wconf 79' lang='grc' dir='ltr'>τοῦ</span> <span class='ocrx_word' id='word_1_183' title='bbox 729 1096 814 1124; x_wconf 81' lang='grc' dir='ltr'><strong>ἵππου</strong></span> <span class='ocrx_word' id='word_1_184' title='bbox 829 1097 928 1132; x_wconf 77' lang='grc' dir='ltr'>φορᾶς,</span> <span class='ocrx_word' id='word_1_185' title='bbox 953 1098 1002 1123; x_wconf 79' lang='grc' dir='ltr'>καὶ</span> 
     </span>
    </p>
   </div>
   <div class='ocr_carea' id='block_1_25' title="bbox 217 1141 1002 1176">
    <p class='ocr_par' dir='ltr' id='par_1_25' title="bbox 217 1141 1002 1176">
     <span class='ocr_line' id='line_1_25' title="bbox 217 1141 1002 1176; baseline -0.001 -8"><span class='ocrx_word' id='word_1_186' title='bbox 217 1143 289 1170; x_wconf 79' lang='grc' dir='ltr'>κατὰ</span> <span class='ocrx_word' id='word_1_187' title='bbox 311 1142 408 1176; x_wconf 81' lang='grc' dir='ltr'>στῆθος</span> <span class='ocrx_word' id='word_1_188' title='bbox 437 1141 595 1168; x_wconf 72' lang='grc' dir='ltr'>συνολᾶται.</span> <span class='ocrx_word' id='word_1_189' title='bbox 612 1142 696 1174; x_wconf 84' lang='grc' dir='ltr'><strong>Μόλις</strong></span> <span class='ocrx_word' id='word_1_190' title='bbox 710 1141 739 1168; x_wconf 77' lang='grc' dir='ltr'>δέ</span> <span class='ocrx_word' id='word_1_191' title='bbox 766 1150 840 1173; x_wconf 86' lang='grc' dir='ltr'>τινες</span> <span class='ocrx_word' id='word_1_192' title='bbox 856 1142 901 1169; x_wconf 80' lang='grc' dir='ltr'><strong>τὸν</strong></span> <span class='ocrx_word' id='word_1_193' title='bbox 919 1142 1002 1169; x_wconf 80' lang='grc' dir='ltr'>ἵππον</span> 
     </span>
    </p>
   </div>
   <div class='ocr_carea' id='block_1_26' title="bbox 218 1185 1004 1224">
    <p class='ocr_par' dir='ltr' id='par_1_26' title="bbox 218 1185 1004 1224">
     <span class='ocr_line' id='line_1_26' title="bbox 218 1185 1004 1224; baseline 0.001 -10"><span class='ocrx_word' id='word_1_194' title='bbox 218 1190 366 1224; x_wconf 75' lang='grc' dir='ltr'><strong>στήσαντες</strong></span> <span class='ocrx_word' id='word_1_195' title='bbox 384 1188 425 1222; x_wconf 83' lang='grc' dir='ltr'><strong>(οὐ</strong></span> <span class='ocrx_word' id='word_1_196' title='bbox 439 1185 539 1223; x_wconf 82' lang='grc' dir='ltr'>γὰρῆν</span> <span class='ocrx_word' id='word_1_197' title='bbox 557 1187 654 1223; x_wconf 76' lang='grc' dir='ltr'>ἐκείνῳ</span> <span class='ocrx_word' id='word_1_198' title='bbox 671 1187 751 1222; x_wconf 84' lang='grc' dir='ltr'><strong>μέλον</strong></span> <span class='ocrx_word' id='word_1_199' title='bbox 765 1187 812 1214; x_wconf 84' lang='grc' dir='ltr'>τοῦ</span> <span class='ocrx_word' id='word_1_200' title='bbox 830 1188 1004 1222; x_wconf 82' lang='grc' dir='ltr'>ἳππου,άλλά</span> 
     </span>
    </p>
   </div>
   <div class='ocr_carea' id='block_1_27' title="bbox 215 1234 1004 1271">
    <p class='ocr_par' dir='ltr' id='par_1_27' title="bbox 215 1234 1004 1271">
     <span class='ocr_line' id='line_1_27' title="bbox 215 1234 1004 1271; baseline 0 -9"><span class='ocrx_word' id='word_1_201' title='bbox 215 1244 248 1268; x_wconf 88' lang='grc' dir='ltr'><strong>γε</strong></span> <span class='ocrx_word' id='word_1_202' title='bbox 261 1238 310 1271; x_wconf 82' lang='grc' dir='ltr'>τῆς</span> <span class='ocrx_word' id='word_1_203' title='bbox 326 1236 433 1271; x_wconf 85' lang='grc' dir='ltr'><strong>πληγῆς</strong></span> <span class='ocrx_word' id='word_1_204' title='bbox 448 1244 478 1261; x_wconf 82' lang='grc' dir='ltr'><strong>τε</strong></span> <span class='ocrx_word' id='word_1_205' title='bbox 492 1235 538 1262; x_wconf 74' lang='grc' dir='ltr'>καὶ</span> <span class='ocrx_word' id='word_1_206' title='bbox 554 1234 602 1261; x_wconf 79' lang='grc' dir='ltr'>τοῦ</span> <span class='ocrx_word' id='word_1_207' title='bbox 618 1235 745 1270; x_wconf 80' lang='grc' dir='ltr'>θανάτου)</span> <span class='ocrx_word' id='word_1_208' title='bbox 768 1235 905 1271; x_wconf 80' lang='grc' dir='ltr'><strong>ἡμιθνῆτα</strong></span> <span class='ocrx_word' id='word_1_209' title='bbox 918 1245 1004 1262; x_wconf 87' lang='grc' dir='ltr'>κατα-</span> 
     </span>
    </p>
   </div>
   <div class='ocr_carea' id='block_1_28' title="bbox 217 1277 1005 1316">
    <p class='ocr_par' dir='ltr' id='par_1_28' title="bbox 217 1277 1005 1316">
     <span class='ocr_line' id='line_1_28' title="bbox 217 1277 1005 1316; baseline 0.005 -10"><span class='ocrx_word' id='word_1_210' title='bbox 217 1281 370 1314; x_wconf 78' lang='grc' dir='ltr'>6.6άζουσι,</span> <span class='ocrx_word' id='word_1_211' title='bbox 400 1281 448 1307; x_wconf 81' lang='grc' dir='ltr'>καὶ</span> <span class='ocrx_word' id='word_1_212' title='bbox 473 1280 510 1312; x_wconf 74' lang='grc' dir='ltr'>ὡς</span> <span class='ocrx_word' id='word_1_213' title='bbox 527 1277 600 1316; x_wconf 79' lang='grc' dir='ltr'>εἶχον</span> <span class='ocrx_word' id='word_1_214' title='bbox 619 1281 688 1315; x_wconf 68' lang='grc' dir='ltr'>πρὸς</span> <span class='ocrx_word' id='word_1_215' title='bbox 713 1281 914 1316; x_wconf 73' lang='grc' dir='ltr'>Θεσσαὶονίκην</span> <span class='ocrx_word' id='word_1_216' title='bbox 933 1282 1005 1310; x_wconf 74' lang='grc' dir='ltr'>άπα-</span> 
     </span>
    </p>
   </div>
   <div class='ocr_carea' id='block_1_29' title="bbox 218 1326 1005 1364">
    <p class='ocr_par' dir='ltr' id='par_1_29' title="bbox 218 1326 1005 1364">
     <span class='ocr_line' id='line_1_29' title="bbox 218 1326 1005 1364; baseline 0.004 -12"><span class='ocrx_word' id='word_1_217' title='bbox 218 1327 348 1361; x_wconf 76' lang='grc' dir='ltr'>γαγόντες</span> <span class='ocrx_word' id='word_1_218' title='bbox 358 1327 416 1352; x_wconf 82' lang='grc' dir='ltr'>ἐκεῖ</span> <span class='ocrx_word' id='word_1_219' title='bbox 429 1326 562 1353; x_wconf 73' lang='grc' dir='ltr'>θάπτουσι</span> <span class='ocrx_word' id='word_1_220' title='bbox 576 1326 788 1362; x_wconf 71' lang='grc' dir='ltr'>τελευτήσαντα.</span> <span class='ocrx_word' id='word_1_221' title='bbox 802 1327 845 1362; x_wconf 70' lang='grc' dir='ltr'><strong>[Ρ.</strong></span> <span class='ocrx_word' id='word_1_222' title='bbox 861 1327 925 1364; x_wconf 74' lang='grc'><strong>280]</strong></span> <span class='ocrx_word' id='word_1_223' title='bbox 941 1328 1005 1360; x_wconf 85' lang='grc' dir='ltr'>Τοῖς</span> 
     </span>
    </p>
   </div>
   <div class='ocr_carea' id='block_1_30' title="bbox 220 1413 1005 1450">
    <p class='ocr_par' dir='ltr' id='par_1_30' title="bbox 220 1413 1005 1450">
     <span class='ocr_line' id='line_1_30' title="bbox 220 1413 1005 1450; baseline 0.005 -11"><span class='ocrx_word' id='word_1_224' title='bbox 220 1414 302 1440; x_wconf 64' lang='lat' dir='ltr'><strong>nendt</strong></span> <span class='ocrx_word' id='word_1_225' title='bbox 319 1421 347 1440; x_wconf 88' lang='lat' dir='ltr'><strong>se</strong></span> <span class='ocrx_word' id='word_1_226' title='bbox 362 1418 424 1448; x_wconf 90' lang='lat' dir='ltr'><strong>post</strong></span> <span class='ocrx_word' id='word_1_227' title='bbox 437 1413 532 1446; x_wconf 87' lang='lat' dir='ltr'><strong>ictum,</strong></span> <span class='ocrx_word' id='word_1_228' title='bbox 551 1413 695 1449; x_wconf 71' lang='lat' dir='ltr'><strong>etfecitque</strong></span> <span class='ocrx_word' id='word_1_229' title='bbox 709 1419 737 1441; x_wconf 90' lang='lat' dir='ltr'><strong>ut</strong></span> <span class='ocrx_word' id='word_1_230' title='bbox 749 1422 791 1450; x_wconf 88' lang='lat' dir='ltr'><strong>prt</strong></span> <span class='ocrx_word' id='word_1_231' title='bbox 804 1421 838 1442; x_wconf 77' lang='lat' dir='ltr'><strong>ro</strong></span> <span class='ocrx_word' id='word_1_232' title='bbox 853 1415 946 1443; x_wconf 86' lang='lat' dir='ltr'><strong>statim</strong></span> <span class='ocrx_word' id='word_1_233' title='bbox 959 1416 1005 1443; x_wconf 86' lang='lat' dir='ltr'><strong>teli</strong></span> 
     </span>
    </p>
   </div>
   <div class='ocr_carea' id='block_1_31' title="bbox 221 1460 1006 1495">
    <p class='ocr_par' dir='ltr' id='par_1_31' title="bbox 221 1460 1006 1495">
     <span class='ocr_line' id='line_1_31' title="bbox 221 1460 1006 1495; baseline 0.003 -9"><span class='ocrx_word' id='word_1_234' title='bbox 221 1467 275 1493; x_wconf 84' lang='lat' dir='ltr'><strong>quo</strong></span> <span class='ocrx_word' id='word_1_235' title='bbox 293 1467 438 1494; x_wconf 87' lang='lat' dir='ltr'><strong>percussus</strong></span> <span class='ocrx_word' id='word_1_236' title='bbox 452 1463 493 1487; x_wconf 83' lang='lat' dir='ltr'><strong>est</strong></span> <span class='ocrx_word' id='word_1_237' title='bbox 512 1460 629 1495; x_wconf 76' lang='lat' dir='ltr'><strong>impulsu</strong></span> <span class='ocrx_word' id='word_1_238' title='bbox 646 1460 710 1487; x_wconf 81' lang='lat' dir='ltr'><strong>sella</strong></span> <span class='ocrx_word' id='word_1_239' title='bbox 726 1467 857 1489; x_wconf 78' lang='lat' dir='ltr'><strong>excussus</strong></span> <span class='ocrx_word' id='word_1_240' title='bbox 872 1461 1006 1488; x_wconf 80' lang='lat' dir='ltr'><strong>corruerit</strong></span> 
     </span>
    </p>
   </div>
   <div class='ocr_carea' id='block_1_32' title="bbox 219 1504 1002 1539">
    <p class='ocr_par' dir='ltr' id='par_1_32' title="bbox 219 1504 1002 1539">
     <span class='ocr_line' id='line_1_32' title="bbox 219 1504 1002 1539; baseline 0.001 -8"><span class='ocrx_word' id='word_1_241' title='bbox 219 1509 368 1539; x_wconf 83' lang='lat' dir='ltr'><strong>captusque</strong></span> <span class='ocrx_word' id='word_1_242' title='bbox 384 1504 474 1532; x_wconf 90' lang='lat' dir='ltr'><strong>subito</strong></span> <span class='ocrx_word' id='word_1_243' title='bbox 489 1504 581 1536; x_wconf 88' lang='lat' dir='ltr'><strong>fuerit,</strong></span> <span class='ocrx_word' id='word_1_244' title='bbox 604 1508 629 1532; x_wconf 65' lang='lat' dir='ltr'><strong>et</strong></span> <span class='ocrx_word' id='word_1_245' title='bbox 643 1512 704 1532; x_wconf 91' lang='lat' dir='ltr'><strong>cum</strong></span> <span class='ocrx_word' id='word_1_246' title='bbox 722 1512 755 1532; x_wconf 89' lang='lat' dir='ltr'><strong>eo</strong></span> <span class='ocrx_word' id='word_1_247' title='bbox 775 1505 821 1532; x_wconf 89' lang='lat' dir='ltr'><strong>alii</strong></span> <span class='ocrx_word' id='word_1_248' title='bbox 844 1506 920 1533; x_wconf 88' lang='lat' dir='ltr'><strong>multi</strong></span> <span class='ocrx_word' id='word_1_249' title='bbox 939 1514 1002 1534; x_wconf 68' lang='lat' dir='ltr'><strong>casu</strong></span> 
     </span>
    </p>
   </div>
   <div class='ocr_carea' id='block_1_33' title="bbox 218 1550 1003 1586">
    <p class='ocr_par' dir='ltr' id='par_1_33' title="bbox 218 1550 1003 1586">
     <span class='ocr_line' id='line_1_33' title="bbox 218 1550 1003 1586; baseline 0.003 -10"><span class='ocrx_word' id='word_1_250' title='bbox 218 1550 312 1578; x_wconf 82' lang='lat' dir='ltr'><strong>eodem</strong></span> <span class='ocrx_word' id='word_1_251' title='bbox 340 1550 488 1586; x_wconf 90' lang='lat' dir='ltr'><strong>implicati,</strong></span> <span class='ocrx_word' id='word_1_252' title='bbox 513 1550 612 1585; x_wconf 82' lang='lat' dir='ltr'><strong>quippe</strong></span> <span class='ocrx_word' id='word_1_253' title='bbox 642 1551 798 1578; x_wconf 84' lang='lat' dir='ltr'><strong>necessaria</strong></span> <span class='ocrx_word' id='word_1_254' title='bbox 818 1551 1003 1578; x_wconf 70' lang='lat' dir='ltr'><strong>subveniendi</strong></span> 
     </span>
    </p>
   </div>
   <div class='ocr_carea' id='block_1_34' title="bbox 221 1595 1007 1631">
    <p class='ocr_par' dir='ltr' id='par_1_34' title="bbox 221 1595 1007 1631">
     <span class='ocr_line' id='line_1_34' title="bbox 221 1595 1007 1631; baseline 0.001 -9"><span class='ocrx_word' id='word_1_255' title='bbox 221 1596 286 1623; x_wconf 77' lang='lat' dir='ltr'><strong>duci</strong></span> <span class='ocrx_word' id='word_1_256' title='bbox 313 1596 450 1623; x_wconf 87' lang='lat' dir='ltr'><strong>laboranti</strong></span> <span class='ocrx_word' id='word_1_257' title='bbox 469 1603 533 1623; x_wconf 86' lang='lat' dir='ltr'><strong>cura</strong></span> <span class='ocrx_word' id='word_1_258' title='bbox 559 1603 572 1622; x_wconf 87' lang='lat' dir='ltr'><strong>a</strong></span> <span class='ocrx_word' id='word_1_259' title='bbox 597 1595 659 1631; x_wconf 78' lang='lat' dir='ltr'><strong>fuga</strong></span> <span class='ocrx_word' id='word_1_260' title='bbox 684 1596 845 1624; x_wconf 79' lang='lat' dir='ltr'><strong>maturanda</strong></span> <span class='ocrx_word' id='word_1_261' title='bbox 866 1596 1007 1631; x_wconf 83' lang='lat' dir='ltr'><strong>prohibiti,</strong></span> 
     </span>
    </p>
   </div>
   <div class='ocr_carea' id='block_1_35' title="bbox 220 1642 1008 1676">
    <p class='ocr_par' dir='ltr' id='par_1_35' title="bbox 220 1642 1008 1676">
     <span class='ocr_line' id='line_1_35' title="bbox 220 1642 1008 1676; baseline 0.003 -8"><span class='ocrx_word' id='word_1_262' title='bbox 220 1642 409 1676; x_wconf 82' lang='lat' dir='ltr'><strong>comprehensi</strong></span> <span class='ocrx_word' id='word_1_263' title='bbox 427 1642 527 1676; x_wconf 83' lang='lat' dir='ltr'><strong>pariter</strong></span> <span class='ocrx_word' id='word_1_264' title='bbox 545 1642 572 1669; x_wconf 94' lang='lat' dir='ltr'><strong>in</strong></span> <span class='ocrx_word' id='word_1_265' title='bbox 592 1642 745 1669; x_wconf 73' lang='lat' dir='ltr'><strong>custodiam</strong></span> <span class='ocrx_word' id='word_1_266' title='bbox 767 1642 821 1669; x_wconf 88' lang='lat' dir='ltr'><strong>sint</strong></span> <span class='ocrx_word' id='word_1_267' title='bbox 838 1642 904 1669; x_wconf 85' lang='lat' dir='ltr'><strong>dati.</strong></span> <span class='ocrx_word' id='word_1_268' title='bbox 920 1642 949 1669; x_wconf 83' lang='lat' dir='ltr'><strong>in</strong></span> <span class='ocrx_word' id='word_1_269' title='bbox 964 1642 1008 1670; x_wconf 85' lang='lat' dir='ltr'><strong>his</strong></span> 
     </span>
    </p>
   </div>
   <div class='ocr_carea' id='block_1_36' title="bbox 221 1686 1008 1721">
    <p class='ocr_par' dir='ltr' id='par_1_36' title="bbox 221 1686 1008 1721">
     <span class='ocr_line' id='line_1_36' title="bbox 221 1686 1008 1721; baseline 0.001 -9"><span class='ocrx_word' id='word_1_270' title='bbox 221 1686 272 1712; x_wconf 74' lang='lat' dir='ltr'><strong>fuit</strong></span> <span class='ocrx_word' id='word_1_271' title='bbox 284 1686 372 1721; x_wconf 87' lang='lat' dir='ltr'><strong>ipsius</strong></span> <span class='ocrx_word' id='word_1_272' title='bbox 387 1686 466 1714; x_wconf 87' lang='lat' dir='ltr'><strong>Icarii</strong></span> <span class='ocrx_word' id='word_1_273' title='bbox 485 1687 576 1714; x_wconf 90' lang='lat' dir='ltr'><strong>frater.</strong></span> <span class='ocrx_word' id='word_1_274' title='bbox 593 1686 702 1714; x_wconf 91' lang='lat' dir='ltr'><strong>Interim</strong></span> <span class='ocrx_word' id='word_1_275' title='bbox 716 1692 743 1714; x_wconf 87' lang='lat' dir='ltr'><strong>et</strong></span> <span class='ocrx_word' id='word_1_276' title='bbox 756 1687 894 1715; x_wconf 83' lang='lat' dir='ltr'><strong>exercitus</strong></span> <span class='ocrx_word' id='word_1_277' title='bbox 905 1695 919 1714; x_wconf 91' lang='lat' dir='ltr'><strong>a</strong></span> <span class='ocrx_word' id='word_1_278' title='bbox 935 1692 1008 1715; x_wconf 83' lang='lat' dir='ltr'><strong>terra</strong></span> 
     </span>
    </p>
   </div>
   <div class='ocr_carea' id='block_1_37' title="bbox 221 1731 1008 1768">
    <p class='ocr_par' dir='ltr' id='par_1_37' title="bbox 221 1731 1008 1768">
     <span class='ocr_line' id='line_1_37' title="bbox 221 1731 1008 1768; baseline 0.005 -11"><span class='ocrx_word' id='word_1_279' title='bbox 221 1731 339 1766; x_wconf 85' lang='lat' dir='ltr'><strong>irrupit,</strong></span> <span class='ocrx_word' id='word_1_280' title='bbox 368 1739 448 1767; x_wconf 84' lang='lat' dir='ltr'><strong>quem</strong></span> <span class='ocrx_word' id='word_1_281' title='bbox 481 1732 610 1760; x_wconf 88' lang='lat' dir='ltr'><strong>ductabat</strong></span> <span class='ocrx_word' id='word_1_282' title='bbox 640 1740 756 1768; x_wconf 80' lang='lat' dir='ltr'><strong>magnus</strong></span> <span class='ocrx_word' id='word_1_283' title='bbox 785 1733 1008 1768; x_wconf 86' lang='lat' dir='ltr'><strong>stra&#39;opcdarcha</strong></span> 
     </span>
    </p>
   </div>
   <div class='ocr_carea' id='block_1_38' title="bbox 222 1776 1008 1813">
    <p class='ocr_par' dir='ltr' id='par_1_38' title="bbox 222 1776 1008 1813">
     <span class='ocr_line' id='line_1_38' title="bbox 222 1776 1008 1813; baseline 0.005 -11"><span class='ocrx_word' id='word_1_284' title='bbox 222 1777 384 1810; x_wconf 53' lang='lat' dir='ltr'><strong>Synatlenus</strong></span> <span class='ocrx_word' id='word_1_285' title='bbox 400 1776 520 1805; x_wconf 82' lang='lat' dir='ltr'><strong>Joannes</strong></span> <span class='ocrx_word' id='word_1_286' title='bbox 539 1783 566 1805; x_wconf 85' lang='lat' dir='ltr'><strong>et</strong></span> <span class='ocrx_word' id='word_1_287' title='bbox 582 1785 698 1813; x_wconf 77' lang='lat' dir='ltr'><strong>magnus</strong></span> <span class='ocrx_word' id='word_1_288' title='bbox 714 1779 890 1808; x_wconf 80' lang='lat' dir='ltr'><strong>canostaulus</strong></span> <span class='ocrx_word' id='word_1_289' title='bbox 910 1779 1008 1808; x_wconf 82' lang='lat' dir='ltr'><strong>Cabal—</strong></span> 
     </span>
    </p>
   </div>
   <div class='ocr_carea' id='block_1_39' title="bbox 221 1822 1009 1860">
    <p class='ocr_par' dir='ltr' id='par_1_39' title="bbox 221 1822 1009 1860">
     <span class='ocr_line' id='line_1_39' title="bbox 221 1822 1009 1860; baseline 0.006 -12"><span class='ocrx_word' id='word_1_290' title='bbox 221 1823 308 1849; x_wconf 89' lang='lat' dir='ltr'><strong>larius</strong></span> <span class='ocrx_word' id='word_1_291' title='bbox 329 1822 452 1850; x_wconf 74' lang='lat' dir='ltr'><strong>Michael.</strong></span> <span class='ocrx_word' id='word_1_292' title='bbox 478 1823 510 1850; x_wconf 85' lang='lat' dir='ltr'><strong>lli</strong></span> <span class='ocrx_word' id='word_1_293' title='bbox 537 1831 598 1850; x_wconf 89' lang='lat' dir='ltr'><strong>cum</strong></span> <span class='ocrx_word' id='word_1_294' title='bbox 613 1823 696 1860; x_wconf 49' lang='lat'><strong>£12</strong></span> <span class='ocrx_word' id='word_1_295' title='bbox 711 1823 842 1852; x_wconf 83' lang='lat' dir='ltr'><strong>Pbarsala</strong></span> <span class='ocrx_word' id='word_1_296' title='bbox 867 1825 1009 1853; x_wconf 84' lang='lat' dir='ltr'><strong>tenderent</strong></span> 
     </span>
    </p>
   </div>
   <div class='ocr_carea' id='block_1_40' title="bbox 222 1867 1008 1905">
    <p class='ocr_par' dir='ltr' id='par_1_40' title="bbox 222 1867 1008 1905">
     <span class='ocr_line' id='line_1_40' title="bbox 222 1867 1008 1905; baseline 0.005 -12"><span class='ocrx_word' id='word_1_297' title='bbox 222 1870 282 1901; x_wconf 77' lang='lat' dir='ltr'><strong>(arx</strong></span> <span class='ocrx_word' id='word_1_298' title='bbox 294 1875 325 1894; x_wconf 88' lang='lat' dir='ltr'><strong>ea</strong></span> <span class='ocrx_word' id='word_1_299' title='bbox 338 1872 388 1900; x_wconf 83' lang='lat' dir='ltr'><strong>est,</strong></span> <span class='ocrx_word' id='word_1_300' title='bbox 400 1867 446 1894; x_wconf 91' lang='lat' dir='ltr'><strong>cui</strong></span> <span class='ocrx_word' id='word_1_301' title='bbox 459 1875 556 1895; x_wconf 85' lang='lat' dir='ltr'><strong>nomen</strong></span> <span class='ocrx_word' id='word_1_302' title='bbox 571 1870 714 1903; x_wconf 88' lang='lat' dir='ltr'><strong>antiquum</strong></span> <span class='ocrx_word' id='word_1_303' title='bbox 729 1868 826 1896; x_wconf 83' lang='lat' dir='ltr'><strong>Phthia</strong></span> <span class='ocrx_word' id='word_1_304' title='bbox 840 1868 902 1905; x_wconf 86' lang='lat' dir='ltr'><strong>fuit)</strong></span> <span class='ocrx_word' id='word_1_305' title='bbox 916 1870 1008 1898; x_wconf 89' lang='lat' dir='ltr'><strong>animo</strong></span> 
     </span>
    </p>
   </div>
   <div class='ocr_carea' id='block_1_41' title="bbox 220 1913 1009 1948">
    <p class='ocr_par' dir='ltr' id='par_1_41' title="bbox 220 1913 1009 1948">
     <span class='ocr_line' id='line_1_41' title="bbox 220 1913 1009 1948; baseline 0.004 -9"><span class='ocrx_word' id='word_1_306' title='bbox 220 1917 406 1939; x_wconf 76' lang='lat' dir='ltr'><strong>commeatum</strong></span> <span class='ocrx_word' id='word_1_307' title='bbox 423 1913 589 1947; x_wconf 88' lang='lat' dir='ltr'><strong>importandi</strong></span> <span class='ocrx_word' id='word_1_308' title='bbox 604 1913 743 1948; x_wconf 63' lang='lat' dir='ltr'><strong>praesidio,</strong></span> <span class='ocrx_word' id='word_1_309' title='bbox 757 1913 880 1941; x_wconf 89' lang='lat' dir='ltr'><strong>incidunt</strong></span> <span class='ocrx_word' id='word_1_310' title='bbox 892 1914 1009 1942; x_wconf 87' lang='lat' dir='ltr'><strong>inJoan-</strong></span> 
     </span>
    </p>
   </div>
   <div class='ocr_carea' id='block_1_42' title="bbox 221 1959 1009 1995">
    <p class='ocr_par' dir='ltr' id='par_1_42' title="bbox 221 1959 1009 1995">
     <span class='ocr_line' id='line_1_42' title="bbox 221 1959 1009 1995; baseline 0.006 -11"><span class='ocrx_word' id='word_1_311' title='bbox 221 1966 283 1985; x_wconf 83' lang='lat' dir='ltr'><strong>nem</strong></span> <span class='ocrx_word' id='word_1_312' title='bbox 306 1960 431 1991; x_wconf 86' lang='lat' dir='ltr'><strong>nothum,</strong></span> <span class='ocrx_word' id='word_1_313' title='bbox 453 1959 502 1994; x_wconf 89' lang='lat' dir='ltr'><strong>qui</strong></span> <span class='ocrx_word' id='word_1_314' title='bbox 526 1960 619 1986; x_wconf 82' lang='lat' dir='ltr'><strong>statim</strong></span> <span class='ocrx_word' id='word_1_315' title='bbox 640 1967 688 1988; x_wconf 88' lang='lat' dir='ltr'><strong>eos</strong></span> <span class='ocrx_word' id='word_1_316' title='bbox 707 1960 761 1988; x_wconf 91' lang='lat' dir='ltr'><strong>acri</strong></span> <span class='ocrx_word' id='word_1_317' title='bbox 784 1961 876 1995; x_wconf 59' lang='lat' dir='ltr'><strong>praalio</strong></span> <span class='ocrx_word' id='word_1_318' title='bbox 896 1962 1009 1989; x_wconf 82' lang='lat' dir='ltr'><strong>adortus</strong></span> 
     </span>
    </p>
   </div>
   <div class='ocr_carea' id='block_1_43' title="bbox 223 2004 1009 2042">
    <p class='ocr_par' dir='ltr' id='par_1_43' title="bbox 223 2004 1009 2042">
     <span class='ocr_line' id='line_1_43' title="bbox 223 2004 1009 2042; baseline 0.005 -11"><span class='ocrx_word' id='word_1_319' title='bbox 223 2012 278 2032; x_wconf 76' lang='lat' dir='ltr'><strong>non</strong></span> <span class='ocrx_word' id='word_1_320' title='bbox 295 2005 384 2032; x_wconf 88' lang='lat' dir='ltr'><strong>minus</strong></span> <span class='ocrx_word' id='word_1_321' title='bbox 401 2005 506 2032; x_wconf 78' lang='lat' dir='ltr'><strong>fertiter</strong></span> <span class='ocrx_word' id='word_1_322' title='bbox 521 2013 602 2040; x_wconf 83' lang='lat' dir='ltr'><strong>quam</strong></span> <span class='ocrx_word' id='word_1_323' title='bbox 619 2004 734 2034; x_wconf 88' lang='lat' dir='ltr'><strong>feliciter</strong></span> <span class='ocrx_word' id='word_1_324' title='bbox 749 2013 806 2033; x_wconf 90' lang='lat' dir='ltr'><strong>rem</strong></span> <span class='ocrx_word' id='word_1_325' title='bbox 822 2007 907 2042; x_wconf 77' lang='lat' dir='ltr'><strong>gessit</strong></span> <span class='ocrx_word' id='word_1_326' title='bbox 922 2008 1009 2042; x_wconf 83' lang='lat' dir='ltr'><strong>captis</strong></span> 
     </span>
    </p>
   </div>
   <div class='ocr_carea' id='block_1_44' title="bbox 220 2051 1009 2088">
    <p class='ocr_par' dir='ltr' id='par_1_44' title="bbox 220 2051 1009 2088">
     <span class='ocr_line' id='line_1_44' title="bbox 220 2051 1009 2088; baseline 0.004 -11"><span class='ocrx_word' id='word_1_327' title='bbox 220 2059 284 2078; x_wconf 85' lang='lat' dir='ltr'><strong>cum</strong></span> <span class='ocrx_word' id='word_1_328' title='bbox 310 2051 371 2078; x_wconf 89' lang='lat' dir='ltr'><strong>aliis</strong></span> <span class='ocrx_word' id='word_1_329' title='bbox 397 2051 535 2086; x_wconf 83' lang='lat' dir='ltr'><strong>plurimis,</strong></span> <span class='ocrx_word' id='word_1_330' title='bbox 565 2056 622 2078; x_wconf 90' lang='lat' dir='ltr'><strong>tum</strong></span> <span class='ocrx_word' id='word_1_331' title='bbox 653 2051 713 2086; x_wconf 90' lang='lat' dir='ltr'><strong>ipso</strong></span> <span class='ocrx_word' id='word_1_332' title='bbox 742 2051 886 2087; x_wconf 81' lang='lat' dir='ltr'><strong>Synadet.o</strong></span> <span class='ocrx_word' id='word_1_333' title='bbox 911 2061 1009 2088; x_wconf 77' lang='lat' dir='ltr'><strong>magno</strong></span> 
     </span>
    </p>
   </div>
   <div class='ocr_carea' id='block_1_45' title="bbox 222 2096 1010 2131">
    <p class='ocr_par' dir='ltr' id='par_1_45' title="bbox 222 2096 1010 2131">
     <span class='ocr_line' id='line_1_45' title="bbox 222 2096 1010 2131; baseline 0.004 -8"><span class='ocrx_word' id='word_1_334' title='bbox 222 2096 459 2131; x_wconf 78' lang='lat' dir='ltr'><strong>stratopedareha.</strong></span> <span class='ocrx_word' id='word_1_335' title='bbox 475 2096 602 2131; x_wconf 74' lang='lat' dir='ltr'><strong>Magnum</strong></span> <span class='ocrx_word' id='word_1_336' title='bbox 623 2097 813 2124; x_wconf 85' lang='lat' dir='ltr'><strong>conostaulum</strong></span> <span class='ocrx_word' id='word_1_337' title='bbox 834 2096 892 2124; x_wconf 87' lang='lat' dir='ltr'><strong>ltali</strong></span> <span class='ocrx_word' id='word_1_338' title='bbox 909 2098 1010 2126; x_wconf 83' lang='lat' dir='ltr'><strong>milites</strong></span> 
     </span>
    </p>
   </div>
   <div class='ocr_carea' id='block_1_46' title="bbox 222 2142 1032 2178">
    <p class='ocr_par' dir='ltr' id='par_1_46' title="bbox 222 2142 1032 2178">
     <span class='ocr_line' id='line_1_46' title="bbox 222 2142 1032 2178; baseline 0 -9"><span class='ocrx_word' id='word_1_339' title='bbox 222 2143 338 2170; x_wconf 75' lang='lat' dir='ltr'><strong>Joannis</strong></span> <span class='ocrx_word' id='word_1_340' title='bbox 350 2143 396 2170; x_wconf 91' lang='lat' dir='ltr'><strong>diu</strong></span> <span class='ocrx_word' id='word_1_341' title='bbox 411 2143 547 2178; x_wconf 85' lang='lat' dir='ltr'><strong>perseeuti</strong></span> <span class='ocrx_word' id='word_1_342' title='bbox 560 2142 670 2177; x_wconf 77' lang='lat' dir='ltr'><strong>assequi</strong></span> <span class='ocrx_word' id='word_1_343' title='bbox 683 2142 840 2177; x_wconf 84' lang='lat' dir='ltr'><strong>nequivere.</strong></span> <span class='ocrx_word' id='word_1_344' title='bbox 853 2143 899 2170; x_wconf 88' lang='lat' dir='ltr'><strong>ille</strong></span> <span class='ocrx_word' id='word_1_345' title='bbox 909 2143 1010 2178; x_wconf 84' lang='lat' dir='ltr'><strong>quippe</strong></span> <span class='ocrx_word' id='word_1_346' title='bbox 1030 2164 1032 2166; x_wconf 97' lang='lat'><strong>.</strong></span> 
     </span>
    </p>
   </div>
   <div class='ocr_carea' id='block_1_47' title="bbox 221 2187 1511 2224">
    <p class='ocr_par' dir='ltr' id='par_1_47' title="bbox 221 2187 1511 2224">
     <span class='ocr_line' id='line_1_47' title="bbox 221 2187 1511 2224; baseline 0.003 -10"><span class='ocrx_word' id='word_1_347' title='bbox 221 2189 287 2215; x_wconf 67' lang='lat' dir='ltr'><strong>totis</strong></span> <span class='ocrx_word' id='word_1_348' title='bbox 318 2188 432 2215; x_wconf 80' lang='lat' dir='ltr'><strong>habenis</strong></span> <span class='ocrx_word' id='word_1_349' title='bbox 466 2187 569 2215; x_wconf 80' lang='lat' dir='ltr'><strong>etfusus</strong></span> <span class='ocrx_word' id='word_1_350' title='bbox 604 2187 631 2214; x_wconf 91' lang='lat' dir='ltr'><strong>in</strong></span> <span class='ocrx_word' id='word_1_351' title='bbox 663 2187 754 2223; x_wconf 81' lang='lat' dir='ltr'><strong>fugam</strong></span> <span class='ocrx_word' id='word_1_352' title='bbox 790 2188 902 2224; x_wconf 79' lang='lat' dir='ltr'><strong>longum</strong></span> <span class='ocrx_word' id='word_1_353' title='bbox 936 2189 1146 2224; x_wconf 75' lang='lat' dir='ltr'><strong>inse-Drincti</strong></span> <span class='ocrx_word' id='word_1_354' title='bbox 1173 2190 1304 2218; x_wconf 72' lang='lat' dir='ltr'><strong>custodian</strong></span> <span class='ocrx_word' id='word_1_355' title='bbox 1337 2191 1511 2219; x_wconf 86' lang='lat' dir='ltr'><strong>traduntur:</strong></span> 
     </span>
    </p>
   </div>
   <div class='ocr_carea' id='block_1_48' title="bbox 220 2233 1009 2269">
    <p class='ocr_par' dir='ltr' id='par_1_48' title="bbox 220 2233 1009 2269">
     <span class='ocr_line' id='line_1_48' title="bbox 220 2233 1009 2269; baseline 0.004 -10"><span class='ocrx_word' id='word_1_356' title='bbox 220 2233 369 2268; x_wconf 68' lang='lat' dir='ltr'><strong>quentibus</strong></span> <span class='ocrx_word' id='word_1_357' title='bbox 393 2239 558 2268; x_wconf 70' lang='lat' dir='ltr'><strong>praeceperat</strong></span> <span class='ocrx_word' id='word_1_358' title='bbox 595 2233 726 2268; x_wconf 86' lang='lat' dir='ltr'><strong>spatium,</strong></span> <span class='ocrx_word' id='word_1_359' title='bbox 751 2239 780 2260; x_wconf 93' lang='lat' dir='ltr'><strong>ut</strong></span> <span class='ocrx_word' id='word_1_360' title='bbox 801 2234 856 2269; x_wconf 86' lang='lat' dir='ltr'><strong>jam</strong></span> <span class='ocrx_word' id='word_1_361' title='bbox 889 2234 1009 2268; x_wconf 91' lang='lat' dir='ltr'><strong>periculo</strong></span> 
     </span>
    </p>
   </div>
   <div class='ocr_carea' id='block_1_49' title="bbox 222 2279 1009 2308">
    <p class='ocr_par' dir='ltr' id='par_1_49' title="bbox 222 2279 1009 2308">
     <span class='ocr_line' id='line_1_49' title="bbox 222 2279 1009 2308; baseline 0.001 -1"><span class='ocrx_word' id='word_1_362' title='bbox 222 2280 368 2307; x_wconf 68' lang='lat' dir='ltr'><strong>defunctus</strong></span> <span class='ocrx_word' id='word_1_363' title='bbox 395 2280 543 2307; x_wconf 79' lang='lat' dir='ltr'><strong>viJoretur.</strong></span> <span class='ocrx_word' id='word_1_364' title='bbox 569 2279 621 2306; x_wconf 90' lang='lat' dir='ltr'><strong>Sed</strong></span> <span class='ocrx_word' id='word_1_365' title='bbox 643 2279 752 2307; x_wconf 86' lang='lat' dir='ltr'><strong>fatalem</strong></span> <span class='ocrx_word' id='word_1_366' title='bbox 779 2280 872 2308; x_wconf 87' lang='lat' dir='ltr'><strong>horam</strong></span> <span class='ocrx_word' id='word_1_367' title='bbox 901 2288 933 2308; x_wconf 82' lang='lat' dir='ltr'><strong>ne</strong></span> <span class='ocrx_word' id='word_1_368' title='bbox 956 2280 1009 2308; x_wconf 66' lang='lat' dir='ltr'><strong>ista</strong></span> 
     </span>
    </p>
   </div>
   <div class='ocr_carea' id='block_1_50' title="bbox 222 2325 1011 2360">
    <p class='ocr_par' dir='ltr' id='par_1_50' title="bbox 222 2325 1011 2360">
     <span class='ocr_line' id='line_1_50' title="bbox 222 2325 1011 2360; baseline 0.004 -9"><span class='ocrx_word' id='word_1_369' title='bbox 222 2326 333 2360; x_wconf 80' lang='lat' dir='ltr'><strong>quidem</strong></span> <span class='ocrx_word' id='word_1_370' title='bbox 346 2325 522 2353; x_wconf 80' lang='lat' dir='ltr'><strong>contentione</strong></span> <span class='ocrx_word' id='word_1_371' title='bbox 534 2329 689 2360; x_wconf 87' lang='lat' dir='ltr'><strong>conatuque</strong></span> <span class='ocrx_word' id='word_1_372' title='bbox 702 2333 809 2353; x_wconf 86' lang='lat' dir='ltr'><strong>summo</strong></span> <span class='ocrx_word' id='word_1_373' title='bbox 825 2325 952 2354; x_wconf 88' lang='lat' dir='ltr'><strong>frustrari</strong></span> <span class='ocrx_word' id='word_1_374' title='bbox 964 2331 1011 2354; x_wconf 87' lang='lat' dir='ltr'><strong>aut</strong></span> 
     </span>
    </p>
   </div>
   <div class='ocr_carea' id='block_1_51' title="bbox 223 2369 1009 2406">
    <p class='ocr_par' dir='ltr' id='par_1_51' title="bbox 223 2369 1009 2406">
     <span class='ocr_line' id='line_1_51' title="bbox 223 2369 1009 2406; baseline 0.004 -10"><span class='ocrx_word' id='word_1_375' title='bbox 223 2372 334 2398; x_wconf 73' lang='lat' dir='ltr'><strong>ilitlerre</strong></span> <span class='ocrx_word' id='word_1_376' title='bbox 352 2369 444 2397; x_wconf 80' lang='lat' dir='ltr'><strong>infelix</strong></span> <span class='ocrx_word' id='word_1_377' title='bbox 459 2370 548 2405; x_wconf 88' lang='lat' dir='ltr'><strong>potuit</strong></span> <span class='ocrx_word' id='word_1_378' title='bbox 563 2379 570 2397; x_wconf 76' lang='grc' dir='ltr'><strong>ι</strong></span> <span class='ocrx_word' id='word_1_379' title='bbox 584 2371 648 2397; x_wconf 91' lang='lat' dir='ltr'><strong>dum</strong></span> <span class='ocrx_word' id='word_1_380' title='bbox 669 2371 741 2398; x_wconf 91' lang='lat' dir='ltr'><strong>enim</strong></span> <span class='ocrx_word' id='word_1_381' title='bbox 757 2371 894 2399; x_wconf 88' lang='lat' dir='ltr'><strong>incautius</strong></span> <span class='ocrx_word' id='word_1_382' title='bbox 909 2379 1009 2406; x_wconf 89' lang='lat' dir='ltr'><strong>equum</strong></span> 
     </span>
    </p>
   </div>
   <div class='ocr_carea' id='block_1_52' title="bbox 223 2416 1012 2452">
    <p class='ocr_par' dir='ltr' id='par_1_52' title="bbox 223 2416 1012 2452">
     <span class='ocr_line' id='line_1_52' title="bbox 223 2416 1012 2452; baseline 0.003 -10"><span class='ocrx_word' id='word_1_383' title='bbox 223 2417 339 2451; x_wconf 79' lang='lat' dir='ltr'><strong>impellit</strong></span> <span class='ocrx_word' id='word_1_384' title='bbox 368 2422 482 2443; x_wconf 83' lang='lat' dir='ltr'><strong>securus</strong></span> <span class='ocrx_word' id='word_1_385' title='bbox 502 2416 691 2449; x_wconf 88' lang='lat' dir='ltr'><strong>anteriorum,</strong></span> <span class='ocrx_word' id='word_1_386' title='bbox 719 2423 734 2443; x_wconf 80' lang='grc' dir='ltr'><strong>ιι</strong></span> <span class='ocrx_word' id='word_1_387' title='bbox 759 2420 834 2452; x_wconf 81' lang='lat' dir='ltr'><strong>tergo</strong></span> <span class='ocrx_word' id='word_1_388' title='bbox 858 2417 945 2444; x_wconf 84' lang='lat' dir='ltr'><strong>solum</strong></span> <span class='ocrx_word' id='word_1_389' title='bbox 970 2417 1012 2444; x_wconf 88' lang='lat' dir='ltr'><strong>in-</strong></span> 
     </span>
    </p>
   </div>
   <div class='ocr_carea' id='block_1_53' title="bbox 223 2462 1012 2498">
    <p class='ocr_par' dir='ltr' id='par_1_53' title="bbox 223 2462 1012 2498">
     <span class='ocr_line' id='line_1_53' title="bbox 223 2462 1012 2498; baseline 0.004 -10"><span class='ocrx_word' id='word_1_390' title='bbox 223 2470 321 2498; x_wconf 57' lang='lat' dir='ltr'><strong>gruere</strong></span> <span class='ocrx_word' id='word_1_391' title='bbox 332 2462 484 2497; x_wconf 77' lang='lat' dir='ltr'><strong>periculum</strong></span> <span class='ocrx_word' id='word_1_392' title='bbox 500 2462 662 2490; x_wconf 80' lang='lat' dir='ltr'><strong>existimans</strong></span> <span class='ocrx_word' id='word_1_393' title='bbox 679 2470 767 2497; x_wconf 90' lang='lat' dir='ltr'><strong>eoque</strong></span> <span class='ocrx_word' id='word_1_394' title='bbox 783 2463 899 2490; x_wconf 81' lang='lat' dir='ltr'><strong>sollicite</strong></span> <span class='ocrx_word' id='word_1_395' title='bbox 919 2471 1012 2498; x_wconf 79' lang='lat' dir='ltr'><strong>respe-</strong></span> 
     </span>
    </p>
   </div>
   <div class='ocr_carea' id='block_1_54' title="bbox 223 2507 1011 2542">
    <p class='ocr_par' dir='ltr' id='par_1_54' title="bbox 223 2507 1011 2542">
     <span class='ocr_line' id='line_1_54' title="bbox 223 2507 1011 2542; baseline 0.001 -7"><span class='ocrx_word' id='word_1_396' title='bbox 223 2514 322 2539; x_wconf 83' lang='lat' dir='ltr'><strong>ctans,</strong></span> <span class='ocrx_word' id='word_1_397' title='bbox 352 2508 379 2534; x_wconf 91' lang='lat' dir='ltr'><strong>in</strong></span> <span class='ocrx_word' id='word_1_398' title='bbox 408 2508 515 2535; x_wconf 83' lang='lat' dir='ltr'><strong>obviam</strong></span> <span class='ocrx_word' id='word_1_399' title='bbox 540 2507 665 2535; x_wconf 85' lang='lat' dir='ltr'><strong>arborem</strong></span> <span class='ocrx_word' id='word_1_400' title='bbox 694 2511 753 2535; x_wconf 87' lang='lat' dir='ltr'><strong>toto</strong></span> <span class='ocrx_word' id='word_1_401' title='bbox 781 2508 843 2542; x_wconf 93' lang='lat' dir='ltr'><strong>equi</strong></span> <span class='ocrx_word' id='word_1_402' title='bbox 875 2508 1011 2536; x_wconf 86' lang='lat' dir='ltr'><strong>currentis</strong></span> 
     </span>
    </p>
   </div>
   <div class='ocr_carea' id='block_1_55' title="bbox 225 2553 1012 2589">
    <p class='ocr_par' dir='ltr' id='par_1_55' title="bbox 225 2553 1012 2589">
     <span class='ocr_line' id='line_1_55' title="bbox 225 2553 1012 2589; baseline 0.001 -9"><span class='ocrx_word' id='word_1_403' title='bbox 225 2553 328 2589; x_wconf 81' lang='lat' dir='ltr'><strong>impetit</strong></span> <span class='ocrx_word' id='word_1_404' title='bbox 354 2554 490 2588; x_wconf 84' lang='lat' dir='ltr'><strong>impactus</strong></span> <span class='ocrx_word' id='word_1_405' title='bbox 515 2554 626 2588; x_wconf 88' lang='lat' dir='ltr'><strong>dirupto</strong></span> <span class='ocrx_word' id='word_1_406' title='bbox 650 2557 762 2588; x_wconf 86' lang='lat' dir='ltr'><strong>pectore</strong></span> <span class='ocrx_word' id='word_1_407' title='bbox 784 2553 919 2585; x_wconf 83' lang='lat' dir='ltr'><strong>concidit,</strong></span> <span class='ocrx_word' id='word_1_408' title='bbox 941 2562 1012 2588; x_wconf 90' lang='lat' dir='ltr'><strong>equo</strong></span> 
     </span>
    </p>
   </div>
   <div class='ocr_carea' id='block_1_56' title="bbox 227 2599 1013 2635">
    <p class='ocr_par' dir='ltr' id='par_1_56' title="bbox 227 2599 1013 2635">
     <span class='ocr_line' id='line_1_56' title="bbox 227 2599 1013 2635; baseline 0.003 -10"><span class='ocrx_word' id='word_1_409' title='bbox 227 2599 314 2626; x_wconf 71' lang='lat' dir='ltr'><strong>libr-ro</strong></span> <span class='ocrx_word' id='word_1_410' title='bbox 339 2600 458 2626; x_wconf 87' lang='lat' dir='ltr'><strong>abeunte</strong></span> <span class='ocrx_word' id='word_1_411' title='bbox 474 2608 480 2626; x_wconf 89' lang='lat'>:</span> <span class='ocrx_word' id='word_1_412' title='bbox 499 2607 587 2634; x_wconf 85' lang='lat' dir='ltr'><strong>neque</strong></span> <span class='ocrx_word' id='word_1_413' title='bbox 612 2600 685 2627; x_wconf 92' lang='lat' dir='ltr'><strong>enim</strong></span> <span class='ocrx_word' id='word_1_414' title='bbox 710 2599 805 2635; x_wconf 82' lang='lat' dir='ltr'><strong>equiti,</strong></span> <span class='ocrx_word' id='word_1_415' title='bbox 825 2599 885 2626; x_wconf 91' lang='lat' dir='ltr'><strong>diro</strong></span> <span class='ocrx_word' id='word_1_416' title='bbox 904 2607 968 2626; x_wconf 89' lang='lat' dir='ltr'><strong>casu</strong></span> <span class='ocrx_word' id='word_1_417' title='bbox 985 2604 1013 2627; x_wconf 86' lang='lat' dir='ltr'><strong>et</strong></span> 
     </span>
    </p>
   </div>
   <div class='ocr_carea' id='block_1_57' title="bbox 225 2644 1011 2679">
    <p class='ocr_par' dir='ltr' id='par_1_57' title="bbox 225 2644 1011 2679">
     <span class='ocr_line' id='line_1_57' title="bbox 225 2644 1011 2679; baseline 0 -8"><span class='ocrx_word' id='word_1_418' title='bbox 225 2645 299 2672; x_wconf 82' lang='lat' dir='ltr'><strong>letali</strong></span> <span class='ocrx_word' id='word_1_419' title='bbox 318 2645 429 2672; x_wconf 77' lang='lat' dir='ltr'><strong>vulnere</strong></span> <span class='ocrx_word' id='word_1_420' title='bbox 451 2644 561 2675; x_wconf 76' lang='lat' dir='ltr'><strong>amicta.</strong></span> <span class='ocrx_word' id='word_1_421' title='bbox 590 2645 704 2672; x_wconf 73' lang='lat' dir='ltr'><strong>vacabat</strong></span> <span class='ocrx_word' id='word_1_422' title='bbox 731 2645 764 2672; x_wconf 86' lang='lat' dir='ltr'><strong>de</strong></span> <span class='ocrx_word' id='word_1_423' title='bbox 787 2651 857 2679; x_wconf 88' lang='lat' dir='ltr'><strong>equo</strong></span> <span class='ocrx_word' id='word_1_424' title='bbox 881 2644 1011 2679; x_wconf 78' lang='lat' dir='ltr'><strong>cogitare.</strong></span> 
     </span>
    </p>
   </div>
   <div class='ocr_carea' id='block_1_58' title="bbox 227 2690 1013 2727">
    <p class='ocr_par' dir='ltr' id='par_1_58' title="bbox 227 2690 1013 2727">
     <span class='ocr_line' id='line_1_58' title="bbox 227 2690 1013 2727; baseline 0 -9"><span class='ocrx_word' id='word_1_425' title='bbox 227 2691 305 2719; x_wconf 85' lang='lat' dir='ltr'><strong>Iluuc</strong></span> <span class='ocrx_word' id='word_1_426' title='bbox 329 2697 419 2719; x_wconf 86' lang='lat' dir='ltr'><strong>tamen</strong></span> <span class='ocrx_word' id='word_1_427' title='bbox 445 2699 517 2727; x_wconf 69' lang='lat' dir='ltr'><strong>aegre</strong></span> <span class='ocrx_word' id='word_1_428' title='bbox 541 2691 625 2726; x_wconf 82' lang='lat' dir='ltr'><strong>aliqui</strong></span> <span class='ocrx_word' id='word_1_429' title='bbox 655 2690 765 2724; x_wconf 91' lang='lat' dir='ltr'><strong>morati,</strong></span> <span class='ocrx_word' id='word_1_430' title='bbox 793 2691 958 2718; x_wconf 80' lang='lat' dir='ltr'><strong>seminecem</strong></span> <span class='ocrx_word' id='word_1_431' title='bbox 987 2693 1013 2718; x_wconf 89' lang='lat' dir='ltr'><strong>ei</strong></span> 
     </span>
    </p>
   </div>
   <div class='ocr_carea' id='block_1_59' title="bbox 226 2739 1014 2775">
    <p class='ocr_par' dir='ltr' id='par_1_59' title="bbox 226 2739 1014 2775">
     <span class='ocr_line' id='line_1_59' title="bbox 226 2739 1014 2775; baseline 0.001 -9"><span class='ocrx_word' id='word_1_432' title='bbox 226 2740 402 2767; x_wconf 58' lang='lat' dir='ltr'><strong>caballarium</strong></span> <span class='ocrx_word' id='word_1_433' title='bbox 425 2740 582 2775; x_wconf 87' lang='lat' dir='ltr'><strong>impositum</strong></span> <span class='ocrx_word' id='word_1_434' title='bbox 600 2739 822 2767; x_wconf 79' lang='lat' dir='ltr'><strong>Thessalonicam</strong></span> <span class='ocrx_word' id='word_1_435' title='bbox 838 2746 900 2766; x_wconf 92' lang='lat' dir='ltr'><strong>cum</strong></span> <span class='ocrx_word' id='word_1_436' title='bbox 914 2739 1014 2774; x_wconf 75' lang='lat' dir='ltr'><strong>depor-</strong></span> 
     </span>
    </p>
   </div>
   <div class='ocr_carea' id='block_1_60' title="bbox 228 2783 1014 2819">
    <p class='ocr_par' dir='ltr' id='par_1_60' title="bbox 228 2783 1014 2819">
     <span class='ocr_line' id='line_1_60' title="bbox 228 2783 1014 2819; baseline 0.001 -7"><span class='ocrx_word' id='word_1_437' title='bbox 228 2791 341 2817; x_wconf 82' lang='lat' dir='ltr'><strong>tassem,</strong></span> <span class='ocrx_word' id='word_1_438' title='bbox 371 2793 433 2812; x_wconf 78' lang='lat' dir='ltr'><strong>mox</strong></span> <span class='ocrx_word' id='word_1_439' title='bbox 461 2786 496 2812; x_wconf 91' lang='lat' dir='ltr'><strong>ibi</strong></span> <span class='ocrx_word' id='word_1_440' title='bbox 528 2790 666 2812; x_wconf 88' lang='lat' dir='ltr'><strong>mortuum</strong></span> <span class='ocrx_word' id='word_1_441' title='bbox 695 2785 870 2819; x_wconf 87' lang='lat' dir='ltr'><strong>sepelierunt.</strong></span> <span class='ocrx_word' id='word_1_442' title='bbox 894 2783 1014 2813; x_wconf 81' lang='lat' dir='ltr'><strong>Joannes</strong></span> 
     </span>
    </p>
   </div>
   <div class='ocr_carea' id='block_1_61' title="bbox 228 2830 1012 2866">
    <p class='ocr_par' dir='ltr' id='par_1_61' title="bbox 228 2830 1012 2866">
     <span class='ocr_line' id='line_1_61' title="bbox 228 2830 1012 2866; baseline 0 -8"><span class='ocrx_word' id='word_1_443' title='bbox 228 2831 336 2859; x_wconf 64' lang='lat' dir='ltr'><strong>interim</strong></span> <span class='ocrx_word' id='word_1_444' title='bbox 362 2839 423 2859; x_wconf 89' lang='lat' dir='ltr'><strong>cum</strong></span> <span class='ocrx_word' id='word_1_445' title='bbox 447 2831 504 2860; x_wconf 85' lang='lat' dir='ltr'><strong>suis</strong></span> <span class='ocrx_word' id='word_1_446' title='bbox 528 2832 612 2859; x_wconf 85' lang='lat' dir='ltr'><strong>multa</strong></span> <span class='ocrx_word' id='word_1_447' title='bbox 636 2831 747 2866; x_wconf 83' lang='lat' dir='ltr'><strong>impune</strong></span> <span class='ocrx_word' id='word_1_448' title='bbox 765 2830 838 2858; x_wconf 84' lang='lat' dir='ltr'><strong>facta</strong></span> <span class='ocrx_word' id='word_1_449' title='bbox 856 2834 1012 2858; x_wconf 89' lang='lat' dir='ltr'><strong>nostrorum</strong></span> 
     </span>
    </p>
   </div>
   <div class='ocr_carea' id='block_1_62' title="bbox 1049 229 1839 265">
    <p class='ocr_par' dir='ltr' id='par_1_62' title="bbox 1049 229 1839 265">
     <span class='ocr_line' id='line_1_62' title="bbox 1049 229 1839 265; baseline 0.005 -11"><span class='ocrx_word' id='word_1_450' title='bbox 1049 229 1167 264; x_wconf 80' lang='grc' dir='ltr'><strong>τυχόντα</strong></span> <span class='ocrx_word' id='word_1_451' title='bbox 1191 230 1237 256; x_wconf 72' lang='grc' dir='ltr'>καὶ</span> <span class='ocrx_word' id='word_1_452' title='bbox 1264 230 1383 263; x_wconf 80' lang='grc' dir='ltr'>πολέμου</span> <span class='ocrx_word' id='word_1_453' title='bbox 1416 230 1485 264; x_wconf 85' lang='grc' dir='ltr'>γέρα</span> <span class='ocrx_word' id='word_1_454' title='bbox 1515 229 1667 257; x_wconf 76' lang='grc' dir='ltr'>σκυλεύειν.</span> <span class='ocrx_word' id='word_1_455' title='bbox 1691 232 1839 265; x_wconf 80' lang='grc' dir='ltr'>Ἔγνωσαν</span> 
     </span>
    </p>
   </div>
   <div class='ocr_carea' id='block_1_63' title="bbox 1048 273 1839 311">
    <p class='ocr_par' dir='ltr' id='par_1_63' title="bbox 1048 273 1839 311">
     <span class='ocr_line' id='line_1_63' title="bbox 1048 273 1839 311; baseline 0.004 -11"><span class='ocrx_word' id='word_1_456' title='bbox 1048 274 1077 300; x_wconf 71' lang='grc' dir='ltr'>δὲ</span> <span class='ocrx_word' id='word_1_457' title='bbox 1096 274 1143 300; x_wconf 71' lang='grc' dir='ltr'>καὶ</span> <span class='ocrx_word' id='word_1_458' title='bbox 1158 274 1218 301; x_wconf 81' lang='grc' dir='ltr'>τότε</span> <span class='ocrx_word' id='word_1_459' title='bbox 1249 273 1378 309; x_wconf 79' lang='grc' dir='ltr'>Ῥωμαῖοι</span> <span class='ocrx_word' id='word_1_460' title='bbox 1410 274 1569 308; x_wconf 70' lang='grc' dir='ltr'>λειφθέντες</span> <span class='ocrx_word' id='word_1_461' title='bbox 1586 275 1661 311; x_wconf 80' lang='grc' dir='ltr'>μάχῃ</span> <span class='ocrx_word' id='word_1_462' title='bbox 1676 276 1723 302; x_wconf 81' lang='grc' dir='ltr'>τοῦ</span> <span class='ocrx_word' id='word_1_463' title='bbox 1746 277 1839 303; x_wconf 71' lang='grc' dir='ltr'><strong>Ὶωᾶν-</strong></span> 
     </span>
    </p>
   </div>
   <div class='ocr_carea' id='block_1_64' title="bbox 1049 318 1838 357">
    <p class='ocr_par' dir='ltr' id='par_1_64' title="bbox 1049 318 1838 357">
     <span class='ocr_line' id='line_1_64' title="bbox 1049 318 1838 357; baseline 0.001 -10"><span class='ocrx_word' id='word_1_464' title='bbox 1049 328 1111 347; x_wconf 79' lang='lat' dir='ltr'><strong>vou&#39;</strong></span> <span class='ocrx_word' id='word_1_465' title='bbox 1128 321 1159 347; x_wconf 74' lang='grc' dir='ltr'>οὐ</span> <span class='ocrx_word' id='word_1_466' title='bbox 1180 321 1233 357; x_wconf 83' lang='grc' dir='ltr'><strong>γὰρ</strong></span> <span class='ocrx_word' id='word_1_467' title='bbox 1261 320 1290 353; x_wconf 73' lang='grc' dir='ltr'><strong>ἐξ</strong></span> <span class='ocrx_word' id='word_1_468' title='bbox 1317 321 1457 355; x_wconf 70' lang='grc' dir='ltr'>ἐμφανοῦς</span> <span class='ocrx_word' id='word_1_469' title='bbox 1490 318 1573 356; x_wconf 80' lang='grc' dir='ltr'>ὥρμα</span> <span class='ocrx_word' id='word_1_470' title='bbox 1597 321 1838 357; x_wconf 77' lang='grc' dir='ltr'><strong>παραταξάμενος,</strong></span> 
     </span>
    </p>
   </div>
   <div class='ocr_carea' id='block_1_65' title="bbox 1049 364 1838 402">
    <p class='ocr_par' dir='ltr' id='par_1_65' title="bbox 1049 364 1838 402">
     <span class='ocr_line' id='line_1_65' title="bbox 1049 364 1838 402; baseline 0.004 -10"><span class='ocrx_word' id='word_1_471' title='bbox 1049 366 1108 392; x_wconf 82' lang='grc' dir='ltr'>ἀλλ’</span> <span class='ocrx_word' id='word_1_472' title='bbox 1123 366 1155 392; x_wconf 82' lang='grc' dir='ltr'>ὲκ</span> <span class='ocrx_word' id='word_1_473' title='bbox 1171 366 1250 402; x_wconf 75' lang='grc' dir='ltr'>λόχου</span> <span class='ocrx_word' id='word_1_474' title='bbox 1271 366 1441 402; x_wconf 85' lang='grc' dir='ltr'>προσϐαλὼν,</span> <span class='ocrx_word' id='word_1_475' title='bbox 1462 364 1518 398; x_wconf 72' lang='grc' dir='ltr'>οἷος</span> <span class='ocrx_word' id='word_1_476' title='bbox 1545 366 1649 398; x_wconf 78' lang='grc' dir='ltr'>ἐκεῖνος</span> <span class='ocrx_word' id='word_1_477' title='bbox 1662 367 1697 394; x_wconf 76' lang='grc' dir='ltr'><strong>τὰ</strong></span> <span class='ocrx_word' id='word_1_478' title='bbox 1712 368 1838 400; x_wconf 78' lang='grc' dir='ltr'>τοιαῦτα,</span> 
     </span>
    </p>
   </div>
   <div class='ocr_carea' id='block_1_66' title="bbox 1049 410 1838 449">
    <p class='ocr_par' dir='ltr' id='par_1_66' title="bbox 1049 410 1838 449">
     <span class='ocr_line' id='line_1_66' title="bbox 1049 410 1838 449; baseline 0.005 -11"><span class='ocrx_word' id='word_1_479' title='bbox 1049 410 1203 448; x_wconf 77' lang='grc' dir='ltr'><strong>κατέπληξε</strong></span> <span class='ocrx_word' id='word_1_480' title='bbox 1223 412 1339 444; x_wconf 75' lang='grc' dir='ltr'>θεαθεὶς,</span> <span class='ocrx_word' id='word_1_481' title='bbox 1361 412 1408 439; x_wconf 71' lang='grc' dir='ltr'>καὶ</span> <span class='ocrx_word' id='word_1_482' title='bbox 1423 413 1488 439; x_wconf 81' lang='grc' dir='ltr'>λαὸν</span> <span class='ocrx_word' id='word_1_483' title='bbox 1503 413 1629 449; x_wconf 78' lang='grc' dir='ltr'>ἔκκριτον</span> <span class='ocrx_word' id='word_1_484' title='bbox 1643 414 1689 440; x_wconf 79' lang='grc' dir='ltr'>καὶ</span> <span class='ocrx_word' id='word_1_485' title='bbox 1703 415 1838 447; x_wconf 69' lang='grc' dir='ltr'>ἐπιεικῶς</span> 
     </span>
    </p>
   </div>
   <div class='ocr_carea' id='block_1_67' title="bbox 1051 456 1837 496">
    <p class='ocr_par' dir='ltr' id='par_1_67' title="bbox 1051 456 1837 496">
     <span class='ocr_line' id='line_1_67' title="bbox 1051 456 1837 496; baseline 0.005 -13"><span class='ocrx_word' id='word_1_486' title='bbox 1051 456 1146 492; x_wconf 85' lang='grc' dir='ltr'>μαχῶν</span> <span class='ocrx_word' id='word_1_487' title='bbox 1163 458 1295 492; x_wconf 79' lang='grc' dir='ltr'>ἔμπειρον</span> <span class='ocrx_word' id='word_1_488' title='bbox 1309 458 1347 492; x_wconf 86' lang='grc' dir='ltr'>τῷ</span> <span class='ocrx_word' id='word_1_489' title='bbox 1368 459 1434 492; x_wconf 81' lang='grc' dir='ltr'>παρ’</span> <span class='ocrx_word' id='word_1_490' title='bbox 1449 458 1543 485; x_wconf 77' lang='grc' dir='ltr'>ἐλπίδα</span> <span class='ocrx_word' id='word_1_491' title='bbox 1557 459 1713 494; x_wconf 76' lang='grc' dir='ltr'>πταίσματι</span> <span class='ocrx_word' id='word_1_492' title='bbox 1740 461 1837 496; x_wconf 71' lang='grc' dir='ltr'>ἀνδρι-</span> 
     </span>
    </p>
   </div>
   <div class='ocr_carea' id='block_1_68' title="bbox 1049 501 1838 540">
    <p class='ocr_par' dir='ltr' id='par_1_68' title="bbox 1049 501 1838 540">
     <span class='ocr_line' id='line_1_68' title="bbox 1049 501 1838 540; baseline 0.005 -12"><span class='ocrx_word' id='word_1_493' title='bbox 1049 501 1105 533; x_wconf 85' lang='grc' dir='ltr'>κῶς</span> <span class='ocrx_word' id='word_1_494' title='bbox 1133 503 1393 537; x_wconf 80' lang='grc' dir='ltr'>καταγωνισάμενος</span> <span class='ocrx_word' id='word_1_495' title='bbox 1409 502 1488 535; x_wconf 74' lang='grc' dir='ltr'>ὁύξαν</span> <span class='ocrx_word' id='word_1_496' title='bbox 1513 503 1640 536; x_wconf 82' lang='grc' dir='ltr'>εὐκλείας</span> <span class='ocrx_word' id='word_1_497' title='bbox 1665 505 1838 540; x_wconf 73' lang='grc' dir='ltr'>ἀπο-ρέρεται</span> 
     </span>
    </p>
   </div>
   <div class='ocr_carea' id='block_1_69' title="bbox 1048 548 1838 584">
    <p class='ocr_par' dir='ltr' id='par_1_69' title="bbox 1048 548 1838 584">
     <span class='ocr_line' id='line_1_69' title="bbox 1048 548 1838 584; baseline 0.004 -9"><span class='ocrx_word' id='word_1_498' title='bbox 1048 549 1099 583; x_wconf 81' lang='grc' dir='ltr'>τῆς</span> <span class='ocrx_word' id='word_1_499' title='bbox 1115 548 1259 583; x_wconf 77' lang='grc' dir='ltr'>μεγίστης.</span> <span class='ocrx_word' id='word_1_500' title='bbox 1274 549 1310 575; x_wconf 77' lang='grc' dir='ltr'><strong>Τὸ</strong></span> <span class='ocrx_word' id='word_1_501' title='bbox 1326 549 1353 575; x_wconf 84' lang='grc' dir='ltr'><em>δέ</em></span> <span class='ocrx_word' id='word_1_502' title='bbox 1365 558 1396 582; x_wconf 84' lang='grc' dir='ltr'><strong>γε</strong></span> <span class='ocrx_word' id='word_1_503' title='bbox 1414 550 1543 576; x_wconf 63' lang='grc' dir='ltr'>ναυτικὸν</span> <span class='ocrx_word' id='word_1_504' title='bbox 1562 553 1609 576; x_wconf 67' lang='grc' dir='ltr'>καὶ</span> <span class='ocrx_word' id='word_1_505' title='bbox 1621 551 1683 577; x_wconf 84' lang='grc' dir='ltr'>ὅσον</span> <span class='ocrx_word' id='word_1_506' title='bbox 1698 552 1726 578; x_wconf 82' lang='grc' dir='ltr'>ἐν</span> <span class='ocrx_word' id='word_1_507' title='bbox 1738 552 1838 584; x_wconf 84' lang='grc' dir='ltr'>αὑταῖς</span> 
     </span>
    </p>
   </div>
   <div class='ocr_carea' id='block_1_70' title="bbox 1049 591 1836 631">
    <p class='ocr_par' dir='ltr' id='par_1_70' title="bbox 1049 591 1836 631">
     <span class='ocr_line' id='line_1_70' title="bbox 1049 591 1836 631; baseline 0.003 -11"><span class='ocrx_word' id='word_1_508' title='bbox 1049 594 1144 620; x_wconf 79' lang='grc' dir='ltr'>ναυσὶν</span> <span class='ocrx_word' id='word_1_509' title='bbox 1158 591 1192 629; x_wconf 81' lang='grc' dir='ltr'>ἦν</span> <span class='ocrx_word' id='word_1_510' title='bbox 1203 594 1316 628; x_wconf 82' lang='grc' dir='ltr'><strong>ἀζήμιοι</strong></span> <span class='ocrx_word' id='word_1_511' title='bbox 1329 594 1550 630; x_wconf 81' lang='grc' dir='ltr'>ὃιατηρηθέντες,</span> <span class='ocrx_word' id='word_1_512' title='bbox 1565 595 1582 631; x_wconf 72' lang='grc' dir='ltr'>ἢ</span> <span class='ocrx_word' id='word_1_513' title='bbox 1595 595 1696 630; x_wconf 80' lang='grc' dir='ltr'>μᾶλλον</span> <span class='ocrx_word' id='word_1_514' title='bbox 1705 596 1751 622; x_wconf 79' lang='grc' dir='ltr'>καὶ</span> <span class='ocrx_word' id='word_1_515' title='bbox 1765 596 1836 630; x_wconf 76' lang='grc' dir='ltr'>γέρα</span> 
     </span>
    </p>
   </div>
   <div class='ocr_carea' id='block_1_71' title="bbox 1051 640 1839 677">
    <p class='ocr_par' dir='ltr' id='par_1_71' title="bbox 1051 640 1839 677">
     <span class='ocr_line' id='line_1_71' title="bbox 1051 640 1839 677; baseline 0.003 -11"><span class='ocrx_word' id='word_1_516' title='bbox 1051 640 1141 674; x_wconf 83' lang='grc' dir='ltr'><strong>μάχης</strong></span> <span class='ocrx_word' id='word_1_517' title='bbox 1168 641 1383 675; x_wconf 78' lang='grc' dir='ltr'>ὲπενεγκάμενοι</span> <span class='ocrx_word' id='word_1_518' title='bbox 1412 641 1474 672; x_wconf 79' lang='grc' dir='ltr'>τοὺς</span> <span class='ocrx_word' id='word_1_519' title='bbox 1490 641 1555 675; x_wconf 78' lang='grc' dir='ltr'>περὶ</span> <span class='ocrx_word' id='word_1_520' title='bbox 1579 642 1622 668; x_wconf 67' lang='grc' dir='ltr'>τὶν</span> <span class='ocrx_word' id='word_1_521' title='bbox 1640 642 1727 676; x_wconf 83' lang='grc' dir='ltr'>μέγαν</span> <span class='ocrx_word' id='word_1_522' title='bbox 1741 642 1839 677; x_wconf 84' lang='grc' dir='ltr'>κύριον</span> 
     </span>
    </p>
   </div>
   <div class='ocr_carea' id='block_1_72' title="bbox 1056 686 1836 722">
    <p class='ocr_par' dir='ltr' id='par_1_72' title="bbox 1056 686 1836 722">
     <span class='ocr_line' id='line_1_72' title="bbox 1056 686 1836 722; baseline -0.001 -10"><span class='ocrx_word' id='word_1_523' title='bbox 1056 686 1192 722; x_wconf 72' lang='grc' dir='ltr'>Ἰωάννην,</span> <span class='ocrx_word' id='word_1_524' title='bbox 1219 687 1331 721; x_wconf 80' lang='grc' dir='ltr'>εὖθύμῳ</span> <span class='ocrx_word' id='word_1_525' title='bbox 1347 687 1445 722; x_wconf 78' lang='grc' dir='ltr'>καρδία</span> <span class='ocrx_word' id='word_1_526' title='bbox 1472 687 1541 722; x_wconf 73' lang='grc' dir='ltr'>πρὸς</span> <span class='ocrx_word' id='word_1_527' title='bbox 1561 686 1605 713; x_wconf 70' lang='grc' dir='ltr'><strong>τὸν</strong></span> <span class='ocrx_word' id='word_1_528' title='bbox 1620 686 1777 722; x_wconf 75' lang='grc' dir='ltr'>κρατοῦντα</span> <span class='ocrx_word' id='word_1_529' title='bbox 1789 687 1836 718; x_wconf 80' lang='grc' dir='ltr'><strong>γῖ-</strong></span> 
     </span>
    </p>
   </div>
   <div class='ocr_carea' id='block_1_73' title="bbox 1050 732 1839 768">
    <p class='ocr_par' dir='ltr' id='par_1_73' title="bbox 1050 732 1839 768">
     <span class='ocr_line' id='line_1_73' title="bbox 1050 732 1839 768; baseline 0.001 -11"><span class='ocrx_word' id='word_1_530' title='bbox 1050 739 1149 760; x_wconf 82' lang='grc' dir='ltr'>νονται.</span> <span class='ocrx_word' id='word_1_531' title='bbox 1167 732 1223 759; x_wconf 76' lang='grc' dir='ltr'><strong>Καὶ</strong></span> <span class='ocrx_word' id='word_1_532' title='bbox 1237 734 1261 758; x_wconf 76' lang='grc' dir='ltr'><strong>οἱ</strong></span> <span class='ocrx_word' id='word_1_533' title='bbox 1278 733 1329 766; x_wconf 80' lang='grc' dir='ltr'>μὲν</span> <span class='ocrx_word' id='word_1_534' title='bbox 1355 733 1427 767; x_wconf 57' lang='grc' dir='ltr'><strong>ἀμφὶ</strong></span> <span class='ocrx_word' id='word_1_535' title='bbox 1445 733 1492 760; x_wconf 76' lang='grc' dir='ltr'>τὸν</span> <span class='ocrx_word' id='word_1_536' title='bbox 1515 733 1604 768; x_wconf 78' lang='grc' dir='ltr'>μέγαν</span> <span class='ocrx_word' id='word_1_537' title='bbox 1621 732 1715 768; x_wconf 90' lang='grc' dir='ltr'>κύριον</span> <span class='ocrx_word' id='word_1_538' title='bbox 1731 733 1784 759; x_wconf 74' lang='grc' dir='ltr'>ὑπὸ</span> <span class='ocrx_word' id='word_1_539' title='bbox 1795 733 1839 758; x_wconf 80' lang='grc' dir='ltr'>δε-</span> 
     </span>
    </p>
   </div>
   <div class='ocr_carea' id='block_1_74' title="bbox 1051 779 1840 814">
    <p class='ocr_par' dir='ltr' id='par_1_74' title="bbox 1051 779 1840 814">
     <span class='ocr_line' id='line_1_74' title="bbox 1051 779 1840 814; baseline 0 -10"><span class='ocrx_word' id='word_1_540' title='bbox 1051 779 1130 813; x_wconf 80' lang='grc' dir='ltr'>σμοῖς</span> <span class='ocrx_word' id='word_1_541' title='bbox 1147 779 1254 813; x_wconf 74' lang='grc' dir='ltr'>φρουρᾷ</span> <span class='ocrx_word' id='word_1_542' title='bbox 1266 779 1396 811; x_wconf 78' lang='grc' dir='ltr'>δίδονται,</span> <span class='ocrx_word' id='word_1_543' title='bbox 1410 779 1526 814; x_wconf 77' lang='grc' dir='ltr'>τιμᾶται</span> <span class='ocrx_word' id='word_1_544' title='bbox 1549 779 1577 805; x_wconf 74' lang='grc' dir='ltr'>δὲ</span> <span class='ocrx_word' id='word_1_545' title='bbox 1593 780 1607 806; x_wconf 86' lang='lat'><strong>6</strong></span> <span class='ocrx_word' id='word_1_546' title='bbox 1627 779 1745 814; x_wconf 83' lang='grc' dir='ltr'>Ἰκάριος</span> <span class='ocrx_word' id='word_1_547' title='bbox 1760 779 1840 805; x_wconf 81' lang='grc' dir='ltr'>ἀντί-</span> 
     </span>
    </p>
   </div>
   <div class='ocr_carea' id='block_1_75' title="bbox 1051 823 1839 859">
    <p class='ocr_par' dir='ltr' id='par_1_75' title="bbox 1051 823 1839 859">
     <span class='ocr_line' id='line_1_75' title="bbox 1051 823 1839 859; baseline -0.003 -8"><span class='ocrx_word' id='word_1_548' title='bbox 1051 832 1132 851; x_wconf 85' lang='grc' dir='ltr'>ποινα</span> <span class='ocrx_word' id='word_1_549' title='bbox 1155 823 1210 850; x_wconf 81' lang='grc' dir='ltr'><strong>τῶν</strong></span> <span class='ocrx_word' id='word_1_550' title='bbox 1229 823 1345 858; x_wconf 77' lang='grc' dir='ltr'>ἀγώνων</span> <span class='ocrx_word' id='word_1_551' title='bbox 1369 824 1408 859; x_wconf 80' lang='grc' dir='ltr'><strong>τῷ</strong></span> <span class='ocrx_word' id='word_1_552' title='bbox 1433 824 1481 851; x_wconf 61' lang='lat' dir='ltr'><strong>tot“:</strong></span> <span class='ocrx_word' id='word_1_553' title='bbox 1508 823 1628 858; x_wconf 81' lang='grc' dir='ltr'>μεγάλου</span> <span class='ocrx_word' id='word_1_554' title='bbox 1655 823 1839 851; x_wconf 73' lang='grc' dir='ltr'>κονοσταὺλου</span> 
     </span>
    </p>
   </div>
   <div class='ocr_carea' id='block_1_76' title="bbox 1053 869 1841 906">
    <p class='ocr_par' dir='ltr' id='par_1_76' title="bbox 1053 869 1841 906">
     <span class='ocr_line' id='line_1_76' title="bbox 1053 869 1841 906; baseline -0.003 -9"><span class='ocrx_word' id='word_1_555' title='bbox 1053 869 1200 905; x_wconf 80' lang='grc' dir='ltr'>ἀξιώματι.</span> <span class='ocrx_word' id='word_1_556' title='bbox 1225 869 1255 896; x_wconf 89' lang='lat'><strong>&#39;0</strong></span> <span class='ocrx_word' id='word_1_557' title='bbox 1269 871 1362 904; x_wconf 73' lang='grc' dir='ltr'>μέντοι</span> <span class='ocrx_word' id='word_1_558' title='bbox 1376 879 1408 904; x_wconf 85' lang='grc' dir='ltr'><strong>γε</strong></span> <span class='ocrx_word' id='word_1_559' title='bbox 1430 870 1484 896; x_wconf 86' lang='grc' dir='ltr'>τῶν</span> <span class='ocrx_word' id='word_1_560' title='bbox 1500 870 1598 906; x_wconf 85' lang='grc' dir='ltr'>Θηϐῶν</span> <span class='ocrx_word' id='word_1_561' title='bbox 1622 869 1686 901; x_wconf 79' lang='grc' dir='ltr'>λαὸς</span> <span class='ocrx_word' id='word_1_562' title='bbox 1700 870 1747 895; x_wconf 70' lang='grc' dir='ltr'><strong>τὸν</strong></span> <span class='ocrx_word' id='word_1_563' title='bbox 1760 869 1841 896; x_wconf 82' lang='grc' dir='ltr'>ἀδελ-</span> 
     </span>
    </p>
   </div>
   <div class='ocr_carea' id='block_1_77' title="bbox 1053 915 1839 950">
    <p class='ocr_par' dir='ltr' id='par_1_77' title="bbox 1053 915 1839 950">
     <span class='ocr_line' id='line_1_77' title="bbox 1053 915 1839 950; baseline 0 -10"><span class='ocrx_word' id='word_1_564' title='bbox 1053 915 1103 948; x_wconf 67' lang='grc' dir='ltr'>φὺν</span> <span class='ocrx_word' id='word_1_565' title='bbox 1122 915 1248 942; x_wconf 84' lang='grc' dir='ltr'>Ἰωάννου</span> <span class='ocrx_word' id='word_1_566' title='bbox 1277 915 1442 950; x_wconf 69' lang='grc' dir='ltr'>Γουλίελμον</span> <span class='ocrx_word' id='word_1_567' title='bbox 1469 916 1556 950; x_wconf 86' lang='grc' dir='ltr'>μέγαν</span> <span class='ocrx_word' id='word_1_568' title='bbox 1581 915 1676 950; x_wconf 86' lang='grc' dir='ltr'>κύριον</span> <span class='ocrx_word' id='word_1_569' title='bbox 1693 915 1839 942; x_wconf 80' lang='grc' dir='ltr'>ἀντικαθι-</span> 
     </span>
    </p>
   </div>
   <div class='ocr_carea' id='block_1_78' title="bbox 1054 956 1841 995">
    <p class='ocr_par' dir='ltr' id='par_1_78' title="bbox 1054 956 1841 995">
     <span class='ocr_line' id='line_1_78' title="bbox 1054 956 1841 995; baseline 0.001 -10"><span class='ocrx_word' id='word_1_570' title='bbox 1054 959 1159 986; x_wconf 75' lang='grc' dir='ltr'>στᾶσιν.</span> <span class='ocrx_word' id='word_1_571' title='bbox 1182 959 1300 986; x_wconf 73' lang='grc' dir='ltr'>Ἐκεῖνον</span> <span class='ocrx_word' id='word_1_572' title='bbox 1319 960 1341 986; x_wconf 84' lang='grc' dir='ltr'>δ’</span> <span class='ocrx_word' id='word_1_573' title='bbox 1358 960 1463 995; x_wconf 83' lang='grc' dir='ltr'>άγήλας</span> <span class='ocrx_word' id='word_1_574' title='bbox 1477 961 1491 987; x_wconf 97' lang='lat'><strong>6</strong></span> <span class='ocrx_word' id='word_1_575' title='bbox 1517 960 1645 995; x_wconf 81' lang='grc' dir='ltr'>βασιλεὺς</span> <span class='ocrx_word' id='word_1_576' title='bbox 1661 959 1707 986; x_wconf 70' lang='grc' dir='ltr'>καὶ</span> <span class='ocrx_word' id='word_1_577' title='bbox 1722 956 1841 994; x_wconf 67' lang='grc' dir='ltr'>δοκιμά-</span> 
     </span>
    </p>
   </div>
   <div class='ocr_carea' id='block_1_79' title="bbox 1053 1005 1843 1040">
    <p class='ocr_par' dir='ltr' id='par_1_79' title="bbox 1053 1005 1843 1040">
     <span class='ocr_line' id='line_1_79' title="bbox 1053 1005 1843 1040; baseline 0.003 -10"><span class='ocrx_word' id='word_1_578' title='bbox 1053 1012 1103 1035; x_wconf 69' lang='grc' dir='ltr'><strong>σας</strong></span> <span class='ocrx_word' id='word_1_579' title='bbox 1122 1005 1272 1039; x_wconf 84' lang='grc' dir='ltr'>λαμϐάνειν</span> <span class='ocrx_word' id='word_1_580' title='bbox 1287 1005 1411 1040; x_wconf 79' lang='grc' dir='ltr'>γαμϐρὸν</span> <span class='ocrx_word' id='word_1_581' title='bbox 1428 1005 1472 1040; x_wconf 76' lang='grc' dir='ltr'><strong>ὑφ’</strong></span> <span class='ocrx_word' id='word_1_582' title='bbox 1496 1006 1588 1040; x_wconf 82' lang='grc' dir='ltr'>ὅρκοις</span> <span class='ocrx_word' id='word_1_583' title='bbox 1605 1005 1755 1040; x_wconf 80' lang='grc' dir='ltr'>ἀσφαλέσιν</span> <span class='ocrx_word' id='word_1_584' title='bbox 1772 1006 1843 1032; x_wconf 78' lang='grc' dir='ltr'><strong>ἀπέ-</strong></span> 
     </span>
    </p>
   </div>
   <div class='ocr_carea' id='block_1_80' title="bbox 1052 1047 1842 1085">
    <p class='ocr_par' dir='ltr' id='par_1_80' title="bbox 1052 1047 1842 1085">
     <span class='ocr_line' id='line_1_80' title="bbox 1052 1047 1842 1085; baseline 0.003 -11"><span class='ocrx_word' id='word_1_585' title='bbox 1052 1048 1110 1076; x_wconf 85' lang='grc' dir='ltr'>λυε.</span> <span class='ocrx_word' id='word_1_586' title='bbox 1125 1049 1264 1084; x_wconf 81' lang='grc' dir='ltr'>Μετέωροι</span> <span class='ocrx_word' id='word_1_587' title='bbox 1279 1050 1301 1075; x_wconf 85' lang='grc' dir='ltr'>δ’</span> <span class='ocrx_word' id='word_1_588' title='bbox 1312 1047 1383 1084; x_wconf 87' lang='grc' dir='ltr'>ἦσαν</span> <span class='ocrx_word' id='word_1_589' title='bbox 1396 1051 1421 1076; x_wconf 84' lang='lat' dir='ltr'><strong>ot</strong></span> <span class='ocrx_word' id='word_1_590' title='bbox 1437 1051 1519 1085; x_wconf 85' lang='grc' dir='ltr'>γάμοι</span> <span class='ocrx_word' id='word_1_591' title='bbox 1535 1050 1597 1077; x_wconf 79' lang='grc' dir='ltr'>καθ’</span> <span class='ocrx_word' id='word_1_592' title='bbox 1610 1050 1774 1084; x_wconf 81' lang='grc' dir='ltr'>ὑποσχέσεις</span> <span class='ocrx_word' id='word_1_593' title='bbox 1792 1051 1842 1076; x_wconf 74' lang='grc' dir='ltr'>καὶ</span> 
     </span>
    </p>
   </div>
   <div class='ocr_carea' id='block_1_81' title="bbox 1053 1093 1842 1130">
    <p class='ocr_par' dir='ltr' id='par_1_81' title="bbox 1053 1093 1842 1130">
     <span class='ocr_line' id='line_1_81' title="bbox 1053 1093 1842 1130; baseline 0 -10"><span class='ocrx_word' id='word_1_594' title='bbox 1053 1094 1147 1128; x_wconf 74' lang='grc' dir='ltr'>μόνας.</span> <span class='ocrx_word' id='word_1_595' title='bbox 1168 1093 1236 1120; x_wconf 71' lang='grc' dir='ltr'>Ἀλλ’</span> <span class='ocrx_word' id='word_1_596' title='bbox 1254 1094 1357 1125; x_wconf 72' lang='grc' dir='ltr'>ἐκεῖνος</span> <span class='ocrx_word' id='word_1_597' title='bbox 1375 1094 1423 1128; x_wconf 78' lang='grc' dir='ltr'><strong>ἅμ’</strong></span> <span class='ocrx_word' id='word_1_598' title='bbox 1439 1094 1538 1125; x_wconf 63' lang='grc' dir='ltr'>ἐπιϐὰς</span> <span class='ocrx_word' id='word_1_599' title='bbox 1550 1095 1599 1128; x_wconf 77' lang='grc' dir='ltr'>τῆς</span> <span class='ocrx_word' id='word_1_600' title='bbox 1615 1094 1755 1128; x_wconf 77' lang='grc' dir='ltr'>πατρίδος,</span> <span class='ocrx_word' id='word_1_601' title='bbox 1770 1095 1842 1130; x_wconf 78' lang='grc' dir='ltr'>νόσῳ</span> 
     </span>
    </p>
   </div>
   <div class='ocr_carea' id='block_1_82' title="bbox 1052 1139 1840 1176">
    <p class='ocr_par' dir='ltr' id='par_1_82' title="bbox 1052 1139 1840 1176">
     <span class='ocr_line' id='line_1_82' title="bbox 1052 1139 1840 1176; baseline 0.001 -10"><span class='ocrx_word' id='word_1_602' title='bbox 1052 1139 1212 1175; x_wconf 79' lang='grc' dir='ltr'>περιπεσὼν</span> <span class='ocrx_word' id='word_1_603' title='bbox 1235 1140 1360 1176; x_wconf 76' lang='grc' dir='ltr'>τελευτᾷ.</span> <span class='ocrx_word' id='word_1_604' title='bbox 1385 1140 1542 1176; x_wconf 82' lang='grc' dir='ltr'>Διαδέχεται</span> <span class='ocrx_word' id='word_1_605' title='bbox 1561 1141 1589 1167; x_wconf 78' lang='grc' dir='ltr'>δὲ</span> <span class='ocrx_word' id='word_1_606' title='bbox 1605 1141 1619 1166; x_wconf 91' lang='lat'><strong>6</strong></span> <span class='ocrx_word' id='word_1_607' title='bbox 1634 1140 1748 1175; x_wconf 83' lang='grc' dir='ltr'>ἁδελφὸς</span> <span class='ocrx_word' id='word_1_608' title='bbox 1767 1141 1840 1167; x_wconf 69' lang='grc' dir='ltr'>ὲκεί-</span> 
     </span>
    </p>
   </div>
   <div class='ocr_carea' id='block_1_83' title="bbox 1052 1186 1842 1222">
    <p class='ocr_par' dir='ltr' id='par_1_83' title="bbox 1052 1186 1842 1222">
     <span class='ocr_line' id='line_1_83' title="bbox 1052 1186 1842 1222; baseline 0.001 -10"><span class='ocrx_word' id='word_1_609' title='bbox 1052 1194 1098 1212; x_wconf 90' lang='grc' dir='ltr'><strong>νου</strong></span> <span class='ocrx_word' id='word_1_610' title='bbox 1113 1186 1286 1221; x_wconf 79' lang='grc' dir='ltr'>Γουλίελμος,</span> <span class='ocrx_word' id='word_1_611' title='bbox 1312 1187 1342 1213; x_wconf 88' lang='grc' dir='ltr'>ὂν</span> <span class='ocrx_word' id='word_1_612' title='bbox 1370 1186 1418 1213; x_wconf 75' lang='grc' dir='ltr'>καὶ</span> <span class='ocrx_word' id='word_1_613' title='bbox 1435 1187 1560 1222; x_wconf 74' lang='grc' dir='ltr'>γαμϐρὸν</span> <span class='ocrx_word' id='word_1_614' title='bbox 1579 1187 1706 1214; x_wconf 80' lang='grc' dir='ltr'>Ἰωάννου</span> <span class='ocrx_word' id='word_1_615' title='bbox 1727 1188 1742 1213; x_wconf 88' lang='lat'><strong>6</strong></span> <span class='ocrx_word' id='word_1_616' title='bbox 1761 1186 1842 1220; x_wconf 73' lang='grc' dir='ltr'>λόγος</span> 
     </span>
    </p>
   </div>
   <div class='ocr_carea' id='block_1_84' title="bbox 1053 1231 1841 1268">
    <p class='ocr_par' dir='ltr' id='par_1_84' title="bbox 1053 1231 1841 1268">
     <span class='ocr_line' id='line_1_84' title="bbox 1053 1231 1841 1268; baseline 0.001 -10"><span class='ocrx_word' id='word_1_617' title='bbox 1053 1231 1185 1266; x_wconf 73' lang='grc' dir='ltr'>παρέστα,</span> <span class='ocrx_word' id='word_1_618' title='bbox 1208 1232 1339 1264; x_wconf 82' lang='grc' dir='ltr'>ὀλοτελῶς</span> <span class='ocrx_word' id='word_1_619' title='bbox 1361 1232 1411 1268; x_wconf 86' lang='grc' dir='ltr'>τὴν</span> <span class='ocrx_word' id='word_1_620' title='bbox 1439 1232 1485 1259; x_wconf 77' lang='grc' dir='ltr'>τοῦ</span> <span class='ocrx_word' id='word_1_621' title='bbox 1501 1232 1662 1267; x_wconf 80' lang='grc' dir='ltr'>τεθνηκότος</span> <span class='ocrx_word' id='word_1_622' title='bbox 1678 1232 1841 1267; x_wconf 81' lang='grc' dir='ltr'>κυριότητα.</span> 
     </span>
    </p>
   </div>
   <div class='ocr_carea' id='block_1_85' title="bbox 1052 1275 1843 1314">
    <p class='ocr_par' dir='ltr' id='par_1_85' title="bbox 1052 1275 1843 1314">
     <span class='ocr_line' id='line_1_85' title="bbox 1052 1275 1843 1314; baseline 0.001 -11"><span class='ocrx_word' id='word_1_623' title='bbox 1052 1277 1108 1304; x_wconf 79' lang='grc' dir='ltr'><strong>Καὶ</strong></span> <span class='ocrx_word' id='word_1_624' title='bbox 1126 1275 1160 1313; x_wconf 77' lang='grc' dir='ltr'>ἦν</span> <span class='ocrx_word' id='word_1_625' title='bbox 1174 1278 1242 1313; x_wconf 79' lang='grc' dir='ltr'>πρὸς</span> <span class='ocrx_word' id='word_1_626' title='bbox 1259 1277 1413 1313; x_wconf 75' lang='grc' dir='ltr'>Ῥωμαίους</span> <span class='ocrx_word' id='word_1_627' title='bbox 1429 1279 1653 1314; x_wconf 68' lang='grc' dir='ltr'>ἁντιφερᾶμενος,</span> <span class='ocrx_word' id='word_1_628' title='bbox 1674 1279 1699 1305; x_wconf 77' lang='grc' dir='ltr'>εἰ</span> <span class='ocrx_word' id='word_1_629' title='bbox 1717 1279 1765 1305; x_wconf 64' lang='grc' dir='ltr'>καὶ</span> <span class='ocrx_word' id='word_1_630' title='bbox 1778 1279 1843 1304; x_wconf 79' lang='grc' dir='ltr'>κατ’</span> 
     </span>
    </p>
   </div>
   <div class='ocr_carea' id='block_1_86' title="bbox 1053 1321 1840 1358">
    <p class='ocr_par' dir='ltr' id='par_1_86' title="bbox 1053 1321 1840 1358">
     <span class='ocr_line' id='line_1_86' title="bbox 1053 1321 1840 1358; baseline 0 -10"><span class='ocrx_word' id='word_1_631' title='bbox 1053 1321 1112 1354; x_wconf 77' lang='grc' dir='ltr'>ἔτος</span> <span class='ocrx_word' id='word_1_632' title='bbox 1137 1323 1151 1349; x_wconf 89' lang='lat'><strong>6</strong></span> <span class='ocrx_word' id='word_1_633' title='bbox 1166 1322 1258 1354; x_wconf 80' lang='grc' dir='ltr'>στόλος</span> <span class='ocrx_word' id='word_1_634' title='bbox 1286 1324 1375 1351; x_wconf 74' lang='grc' dir='ltr'>ἐκεῖσε</span> <span class='ocrx_word' id='word_1_635' title='bbox 1402 1323 1582 1358; x_wconf 73' lang='grc' dir='ltr'>προσϐάλλων</span> <span class='ocrx_word' id='word_1_636' title='bbox 1595 1324 1696 1350; x_wconf 79' lang='grc' dir='ltr'>ἐκάκου</span> <span class='ocrx_word' id='word_1_637' title='bbox 1711 1322 1840 1349; x_wconf 74' lang='grc' dir='ltr'>τάκείνου</span> 
     </span>
    </p>
   </div>
   <div class='ocr_carea' id='block_1_87' title="bbox 1053 1411 1842 1447">
    <p class='ocr_par' dir='ltr' id='par_1_87' title="bbox 1053 1411 1842 1447">
     <span class='ocr_line' id='line_1_87' title="bbox 1053 1411 1842 1447; baseline 0 -9"><span class='ocrx_word' id='word_1_638' title='bbox 1053 1411 1137 1441; x_wconf 69' lang='lat' dir='ltr'><strong>caede,</strong></span> <span class='ocrx_word' id='word_1_639' title='bbox 1149 1411 1236 1446; x_wconf 85' lang='lat' dir='ltr'><strong>spolia</strong></span> <span class='ocrx_word' id='word_1_640' title='bbox 1249 1411 1364 1446; x_wconf 88' lang='lat' dir='ltr'><strong>plurima</strong></span> <span class='ocrx_word' id='word_1_641' title='bbox 1376 1412 1577 1447; x_wconf 83' lang='lat' dir='ltr'><strong>pretiosamque</strong></span> <span class='ocrx_word' id='word_1_642' title='bbox 1591 1413 1709 1447; x_wconf 72' lang='lat' dir='ltr'><strong>prmdam</strong></span> <span class='ocrx_word' id='word_1_643' title='bbox 1720 1412 1842 1439; x_wconf 72' lang='lat' dir='ltr'><strong>victoriae</strong></span> 
     </span>
    </p>
   </div>
   <div class='ocr_carea' id='block_1_88' title="bbox 1057 1456 1841 1492">
    <p class='ocr_par' dir='ltr' id='par_1_88' title="bbox 1057 1456 1841 1492">
     <span class='ocr_line' id='line_1_88' title="bbox 1057 1456 1841 1492; baseline 0.001 -9"><span class='ocrx_word' id='word_1_644' title='bbox 1057 1457 1199 1490; x_wconf 60' lang='lat' dir='ltr'><strong>praemium</strong></span> <span class='ocrx_word' id='word_1_645' title='bbox 1215 1458 1345 1484; x_wconf 84' lang='lat' dir='ltr'><strong>tulerunt.</strong></span> <span class='ocrx_word' id='word_1_646' title='bbox 1358 1457 1415 1485; x_wconf 87' lang='lat' dir='ltr'><strong>Hoc</strong></span> <span class='ocrx_word' id='word_1_647' title='bbox 1427 1458 1576 1492; x_wconf 80' lang='lat' dir='ltr'><strong>alterojam</strong></span> <span class='ocrx_word' id='word_1_648' title='bbox 1591 1463 1690 1485; x_wconf 88' lang='lat' dir='ltr'><strong>eventu</strong></span> <span class='ocrx_word' id='word_1_649' title='bbox 1704 1456 1841 1484; x_wconf 78' lang='lat' dir='ltr'><strong>Romanos</strong></span> 
     </span>
    </p>
   </div>
   <div class='ocr_carea' id='block_1_89' title="bbox 1056 1501 1844 1538">
    <p class='ocr_par' dir='ltr' id='par_1_89' title="bbox 1056 1501 1844 1538">
     <span class='ocr_line' id='line_1_89' title="bbox 1056 1501 1844 1538; baseline 0.003 -10"><span class='ocrx_word' id='word_1_650' title='bbox 1056 1501 1149 1529; x_wconf 81' lang='lat' dir='ltr'><strong>triSIis</strong></span> <span class='ocrx_word' id='word_1_651' title='bbox 1163 1502 1331 1536; x_wconf 77' lang='lat' dir='ltr'><strong>experientia</strong></span> <span class='ocrx_word' id='word_1_652' title='bbox 1342 1503 1433 1530; x_wconf 79' lang='lat' dir='ltr'><strong>docuit</strong></span> <span class='ocrx_word' id='word_1_653' title='bbox 1448 1503 1510 1537; x_wconf 87' lang='lat' dir='ltr'><strong>quis</strong></span> <span class='ocrx_word' id='word_1_654' title='bbox 1522 1507 1549 1530; x_wconf 89' lang='lat' dir='ltr'><strong>et</strong></span> <span class='ocrx_word' id='word_1_655' title='bbox 1559 1507 1679 1538; x_wconf 84' lang='lat' dir='ltr'><strong>quantus</strong></span> <span class='ocrx_word' id='word_1_656' title='bbox 1689 1503 1759 1530; x_wconf 90' lang='lat' dir='ltr'><strong>bello</strong></span> <span class='ocrx_word' id='word_1_657' title='bbox 1770 1508 1844 1530; x_wconf 67' lang='lat' dir='ltr'><strong>essm</strong></span> 
     </span>
    </p>
   </div>
   <div class='ocr_carea' id='block_1_90' title="bbox 1057 1545 1843 1579">
    <p class='ocr_par' dir='ltr' id='par_1_90' title="bbox 1057 1545 1843 1579">
     <span class='ocr_line' id='line_1_90' title="bbox 1057 1545 1843 1579; baseline 0 -5"><span class='ocrx_word' id='word_1_658' title='bbox 1057 1545 1179 1575; x_wconf 79' lang='lat' dir='ltr'><strong>Joannes</strong></span> <span class='ocrx_word' id='word_1_659' title='bbox 1195 1548 1240 1575; x_wconf 80' lang='lat' dir='ltr'><strong>hic</strong></span> <span class='ocrx_word' id='word_1_660' title='bbox 1265 1549 1377 1579; x_wconf 85' lang='lat' dir='ltr'><strong>nothus.</strong></span> <span class='ocrx_word' id='word_1_661' title='bbox 1394 1549 1436 1576; x_wconf 91' lang='lat' dir='ltr'><strong>vir</strong></span> <span class='ocrx_word' id='word_1_662' title='bbox 1450 1550 1572 1576; x_wconf 87' lang='lat' dir='ltr'><strong>omnium</strong></span> <span class='ocrx_word' id='word_1_663' title='bbox 1595 1549 1790 1577; x_wconf 83' lang='lat' dir='ltr'><strong>callidissimus</strong></span> <span class='ocrx_word' id='word_1_664' title='bbox 1811 1550 1843 1576; x_wconf 83' lang='lat' dir='ltr'><strong>ad</strong></span> 
     </span>
    </p>
   </div>
   <div class='ocr_carea' id='block_1_91' title="bbox 1058 1593 1843 1630">
    <p class='ocr_par' dir='ltr' id='par_1_91' title="bbox 1058 1593 1843 1630">
     <span class='ocr_line' id='line_1_91' title="bbox 1058 1593 1843 1630; baseline 0 -10"><span class='ocrx_word' id='word_1_665' title='bbox 1058 1593 1173 1621; x_wconf 85' lang='lat' dir='ltr'><strong>insidias</strong></span> <span class='ocrx_word' id='word_1_666' title='bbox 1195 1595 1352 1626; x_wconf 82' lang='lat' dir='ltr'><strong>struendas,</strong></span> <span class='ocrx_word' id='word_1_667' title='bbox 1377 1600 1432 1621; x_wconf 89' lang='lat' dir='ltr'><strong>tum</strong></span> <span class='ocrx_word' id='word_1_668' title='bbox 1448 1595 1493 1621; x_wconf 92' lang='lat' dir='ltr'><strong>ubi</strong></span> <span class='ocrx_word' id='word_1_669' title='bbox 1514 1602 1547 1622; x_wconf 82' lang='lat' dir='ltr'><strong>ex</strong></span> <span class='ocrx_word' id='word_1_670' title='bbox 1569 1595 1603 1622; x_wconf 85' lang='lat' dir='ltr'><strong>iis</strong></span> <span class='ocrx_word' id='word_1_671' title='bbox 1624 1595 1651 1622; x_wconf 91' lang='lat' dir='ltr'><strong>in</strong></span> <span class='ocrx_word' id='word_1_672' title='bbox 1669 1595 1762 1630; x_wconf 84' lang='lat' dir='ltr'><strong>plures</strong></span> <span class='ocrx_word' id='word_1_673' title='bbox 1780 1602 1843 1622; x_wconf 77' lang='lat' dir='ltr'><strong>cum</strong></span> 
     </span>
    </p>
   </div>
   <div class='ocr_carea' id='block_1_92' title="bbox 1058 1639 1845 1675">
    <p class='ocr_par' dir='ltr' id='par_1_92' title="bbox 1058 1639 1845 1675">
     <span class='ocr_line' id='line_1_92' title="bbox 1058 1639 1845 1675; baseline 0.001 -9"><span class='ocrx_word' id='word_1_674' title='bbox 1058 1639 1153 1674; x_wconf 82' lang='lat' dir='ltr'><strong>paucis</strong></span> <span class='ocrx_word' id='word_1_675' title='bbox 1166 1644 1331 1673; x_wconf 75' lang='lat' dir='ltr'><strong>erumperrt.</strong></span> <span class='ocrx_word' id='word_1_676' title='bbox 1351 1640 1525 1675; x_wconf 83' lang='lat' dir='ltr'><strong>imperterriti</strong></span> <span class='ocrx_word' id='word_1_677' title='bbox 1541 1640 1597 1667; x_wconf 79' lang='lat' dir='ltr'><strong>dux</strong></span> <span class='ocrx_word' id='word_1_678' title='bbox 1616 1641 1701 1667; x_wconf 87' lang='lat' dir='ltr'><strong>animi</strong></span> <span class='ocrx_word' id='word_1_679' title='bbox 1719 1641 1845 1668; x_wconf 88' lang='lat' dir='ltr'><strong>roboris-</strong></span> 
     </span>
    </p>
   </div>
   <div class='ocr_carea' id='block_1_93' title="bbox 1059 1686 1846 1722">
    <p class='ocr_par' dir='ltr' id='par_1_93' title="bbox 1059 1686 1846 1722">
     <span class='ocr_line' id='line_1_93' title="bbox 1059 1686 1846 1722; baseline 0.003 -10"><span class='ocrx_word' id='word_1_680' title='bbox 1059 1693 1112 1719; x_wconf 91' lang='lat' dir='ltr'><strong>que</strong></span> <span class='ocrx_word' id='word_1_681' title='bbox 1129 1686 1285 1720; x_wconf 88' lang='lat' dir='ltr'><strong>perrupturi</strong></span> <span class='ocrx_word' id='word_1_682' title='bbox 1309 1687 1417 1721; x_wconf 64' lang='lat' dir='ltr'><strong>quidvis</strong></span> <span class='ocrx_word' id='word_1_683' title='bbox 1441 1686 1609 1721; x_wconf 85' lang='lat' dir='ltr'><strong>oppositum.</strong></span> <span class='ocrx_word' id='word_1_684' title='bbox 1629 1686 1698 1722; x_wconf 81' lang='lat' dir='ltr'><strong>Ergo</strong></span> <span class='ocrx_word' id='word_1_685' title='bbox 1725 1687 1748 1714; x_wconf 92' lang='lat' dir='ltr'><strong>is</strong></span> <span class='ocrx_word' id='word_1_686' title='bbox 1772 1694 1846 1714; x_wconf 90' lang='lat' dir='ltr'><strong>nunc</strong></span> 
     </span>
    </p>
   </div>
   <div class='ocr_carea' id='block_1_94' title="bbox 1059 1732 1844 1766">
    <p class='ocr_par' dir='ltr' id='par_1_94' title="bbox 1059 1732 1844 1766">
     <span class='ocr_line' id='line_1_94' title="bbox 1059 1732 1844 1766; baseline 0 -8"><span class='ocrx_word' id='word_1_687' title='bbox 1059 1739 1169 1766; x_wconf 87' lang='lat' dir='ltr'><strong>quoque</strong></span> <span class='ocrx_word' id='word_1_688' title='bbox 1190 1739 1245 1758; x_wconf 90' lang='lat' dir='ltr'><strong>non</strong></span> <span class='ocrx_word' id='word_1_689' title='bbox 1261 1732 1350 1766; x_wconf 87' lang='lat' dir='ltr'><strong>palam</strong></span> <span class='ocrx_word' id='word_1_690' title='bbox 1377 1739 1524 1759; x_wconf 89' lang='lat' dir='ltr'><strong>occurrens</strong></span> <span class='ocrx_word' id='word_1_691' title='bbox 1545 1739 1578 1759; x_wconf 84' lang='lat' dir='ltr'><strong>ex</strong></span> <span class='ocrx_word' id='word_1_692' title='bbox 1597 1732 1721 1763; x_wconf 84' lang='lat' dir='ltr'><strong>adverso,</strong></span> <span class='ocrx_word' id='word_1_693' title='bbox 1739 1732 1787 1759; x_wconf 79' lang='lat' dir='ltr'><strong>sed</strong></span> <span class='ocrx_word' id='word_1_694' title='bbox 1812 1740 1844 1758; x_wconf 80' lang='lat' dir='ltr'><strong>ex</strong></span> 
     </span>
    </p>
   </div>
   <div class='ocr_carea' id='block_1_95' title="bbox 1060 1779 1845 1814">
    <p class='ocr_par' dir='ltr' id='par_1_95' title="bbox 1060 1779 1845 1814">
     <span class='ocr_line' id='line_1_95' title="bbox 1060 1779 1845 1814; baseline -0.001 -8"><span class='ocrx_word' id='word_1_695' title='bbox 1060 1779 1179 1806; x_wconf 84' lang='lat' dir='ltr'><strong>latibulis</strong></span> <span class='ocrx_word' id='word_1_696' title='bbox 1213 1779 1364 1814; x_wconf 89' lang='lat' dir='ltr'><strong>improviso</strong></span> <span class='ocrx_word' id='word_1_697' title='bbox 1392 1779 1519 1812; x_wconf 83' lang='lat' dir='ltr'><strong>irruens,</strong></span> <span class='ocrx_word' id='word_1_698' title='bbox 1547 1779 1768 1814; x_wconf 87' lang='lat' dir='ltr'><strong>inopinatissima</strong></span> <span class='ocrx_word' id='word_1_699' title='bbox 1800 1779 1845 1806; x_wconf 84' lang='lat' dir='ltr'><strong>illa</strong></span> 
     </span>
    </p>
   </div>
   <div class='ocr_carea' id='block_1_96' title="bbox 1061 1825 1848 1860">
    <p class='ocr_par' dir='ltr' id='par_1_96' title="bbox 1061 1825 1848 1860">
     <span class='ocr_line' id='line_1_96' title="bbox 1061 1825 1848 1860; baseline -0.004 -7"><span class='ocrx_word' id='word_1_700' title='bbox 1061 1826 1152 1860; x_wconf 86' lang='lat' dir='ltr'><strong>specie</strong></span> <span class='ocrx_word' id='word_1_701' title='bbox 1173 1825 1267 1860; x_wconf 86' lang='lat' dir='ltr'><strong>copias</strong></span> <span class='ocrx_word' id='word_1_702' title='bbox 1293 1825 1394 1859; x_wconf 81' lang='lat' dir='ltr'><strong>alioqui</strong></span> <span class='ocrx_word' id='word_1_703' title='bbox 1425 1825 1510 1852; x_wconf 85' lang='lat' dir='ltr'><strong>bonas</strong></span> <span class='ocrx_word' id='word_1_704' title='bbox 1537 1830 1564 1852; x_wconf 87' lang='lat' dir='ltr'><strong>et</strong></span> <span class='ocrx_word' id='word_1_705' title='bbox 1589 1825 1657 1852; x_wconf 84' lang='lat' dir='ltr'><strong>satis</strong></span> <span class='ocrx_word' id='word_1_706' title='bbox 1681 1825 1802 1852; x_wconf 69' lang='lat' dir='ltr'><strong>elercita</strong></span> <span class='ocrx_word' id='word_1_707' title='bbox 1818 1832 1848 1850; x_wconf 71' lang='lat' dir='ltr'><strong>as</strong></span> 
     </span>
    </p>
   </div>
   <div class='ocr_carea' id='block_1_97' title="bbox 1058 1870 1849 1906">
    <p class='ocr_par' dir='ltr' id='par_1_97' title="bbox 1058 1870 1849 1906">
     <span class='ocr_line' id='line_1_97' title="bbox 1058 1870 1849 1906; baseline 0.001 -9"><span class='ocrx_word' id='word_1_708' title='bbox 1058 1870 1140 1906; x_wconf 68' lang='grc'><strong>413</strong></span> <span class='ocrx_word' id='word_1_709' title='bbox 1158 1871 1247 1906; x_wconf 86' lang='lat' dir='ltr'><strong>primo</strong></span> <span class='ocrx_word' id='word_1_710' title='bbox 1260 1871 1385 1906; x_wconf 82' lang='lat' dir='ltr'><strong>perculit,</strong></span> <span class='ocrx_word' id='word_1_711' title='bbox 1406 1878 1467 1898; x_wconf 79' lang='lat' dir='ltr'><strong>mox</strong></span> <span class='ocrx_word' id='word_1_712' title='bbox 1484 1871 1665 1906; x_wconf 85' lang='lat' dir='ltr'><strong>impressione</strong></span> <span class='ocrx_word' id='word_1_713' title='bbox 1693 1870 1849 1898; x_wconf 76' lang='lat' dir='ltr'><strong>vehementi</strong></span> 
     </span>
    </p>
   </div>
   <div class='ocr_carea' id='block_1_98' title="bbox 1059 1915 1845 1951">
    <p class='ocr_par' dir='ltr' id='par_1_98' title="bbox 1059 1915 1845 1951">
     <span class='ocr_line' id='line_1_98' title="bbox 1059 1915 1845 1951; baseline -0.001 -8"><span class='ocrx_word' id='word_1_714' title='bbox 1059 1915 1166 1950; x_wconf 69' lang='lat' dir='ltr'><strong>disiecit</strong></span> <span class='ocrx_word' id='word_1_715' title='bbox 1183 1916 1345 1950; x_wconf 84' lang='lat' dir='ltr'><strong>stravitque,</strong></span> <span class='ocrx_word' id='word_1_716' title='bbox 1361 1915 1476 1951; x_wconf 74' lang='lat' dir='ltr'><strong>gloriam</strong></span> <span class='ocrx_word' id='word_1_717' title='bbox 1499 1923 1549 1942; x_wconf 86' lang='lat' dir='ltr'><strong>suo</strong></span> <span class='ocrx_word' id='word_1_718' title='bbox 1571 1915 1673 1942; x_wconf 92' lang='lat' dir='ltr'><strong>nomini</strong></span> <span class='ocrx_word' id='word_1_719' title='bbox 1696 1917 1845 1942; x_wconf 74' lang='lat' dir='ltr'><strong>maximam</strong></span> 
     </span>
    </p>
   </div>
   <div class='ocr_carea' id='block_1_99' title="bbox 1059 1962 1831 1996">
    <p class='ocr_par' dir='ltr' id='par_1_99' title="bbox 1059 1962 1831 1996">
     <span class='ocr_line' id='line_1_99' title="bbox 1059 1962 1831 1996; baseline -0.004 -6"><span class='ocrx_word' id='word_1_720' title='bbox 1059 1963 1105 1990; x_wconf 86' lang='lat' dir='ltr'><strong>tali</strong></span> <span class='ocrx_word' id='word_1_721' title='bbox 1118 1962 1239 1990; x_wconf 88' lang='lat' dir='ltr'><strong>facinore</strong></span> <span class='ocrx_word' id='word_1_722' title='bbox 1255 1963 1379 1996; x_wconf 79' lang='lat' dir='ltr'><strong>adeptus.</strong></span> <span class='ocrx_word' id='word_1_723' title='bbox 1399 1962 1434 1989; x_wconf 86' lang='lat' dir='ltr'><strong>At</strong></span> <span class='ocrx_word' id='word_1_724' title='bbox 1454 1962 1558 1990; x_wconf 84' lang='lat' dir='ltr'><strong>navalis</strong></span> <span class='ocrx_word' id='word_1_725' title='bbox 1573 1962 1708 1990; x_wconf 84' lang='lat' dir='ltr'><strong>exercitus</strong></span> <span class='ocrx_word' id='word_1_726' title='bbox 1732 1962 1831 1988; x_wconf 89' lang='lat' dir='ltr'><strong>univer</strong></span> 
     </span>
    </p>
   </div>
   <div class='ocr_carea' id='block_1_100' title="bbox 1059 2007 1848 2042">
    <p class='ocr_par' dir='ltr' id='par_1_100' title="bbox 1059 2007 1848 2042">
     <span class='ocr_line' id='line_1_100' title="bbox 1059 2007 1848 2042; baseline -0.003 -6"><span class='ocrx_word' id='word_1_727' title='bbox 1059 2015 1107 2036; x_wconf 87' lang='lat' dir='ltr'><strong>sus</strong></span> <span class='ocrx_word' id='word_1_728' title='bbox 1130 2007 1288 2040; x_wconf 81' lang='lat' dir='ltr'><strong>incolumis,</strong></span> <span class='ocrx_word' id='word_1_729' title='bbox 1309 2007 1410 2042; x_wconf 86' lang='lat' dir='ltr'><strong>quippe</strong></span> <span class='ocrx_word' id='word_1_730' title='bbox 1435 2008 1579 2035; x_wconf 87' lang='lat' dir='ltr'><strong>incruenta</strong></span> <span class='ocrx_word' id='word_1_731' title='bbox 1596 2008 1710 2035; x_wconf 85' lang='lat' dir='ltr'><strong>victoria</strong></span> <span class='ocrx_word' id='word_1_732' title='bbox 1734 2007 1848 2042; x_wconf 87' lang='lat' dir='ltr'><strong>potitus.</strong></span> 
     </span>
    </p>
   </div>
   <div class='ocr_carea' id='block_1_101' title="bbox 1059 2052 1850 2088">
    <p class='ocr_par' dir='ltr' id='par_1_101' title="bbox 1059 2052 1850 2088">
     <span class='ocr_line' id='line_1_101' title="bbox 1059 2052 1850 2088; baseline 0 -9"><span class='ocrx_word' id='word_1_733' title='bbox 1059 2052 1172 2088; x_wconf 60' lang='lat' dir='ltr'><strong>insuper</strong></span> <span class='ocrx_word' id='word_1_734' title='bbox 1193 2053 1288 2088; x_wconf 86' lang='lat' dir='ltr'><strong>spoliis</strong></span> <span class='ocrx_word' id='word_1_735' title='bbox 1309 2053 1402 2086; x_wconf 87' lang='lat' dir='ltr'><strong>dives,</strong></span> <span class='ocrx_word' id='word_1_736' title='bbox 1429 2052 1562 2080; x_wconf 84' lang='lat' dir='ltr'><strong>Joannem</strong></span> <span class='ocrx_word' id='word_1_737' title='bbox 1603 2061 1666 2081; x_wconf 91' lang='lat' dir='ltr'><strong>cum</strong></span> <span class='ocrx_word' id='word_1_738' title='bbox 1687 2053 1748 2080; x_wconf 79' lang='lat' dir='ltr'><strong>suis</strong></span> <span class='ocrx_word' id='word_1_739' title='bbox 1780 2053 1850 2080; x_wconf 81' lang='lat' dir='ltr'><strong>bello</strong></span> 
     </span>
    </p>
   </div>
   <div class='ocr_carea' id='block_1_102' title="bbox 1059 2098 1850 2134">
    <p class='ocr_par' dir='ltr' id='par_1_102' title="bbox 1059 2098 1850 2134">
     <span class='ocr_line' id='line_1_102' title="bbox 1059 2098 1850 2134; baseline 0.001 -9"><span class='ocrx_word' id='word_1_740' title='bbox 1059 2102 1168 2134; x_wconf 88' lang='lat' dir='ltr'><strong>captum</strong></span> <span class='ocrx_word' id='word_1_741' title='bbox 1184 2099 1299 2130; x_wconf 82' lang='lat' dir='ltr'><strong>ducens.</strong></span> <span class='ocrx_word' id='word_1_742' title='bbox 1322 2098 1422 2134; x_wconf 79' lang='lat' dir='ltr'><strong>gaudio</strong></span> <span class='ocrx_word' id='word_1_743' title='bbox 1441 2104 1468 2126; x_wconf 88' lang='lat' dir='ltr'><strong>et</strong></span> <span class='ocrx_word' id='word_1_744' title='bbox 1489 2098 1670 2133; x_wconf 77' lang='lat' dir='ltr'><strong>gratulatione</strong></span> <span class='ocrx_word' id='word_1_745' title='bbox 1689 2099 1796 2134; x_wconf 78' lang='lat' dir='ltr'><strong>ingenti</strong></span> <span class='ocrx_word' id='word_1_746' title='bbox 1817 2099 1850 2125; x_wconf 84' lang='lat' dir='ltr'><strong>ad</strong></span> 
     </span>
    </p>
   </div>
   <div class='ocr_carea' id='block_1_103' title="bbox 1061 2144 1851 2180">
    <p class='ocr_par' dir='ltr' id='par_1_103' title="bbox 1061 2144 1851 2180">
     <span class='ocr_line' id='line_1_103' title="bbox 1061 2144 1851 2180; baseline 0.001 -9"><span class='ocrx_word' id='word_1_747' title='bbox 1061 2144 1253 2180; x_wconf 84' lang='lat' dir='ltr'><strong>imperatorem</strong></span> <span class='ocrx_word' id='word_1_748' title='bbox 1273 2145 1362 2172; x_wconf 88' lang='lat' dir='ltr'><strong>rediit.</strong></span> <span class='ocrx_word' id='word_1_749' title='bbox 1381 2146 1415 2172; x_wconf 81' lang='lat' dir='ltr'><strong>At</strong></span> <span class='ocrx_word' id='word_1_750' title='bbox 1426 2144 1546 2172; x_wconf 87' lang='lat' dir='ltr'><strong>Joannes</strong></span> <span class='ocrx_word' id='word_1_751' title='bbox 1560 2145 1670 2180; x_wconf 86' lang='lat' dir='ltr'><strong>quidem</strong></span> <span class='ocrx_word' id='word_1_752' title='bbox 1686 2152 1750 2172; x_wconf 87' lang='lat' dir='ltr'><strong>cum</strong></span> <span class='ocrx_word' id='word_1_753' title='bbox 1765 2145 1851 2173; x_wconf 74' lang='lat' dir='ltr'><strong>sociis</strong></span> 
     </span>
    </p>
   </div>
   <div class='ocr_carea' id='block_1_104' title="bbox 1538 2191 1853 2218">
    <p class='ocr_par' dir='ltr' id='par_1_104' title="bbox 1538 2191 1853 2218">
     <span class='ocr_line' id='line_1_104' title="bbox 1538 2191 1853 2218; baseline 0 0"><span class='ocrx_word' id='word_1_754' title='bbox 1538 2191 1624 2218; x_wconf 88' lang='lat' dir='ltr'><strong>Icario</strong></span> <span class='ocrx_word' id='word_1_755' title='bbox 1651 2198 1717 2218; x_wconf 77' lang='lat' dir='ltr'><strong>vero</strong></span> <span class='ocrx_word' id='word_1_756' title='bbox 1742 2199 1853 2218; x_wconf 80' lang='lat' dir='ltr'><strong>merces</strong></span> 
     </span>
    </p>
   </div>
   <div class='ocr_carea' id='block_1_105' title="bbox 1063 2236 1851 2271">
    <p class='ocr_par' dir='ltr' id='par_1_105' title="bbox 1063 2236 1851 2271">
     <span class='ocr_line' id='line_1_105' title="bbox 1063 2236 1851 2271; baseline -0.001 -8"><span class='ocrx_word' id='word_1_757' title='bbox 1063 2243 1154 2270; x_wconf 59' lang='lat' dir='ltr'><strong>operai</strong></span> <span class='ocrx_word' id='word_1_758' title='bbox 1168 2236 1238 2264; x_wconf 91' lang='lat' dir='ltr'><strong>bello</strong></span> <span class='ocrx_word' id='word_1_759' title='bbox 1252 2236 1369 2263; x_wconf 85' lang='lat' dir='ltr'><strong>feliciter</strong></span> <span class='ocrx_word' id='word_1_760' title='bbox 1382 2241 1486 2263; x_wconf 58' lang='lat' dir='ltr'><strong>navatae</strong></span> <span class='ocrx_word' id='word_1_761' title='bbox 1499 2240 1690 2271; x_wconf 54' lang='lat' dir='ltr'><strong>repraesentata</strong></span> <span class='ocrx_word' id='word_1_762' title='bbox 1701 2240 1745 2263; x_wconf 87' lang='lat' dir='ltr'><strong>est</strong></span> <span class='ocrx_word' id='word_1_763' title='bbox 1758 2243 1829 2270; x_wconf 74' lang='lat' dir='ltr'><strong>magn</strong></span> <span class='ocrx_word' id='word_1_764' title='bbox 1843 2236 1851 2262; x_wconf 90' lang='lat' dir='ltr'><strong>i</strong></span> 
     </span>
    </p>
   </div>
   <div class='ocr_carea' id='block_1_106' title="bbox 1063 2281 1854 2317">
    <p class='ocr_par' dir='ltr' id='par_1_106' title="bbox 1063 2281 1854 2317">
     <span class='ocr_line' id='line_1_106' title="bbox 1063 2281 1854 2317; baseline 0 -9"><span class='ocrx_word' id='word_1_765' title='bbox 1063 2281 1217 2309; x_wconf 86' lang='lat' dir='ltr'><strong>eonostauli</strong></span> <span class='ocrx_word' id='word_1_766' title='bbox 1233 2281 1374 2316; x_wconf 39' lang='lat' dir='ltr'><strong>.attributa</strong></span> <span class='ocrx_word' id='word_1_767' title='bbox 1398 2281 1538 2317; x_wconf 74' lang='lat' dir='ltr'><strong>dignitate.</strong></span> <span class='ocrx_word' id='word_1_768' title='bbox 1567 2281 1622 2308; x_wconf 87' lang='lat' dir='ltr'><strong>Sub</strong></span> <span class='ocrx_word' id='word_1_769' title='bbox 1646 2281 1704 2308; x_wconf 69' lang='lat' dir='ltr'><strong>haec</strong></span> <span class='ocrx_word' id='word_1_770' title='bbox 1730 2282 1854 2315; x_wconf 91' lang='lat' dir='ltr'><strong>populus</strong></span> 
     </span>
    </p>
   </div>
   <div class='ocr_carea' id='block_1_107' title="bbox 1061 2326 1852 2361">
    <p class='ocr_par' dir='ltr' id='par_1_107' title="bbox 1061 2326 1852 2361">
     <span class='ocr_line' id='line_1_107' title="bbox 1061 2326 1852 2361; baseline -0.003 -7"><span class='ocrx_word' id='word_1_771' title='bbox 1061 2327 1216 2355; x_wconf 88' lang='lat' dir='ltr'><strong>Thebarum</strong></span> <span class='ocrx_word' id='word_1_772' title='bbox 1245 2327 1356 2354; x_wconf 88' lang='lat' dir='ltr'><strong>fratrem</strong></span> <span class='ocrx_word' id='word_1_773' title='bbox 1380 2326 1494 2354; x_wconf 86' lang='lat' dir='ltr'><strong>Joannis</strong></span> <span class='ocrx_word' id='word_1_774' title='bbox 1525 2327 1688 2355; x_wconf 89' lang='lat' dir='ltr'><strong>Gulielmum</strong></span> <span class='ocrx_word' id='word_1_775' title='bbox 1717 2333 1852 2361; x_wconf 72' lang='lat' dir='ltr'><strong>magnum</strong></span> 
     </span>
    </p>
   </div>
   <div class='ocr_carea' id='block_1_108' title="bbox 1060 2373 1852 2409">
    <p class='ocr_par' dir='ltr' id='par_1_108' title="bbox 1060 2373 1852 2409">
     <span class='ocr_line' id='line_1_108' title="bbox 1060 2373 1852 2409; baseline -0.003 -8"><span class='ocrx_word' id='word_1_776' title='bbox 1060 2375 1201 2401; x_wconf 89' lang='lat' dir='ltr'><strong>dominum</strong></span> <span class='ocrx_word' id='word_1_777' title='bbox 1218 2381 1267 2409; x_wconf 91' lang='lat' dir='ltr'><strong>pro</strong></span> <span class='ocrx_word' id='word_1_778' title='bbox 1282 2381 1314 2401; x_wconf 86' lang='lat' dir='ltr'><strong>eo</strong></span> <span class='ocrx_word' id='word_1_779' title='bbox 1327 2374 1479 2401; x_wconf 84' lang='lat' dir='ltr'><strong>censtituit.</strong></span> <span class='ocrx_word' id='word_1_780' title='bbox 1491 2373 1591 2401; x_wconf 84' lang='lat' dir='ltr'><strong>Verum</strong></span> <span class='ocrx_word' id='word_1_781' title='bbox 1607 2373 1739 2400; x_wconf 81' lang='lat' dir='ltr'><strong>Joannem</strong></span> <span class='ocrx_word' id='word_1_782' title='bbox 1757 2373 1852 2407; x_wconf 87' lang='lat' dir='ltr'><strong>ipsum</strong></span> 
     </span>
    </p>
   </div>
   <div class='ocr_carea' id='block_1_109' title="bbox 1062 2419 1852 2455">
    <p class='ocr_par' dir='ltr' id='par_1_109' title="bbox 1062 2419 1852 2455">
     <span class='ocr_line' id='line_1_109' title="bbox 1062 2419 1852 2455; baseline -0.003 -8"><span class='ocrx_word' id='word_1_783' title='bbox 1062 2420 1209 2455; x_wconf 90' lang='lat' dir='ltr'><strong>imperator</strong></span> <span class='ocrx_word' id='word_1_784' title='bbox 1226 2419 1378 2447; x_wconf 88' lang='lat' dir='ltr'><strong>honorillce</strong></span> <span class='ocrx_word' id='word_1_785' title='bbox 1400 2423 1556 2452; x_wconf 85' lang='lat' dir='ltr'><strong>tractatum,</strong></span> <span class='ocrx_word' id='word_1_786' title='bbox 1579 2419 1686 2454; x_wconf 89' lang='lat' dir='ltr'><strong>propria</strong></span> <span class='ocrx_word' id='word_1_787' title='bbox 1705 2419 1729 2446; x_wconf 87' lang='lat' dir='ltr'><strong>ei</strong></span> <span class='ocrx_word' id='word_1_788' title='bbox 1748 2419 1804 2446; x_wconf 80' lang='lat' dir='ltr'><strong>tilia</strong></span> <span class='ocrx_word' id='word_1_789' title='bbox 1823 2419 1852 2446; x_wconf 88' lang='lat' dir='ltr'><strong>in</strong></span> 
     </span>
    </p>
   </div>
   <div class='ocr_carea' id='block_1_110' title="bbox 1062 2465 1854 2501">
    <p class='ocr_par' dir='ltr' id='par_1_110' title="bbox 1062 2465 1854 2501">
     <span class='ocr_line' id='line_1_110' title="bbox 1062 2465 1854 2501; baseline -0.001 -8"><span class='ocrx_word' id='word_1_790' title='bbox 1062 2466 1204 2501; x_wconf 77' lang='lat' dir='ltr'><strong>conjugem</strong></span> <span class='ocrx_word' id='word_1_791' title='bbox 1222 2465 1368 2501; x_wconf 80' lang='lat' dir='ltr'><strong>promissa.</strong></span> <span class='ocrx_word' id='word_1_792' title='bbox 1384 2470 1445 2501; x_wconf 88' lang='lat' dir='ltr'><strong>post</strong></span> <span class='ocrx_word' id='word_1_793' title='bbox 1457 2466 1594 2493; x_wconf 83' lang='lat' dir='ltr'><strong>ﬁrmatum</strong></span> <span class='ocrx_word' id='word_1_794' title='bbox 1604 2465 1784 2500; x_wconf 80' lang='lat' dir='ltr'><strong>jurejurando</strong></span> <span class='ocrx_word' id='word_1_795' title='bbox 1796 2465 1854 2492; x_wconf 73' lang='lat' dir='ltr'><strong>fue-</strong></span> 
     </span>
    </p>
   </div>
   <div class='ocr_carea' id='block_1_111' title="bbox 1062 2511 1854 2546">
    <p class='ocr_par' dir='ltr' id='par_1_111' title="bbox 1062 2511 1854 2546">
     <span class='ocr_line' id='line_1_111' title="bbox 1062 2511 1854 2546; baseline -0.003 -6"><span class='ocrx_word' id='word_1_796' title='bbox 1062 2512 1114 2540; x_wconf 87' lang='lat' dir='ltr'><strong>dus</strong></span> <span class='ocrx_word' id='word_1_797' title='bbox 1128 2512 1242 2540; x_wconf 86' lang='lat' dir='ltr'><strong>liberum</strong></span> <span class='ocrx_word' id='word_1_798' title='bbox 1261 2511 1377 2545; x_wconf 86' lang='lat' dir='ltr'><strong>dimisit,</strong></span> <span class='ocrx_word' id='word_1_799' title='bbox 1401 2515 1513 2539; x_wconf 83' lang='lat' dir='ltr'><strong>nutante</strong></span> <span class='ocrx_word' id='word_1_800' title='bbox 1536 2511 1626 2539; x_wconf 86' lang='lat' dir='ltr'><strong>adhuc</strong></span> <span class='ocrx_word' id='word_1_801' title='bbox 1648 2511 1767 2546; x_wconf 76' lang='lat' dir='ltr'><strong>conjugii</strong></span> <span class='ocrx_word' id='word_1_802' title='bbox 1790 2520 1854 2546; x_wconf 73' lang='lat' dir='ltr'><strong>spe,</strong></span> 
     </span>
    </p>
   </div>
   <div class='ocr_carea' id='block_1_112' title="bbox 1063 2549 1853 2594">
    <p class='ocr_par' dir='ltr' id='par_1_112' title="bbox 1063 2549 1853 2594">
     <span class='ocr_line' id='line_1_112' title="bbox 1063 2549 1853 2594; baseline 0 -10"><span class='ocrx_word' id='word_1_803' title='bbox 1063 2549 1164 2594; x_wconf 78' lang='lat' dir='ltr'><strong>quippe</strong></span> <span class='ocrx_word' id='word_1_804' title='bbox 1203 2566 1256 2585; x_wconf 88' lang='lat' dir='ltr'><strong>non</strong></span> <span class='ocrx_word' id='word_1_805' title='bbox 1285 2558 1355 2585; x_wconf 89' lang='lat' dir='ltr'><strong>ultra</strong></span> <span class='ocrx_word' id='word_1_806' title='bbox 1383 2563 1462 2593; x_wconf 89' lang='lat' dir='ltr'><strong>pacta</strong></span> <span class='ocrx_word' id='word_1_807' title='bbox 1485 2562 1512 2585; x_wconf 89' lang='lat' dir='ltr'><strong>et</strong></span> <span class='ocrx_word' id='word_1_808' title='bbox 1538 2558 1675 2592; x_wconf 83' lang='lat' dir='ltr'><strong>sponsalia</strong></span> <span class='ocrx_word' id='word_1_809' title='bbox 1701 2559 1853 2592; x_wconf 68' lang='lat' dir='ltr'><strong>progressi.</strong></span> 
     </span>
    </p>
   </div>
   <div class='ocr_carea' id='block_1_113' title="bbox 1063 2604 1853 2639">
    <p class='ocr_par' dir='ltr' id='par_1_113' title="bbox 1063 2604 1853 2639">
     <span class='ocr_line' id='line_1_113' title="bbox 1063 2604 1853 2639; baseline -0.003 -7"><span class='ocrx_word' id='word_1_810' title='bbox 1063 2605 1196 2632; x_wconf 69' lang='lat' dir='ltr'><strong>(Ia-terum</strong></span> <span class='ocrx_word' id='word_1_811' title='bbox 1210 2604 1365 2631; x_wconf 88' lang='lat' dir='ltr'><strong>destinatus</strong></span> <span class='ocrx_word' id='word_1_812' title='bbox 1384 2611 1502 2638; x_wconf 86' lang='lat' dir='ltr'><strong>sponsus</strong></span> <span class='ocrx_word' id='word_1_813' title='bbox 1517 2604 1599 2631; x_wconf 87' lang='lat' dir='ltr'><strong>simul</strong></span> <span class='ocrx_word' id='word_1_814' title='bbox 1617 2604 1732 2639; x_wconf 87' lang='lat' dir='ltr'><strong>patriam</strong></span> <span class='ocrx_word' id='word_1_815' title='bbox 1749 2604 1853 2638; x_wconf 69' lang='lat' dir='ltr'><strong>attigit.</strong></span> 
     </span>
    </p>
   </div>
   <div class='ocr_carea' id='block_1_114' title="bbox 1063 2651 1856 2686">
    <p class='ocr_par' dir='ltr' id='par_1_114' title="bbox 1063 2651 1856 2686">
     <span class='ocr_line' id='line_1_114' title="bbox 1063 2651 1856 2686; baseline 0 -7"><span class='ocrx_word' id='word_1_816' title='bbox 1063 2652 1160 2679; x_wconf 88' lang='lat' dir='ltr'><strong>morbo</strong></span> <span class='ocrx_word' id='word_1_817' title='bbox 1187 2654 1331 2686; x_wconf 82' lang='lat' dir='ltr'><strong>correptus</strong></span> <span class='ocrx_word' id='word_1_818' title='bbox 1352 2651 1439 2683; x_wconf 89' lang='lat' dir='ltr'><strong>obiit,</strong></span> <span class='ocrx_word' id='word_1_819' title='bbox 1469 2658 1657 2678; x_wconf 85' lang='lat' dir='ltr'><strong>successorem</strong></span> <span class='ocrx_word' id='word_1_820' title='bbox 1684 2651 1856 2686; x_wconf 83' lang='lat' dir='ltr'><strong>principatus</strong></span> 
     </span>
    </p>
   </div>
   <div class='ocr_carea' id='block_1_115' title="bbox 1065 2695 1854 2730">
    <p class='ocr_par' dir='ltr' id='par_1_115' title="bbox 1065 2695 1854 2730">
     <span class='ocr_line' id='line_1_115' title="bbox 1065 2695 1854 2730; baseline -0.001 -6"><span class='ocrx_word' id='word_1_821' title='bbox 1065 2696 1092 2724; x_wconf 86' lang='lat' dir='ltr'><strong>in</strong></span> <span class='ocrx_word' id='word_1_822' title='bbox 1115 2695 1232 2723; x_wconf 67' lang='lat' dir='ltr'><strong>solidum</strong></span> <span class='ocrx_word' id='word_1_823' title='bbox 1258 2695 1376 2723; x_wconf 79' lang='lat' dir='ltr'><strong>universi</strong></span> <span class='ocrx_word' id='word_1_824' title='bbox 1407 2695 1565 2730; x_wconf 87' lang='lat' dir='ltr'><strong>relinquens</strong></span> <span class='ocrx_word' id='word_1_825' title='bbox 1592 2695 1757 2724; x_wconf 87' lang='lat' dir='ltr'><strong>Gulielmum</strong></span> <span class='ocrx_word' id='word_1_826' title='bbox 1788 2695 1854 2723; x_wconf 81' lang='lat' dir='ltr'><strong>fra-</strong></span> 
     </span>
    </p>
   </div>
   <div class='ocr_carea' id='block_1_116' title="bbox 1066 2741 1853 2776">
    <p class='ocr_par' dir='ltr' id='par_1_116' title="bbox 1066 2741 1853 2776">
     <span class='ocr_line' id='line_1_116' title="bbox 1066 2741 1853 2776; baseline -0.001 -8"><span class='ocrx_word' id='word_1_827' title='bbox 1066 2747 1133 2768; x_wconf 87' lang='lat' dir='ltr'><strong>trem</strong></span> <span class='ocrx_word' id='word_1_828' title='bbox 1150 2748 1229 2776; x_wconf 88' lang='lat' dir='ltr'><strong>quem</strong></span> <span class='ocrx_word' id='word_1_829' title='bbox 1250 2741 1377 2775; x_wconf 85' lang='lat' dir='ltr'><strong>superius</strong></span> <span class='ocrx_word' id='word_1_830' title='bbox 1393 2741 1511 2768; x_wconf 79' lang='lat' dir='ltr'><strong>diximus</strong></span> <span class='ocrx_word' id='word_1_831' title='bbox 1525 2741 1640 2769; x_wconf 84' lang='lat' dir='ltr'><strong>Joannis</strong></span> <span class='ocrx_word' id='word_1_832' title='bbox 1666 2742 1742 2768; x_wconf 89' lang='lat' dir='ltr'><strong>nothi</strong></span> <span class='ocrx_word' id='word_1_833' title='bbox 1769 2742 1853 2768; x_wconf 74' lang='lat' dir='ltr'><strong>ﬁliam</strong></span> 
     </span>
    </p>
   </div>
   <div class='ocr_carea' id='block_1_117' title="bbox 1067 2785 1857 2820">
    <p class='ocr_par' dir='ltr' id='par_1_117' title="bbox 1067 2785 1857 2820">
     <span class='ocr_line' id='line_1_117' title="bbox 1067 2785 1857 2820; baseline 0 -7"><span class='ocrx_word' id='word_1_834' title='bbox 1067 2786 1187 2817; x_wconf 73' lang='lat' dir='ltr'><strong>duxisso,</strong></span> <span class='ocrx_word' id='word_1_835' title='bbox 1208 2785 1310 2820; x_wconf 89' lang='lat' dir='ltr'><strong>quique</strong></span> <span class='ocrx_word' id='word_1_836' title='bbox 1333 2785 1394 2812; x_wconf 87' lang='lat' dir='ltr'><strong>ideo</strong></span> <span class='ocrx_word' id='word_1_837' title='bbox 1417 2785 1504 2812; x_wconf 82' lang='lat' dir='ltr'><strong>soceri</strong></span> <span class='ocrx_word' id='word_1_838' title='bbox 1530 2786 1652 2819; x_wconf 84' lang='lat' dir='ltr'><strong>partibus</strong></span> <span class='ocrx_word' id='word_1_839' title='bbox 1667 2786 1794 2813; x_wconf 82' lang='lat' dir='ltr'><strong>addictus</strong></span> <span class='ocrx_word' id='word_1_840' title='bbox 1812 2787 1857 2813; x_wconf 87' lang='lat' dir='ltr'><strong>iu-</strong></span> 
     </span>
    </p>
   </div>
   <div class='ocr_carea' id='block_1_118' title="bbox 1067 2831 1860 2867">
    <p class='ocr_par' dir='ltr' id='par_1_118' title="bbox 1067 2831 1860 2867">
     <span class='ocr_line' id='line_1_118' title="bbox 1067 2831 1860 2867; baseline 0 -9"><span class='ocrx_word' id='word_1_841' title='bbox 1067 2831 1162 2859; x_wconf 87' lang='lat' dir='ltr'><strong>fensus</strong></span> <span class='ocrx_word' id='word_1_842' title='bbox 1185 2831 1317 2858; x_wconf 77' lang='lat' dir='ltr'><strong>Romanis</strong></span> <span class='ocrx_word' id='word_1_843' title='bbox 1345 2831 1446 2859; x_wconf 85' lang='lat' dir='ltr'><strong>mansit</strong></span> <span class='ocrx_word' id='word_1_844' title='bbox 1469 2839 1476 2858; x_wconf 88' lang='lat'><strong>:</strong></span> <span class='ocrx_word' id='word_1_845' title='bbox 1499 2839 1583 2866; x_wconf 84' lang='lat' dir='ltr'><strong>quare</strong></span> <span class='ocrx_word' id='word_1_846' title='bbox 1613 2833 1708 2860; x_wconf 82' lang='lat' dir='ltr'><strong>classis</strong></span> <span class='ocrx_word' id='word_1_847' title='bbox 1736 2832 1762 2859; x_wconf 89' lang='lat' dir='ltr'><strong>in</strong></span> <span class='ocrx_word' id='word_1_848' title='bbox 1795 2834 1860 2867; x_wconf 63' lang='lat' dir='ltr'><strong>ejus</strong></span> 
     </span>
    </p>
   </div>
  </div>
