1936 3069
94 165 145 198 8H

586 171 633 200 DE
654 172 850 202 MICIIAELE
872 173 1101 203 ΡΑιΕΟωαο
1121 174 1191 203 LIB.
1216 174 1245 203 ν.

1669 173 1722 203 862

93 225 236 259 βαρύτητα
250 225 383 260 τρέψαντι
411 227 553 254 συνέϐαινε
569 229 782 264 παροξύνεσθαι.
796 231 851 258 Καὶ
871 232 884 257 6
899 232 921 260 A
936 231 1075 262 δοκοῦντος
1092 231 1165 266 ἐχειν
1180 230 1211 256 τὸ
1224 229 1328 256 δίκαιον
1346 229 1388 262 ἐφ’
1399 225 1439 260 οἷς
1452 229 1500 255 καὶ
1514 229 1645 262 βασιλέως
1661 230 1718 256 δέε-

93 271 144 306 μὲν
155 271 256 302 ἐδέετο,
274 271 289 298 ὁ
307 273 331 298 δ’
345 272 481 300 ἀνένευεν.
508 274 537 301 '0
568 275 618 309 μὲν
638 276 685 303 καὶ
696 276 882 311 δραστικώτε-

92 325 140 351 ρον
152 317 300 351 ἡντιὸόλει,
313 318 327 344 6
339 318 362 344 δ’
373 319 511 353 ὴγρίαινε.
540 321 625 352 Τέλιις
651 322 708 348 ἀλλ’
726 322 882 348 ἀδικεῖσθαι

90 362 138 388 τὸν
155 362 301 396 ἄνθρωπον
323 363 430 397 ἔλεγεν,
456 366 470 392 6
492 366 515 392 δ’
531 366 580 393 οὐκ
604 367 773 402 ἐφρόντιζεν.
795 368 840 400 Ὠς
855 368 883 394 δὲ

91 408 141 434 καὶ
163 408 244 443 δῆλος
273 407 307 444 ἦν
332 411 445 444 πράξων
475 413 715 449 παραϐολώτερον,
741 414 775 450 ἢν
792 413 830 449 μή
855 415 882 448 γ’

91 452 198 486 ἀκούοι,
214 453 228 479 ὁ
243 454 267 480 δ’
282 455 401 482 ἀλλὀὐκ
424 456 511 484 ὲδίδου
533 458 563 486 τὺ
577 459 710 494 παράπαν
723 459 774 495 τὴν
791 460 880 492 λύσιν,

92 499 146 524 κᾶν
162 499 176 525 ὅ
190 507 217 535 τι
231 499 277 526 καὶ
292 500 401 535 πράξοι.
418 502 472 529 Καὶ
489 503 569 535 εὐθὺς
585 504 666 539 ζῆλος
678 506 767 532 είσέδυ
779 505 823 532 τὸν
843 506 882 532 ἱε-

92 542 156 575 ρεα,
172 543 231 573 καὶ,
262 552 272 569 ι
287 544 319 570 Τί
333 544 388 576 δὲ,ι
403 546 480 580 φησὶ,
500 549 560 573 (καὶ
576 548 631 575 ἀπὸ
649 549 730 575 τίνων
744 549 882 584 ἀρχιερεῖς

92 585 162 614 εἶναι
176 587 209 620 ἄε
222 596 252 614 ον
265 588 281 624 ἦ
296 590 445 626 μαγείρους
458 593 504 619 καὶ
519 594 689 628 στράτωρας,
705 594 751 626 οὒς
766 596 880 621 ὐποκλί-

92 641 150 659 νε.ν
166 634 273 668 ἀνάγκη
287 635 338 662 κᾶν
354 636 368 663 6
390 646 415 663 τι
443 637 564 671 θέλυιτες
588 648 597 665 ι
627 639 722 667 Ταῦτά
745 649 775 666 τε
792 641 880 668 εἰπεῖν

91 680 139 705 καὶ
156 680 254 716 ἀθρόον
270 681 300 708 τὸ
314 682 364 717 τῆς
378 685 564 719 πατριαρχίας
583 686 615 712 σύ
622 686 721 720 μὸλλον
737 686 815 722 ῥίψαι
829 688 879 721 τὴν

92 724 257 759 βακτηρίαν.
279 727 329 762 τὴν
344 727 367 754 δ’
394 728 587 764 ὲπιρῥοιζῆσαι
604 731 657 766 προ
670 731 758 757 ποδῶν
771 731 810 765 τῷ
829 731 880 766 βα-

91 769 161 795 σιλεί
173 771 320 805 πεσοῦσαν,
336 773 382 800 τὸν
396 773 418 800 δ’
429 774 477 808 ἅμ’
491 775 655 807 ἀναστάντα,
699 776 787 803 ποδῶν
795 775 878 812 εἶχεν,

89 815 143 848 Eia)
154 817 264 850 χωρεῖν.
279 818 335 844 Καὶ
350 817 394 844 τὸν
405 818 455 853 μὲν
467 819 579 853 βασιλέα
592 820 621 846 ὲν
635 819 752 856 αἰσχύνῃ
769 821 880 847 ποιοῦν-

88 869 124 888 τα
143 862 173 888 τὸ
187 863 304 897 πρᾶγμα
317 863 390 890 ἐνεὸν
402 864 574 897 ἀνίστασθαι,
596 867 699 892 ἐκεῖνον
715 866 754 899 δὲ,
770 867 878 893 πολλῶν

88 907 242 942 ἑπεχόντων
258 909 307 935 καί
328 918 360 943 γε
373 909 428 936 τῶν
440 911 473 937 ιιι
500 911 632 946 βασιλέως
645 913 752 947 συχνῶν
767 922 875 948 πεμπο-
893 898 913 926 Β

90 952 181 986 μένων
198 953 245 980 καὶ
253 954 422 990 ὑποστρέψαι
433 956 665 990 παρακαλούντων
681 957 718 989 ὡς
733 958 773 990 εἰς
787 957 876 992 λύπην

87 996 127 1032 τῷ
141 997 250 1031 βασιλεῖ
265 1001 453 1036 γενησομένης
482 1002 532 1036 τῆς
559 1003 754 1037 ἐκχωρήσεως,
782 1003 829 1030 τὸν
848 1004 876 1030 δὲ

89 1041 153 1075 μηδ’
166 1042 236 1073 ὅλως
251 1044 377 1075 ἀκοῦσαι,
401 1045 469 1071 ἀλλὰ
486 1046 555 1080 πεζῇ
571 1047 688 1073 διελθεῖν
703 1048 747 1074 καὶ
764 1047 813 1082 τὴν
831 1057 876 1083 μο-

88 1087 138 1122 νὴν
151 1088 201 1122 τῆς
214 1087 306 1123 χώρας
323 1090 499 1121 καταλαϐεῖν,
519 1091 593 1126 ἔργῳ
616 1092 742 1124 δείξαντα
757 1093 808 1128 τὴν
829 1094 877 1120 τοῦ

89 1131 173 1167 ζήλου
185 1133 267 1166 φύσιν
281 1135 370 1167 ὁποία,
383 1136 430 1162 καὶ
443 1136 481 1168 ὡς
495 1137 524 1162 οὺ
539 1137 673 1172 λαμϐάνει
687 1140 833 1174 πρόσωπον
844 1141 877 1167 ἂν

89 1179 161 1204 κατά
180 1178 248 1205 Θεὸν
275 1179 396 1215 γίνηται.
416 1181 529 1208 ’Δλλοτε
559 1182 591 1218 δὴ
607 1183 690 1210 πάλιν
720 1184 878 1220 (προτρέχει

89 1223 145 1259 γὰρ
174 1226 220 1251 καὶ
236 1224 315 1252 τοῦτο
329 1226 461 1261 ῥηθῆναι)
489 1227 558 1263 ὑπὲρ
574 1229 719 1264 ἀνθρώπου
734 1230 827 1265 δέησις
844 1228 877 1266 ἦν

91 1317 202 1339 Ironum
221 1316 341 1346 vertens,
357 1314 486 1349 asperius
497 1320 523 1342 et
540 1315 597 1350 ipse
610 1317 794 1351 responsavit.
813 1317 878 1345 Pro-

89 1363 215 1386 cesserat
225 1366 294 1394 pene
307 1360 333 1387 in
342 1360 464 1395 jurgium
475 1361 521 1394 lis,
533 1367 661 1397 poscente
670 1363 732 1396 hoc,
743 1364 878 1393 abnuente

89 1404 147 1437 illo,
167 1405 307 1434 edieacius
336 1406 388 1434 hoc
404 1407 579 1442 deprecante,
599 1414 696 1435 contra
714 1409 758 1436 illo
775 1417 878 1437 ert-au-

87 1451 230 1478 descente.
261 1451 383 1479 Tandem
410 1457 579 1480 contestante
606 1453 722 1488 praesule
748 1454 876 1489 injuriam

89 1497 195 1524 homini
225 1497 296 1530 fieri,
312 1498 438 1533 principe
465 1499 533 1526 nihil
565 1500 590 1527 id
618 1509 646 1528 se
662 1509 759 1528 curare
785 1508 877 1530 osten-

86 1541 182 1574 dente,
198 1543 315 1577 prwsule
331 1551 361 1570 se
376 1544 466 1571 adhuc
482 1544 580 1574 fortius
596 1550 735 1578 acturum.
753 1547 780 1574 ni
796 1548 875 1575 audi-

88 1591 176 1620 retur,
194 1595 249 1622 pne
261 1595 291 1616 se
309 1588 424 1622 ferente,
440 1590 563 1625 principe
585 1596 682 1620 contra
704 1597 872 1627 ostentante,

86 1635 224 1670 quidquid
245 1634 348 1664 iaceret
362 1642 410 1664 aut
432 1637 544 1670 diceret,
569 1638 637 1666 nihil
652 1638 872 1674 impetraturum,

87 1689 123 1709 ne
143 1686 201 1709 tum
228 1681 338 1716 quidem
370 1683 524 1717 patriarcha
552 1684 640 1712 vietus
668 1685 802 1714 abscessit
827 1693 874 1714 aut

87 1731 248 1761 susceptum
277 1734 358 1755 suum
388 1728 516 1756 deserere
549 1730 692 1763 sustinuit,
726 1731 774 1759 sed
806 1737 873 1760 aestu

86 1772 178 1799 elatus
205 1771 406 1801 edet-vescentis
431 1773 506 1801 intus
519 1774 681 1808 zelithuid
707 1775 808 1811 igitur?
829 1777 872 1804 in~

87 1818 149 1852 quit
166 1825 174 1849 ς
191 1824 225 1844 an
241 1825 338 1846 censes
354 1826 463 1854 aequum
480 1819 623 1855 episcopos
637 1821 709 1855 apud
727 1828 774 1849 vos
789 1822 874 1850 nihilo

90 1863 180 1897 pluris
206 1871 269 1891 esse
291 1871 372 1898 quam
399 1872 503 1899 coquos
534 1871 580 1894 aut
610 1871 753 1899 stratores,
774 1868 873 1902 quibus

88 1909 182 1935 omnia
201 1908 279 1937 vobis
297 1910 412 1945 obsequi
430 1915 457 1938 et
469 1913 501 1938 ad
520 1918 614 1939 nutum
635 1914 738 1940 servire
763 1922 874 1942 necesse

87 1955 147 1981 est?
168 1963 177 1980 ›
193 1954 280 1982 Simul
299 1955 358 1983 haec
376 1956 470 1985 dicens
493 1958 654 1992 pastomlem
671 1959 810 1991 baculum.
824 1968 871 1995 pa-

89 1999 247 2027 triarchalis
281 2000 389 2035 insigne
420 2001 571 2038 dignitatis,
607 2008 669 2031 ante
699 2005 872 2040 imperatoris

89 2044 175 2079 pedes
191 2044 304 2078 abjirit:
324 2046 383 2081 ipse
403 2046 507 2082 impetu
524 2056 673 2084 exsurgens
698 2051 873 2078 velocissimo

88 2097 172 2124 passu
193 2097 224 2117 se
247 2090 321 2119 foras
349 2091 435 2126 ejicit.
462 2092 490 2120 ld
513 2093 609 2122 videns
633 2095 786 2130 imperator
796 2101 823 2124 et
839 2098 872 2126 ad

88 2135 271 2168 ignominiam
303 2137 440 2171 pertinere
463 2145 540 2166 suam
571 2143 712 2174 reputans,
739 2141 873 2171 sollicitus

89 2180 222 2214 assurgit,
238 2180 331 2208 multis
355 2182 549 2216 digredientem
571 2188 664 2212 tenere
689 2186 871 2220 patriarcham

935 285 991 303 ται.
1012 276 1094 303 Ἀλλὰ
1110 270 1241 307 πολλάκις
1258 275 1344 302 εἰπὼν
1359 275 1409 302 οὐκ
1421 275 1554 310 ἠκούσθη.
1576 276 1625 301 καὶ
1638 276 1722 310 ὑπερ-

935 323 1037 357 ήιιερος
1053 323 1178 357 ἐφαίνετο
1196 323 1212 357 ἡ
1229 321 1349 356 βοήθεια.
1367 321 1516 355 Δράττεται
1528 320 1641 348 τοίνυνό
1656 330 1722 356 πρῖε

935 367 1039 394 σόεὑων
1052 368 1161 402 καιροῦ,
1181 367 1230 394 καὶ
1242 368 1256 393 6
1274 367 1370 401 καιρὸς
1393 366 1473 400 ἑορτὴ
1485 364 1519 400 ἦν
1536 366 1582 392 τοῦ
1602 366 1632 391 ἐν
1651 367 1720 400 μάρ-

934 421 996 439 τυτι
1011 412 1181 446 περιφανοῦς
1196 413 1333 447 Γεωργίου
1351 413 1397 439 καὶ
1412 411 1521 444 σύναξις
1548 412 1654 447 ἀνδρῶν
1670 413 1720 438 οὒκ

933 458 1030 493 ὀλίγων
1044 459 1096 485 ἀνὰ
1112 458 1160 493 τὴν
1186 458 1242 484 τῶν
1266 459 1424 492 Μαγγάνων
1441 458 1536 493 μονήν.
1564 458 1619 484 Καὶ
1641 457 1655 483 6
1671 458 1721 492 μὲν

934 506 1023 541 ἱερεὺς
1038 505 1087 540 τὴν
1102 505 1271 539 ἀναίμακτον
1295 504 1381 531 ἐτέλει
1399 503 1504 535 θυσίαν,
1520 505 1534 530 6
1548 504 1576 531 δὲ
1591 504 1720 539 βασιλεὺς

934 551 1080 585 ἱστάμενος
1097 551 1224 577 ἐτελεῖτο.
1247 551 1324 577 Ἐπεὶ
1343 550 1365 576 δ’
1381 550 1506 578 ἐτελεύτα
1522 551 1538 586 ἡ
1555 551 1610 577 τῶν
1625 551 1719 586 δώρων

933 596 1058 632 ἀναφορὰ
1076 596 1123 623 καὶ
1140 596 1192 623 ἔδει
1207 596 1253 623 τὸν
1279 595 1394 630 βασιλέα
1409 595 1559 630 νιψάμενοι]
1574 597 1718 631 προεισελ-

932 643 989 670 θεῖν
1006 642 1049 677 ἐφ’
1074 639 1096 676 ᾧ
1120 651 1150 669 τε
1179 643 1323 677 μετασχεῖν
1349 642 1498 677 ἀντιδώρου
1517 642 1564 668 καὶ
1591 643 1719 677 εὐλογίαν

931 686 1065 721 rupium;
1081 688 1325 723 λειτουργήσαντος
1342 688 1480 719 δέξασθαι,
1497 687 1670 722 ἀνοίγνυνται
1685 688 1720 714 τὰ

931 734 1051 770 πρόσθεν
1066 734 1121 760 τῶν
1138 734 1243 761 ἀδύτων
1260 733 1352 768 θύρια,
1367 734 1549 767 ἐμφανίζεται
1565 734 1579 760 6
1607 734 1656 768 τὴν
1671 734 1718 759 εὐ-

930 781 980 817 χὴν
991 780 1109 807 τελέσων
1120 780 1159 815 τῷ
1175 780 1293 815 βασιλεῖ,
1305 780 1432 816 πρόσεισι
1447 780 1584 814 βασιλεὺς,
1602 780 1718 806 ἐκτείνει

929 828 979 859 τὰς
1008 827 1104 862 χεῖρας
1129 826 1176 853 τοῦ
1193 826 1265 852 Θείου
1281 826 1363 860 ἄρτου
1378 826 1544 860 ληψόμενος,
1561 826 1654 860 ἐπέχει
1668 825 1718 859 τὴν

928 872 1019 905 δεξιὰν
1033 873 1047 898 6
1060 871 1150 905 ἱερεὺς
1168 871 1198 898 τὸ
1211 870 1257 897 τοῦ
1272 871 1346 906 ἱεροῦ
1361 871 1444 905 ἄρτου
1457 871 1568 905 κλάσμα
1583 871 1716 905 κατέχου-

929 927 991 945 σαν.
1006 917 1051 953 [Ρ.
1064 916 1128 952 276]
1146 917 1200 943 Καὶ
1215 917 1286 943 οὕτω
1305 917 1359 943 τῶν
1378 916 1427 952 μὲν
1441 917 1542 951 χειρῶν
1567 916 1717 949 ἐκτεταμέ-

927 972 980 990 νων
993 963 1031 997 τῷ
1050 962 1167 997 βασιλεῖ.
1183 963 1232 997 τῆς
1243 962 1271 989 δὲ
1287 961 1377 995 δεξιᾶς
1393 960 1433 996 τῷ
1449 962 1517 996 ίερεῖ
1528 960 1716 995 ἀτρεμούσης.

927 1009 944 1044 ἡ
955 1008 1065 1042 γλῶσσα
1078 1008 1155 1042 φέρει
1172 1008 1221 1043 τὴν
1234 1007 1336 1034 ἱκεσίαν
1354 1007 1400 1034 καὶ
1412 1006 1451 1042 τῷ
1463 1006 1625 1041 λυπουμένῳ
1639 1006 1718 1041 ζητεί

926 1055 975 1089 τὴν
985 1054 1072 1081 λύσιν.
1089 1052 1163 1085 Εἶδες
1175 1053 1207 1080 ἂν
1222 1053 1282 1080 τότε
1297 1054 1420 1087 γενναῖον
1434 1053 1602 1088 παράστημα
1613 1052 1716 1086 ψυχῆς,

927 1099 974 1126 τοῦ
992 1100 1041 1133 μὲν
1069 1099 1222 1130 ἱκτεύοντος
1244 1098 1336 1124 δοῦναι
1350 1098 1401 1133 τὴν
1424 1097 1512 1129 λύσιν,
1531 1097 1578 1124 καὶ
1603 1096 1650 1123 τοῦ
1665 1097 1715 1132 μὲν

927 1146 967 1176 είς
983 1145 1080 1180 καιρὸν
1096 1144 1267 1179 ἀναρτῶντος
1281 1143 1318 1175 ὡς
1334 1143 1371 1178 μὴ
1391 1143 1469 1174 ὄντος
1493 1142 1598 1169 ἐκείνου
1617 1141 1714 1177 καιροῦ

928 1190 1043 1222 λύσεως,
1055 1190 1101 1216 τοῦ
1114 1189 1142 1216 δὲ
1157 1189 1205 1215 καὶ
1224 1189 1323 1224 μᾶλλον
1340 1189 1377 1220 ὡς
1391 1188 1466 1221 ὄντος
1481 1187 1716 1224 ἐξανακράζοντος

927 1235 985 1270 ἅμα
999 1235 1049 1270 μὲν
1060 1234 1197 1269 ἀγιασμοῦ
1213 1234 1245 1260 ἐκ
1260 1233 1340 1267 Θεοῦ,
1365 1233 1424 1269 ἅμα
1439 1233 1467 1260 δὲ
1481 1233 1528 1261 καὶ
1542 1233 1715 1268 συμπαθείας

929 1321 1030 1358 Arripit
1041 1323 1123 1356 igitur
1139 1322 1312 1350 occasionem
1333 1322 1514 1354 intercessor,
1526 1329 1606 1356 quam
1622 1329 1637 1348 a
1653 1322 1716 1348 reli-

927 1377 1009 1402 gtone
1024 1369 1081 1396 fore
1093 1368 1196 1403 putavit
1208 1367 1356 1395 emeacem.
1368 1367 1478 1394 Festum
1495 1366 1627 1401 agebatur
1654 1373 1716 1400 per-

929 1414 1042 1441 illustris
1058 1415 1128 1441 inter
1139 1419 1277 1448 martyres
1294 1412 1416 1447 Georgii,
1437 1416 1466 1439 et
1491 1416 1643 1438 conventus
1657 1416 1716 1438 erat

929 1468 983 1487 non
1002 1460 1116 1487 modicae
1136 1459 1322 1486 multitudinis
1337 1458 1408 1492 apud
1423 1457 1507 1485 aedem
1529 1464 1635 1484 sacram
1657 1465 1715 1484 mo-

930 1506 1041 1533 nasterii
1058 1505 1267 1540 Maugauorum,
1288 1506 1460 1532 incruentum
1488 1505 1523 1531 ibi
1550 1504 1714 1532 sacriﬁcium

928 1552 1058 1579 oderenle
1098 1551 1265 1586 patriartha.
1294 1551 1445 1585 Imperator
1475 1551 1561 1578 sacris
1599 1550 1713 1577 astabat.

932 1598 982 1625 Ubi
1002 1605 1066 1625 vero
1077 1598 1196 1632 perferte
1209 1598 1350 1624 oblatione
1364 1598 1499 1624 donorum
1512 1603 1618 1631 tempus
1629 1596 1716 1622 adfuit

924 1651 980 1678 quo
996 1652 1028 1670 ex
1045 1651 1119 1670 more
1137 1645 1208 1671 lotus
1225 1645 1374 1678 imperator
1393 1643 1524 1671 accedere
1539 1642 1656 1670 debebat
1675 1644 1708 1669 ad

927 1697 1014 1725 percej
1027 1691 1128 1717 tionem
1162 1690 1240 1724 panis
1276 1689 1422 1720 benedicti.
1442 1697 1523 1724 quem
1557 1686 1737 1715 antidorum'

924 1740 1030 1767 vocant,
1046 1740 1073 1762 et
1092 1735 1226 1769 eulogiam
1243 1742 1257 1762 τι
1277 1735 1437 1762 celebrante
1462 1736 1598 1768 accipere.
1629 1734 1715 1760 reclu-

925 1782 1029 1809 duntur
1044 1781 1196 1808 anteriores
1227 1781 1369 1816 adyti-rum
1387 1781 1469 1811 fores,
1497 1785 1524 1808 et
1549 1781 1639 1815 prodit
1666 1781 1712 1815 qui

925 1828 994 1855 bene
1023 1831 1183 1862 precaturus
1207 1827 1366 1861 imperatori
1392 1827 1470 1862 juxta
1502 1835 1605 1853 moram
1635 1831 1707 1854 erat.

927 1873 1029 1900 Praesto
1051 1878 1094 1900 est
1123 1873 1316 1908 Augustus,ct
1342 1880 1440 1900 tuanus
1464 1873 1577 1908 porrigit
1604 1880 1713 1899 sacrum

924 1923 1084 1954 sumpturus
1116 1927 1225 1953 panem.
1257 1919 1375 1946 Cohibet
1404 1920 1543 1946 dexteram
1574 1918 1712 1949 sarerdos.

924 1972 977 1999 qua
995 1963 1174 1999 iragmentum
1196 1964 1265 1991 sacri
1282 1965 1359 1999 panis
1376 1965 1498 1992 tenebat.
1516 1964 1547 1991 Et
1562 1964 1602 1991 sic
1617 1968 1713 1991 exten-

924 2010 963 2037 sis
994 2011 1167 2044 impcratoris
1194 2010 1303 2044 palmis,
1337 2018 1418 2037 manu
1448 2018 1513 2037 vero
1553 2011 1714 2044 patriarcha

924 2055 1010 2090 rigide
1027 2063 1175 2090 Suspensa.
1194 2057 1284 2090 lingua
1301 2057 1360 2091 ejus
1380 2057 1459 2083 toties
1477 2061 1556 2083 antea
1586 2056 1714 2089 reiectam

924 2100 1152 2135 supplicationem
1179 2101 1297 2134 iteravit,
1325 2106 1352 2128 ct
1369 2101 1473 2128 homini
1489 2109 1564 2136 aegre
1591 2101 1715 2134 habentil

924 2150 954 2173 ut
964 2146 998 2172 ab
1014 2145 1177 2180 imperatore
1193 2146 1265 2181 quod
1282 2147 1403 2182 optabat,
1416 2148 1588 2182 contingeret
1602 2151 1716 2181 precata.

923 2195 975 2218 est.
996 2190 1108 2218 Videres
1136 2191 1180 2218 hic
1203 2192 1332 2227 utrinque
1357 2192 1484 2219 obnixam
1517 2193 1546 2219 in
1573 2193 1718 2227 proposito.

89 2224 266 2257 conantibus,
285 2229 312 2253 et
326 2225 388 2253 aliis
400 2234 482 2262 super
497 2227 565 2256 alios
581 2228 617 2256 ab
632 2229 795 2264 imperatore
809 2233 875 2260 mis-
890 2235 914 2265 ι)
927 2236 1110 2263 constantiam
1139 2237 1255 2264 duorum
1286 2237 1379 2264 invicti
1414 2239 1512 2272 rigoris
1543 2239 1713 2270 animorum,

87 2269 128 2296 sis
143 2269 203 2304 ejus
218 2271 330 2299 nomine
346 2272 507 2306 rogantibus
524 2277 552 2300 ut
565 2275 665 2303 rediret
680 2276 714 2304 ad
727 2282 870 2306 vocantem

87 2317 241 2350 Augustum
257 2320 285 2343 et
312 2316 466 2345 discessum
494 2320 566 2347 hunc
593 2320 652 2355 ejus
679 2322 873 2351 molestissime

86 2359 232 2389 ferentem.
260 2361 308 2389 Ille
331 2362 364 2390 ad
393 2363 485 2391 omnia
512 2365 613 2394 surdus
634 2373 745 2394 cursum
774 2369 870 2401 tenuit,

84 2406 174 2440 quoad
191 2406 220 2433 in
239 2407 373 2440 vicinum,
391 2409 435 2436 nhi
448 2410 648 2444 diversabatur,
670 2416 869 2440 monasterium

84 2452 167 2485 pedes
182 2454 318 2487 pervenit,
336 2454 426 2489 reipsa
441 2457 587 2485 ostendens
602 2465 663 2492 qua:
691 2459 796 2488 indoles
823 2461 871 2488 zeli

83 2497 130 2528 sit,
167 2505 306 2534 quamque
330 2499 386 2533 ille,
413 2508 475 2528 cum
500 2501 584 2529 Deum
617 2503 698 2531 habet
719 2510 871 2539 auctorem,

83 2544 238 2571 reverentia
256 2546 410 2579 quantaevis
426 2547 508 2574 etiam
522 2549 664 2583 praesentis
679 2557 803 2584 personae
817 2559 870 2580 non

83 2588 280 2618 retardaretur.
307 2591 383 2618 Alias
410 2600 510 2621 rursus
541 2593 615 2629 (nam
634 2599 662 2622 et
686 2595 741 2623 huc
767 2596 869 2632 impetu

82 2634 168 2661 serrel
196 2635 368 2670 digrediendi
397 2643 477 2672 capto
508 2646 597 2673 prono
623 2639 701 2675 lapsu
727 2647 871 2676 procurrat

80 2680 193 2714 oratio).
203 2682 281 2714 alias.
296 2682 418 2717 inquam,
431 2692 528 2713 rursus
539 2686 637 2714 orabat
650 2687 808 2721 patriarcha
820 2697 870 2724 pro

83 2725 205 2758 homine,
235 2727 279 2755 cui
302 2728 407 2762 justum
440 2731 569 2758 censebat
591 2732 626 2759 ab
655 2733 819 2768 imperatore
843 2736 870 2764 id

81 2771 215 2806 indulgeri
232 2780 287 2807 quo
308 2775 416 2809 egebat,
444 2777 489 2803 sed
515 2777 644 2811 replicata
673 2780 772 2814 smpius
801 2782 869 2810 nihil

81 2817 239 2851 proﬁciebat
255 2820 358 2853 oratio;
375 2821 492 2858 01407
505 2822 558 2855 jam
577 2823 654 2858 longa
671 2825 794 2861 adeoque
809 2827 869 2855 inil-

83 2862 138 2891 ttita
171 2863 312 2891 videbatur
329 2874 398 2899 szrpc
415 2867 515 2894 frustra
544 2870 630 2901 rogati
657 2871 750 2897 auxilii
780 2880 866 2900 mora.

924 2281 996 2309 Nihil
1026 2283 1100 2309 enim
1125 2282 1159 2310 de
1184 2283 1320 2311 sententia
1338 2284 1460 2312 dimotus
1473 2284 1623 2319 imperator
1640 2285 1716 2318 fraga

924 2333 1044 2355 n'entum
1058 2329 1176 2363 petebat.
1193 2330 1346 2364 patriarcha
1358 2331 1479 2358 vicissim
1493 2332 1600 2358 veniam
1613 2331 1712 2363 orabat

926 2373 1052 2407 pauperi.
1074 2374 1162 2409 Atque
1186 2376 1342 2410 imperatori
1359 2376 1501 2403 excusanti
1530 2383 1584 2404 non
1606 2384 1667 2404 esse
1683 2376 1713 2404 id

924 2423 1014 2452 aptum
1032 2419 1116 2447 venize
1133 2420 1176 2447 isti
1208 2422 1391 2449 concedenda:
1417 2428 1535 2456 tempus,
1559 2428 1585 2449 et
1606 2421 1714 2453 diﬂ'crri,

923 2464 1063 2498 negotium
1089 2467 1223 2498 poscenti,
1254 2467 1409 2501 patriarcha
1435 2473 1527 2495 contra
1560 2468 1713 2502 I‘CpOtII‘lmL

922 2510 1025 2544 optime
1047 2511 1174 2546 conjungi
1191 2520 1253 2540 cum
1282 2514 1456 2548 pereeptionc
1480 2515 1575 2548 gratia:
1596 2522 1628 2541 ex
1654 2514 1713 2542 Deo

923 2557 1121 2592 indulgentiam
1139 2558 1166 2585 in
1183 2558 1321 2587 hominem
1339 2560 1444 2593 veniae;
1460 2564 1515 2587 tum
1533 2561 1709 2593 asseverabat

922 2610 1062 2637 nunquam
1077 2610 1106 2631 se
1123 2603 1290 2632 trihttturum
1309 2612 1420 2632 sacrant
1438 2613 1548 2640 panem,
1564 2606 1616 2634 nisi
1634 2607 1706 2641 quod

922 2648 1063 2681 prlehatur
1091 2648 1237 2683 largiretur
1262 2649 1420 2684 imperator.
1449 2650 1542 2677 Finem
1568 2656 1708 2683 certamen

922 2700 976 2720 non
987 2694 1114 2726 habebat,
1126 2695 1216 2727 quoad
1234 2695 1341 2722 tandem
1358 2696 1497 2723 intentiori
1510 2696 1710 2731 supplicatione

920 2738 1018 2766 institit
1029 2739 1168 2773 Augustus
1193 2744 1222 2766 ut
1236 2740 1287 2766 sibi
1307 2741 1384 2775 panis
1407 2741 1527 2774 daretur,
1542 2749 1594 2770 non
1607 2746 1660 2769 tam
1672 2743 1705 2769 ad

921 2792 1001 2811 usnm
1029 2784 1196 2818 fructumve,
1216 2791 1246 2812 ut
1273 2786 1374 2818 aiebat,
1402 2787 1542 2821 proprium
1566 2795 1648 2823 quam
1672 2789 1708 2818 ad

920 2829 1095 2857 oﬂ'ensionem
1106 2831 1357 2865 spcctantispopuli
1376 2832 1526 2864 vitandam,
1540 2834 1611 2868 apud
1622 2842 1704 2868 quem

919 2874 1128 2902 existimationis
1145 2875 1277 2906 iacturam
1296 2875 1411 2907 subiret.
1428 2877 1450 2905 si
1465 2885 1567 2906 vacuus
1591 2882 1616 2906 ct
1632 2879 1703 2911 sacr;
