1944 3067
73 108 124 140 869

551 104 600 134 DE
622 100 820 132 MICHAELE
840 98 1072 130 PALEOLOGO
1094 98 1165 129 LIB.
1190 99 1223 128 V.
1245 120 1248 124 .

1657 94 1710 126 870

73 165 119 190 καὶ
132 162 211 189 οὐδὲν
222 162 267 189 sta.
277 160 381 192 ἀνύειν,
400 158 628 195 περιζωσαμένου
650 157 700 193 τὴν
716 157 764 184 τοῦ
783 155 868 191 μεγά-
883 157 906 184 Δ
921 154 1114 188 ἄλλως-λόγιον
1135 155 1181 180 καὶ
1192 154 1238 179 ἐπὶ
1253 153 1309 183 τοῖς
1332 151 1476 186 πράγμασι
1492 149 1636 186 τρίϐωνα),
1652 152 1712 185 ἃμα

73 210 119 235 λου
136 208 233 238 δουκδς
254 206 333 240 ἀξίαν
344 205 391 233 τοῦ
413 204 533 239 Ἰκαρίου
547 204 653 231 καὶτὸν
675 203 768 230 στόλον
783 202 866 236 ἆγον-

73 263 130 282 τος.

74 337 127 368 κη’.
146 334 210 360 Ἔτι
226 332 261 359 τὰ
276 331 351 359 κατὰ
366 314 419 368 ὢν
435 330 722 368 ,πατριαρχεύσαντα
754 329 866 363 Ἰωσὴφ

341 366 390 393 καὶ
409 366 464 392 τὸν
476 365 601 392 Βέιικιιν.

109 436 166 463 Τοῦ
188 434 288 470 Ἰωσὴφ
312 436 341 461 δὲ
357 434 513 468 καθημένου
527 434 556 460 ἐν
571 435 603 469 τῇ
621 434 691 461 κατὰ
714 435 760 460 τδν
791 433 869 461 ’Δνά-

76 482 161 509 πλουν
178 483 259 517 μονῇ,
274 481 351 513 νόσος
364 481 542 507 ἐπεισπίπτει
555 480 593 514 τῷ
610 479 721 516 Ἰωάννῃ
738 488 869 515 πατριαρ-

75 527 167 563 χοῦντι
188 528 281 562 δεινή·
295 525 328 562 ἦν
343 527 366 553 δ’
379 526 460 557 αὐτὸς
490 527 504 553 6
530 526 632 557 Béxxo;
647 527 661 552 6
674 527 721 552 καὶ
735 526 869 561 πρότερον

77 573 269 610 χαρτοφύλαε.
286 573 341 600 Καὶ
361 573 393 608 δὴ
409 572 495 599 πολλὰ
510 572 605 598 παθὼν
619 572 665 598 καὶ
688 572 795 607 ῥαΐσας,
813 573 870 603 τοῖς

79 621 183 655 ἰατροῖς
198 620 276 652 δόξαν
293 620 321 646 ὲν
344 619 443 654 σχολῆς
458 619 533 652 τόπῳ
558 617 740 652 μετατεθέντα
757 617 803 644 τὶν
822 618 871 653 άρ-

79 666 236 699 ρωστοῦντα
249 665 309 693 κατ’
328 666 397 693 ἰδίαν
413 664 624 700 θεραπεύεσθαι,
640 663 677 698 μὴ
695 664 740 690 καὶ
757 665 773 699 ή
788 664 870 698 ἀσχο-

78 712 122 739 λία
138 712 236 747 τριὸὴν
256 712 359 747 ἐμποιῇ
380 713 412 746 τῇ
438 711 518 745 νόσῳ,
537 711 598 736 ἐπεὶ
613 710 672 742 imi.
688 710 786 745 ῥαΐσας
802 711 871 744 πρὸς

77 758 116 792 τῷ
132 758 181 784 καὶ
193 758 270 792 πόμα
287 757 331 793 [Ρ.
347 757 412 793 281]
427 756 596 792 καθαρτικὸν
612 756 813 791 προσφέρεσθαι
824 754 869 790 ἦν,

78 803 90 828 6
103 803 152 837 τῆς
170 802 281 837 Λαύρας
301 803 370 837 πρὸς
382 801 468 828 ταῦτα
483 802 566 833 τόπος
580 802 704 836 ἐκρίνετο
721 802 868 837 χρήσιμος.

81 849 136 875 Καὶ
149 850 163 875 6
188 849 238 883 μὲν
255 848 383 884 βασιλεὺς
398 849 443 875 διὰ
463 848 550 875 ταῦτα.
571 848 731 884 μεταθεῖναι
748 848 795 875 thy
816 847 871 874 ἰω-

81 894 136 929 ait?
150 895 288 928 ἐϐούλετο,
306 895 344 928 ὼς
369 895 420 922 οὐκ
435 895 573 930 εὐπρεπὲς
599 895 688 926 ἄλλως
715 894 744 921 ὂν
769 896 798 934 ὲςι
822 895 871 930 μιᾷ

82 942 150 975 μονῇ
166 941 316 975 διατρίϐειν
340 941 387 968 τόν
412 949 441 968 τε
468 941 553 977 ἀργὸν
574 942 606 967 ὲκ
626 941 810 977 πατριαρχία;
826 943 873 968 καὶ

81 987 128 1013 τὸν
147 987 197 1023 ἢδη
216 988 464 1023 πατριαρχεύοντα,
489 988 559 1015 Ἀλλ’
575 990 588 1015 6
609 988 736 1023 Ἰωάννης
750 988 808 1023 ἅμα
824 989 872 1022 μὲν

83 1033 159 1064 εἰδὼς
179 1034 209 1060 τὸ
232 1034 279 1060 τοῦ
308 1033 405 1069 Ἰωσὴφ
432 1034 534 1068 ἱλαρὸν,
557 1035 602 1061 καὶ
621 1034 659 1065 ὡς
674 1033 756 1061 αὐτοῦ
778 1034 873 1069 σχεδὶν

82 1079 276 1113 ψηφισαμένου
297 1080 399 1111 ἐκεῖνος
423 1080 459 1106 τὰ
483 1080 601 1115 πηδάλια
628 1081 678 1114 τῆς
710 1080 874 1116 Ἐκκλησίας

83 1125 221 1160 ἐλάμϐανε
238 1125 297 1161 (καὶ
311 1126 366 1161 γὰρ
381 1127 431 1161 τὴν
450 1126 498 1153 ἀπ’
515 1127 619 1153 ἐκείνου
641 1126 739 1162 βουλὴν
757 1126 841 1153 θέλων
861 1129 874 1153 6

83 1170 194 1205 κρατῶν
221 1171 373 1206 λαμϐάνειν
403 1173 466 1207 περὶ
493 1171 639 1207 προσώπου
669 1171 873 1204 διεπυνθάνετο,

85 1218 213 1250 κάκεῖνος
236 1218 332 1246 τοῦτον
352 1220 428 1254 παρὰ
442 1221 506 1252 τοὺς
531 1220 646 1253 πολλοὺς
671 1221 813 1256 ἐξελέγετο
837 1221 875 1253 ὡς

86 1314 188 1336 terram
214 1311 362 1345 quolaunis
387 1311 493 1340 invecta
519 1319 579 1339 eam
606 1313 740 1345 vastabat.
769 1314 877 1342 damnis

86 1353 207 1382 alliciens
231 1356 408 1391 ingentibus;
439 1365 489 1386 nec
509 1358 644 1386 Gulielmo
670 1360 788 1394 spatium
814 1369 877 1395 pro-

87 1402 168 1435 spere
191 1402 341 1437 quidquam
360 1404 457 1438 ago-udi
480 1412 511 1432 ac.
535 1413 568 1432 ne
592 1407 743 1440 respirandi
766 1408 875 1442 quidem

85 1447 170 1474 dabat
195 1447 285 1475 hostis
305 1450 328 1476 ci
345 1449 490 1484 oppositus
507 1451 622 1486 impiger
643 1452 756 1485 lcarius,
785 1454 875 1489 magni

83 1492 140 1527 jam
160 1493 239 1521 ducis
256 1499 389 1530 potestate
400 1497 516 1524 classem
535 1497 663 1524 (luctans.

103 1561 149 1589 28.
173 1561 273 1588 Rursus
287 1562 319 1589 de
331 1564 521 1598 expalriarclta
537 1564 651 1600 .Ioseplw
664 1572 688 1594 et
709 1567 741 1594 de
763 1567 857 1596 Vetto.

121 1628 283 1658 Diversante
300 1638 392 1665 porro,
410 1635 440 1659 ut
455 1633 556 1660 dictum
575 1639 626 1666 est,
642 1634 761 1670 Josepho
776 1636 802 1663 in
821 1645 879 1664 mo-

87 1676 207 1703 nasterio
222 1677 255 1703 ad
273 1677 408 1711 Anaplum
427 1678 491 1710 sito,
513 1680 609 1707 morbo
633 1682 781 1716 corripitur
802 1684 878 1718 gravi

87 1720 210 1747 Juntlnl‘s
233 1723 407 1754 patriarcha,
435 1723 538 1751 Vcccus
565 1726 710 1758 nimirum,
736 1728 806 1754 idem
833 1729 878 1762 qui

62 1802 64 1805 Ι
87 1766 282 1801 cliartopliylax
301 1767 375 1800 prius
390 1767 488 1796 fuerat.
506 1768 558 1796 Per
568 1778 630 1797 cum
646 1771 802 1807 languorem
817 1781 878 1800 cum

89 1812 173 1838 multa
190 1813 229 1839 \‘rl
245 1812 328 1848 414
343 1822 356 1840 a
375 1814 448 1842 malo
465 1815 524 1850 ipso
540 1816 580 1843 vel
604 1824 618 1843 a
641 1818 770 1846 remediis
783 1827 880 1853 passus

89 1857 249 1884 meliuscule
272 1858 328 1892 jam
355 1859 455 1887 habere
481 1861 630 1894 videretur,
657 1863 770 1891 medicis
792 1864 879 1892 visum

90 1903 231 1930 transferri
247 1911 349 1938 :egrum
365 1910 490 1939 oportere
505 1906 532 1934 in
549 1908 693 1935 seductum
707 1916 723 1937 a
739 1910 817 1937 turba
832 1918 881 1938 ne-

89 1950 225 1983 gotiorum
241 1950 343 1984 locum,
358 1952 404 1979 ubi
421 1953 513 1980 curari
527 1961 574 1988 per
589 1955 675 1982 otium
691 1963 793 1990 posset,
807 1959 881 1985 nulla

91 1995 283 2030 interpellante
310 1998 434 2026 molestia
463 1999 687 2033 quotidianarum
722 2005 882 2038 occupatio-

90 2049 168 2068 num.
180 2041 361 2070 Decrcverant
379 2048 470 2072 autem
488 2045 513 2071 in
527 2045 578 2073 ista
590 2047 613 2074 ei
628 2048 721 2081 quiete
735 2050 882 2084 propinare

92 2088 235 2122 purgantia
252 2091 375 2123 qua-dam
394 2090 552 2124 pltarmaca,
570 2093 656 2120 morbi
675 2094 800 2123 videlicet
817 2097 881 2123 reli-

90 2134 172 2167 quias
188 2140 214 2160 et
236 2136 332 2161 noxios
356 2135 487 2164 humores
502 2137 562 2172 rjus
579 2145 675 2167 causas
691 2139 813 2169 funditus
830 2151 879 2170 ex-

92 2179 235 2206 haustura.
254 2178 384 2207 Secessus
402 2189 482 2215 porro
504 2183 537 2209 ad
563 2191 623 2211 eam
648 2192 703 2213 rem
722 2188 880 2221 aptissimus

93 2224 181 2252 Laura
193 2227 339 2260 putabatur
350 2228 445 2254 eadem
458 2228 502 2255 illa
519 2228 562 2256 ubi
581 2230 694 2266 degebat
707 2234 751 2267 qui
766 2235 882 2268 patriar-

91 2271 142 2298 cha
168 2270 257 2299 fuerat
283 2271 431 2308 Josephus,
457 2283 537 2307 quem
563 2275 625 2304 ideo
649 2277 795 2313 imperator
817 2282 880 2310 alibi

92 2317 226 2344 collocare
243 2323 388 2351 statuerat,
406 2319 477 2347 haud
492 2326 705 2351 consentaneum
722 2326 882 2355 existimans

92 2363 188 2391 eodem
214 2364 345 2399 hospitari
371 2366 512 2395 domicilio
540 2368 710 2397 decessorcm
738 2379 881 2400 successo-

93 2417 205 2445 remque
221 2411 433 2445 patriarchatus.
454 2412 555 2441 Verum
571 2413 691 2444 Joannes
708 2417 788 2445 simul
806 2426 882 2446 com-

93 2460 199 2490 pertam
224 2457 328 2485 habens
352 2465 457 2485 comem
485 2459 654 2496 hilaremque
670 2462 780 2497 Josephi
806 2465 883 2493 indo-

95 2503 157 2532 lem.
171 2503 253 2530 simul
265 2504 392 2531 conscius
403 2505 461 2538 ipso
473 2511 575 2533 tantum
588 2514 641 2534 non
653 2508 726 2535 clare
738 2510 883 2545 palamque

94 2548 261 2583 suitragaute
278 2557 338 2577 sese
355 2558 442 2585 nuper
456 2553 488 2577 ad
505 2551 632 2580 Ecclesiae
649 2553 734 2581 fuisse
748 2555 884 2590 guberna-

93 2595 155 2622 cula
172 2601 328 2630 piomotum
345 2596 456 2631 (ctenim
470 2596 581 2633 Joseplii
597 2600 758 2627 sententiam
773 2601 806 2628 de
820 2610 883 2630 suc-

95 2649 205 2668 cessore
230 2641 325 2668 volens
350 2642 499 2676 imperator
525 2644 683 2679 explorare.
708 2647 885 2675 consuluerat

93 2696 155 2714 eum
173 2688 208 2714 de
224 2695 339 2722 persona
356 2696 435 2722 quam
454 2689 477 2716 ei
496 2690 600 2716 muneri
622 2694 712 2724 aptam
730 2691 882 2726 judicaret;

93 2739 120 2762 ct
135 2734 274 2768 Jo.~eplius
290 2735 408 2762 Veccum
435 2743 490 2768 pra:
512 2735 605 2763 multis
629 2736 662 2763 ad
680 2736 706 2763 id
722 2738 842 2773 elegerat
856 2745 885 2767 ut

93 2786 118 2809 et
131 2782 235 2816 alioqui
248 2782 380 2809 disertum
393 2790 425 2810 ac
435 2783 557 2816 doctum,
570 2787 698 2815 praeterea
712 2786 882 2820 negotiorum

93 2826 334 2855 adininistratlone
363 2827 475 2862 tritum,
500 2827 617 2864 denique
644 2834 742 2864 praeter
768 2837 884 2866 caetera,

920 200 970 236 μὲν
993 199 1040 228 οὖν
1062 201 1107 227 διὰ
1124 200 1222 231 ταῦτα,
1248 199 1306 234 ἆμα
1328 198 1355 225 δὲ
1383 198 1430 224 καὶ
1444 198 1484 233 τῷ
1501 198 1550 232 τῆς
1576 198 1710 233 σφετέρας

919 245 1033 281 γνώμης
1049 245 1186 273 πιστεύων
1201 244 1344 280 εῑρηνικῷ,
1361 243 1510 270 διεκώλυσε
1527 245 1576 278 μὲν
1587 245 1632 271 τὸν
1652 245 1710 271 Ἰω-

920 292 975 328 σὴφ
995 292 1199 328 μετατίθεσθαι,
1217 292 1289 318 οὕτω
1311 290 1333 317 δ’
1360 291 1438 321 ὄντος
1452 290 1544 316 ἐκεῖσε
1567 291 1614 316 καὶ
1631 289 1713 321 αὐτὸς

918 341 952 374 τῇ
972 340 1040 374 μονῇ
1056 339 1177 373 ἐπιδημεῖ,
1196 338 1242 364 καὶ
1253 335 1287 373 ἦν
1304 337 1333 362 τὸ
1350 337 1404 363 ἀπὸ
1416 336 1491 363 τοίδε
1510 337 1555 362 καὶ
1571 345 1711 372 προσαπο-

920 386 1040 412 στέλλων
1060 385 1125 420 πρὸς
1151 384 1261 420 Ἰωσὴφ,
1284 384 1330 410 καὶ
1343 385 1391 415 τὰς
1409 383 1457 410 ἀπ’
1469 383 1576 410 ἐκείνου
1592 383 1712 417 inexpl—

921 439 979 462 σεις
997 431 1169 465 φιλοφρόνως
1183 428 1231 458 καὶ
1253 430 1324 465 μετὰ
1340 430 1506 465 προσηνείας
1526 429 1615 465 πάσης
1638 429 1714 464 δεχό-

921 485 1013 511 μενος.
1034 474 1088 503 Ἦν
1111 477 1166 511 γὲρ
1194 478 1208 503 6
1232 476 1303 511 ἀνὴρ
1328 477 1432 507 ἐκεῖνος
1457 476 1597 510 εἰρηνικός
1614 484 1644 502 τε
1666 475 1714 501 καὶ

921 523 1023 559 ἱλαρὸς,
1043 525 1091 550 καὶ
1118 523 1247 550 τοσοῦτον
1276 524 1309 559 τῇ
1342 523 1391 558 τῆς
1422 523 1585 557 Exul-quiat;
1612 522 1713 558 πράξει

920 571 1058 606 ἀπήχθετο
1071 570 1141 597 ὥστε
1156 570 1218 605 μηδ’
1233 569 1410 605 αἰσχύνεσθαι
1427 569 1556 600 πολλάκις
1571 569 1714 604 ὁμολοχιϊν

919 617 967 643 τὸν
981 618 1062 652 ὅρκον
1070 616 1199 650 γενέσθαι
1209 616 1340 651 κωλύμην
1349 615 1396 642 τοῦ
1410 615 1459 642 καὶ
1475 615 1556 642 αὑτὸν
1570 616 1599 642 ὲν
1609 615 1715 646 τούτοις

922 662 1002 693 εἶναι,
1021 664 1081 689 ἐπεὶ
1096 662 1179 689 πλέον
1191 663 1241 689 οὐκ
1257 661 1290 698 ἦν
1312 662 1439 696 γενέσθαι
1454 662 1507 688 τῶν
1526 661 1714 697 πραχθέντων,

921 710 957 741 ὡς
985 709 1189 745 ὑπελάμϐανεν.
1225 710 1269 736 Ἐν
1284 709 1389 740 τούτοις
1415 709 1516 743 διάγων
1542 710 1556 735 6
1587 709 1716 743 Ἰωάννης

923 756 1010 783 πολλὰ
1027 756 1076 790 μὲν
1092 755 1258 790 γραμμάτια
1273 756 1314 788 εις
1335 757 1429 791 χεῖρας
1446 754 1503 791 εἶχε
1524 755 1682 790 λαμϐάνων,
1698 755 1717 782 ἃ

923 802 955 837 δὴ
972 804 1018 829 καὶ
1032 803 1056 829 οἱ
1073 803 1231 837 σχιζόμενοι
1245 803 1394 835 ἐξετίθουν,
1410 803 1563 833 δεικνύντες
1578 803 1627 837 τὴν
1645 803 1717 837 πρᾶ-

925 849 965 882 ξιν
981 849 1017 880 ὡς
1034 849 1174 884 σφαλερὰν
1195 850 1243 875 καὶ
1266 849 1335 875 Θεοῦ
1362 850 1458 884 πόρῤω
1480 849 1641 884 βάλλουσαν,
1658 848 1717 883 ἅμα

922 894 949 920 δὲ
965 894 1018 921 καὶ,
1029 895 1092 925 τοὺς
1116 895 1233 926 Ἰταλοὺς
1249 895 1360 929 ἐνὸχο,-ς
1374 895 1513 929 αἱρέσεσιν
1528 895 1559 921 οὐ
1576 903 1718 922 συνεσκια-

924 941 1035 974 σμέναις
1051 941 1139 972 ἄλλως
1156 941 1202 967 καὶ
1218 941 1390 976 ἀμφιῦόλοις,
1406 941 1464 968 ἀλλ’
1476 942 1612 976 ἐμφανέσι
1624 950 1654 967 τε
1670 943 1717 968 καὶ

922 986 1075 1021 λαμπραῖς.
1095 985 1174 1021 Εἶχον
1191 987 1219 1013 δὲ
1241 987 1290 1013 καὶ
1307 987 1362 1014 ἀπὸ
1383 987 1499 1022 Γραφῶν
1513 988 1550 1019 ὡς
1567 988 1648 1023 δῆθεν
1668 989 1718 1020 τὰς

924 1032 1084 1065 ὑποδείξεις,
1099 1032 1131 1064 ἃς
1146 1034 1192 1059 καὶ
1209 1033 1431 1069 κατεστρώννυον
1445 1034 1649 1070 συνεχέστερον,
1666 1035 1718 1062 κᾶν

924 1079 976 1105 πού
997 1087 1022 1105 τι
1048 1080 1096 1106 καὶ
1119 1079 1207 1113 ἁγίοις
1232 1080 1336 1116 ἐρρήθη
1354 1080 1550 1115 θεληματικὸν,
1575 1081 1646 1108 εἴποι
1662 1089 1716 1113 τις,

925 1125 974 1151 καὶ
991 1125 1022 1151 τὸ
1037 1126 1107 1152 κατὰ
1125 1127 1195 1160 σφᾶς
1211 1125 1347 1160 παριστάν
1372 1126 1454 1157 ἰδίως,
1470 1126 1508 1158 ὡς
1524 1126 1589 1161 περὶ
1605 1127 1718 1162 εἰρήνης

924 1168 980 1198 οἷον
994 1170 1032 1202 ὡς
1048 1172 1219 1206 εἰρηνευτέον
1239 1172 1289 1206 μὲν
1306 1172 1374 1198 ὅπου
1396 1172 1433 1208 μὴ
1449 1172 1514 1199 Θεὸν
1532 1173 1717 1208 ζημιούμεθα,

926 1217 974 1243 καὶ
992 1218 1160 1253 πολεμητέον
1176 1217 1252 1250 αὒθ.ς
1270 1218 1336 1245 ὅπου
1355 1218 1520 1254 ζημιοῦσθαι
1545 1220 1611 1247 Θεὸν
1628 1220 1719 1248 κινδυ-

927 1307 998 1342 quod
1015 1307 1075 1342 ejus
1093 1308 1243 1342 tranquillo
1256 1313 1282 1335 ct
1295 1309 1419 1336 studioso
1435 1309 1510 1344 pacis
1526 1310 1636 1345 ingenio
1653 1318 1720 1338 con-

927 1354 1044 1389 ﬁderet),
1057 1355 1123 1384 hanc.
1132 1355 1252 1389 inquam,
1262 1354 1381 1382 Joannes
1395 1362 1523 1390 reputans
1534 1358 1639 1384 obstitit
1651 1365 1720 1393 quo-

929 1401 1021 1428 minus
1036 1401 1098 1427 iude
1112 1400 1246 1436 Joscpltus
1261 1405 1444 1429 amovi‘retur.
1463 1401 1510 1428 Illo
1525 1402 1605 1436 igitur
1621 1404 1719 1431 ibidem

928 1448 1122 1478 permanente.
1152 1446 1248 1472 eodem
1277 1450 1304 1472 et
1332 1445 1390 1479 ipse
1420 1446 1549 1480 divertit,
1579 1448 1722 1475 missitans

891 1501 911 1529 ο
928 1489 1044 1517 subinde
1059 1489 1195 1518 olliciosas
1220 1490 1253 1516 ad
1274 1499 1334 1517 cum
1361 1492 1547 1525 salutationes,
1567 1498 1594 1520 et
1612 1497 1722 1521 mutuas

929 1536 964 1562 ab
978 1535 1037 1570 ipso
1052 1537 1189 1564 comitatis
1203 1536 1411 1565 humanissima:
1423 1539 1638 1574 signiﬁcationes
1652 1543 1720 1567 reci-

929 1580 1016 1614 piens.
1030 1579 1096 1608 Erat
1106 1581 1179 1608 enim
1192 1580 1327 1616 Josephus
1341 1582 1408 1609 adeo
1419 1584 1539 1617 paciticaa
1554 1583 1720 1618 placidteque

929 1631 1043 1659 naturae,
1070 1631 1100 1653 ut
1122 1634 1155 1654 co
1179 1628 1251 1661 quod
1277 1627 1409 1655 hactenus
1433 1628 1552 1656 Ecclesia
1569 1635 1662 1664 egerat
1686 1630 1720 1657 ad

930 1680 1024 1707 pacem
1061 1673 1179 1700 oblalatn
1209 1673 1417 1701 disturbandam
1444 1675 1644 1708 ollendcretur,
1671 1684 1722 1703 nec

929 1719 1033 1746 vetitus
1049 1719 1146 1747 luisset
1163 1720 1241 1747 lateri
1266 1721 1366 1755 saepius
1383 1727 1422 1753 se,
1441 1721 1490 1747 nisi
1515 1728 1722 1757 prazoccupatus

928 1765 1076 1800 juramenti
1101 1774 1115 1792 a
1141 1773 1172 1794 se
1198 1766 1287 1801 palam
1312 1766 1377 1794 editi
1402 1767 1531 1802 religione
1556 1767 1664 1802 fuisset,
1686 1771 1720 1795 ait
1741 1766 1744 1769 ’

930 1812 1022 1839 omnia
1050 1811 1136 1840 fuisse
1163 1820 1341 1840 assensurum
1365 1821 1373 1840 :
1397 1821 1447 1841 nec
1470 1814 1542 1841 enim
1559 1814 1641 1850 415
1664 1815 1720 1849 jam

932 1859 1121 1892 suspicabatur
1147 1860 1219 1894 quod
1245 1864 1325 1887 antea
1353 1859 1498 1892 timuerat.
1524 1868 1580 1887 rem
1605 1861 1722 1888 ulterius

931 1912 1122 1939 processuum
1147 1912 1228 1939 quam
1255 1913 1310 1939 quo
1336 1909 1409 1932 esset
1435 1905 1568 1933 hactenus
1585 1912 1720 1941 promota.

933 1951 970 1977 Eo
985 1952 1067 1985 igitur
1084 1951 1204 1986 hospitio
1219 1950 1339 1979 Joannes
1357 1955 1448 1983 utens,
1464 1952 1565 1979 multos
1581 1953 1607 1979 in
1624 1961 1723 1981 manus

932 1999 1048 2033 sumpsit
1062 1998 1180 2033 legitque
1192 1998 1298 2026 libellos
1312 1998 1347 2026 ab
1370 1998 1403 2026 iis
1417 1998 1583 2033 compositos
1599 1999 1645 2034 qui
1661 2007 1724 2034 per-

933 2044 1093 2071 severabant
1110 2045 1137 2071 in
1153 2045 1320 2078 schismate;
1343 2052 1460 2079 quorum
1485 2049 1543 2072 erat
1559 2052 1659 2079 scopns
1677 2053 1721 2073 os-

933 2090 1042 2118 tendere
1058 2095 1213 2125 suspeetuui
1230 2091 1282 2118 hoc
1299 2094 1385 2117 totum
1402 2090 1478 2125 pacis
1494 2091 1631 2125 negotium
1651 2098 1724 2124 esse,

934 2137 1066 2170 longeque
1091 2144 1106 2163 a
1134 2137 1188 2164 Deo
1211 2143 1243 2162 ac
1267 2142 1331 2163 vera
1358 2135 1487 2171 religione
1503 2144 1550 2163 nos
1567 2136 1725 2171 abducens;

934 2187 1063 2217 praeterea
1088 2181 1170 2209 Italos
1195 2182 1335 2209 liaareseon
1363 2181 1449 2209 teneri
1476 2190 1548 2215 reos,
1573 2190 1724 2218 earumque

934 2238 987 2256 non
1005 2229 1174 2256 occultarum
1190 2233 1237 2255 aut
1253 2228 1308 2255 ullo
1329 2228 1410 2255 modo
1433 2227 1589 2260 dubiarum,
1603 2229 1651 2255 Sed
1668 2229 1724 2256 evi—

934 2277 1055 2304 dentium
1078 2280 1105 2303 et
1122 2275 1273 2302 meridiana
1300 2275 1423 2302 claritate
1440 2279 1651 2310 compertarum.
1669 2275 1725 2302 Ta—

934 2322 999 2350 lium
1018 2325 1185 2349 assertorqu
1203 2321 1367 2349 documenta
1380 2329 1409 2349 se
1428 2321 1527 2349 habere
1551 2321 1656 2349 scilitet
1669 2321 1729 2349 εἰει

934 2368 1000 2395 bant
1028 2367 1172 2396 manifesta
1196 2368 1331 2402 planeque
1356 2367 1544 2395 convincentia
1571 2367 1728 2395 testimonia

934 2415 1096 2450 scriptorum
1120 2414 1351 2447 authenticorum,
1367 2421 1427 2449 qme
1447 2419 1475 2441 et
1496 2413 1641 2441 ambitiose
1658 2421 1723 2440 con-

935 2465 1056 2489 texentes
1071 2461 1252 2496 proferebant.
1270 2460 1308 2486 Ac
1326 2460 1347 2487 si
1364 2460 1436 2495 quod
1453 2463 1610 2495 sanctorum
1635 2467 1727 2487 assere

935 2513 991 2535 tum
1014 2508 1039 2534 in
1059 2507 1227 2535 contrarium
1254 2513 1445 2541 opponeretur,
1463 2506 1580 2541 primum
1605 2506 1731 2541 excipie-v

935 2555 1000 2582 baut
1023 2554 1211 2585 arbitrarium,
1229 2558 1258 2580 ut
1271 2554 1332 2587 quis
1353 2554 1463 2586 dixerit,
1479 2553 1504 2580 id
1527 2561 1599 2585 esse,
1619 2553 1670 2580 hoc
1685 2557 1728 2580 es!

935 2609 985 2636 pro
1009 2601 1066 2628 sola
1089 2592 1230 2628 voluntate
1254 2600 1314 2635 paci
1337 2600 1503 2627 studentium
1518 2601 1551 2626 ad
1574 2599 1732 2626 concordiae

936 2647 1034 2674 oblatae
1051 2646 1302 2681 eomprobatlonem
1318 2645 1531 2673 accommodari.
1550 2644 1651 2672 Deinde
1661 2652 1727 2671 con-

935 2693 1068 2720 cedebaut
1099 2692 1251 2720 faciendun!
1281 2699 1347 2719 sane
1373 2700 1483 2726 pacem,
1509 2692 1555 2719 sed
1581 2697 1645 2719 tunc
1667 2697 1727 2719 latt-

937 2746 1003 2775 tum,
1027 2742 1137 2776 quando
1159 2749 1213 2768 non
1236 2740 1390 2775 exigeretur
1406 2747 1556 2768 consensus
1574 2740 1600 2767 in
1627 2740 1652 2767 id
1672 2746 1731 2775 quo

938 2788 1020 2815 Deum
1043 2787 1142 2815 oll‘endi
1165 2792 1323 2814 constaret:
1351 2795 1438 2822 neque
1459 2787 1532 2814 enim
1559 2787 1605 2813 Dei
1619 2787 1727 2821 jactura

936 2835 1006 2863 bene
1036 2834 1263 2870 trauquillitalem
1290 2835 1363 2869 emi;
1389 2836 1527 2870 satiusque
1555 2834 1641 2862 mullo
1664 2839 1728 2862 esse
