1944 3067
100 112 143 141 8??)
550 109 598 139 DE
621 108 818 139 MICHAELE
841 107 1070 159 PALAEOLQGO
1092 108 1164 138 LIB.
1189 109 1220 138 Υ.

1653 105 1704 136 δτι

101 167 224 194 κοινωνεῖν
240 166 356 198 ἐκείνοις
372 165 427 192 τῶν
444 165 623 201 χαρισμάτων
640 165 685 192 τοῦ
703 166 870 200 Πνευματος·
887 166 910 194 Α
923 173 988 196 των,
1006 165 1043 200 μὴ
1058 165 1097 191 ὅτι
1110 173 1141 198 γε
1156 164 1209 190 τῶν
1226 163 1371 199 γνωρίμων
1385 163 1496 197 συχνοὺς
1513 163 1549 193 εἰ,
1565 162 1706 196 παράλη-

97 215 109 240 ὂ
124 215 164 241 καὶ
178 215 231 244 τοῖς
244 215 308 247 περὶ
325 213 429 239 ἐκεῖνον
441 213 488 238 καὶ
501 211 603 244 λοιποῖς
618 212 707 243 ἄλλοις
720 212 769 239 οὐκ
782 210 870 238 οἰστὸν

96 259 136 296 ἦν,
153 260 198 286 Διὰ
214 258 295 285 τοῦτο
311 260 357 285 καὶ
369 258 509 294 ὁσημέραι
523 258 741 294 προσφοιτῶντες
756 257 871 293 ἀνεθάρ-

97 308 165 340 ῥυνον
182 305 263 330 πλέον
285 305 352 339 πρὸς
370 304 398 331 τὶ
410 304 511 335 τελέως
525 304 678 340 σχίζεσθαι.
694 303 772 330 Τοῦτ’
788 304 871 329 ἀκου-

98 352 150 377 σθεν
161 350 196 385 τῷ
211 350 368 385 κρατοῦντι,
388 351 401 376 ὁ
421 349 449 376 δὲ
465 349 653 384 πληροφορίαν
667 349 718 384 τὴν
738 349 777 379 εἰς
801 348 872 374 ὲκεῖ-

97 405 135 422 νον
147 396 249 430 ἐκείνην
264 394 354 428 ἀφεὶς,
371 394 418 420 καὶ
432 394 462 420 τὸ
478 395 525 421 ἐπὶ
540 394 645 425 πολλοῖς
660 393 871 428 συγκεχωρηκὸς

97 444 124 468 ἐκ
146 442 296 476 προθέσεως
312 441 342 467 οὐ
359 441 430 468 πάνυ
456 441 582 476 μετρίας,
604 440 642 471 ὡς
664 440 694 466 οὑ
711 440 802 466 δίκαια
818 438 871 465 πά-

98 497 160 522 σλων
180 487 384 522 κατεμέμφετο.
399 487 423 513 εί
438 486 519 517 αὐτὸς
542 486 592 520 μὲν
607 485 749 520 συνήδεταί
770 486 793 512 οἱ
811 486 870 516 ταῖς

99 533 274 561 ἀναπαύσεσιν
292 533 329 562 ὡς
346 532 420 563 εἰκὸς
438 531 718 567 προσαποδεχόμενος,
735 531 835 561 ἐκεῖνος
847 529 870 556 δ’

96 579 201 613 ἀνδράσι
230 577 414 612 προσφέρεται
445 576 569 611 εὐμενῶς
599 575 646 601 κο.)⁸
667 575 774 605 οίκείως
800 575 870 600 πάνυ

97 625 156 652 πολῇ
171 624 200 650 τὸ
213 623 281 657 πρὸς
296 623 379 648 αὑτὸν
394 622 532 656 διεστηκὸς
555 621 672 656 ἔχουσιν,
689 620 759 647 ὥστε
780 621 826 646 καὶ
841 619 871 645 τὸ

97 671 169 705 σῶμα
179 669 360 703 κατατέμνειν
376 668 423 701 τῆς
445 667 618 701 Ἐκκλησίας.
636 667 743 701 Χρῆναι
761 665 782 692 δ’
799 665 871 691 ὲκεί-

96 724 150 746 νους
165 714 248 748 αὐτῷ,
268 714 312 739 καὶ
337 712 374 748 pi]
398 713 478 738 αὐτὸν
503 713 594 746 σφίσιν
620 711 743 742 ἕπεσθαι,
764 711 872 746 ἐχθροῖς

95 760 219 795 ὁριόήλως
234 759 294 786 οὖσι
309 759 356 784 καὶ
369 758 415 784 ἐπὶ
427 758 484 789 τοῖς
500 758 640 792 μεγίστοις
654 757 870 792 διαφερομένοις.

96 804 257 840 Προειπεμπε
285 803 375 830 τοίνυν
399 803 461 833 τοὺς
490 803 659 837 ἀπεροῦντας
683 802 721 837 μὴ
747 801 872 835 δέχεσθαι

94 851 158 884 api;
173 869 180 880 ,
192 849 225 884 ἢν
242 848 317 884 μέλοι
331 848 354 874 οἱ
372 847 419 874 τοῦ
437 847 498 874 καθ’
514 847 630 883 ἡσυχίαν
646 847 794 881 καθῆσθαι.
818 848 874 874 Ίω-
889 838 910 865 Β

94 895 178 930 «me
199 893 378 928 ἁπεκρίνατο,
396 893 428 928 ἢν
451 893 532 920 αὐτόν
552 901 580 919 τε
607 894 775 927 περιορῖζειν
800 892 873 919 θέλοι

94 941 137 967 καὶ
160 940 222 970 τοὺς
251 938 320 974 ἀμφ’
348 938 439 970 αὐτὸν,
471 938 607 965 οὕτωκαὶ
624 938 781 972 ἀναγκαίως
810 938 874 969 τοὺς

93 986 250 1020 προσιόντας
264 985 304 1019 μὴ
317 983 453 1019 δέχεσθαι,
471 983 604 1019 πρότερον
616 984 638 1010 δ’
653 984 684 1010 οὐ
698 983 788 1014 καλῶς
801 984 874 1018 ἔχειν

93 1031 313 1067 κατηγορεῖσθαι,
336 1030 368 1065 ἦν
392 1038 468 1061 τινας
492 1030 655 1065 προσιόντας
683 1030 730 1056 καὶ
753 1030 872 1065 δέιηιτο·

92 1079 212 1113 ἀνάγκην
226 1078 282 1113 γὰρ
302 1074 373 1104 εῖναι
392 1077 563 1112 προσᾳοιτᾷν
578 1076 653 1111 σφίσι
668 1076 714 1103 καὶ
727 1076 780 1103 τῶν
793 1076 876 1111 ἀγνώ-

90 1167 173 1203 εηιὶιι
186 1166 274 1194 sancti
300 1165 442 1200 Spiritus;
456 1164 528 1199 quod
540 1168 567 1191 et
587 1163 621 1191 iis
636 1163 682 1198 qui
699 1163 771 1191 circa
787 1163 876 1198 ipsum

90 1218 165 1241 erant
179 1217 205 1240 et
228 1212 341 1247 reliquis
351 1211 413 1238 aliis
437 1210 580 1238 videbatur
592 1210 770 1238 intolerabile.
787 1209 878 1243 Quare

88 1260 175 1295 ipsum
185 1258 305 1294 quotidie
314 1257 444 1285 adeuntes
455 1257 536 1284 etiam
547 1261 628 1291 atque
640 1256 722 1284 etiam
733 1261 875 1292 urgebant,

90 1312 118 1333 ut
130 1307 208 1341 plane
230 1313 260 1333 se
281 1312 312 1332 ac
331 1304 421 1339 palam
437 1303 610 1331 absriuderet
625 1303 657 1330 ab
670 1303 745 1331 omni
760 1311 876 1331 consue-

89 1352 182 1379 tudine
201 1356 303 1385 partem
320 1349 487 1377 contrariam
503 1349 678 1378 sectantium.
694 1348 722 1376 Id
739 1357 803 1377 vero
825 1350 878 1378 sibi

88 1398 242 1425 nuntiatutn
273 1397 423 1431 imperator
455 1395 568 1431 gravius
591 1395 698 1431 accepit
714 1403 796 1431 quam
828 1404 878 1432 pro

87 1449 184 1472 caetera
197 1450 247 1470 sua
270 1443 295 1469 in
318 1449 380 1468 eum
396 1442 529 1468 hactenus
547 1441 736 1468 demonstrata
759 1442 877 1469 benevo-

88 1490 171 1516 lentia
182 1494 210 1516 et
232 1489 295 1521 fide,
309 1488 423 1522 culpans
438 1487 466 1514 in
481 1495 514 1514 eo
532 1487 603 1522 quod
623 1487 705 1515 nimis
717 1495 747 1515 se
771 1487 876 1515 facilem

86 1535 218 1570 p--:eberet
230 1533 328 1561 studiis
341 1533 515 1560 factiosorum
529 1541 536 1566 ;
553 1533 580 1560 in
595 1540 649 1567 quo
663 1534 721 1568 ejus
733 1541 798 1560 cum
809 1542 874 1568 pru-

86 1581 206 1608 dentiam
229 1579 464 1613 constan'iamque
483 1578 649 1613 requirebat.
674 1583 730 1605 tum
747 1585 876 1614 prtem-rea

85 1628 253 1663 querebatur
269 1627 368 1662 injuste
381 1627 414 1654 ab
426 1634 457 1654 eo
468 1634 560 1654 secum
574 1627 628 1661 agi.
642 1626 689 1661 qui
701 1626 725 1653 ei
741 1631 793 1653 tam
810 1627 877 1653 libe«

86 1682 145 1701 ram
163 1673 407 1708 tranquillamque,
423 1673 495 1708 quod
510 1681 540 1700 ea
559 1673 647 1708 ipsum
663 1674 779 1709 gaudere
803 1674 877 1700 arbi-

85 1726 218 1752 traretur,
230 1720 348 1755 quietem
359 1728 390 1747 ae
402 1720 591 1747 securritatetn
603 1720 678 1747 daret
693 1730 699 1747 :
711 1720 770 1754 ipse
784 1725 875 1747 autem

84 1774 140 1792 non
157 1765 298 1793 dubitaret
314 1773 362 1793 uec
381 1772 500 1793 cessaret
515 1766 542 1792 in
558 1766 681 1792 intimam
696 1767 748 1793 etia
762 1775 777 1792 ιι
794 1766 876 1793 fami-

85 1812 232 1839 liaritatem
255 1811 398 1839 admittere
421 1812 556 1844 homines,
580 1813 706 1847 aquibus
723 1813 802 1848 longe
823 1812 876 1839 alia

83 1858 270 1885 sentientibus
287 1863 312 1884 ct
333 1858 359 1884 in
380 1858 544 1885 contrariam
569 1863 625 1885 toto
645 1858 705 1885 nisu
729 1859 875 1886 factionem

82 1904 311 1931 incumbentibus
337 1912 437 1940 corpus
461 1904 589 1932 Ecclesia:
618 1906 792 1938 laceraretur,
813 1913 874 1932 ctnu

83 1951 178 1984 potius
198 1951 370 1985 oportuisset;
389 1951 479 1985 ipsum
504 1959 552 1985 pro
573 1951 734 1978 auctoritate
748 1959 796 1978 sua
811 1951 876 1979 dare

81 2004 198 2030 operam
220 2000 250 2022 ut
271 1996 310 2022 illi
334 2003 394 2023 sese
418 1995 469 2029 ipsi
487 1995 727 2023 accommodarent
749 1997 876 2030 acquies-

79 2042 173 2068 cendo
185 2041 293 2076 publice
312 2041 427 2069 decretis
455 2047 481 2068 ct
502 2041 646 2076 tranquille
668 2041 793 2073 vivendo,
822 2051 875 2070 uon

79 2092 178 2114 autent
191 2087 361 2113 committere
373 2091 400 2113 ut
412 2087 536 2121 exemplo
548 2094 642 2114 eorutn
654 2087 875 2122 turbulentisque

79 2134 213 2161 consiliis
222 2133 307 2167 abripi
319 2133 407 2167 ipsum
419 2137 446 2160 et
456 2133 633 2169 parte-.5418
646 2134 732 2167 palam
742 2133 819 2168 sequi
828 2134 876 2160 ho-

923 218 975 238 σιν.
995 210 1030 236 Ἢ
1049 210 1115 243 γοῦν
1131 209 1309 245 περιορίζειν,
1325 209 1349 234 εί
1366 208 1448 240 θέλοι,
1465 208 1480 242 ἥ
1496 207 1588 234 ἄνετον
1604 208 1707 241 ἀεξέντα

922 255 1118 282 ἀκαταιτίατον
1144 255 1181 290 μὴ
1213 254 1381 289 μέμφεσθαι.
1407 253 1500 281 Ταῦτα
1517 253 1576 288 πμὲν
1608 252 1707 288 Ἰωσὴφ

921 300 1098 336 ἀπεκρίνατο,
1115 300 1145 326 οὐ
1164 301 1202 335 τῷ
1220 300 1301 326 πλέον
1319 300 1360 331 εῐς
1376 299 1526 334 κακουχίαν
1542 299 1596 326 τῶν
1609 300 1709 332 παρόν·

921 354 975 371 των
996 345 1110 378 ἐθέλειν,
1130 346 1197 372 ἀλλὰ
1213 346 1350 372 πιστεύων
1368 347 1401 380 τῇ
1419 345 1548 378 διαθέσει,
1567 346 1625 380 ἅμα
1646 354 1708 380 κιρ-

922 392 971 423 νὰς
986 393 1043 423 τοῖς
1058 391 1146 425 λόγοις
1162 392 1208 418 καὶ
1220 392 1269 426 τῆς
1283 391 1433 427 βαρύτητος
1446 391 1494 418 οὐκ
1510 391 1608 425 ὀλίγον,
1623 392 1647 416 εί
1658 393 1708 425 τῆς

923 438 1005 473 τιμῆς
1023 439 1220 473 ὲξοστραιιίςας
1239 440 1326 466 ποιεῖν
1344 437 1429 464 ἐθέλει
1451 439 1497 464 καὶ
1520 438 1567 472 τῆς
1586 438 1638 465 ἀπὺ
1654 437 1708 463 τῶν

921 482 1071 518 ἀνθρώπων
1099 483 1297 518 παρακλήσεως
1328 484 1440 518 ἔρημον.
1474 483 1503 510 Ὀ
1529 484 1557 510 δὲ
1582 484 1709 519 βασιλεὶς

921 526 977 554 οἷον
990 529 1021 554 ἐκ
1038 529 1090 554 τῶν
1114 529 1201 562 λόγων
1226 528 1315 555 λαϐὼν
1341 529 1372 554 τό
1398 529 1423 554 οἱ
1451 531 1580 560 συνοῖσον,
1599 529 1644 555 καὶ
1667 529 1708 555 ὅτι

923 574 1058 609 κατῆρξεν
1072 575 1086 601 ὁ
1108 574 1270 606 πεισόμενος
1293 574 1379 608 λέγων
1404 571 1433 601 οὗ
1451 575 1530 606 αὐτος
1548 575 1709 610 βουλόμενος

924 620 990 651 [πως
1014 621 1100 659 ποιεῖν
1116 620 1186 646 κατὰ
1200 620 1249 654 τὴν
1265 620 1331 654 πρὶς
1355 621 1459 646 ἐκεῖ.ον
1484 620 1622 646 δυσωπίαν
1640 621 1709 646 ὁ.πέ-

924 674 1014 700 σχετο.
1031 667 1223 701 ¹εὺπρ6σωτῖον
1240 663 1295 692 οἷον
1321 666 1445 692 ἐντεῦθεν
1467 666 1512 692 τὶν
1530 665 1710 701 περιορισμὸν

921 710 1025 737 ἐκείνου
1035 710 1147 745 θέμενος
1154 710 1190 742 ὼς
1199 710 1303 737 ἐκείνου
1319 710 1432 745 πρώτως
1445 709 1619 745 μνησθέντος,
1638 711 1710 745 πέμ-

922 756 976 791 ψας
991 757 1082 790 ἐξάγει
1096 765 1125 783 τε
1143 757 1191 792 τῆς
1205 755 1326 791 Λαύρας,
1342 756 1393 782 κὰν
1403 757 1435 791 τῇ
1450 755 1525 790 Χηλῇ
1536 755 1676 790 (φρούριον
1687 755 1710 782 δ’

923 802 992 838 αὕτη
1002 803 1164 838 ὲπινησίδιον
1177 802 1243 838 πρὸς
1252 804 1307 834 τοῖς
1314 802 1408 837 ἄκρσὶς
1419 802 1467 836 τῆς
1476 801 1603 833 Εὐξείνου
1611 801 1710 828 θαλάσ-

925 848 984 884 σης)
1002 848 1164 884 περιορίζει,
1179 850 1287 884 εὐχερεῖ
1305 848 1354 883 μὲν
1368 848 1528 884 ὲνεαρίζειν,
1544 847 1669 883 δυσχερεῖ
1682 847 1712 874 δὲ

925 894 1041 930 πάμπαν
1070 895 1268 930 διαχειμάζειν,
1295 894 1333 926 ὡς
1350 893 1421 921 κατὰ
1443 893 1521 928 στόμ’
1538 893 1712 925 ἀπαντῶντος

924 940 958 974 τῇ
974 940 1047 975 νήσῳ
1074 939 1168 974 βορέου
1197 940 1245 966 καὶ
1268 939 1317 973 τὴν
1346 939 1459 974 πικρίαν
1484 938 1645 970 ὲκπνέοντος
1661 939 1712 973 τῆς

924 985 1106 1021 ψυχρότητος.
1125 985 1206 1017 Τινὰς
1224 985 1252 1011 δὲ
1270 985 1316 1011 καὶ
1331 984 1386 1011 τῶν
1405 984 1539 1019 μοναχῶν,
1568 983 1592 1010 οἳ
1612 984 1644 1018 δὴ
1660 983 1713 1010 κά-

927 1031 1010 1067 κείνῳ
1025 1031 1211 1067 προσέκειντο,
1230 1029 1261 1066 [Ρ
1278 1029 1342 1066 285]
1370 1030 1450 1057 ἄλλον
1467 1029 1516 1065 μὲν
1531 1028 1648 1064 ἀλλαχοῦ
1669 1027 1713 1061 ἐξ·

927 1077 1014 1113 ορίζει
1035 1077 1082 1104 καὶ
1099 1077 1191 1113 νήσοις
1206 1077 1262 1108 τοῖς
1285 1076 1346 1103 κατ’
1361 1076 1473 1110 Αίγαῖον
1489 1074 1651 1110 περιορίζει,
1667 1073 1713 1101 τὸν

928 1167 1042 1195 tantium
1067 1167 1148 1195 etiam
1165 1158 1329 1203 ignotorum,
1343 1166 1429 1194 multo
1450 1172 1538 1193 autem
1559 1165 1644 1200 magis
1664 1165 1713 1192 ad-

928 1216 1035 1242 mittere
1046 1214 1205 1242 notissimos
1218 1214 1268 1241 sibi
1281 1214 1346 1240 olim
1360 1218 1386 1240 et
1403 1213 1553 1240 familiares
1567 1211 1713 1246 plurimos.

928 1262 981 1288 Aut
996 1261 1078 1296 igitur
1092 1261 1189 1288 exsilio
1203 1268 1247 1287 me
1265 1260 1360 1286 multet
1373 1259 1531 1294 imperator.
1553 1262 1600 1285 aut
1629 1258 1715 1285 libere

928 1315 972 1336 me
983 1308 1034 1335 frui
1048 1309 1119 1335 sluat
1131 1308 1182 1335 hoc
1196 1307 1267 1342 qttod
1280 1307 1400 1341 indulget
1415 1307 1469 1333 otio
1482 1313 1547 1339 ;nee
1559 1304 1713 1339 colloquiis,

928 1354 986 1382 sine
999 1354 1098 1389 quibus
1116 1354 1171 1380 vita
1185 1354 1227 1380 ltic
1246 1353 1355 1388 quidem
1375 1352 1464 1379 vitalis
1485 1359 1537 1377 nou
1556 1351 1601 1383 sit,
1620 1350 1715 1377 erimi-

929 1401 971 1427 nis
983 1408 1037 1435 quo
1046 1404 1138 1427 carent
1153 1403 1244 1426 notam
1268 1398 1407 1433 appingat.
1425 1397 1486 1425 Ilaec
1503 1397 1553 1424 fuit
1565 1396 1598 1424 ad
1615 1396 1715 1423 missos

929 1447 963 1473 ab
977 1446 1150 1480 {imperatore
1173 1444 1261 1472 oratio
1275 1443 1407 1479 fJosephi,
1436 1451 1489 1470 nou
1510 1443 1583 1470 illius
1606 1441 1715 1477 quidem

929 1492 990 1527 ejici
1006 1491 1132 1524 volentis,
1150 1495 1196 1518 aut
1212 1498 1226 1517 a
1246 1490 1395 1518 suburbani
1412 1497 1545 1522 secessus,
1557 1495 1611 1523 quo
1627 1488 1716 1515 liben-

928 1544 968 1566 ter
982 1538 1120 1569 utebatur,
1133 1537 1223 1572 quiete
1242 1536 1345 1567 divelli,
1363 1536 1410 1563 sed
1428 1542 1591 1570 magnopere
1606 1534 1715 1562 Iidentis

926 1584 991 1611 olim
1026 1583 1052 1609 in
1077 1590 1105 1609 se
1130 1586 1273 1616 prospecto
1296 1581 1393 1608 all'eetn
1420 1581 1608 1615 imperatoris;
1633 1588 1715 1615 quem

927 1636 1066 1664 nunquatn
1080 1636 1112 1655 eo
1129 1634 1273 1655 venturum
1298 1634 1412 1662 sperans
1431 1632 1459 1654 ut
1469 1631 1523 1653 tam
1536 1627 1649 1654 charum
1663 1626 1715 1653 sibi

926 1679 1006 1710 caput
1018 1675 1163 1701 amandare
1177 1675 1334 1704 sustineret,
1347 1674 1380 1700 de
1392 1673 1527 1701 industria
1544 1673 1569 1699 in
1583 1680 1615 1699 ea
1632 1680 1714 1706 quam

926 1722 992 1750 fecit
1005 1721 1094 1749 exsilii
1121 1720 1258 1747 mentione
1282 1719 1371 1747 verbis
1398 1723 1439 1746 est
1464 1726 1529 1746 usus
1555 1719 1716 1746 acerbitatis

926 1777 980 1796 non
995 1775 1088 1803 parum
1104 1775 1172 1795 sono
1192 1767 1252 1801 ipso
1266 1766 1483 1801 praeferentibus,
1501 1773 1562 1792 eum
1576 1764 1615 1791 sic
1632 1772 1716 1800 exag-

926 1822 1024 1850 gerans
1041 1814 1161 1841 diceret:
1180 1812 1347 1840 Exterminet
1364 1818 1430 1839 sane
1443 1818 1503 1844 nos,
1516 1803 1660 1845 postquam
1672 1810 1716 1836 ho-

927 1869 992 1888 nore
1013 1860 1129 1894 deiecit;
1152 1859 1210 1886 etsi
1225 1859 1299 1885 omni
1327 1859 1450 1885 humano
1473 1857 1592 1892 privatos
1617 1857 1716 1884 solatio

928 1908 994 1940 vult,
1011 1907 1037 1934 in
1059 1907 1143 1933 feram
1162 1906 1279 1940 aliquant
1288 1905 1377 1940 ejiciat
1392 1903 1579 1935 solitudinem.
1597 1904 1642 1931 tali
1661 1904 1715 1931 sci-

928 1953 991 1980 licet
1012 1951 1274 1980 commemoratione
1295 1950 1434 1978 conlidens
1457 1953 1660 1977 commoturum
1687 1957 1718 1976 se

926 1999 1044 2034 aliquazn
1064 1998 1089 2025 in
1112 1998 1203 2025 animo
1221 1997 1351 2031 principis
1371 1996 1422 2024 sibi
1442 1996 1639 2024 devinctissimi
1669 1999 1718 2023 aut

927 2044 1140 2072 tuisericordiam
1155 2043 1405 2070 antverecuntliam
1419 2044 1473 2069 sul.
1498 2043 1533 2069 At
1551 2042 1631 2077 longe
1656 2042 1717 2077 opi-

927 2092 1008 2118 nione
1030 2090 1114 2117 falsus
1137 2094 1178 2117 est
1204 2097 1270 2122 sua;
1287 2089 1387 2123 quippe
1404 2089 1561 2123 imperator,
1584 2088 1663 2122 cujus
1689 2088 1717 2115 in

927 2137 1019 2163 animo
1034 2141 1110 2162 tener
1124 2135 1168 2162 ille
1183 2140 1261 2162 vetus
1275 2143 1307 2162 ac
1325 2134 1415 2161 filialis
1429 2136 1455 2161 in
1478 2133 1624 2168 .Iosepltum
1639 2141 1718 2160 a-nor

78 2186 92 2206 δ
108 2179 170 2204 iutn
191 2178 407 2209 tnauifestorum,
424 2178 451 2204 in
464 2178 545 2205 rebus
569 2178 694 2205 maximis
708 2179 742 2205 ab
757 2179 879 2205 ECCIC>IJ
897 2175 915 2202 Β
934 2181 1075 2208 refrixerat
1095 2188 1147 2207 non
1163 2188 1270 2214 parum,
1293 2180 1343 2207 hoc
1357 2179 1430 2206 illius
1443 2186 1573 2213 responso
1585 2179 1718 2213 plausibi-

79 2233 171 2258 reqne
184 2224 292 2258 publica
311 2224 741 2256 irrcrocabilitcrdiSsidentium,
762 2233 876 2259 appare—

77 2275 135 2296 ret.
158 2269 235 2296 Misit
252 2277 316 2303 ergo
332 2269 366 2296 ad
382 2269 529 2304 .Iosephnm
558 2269 708 2304 imperator
719 2275 808 2297 certos
830 2271 876 2296 Iro-

77 2316 187 2347 mines,
202 2315 249 2349 qui
268 2323 318 2342 suo
332 2316 442 2342 immitte
458 2319 580 2343 vetarent
594 2324 626 2343 ne
640 2316 734 2343 talium
751 2316 878 2351 deinceps

76 2361 230 2387 hominum
250 2361 404 2386 convictum
426 2367 657 2395 coitgrcssumque
675 2361 841 2394 admitteret,
855 2361 877 2387 si

73 2407 201 2441 quietis,
227 2414 279 2440 qua
296 2405 433 2440 gauderet,
461 2411 561 2433 certatn
582 2407 632 2433 sibi
651 2407 732 2434 vellet
752 2412 878 2434 constare

73 2453 303 2488 possessionem.
322 2452 471 2486 Respondit
487 2451 622 2487 .Iosephus
638 2461 719 2479 unam
738 2453 776 2480 rei
793 2460 875 2487 quam

68 2500 194 2534 juberct
209 2498 389 2531 exsequenda:
407 2498 540 2525 rationem
555 2506 626 2531 esse,
645 2499 667 2526 si
683 2506 712 2525 se
725 2507 755 2525 ac
773 2506 819 2525 eos
831 2498 878 2533 qui

70 2552 178 2572 secum
191 2547 284 2570 essent
300 2542 325 2569 itt
337 2543 462 2569 exsilium
472 2544 631 2571 amandaret
642 2545 791 2579 imperator
809 2553 815 2571 :
834 2552 878 2571 re-

68 2590 182 2625 l»-gntis
192 2589 266 2615 enim
289 2588 444 2614 facultatem
464 2588 556 2616 defore
578 2589 645 2616 istos
664 2598 780 2623 quorum
805 2590 881 2617 fami-

66 2635 429 2674 liaritatejuterdiceretur
444 2635 608 2669 alloquentli.
629 2635 752 2668 Quandiu
769 2645 833 2664 vero
845 2644 877 2664 eo

64 2684 135 2710 loco
158 2682 286 2716 degeret,
310 2680 381 2706 haud
395 2688 424 2706 se
442 2680 504 2714 jure
524 2682 628 2716 culpari
650 2683 722 2717 quod
747 2683 877 2710 adeuntes

61 2730 100 2755 ad
126 2735 164 2754 se
182 2728 293 2760 aliquos
312 2732 366 2751 non
386 2726 564 2753 excluderet:
592 2735 653 2754 nam
681 2728 733 2755 nisi
759 2729 878 2755 humano

61 2774 291 2801 solatioearere
307 2771 379 2797 omni
396 2771 421 2797 ιιι
447 2771 500 2798 isto
519 2780 627 2800 secessu
653 2775 744 2806 vellet,
765 2781 878 2801 necesse

59 2822 122 2849 ειιιί
148 2827 218 2848 esse
239 2816 330 2843 officia
351 2824 403 2843 non
429 2819 567 2852 aspernari
589 2820 659 2847 ultro
681 2821 713 2847 ad
737 2829 766 2848 se
792 2821 879 2848 renti-

261 2867 278 2896 ι’
288 2873 318 2894 n
326 2873 396 2896 ιιοι..
417 2868 473 2897 Gn.
493 2868 608 2899 CXLIII

930 2229 980 2253 lem
997 2235 1044 2253 nec
1059 2226 1108 2253 sibi
1126 2226 1310 2261 ttegligetulam
1323 2225 1413 2252 oli‘erri
1428 2221 1632 2251 excusationem
1645 2223 1716 2257 apud

929 2274 1024 2308 vulgus
1037 2272 1150 2299 credidit
1164 2272 1305 2298 sententiae
1320 2270 1451 2299 durioris.
1469 2277 1593 2304 magnam
1610 2270 1718 2295 inri.li:c

931 2325 1032 2354 pzttlcm
1051 2319 1133 2345 detrat
1144 2322 1200 2344 tum
1218 2317 1248 2344 iri
1271 2321 1342 2344 recte
1362 2321 1436 2344 ratus
1454 2317 1563 2343 decreto
1586 2316 1612 2342 in
1634 2315 1720 2342 lose—-

931 2366 1012 2399 phum
1032 2364 1140 2394 exsilio,
1157 2363 1192 2396 si,
1212 2363 1284 2397 quod
1301 2363 1365 2397 egit,
1379 2363 1500 2390 studiose
1520 2362 1670 2397 divulgat-et
1690 2360 1717 2387 ιιι

931 2411 1001 2437 ultro
1019 2410 1068 2437 sibi
1084 2409 1249 2436 conscivisse
1270 2409 1480 2444 poposcisseque
1505 2408 1608 2443 ipsum;
1634 2414 1664 2434 se
1688 2407 1716 2433 iu

931 2464 963 2483 eo
981 2462 1085 2483 tantum
1106 2455 1236 2482 voluntati
1259 2455 1319 2489 ejus
1348 2455 1450 2489 apertis
1473 2455 1565 2481 verbis
1590 2452 1719 2480 indicate

930 2502 1011 2538 419
1019 2502 1158 2529 annuisse.
1170 2501 1240 2536 Ergo
1250 2502 1323 2528 illum
1332 2501 1421 2528 educit
1431 2500 1528 2533 Laura,
1544 2505 1569 2527 et
1580 2499 1719 2533 deport..ri

931 2549 1135 2576 curatClrclam.
1146 2549 1201 2575 Arx
1208 2549 1289 2576 ea‘est
1301 2548 1430 2575 insularis
1442 2547 1468 2574 in
1479 2552 1600 2574 extremo
1612 2544 1720 2572 Euxino

931 2596 1020 2628 mari,
1057 2595 1188 2622 habitatio
1210 2594 1330 2630 jucunda
1358 2602 1441 2621 verno
1472 2598 1610 2628 tempore,
1630 2592 1721 2620 hieme

933 2649 1029 2676 aspera
1039 2650 1088 2669 nec
1099 2641 1321 2674 fet'etolerabilis,
1332 2641 1433 2676 quippe
1449 2641 1521 2667 illam
1535 2640 1720 2674 Scptcntrioni

933 2679 1073 2714 obversam
1090 2687 1209 2713 insulam
1230 2693 1301 2714 srero
1315 2687 1379 2713 totis
1400 2686 1524 2713 faucibus
1556 2686 1640 2713 Borea
1658 2692 1720 2719 per-

932 2730 1013 2757 ﬂante
1037 2735 1064 2757 et
1083 2731 1168 2765 frigus
1187 2731 1325 2758 inhalanle
1350 2731 1553 2766 rigiiliSsimunt.
1580 2730 1719 2764 Quosdam

932 2784 997 2803 vero
1012 2778 1219 2810 moriaehorum,
1240 2778 1286 2812 qui
1302 2778 1326 2805 ei
1348 2778 1532 2810 atlltmrehant,
1562 2777 1645 2804 alium
1665 2777 1720 2804 alio

932 2823 1085 2851 exsulatum
1103 2822 1186 2857 misit,
1202 2824 1275 2851 varie
1298 2823 1323 2850 in
1339 2822 1422 2858 ΛΞδωί
1449 2823 1574 2857 relegans
1603 2822 1718 2852 insulas.

1519 2870 1559 2900 28
