1944 3067
96 132 142 165 8ῖ7

569 128 619 160 DE
636 127 831 159 MICHAELE
849 128 1080 159 PAL’EOLOGO
1099 130 1172 160 LIB.
1193 132 1226 161 V.

1649 133 1702 163 87$

93 188 135 222 τῆς
146 186 283 221 οφετὲρας,
300 184 348 211 καὶ
370 184 402 219 δὴ
421 184 459 218 τῷ
485 184 616 219 Θρᾳκικῷ
638 183 864 219 προσοκείλιντες
879 186 900 214 Α
915 184 964 220 λῆς
989 185 1183 219 κατεφαίνοντο
1200 186 1262 221 ὅρη,
1277 187 1325 214 καὶ
1346 184 1380 221 ἦν
1409 186 1459 222 μὲι
1475 187 1566 218 αὐτοῖς
1592 188 1655 215 ποτὲ
1673 189 1701 215 ἐξ

93 232 206 267 Βοσπόρῳ
221 231 344 258 διέπλεον
354 231 388 262 τᾲ
400 230 481 256 στενὰ
495 229 542 256 τοῦ
553 229 664 261 Πόντου,
676 229 863 264 ἀφροντίστως

93 279 184 314 ἔχοντες
203 277 251 304 καὶ
265 277 398 312 βασιλέως
414 277 460 303 καὶ
476 275 523 302 τοῦ
538 275 609 302 κατὰ
623 276 692 309 σφᾶς
713 275 844 310 συνήθους
855 282 862 290 ⁸

94 324 215 360 μηδὲγὰρ
240 321 311 350 εἶναι
338 322 384 348 τδν
414 322 596 357 προσίσχοντα
613 322 669 353 τοῖς
695 321 819 348 ἐνταυθοῖ
833 321 865 347 ἐκ

91 370 202 403 Γενούας,
222 369 288 405 πρὶν
309 369 342 395 ἂν
365 368 433 403 πρὸς
454 369 514 400 ταῖς
537 368 704 403 Βλαχὲρναις
718 367 865 402 γενόμενον

91 416 191 453 βασιλέα
205 424 235 441 τε
251 415 386 450 εὐφημεῖν
401 414 436 440 τὰ
446 414 540 440 εἰκότα
553 414 601 441 καὶ
615 415 792 448 προσκυνεῖν,
807 413 866 440 ἑτέ-

91 463 148 498 ρωθι
161 461 318 497 τρέπεσθαι.
337 461 404 487 Τότε
419 460 510 487 τοίνυν
522 461 622 487 ἐκεῖνοι
636 460 683 487 καὶ
699 460 788 487 αὐτῶν
803 468 867 487 συν-

89 508 176 535 θεσιῶν
187 508 240 534 τῶν
257 507 327 534 κατὰ
351 507 421 541 sed;
436 506 638 541 ἀμελήσαντες,
653 506 737 542 οὐρίῳ
760 506 866 541 χρησά-

90 563 157 589 μενοι
170 554 205 589 τῷ
222 554 253 580 ὲκ
270 553 346 579 νότου
362 552 500 587 πνεύματι
512 552 646 588 ἀνήγοντο
665 552 864 587 ἀφροντίστως,

88 601 129 628 καὶ
143 601 170 627 τὸ
191 600 280 634 στόμα
296 599 457 630 διεκὸἀντες
470 598 516 625 τοῦ
541 598 644 625 Πόντου
660 599 729 633 πρὸς
746 600 803 630 τοῖς
816 598 867 633 βα-

90 647 162 680 ρείοις
177 647 225 680 τῆς
241 646 378 680 θαλάσσης
389 645 499 680 λιμέσιν
513 643 657 680 ὲνώρμων.
671 645 801 672 Κάκεῖνοι
817 645 867 680 μὲν

91 693 117 720 τὰ
129 692 209 719 πολλὰ
221 692 267 718 ἐπὶ
276 691 373 727 χρόνον
388 690 595 727 πειρατεύοντες
606 691 750 718 διετέλουν.
765 691 866 718 ’Ὕστε-

88 747 132 774 ρον
143 739 198 770 ικαὶ
214 737 448 772 φορταγωγοῦσαν
463 736 624 772 ληϊσάμενοι
641 736 718 770 ναῦν,
736 736 787 764 οὐκ
810 736 867 763 ὀλί-

84 795 130 821 γον
154 786 232 822 μέρος
255 785 302 812 τοῦ
319 785 419 819 φόρτου
435 785 484 812 καὶ
505 785 677 820 στυπτηρίαν
690 784 819 819 ἔχουσαν,
837 784 866 810 ἐν

85 832 165 868 ταύτῃ
179 832 212 858 τὰ
232 832 321 858 πάντα.
346 830 514 866 νηησάμενοι
538 831 599 857 κατ’
625 830 776 865 ἀσφάλειαν
796 830 865 865 θαρ-

84 879 188 914 ροῦντες
203 877 363 905 κατέπλεον.
380 877 512 908 Βασιλεὺς
527 876 555 903 δὶ
571 876 726 912 πυθόμενος
739 875 790 912 τὴν
806 876 865 902 διά-

85 924 158 950 σασιν
182 925 210 950 ὲν
224 923 305 958 δεινῷ
320 923 370 958 τὴν
392 922 597 958 καταφρόνησιν
612 922 744 956 ἐποιεῖτο,
755 922 803 948 καὶ
818 921 881 955 ἐπὶ.⁴

83 969 214 1005 λογισμῶν
248 969 366 1004 ἔστρεφε
401 969 460 1000 πῶς
498 968 531 996 ἃν
564 968 704 1003 ἐγγένοιτο
731 969 761 995 ὲν
787 967 866 1003 χερσὶ

83 1016 142 1046 τοὺς
156 1015 416 1050 καταφρονήσαντας
427 1015 579 1049 περισχεῖν.
599 1013 672 1041 Ἀλλ’
683 1013 739 1040 οὐδ’
751 1013 867 1045 ἐκείνοις

83 1060 195 1095 ἠγνόητο
209 1060 241 1086 τὸ
255 1059 390 1095 παράπαν
402 1059 420 1094 ή
439 1058 486 1085 τοῦ
502 1058 632 1093 βασιλέως
644 1057 764 1092 θέλησις.
783 1057 867 1092 ’Δμέ-

82 1108 121 1134 λει
135 1115 174 1133 τοι
188 1106 235 1134 καὶ
248 1106 293 1133 διὰ
306 1105 448 1140 φροντίδος
462 1103 604 1132 ἐποιοῦντο
620 1104 670 1139 τῆς
685 1104 717 1131 οὑ
733 1103 869 1139 τυχούσης

80 1154 124 1180 τὸν
140 1152 222 1179 πλοῦν
238 1152 366 1186 εὐοδῆσαι
388 1150 465 1186 σφίσι
489 1150 538 1177 καὶ
552 1150 653 1182 αὐτοὺς
666 1150 807 1185 διαδρᾶναι
823 1150 869 1177 τὸν

81 1199 213 1231 κίνδυνον,
233 1198 263 1224 ὃν
280 1197 463 1224 ἐπυνθάνοντο
477 1195 653 1231 ἐπηρτῆσθαι
670 1195 778 1227 τούτοις
793 1196 870 1230 παρὰ

81 1243 227 1279 βασιλέως.
251 1243 296 1275 Ὠς
319 1242 386 1277 γοῦν
403 1241 511 1269 ἐκεῖθεν
529 1241 641 1268 πλέουσι
657 1241 692 1268 τὰ
706 1241 756 1276 τῆς
772 1241 870 1268 ἀνατο-

79 1336 122 1363 vel
137 1334 256 1370 antiquae
271 1332 478 1362 consuetudinis
493 1332 628 1368 ipsorum,
642 1339 696 1367 qua
713 1332 787 1360 soliti
802 1338 872 1360 eate-

77 1390 130 1409 nus
144 1382 261 1412 fuerant,
279 1379 324 1407 ubi
342 1379 460 1415 primum
478 1378 673 1413 comparebant
686 1378 714 1405 in
732 1378 775 1405 liis
784 1378 872 1413 parti-

79 1427 142 1457 bus.
159 1426 234 1453 adire
250 1430 323 1452 recta
338 1424 470 1460 palatium
485 1423 708 1456 Blachernarum,
726 1431 777 1451 nec
791 1423 872 1458 quid-

78 1480 161 1508 quam
171 1477 251 1499 antea
267 1478 358 1498 rerum
375 1477 469 1506 gerere
486 1474 534 1497 aut
557 1477 698 1505 quoquam
722 1469 871 1503 divertere,

914 230 1013 266 οὺρίιιΝ
1026 232 1129 264 πλέειν,
1146 233 1211 259 ποτὲ
1225 232 1253 259 δὲ
1267 234 1314 260 καὶ
1328 233 1454 268 λεχρίους
1472 233 1539 268 πρδς
1556 233 1602 259 τὸν
1616 235 1702 269 ἐμπί-

915 285 1020 304 πτοντα
1034 278 1146 313 ἄνεμον,
1164 279 1238 311 ὅπως
1252 278 1285 306 ἂν
1301 280 1376 314 σφίσι
1399 279 1478 314 ῥέποι
1490 279 1522 306 τὸ
1538 280 1657 314 πνεῦμα,
1672 281 1701 307 ὲν

915 322 1005 355 ἄλλοις
1020 323 1070 357 μὲν
1087 323 1224 358 αὕταρκες
1239 322 1273 360 ἦν
1285 324 1316 351 τὺ
1335 324 1457 352 τοιοῦτον
1475 325 1521 352 καὶ
1538 325 1614 360 σφίσι
1631 326 1700 352 ἁπο-

916 369 1044 405 χρὼντως
1061 367 1118 406 εἶχε
1145 372 1213 405 πρὸς
1238 371 1379 403 εὔπλοιαν,
1407 373 1440 407 τῇ
1458 372 1539 408 Φάρῳ
1555 372 1583 399 δὲ
1605 372 1702 407 προσί-

917 424 1025 451 σχουσιν
1037 415 1066 441 ἓν
1083 415 1130 442 καὶ
1142 416 1223 451 μόνον
1238 416 1416 451 ὲδοκιμάζετο
1432 417 1540 452 πνεῦμα
1552 416 1704 452 χρησιμεῦ-

917 470 963 488 σον
979 461 1009 488 τδ
1023 460 1069 487 τοῦ
1089 461 1186 496 βορρᾶ,
1208 461 1242 498 [Ρ
1257 461 1321 495 286]
1336 461 1406 496 πλὴν
1426 462 1476 489 οὐκ
1497 462 1641 497 ἀνειμένον
1655 462 1704 489 καὶ

916 507 1209 543 κατερῤᾳθυμημένως
1222 507 1269 534 ἅον
1289 507 1326 539 ὡς
1341 508 1388 534 καὶ
1410 509 1451 540 εἰς
1472 508 1603 543 νηνεμίαν
1618 509 1705 543 ἀμφι-

917 550 1063 578 ϐάλλεσθαι
1078 551 1109 578 τὸ
1123 550 1170 578 τοῦ
1184 552 1265 587 ἀέρος
1281 553 1447 588 κατάστημα
1461 552 1492 579 ὲκ
1505 553 1552 580 τοῦ
1567 554 1602 580 τὰ
1619 553 1703 587 λαίφη

917 597 964 624 καὶ
976 597 1057 632 μόνον
1071 597 1193 633 ψαίρειν,
1207 597 1263 624 ἀλλ’
1275 598 1305 625 ὃν
1318 599 1373 634 ἄρα
1389 599 1435 626 καὶ
1452 599 1590 635 Ταναῖτην
1605 599 1706 635 ὀνομά-

917 643 973 670 σειέ
992 653 1034 675 τις
1044 643 1103 670 ιτῶν
1119 645 1271 672 ναυτικῶψ
1286 645 1374 680 τούτῳ
1389 645 1444 682 γὰρ
1465 646 1514 672 καὶ
1538 646 1612 681 μόνῳ
1632 643 1706 681 εἶχον

918 688 1117 725 ἰσχυρίζεσθαι,
1130 690 1320 723 ἀπηλπικότες
1331 691 1385 717 τῶν
1399 691 1499 724 ἄλλων,
1511 691 1580 726 πρὸς
1591 691 1636 718 τὸν
1652 691 1708 718 ἀπὸ

916 736 964 763 τοῦ
976 735 1110 771 βασιλέως
1121 736 1200 772 λόχον
1217 738 1276 768 ταῖς
1288 737 1414 772 πορείαις
1428 737 1519 764 αὐτῶν
1533 738 1706 772 ὲφιζάνοντα.

917 782 972 809 Καί
988 782 1014 817 γ’
1034 783 1078 817 ἐφ’
1099 783 1218 818 ἡμέραις
1242 783 1430 818 προσδοκῶσιν
1458 784 1588 818 ἁσμένοις
1615 785 1709 819 σφίσιν

918 828 1019 863 ὲπὲστη
1035 829 1082 855 καὶ
1097 828 1224 864 λαμπρὸς
1240 830 1328 862 ἑπνει,
1340 830 1388 856 καὶ
1402 829 1432 863 ἐξ
1443 830 1543 865 οὑρὲιυν
1555 830 1585 856 τὸ
1599 829 1708 864 πνεῦμα

880 858 904 888 Β
920 858 1019 902 ἵστατο.
1029 877 1062 910 τῇ
1076 858 1185 911 νηῖξᾟ
1197 858 1230 911 δή
1243 858 1435 911 θαρρήσαντες
1449 858 1499 907 τας
1511 877 1612 911 τόλμας
1628 858 1710 913 ἐθόιρ-

919 922 999 956 ρυνον
1013 921 1062 953 τὰς
1078 922 1157 954 ιδίας,
1178 922 1227 949 καὶ
1242 922 1305 953 τοὺς
1326 922 1477 956 odiosum;
1494 922 1592 949 αὐτίκα
1613 922 1711 949 διαπε-

917 967 1052 998 τάσαντες
1062 966 1140 998 ὅλους
1156 967 1228 994 κατὰ
1243 967 1307 1003 ρυὗν
1319 968 1458 1002 ἐφέροντο,
1473 968 1579 994 πίσυνοι
1594 967 1644 1002 μὲν
1660 969 1708 995 καὶ

918 1014 952 1049 τῇ
967 1013 1015 1040 τοῦ
1031 1013 1188 1048 πνεύματος
1213 1013 1384 1049 σφοδρότητι,
1403 1014 1435 1041 οὐ
1452 1014 1507 1049 μὴν
1529 1014 1557 1041 δὲ
1575 1014 1642 1041 ἀλλὰ
1661 1015 1709 1042 καὶ

918 1059 954 1087 τὰ
969 1059 1075 1095 πλευρὰ
1086 1060 1136 1094 τῆς
1151 1059 1216 1094 νηὸς
1232 1059 1305 1094 βόαις
1320 1059 1399 1092 afuat;
1410 1059 1542 1095 ἐξήρτυον
1557 1060 1603 1087 καὶ
1615 1060 1709 1092 ὅπλοις

920 1104 1162 1140 κατεκοσμοῦντο,
1187 1105 1226 1137 ὼς
1252 1105 1437 1141 ἀποχρώντως
1464 1106 1629 1142 ἀνοεξούσης
1658 1107 1710 1141 μὲν

920 1151 989 1187 πρὸς
1004 1151 1058 1186 πῦρ
1074 1152 1121 1178 καὶ
1135 1152 1189 1178 πᾶν
1202 1151 1232 1178 τὸ
1247 1151 1414 1186 βαλλόμενον
1431 1152 1481 1187 τῆς
1496 1151 1574 1184 νεὼς,
1590 1152 1711 1187 πολεμη-

922 1198 1024 1224 σόντων
1037 1197 1064 1224 δὲ
1076 1198 1125 1224 καὶ
1137 1197 1237 1230 αὐτῶν,
1249 1197 1274 1224 ei
1284 1206 1356 1229 τινες
1367 1198 1399 1224 ὲκ
1414 1197 1549 1232 βασιλέως
1561 1198 1709 1225 ἐπίθοιντο.

921 1244 962 1271 Τὰ
978 1243 1028 1280 μὲν
1043 1244 1090 1271 οὖν
1103 1244 1168 1279 περὶ
1185 1243 1287 1271 τούτων
1301 1245 1315 1270 ὁ
1331 1243 1461 1279 βασιλεὺς
1477 1245 1629 1279 πυθόμενος
1645 1245 1712 1273 ἀπε-

922 1336 974 1364 cile
987 1334 1029 1363 usi
1040 1339 1113 1365 sunt,
1124 1341 1175 1369 ope
1184 1333 1257 1368 ,artis
1265 1334 1392 1366 muliere,
1409 1338 1499 1367 vento,
1512 1334 1713 1369 qualiscunque

921 1386 988 1409 tunc
1003 1381 1136 1416 spirabat,
1150 1387 1203 1407 non
1216 1379 1295 1415 plane
1313 1380 1457 1411 adversus,
1481 1379 1557 1407 iilum
1575 1387 1648 1408 nune
1670 1388 1714 1407 re-

922 1433 965 1455 cta
973 1427 1105 1462 oppansis
1116 1426 1196 1459 velis,
1211 1433 1284 1453 nunc
1299 1425 1449 1460 obliquatis
1462 1426 1613 1460 capientes,
1631 1431 1713 1462 prout

923 1480 992 1509 opus
1005 1477 1062 1501 erat
1077 1472 1112 1499 ad
1124 1471 1257 1499 ﬂectenda
1270 1470 1457 1506 promontmia
1475 1480 1485 1498 ε
1502 1471 1534 1498 ad
1550 1472 1622 1507 quod
1636 1472 1714 1499 suffi-

75 1527 160 1556 quam
179 1519 215 1547 ibi
230 1526 310 1546 suum
323 1517 484 1552 obsequium
501 1515 662 1551 imperatori
687 1515 804 1550 professi
823 1523 869 1543 so-

921 1521 1010 1551 ciebat
1029 1527 1096 1546 aura
1113 1518 1230 1546 tnodica.
1247 1518 1316 1552 Ergo
1330 1518 1371 1545 sic
1384 1518 1520 1552 progressi
1537 1518 1713 1546 continenter

79 1566 164 1594 lemni
189 1564 387 1593 acclamatione
401 1571 434 1591 ac
452 1562 631 1599 veneratione
653 1561 780 1589 fuissent.
793 1561 872 1589 Tunc

77 1613 160 1649 igitur
176 1612 211 1639 iis
224 1611 264 1638 illi
278 1610 408 1637 omnibus
427 1608 603 1643 contemptis,
619 1615 650 1636 ac
663 1607 773 1636 cunctis
787 1607 871 1635 officii

76 1658 274 1692 modestiaeque
295 1656 449 1684 rationibus
468 1663 572 1690 susque
589 1654 677 1689 deque
691 1653 805 1687 habitis,
823 1661 874 1681 an-

75 1711 135 1733 stro
147 1704 260 1731 inﬂante
275 1703 333 1731 vela
357 1702 448 1730 valido
466 1709 563 1730 secure
581 1701 748 1735 trajecerunt
761 1707 809 1734 per
821 1707 872 1726 an-

74 1751 184 1786 gustias
197 1749 322 1784 Bospori,
341 1753 368 1776 et
383 1748 411 1775 in
429 1747 663 1782 Septentrionales
678 1745 757 1773 Ponti
775 1750 872 1780 portus

73 1797 177 1826 invecti
198 1803 253 1823 non
271 1803 320 1823 sua
340 1795 428 1823 solum
448 1794 502 1821 illic
522 1801 569 1828 per
585 1794 673 1820 otium
692 1793 801 1828 negotia
812 1797 871 1819 tra-

73 1849 201 1877 ctarunl,
227 1843 275 1871 sed
300 1842 400 1878 praedis
419 1841 532 1876 agendis
547 1844 575 1868 et
595 1839 709 1875 piratica
738 1843 795 1866 toto
825 1838 871 1865 illo

73 1893 148 1920 mari
164 1891 287 1918 favicmla
302 1897 355 1917 non
373 1896 469 1924 parum
490 1887 622 1921 temporis
635 1885 778 1913 triverunt.
796 1884 871 1912 Tan-

72 1940 139 1966 dem
163 1938 190 1964 in
207 1937 362 1964 onerariam
379 1935 550 1962 incurrentes
566 1939 692 1967 magnam
705 1936 732 1958 et
743 1931 872 1966 pretiosis

71 1991 190 2020 gravem
217 1982 372 2013 mercibus,
388 1987 504 2016 quarunt
527 1986 590 2014 pars
619 1983 678 2005 erat
700 1985 754 2005 non
774 1977 871 2013 exigua

70 2031 186 2066 pondus
212 2030 308 2057 inaens
336 2027 477 2058 aluminis.
504 2033 535 2053 ea
555 2030 708 2061 expugnata
727 2025 871 2060 pra-daque

72 2078 210 2104 universa
236 2076 263 2102 in
289 2082 366 2102 suam
386 2080 481 2100 navem
497 2072 608 2099 condita
629 2075 703 2098 retro
718 2078 825 2106 proram
843 2071 870 2097 in

70 2123 199 2158 patriam
227 2124 378 2152 verterunt,
409 2118 550 2146 transituri
574 2117 665 2144 denuo
695 2116 871 2145 securissime

70 2175 180 2205 praeter
191 2169 287 2196 urbem
300 2174 331 2194 ac
346 2171 454 2201 portum
468 2163 731 2198 Constantinopolis,
742 2163 801 2190 sine
816 2163 871 2189 ullo

68 2202 245 2250 cujusquam
267 2218 349 2244 metu,
368 2219 417 2247 per
429 2218 570 2241 summum
592 2209 723 2237 Romana:
743 2209 871 2244 potentia:
886 2202 910 2231 υ

67 2266 278 2294 contemptum.
296 2259 361 2293 Ejus
372 2257 495 2285 audacia:
507 2255 698 2292 superbiaeque
714 2255 815 2282 certior
831 2254 872 2281 fa-

68 2314 119 2336 tus
139 2309 294 2342 imperator
317 2303 518 2339 indiguissime,
535 2307 565 2330 ut
584 2309 631 2336 par
648 2305 718 2334 erat,
740 2300 869 2336 iniuriam

67 2355 158 2387 tulit;
181 2352 356 2387 decrevitque
378 2357 432 2378 non
457 2349 628 2377 committere
653 2352 683 2376 ut
709 2355 739 2375 se
760 2347 872 2382 impune

66 2406 188 2428 tantum
204 2406 288 2426 ausos
301 2397 413 2432 gloriari
429 2395 622 2423 Genuensibus
643 2394 746 2421 liceret.
762 2393 872 2427 Disqui-

64 2447 157 2474 τυιωι
172 2449 265 2471 autem
287 2442 397 2470 modum
418 2447 474 2476 quo
494 2440 563 2467 istos
578 2439 629 2466 sub
645 2446 756 2465 martum
774 2445 807 2465 ac
823 2445 874 2472 po-

65 2496 210 2520 testatem
222 2497 300 2517 suam
313 2489 437 2522 redigere
449 2490 651 2520 contemptores
666 2488 768 2520 posset.
779 2484 815 2510 At
828 2491 876 2510 ne-

63 2546 125 2573 que
136 2538 186 2564 his
196 2537 320 2572 ignotum
329 2537 388 2562 erat
396 2537 490 2560 votum
504 2531 679 2565 studiumque
691 2528 875 2564 imperatoris.

63 2584 176 2617 Itaque
184 2589 280 2610 curam
289 2588 320 2608 ac
326 2579 493 2614 diligentiam
502 2585 556 2605 non
567 2577 704 2612 vulgarem
713 2575 877 2602 adhibebant

62 2631 96 2658 in
111 2627 297 2664 expediendo
310 2634 392 2654 cursu
412 2623 630 2660 explicandaque
644 2629 704 2650 Sese
720 2622 754 2649 ab
770 2620 877 2648 insidiis

60 2677 161 2713 422
182 2675 366 2702 Iintnanarum
381 2672 502 2702 navium,
512 2677 628 2706 quarum
647 2667 798 2696 rectoribus
807 2667 879 2694 scic-

59 2722 143 2750 bant
169 2721 206 2748 ab
220 2721 382 2755 imperatore
397 2717 555 2746 mandatum
585 2720 612 2743 ut
635 2715 780 2742 observare
804 2715 879 2748 ipsos

59 2768 92 2796 in
111 2767 246 2794 transitu
263 2773 295 2793 ac
317 2764 392 2792 omtti
421 2763 528 2791 ratione
545 2761 778 2796 comprehendere
798 2768 880 2788 cona-

56 2819 189 2841 rentur.
210 2810 246 2838 IJt
260 2811 344 2846 igitur
359 2810 426 2846 ipsis
441 2817 456 2836 ο
469 2808 556 2835 Ponto
572 2807 687 2842 patriam
702 2815 798 2835 versus
815 2815 879 2834 ettr-

55 2867 131 2888 sum
166 2857 330 2887 tenentibus
355 2859 461 2883 m0ntcs
485 2853 607 2881 Orientis
622 2857 817 2889 apparuerunt,
837 2852 879 2880 ra-

925 1571 990 1595 sunt
1006 1566 1039 1594 ad
1058 1565 1178 1592 Pinarum
1207 1571 1304 1598 usque,
1318 1564 1364 1591 ubi
1393 1564 1535 1592 subductis
1559 1565 1714 1592 rationibus

925 1612 1041 1641 instituti
1056 1620 1151 1639 cursus
1164 1615 1189 1638 et
1205 1611 1386 1645 periculirum
1405 1610 1631 1645 impende-ntimn.
1655 1616 1713 1639 st-i-

925 1661 1037 1685 luerunt
1061 1656 1188 1690 drinceps
1211 1663 1265 1682 non
1293 1663 1485 1690 quemcunque
1499 1656 1550 1683 s‘hi
1566 1664 1580 1683 a
1598 1657 1715 1690 Septen-

924 1702 1012 1730 trione
1024 1707 1133 1728 ventum
1152 1701 1219 1727 satis
1231 1700 1304 1732 fore;
1322 1700 1368 1735 qui
1383 1700 1455 1728 enini
1470 1705 1535 1728 tttttc
1549 1700 1631 1728 [labat
1645 1703 1714 1730 lenis

923 1753 993 1780 erat,
1020 1747 1139 1775 molliter
1163 1747 1250 1775 solum
1266 1747 1414 1782 stringens,
1432 1754 1485 1774 non
1511 1747 1591 1781 pleno
1608 1747 1711 1783 impetu

923 1794 1065 1829 impellens
1081 1794 1148 1826 vela,
1164 1797 1193 1820 ut
1208 1793 1330 1821 malacite
1348 1794 1458 1828 propior
1477 1794 1538 1821 cwli
1561 1799 1650 1822 status
1666 1795 1714 1822 vi—

923 1840 1043 1868 derelur.
1062 1840 1148 1875 Egere
1162 1848 1192 1868 se
1206 1843 1298 1867 autent
1311 1840 1344 1866 all
1359 1840 1521 1868 eluctandos
1538 1849 1607 1876 quos
1622 1843 1714 1877 provi-

924 1886 1024 1917 debant
1035 1894 1200 1914 occursuros
1219 1886 1311 1914 obices
1327 1887 1483 1914 vehementi
1503 1887 1588 1914 Borea
1603 1896 1610 1920 ;
1624 1889 1714 1922 qualis

922 1937 961 1961 esl
978 1933 1023 1960 ille
1035 1940 1115 1967 quem
1125 1931 1265 1960 Tanaitem
1282 1937 1370 1959 nautae
1382 1938 1490 1960 vocant.
1504 1932 1581 1964 lluic.
1590 1933 1713 1969 inquam,

923 1978 1061 2006 conﬁdere
1074 1978 1121 2005 nni
1137 1985 1166 2005 se
1175 1983 1331 2005 statuerunt
1344 1985 1446 2013 posse;
1461 1980 1509 2014 qui
1533 1980 1586 2006 nisi
1609 1981 1716 2008 comin-

923 2030 1009 2060 geret.
1030 2025 1110 2059 plane
1137 2024 1320 2058 desperabant
1345 2024 1460 2051 insidias
1478 2033 1507 2052 se
1527 2025 1713 2054 Romanarum

923 2079 1004 2107 posse
1015 2071 1125 2098 navium
1141 2071 1271 2105 ell‘ugere.
1295 2070 1366 2098 Ecce
1389 2076 1480 2098 autem
1503 2077 1647 2107 postquam
1663 2074 1713 2100 ali-

923 2121 990 2152 quot
1011 2116 1047 2144 ibi
1064 2117 1123 2144 dies
1137 2116 1296 2150 substitere,
1312 2116 1487 2144 commodum
1497 2117 1540 2145 ille
1561 2118 1620 2152 ipse
1636 2123 1715 2154 opta-

923 2167 968 2192 tus
989 2168 1087 2191 ventus
1104 2162 1209 2197 spirare
1221 2163 1256 2190 ab
1281 2167 1357 2190 arcto
1371 2163 1519 2191 vehemens
1534 2164 1636 2199 coepit;
1665 2173 1715 2192 nec

924 2210 1042 2237 cunctati
1064 2209 1188 2236 videlicet
1209 2209 1247 2236 illi
1276 2213 1342 2237 sunt
1369 2213 1442 2236 totos
1467 2209 1506 2236 illi
1534 2210 1716 2239 libentissime

922 2255 1041 2291 pandere
1060 2255 1205 2282 linteorum
1225 2255 1314 2287 sinus,
1334 2254 1521 2290 audacterque
1545 2255 1645 2283 invecti
1668 2264 1717 2291 spe

922 2302 1024 2337 optima
1040 2301 1209 2335 ferebantur,
1222 2301 1377 2329 evolaturos
1391 2308 1452 2329 sese
1467 2302 1517 2328 rati
1533 2302 1558 2329 vi
1571 2309 1645 2329 aurae
1659 2308 1715 2330 tam

923 2355 1060 2383 prospera:
1072 2353 1147 2375 trans
1165 2347 1318 2382 quamlibet
1336 2347 1448 2375 infestus
1465 2348 1655 2376 insidiantium
1670 2356 1717 2376 co-

924 2399 1015 2421 natus.
1030 2393 1113 2420 Navis
1126 2394 1209 2420 latera
1229 2394 1297 2428 quin
1316 2394 1399 2421 etiam
1424 2393 1507 2422 siccis
1524 2394 1606 2422 boum
1630 2396 1715 2423 coriis

925 2441 1093 2473 munierunt,
1107 2443 1136 2467 ut
1149 2440 1183 2467 ab
1195 2439 1257 2474 igne
1270 2439 1338 2467 forte
1354 2440 1455 2474 injecto
1478 2445 1526 2468 aut
1545 2441 1598 2469 alia
1617 2443 1716 2476 quat-is

926 2486 960 2514 ab
974 2485 1099 2514 hostibus
1123 2485 1257 2521 ejaeulata
1274 2490 1350 2520 peste
1369 2490 1424 2512 tuta
1438 2485 1539 2514 forent.
1564 2487 1649 2513 Arma
1665 2487 1716 2523 ipsi

926 2532 1115 2567 expedierunt,
1145 2539 1200 2559 vnn
1222 2532 1354 2566 repellere
1376 2531 1464 2567 parati
1488 2539 1660 2566 quaecunque
1683 2533 1719 2559 ab

928 2577 1112 2612 imperatoriis
1141 2577 1298 2605 inferretur.
1325 2576 1374 2605 llis
1397 2578 1546 2612 imperator
1565 2579 1717 2612 compertis

927 2623 1008 2658 423
1018 2623 1161 2657 imperavit
1169 2623 1360 2651 Genuensihus
1369 2622 1468 2650 Peraea:
1478 2623 1641 2658 degentibus
1654 2625 1719 2651 mit-

929 2673 985 2697 tere
993 2669 1040 2704 qui
1051 2670 1179 2697 sisterent
1192 2670 1242 2697 hos
1254 2670 1398 2705 populares
1407 2677 1481 2702 suos,
1490 2675 1517 2697 et
1527 2670 1561 2698 iis
1570 2670 1720 2698 suaderent

929 2723 984 2744 non
997 2716 1037 2743 sic
1055 2715 1201 2743 insalttlato
1225 2715 1391 2750 imperatore
1409 2716 1558 2750 przeterire.
1582 2716 1721 2744 Fecerunt

931 2761 956 2788 id
968 2761 1007 2788 illi
1023 2761 1163 2792 studiose;
1188 2761 1234 2788 sed
1250 2761 1317 2789 nihil
1329 2761 1514 2796 profecerunt,
1530 2764 1719 2797 perstantibus

931 2809 992 2835 aliis
1006 2808 1033 2835 in
1047 2807 1186 2842 proposito
1201 2812 1227 2835 ct
1253 2808 1355 2835 monita
1371 2808 1496 2835 convicio
1513 2809 1717 2844 repellentibus.

931 2853 1022 2887 Quare
1039 2854 1088 2887 illi,
1113 2861 1146 2880 ut:
1167 2854 1218 2881 sibi
1237 2853 1324 2881 fraudi
1344 2859 1416 2881 esset
1433 2853 1521 2881 aliena
1536 2857 1719 2888 contumacia,
