1944 3067
82 89 128 121 869

548 85 598 115 DE
620 81 818 114 MICHAELE
838 79 1070 111 PAL/EOLOGO
1091 80 1163 110 LIB.
1189 80 1221 109 ν.
1243 101 1247 104 .

1654 76 1708 109 8ῖο

81 145 123 171 καὶ
135 143 209 170 οὐδὲν
220 142 264 170 εῐα
275 141 379 173 ἀνύειν,
397 139 625 176 περιζωσαμένου
648 139 697 174 τὴν
714 139 762 165 τοῦ
781 137 866 172 μεγά-
881 138 903 166 Δ
919 135 1112 169 ἄλλως-λόγιον
1132 136 1180 161 καὶ
1190 135 1236 160 ἐπὶ
1251 134 1307 165 τοῖς
1330 132 1475 167 πράγμασι
1489 131 1634 167 τρίϐωνα).
1650 133 1709 167 ἅμα

82 190 124 215 λον)
138 189 231 218 δουκδς
251 187 330 220 ἀξίαν
342 186 389 214 τοῦ
410 185 530 220 Ἰκαρίου
544 185 592 212 καὶ
604 185 650 212 τὸν
673 184 766 212 στόλον
780 183 864 217 ἄγον-

82 244 133 262 τος.

82 317 130 350 κη’.
147 315 207 341 Ἔτι
224 313 259 339 τὰ
274 311 349 339 κατὰ
433 311 719 350 ’πατριαρχεύσαντα
752 310 864 344 Ἰωσὴφ

339 347 388 374 καὶ
407 347 461 373 τὸν
474 346 598 374 Βέκκυν.

114 417 164 444 Τοῦ
185 415 285 452 Ἰωσὴφ
310 416 338 442 δὲ
355 415 511 449 καθημένου
525 415 554 441 ὲν
569 416 602 450 τῇ
618 415 689 442 κατὰ
712 415 758 442 τὸν
789 415 867 442 Ἀνά-

83 463 160 490 πλουν
176 463 257 498 μονῇ,
272 462 349 494 νόσος
361 462 540 488 ἐπεισπίπτει
553 461 591 495 τῷ
608 461 719 497 Ἰωάννῃ
735 469 867 496 πατριάρ-

82 508 166 544 χοῦντι
186 508 259 543 δεινή
271 515 278 523 ·
292 505 326 543 ἦν
340 508 364 534 δ’
377 507 458 538 αὐτὸς
487 508 502 533 ὁ
528 507 630 538 Βέκκος
645 508 659 533 ὁ
672 508 719 534 καὶ
733 507 867 542 πρότερον

83 554 267 591 χαρτοφὺλαξ,
283 554 338 581 Καὶ
358 554 391 590 δὴ
407 553 493 580 πολλὰ
508 553 603 579 παθὼν
616 554 662 579 καὶ
686 553 793 588 ῥαΐσας,
811 555 867 584 τοῖς

85 602 181 636 ἰατροῖς
195 601 274 632 δέξαν
290 601 319 627 ὲν
342 601 441 636 σχολῆς
456 600 531 633 τόπῳ
556 598 737 633 μετατεθέντα
755 599 801 625 τὶν
820 599 869 634 άρ-

84 647 234 680 ρωστοῦντα
247 646 307 674 κατ’
326 647 395 674 ἰδίαν
410 645 622 681 θεραπεύεσθαι,
638 645 675 679 μὴ
692 646 737 672 καί
754 646 770 681 ή
786 646 867 680 ἀσχο-

82 693 123 720 λία
138 693 234 728 τριῆὴν
254 693 357 728 ἐμποιῇ
377 694 410 727 τῇ
435 692 516 726 νόσῳ,
535 692 596 718 ἐπεὶ
610 691 670 723 ἱκαὶ
687 692 784 727 ῥαΐσας
800 693 869 726 πρὸς

81 739 117 773 τῷ
132 739 178 765 καὶ
191 739 268 773 πόμα
285 738 329 774 [Ρ.
344 738 410 774 2811
425 738 594 773 καθαρτικὸν
610 737 811 772 προσφέρεσθαι
822 736 867 772 ἦν,

81 784 151 817 ὁτῆς
168 783 279 818 Λαύρας
299 784 368 817 πρὸς
379 783 465 809 ταῦτα
481 784 564 814 τόπος
578 783 702 817 ἐκρίνετο
719 783 866 818 χρήσιμος.

83 830 136 856 Καὶ
148 831 162 856 6
186 830 236 864 μὲν
252 829 381 864 βασιλεὺς
396 830 440 857 διὰ
461 829 548 856 ταῦτα
570 829 728 865 μεταθεῖναι
746 829 793 856 τὴν
814 829 869 856 ἰω-

83 875 135 910 σὴφ
149 876 286 908 ἐϐούλετο,
304 876 341 908 ὡς
367 876 418 903 οὐκ
432 876 571 911 εὐπρεπὲς
597 876 685 907 ἄλλως
713 876 742 902 ὃν
767 877 796 916 εν
820 877 869 911 μιᾷ

83 923 148 956 μονῇ
163 921 314 956 διατρίϐειν
338 922 385 949 τόν
409 931 439 949 τε
466 922 552 958 ἀργὸν
572 923 604 949 ἐκ
624 923 808 958 πατριαρχία;
824 925 871 949 καὶ

82 967 127 994 τὸν
145 968 194 1003 ἤδη
213 969 462 1004 πατριαρχεύοντα.
487 969 557 996 Ἀλλ’
573 970 586 996 ὁ
607 969 733 1004 Ἰωάννης
748 969 806 1004 ἃμα
822 970 870 1003 μὲν

83 1013 157 1044 εἰδὼς
176 1014 206 1040 τὸ
230 1015 277 1040 τοῦ
305 1013 403 1049 Ἰωσὴφ
430 1015 532 1049 ἰλαρὺν,
554 1016 600 1042 καὶ
619 1015 657 1047 ὡς
672 1015 755 1042 αὑτοῦ
776 1015 871 1050 σχεδὶν

82 1059 273 1094 ψηφισαμένου
295 1061 398 1092 ἐκεῖνος
422 1061 457 1088 τὰ
481 1061 599 1096 πηδάλια
626 1061 676 1095 τῆς
708 1061 871 1096 Ἐκκλησίας

82 1105 219 1141 ἐλάμϐανε
235 1106 295 1142 (καὶ
309 1107 364 1142 γὰρ
379 1108 429 1142 τὴν
448 1107 496 1134 ἀπ’
512 1108 616 1134 ἐκείνου
639 1107 736 1143 βουλὴν
755 1107 839 1134 θέλων
859 1109 872 1134 ὁ

83 1151 192 1186 κρατῶν
218 1152 370 1187 λαμϐάνειν
400 1153 464 1188 περὶ
490 1152 636 1188 προσώπου
667 1152 871 1185 διεπυνθάνετο,

84 1199 211 1232 κάκεῖνος
233 1199 330 1227 τοῦτον
350 1201 426 1235 παρὰ
440 1201 503 1233 τοὺς
529 1201 644 1234 πολλοὺς
668 1202 811 1237 ἐξελέγετο
835 1202 873 1234 ὼς

886 813 906 840 Β

85 1294 186 1317 terram
212 1291 361 1326 quotannis
385 1292 490 1320 invecta
517 1300 577 1320 eam
603 1287 746 1326 vastabat,
766 1295 874 1322 danmts

84 1334 204 1363 alliciens
229 1337 406 1372 ingentibus;
437 1346 487 1366 nec
507 1339 642 1366 Guliehno
668 1341 786 1375 spatium
812 1349 875 1376 pro-

85 1383 165 1416 spere
189 1383 339 1418 quidquam
358 1385 455 1419 agendi
477 1393 509 1413 ac
533 1394 566 1413 ne
589 1387 740 1421 respirandi
764 1389 872 1423 quidem

83 1428 167 1455 dabat
193 1428 283 1456 hoSIis
303 1430 326 1456 ei
343 1430 487 1465 oppositus
505 1431 619 1467 impiger
640 1433 753 1465 lcarius,
782 1435 873 1469 magni

80 1473 137 1508 jam
157 1474 237 1502 ducis
253 1480 387 1510 potestate
397 1477 514 1505 classem
532 1478 661 1505 ductans.

888 1482 909 1510 C

99 1542 146 1570 28.
167 1541 271 1569 Rursus
284 1543 316 1570 de
328 1545 518 1578 expatriarcha
534 1545 649 1581 losep/w
662 1553 686 1575 et
706 1548 738 1574 de
760 1548 855 1576 Verco.

118 1609 280 1638 Diversante
297 1619 389 1646 porro,
407 1616 437 1639 ut
453 1613 554 1641 dictum
572 1619 623 1646 est,
640 1615 758 1650 Josepho
773 1617 800 1644 iu
818 1626 876 1644 mo-

82 1657 205 1683 nasterio
219 1657 253 1683 ad
270 1657 405 1692 Anaplum
425 1659 488 1691 sito.
511 1660 606 1688 morho
631 1663 778 1697 corripitur
800 1665 875 1698 gravi

83 1700 207 1728 Joannes
231 1703 404 1735 patriarcha.
432 1704 535 1732 Veccus
563 1706 708 1739 nimirum,
734 1708 803 1734 idem
830 1709 875 1742 qui

56 1783 59 1785 ἓ
83 1746 279 1782 chartophylax
298 1748 373 1781 prius
387 1748 485 1776 fuerat.
503 1748 627 1778 Pereunt
643 1751 800 1787 languerem
814 1761 875 1780 cum

83 1793 170 1819 multa
187 1793 226 1819 rel
243 1793 326 1829 414
340 1802 354 1820 a
374 1795 446 1822 malo
462 1795 521 1830 ipso
537 1796 577 1823 vel
601 1804 616 1824 a
639 1799 767 1826 remediis
781 1807 877 1833 passus

84 1837 246 1865 meliuscule
269 1839 325 1873 jam
353 1839 452 1867 habere
479 1841 627 1874 videretur,
653 1844 767 1871 medicis
789 1845 876 1872 visum

84 1883 228 1910 transferri
244 1891 346 1918 aegrum
363 1891 488 1920 oportere
502 1887 530 1914 in
546 1889 690 1916 seductum
704 1897 720 1917 a
736 1891 815 1918 turba
829 1899 879 1918 nc-

83 1930 222 1963 gotiorum
238 1931 340 1964 locum,
356 1932 402 1959 ubi
419 1934 511 1960 curari
524 1942 571 1968 per
586 1935 672 1963 otium
688 1943 790 1971 posset,
804 1939 878 1966 nulla

85 1976 280 2010 interpellante
307 1978 430 2006 molestia
461 1980 684 2014 quotidianarum
719 1985 879 2018 occupatio-

84 2029 165 2048 num.
177 2022 358 2050 Decreverant
376 2029 467 2052 autem
485 2026 510 2052 in
524 2026 574 2053 ista
587 2027 610 2054 ei
625 2028 718 2062 quiete
732 2030 880 2064 propinare

84 2069 233 2102 purgantia
249 2071 372 2104 qua-dam
391 2070 549 2105 pharmaca,
567 2073 653 2101 morbi
673 2074 798 2104 videlicet
814 2077 878 2104 reli-

83 2115 170 2148 quias
185 2121 212 2141 et
234 2116 329 2142 noxios
353 2116 484 2144 humores
500 2117 559 2152 ejus
575 2126 672 2148 causas
688 2120 810 2149 funditus
827 2131 876 2151 ex-

84 2159 232 2186 haustura.
251 2159 381 2188 Secessus
398 2169 479 2196 porro
501 2163 534 2190 ad
559 2171 620 2192 eam
644 2173 700 2193 rem
718 2169 878 2202 aptissimus

84 2205 178 2232 Laura
190 2208 336 2241 putabatur
347 2208 442 2235 eadem
455 2209 498 2236 illa
516 2209 559 2237 ubi
578 2211 691 2247 degebat
704 2215 748 2248 qui
763 2215 879 2249 patriar-

82 2252 137 2278 cha
165 2251 254 2280 fderat
280 2252 427 2288 Josephus,
453 2263 534 2288 quem
560 2256 622 2284 ideo
646 2258 792 2294 imperator
814 2262 878 2290 alibi

82 2298 224 2326 collocare
240 2303 385 2332 statuerat,
403 2300 473 2328 haud
489 2306 702 2331 consentaneum
719 2307 879 2336 existimans

81 2344 185 2372 eodem
212 2345 341 2380 hospitari
368 2347 508 2375 domicilio
537 2348 707 2378 decessorem
734 2360 878 2381 successo-

83 2398 203 2425 remque
219 2392 430 2426 patriarchatus.
451 2393 552 2422 Verum
567 2394 688 2424 Joannes
706 2397 785 2425 simul
803 2407 879 2427 cont-

82 2440 197 2470 pertam
221 2437 325 2466 habens
349 2446 453 2466 comem
482 2440 651 2477 hilaremque
667 2441 777 2477 Josephi
803 2445 880 2474 indo-

83 2483 153 2514 lem,
168 2483 250 2510 simul
262 2485 388 2513 conscius
400 2485 457 2519 ipso
470 2491 571 2513 tantum
585 2495 638 2515 non
650 2489 723 2516 clare
735 2490 881 2525 palamque

82 2529 258 2563 suﬂ'ragante
275 2538 335 2558 sese
351 2539 438 2565 nuper
452 2533 485 2558 ad
501 2532 629 2561 Ecclesia:
646 2533 730 2562 fuisse
745 2536 881 2570 guberna-

81 2575 150 2602 Cuia
170 2581 325 2610 ptomotnm
342 2577 453 2612 (etenim
467 2577 578 2613 Josephi
594 2580 755 2608 sententiam
770 2582 803 2609 de
817 2591 880 2610 suc-

81 2630 202 2649 cessore
227 2622 322 2649 volens
347 2623 496 2657 imperator
522 2625 680 2660 explorare,
705 2628 881 2656 consuluerat

80 2676 151 2695 eum
171 2668 205 2695 de
221 2675 336 2703 persona
352 2677 432 2703 quam
450 2669 474 2697 ei
493 2671 597 2697 muneri
618 2675 709 2705 aptam
727 2672 879 2707 judicaret;

81 2719 110 2742 et
127 2714 271 2749 Jo.~ephus
287 2715 405 2743 Veccum
431 2723 486 2749 ora:
508 2716 601 2744 multis
626 2717 658 2744 ad
677 2717 702 2744 id
718 2719 838 2754 elegerat
853 2725 882 2748 ut

80 2766 108 2789 et
122 2762 232 2797 alioqui
245 2762 377 2790 disertum
389 2771 421 2790 ac
431 2764 553 2796 doctum,
566 2768 695 2796 pratlerea
709 2767 880 2801 negotiorum

79 2807 331 2835 adtninistratloue
360 2808 472 2842 tritum,
497 2808 614 2844 denique
640 2814 738 2844 praeter
765 2817 880 2847 caetera,

918 181 968 217 μὲν
991 181 1037 209 οὖν
1060 182 1105 208 διὰ
1122 182 1220 213 ταῦτα,
1246 180 1304 215 ἆμα
1326 180 1353 206 δὲ
1381 179 1482 214 καὶτῷ
1499 180 1548 214 τῆς
1574 179 1708 214 σφετέρας

916 226 1031 262 γνώμης
1047 227 1184 254 πιστεύων
1199 226 1342 262 εἰρηνικῷ,
1359 225 1508 252 διεκώλυσε
1525 226 1574 259 μὲν
1585 226 1630 252 τὸν
1650 226 1708 252 Ἰωι

918 273 973 309 σὴφ
993 273 1197 309 μετατίθεσθαι,
1215 273 1287 299 οὕτω
1309 272 1331 298 δ’
1359 272 1436 302 ὄντος
1450 271 1541 297 ἐκεῖσε
1565 272 1612 297 καὶ
1628 270 1710 302 αὐτὸς

916 321 950 355 τῇ
970 322 1038 356 μονῇ
1053 320 1175 354 ἐνδημεῖ,
1194 319 1240 346 καὶ
1251 317 1285 354 ἦν
1301 319 1331 344 τὸ
1348 318 1402 344 ἀπὸ
1414 318 1489 344 τοίδε
1508 318 1553 344 καὶ
1568 326 1709 353 προσαπο-

918 367 1038 393 στὲλλων
1058 367 1123 402 πρὸς
1149 366 1259 402 Ἰωσὴφ,
1282 365 1328 392 καὶ
1340 366 1389 397 τὰς
1407 365 1455 391 ἀπ’
1467 365 1574 391 ἐκείνου
1590 364 1709 398 ἀποκρί-

919 421 977 444 σεις
995 412 1166 447 φιλοφρόνως
1181 409 1228 439 καὶ
1251 412 1321 447 μετὰ
1338 411 1504 446 προσηνείας
1523 411 1613 446 πάσης
1635 410 1711 446 δεχό-

919 466 1011 493 μενος.
1032 455 1086 485 1Ἠν
1109 458 1163 492 γὶρ
1192 459 1205 484 ὁ
1230 457 1300 493 ἀνὴρ
1325 458 1430 488 ἐκεῖνος
1454 457 1594 492 εἰρηνικός
1611 466 1642 483 τε
1663 457 1711 482 καὶ

919 505 1021 540 ἰλαρδς,
1041 506 1089 532 καὶ
1116 504 1244 531 τοσοῦτον
1274 505 1307 540 τῇ
1339 505 1389 539 τῆς
1419 504 1583 539 Ἐκκλησίας
1610 504 1711 539 πράξει

918 552 1055 588 ἀπήχθετο
1069 551 1138 579 ὥστε
1154 551 1215 587 μηδ’
1231 551 1408 586 αἰσχύνεσθαι
1425 550 1553 582 πολλάκις
1568 550 1711 585 epulo-1W

917 598 965 624 τὸν
979 599 1060 633 ὅρκον
1068 598 1197 632 γενέσθαι
1206 597 1338 632 κωλύμην
1346 597 1394 624 τοῦ
1407 597 1457 624 καὶ
1472 596 1554 623 αὑτὸν
1567 598 1596 623 ὲν
1606 596 1711 627 τούτοις

920 643 999 675 εἶναι.
1019 645 1079 670 ἐπεὶ
1093 644 1177 671 πλέον
1189 645 1239 671 οὐκ
1254 642 1287 680 ἦν
1309 643 1436 678 γενέσθαι
1451 643 1504 670 τῶν
1523 642 1710 678 πραχθέντων,

919 691 955 722 ὡς
983 691 1186 726 ὑπελάμϐανεν.
1222 691 1266 717 Ἐν
1281 691 1387 721 τούτοις
1412 690 1514 724 διάγων
1539 691 1553 717 ὁ
1584 690 1712 724 Ἰωάννης

920 738 1007 764 πολλὰ
1025 737 1074 771 μὲν
1089 737 1255 772 γραμμάτια
1270 737 1311 769 εἰς
1332 739 1427 772 χεῖρας
1443 736 1500 772 εἶχε
1521 737 1678 772 λαμόάνων,
1695 736 1713 763 ἃ.

921 784 953 819 δὴ
970 785 1016 811 καὶ
1030 785 1053 810 οἰ
1071 784 1228 819 σχιζόμενοι
1242 784 1392 816 ἐξετέθουν,
1408 784 1561 815 δεικνύντες
1575 784 1624 818 τὴν
1641 784 1713 818 πρᾶ-

923 830 963 863 ξιν
978 830 1015 861 ὡς
1031 831 1171 865 σφαλερὰν
1193 831 1241 857 καὶ
1264 830 1332 856 Θεοῦ
1360 831 1456 866 πόρῤω
1477 830 1638 865 βάλλουσαν,
1655 830 1714 864 ἅμα

920 875 946 901 δὲ
962 876 1016 903 καὶ.
1027 876 1089 907 τοὺς
1113 876 1231 908 Ἰταλοὺς
1246 876 1358 910 ἐνόχοις
1371 876 1511 910 αἱρέσεσιν
1525 876 1555 902 οὐ
1573 884 1714 903 συνεσκια-

921 922 1033 956 σμέναις
1049 922 1136 953 ἄλλως
1153 921 1199 948 καὶ
1215 923 1388 957 ἀμφιὸόλοις,
1403 922 1462 948 ἀλλ’
1473 923 1609 957 ἐμφανέσι
1621 931 1651 948 τε
1667 923 1714 950 καὶ

920 968 1072 1002 λαμπραῖς.
1092 966 1172 1002 Εἶχον
1188 968 1216 994 δὲ
1239 968 1287 994 καὶ
1305 969 1359 995 ἀπὸ
1380 969 1496 1003 Γρατεῶν
1511 969 1548 1000 ὼς
1564 969 1646 1004 δῆθεν
1665 970 1715 1001 τὰς

922 1013 1082 1045 ὑπ’δδείξεις,
1096 1013 1128 1045 ἃς
1143 1015 1190 1040 καὶ
1206 1014 1428 1050 κατεστρώννυον
1442 1015 1647 1051 συνεχέστερον,
1663 1016 1715 1043 κᾶν

922 1060 973 1086 πού
995 1069 1020 1085 τι
1045 1061 1093 1086 καὶ
1116 1060 1204 1094 ἁγίοις
1229 1061 1333 1096 ὲρῤήθη
1351 1061 1547 1096 θεληματικὸν,
1572 1062 1643 1089 εἴποι
1659 1070 1714 1094 τις,

923 1106 972 1131 καὶ
989 1106 1019 1132 τὸ
1035 1107 1104 1133 κατὰ
1123 1108 1192 1140 σφᾶς
1209 1107 1344 1141 παριστάν
1369 1107 1451 1139 ἰδίως,
1467 1107 1505 1139 ὡς
1521 1108 1586 1142 περὶ
1602 1108 1716 1143 εἰρήνης

922 1149 978 1178 οἷον
991 1151 1029 1183 ὼς
1045 1153 1216 1188 εἰρηνευτέον
1237 1153 1286 1187 μὲν
1303 1153 1371 1179 ὅπου
1394 1153 1431 1189 μὴ
1446 1153 1511 1180 Θεὸν
1529 1154 1714 1189 ζημιούμεθα,

923 1198 971 1224 καὶ
989 1199 1157 1233 πολεμητέον
1173 1198 1249 1231 αὖο.ς
1267 1199 1333 1226 ὅπου
1352 1199 1517 1236 ζημιοῦσθαι
1542 1201 1608 1228 Θεὸν
1625 1201 1717 1228 κινδυ.

924 1288 995 1322 quod
1012 1287 1072 1323 ejus
1091 1289 1240 1323 tranquillo
1253 1294 1279 1315 et
1292 1289 1416 1317 studioso
1432 1291 1508 1325 pacis
1523 1291 1632 1326 ingenio
1651 1299 1717 1319 con-

925 1336 1041 1370 ﬁderet),
1054 1335 1120 1366 hare,
1129 1336 1249 1370 inquam,
1259 1335 1378 1363 Joannes
1391 1343 1520 1372 reputans
1531 1339 1636 1366 obstitit
1648 1346 1717 1374 quo«

926 1382 1018 1408 minus
1033 1382 1095 1408 inde
1109 1381 1243 1417 Josepltus
1258 1387 1441 1410 amovrretur.
1460 1383 1507 1410 Illo
1522 1384 1602 1418 igitur
1618 1385 1716 1412 ibidem

926 1429 1119 1459 permanente,
1149 1427 1245 1453 eodem
1275 1431 1301 1453 et
1329 1426 1387 1460 ipse
1417 1427 1546 1460 dirertit,
1577 1429 1719 1457 missitans

926 1470 1041 1497 subinde
1056 1470 1192 1498 olliciosas
1217 1471 1250 1497 ad
1270 1480 1332 1498 cum
1358 1473 1544 1506 salutationes,
1564 1479 1590 1501 et
1609 1478 1718 1502 mutuas

927 1516 961 1543 ab
976 1516 1034 1551 ipso
1049 1518 1186 1544 comitatis
1200 1517 1407 1546 humanissima:
1420 1520 1635 1555 signiﬁcationes
1649 1523 1717 1548 reci-

927 1561 1013 1595 piens.
1027 1561 1093 1588 Erat
1103 1561 1176 1588 enim
1189 1560 1324 1596 Josephus
1338 1563 1405 1590 adeo
1417 1565 1536 1598 pacilica:
1551 1564 1717 1599 placidteqne

926 1612 1040 1640 naturae,
1068 1612 1097 1634 ut
1119 1615 1152 1634 co
1176 1608 1248 1642 quod
1274 1608 1406 1636 hactenus
1431 1609 1549 1637 Ecclesia
1566 1616 1659 1645 egerat
1683 1611 1717 1638 ad

927 1660 1021 1688 pacem
1058 1653 1177 1681 oblatam
1205 1654 1414 1682 disturbandam
1441 1656 1641 1689 ollendcretur,
1668 1665 1719 1684 nec

927 1699 1030 1727 vetitus
1047 1700 1144 1727 fuisset
1161 1701 1238 1728 fateri
1264 1701 1363 1736 smpins
1380 1709 1419 1734 se,
1438 1702 1488 1729 nisi
1513 1709 1718 1738 prmoceupatus

925 1745 1073 1780 jnramenti
1098 1755 1112 1773 a
1139 1754 1169 1775 se
1195 1747 1284 1782 palam
1309 1747 1374 1775 editi
1399 1748 1528 1783 religione
1553 1748 1661 1783 fuisset,
1684 1752 1717 1776 ad
1738 1747 1742 1750 ’

927 1793 1019 1820 omnia
1047 1792 1133 1821 fui55e
1160 1800 1338 1821 assensurum
1363 1801 1370 1820 :
1394 1801 1444 1822 nec
1467 1795 1539 1822 enim
1555 1794 1638 1831 415
1660 1795 1718 1830 jam

929 1840 1118 1873 suspicabatur
1144 1840 1216 1874 quod
1242 1844 1322 1867 antea
1350 1840 1495 1872 timuerat,
1521 1849 1576 1868 rem
1602 1842 1719 1869 ulterius

929 1893 1119 1920 processutam
1144 1893 1225 1920 quam
1252 1893 1307 1921 quo
1333 1890 1406 1913 esset
1432 1886 1565 1914 hactenus
1582 1893 1718 1922 promota.

930 1931 968 1958 Eo
982 1932 1064 1966 igitur
1081 1932 1201 1967 hospitio
1216 1931 1336 1959 Joannes
1354 1936 1444 1964 utens,
1461 1933 1562 1960 multos
1578 1933 1604 1960 in
1621 1942 1721 1962 manus

930 1979 1046 2014 sumpsit
1060 1979 1176 2014 legitque
1189 1979 1295 2006 libellos
1309 1979 1344 2006 ab
1367 1979 1400 2007 iis
1414 1979 1580 2014 compositos
1596 1980 1643 2015 qui
1658 1988 1722 2015 per—

930 2025 1091 2052 severabant
1107 2026 1134 2052 in
1150 2025 1317 2058 schismate;
1340 2033 1457 2060 quorum
1482 2030 1540 2052 erat
1557 2033 1656 2060 scopus
1674 2034 1718 2054 os-

930 2071 1039 2099 tendere
1055 2075 1210 2106 suspectum
1227 2071 1278 2099 hoc
1297 2075 1382 2098 totutu
1399 2071 1475 2106 pacis
1491 2072 1628 2106 negotium
1648 2079 1722 2105 esse,

931 2118 1064 2151 longeque
1089 2125 1103 2144 a
1131 2117 1185 2144 Deo
1208 2124 1240 2143 ac
1264 2122 1328 2144 Vera
1355 2116 1484 2152 religione
1500 2125 1548 2144 nos
1563 2117 1722 2152 abducens;

932 2168 1060 2198 pra-terea
1086 2162 1167 2189 ltalos
1192 2163 1332 2190 lmrcseon
1360 2162 1446 2189 teneri
1473 2170 1545 2196 reos,
1570 2171 1721 2199 earutnque

931 2219 984 2237 non
1001 2209 1171 2237 occultarum
1187 2214 1234 2236 aut
1250 2209 1305 2236 ullo
1327 2209 1407 2236 modo
1430 2208 1586 2242 dubiarum,
1601 2210 1647 2236 sed
1665 2210 1721 2237 evi<

931 2257 1052 2284 dentium
1075 2261 1103 2283 ct
1119 2255 1270 2283 meridiana
1296 2255 1420 2283 claritate
1437 2260 1648 2290 compertarum.
1666 2256 1722 2283 Ta-v

931 2303 997 2330 lium
1015 2306 1182 2330 assertorum
1200 2302 1364 2330 documenta
1377 2310 1406 2330 se
1425 2302 1524 2330 habere
1548 2302 1652 2330 scilitet
1665 2302 1724 2330 aie~

932 2349 996 2376 bant
1025 2348 1169 2376 manifesta
1193 2349 1328 2383 planeque
1353 2348 1541 2376 convincentia
1568 2348 1725 2376 testimonia

931 2395 1094 2430 scriptorum
1118 2395 1348 2427 authenticorum,
1364 2402 1425 2429 quae
1444 2400 1472 2421 et
1493 2394 1638 2422 ambitiose
1655 2401 1720 2421 con-

932 2446 1053 2469 texentes
1069 2441 1250 2476 proferebant.
1267 2441 1305 2468 At:
1323 2441 1344 2467 si
1361 2441 1433 2475 quod
1450 2444 1607 2476 sanctorum
1632 2447 1725 2468 asser~

933 2493 988 2515 ttun
1011 2488 1037 2514 in
1057 2488 1224 2516 contrarium
1251 2493 1442 2522 opponeretur,
1460 2488 1577 2521 primum
1601 2487 1727 2522 excipie—

933 2535 997 2562 bant
1020 2534 1208 2566 arbitrarium,
1226 2539 1255 2561 ut.
1268 2534 1329 2568 quis
1350 2534 1460 2566 dixerit,
1476 2534 1501 2561 id
1524 2542 1596 2565 esse,
1616 2533 1667 2561 hoc
1682 2538 1725 2561 est

932 2589 982 2616 pro
1006 2581 1063 2609 sola
1086 2572 1227 2608 voluntate
1251 2581 1311 2616 paci
1334 2581 1500 2607 studentium
1515 2581 1548 2607 ad
1571 2579 1728 2607 concordia}

933 2627 1031 2655 oblatae
1048 2627 1299 2662 comprobatiouem
1314 2626 1528 2654 accommodari.
1547 2625 1647 2653 Deinde
1658 2633 1724 2652 con-

933 2674 1065 2702 cedebant
1095 2672 1248 2700 faciendam
1278 2680 1344 2700 sane
1370 2680 1479 2707 pacem,
1505 2673 1552 2700 sed
1577 2677 1642 2700 tunc
1664 2677 1723 2700 tan—

934 2727 1000 2756 ttnn,
1024 2722 1134 2757 quando
1156 2730 1210 2748 non
1233 2721 1387 2756 exigeretur
1403 2729 1553 2749 consrnsns
1571 2721 1597 2747 in
1623 2721 1649 2748 id
1668 2728 1728 2756 quo

935 2769 1017 2796 Deum
1040 2768 1139 2795 oﬂ‘cndl
1162 2773 1320 2795 constaret:
1348 2775 1435 2803 neque
1456 2767 1529 2794 enim
1556 2767 1601 2794 Dei
1615 2767 1724 2802 jactura

933 2815 1002 2843 bene
1033 2814 1260 2851 tranquillitazem
1287 2816 1359 2849 emi;
1386 2816 1525 2851 satiusque
1552 2814 1638 2842 multo
1661 2820 1724 2843 esse
