1944 3067
91 115 140 144 87:]
556 113 604 143 DE
626 112 823 143 MICHAELE
846 110 1075 141 PAUEOLOGO
1097 112 1169 141 LIB.
1194 113 1226 140 Υ.
1658 109 1710 140 δτι

93 171 230 197 κιινωνεῑν
246 170 362 201 ἐκείνοις
377 169 432 196 τῶν
449 169 629 204 χαρισμάτων
645 169 690 196 τοῦ
708 170 875 204 Πνευματος⁶
892 169 915 198 Α
928 176 993 200 των,
1011 168 1048 204 μὴ
1063 169 1102 195 δτι
1115 176 1147 202 γε
1161 167 1214 194 τῶν
1232 167 1375 202 γνωρίμων
1391 167 1502 201 συχνοὺς
1517 167 1554 197 εἰ,
1571 166 1711 200 rapiatq-

91 219 104 244 ὃ
120 219 166 244 καὶ
181 218 237 248 τοῖς
250 225 282 243 πε
288 219 314 251 ρὶ
330 217 434 243 ἐκεῖνον
447 217 493 242 καὶ
506 215 608 248 λοιποῖς
623 215 712 247 ἄλλοις
725 216 774 242 οὐκ
787 214 876 242 οἰστὸν

89 262 134 300 ἦν.
153 264 202 290 Διὰ
220 263 301 289 τοῦτο
316 263 363 289 καὶ
375 262 514 297 ὁσημέραι
528 262 746 297 προσφοιτῶντες
761 260 876 296 ἀνεθάρ-

91 311 167 344 ρυιίον
185 308 268 335 πλέον
291 308 358 343 πρὸς
376 308 404 335 τὶ,
415 307 517 338 τελέως
530 307 683 343 σχίζεσθαι.
700 306 777 333 Τοῦτ’
793 307 876 333 ἀκου-

93 356 151 381 σθεν
162 355 200 389 τῷ
216 353 373 389 κρατοῦντι,
393 354 406 379 ὁ
426 353 453 379 δὲ
470 353 659 388 πληροφορίαν
672 353 723 387 τὴν
743 353 782 382 εἰς
806 352 877 377 ἐκεῖ·

92 409 133 426 νον
146 400 254 434 ἐκείνην
270 398 360 432 ἀφεὶς,
376 398 423 423 καὶ
437 397 467 424 τὺ
484 398 531 424 ἐπὶ
545 397 651 429 πολλοῖς
665 396 876 431 συγκεχωρηκὸς

93 448 122 473 ἐκ
146 446 302 480 προθέσεως
318 445 347 471 οὗ
364 445 435 472 πάνυ
461 444 586 479 μετρίας,
609 444 646 475 ὡς
669 444 699 470 οὐ
717 444 807 470 δίκαια
824 442 876 469 πά-

94 501 162 526 σχων
184 491 390 526 κατεμέμφετο,
404 491 428 517 εί
442 490 524 521 αὐτὸς
547 489 597 525 μὲν
612 489 754 524 συνήδεται
775 489 798 516 οἱ
817 489 876 519 ταῖς

95 537 279 565 ἀναπαύσεσιν
297 537 335 566 ὡς
352 536 424 567 εἰκὸς
443 535 724 571 προσαποδεχόμενος,
740 534 841 564 ἐκεῖνος
853 533 876 559 δ’

92 583 205 617 ἀνδράσι
235 581 419 616 προσφέρεται
451 579 574 615 εὐμενῶς
604 579 651 605 καὶ
672 579 779 609 οἰκείως
805 579 875 604 πάνυ

94 629 158 655 πολὺ
174 628 204 654 τὸ
218 627 287 661 πρὸς
301 627 384 652 αὑτὸν
398 626 538 660 διεστηκὸς
560 625 678 660 ἔχουσιν,
694 624 764 651 ὥστε
785 625 831 649 καὶ
846 624 876 649 τὸ

94 675 172 709 σῶμα
183 672 365 706 κατατέμνειν
381 671 428 705 τῆς
450 671 624 705 Ἐκκλησίας.
641 670 748 705 Χρῆναι
766 669 788 696 δ’
804 669 876 695 ὲκεί-

93 728 151 750 vos;
168 718 253 752 αὐτῷ,
273 718 318 743 καὶ
342 716 379 752 μὴ
404 717 484 743 αὐτὸν
508 717 600 750 σφίσιν
625 715 748 746 ἕπεσθαι,
769 715 877 750 ἐχθροῖς

92 764 224 799 ὁριδήλως
239 763 299 790 οὖσι
315 763 362 789 καὶ
375 762 420 788 ἐπὶ
433 763 488 794 τοῖς
505 763 644 796 μεγίστοις
659 761 876 796 διαφερομένοις.

93 809 262 844 Προῦπεμπε
291 807 380 834 τοίνυν
404 807 466 837 τοὺς
495 807 664 841 ἁπεροῦντας
689 806 726 841 μὴ
752 805 877 840 δέχεσθαι

92 842 160 887 σφᾶς
176 873 184 884 ,
196 842 230 888 ἦν
247 852 323 887 μέλοι
337 853 359 879 ol
377 852 424 878 τοῦ
442 851 503 878 καθ’
520 851 635 886 ἡσυχίαν
651 852 799 886 καθῆσθαι.
823 852 879 879 Ίω-
895 842 915 869 Β

92 900 144 934 σὴφ
159 899 181 925 δ’
203 897 383 933 ἁπεκρίνατο,
401 897 434 932 ἢν
457 897 538 924 αὐτόν
557 905 586 923 τε
612 898 780 931 περιορίζειν
806 897 878 924 θέλοι

92 945 138 971 καὶ
163 944 228 974 τοὺς
257 942 325 978 ἀμφ’
353 942 445 974 αὑτὸν,
477 942 612 969 οὕτωκαὶ
629 942 787 976 ἀναγκαίως
815 943 879 974 τοὺς

92 990 255 1025 προσιόντας
269 989 310 1024 μὴ
322 987 459 1023 δέχεσθαι,
476 986 609 1023 πρότερον
621 988 644 1014 δ’
659 988 690 1014 οὐ
704 988 793 1019 καλῶς
806 988 880 1023 ἔχειν

92 1035 318 1071 κατηγορεῖσθαι,
341 1035 373 1070 ῆν
397 1042 473 1066 τινας
497 1034 661 1069 προσιόντας
688 1034 735 1061 καὶ
759 1034 878 1069 δέχοιτο·

92 1083 218 1117 ἀνάγκην
231 1082 287 1117 γὰρ
308 1079 378 1108 εἷναι
397 1081 568 1116 προσφοιτᾷν
583 1080 658 1115 σφίσι
674 1080 719 1107 καὶ
732 1080 785 1107 τῶν
798 1080 881 1115 ἀγνώ-

91 1171 178 1207 gratia
191 1170 280 1198 sancti
305 1169 447 1204 Spiritus;
462 1167 533 1204 quod
546 1172 572 1196 et
592 1167 626 1195 iis
641 1167 688 1203 qui
705 1167 777 1195 circa
792 1167 881 1202 ipsum

91 1222 168 1245 erant
183 1222 210 1244 et
233 1216 346 1251 reliquis
356 1215 419 1242 aliis
442 1214 585 1242 videbatur
596 1214 775 1242 intolerabile.
792 1213 882 1247 Quare

90 1264 180 1299 ipsum
190 1262 310 1298 quotidie
319 1262 449 1289 adeuntes
461 1261 542 1288 etiam
552 1265 634 1295 atque
645 1260 726 1288 etiam
738 1265 881 1296 urgebant,

92 1316 120 1338 ut
132 1312 214 1346 plane
235 1317 265 1338 se
285 1317 317 1336 ac
337 1308 426 1343 palam
443 1308 616 1336 absainderet
630 1307 663 1334 ab
676 1307 750 1335 omni
765 1315 881 1335 consue-

91 1356 186 1384 tudine
206 1360 308 1390 partem
325 1354 493 1381 contrariam
507 1353 684 1382 sectantium.
699 1352 727 1380 1d
744 1361 808 1381 vero
830 1354 883 1382 sibi

91 1402 247 1430 nuntiatum
278 1401 428 1435 imperator
461 1400 573 1435 gravius
596 1399 703 1435 accepit
720 1407 802 1435 quam
833 1408 884 1436 pro

91 1454 189 1477 emtera
202 1455 252 1475 sua
274 1446 301 1473 in
323 1454 385 1473 eum
401 1446 534 1473 hactenus
552 1445 741 1473 demonstrata
764 1446 882 1473 benevo-

928 222 981 241 σιν.
1000 214 1036 240 Ἢ
1054 213 1120 247 γοῦν
1136 212 1314 248 περιορίζειν,
1331 213 1355 238 εἰ
1371 211 1453 243 θέλοι,
1470 211 1485 246 ἧ
1501 211 1593 238 ἄνετον
1609 212 1713 244 ἀφέντα

927 258 1123 285 ἀκαταιτίατον
1150 258 1186 293 μὴ
1218 257 1386 293 μέμφεσθαι.
1413 257 1505 284 Ταῦτα
1523 257 1582 292 πμὲν
1614 256 1712 292 Ἰωσὴφ

927 304 1103 339 ἁπεκρίνατο,
1120 303 1150 330 οὑ
1169 304 1207 338 τῷ
1225 303 1306 330 πλέον
1325 304 1365 335 εἰς
1381 303 1532 337 κακουχίαν
1548 302 1601 330 τῶν
1614 303 1714 336 παρόψ-

927 357 980 375 των
1001 349 1115 382 ἐθέλειν,
1135 350 1201 376 ἀλλὰ
1218 350 1355 376 πιστεύων
1374 351 1406 384 τῇ
1425 348 1553 381 διαθέσει,
1573 349 1630 383 ἃμα
1651 358 1713 383 κιρ-

928 396 976 426 νὰς
992 396 1048 426 τοῖς
1063 395 1151 429 λόγοις
1167 396 1213 422 καὶ
1226 395 1275 430 τῆς
1289 395 1438 431 βαρύτητος
1451 395 1500 422 οὐκ
1515 395 1614 428 ὀλίγον,
1628 396 1652 420 εἰ
1663 397 1714 428 τῆς

927 442 1011 476 τιμῆς
1028 442 1225 477 ὲξοστρακίςας
1244 444 1331 469 ποιεῖν
1349 441 1435 468 ἐθέλει
1456 442 1502 467 καὶ
1525 442 1573 476 τῆς
1592 441 1644 469 ἀπὸ
1659 441 1713 467 τῶν

926 486 1076 522 ἀνθρώπων
1104 487 1302 522 παρακλήσεως
1333 487 1445 522 ἔρημον.
1479 487 1508 513 ⁸0
1535 488 1562 514 δὲ
1587 488 1714 523 βασιλεῖς

927 529 983 558 οἷον
995 533 1026 558 ἐκ
1043 532 1095 558 τῶν
1119 533 1207 566 λόγων
1231 532 1320 559 λαὸὼν
1347 533 1377 558 τό
1404 533 1428 559 οἱ
1456 534 1586 564 συνοῖσον,
1604 534 1650 559 καὶ
1672 533 1714 559 ὅτι

928 578 1063 613 κατῆρξεν
1077 579 1091 604 ὁ
1113 578 1275 610 πεισόμενος
1298 578 1385 612 λέγων
1409 575 1439 605 οὗ
1456 579 1536 610 αὐτὸς
1553 578 1714 614 βουλόμενος

929 623 995 655 ῐτως
1019 625 1106 650 ποιεῖν
1122 624 1191 650 κατὰ
1205 624 1254 658 τὴν
1270 624 1336 659 πρὶς
1361 625 1464 650 ἐκεῖ-ον
1490 624 1627 650 δυσωπίαν
1645 625 1714 650 ἀπέ-

930 678 1020 705 σχετο.
1036 671 1228 705 ἰὺπρισωπον
1245 667 1300 696 οἷον
1325 670 1450 697 ἐντεῦθεν
1472 670 1517 696 τὶν
1535 669 1716 705 περιορισμδν

927 715 1031 741 ἐκείνου
1041 714 1151 749 θέμενος
1159 714 1196 746 ὠς
1205 715 1309 741 ἐκεῖνοι)
1324 714 1437 750 πρώτως
1450 713 1624 749 μνησθέντος,
1643 715 1716 749 πέμ-

928 760 982 795 ψας
996 761 1087 794 ἐξάγει
1101 769 1130 787 τε
1148 762 1196 796 τῆς
1211 760 1332 795 Λαὺρας,
1347 761 1398 786 κὰν
1408 761 1439 795 τῇ
1455 759 1530 794 Χηλῇ
1541 759 1681 794 (φρούριον
1692 759 1716 786 δ’

928 807 997 842 αὕτη
1007 807 1169 841 ὲπινησίδιον
1182 806 1249 842 πρὸς
1257 808 1312 838 τοῖς
1319 807 1412 841 ἄκροῖς
1424 806 1472 840 τῆς
1481 805 1609 838 Εὐξείνου
1616 806 1716 833 θαλὰσ.

931 852 990 888 σης)
1007 852 1170 888 περιορίζει,
1184 854 1292 888 εὐχερεῖ
1310 852 1359 887 μὲν
1373 852 1533 888 ὲνεαρίζειν,
1549 852 1674 887 δυσχερεϊ
1687 852 1717 878 Ct

930 898 1047 934 πάμπαν
1075 899 1273 934 διαχειμάζειν,
1300 899 1338 930 ὡς
1355 898 1426 925 κατὰ
1448 897 1526 933 στόμ’
1543 897 1717 929 ἀπαντῶντος

929 944 963 978 τῇ
979 944 1052 980 νήσῳ
1079 943 1173 978 βορέου
1203 944 1250 969 καὶ
1273 943 1322 977 τὴν
1351 943 1464 978 πικρίαν
1489 943 1650 974 ὲκπνέοντος
1667 943 1717 977 τῆς

929 989 1111 1025 ψυχρότητος.
1130 989 1212 1021 Τινὰς
1230 989 1257 1015 δὲ
1275 989 1391 1015 καὶτῶν
1410 988 1544 1023 μοναχῶν,
1573 988 1597 1014 οἳ
1617 988 1649 1022 δὴ
1665 987 1718 1014 κά-

933 1035 1014 1071 κείνῳ
1030 1035 1217 1071 προσέκειντο,
1235 1034 1267 1070 [Ρ
1284 1033 1347 1069 284]
1376 1033 1455 1060 ἄλλον
1472 1034 1521 1069 μὲν
1536 1032 1653 1067 ἀλλαχοῦ
1674 1031 1718 1065 ἐξ·

931 1081 1018 1117 ορίζει
1040 1081 1087 1108 καὶ
1104 1081 1196 1117 νήσοις
1211 1081 1267 1112 τοῖς
1290 1080 1351 1106 κατ’
1366 1080 1478 1114 Αἰγαῖον
1494 1078 1656 1114 περιορίζει,
1672 1078 1718 1105 τὸν

934 1171 1047 1199 lantium
1071 1172 1153 1199 etiam
1170 1162 1334 1207 ignotorum,
1348 1171 1434 1197 multo
1455 1176 1543 1197 autem
1564 1169 1649 1204 magis
1669 1169 1718 1196 ad-

933 1219 1039 1246 mittere
1051 1219 1210 1246 notissimos
1223 1218 1273 1245 sibi
1286 1218 1351 1245 olim
1365 1222 1391 1244 ct
1408 1217 1558 1244 familiares
1572 1216 1718 1251 plurimos.

933 1265 986 1292 Aut
1001 1266 1083 1300 igitur
1097 1265 1194 1292 exsilio
1208 1272 1252 1292 me
1270 1264 1365 1291 multet
1377 1263 1536 1298 imperator,
1558 1266 1605 1289 aut
1635 1262 1720 1289 libere

933 1319 977 1340 me
988 1311 1039 1339 frui
1053 1314 1123 1339 slnat
1136 1312 1186 1339 hoc
1201 1311 1271 1346 quod
1285 1311 1405 1345 indulget
1420 1311 1474 1337 otio
1487 1317 1552 1343 ;nec
1563 1308 1719 1343 colloquiis,

933 1358 991 1386 sine
1004 1358 1103 1393 quibus
1121 1358 1176 1384 vita
1190 1358 1232 1384 hic
1251 1357 1360 1392 quidem
1380 1356 1469 1383 vitalis
1490 1363 1542 1382 non
1561 1354 1606 1387 sit,
1625 1354 1720 1381 crimi-

935 1405 976 1431 nis
988 1412 1042 1439 quo
1051 1408 1143 1431 carent
1158 1407 1248 1430 notam
1273 1403 1412 1437 appingat.
1429 1401 1491 1429 Haec
1508 1401 1558 1428 fuit
1569 1400 1604 1428 ad
1620 1400 1720 1427 missos

934 1451 968 1477 ab
982 1450 1155 1484 {imperatore
1178 1448 1266 1475 oratio
1280 1447 1412 1483 ζιοεθρΙιί,
1441 1455 1494 1474 nou
1515 1447 1588 1474 illius
1611 1446 1720 1481 quidem

92 1494 176 1521 lentia
187 1498 215 1520 et
237 1492 300 1525 fnle,
314 1492 428 1526 culpans
443 1492 471 1518 in
486 1499 518 1519 eo
537 1491 609 1526 quod
628 1491 711 1519 nimis
722 1499 752 1519 se
776 1492 881 1519 facilem
895 1507 917 1538 ρ
934 1496 995 1531 ejici
1011 1495 1137 1528 volentis,
1155 1500 1201 1522 aut
1217 1502 1231 1521 a
1250 1494 1400 1522 suburbani
1417 1501 1550 1526 secessus,
1563 1500 1616 1527 quo
1632 1492 1722 1519 liben-

91 1539 224 1574 p-teberet
235 1537 333 1565 studiis
346 1537 520 1564 factiosorum
534 1545 541 1570 ;
558 1537 585 1564 in
600 1544 654 1572 quo
668 1538 727 1572 ejus
738 1545 803 1564 cum
814 1546 879 1572 pru-

91 1585 211 1612 dentiam
234 1583 469 1617 constan'iamque
488 1583 654 1617 requirebat,
679 1587 735 1610 tum
752 1589 881 1618 prmtcrea

91 1632 259 1667 querebatur
274 1631 374 1666 injuste
386 1631 420 1658 ab
431 1638 462 1658 eo
473 1638 565 1658 secum
580 1631 634 1666 agi,
647 1630 694 1665 qui
706 1630 730 1658 ei
746 1636 798 1657 tant
815 1631 882 1657 libe-

92 1686 150 1706 ram
168 1678 412 1712 tranquillamque,
428 1678 500 1712 quod
515 1685 545 1704 ea
564 1678 652 1712 ipsum
669 1678 785 1713 gaudere
807 1678 882 1704 arbi-

92 1730 223 1756 traretur,
235 1724 354 1759 quietem
365 1732 395 1751 ac
407 1724 596 1751 securritatem
608 1725 684 1751 daret
698 1734 704 1751 :
717 1725 775 1758 ipse
789 1730 880 1752 autem

92 1778 147 1797 non
163 1769 303 1797 dubitaret
319 1777 368 1797 nec
386 1775 505 1797 cessaret
520 1770 548 1796 in
564 1770 686 1796 intimam
701 1771 753 1797 etia
767 1779 782 1796 ιι
799 1770 881 1797 fami-

92 1816 238 1843 liaritatem
261 1815 403 1843 admittere
426 1817 561 1848 homines,
585 1817 712 1851 aquibus
728 1817 806 1851 longe
828 1816 881 1844 alia

91 1862 275 1889 st-ntientibus
292 1867 317 1888 et
338 1862 365 1888 in
385 1862 549 1889 contrariam
574 1867 631 1889 toto
650 1862 710 1889 nisu
734 1862 880 1889 factionem

91 1908 316 1935 incumbentibus
343 1917 442 1944 corpus
466 1908 594 1936 Ecciesi.e
623 1910 797 1942 laceraretur,
817 1917 879 1936 cum

92 1955 184 1988 potius
204 1955 375 1989 oportuisset:
394 1955 484 1989 ipsum
510 1963 557 1989 pro
578 1955 739 1982 auctoritate
753 1963 802 1982 sua
816 1955 881 1983 dare

91 2007 204 2034 operam
226 2004 254 2026 ut
277 2000 314 2026 illi
339 2007 399 2027 sese
423 1999 474 2033 ipsi
492 1999 732 2026 accommodarent
754 2001 881 2034 acquies-

90 2046 179 2072 cendo
191 2045 298 2080 publice
317 2045 432 2073 decretis
460 2051 486 2072 et
507 2045 652 2080 tranquille
673 2045 797 2077 vivendo,
826 2054 880 2073 non

90 2096 184 2118 autem
197 2091 366 2117 committere
378 2095 405 2117 ut
417 2092 541 2125 exemplo
553 2098 647 2118 e0rum
659 2091 880 2126 turbulentisque

90 2137 218 2164 consiliis
227 2138 268 2163 abi
277 2137 312 2171 ipi
323 2137 412 2172 ipsum
424 2141 451 2164 et
461 2142 549 2171 partes
556 2137 638 2172 418
651 2138 736 2172 palam
747 2137 824 2172 sequi
833 2138 880 2163 ll0-

91 2190 104 2210 ε
120 2183 178 2208 ium
197 2182 412 2213 manifestorum,
429 2182 456 2208 in
469 2182 550 2209 rebus
574 2182 699 2209 maximis
713 2183 747 2209 ab
762 2182 883 2209 Ecclesia

92 2237 179 2262 reque
190 2228 297 2262 publica
315 2228 531 2255 irrevocabiliter
541 2228 746 2260 diSsideutium,
767 2237 880 2263 appare-

91 2279 146 2300 ret.
166 2273 240 2300 Misit
257 2281 320 2307 ergo
337 2273 371 2300 ad
387 2273 534 2307 lesepliiiin
563 2273 713 2308 imperator
724 2279 813 2300 certos
835 2275 881 2300 Im-

91 2320 193 2351 tnincs,
208 2319 254 2353 qui
273 2327 322 2345 suo
337 2320 446 2346 nomine
463 2323 585 2346 vetarent
599 2328 632 2347 ne
645 2319 739 2346 talium
755 2320 882 2354 deinceps

91 2364 235 2391 hominum
255 2365 409 2390 convictum
431 2371 662 2398 coagressumque
679 2365 846 2398 admitteret,
859 2365 882 2391 si

89 2411 207 2445 quietis,
232 2418 284 2444 qua
301 2409 438 2444 gauderet,
465 2415 566 2437 certam
587 2410 637 2437 sibi
656 2411 736 2438 vellet
756 2415 884 2438 constare

89 2457 308 2491 possessionem.
327 2456 476 2490 Respondit
492 2455 626 2490 Josepbus
643 2464 724 2482 unam
743 2457 781 2484 rei
798 2464 880 2492 quam

85 2504 200 2538 juberct
216 2501 394 2535 exsequenda:
412 2502 545 2529 rationem
560 2510 631 2535 esse,
649 2502 672 2529 si
688 2510 716 2529 se
730 2510 760 2529 ac
777 2510 824 2529 eos
836 2502 883 2536 qui

88 2556 185 2575 sucum
197 2551 289 2574 essent
305 2547 330 2573 in
342 2547 467 2573 exsilium
477 2548 635 2574 amandarct
647 2548 796 2582 imperator
814 2557 820 2574 :
839 2556 884 2574 re-

87 2593 271 2628 legatiseniin
294 2592 449 2618 facultatem
469 2592 561 2620 defore
583 2593 649 2620 istos
669 2602 785 2627 quorum
809 2593 886 2621 fami-

86 2639 434 2678 Iiaritatetinterdiceretur
448 2639 613 2673 alloquendi.
633 2639 758 2672 Qcainlin
774 2649 838 2667 vero
850 2647 882 2668 eo

86 2687 149 2713 loco
169 2686 291 2719 degeret,
315 2684 386 2710 haud
399 2691 428 2711 se
447 2685 509 2718 jure
529 2685 632 2720 culpari
654 2687 726 2720 quod
752 2687 882 2714 adeuntes

83 2733 119 2759 ad
142 2739 174 2758 se
191 2732 298 2764 aliquos
317 2736 370 2755 non
391 2730 569 2757 excluderet:
597 2739 658 2758 nam
686 2732 737 2759 nisi
763 2733 883 2759 humano

83 2778 296 2805 solutior-arere
312 2775 384 2801 omni
401 2776 426 2800 in
452 2775 505 2802 isto
523 2784 632 2804 secessu
658 2778 748 2810 vellet,
770 2784 883 2804 necesse

83 2825 139 2852 sibi
161 2830 224 2851 esse
244 2820 335 2847 ollit-ia
355 2828 408 2847 non
434 2823 572 2856 aspernari
593 2825 663 2851 ultro
685 2824 718 2851 ad
741 2832 770 2852 se
796 2824 885 2852 \‘L‘nii-

266 2871 283 2899 I'
292 2877 322 2898 η
330 2877 401 2899 noL.
422 2871 477 2901 Gn.
497 2871 612 2902 CXLIII

933 1548 973 1570 ter
987 1542 1125 1573 utebatur,
1137 1541 1228 1576 quiete
1247 1540 1350 1571 divelli,
1368 1540 1414 1567 sed
1433 1546 1596 1574 magnopere
1611 1539 1720 1566 [ldentis

931 1588 996 1615 olim
1031 1587 1057 1613 in
1082 1594 1110 1614 se
1134 1590 1278 1620 prospecto
1301 1585 1398 1612 ali‘eetu
1424 1585 1614 1619 imperatoris;
1638 1592 1720 1619 quem

932 1640 1070 1668 nunquam
1085 1640 1117 1659 eo
1134 1638 1278 1659 venturqu
1303 1639 1416 1666 sperans
1436 1635 1528 1658 uttam
1541 1631 1654 1658 charum
1669 1630 1721 1657 sibi

931 1683 1011 1713 caput
1023 1678 1169 1705 amandare
1182 1679 1339 1708 sustineret,
1352 1678 1385 1704 de
1396 1677 1532 1704 industria
1549 1677 1575 1703 in
1589 1684 1620 1704 ea
1637 1684 1720 1710 quam

931 1725 997 1754 fecit
1010 1725 1099 1752 exsilii
1126 1724 1263 1751 mentione
1286 1723 1377 1750 verbis
1403 1727 1444 1750 est
1469 1730 1535 1750 usus
1561 1723 1722 1749 acerbitatis

931 1780 985 1799 non
1000 1779 1093 1806 parum
1109 1778 1177 1798 sono
1198 1771 1257 1805 ipso
1271 1769 1489 1805 praeferentibus,
1506 1777 1568 1796 cum
1582 1769 1621 1796 sic
1638 1777 1722 1804 exag-

932 1826 1028 1853 gerans
1045 1818 1166 1844 diceret:
1185 1816 1352 1843 Exterminet
1369 1822 1435 1843 sane
1448 1822 1508 1848 nos,
1522 1807 1666 1849 postquam
1678 1815 1722 1840 lio-

931 1873 997 1892 nore
1019 1864 1134 1898 dejecit;
1157 1863 1215 1890 etsi
1231 1863 1304 1889 omni
1332 1863 1455 1889 humano
1478 1861 1597 1896 privatos
1622 1861 1722 1888 solatio

933 1911 999 1944 vult,
1016 1911 1041 1938 iu
1063 1910 1148 1937 feram
1166 1910 1284 1943 aliquam
1293 1909 1382 1944 ejiciat
1397 1908 1584 1940 solitudinem,
1602 1908 1648 1935 tali
1666 1908 1721 1935 sci-

932 1957 995 1983 licet
1017 1955 1279 1984 commemoratione
1300 1954 1439 1982 conlidens
1463 1957 1666 1981 commoturum
1693 1961 1724 1980 so

931 2003 1049 2037 aliquazn
1069 2001 1094 2028 in
1117 2002 1208 2028 animo
1227 2001 1356 2035 principis
1376 2000 1427 2028 sibi
1447 2000 1644 2028 devinctissimi
1675 2004 1724 2027 aut

931 2048 1145 2076 misericordiam
1160 2047 1410 2074 autverecundiam
1425 2049 1478 2074 sul.
1504 2047 1539 2074 At
1557 2046 1637 2082 longe
1661 2047 1722 2080 opi-

931 2096 1013 2122 nione
1035 2093 1119 2121 falsus
1142 2098 1183 2120 est
1209 2101 1276 2126 sua;
1293 2093 1392 2127 quippe
1410 2093 1566 2127 imperator.
1589 2092 1668 2127 cujus
1695 2092 1722 2118 in

932 2141 1024 2167 animo
1039 2145 1115 2166 tener
1128 2139 1173 2166 ille
1189 2143 1266 2165 vetus
1281 2147 1312 2166 ac
1331 2138 1420 2165 ﬁlialis
1434 2140 1460 2165 in
1483 2138 1630 2172 Just-phum
1645 2146 1723 2165 amot-

902 2179 920 2205 Β
939 2185 1080 2211 refrixerat
1101 2192 1153 2211 non
1168 2192 1276 2217 partim,
1298 2184 1349 2211 Izoe
1362 2183 1436 2210 illius
1449 2190 1578 2217 responso
1591 2183 1723 2217 plausibi-

935 2233 986 2257 lem
1002 2238 1049 2257 nec
1064 2230 1113 2257 sibi
1131 2230 1316 2265 uegligeudam
1328 2229 1419 2255 (ια-ιι·ῖὶ
1433 2224 1638 2255 excusationem
1651 2227 1722 2262 apud

933 2278 1029 2312 vulgus
1042 2276 1155 2304 credidit
1169 2275 1310 2303 sententiae
1325 2274 1456 2303 durioris.
1474 2281 1599 2308 magnam
1615 2274 1723 2300 invidiae

935 2329 1037 2357 partem
1056 2323 1138 2349 detrai
1149 2326 1205 2348 tum
1223 2321 1254 2348 iri
1276 2325 1348 2348 recte
1367 2325 1442 2348 ratus
1459 2321 1568 2347 decreto
1592 2320 1618 2346 in
1639 2319 1725 2346 lose—

935 2369 1017 2403 pbum
1037 2368 1145 2399 exsilio,
1162 2367 1197 2399 si,
1218 2367 1289 2402 quod
1306 2367 1370 2401 egit,
1385 2366 1506 2394 studiose
1526 2366 1675 2401 divulgaret
1694 2365 1722 2391 id

936 2415 1006 2441 ultro
1024 2414 1074 2441 sibi
1089 2413 1254 2441 conscivisse
1275 2413 1485 2448 poposcisseque
1510 2412 1614 2447 ipsum;
1639 2418 1668 2438 se
1692 2411 1721 2438 in

936 2469 968 2487 eo
986 2465 1090 2487 tantum
1112 2459 1242 2486 voluntati
1264 2459 1324 2493 ejus
1354 2459 1455 2493 apertis
1478 2458 1570 2485 verbis
1596 2457 1723 2484 indicate

935 2506 1017 2542 419
1024 2506 1163 2533 annuisse.
1175 2505 1245 2540 Ergo
1255 2506 1328 2532 illum
1337 2506 1426 2532 educit
1437 2504 1534 2537 Laura,
1549 2509 1575 2531 et
1585 2504 1722 2538 dEPOI‘lal'i

936 2553 1140 2580 curatCliclam.
1151 2553 1205 2579 Arx
1213 2553 1294 2580 ea‘est
1306 2552 1436 2580 insularis
1447 2552 1473 2578 in
1484 2556 1605 2578 extremo
1617 2550 1723 2577 Euxino

937 2599 1026 2631 mari,
1062 2599 1192 2625 habitatio
1214 2598 1335 2633 jucunda
1363 2605 1446 2625 verno
1477 2602 1615 2632 tempore,
1635 2597 1725 2624 hieme

938 2653 1034 2680 aspera
1045 2654 1093 2672 nec
1104 2645 1326 2678 feretolerabilis,
1337 2645 1438 2680 quippe
1454 2645 1526 2671 illam
1539 2644 1724 2678 Septcittrioni

938 2683 1079 2717 obversam
1095 2691 1213 2717 insulam
1235 2697 1306 2718 saevo
1320 2691 1384 2717 totis
1405 2690 1529 2717 faucibus
1560 2690 1644 2717 Borea
1661 2697 1724 2724 per-

937 2734 1019 2761 ﬂante
1043 2738 1070 2761 et
1088 2734 1173 2769 frigus
1192 2734 1330 2762 inhalante
1354 2734 1558 2770 rigiIiSsimum.
1584 2734 1723 2767 Quosdam

937 2788 1002 2808 vero
1017 2782 1224 2813 m0naehorum,
1245 2781 1291 2816 qui
1307 2782 1330 2808 ei
1353 2782 1536 2814 adlucrehant,
1566 2781 1649 2808 alium
1670 2782 1724 2808 alio

937 2827 1092 2855 exsulatum
1109 2827 1190 2860 misit,
1207 2827 1279 2854 varie
1302 2827 1328 2854 iu
1343 2826 1427 2862 [Εελεί
1454 2827 1578 2861 relegans
1607 2827 1722 2857 insulas.

1524 2874 1563 2904 23
