1944 3067
98 133 144 166 877

96 189 137 222 τῆς
148 187 285 222 σφετέρας.
302 185 350 212 καὶ
372 185 404 221 δὴ
423 185 461 219 τῷ
487 185 618 220 Θρᾳκικῷ
640 184 866 220 προσοκείλαντες
881 187 902 214 Α

96 233 208 268 Βοσπόρῳ
223 232 346 259 διέπλεον
357 232 389 265 τᾲ
402 231 482 258 στενά
497 231 544 257 τοῦ
556 230 666 262 Πόντου,
678 230 865 266 ἀφροντίστως

96 279 186 315 ἔχοντες
205 278 253 305 καὶ
267 277 400 314 βασιλέως
416 277 462 303 καὶ
478 277 525 303 τοῦ
540 277 612 303 κατὰ
625 277 694 310 σφᾶς
715 275 864 311 συνήθους⁸

96 325 216 361 μηδὲγὰρ
242 322 314 350 εἶναι
340 323 387 349 τὸν
415 323 599 358 προσίσχοντα
615 323 671 354 τοῖς
697 322 821 350 ἐνταυθοῖ
835 322 867 347 ὲκ

94 371 204 404 Γενούας,
224 370 290 406 πρὶν
311 370 344 396 ἂν
367 369 436 403 πρὸς
456 370 517 400 ταῖς
538 369 706 404 Βλαχέρναις
720 368 867 403 γενόμενον

94 417 193 454 βασιλέα
207 425 238 442 τε
253 416 388 451 εὐφημεῖν
403 415 438 442 τὰ
448 415 542 441 είκότα
555 415 604 442 καὶ
618 415 794 449 προσκυνεῖν,
809 414 868 440 ἐτέ-

94 463 150 498 ρωθι
163 462 320 497 τρέπεσθαι.
339 461 406 488 Τότε
421 461 512 487 τοίνυν
524 461 624 487 ἐκεῖνοι
639 461 686 487 καὶ
701 460 790 488 αὐτῶν
805 469 869 488 συν-

91 509 179 536 θεσιῶν
189 509 243 535 τῶν
259 508 329 535 κατὰ
353 508 424 542 σφᾶς
438 507 640 542 ἀμελήσαντες,
655 507 740 542 οὐρίῳ
762 507 868 542 χρησά·

92 564 159 590 μενοι
172 555 207 590 τῷ
224 555 256 580 ὲκ
272 554 348 580 νότου
365 553 502 588 πνεύματι
514 553 648 588 ἀνήγοντο
668 553 866 588 ἀφροντίστως,

91 602 132 629 καὶ
145 601 172 628 τὸ
194 601 282 636 στόμα
298 600 459 631 διεκσάντες
472 599 518 626 τοῦ
544 599 646 626 Πόντου
662 600 731 634 πρὸς
748 601 805 630 τοῖς
819 599 869 634 βα-

92 648 164 681 ρείοις
179 648 228 681 τῆς
243 647 380 682 οαλάσσης
391 646 501 681 λιμέσιν
515 645 659 681 ὲνώρμων.
674 645 803 673 Κάκεῖνοι
819 645 870 680 μὲν

94 695 120 720 τὰ
131 694 211 720 πολλὰ
223 693 270 719 ἐπὶ
279 692 375 728 χρόνον
390 691 597 727 πειρατεύοντες
608 692 753 719 διετέλουν.
767 692 869 718 Ὕστε-

90 748 135 776 ρον
146 740 200 771 ικαὶ
216 738 450 773 φορταγωγοῦσαν
465 737 626 773 ληϊσάμενοι
643 737 721 771 ναῦν,
739 737 789 765 οὐκ
812 737 869 764 όλί-

87 796 133 822 γον
156 787 234 822 μέρος
257 786 305 812 τοῦ
321 786 420 820 φόρτου
438 785 486 812 καὶ
508 785 679 821 στυπτηρίαν
693 785 821 820 ἔχουσαν,
839 785 869 811 ὲν

87 833 167 869 ταύτῃ
182 833 214 859 τὰ
234 833 323 859 πάντα
348 831 516 866 νηησάμενοι
540 832 601 858 κατ’
628 831 779 866 ἀσφάλειαν
798 830 867 866 θαῤ-

87 880 190 914 ῥοῦντες
206 878 365 906 κατέπλεον.
382 878 514 909 Βασιλεὺς
529 877 557 904 δι
573 877 728 912 πυθόμενος
742 876 792 912 τὴν
808 876 868 903 διά-

88 925 161 951 ὃασιν
185 926 212 951 έν
227 924 308 959 δεινῷ
322 924 372 958 τὴν
395 923 600 959 καταφρόνησιν
614 923 746 956 ἐποιεῖτο,
757 923 805 949 καὶ
820 922 884 955 ἐπὶ.⁸

85 970 216 1006 λογισμῶν
251 970 368 1006 ἔστρεφε
403 969 462 1001 πῶς
500 970 534 996 ἂν
566 969 706 1004 ἐγγένοιτο
734 969 763 995 ὲν
789 968 869 1004 χερσὶ

85 1017 145 1047 τοὺς
159 1016 419 1051 καταφρονήσαντας
429 1015 582 1050 περισχεῖν.
602 1014 674 1042 Ἀλλ’
685 1014 741 1041 οὐδ’
753 1014 870 1046 ἐκείνοις

85 1061 198 1096 ἠγνόητο
212 1061 243 1087 τὸ
258 1060 392 1096 παράπαν
405 1060 422 1094 ἡ
441 1059 489 1086 τοῦ
504 1059 635 1094 βασιλέως
647 1057 766 1093 θέλησις.
786 1058 870 1093 Ἀμέ-

85 1108 124 1135 λει
138 1116 177 1134 τοι
191 1108 237 1134 καὶ
251 1107 296 1134 διὰ
309 1106 450 1141 φροντίδος
464 1104 606 1132 ἐποιοῦντο
622 1105 672 1140 τῆς
688 1105 720 1132 οὐ
735 1104 871 1140 τυχούσης

83 1155 127 1181 τὸν
142 1153 225 1180 πλοῦν
240 1153 368 1187 εὐοδῆσαι
391 1151 467 1187 σφίσι
492 1152 540 1178 καὶ
555 1151 655 1183 αὐτοὺς
669 1151 809 1186 διαδρᾶναι
825 1151 872 1178 τὸν

84 1199 215 1232 κίνδυνον,
236 1199 266 1225 ὃν
283 1198 466 1225 ἐπυνθάνοντο
479 1197 655 1232 ἐπηρτῆσθαι
673 1196 780 1228 τούτοις
796 1197 872 1231 παρά

84 1244 230 1280 βασιλέως.
253 1244 299 1276 Ὠς
321 1243 388 1278 γοῦν
405 1243 514 1270 ἐκεῖθεν
532 1242 644 1269 πλέουσι
659 1242 695 1269 τὰ
708 1242 759 1277 τῆς
774 1242 872 1269 ἀνατο-

82 1337 125 1364 vel
140 1335 259 1370 antiqua
274 1333 481 1363 consuetudinis
496 1333 630 1368 ipsorum,
645 1340 699 1367 qua
715 1332 789 1361 soliti
805 1339 874 1361 eate-

81 1391 133 1410 nus
147 1383 264 1413 lueraut,
281 1380 327 1408 ubi
344 1380 462 1416 primum
481 1379 676 1414 comparebant
688 1379 716 1406 in
735 1379 777 1406 his
786 1379 874 1414 parti-

82 1428 145 1458 bus.
162 1427 237 1454 adire
252 1431 325 1453 recta
340 1424 472 1460 palatium
487 1424 710 1457 Blachernarum,
729 1431 780 1452 nec
794 1423 875 1459 quid-

81 1481 163 1509 quam
173 1478 254 1500 antea
270 1479 360 1499 rerum
378 1478 472 1506 gerere
489 1475 537 1498 aut
560 1478 700 1506 quoquam
725 1470 873 1504 divertere,

78 1528 162 1557 quam
182 1519 218 1548 ibi
233 1527 313 1546 suum
325 1518 487 1552 obsequium
504 1516 664 1552 imperatori
690 1516 807 1551 professi
826 1523 871 1544 so-
885 1527 907 1557 ς

82 1567 167 1595 lemni
191 1565 389 1594 acclamatione
405 1571 437 1592 ac
455 1563 634 1600 veneratione
656 1562 782 1590 fuissent.
795 1561 874 1590 Tunc

80 1614 163 1650 igitur
179 1613 213 1640 iis
227 1612 266 1639 illi
281 1611 410 1638 omnibus
430 1609 605 1644 contemptis,
621 1615 653 1636 ac
666 1608 776 1636 cunctis
790 1608 875 1636 officii

79 1659 277 1694 modestiaeque
298 1657 451 1685 rationibus
471 1663 575 1691 susque
591 1655 680 1690 deque
694 1654 808 1687 habitis,
826 1662 877 1682 au-

77 1711 138 1734 stro
150 1705 262 1732 inflante
277 1704 336 1732 vela
360 1703 450 1730 valido
469 1709 566 1730 secure
584 1701 751 1736 trajecerunt
764 1707 812 1735 per
824 1707 875 1727 an-

77 1752 187 1787 gustias
200 1750 325 1786 Bospori,
344 1754 371 1777 et
386 1749 414 1776 in
431 1747 666 1784 Septentrionales
681 1746 759 1774 Ponti
778 1751 875 1781 portus

76 1798 180 1827 invecti
201 1804 255 1824 non
274 1804 323 1824 sua
343 1796 430 1824 solum
451 1795 504 1822 illic
525 1802 572 1829 per
587 1794 676 1821 otium
694 1793 803 1828 negotia
815 1798 873 1820 tra-

76 1850 204 1878 ctarunt,
230 1844 278 1872 sed
303 1843 402 1879 praedis
422 1842 534 1877 agendis
550 1845 578 1869 et
598 1840 712 1875 piratica
741 1844 798 1867 toto
828 1839 874 1866 illo

76 1894 150 1920 mari
167 1892 290 1919 farienda
305 1898 358 1918 non
376 1896 472 1925 parum
493 1888 625 1922 temporis
637 1886 781 1914 triverunt.
798 1884 874 1913 Tan-

74 1942 142 1967 drm
165 1939 193 1965 in
210 1938 365 1965 onerariam
382 1936 553 1963 incurrentes
569 1940 694 1967 magnam
708 1937 735 1959 et
745 1931 874 1967 pretiOsis

74 1991 192 2020 gravem
220 1983 375 2014 mercibus,
391 1988 507 2016 quarum
530 1987 593 2014 pars
622 1984 681 2006 erat
703 1986 757 2006 non
777 1978 874 2014 exigua

73 2032 189 2068 pondus
215 2031 310 2058 ingens
338 2028 479 2058 aluminis,
506 2034 538 2054 ea
558 2030 711 2061 expugnata
730 2026 874 2061 prmdaque

75 2078 212 2105 universa
238 2077 265 2103 iu
292 2083 369 2103 suam
388 2081 484 2101 navem
500 2072 611 2100 condita
632 2076 705 2099 retro
720 2079 828 2106 proram
846 2072 872 2098 in

73 2124 202 2159 patriam
230 2125 380 2153 verterunt,
412 2119 553 2147 transituri
577 2118 667 2145 denuo
697 2117 874 2145 securissime

72 2176 183 2206 prztzler
193 2169 290 2196 urbem
302 2175 333 2195 ac
349 2171 456 2202 portum
470 2163 734 2199 Constantinopolis,
745 2164 804 2191 sine
818 2163 874 2190 ullo

70 2203 248 2251 cujusquam
269 2218 352 2246 metu,
371 2220 419 2248 per
432 2219 572 2243 summum
594 2210 726 2237 Romana:
746 2210 874 2244 potentiae
889 2203 913 2232 ι)

70 2267 280 2296 contemptum.
298 2259 363 2294 Ejus
375 2257 498 2286 audaciae
509 2256 701 2292 superbiaque
717 2256 818 2282 certior
834 2254 874 2281 fa-

70 2315 122 2337 tus
141 2310 297 2343 imperator
320 2304 521 2340 indignissime,
538 2308 568 2331 ut
587 2310 633 2337 par
650 2306 721 2335 erat,
743 2301 872 2336 injuriam

69 2356 160 2388 tulit;
183 2353 359 2388 decrevitque
381 2359 435 2379 non
460 2349 631 2378 committere
655 2353 686 2376 ut
711 2356 741 2376 se
763 2347 875 2382 impune

68 2407 190 2429 tantum
207 2407 290 2427 ausos
303 2397 415 2433 gloriari
431 2395 624 2424 Genuensibus
645 2394 749 2422 liceret.
765 2393 875 2428 Disqui-

67 2448 160 2474 rebat
175 2450 268 2472 autem
289 2443 400 2471 modum
421 2448 476 2477 quo
497 2441 566 2468 istos
580 2440 632 2467 sub
648 2446 759 2466 manum
777 2445 810 2465 ac
827 2445 877 2472 po-

68 2497 213 2521 testatem
224 2498 302 2518 suam
315 2489 439 2524 redigere
451 2490 654 2521 contemptores
669 2489 771 2520 posset.
783 2485 818 2511 At
830 2491 878 2511 ne-

66 2547 127 2574 que
139 2538 188 2565 bis
198 2537 322 2572 ignotum
332 2538 390 2562 erat
399 2538 492 2561 votum
507 2532 682 2566 studiumque
694 2529 878 2565 imperatoris.

66 2585 179 2618 Itaque
186 2590 282 2611 curam
291 2580 496 2615 acdiiigentiam
504 2586 559 2606 non
570 2577 706 2612 vulgarem
716 2576 880 2603 adhibebant

65 2632 98 2659 in
114 2627 299 2665 expediendo
312 2635 395 2655 cursu
415 2624 633 2661 explicandaque
647 2630 707 2651 sese
723 2622 757 2650 ab
773 2621 880 2649 insidiis

63 2677 164 2714 422
184 2676 368 2703 Romanarum
383 2672 631 2706 navium,quarum
650 2669 800 2696 rectoribus
810 2667 882 2695 scie-

62 2723 146 2751 bant.
171 2722 209 2749 ab
223 2722 386 2756 imperatore
399 2717 558 2746 mandatum
588 2721 615 2743 nt
638 2716 784 2743 observare
807 2715 882 2749 ipsos

61 2769 96 2796 in
115 2767 250 2795 transitu
266 2774 298 2793 ac
320 2765 395 2792 omni
424 2763 531 2791 ratione
548 2761 781 2797 comprehendere
801 2769 883 2789 cona-

59 2819 192 2841 rentur.
213 2811 249 2839 Ut
263 2812 346 2847 igitur
361 2810 429 2847 ipsis
444 2817 459 2837 e
471 2809 559 2836 Ponto
575 2808 691 2843 patriam
706 2815 801 2836 versus
818 2815 882 2835 cur-

59 2867 135 2888 sum
170 2858 332 2888 tenentibus
357 2860 464 2884 moutes
489 2853 610 2882 Orientis
626 2857 820 2888 apparuerunl,
840 2852 882 2880 fa-

571 130 621 160 DE
638 128 834 160 lillCHAELE
851 129 1082 160 PAL‘EOLOGO
1101 131 1174 160 LIB.
1195 132 1228 161 V.

1651 133 1703 163 87%

917 185 966 220 λῆς
991 186 1185 220 κατεφαίνοντο
1202 187 1264 222 ὅρη,
1278 187 1326 214 καὶ
1348 184 1382 222 ἧν
1411 187 1460 222 μὲν
1477 187 1568 218 αὐτοῖς
1594 189 1657 215 ποτὲ
1675 189 1703 215 ἐι

916 231 1016 267 οὐρίων
1027 233 1131 265 πλέειν,
1148 233 1213 260 ποτὲ
1227 233 1255 260 δὲ
1269 233 1316 260 καὶ
1330 233 1455 268 λεχρίους
1474 233 1541 269 πρὶς
1558 234 1604 260 τδν
1618 235 1704 269 ἐμπί-

917 286 1022 305 πτοντα
1036 279 1148 314 ἄνεμον,
1166 279 1240 311 ὅπως
1254 279 1287 306 ἂν
1303 281 1378 314 σφίσι
1401 280 1479 315 ῥέποι
1493 280 1524 307 τὸ
1540 280 1659 315 πνεῦμα,
1674 281 1703 307 ἐν

917 323 1007 355 ἄλλοις
1022 324 1072 358 μὲν
1089 323 1227 359 αὔταρκες
1241 322 1275 360 ἦν
1287 325 1318 352 τὸ
1337 325 1459 352 τοιοῦτον
1477 326 1523 352 καὶ
1540 326 1616 360 σφίσι
1634 327 1702 352 ἀπο-

918 370 1046 406 χρώντως
1063 368 1120 406 εἶχε
1148 373 1216 406 πρὸς
1241 371 1382 404 εὔπλοιαν,
1409 373 1443 407 τῇ
1461 372 1541 408 Φάρῳ
1557 373 1585 399 δὲ
1607 373 1704 407 προσί-

919 425 982 452 σχου
989 425 1028 443 σιν
1040 416 1069 442 ἒν
1085 416 1132 443 καὶ
1144 412 1225 452 μόνον
1240 417 1419 452 ἐδοκιμάζετο
1434 418 1542 452 πνεῦμα
1554 416 1706 452 χρησιμεῦ-

919 471 965 489 σον
981 462 1011 489 τὸ
1025 461 1071 488 τοῦ
1091 461 1188 497 βορρᾶ,
1211 462 1244 498 [Ρ
1259 462 1324 495 9.86]
1339 462 1408 497 πλὴν
1429 462 1479 490 οὐκ
1499 463 1643 498 ἀνειμένον
1658 463 1706 489 καὶ

919 508 1211 544 κατεῤῥᾳθυμημένως
1224 508 1271 534 ἅον
1291 508 1329 540 ὡς
1343 509 1390 535 καὶ
1412 509 1453 540 είς
1475 509 1606 543 νηνεμίαν
1620 509 1708 543 ἀμφι-

919 551 1065 579 ϐάλλεσϐαι
1080 552 1111 578 τὸ
1126 551 1173 579 τοῦ
1186 553 1267 588 ἀέρος
1283 553 1450 589 κατάστημα
1463 553 1494 580 ὲκ
1507 553 1554 581 τοῦ
1570 554 1604 580 τὰ
1621 553 1706 587 λαίφη

919 598 966 624 καὶ
978 598 1059 633 μόνον
1073 597 1195 634 ψαίρειν,
1209 599 1265 625 ἀλλ’
1278 598 1307 625 δν
1321 599 1376 634 ἄρα
1391 600 1438 627 καὶ
1454 600 1593 635 Ταναῖτην
1607 599 1708 635 ὀνομά-

919 644 976 671 σειέ
994 654 1037 675 τις
1046 645 1106 671 ,τῶν
1122 645 1273 672 ναυτικῶν·
1288 646 1376 680 τούτῳ
1391 646 1446 682 γὰρ
1468 647 1516 673 καὶ
1540 647 1614 682 μόνῳ
1634 644 1708 681 εἶχον

921 689 1120 726 ἰσχυρίζεσθαι,
1133 690 1322 724 ἀπηλπικότες
1333 691 1388 718 τῶν
1401 691 1501 725 ἄλλων,
1514 691 1582 727 πρὸς
1593 691 1638 718 τὸν
1654 691 1710 718 ἀπὸ

918 737 966 764 τοῦ
978 736 1113 772 βασιλέως
1124 737 1202 773 λόχον
1220 739 1279 769 ταῖς
1291 737 1416 772 πορείαις
1431 738 1521 764 αὐτῶν
1535 739 1708 772 ἑφιζόινοντα.

919 783 974 810 Καί
990 783 1016 818 γ’
1036 783 1080 818 ἐφ’
1101 784 1220 819 ἡμέραις
1245 784 1432 819 προσδοκῶσιν
1461 784 1590 818 ἀσμένοις
1618 786 1711 819 σφίσιν

920 829 1022 863 ἐπέστη
1037 830 1084 856 καὶ
1100 829 1227 865 λαμπρὸς
1242 831 1331 862 ἔπνει,
1343 830 1391 857 καὶ
1404 830 1434 863 ἐξ
1445 830 1546 865 οὑρὲων
1557 830 1587 857 τδ
1601 830 1710 865 πνεῦμα

922 875 1015 902 ἵστατο
1031 877 1065 911 τῇ
1078 877 1134 910 νηΐ.
1151 873 1186 911 ᾯ
1199 876 1232 912 δὴ
1246 876 1437 912 θαρρήσαντες
1452 876 1501 908 τὰς
1513 877 1614 912 τόλμας
1630 877 1713 913 eoas.

921 922 1001 957 ρυνον
1016 922 1064 954 τὰς
1080 922 1159 955 ἰδίας,
1180 922 1229 949 καὶ
1244 923 1308 954 τοὺς
1329 922 1480 957 φώσσωνας
1496 923 1594 949 αὐτίκα
1615 923 1714 950 διαπε-

919 967 1054 998 τάσαντες
1064 967 1142 998 ὅλους
1159 967 1231 995 κατὰ
1245 968 1309 1003 ῥοῦν
1322 968 1461 1003 ἐφέροντο,
1476 969 1582 995 πίσυνοι
1597 968 1647 1003 μὲν
1663 969 1710 995 καὶ

921 1015 955 1050 τῇ
969 1013 1017 1041 τοῦ
1034 1014 1190 1049 πνεύματος
1215 1013 1387 1049 σφοδρότητι,
1406 1015 1437 1041 οὐ
1455 1015 1510 1050 μὴν
1531 1014 1560 1041 δὲ
1578 1014 1645 1042 ἀλλά
1663 1015 1711 1042 καὶ

920 1060 956 1087 τὰ
971 1059 1078 1095 πλευρά
1089 1060 1138 1095 τῆς
1154 1059 1219 1094 νηὸς
1234 1060 1308 1095 βόαις
1322 1059 1402 1092 αῦαις
1413 1060 1544 1095 ἐξήρτυον
1560 1061 1605 1087 καὶ
1618 1060 1712 1092 ὅπλοις

923 1105 1164 1141 κατεκοσμοῦντο,
1190 1105 1229 1138 ὡς
1255 1106 1439 1141 ἀποχρώντως
1467 1106 1632 1142 ἀνοεξούσης
1660 1107 1713 1141 μὲν

922 1152 991 1188 πρὸς
1006 1152 1061 1186 πῦρ
1077 1152 1124 1178 καὶ
1137 1152 1192 1178 πᾶν
1205 1151 1235 1178 τὸ
1250 1151 1416 1187 βαλλόμενον
1434 1152 1484 1187 τῆς
1499 1152 1577 1184 νεὼς,
1593 1153 1714 1188 πολεμη-

924 1198 1026 1225 σόντων
1039 1198 1067 1225 δὲ
1079 1198 1127 1225 καὶ
1139 1198 1240 1230 αὐτῶν,
1251 1198 1276 1224 εί
1287 1206 1358 1229 τινες
1370 1198 1402 1224 ἐκ
1416 1197 1551 1232 βασιλέως
1563 1198 1712 1225 ἐπίθοιντο.

923 1245 965 1271 Τὰ
981 1245 1030 1280 μὲν
1045 1244 1093 1271 οὖν
1105 1245 1171 1280 περὶ
1187 1243 1290 1271 τούτων
1304 1245 1317 1270 ό
1333 1244 1463 1279 βασιλεὺς
1480 1245 1632 1279 πυθόμενος
1647 1246 1715 1273 ἀπε-

924 1336 977 1364 cile
990 1335 1031 1363 usi
1043 1339 1116 1366 sunt,
1126 1342 1177 1370 ope
1187 1334 1259 1369 ,artis
1268 1334 1395 1366 nauticze,
1411 1339 1502 1367 vento,
1514 1334 1715 1370 qualiscunque

925 1387 991 1409 tunc
1005 1381 1138 1417 spirabat,
1153 1388 1205 1408 non
1218 1379 1298 1415 plane
1315 1380 1459 1412 adversus,
1484 1380 1560 1407 iitum
1578 1387 1650 1407 nune
1673 1388 1716 1407 rc-

925 1433 968 1456 cta
976 1427 1108 1463 oppansis
1119 1427 1199 1460 velis,
1214 1433 1286 1454 nunc
1302 1425 1451 1461 obliquatis
1465 1426 1615 1461 capientes,
1634 1431 1716 1462 prout

925 1480 995 1509 opus
1007 1477 1064 1501 erat
1080 1472 1114 1500 ad
1127 1472 1259 1500 ﬂectenda
1272 1471 1459 1506 promontmia
1478 1480 1487 1498 τ
1504 1472 1537 1498 ad
1553 1472 1625 1507 quod
1638 1472 1717 1499 suffi-

922 1521 1013 1550 ciebat
1032 1527 1098 1547 aura
1115 1518 1233 1546 modica.
1250 1518 1319 1552 Ergo
1333 1518 1374 1545 sic
1387 1518 1523 1553 progressi
1539 1518 1716 1546 continenter

928 1572 992 1596 sunt
1009 1567 1042 1594 ad
1061 1565 1181 1593 Pharum
1210 1572 1307 1599 usque,
1321 1564 1367 1592 ubi
1396 1564 1538 1592 subductis
1562 1565 1717 1593 rationibus

928 1613 1044 1641 instituti
1059 1620 1154 1640 cursus
1167 1615 1192 1638 et
1208 1611 1389 1646 periculirum
1408 1611 1634 1645 impendentium,
1657 1617 1715 1639 ειη-

928 1662 1039 1685 tuerunt
1063 1657 1192 1691 drinceps
1214 1664 1268 1682 non
1295 1663 1488 1691 quemcunque
1502 1657 1553 1684 sibi
1569 1664 1583 1683 a
1601 1657 1718 1691 Septen-

926 1703 1014 1730 trione
1026 1708 1136 1729 venlum
1155 1701 1222 1728 satis
1233 1700 1306 1733 fore;
1325 1700 1371 1735 qui
1385 1701 1457 1728 enim
1473 1706 1538 1728 tunc
1552 1700 1634 1728 flabat
1648 1703 1716 1730 lenis

925 1754 996 1781 erat,
1023 1748 1141 1775 molliter
1166 1748 1253 1775 solum
1269 1747 1417 1782 stringens,
1435 1755 1488 1774 non
1513 1747 1594 1781 pleno
1611 1748 1714 1784 impetu

926 1795 1068 1830 impellens
1083 1794 1151 1827 vela,
1167 1798 1196 1821 ut
1211 1793 1333 1821 malacia:
1351 1794 1461 1829 propior
1479 1794 1541 1821 cudi
1564 1799 1653 1822 status
1669 1795 1716 1822 vi-

926 1841 1046 1869 deretur.
1065 1840 1151 1876 Egere
1166 1848 1195 1868 se
1209 1844 1301 1867 autem
1314 1840 1346 1867 ad
1361 1840 1524 1868 eluctandos
1541 1849 1609 1876 quos
1625 1843 1717 1877 provi-

926 1887 1027 1918 debant
1038 1894 1203 1915 occursuros
1222 1887 1314 1914 obices
1330 1887 1486 1915 vehementi
1506 1887 1591 1915 Borea
1606 1897 1613 1920 ;
1627 1889 1717 1923 qualis

925 1939 964 1961 εει
980 1933 1026 1960 illc
1038 1940 1118 1968 quem
1128 1932 1268 1960 Tanaitem
1284 1937 1373 1960 nauta:
1385 1939 1493 1960 vocant.
1506 1932 1584 1964 lluic.
1593 1935 1716 1969 inquan',

925 1979 1064 2007 conlidere
1077 1978 1124 2006 uni
1139 1986 1169 2006 se
1178 1983 1333 2006 statuerunt
1347 1985 1448 2014 posse;
1464 1980 1511 2014 qui
1536 1980 1589 2007 nisi
1612 1981 1719 2008 contiu-

926 2031 1012 2061 κεῖθι,
1033 2025 1113 2060 plane
1140 2025 1324 2059 desperabant
1348 2025 1463 2052 insidias
1481 2033 1510 2053 se
1529 2026 1715 2054 Romanarum

926 2079 1006 2108 posse
1017 2071 1127 2099 navium
1144 2071 1274 2106 cﬂ‘ugere.
1298 2070 1369 2098 Ecce
1392 2076 1483 2099 autem
1506 2077 1650 2107 postquam
1667 2075 1716 2100 ali-

926 2121 993 2153 quot
1014 2117 1050 2144 ibi
1067 2117 1126 2145 dies
1140 2117 1299 2151 substitere,
1315 2117 1490 2144 commodum
1500 2118 1544 2145 ille
1564 2119 1623 2153 ipse
1638 2123 1718 2154 opta-

926 2168 971 2193 tus
993 2169 1090 2191 ventus
1107 2163 1212 2198 spirare
1224 2163 1259 2191 ab
1283 2167 1360 2190 arcto
1375 2163 1522 2192 vehemens
1537 2164 1639 2199 coepit;
1667 2173 1718 2192 nec

926 2210 1045 2238 cunctati
1067 2209 1192 2237 videlicet
1212 2209 1251 2237 illi
1279 2214 1345 2238 sunt
1372 2213 1445 2237 totos
1470 2210 1509 2237 illi
1536 2210 1718 2239 libentissime

925 2256 1044 2292 pandere
1063 2255 1208 2282 linteorum
1228 2255 1317 2287 sinus,
1337 2255 1524 2290 audacterque
1548 2256 1648 2284 invecti
1671 2264 1719 2292 spe

925 2303 1027 2338 optima
1043 2301 1213 2335 ferebantur,
1225 2302 1380 2329 evolaturos
1394 2309 1455 2329 sese
1470 2302 1520 2329 rati
1536 2303 1561 2329 vi
1574 2310 1648 2330 aurae
1662 2309 1718 2330 tarn

925 2356 1063 2383 prosperae
1075 2353 1150 2375 trans
1169 2348 1320 2383 quamlibet
1339 2347 1451 2375 infestos
1468 2348 1657 2377 insidiantium
1673 2357 1720 2377 co-

927 2399 1018 2422 natus.
1033 2393 1116 2421 Navis
1129 2394 1212 2421 latera
1232 2394 1300 2428 quin
1319 2394 1402 2421 etiam
1427 2394 1510 2422 siccis
1527 2395 1609 2422 boum
1633 2396 1718 2423 coriis

928 2441 1096 2474 munierunt,
1110 2445 1139 2467 ut
1152 2441 1186 2468 ab
1198 2440 1260 2475 igne
1273 2440 1341 2468 forte
1357 2440 1458 2475 injecto
1480 2445 1529 2469 aut
1548 2442 1601 2469 alia
1620 2444 1718 2477 quavis

929 2487 963 2515 ab
977 2486 1102 2514 hostibus
1127 2486 1260 2522 ejaculala
1277 2490 1353 2521 peste
1372 2490 1426 2513 tuta
1441 2486 1542 2514 forent.
1567 2487 1651 2515 Arma
1667 2488 1718 2524 ipsi

929 2533 1118 2568 expedierunt,
1148 2538 1203 2559 vim
1225 2532 1356 2567 repellere
1379 2532 1467 2568 parati
1491 2540 1661 2568 quaecunque
1685 2534 1720 2561 ab

931 2578 1115 2613 imperatoriis
1144 2578 1301 2606 inferretur.
1328 2577 1377 2605 His
1400 2578 1549 2613 imperator
1568 2580 1718 2614 compertis

930 2623 1012 2659 £23
1021 2623 1164 2658 imperavit
1172 2623 1362 2651 Genueusibus
1372 2622 1471 2651 Paratae
1481 2624 1643 2659 degentibus
1655 2626 1720 2652 mit-

932 2675 988 2698 tere
997 2670 1043 2704 ἐμή
1054 2671 1182 2698 sisterent
1195 2671 1245 2698 hos
1257 2670 1401 2705 populares
1410 2677 1484 2703 suos,
1493 2676 1520 2698 et
1529 2671 1564 2698 iis
1573 2672 1721 2699 suaderent

932 2724 987 2744 non
1000 2716 1040 2744 sic
1058 2716 1205 2743 incalutato
1229 2716 1394 2751 imperatore
1412 2716 1561 2751 praeterire.
1585 2717 1721 2745 Fecerunt

934 2762 960 2790 id
971 2762 1010 2789 illi
1027 2762 1166 2793 studiose;
1191 2762 1238 2789 sed
1253 2762 1320 2789 nihil
1332 2762 1517 2797 profecerunt,
1534 2764 1720 2798 perstantibus

935 2809 995 2836 aliis
1010 2809 1036 2836 in
1051 2808 1189 2843 proposito
1203 2813 1231 2836 et
1256 2809 1358 2836 monita
1374 2809 1499 2835 convicio
1516 2809 1718 2844 repellentibus.

935 2854 1025 2887 Quare
1042 2854 1092 2888 illi,
1116 2862 1149 2880 ne
1170 2855 1221 2882 sibi
1240 2854 1327 2882 fraudi
1347 2859 1419 2882 esset
1436 2854 1524 2881 aliena
1539 2857 1721 2890 contumacia,
