1944 3067
108 157 151 190 881

633 166 680 196 DE
698 165 893 196 MlCllAELE
914 164 1144 197 PAL/EOLOGO
1165 167 1239 197 LIB.
1260 169 1295 199 V.

1674 167 1727 200 88°)

110 219 252 253 εμπαίοεσι
273 220 305 255 τῇ
322 220 455 256 προτέρᾳ,
483 222 530 248 καὶ
555 221 586 248 τὸ
609 222 676 249 πολὺ
700 222 814 258 φύσημα
836 223 892 249 τῶν
907 222 930 251 Α
946 222 996 257 μδς
1010 223 1119 258 αἴρεται
1139 225 1199 251 κατ¹
1219 225 1344 257 ἐκείνων,
1364 225 1410 251 καὶ
1432 225 1470 258 τῷ
1491 225 1653 258 Μουζὰλωνι
1671 228 1730 253 Xa.-

111 264 260 299 φωσσώνων
278 275 327 301 της
340 267 472 302 πολεμίας
484 269 525 300 είς
537 268 628 304 ὀλίγον
642 270 775 305 περιστὰν
792 271 894 297 αὐτίκα

111 309 234 349 ἀκίνητον
253 311 303 347 τὴν
321 312 387 339 ναῦν
403 315 588 349 ἐνειργάζετο.
611 316 824 350 Ἐμπιπτουσῶν
839 325 895 344 τοι-

111 357 207 392 γαροῦν
221 359 325 393 ἀμφοῖν
343 361 375 387 ἐκ
392 360 510 395 ῦατέρας
526 361 706 397 ὲκθοροῦντες
722 363 762 394 εἰς
774 363 893 398 ἐκείνην,

111 404 153 429 καὶ
167 403 220 430 uin
240 405 364 432 κάτωθεν
378 407 624 443 προσϐοηθουσῶνρ
635 410 781 445 μεγίσταις
794 411 896 446 προθυ-

113 451 183 486 μίαις
201 453 309 481 ἔϐαλον.
326 455 379 482 Καὶ
402 455 490 490 οὕτως
515 457 559 484 ἐπ’
579 458 671 490 αὐτοῖς
696 459 770 486 ἄλλοι
788 460 836 487 καὶ
852 460 896 486 ἐπ’

111 498 220 530 ἐκείνοις
234 499 324 534 ἕτεροι
348 501 574 536 ἐπεμόαἱνοντες,
595 503 642 530 τοῦ
658 504 792 539 βασιλέως
806 513 896 540 παρα-

112 543 289 579 θαρρύνοντος
314 546 426 581 ἔξωθεν,
453 551 577 585 κρατερᾷ
599 550 673 586 μάχῃ
699 552 745 578 ἐπὶ
761 552 828 579 πολὺ
846 552 897 586 τῆς

111 589 246 626 θαλάσσης
261 592 448 626 προελθοῦσαν
471 595 581 629 αἱροῦσι
597 595 646 630 τὴν
664 596 741 623 ναῦν.
759 598 814 624 Καὶ
834 599 898 624 ταύ-

111 643 157 671 την
172 636 223 671 μὲν
239 638 307 672 πρὸς
322 639 360 674 τῷ
377 639 511 674 βασιλικῷ
528 642 632 677 νεωρίῳ
650 643 742 671 ίστᾶσι
762 644 898 676 κατάξαν-

113 689 168 713 τες,
189 683 289 715 αὐτοὺς
304 683 332 711 δὲ
346 686 406 716 ταῖς
422 685 510 719 ἀξίαις
533 687 622 719 δίκαις
642 688 819 721 ὑποϐαλόντες
844 691 899 716 ἐτι-

111 728 230 762 μώρουν.
260 729 374 762 Πολλοῖς
396 731 420 757 δ’
444 732 558 761 ἐκείνων
580 734 628 760 καὶ
653 735 717 766 τοὺς
742 735 899 771 ὀφθαλμοὺς

112 772 261 809 ἐξώρυττον
285 777 341 807 τοῖς
358 778 542 813 προστυχοῦσι
567 780 730 814 πασσάλοις,
753 781 900 809 ἀντίποινα

111 819 158 853 τῆς
182 820 253 856 πρὸς
274 821 321 848 τδν
349 823 463 857 βασιλέα
479 827 721 862 καταφρονήσεως.
751 828 900 862 Παρεοιιιδς

110 865 198 902 τούτῳ
212 867 366 902 ξυμπίπτει
387 870 434 896 καὶ
459 870 524 898 ἄλλο
543 880 580 905 τι,
598 872 646 899 καὶ
661 874 719 905 τοῖς
744 873 900 907 Γενουῖταις

112 913 305 947 προστρίϐεται
317 914 455 950 ἔγκλημα.
476 917 554 949 Τινδς
565 919 620 954 γὰρ
631 918 744 946 ἐκείνων
758 920 901 956 ὑπερηφα-

112 959 276 993 νευσαμένου
292 961 470 997 προσελῶντι,
482 963 530 990 καὶ
543 964 668 996 εἰπόντος
682 965 720 997 ὡς
736 975 745 992 ι
771 966 804 992 Ἡ
824 967 902 998 πόλις

111 1004 158 1030 καὶ
174 1005 257 1032 πάλιν
271 1005 348 1033 ἔσται
362 1008 420 1040 τοῖς
433 1009 590 1045 ἡμετέροις,
618 1020 628 1037 ι
648 1010 771 1047 ζηλώσας
799 1015 902 1045 ἐκεῖνος

112 1049 202 1085 βάλλει
218 1052 289 1078 κατὰ
316 1053 419 1089 κόρρης
446 1055 494 1082 καὶ
519 1056 565 1082 τὸν
582 1056 723 1092 ὀφθαλμὸν
742 1059 848 1094 ἀχρειοῖ
862 1060 902 1096 τῷ

111 1096 227 1131 Λατίνῳ,
248 1097 297 1125 καὶ
325 1098 406 1131 εὐθὺς
435 1100 475 1136 τῷ
502 1102 636 1137 πλήξαντι
653 1104 667 1130 ὸ
690 1104 735 1131 διὰ
763 1105 902 1142 μαχαίρας

111 1142 281 1177 ἐσχεδιάξετο
299 1143 425 1178 θάνατος.
444 1146 530 1175 Τοῦτο
556 1149 652 1183 μαθὼν
672 1151 801 1186 βασιλεὺς
827 1153 904 1181 δεινὰ

86 1220 90 1224 θ
112 1188 211 1222 ἐποίει,
229 1190 337 1218 καὶτὸν
356 1192 423 1220 [διον
441 1195 612 1232 προσερέτην
634 1197 685 1228 οὐκ
709 1199 780 1227 ἀνίει
801 1199 901 1234 ζητῶν.

111 1235 145 1271 μ’
164 1235 230 1273 288]
251 1237 296 1270 Ὠς
314 1237 336 1265 δ’
351 1238 403 1266 οὐκ
417 1240 520 1268 ἐδίδουν
537 1242 607 1278 (οὐδὲ
620 1244 675 1279 γὰρ
689 1242 745 1280 ἦν),
761 1245 842 1277 εὐθὺς
856 1247 903 1273 ου-

112 1325 217 1356 diutins
229 1329 329 1364 potuit.
342 1330 396 1360 Alii
404 1339 487 1368 super
495 1333 564 1362 alios
578 1335 762 1371 irrumpentes
777 1345 904 1374 perrupe-

111 1378 175 1399 runt
186 1374 294 1402 tandem
306 1376 409 1403 aditum
421 1385 432 1413 ;.
441 1383 468 1405 et
480 1383 539 1412 past
549 1379 657 1416 longam
668 1387 844 1418 atrocemque
854 1392 904 1419 pu—

109 1425 206 1452 gnam,
231 1419 399 1449 adhortante
412 1430 479 1452 suos
494 1432 509 1451 c
523 1424 583 1452 loco
605 1427 754 1461 conspicuo
771 1435 905 1462 praesente

110 1463 289 1499 imperatore,
303 1472 383 1502 capta
395 1469 503 1496 tandem
521 1472 649 1499 oneraria
666 1472 693 1499 in
711 1473 787 1502 urbis
807 1479 905 1503 navale

109 1509 227 1537 deducta
247 1516 300 1545 est,
315 1518 438 1542 vectores
464 1520 555 1544 autem
581 1519 640 1552 ejus
659 1519 765 1548 meritis
785 1521 903 1556 subjecti

108 1555 313 1589 ptenis.Multis
328 1560 400 1587 enim
411 1568 505 1588 eorum
519 1562 613 1591 elfossi
631 1570 696 1592 sunt
706 1566 777 1593 oculi
787 1555 903 1596 sudibus

110 1601 182 1630 forte
193 1605 308 1639 repertis
318 1608 369 1634 sub
378 1607 541 1636 miserorum
559 1610 703 1645 palpebras
712 1613 814 1646 inﬁxis,
824 1613 903 1641 debi-

110 1653 149 1679 to.
168 1652 573 1689 utexprobrabant,supplicio.
588 1656 728 1692 despectui
740 1659 840 1687 habere
849 1668 903 1688 non

109 1695 208 1723 voritis
218 1696 370 1729 Augustam
389 1700 572 1734 majestatem.
587 1701 711 1739 Contigit
727 1708 754 1731 et
772 1705 903 1739 quiddam

111 1741 183 1769 alias
200 1742 264 1771 huic
288 1751 342 1771 non
367 1744 504 1779 absimile,
524 1747 597 1776 unde
624 1750 716 1784 gravis
745 1751 772 1778 in
792 1753 903 1780 eosdem

109 1786 274 1818 Genucnses
287 1794 314 1818 et
326 1790 428 1819 invidia
443 1793 550 1828 publica
564 1800 590 1821 et
605 1795 757 1832 indignatio
771 1799 905 1834 principis

109 1836 227 1866 exarsit.
251 1835 320 1863 Cum
347 1839 419 1869 enim
449 1840 560 1875 quidam
587 1841 710 1876 ipsorum
739 1844 906 1879 jactabunde

108 1881 269 1914 Proselonli
286 1883 419 1912 dixisset:
441 1895 450 1911 ι
469 1885 570 1913 lterum
582 1895 597 1915 a
608 1888 710 1915 nostris
724 1889 788 1917 urbs
802 1890 907 1918 obtine-

110 1926 198 1959 bitur,
218 1937 227 1953 ι
247 1927 393 1964 indignans
415 1930 461 1958 ille
480 1930 591 1967 infregit
601 1933 745 1967 colaphum
755 1938 808 1962 tam
818 1936 905 1964 valide

111 1971 214 2000 Latino
237 1977 266 2000 ut
294 1974 366 2002 oculi
379 1974 403 2002 ei
416 1983 495 2003 usum
517 1977 661 2009 ademerit.
685 1986 740 2006 non
760 1979 873 2015 impune
896 1992 903 2010 :

109 2027 175 2047 nam
187 2020 279 2048 statim
292 2028 437 2056 percussor
444 2022 535 2058 gladio
549 2024 695 2052 confossus
705 2025 820 2055 interiit.
830 2027 905 2061 Qua—

109 2066 177 2093 dam
207 2066 269 2101 ejus
294 2068 333 2095 rei
361 2067 433 2096 fama
457 2076 549 2104 sparsa
578 2076 734 2099 commotus
758 2072 906 2108 imperator

109 2112 186 2140 hanc
205 2118 281 2141 certo
294 2113 394 2142 factmn
410 2115 572 2150 explorandi
588 2117 722 2145 rationem
741 2119 801 2146 iuit.
818 2110 904 2148 Suum

108 2159 190 2187 reddi
207 2159 260 2187 sibi
275 2161 404 2196 remigem
425 2169 440 2189 a
455 2161 647 2190 Genuensibus
664 2164 762 2198 poscit.
788 2166 907 2200 graviter

110 2206 140 2233 id
163 2213 274 2240 urgens,
290 2210 317 2233 et
332 2206 359 2234 ni
372 2206 472 2234 faciant
488 2208 605 2236 minans.
622 2207 656 2236 Ut
669 2215 759 2237 autem
784 2211 823 2238 illi
852 2220 906 2240 non

109 2252 266 2280 reddebant
284 2252 347 2288 (nec
375 2260 441 2281 sane
468 2258 595 2288 poterant
624 2261 685 2282 eum
711 2262 908 2290 repraesentare

110 2299 163 2333 qui
177 2306 312 2333 nusquam
326 2299 382 2334 jam
398 2300 491 2335 esset),
504 2307 553 2334 pro
567 2300 700 2328 convictis
717 2301 767 2329 hoc
783 2302 843 2336 ipso
859 2312 908 2338 pa-

112 2349 194 2372 trata:
206 2345 288 2375 caedis
305 2353 351 2373 eos
371 2345 484 2379 habens,
507 2353 557 2373 nec
580 2345 722 2374 ferendum
747 2348 773 2375 id
800 2349 908 2379 facinus

113 2397 157 2418 rat
164 2398 207 2422 us.
217 2390 334 2418 Hanueli
344 2390 479 2421 Muzaloui
487 2392 578 2420 subito
586 2392 714 2428 imperat,
726 2394 813 2430 426
820 2401 909 2423 exter-

113 2437 205 2464 minet
222 2437 282 2464 sine
298 2444 372 2464 mora
383 2445 468 2472 genus
483 2439 641 2468 universum
654 2439 909 2470 Genuensium.llle

111 2489 272 2518 momento,
290 2489 422 2519 quantum
435 2491 494 2513 erat
509 2485 537 2516 in
552 2486 629 2519 urbe,
647 2492 779 2521 quantum
797 2489 824 2516 iu
841 2490 910 2517 sub-

109 2532 222 2559 urbana
240 2531 341 2560 vicinia
361 2531 489 2564 militum,
515 2532 598 2567 cogit.
615 2532 832 2563 Adstabatacies
848 2536 909 2564 visu

111 2578 179 2612 ipso
189 2577 330 2609 terribilis,
342 2577 425 2604 minis
438 2582 464 2604 et
478 2578 620 2612 procinctu
631 2578 763 2607 saeviendi
777 2579 910 2608 formido-

111 2625 206 2652 losior
222 2624 320 2656 multo,
341 2623 376 2651 iis
391 2623 484 2658 utique
500 2624 600 2658 quibus
624 2631 745 2659 praesens
774 2627 910 2661 pernicies

111 2669 504 2698 intentabatur.Circumeunt
518 2669 655 2704 extemplo
675 2675 836 2699 cunctorum
857 2672 911 2700 do-

112 2724 192 2750 mos,
215 2716 353 2745 ferventes
373 2716 476 2750 impetu
495 2716 620 2750 proximo
636 2716 689 2743 diri
711 2717 852 2745 adoriendi
869 2726 912 2746 ne

111 2764 200 2801 gntii,
218 2762 251 2790 ad
264 2763 337 2800 quod
362 2766 459 2790 nutum
483 2762 564 2790 modo
583 2762 756 2797 imperatoris
772 2769 911 2798 exspecta-

945 270 1026 304 νουὴλ
1050 271 1150 297 αὐτίκα
1177 272 1344 306 προστάσσει
1367 272 1398 299 τὸ
1424 273 1502 306 γένος
1529 271 1731 304 ὲξαναστατοῦν

945 314 1020 341 ἅπαν
1042 315 1127 350 μηδὲν
1150 316 1333 351 μελλήσαντα.
1347 316 1468 352 Συνῆκτο
1483 317 1573 344 τοίνυν
1589 319 1617 343 ὲν
1633 318 1734 353 ἀκαρεῖ

945 360 975 387 τὺ
987 362 1201 396 στρατιωτικὸν,
1216 363 1276 389 ὅσον
1293 361 1327 398 ἦν
1341 363 1371 390 ἐν
1386 364 1417 398 τῇ
1435 363 1509 402 πόλει
1526 365 1572 390 καὶ
1587 364 1650 391 ὅσον
1663 363 1731 395 ἔξω·

947 407 993 434 Θεν
1025 408 1216 443 προσεγένετο.
1242 410 1298 436 Καὶ
1312 409 1371 444 ἆμα
1393 410 1503 443 φοϐεροὶ
1520 410 1570 445 μὲν
1595 410 1735 444 ἰδεῖνιφσ-

947 452 1094 489 ϐερώτεροι
1106 455 1128 480 δ’
1139 454 1281 481 ἐπιθέσθαι
1294 452 1343 486 edi;
1354 456 1481 482 ἁπάντων
1494 456 1581 487 οἰκίας
1593 456 1734 486 κυκλοῦσι,

948 501 995 526 καὶ
1013 499 1079 534 πρὸς
1097 500 1134 535 τῷ
1149 501 1284 536 ἐγχειρεῖν
1303 499 1384 536 ἦσαν,
1401 501 1452 537 τὴν
1470 502 1524 528 ἀπὸ
1539 502 1586 529 τοῦ
1601 502 1736 537 βασιλέως

948 546 1128 580 ἀναμένοντες
1144 545 1280 574 κέλευσιν.
1296 548 1326 583 Οἱ
1343 547 1370 574 δὲ
1390 547 1428 581 τῷ
1453 547 1562 583 φοϐερῷ
1587 547 1737 580 ἐκπλαγέν-

948 600 1004 622 τες,
1022 592 1068 618 καὶ
1085 591 1146 618 χεῦ’
1161 592 1223 619 ὅσον
1241 589 1296 618 οἷόν
1319 601 1349 618 τε
1366 593 1553 624 συστείλαντες
1568 592 1599 618 τὸ
1617 593 1736 627 ἔμφυτον

948 637 995 665 τοῦ
1011 637 1110 671 θυμοῦ,
1138 638 1309 673 ἀπηειεοῦντο
1334 639 1402 673 πρὸς
1426 639 1459 666 τὰ
1479 639 1667 674 πραττόμενα,
1689 640 1737 665 καὶ

949 684 1000 719 τῆς
1017 685 1088 710 κατὰ
1107 685 1178 718 σφᾶς
1204 685 1296 720 ισχύος
1324 684 1454 719 ἀμείνους
1473 686 1506 720 τῇ
1526 685 1668 711 ὑποκλίσει
1689 685 1736 711 καὶ

948 730 989 764 τῷ
1016 730 1135 765 ταπεινῷ
1163 730 1285 765 σχήματι
1313 731 1518 765 κατεφάνησαν,
1543 733 1590 757 καὶ
1613 730 1645 765 δὴ
1670 730 1738 764 πρὸς

952 775 1057 806 ἱκεσίας
1084 776 1246 810 ἐτράποντο,
1275 776 1322 802 καὶ
1349 769 1570 811 προσελιπὰρουν
1591 775 1646 802 τῶν
1667 775 1740 802 ίδίιυν

950 821 1096 857 τραχήλων
1112 821 1279 856 ἐκδήσαντες
1296 822 1410 853 ἑαυτοὺς
1427 823 1456 854 ἐς
1471 822 1485 848 ὅ
1502 831 1528 848 τι
1545 823 1592 848 καὶ
1614 821 1740 857 βούλεται

952 869 965 894 ὁ
978 866 1087 902 κρατῶν
1101 866 1268 902 χρήσασθαι,
1281 867 1477 902 ὁμολογοῦντες
1492 868 1592 902 ἥττους
1607 865 1677 894 εἶναι
1689 867 1739 902 τῆς

953 913 1098 948 βασιλικῆς
1112 912 1249 945 ἐξουσίας,
1263 913 1309 939 καὶ
1333 913 1347 939 ὅ
1375 921 1402 939 τι
1420 913 1588 948 προστάσσοι
1604 912 1741 939 εὐπειοεῖν

953 959 1177 994 ὑπισχνούμενοι,
1194 958 1255 994 μηδ’
1270 959 1412 994 ἁναφυγὴν
1425 957 1496 986 εἶναι
1515 959 1592 993 σφίσι
1610 958 1680 994 πλὴν
1692 958 1741 993 τὴν

953 1006 1007 1032 ἀπὸ
1026 1005 1073 1032 τοῦ
1090 1004 1223 1040 βασιλέως
1239 1005 1420 1039 συμπάθειαν.
1437 1005 1514 1032 Οὕτω
1526 1005 1741 1035 ταπεινωοέντες

953 1053 992 1089 τῷ
1011 1053 1085 1088 φόϐῳ
1097 1053 1200 1087 πλῆθος
1219 1052 1319 1088 ἄθρουν
1330 1053 1399 1087 πρὸς
1416 1053 1446 1080 τὸ
1461 1053 1640 1086 κελευόμενον
1658 1053 1743 1079 ἐνεδί-

953 1099 1026 1130 δουν,
1041 1099 1090 1126 καὶ
1103 1097 1193 1133 πολλῴ
1206 1098 1314 1133 χρυσίῳ
1327 1098 1563 1133 προστιμηθέντες
1578 1099 1628 1133 τὴν
1641 1098 1743 1132 βασιλι-

953 1144 1004 1180 κὴν
1015 1145 1101 1180 ὀργὴν
1118 1144 1195 1179 μόλις
1211 1144 1468 1179 καταμαλάττουσι,
1490 1144 1580 1179 πολλῴ
1594 1144 1645 1179 τῆς
1667 1143 1743 1178 σφῶν

954 1190 1074 1225 κορύζης
1099 1190 1208 1225 ἐκείνην
1233 1189 1444 1226 ἀνυσιμωτέραν
1473 1191 1668 1226 γνωρίσαντες.
1691 1190 1744 1220 Καὶ

953 1235 1041 1262 ταῦτα
1061 1235 1111 1270 μὲν
1128 1236 1158 1262 ἐν
1173 1234 1291 1267 τούτοις.

955 1336 1029 1364 bant.
1051 1334 1142 1371 Fregit
1157 1335 1216 1363 haec
1231 1334 1335 1370 species
1352 1333 1529 1369 quantumvis
1544 1332 1662 1360 audaces
1677 1333 1744 1360 alios

955 1382 1084 1413 animos,
1115 1386 1143 1409 et
1168 1385 1305 1408 tumentes
1329 1380 1395 1408 licet
1423 1380 1498 1407 intus
1519 1380 1628 1410 innatze.
1657 1379 1743 1406 oll'en-

955 1427 1033 1455 sione
1060 1433 1130 1452 nova
1155 1425 1268 1452 irritata:
1294 1424 1404 1452 ferociae
1427 1424 1591 1458 eoinprcssit
1617 1425 1741 1459 spiritus.

955 1473 1022 1501 Cum
1040 1471 1112 1499 enim
1127 1471 1259 1499 sedatiori
1274 1475 1364 1498 mente
1376 1475 1625 1506 reputareutquam
1641 1470 1668 1497 in
1682 1479 1748 1505 pta:-

956 1519 1032 1555 cipiti
1045 1526 1088 1546 res
1106 1525 1202 1546 eorum
1213 1518 1343 1553 salusque
1364 1517 1506 1551 penderet,
1523 1517 1604 1545 facile
1619 1517 1747 1545 viderunt.

917 1561 938 1591 (Ζ
956 1574 1008 1594 non
1029 1572 1088 1593 esse
1104 1564 1130 1592 id
1156 1568 1265 1599 tempus
1288 1564 1517 1598 experiendarum
1540 1563 1652 1595 virium,
1677 1571 1746 1598 quas

955 1613 1026 1640 male
1049 1615 1207 1646 comparato
1225 1610 1376 1637 certamine
1395 1610 1599 1642 suceubituras,
1628 1610 1651 1636 si
1682 1618 1743 1636 eum

955 1658 1130 1693 imperatoris
1157 1656 1277 1691 potentia
1302 1655 1549 1684 committerentur.
1573 1655 1644 1681 haud
1673 1660 1745 1681 esset

955 1704 1079 1731 dubium.
1097 1702 1138 1730 Ira
1155 1709 1219 1736 ergo
1239 1701 1347 1736 propria
1363 1700 1390 1727 in
1416 1704 1548 1735 potestate
1576 1700 1679 1733 habita,
1711 1700 1746 1726 ad

955 1750 1085 1781 alienam,
1106 1749 1177 1775 unde
1198 1738 1360 1777 metuerent,
1379 1745 1575 1774 exarmandam
1586 1745 1747 1775 efﬁcacissi-

957 1803 1032 1822 mum
1049 1794 1256 1823 delinimentum
1276 1792 1425 1820 adltibuere
1448 1791 1580 1826 supplicis
1601 1791 1747 1821 demissio-

957 1841 1010 1873 nis,
1025 1840 1158 1875 siquidem
1187 1838 1283 1866 humili
1315 1837 1454 1873 provoluti
1478 1837 1570 1867 habitu
1603 1837 1635 1864 ad
1665 1837 1747 1872 pedes

956 1887 1100 1924 primipis,
1121 1892 1148 1914 et
1167 1885 1278 1913 funibus
1293 1885 1320 1912 in
1334 1892 1403 1913 suas
1422 1885 1475 1920 ipsi
1493 1884 1614 1912 cervices
1634 1884 1747 1919 injectis

957 1938 1130 1970 apparentes,
1145 1932 1365 1963 misericordiam
1379 1931 1584 1968 iimplorabant,
1612 1931 1748 1961 obnoxios

957 1989 988 2008 se
1007 1982 1135 2012 ferentes,
1150 1984 1312 2015 paratosque
1324 1978 1357 2006 ad
1369 1978 1476 2013 quidvis
1490 1978 1661 2006 subeundum
1674 1977 1747 2012 quod

957 2027 1115 2054 decerneret
1134 2026 1283 2060 Augustus,
1301 2024 1381 2059 cujus
1406 2027 1539 2059 potestate
1553 2032 1581 2052 se
1602 2023 1748 2052 inferiores

958 2077 1138 2107 agnoscerent
1169 2076 1196 2099 et
1219 2070 1356 2103 majestati
1381 2070 1563 2097 obsecuturos
1591 2069 1624 2096 ad
1649 2073 1745 2096 nutum

958 2124 1052 2147 sancte
1069 2117 1272 2152 pollicerentur.
1294 2115 1383 2145 Unum
1405 2114 1457 2141 sibi
1478 2119 1566 2142 tutum
1587 2114 1614 2140 in
1628 2115 1747 2142 clemen-

959 2165 996 2192 tia
1008 2165 1092 2199 ejusa
1113 2163 1190 2191 clade
1212 2162 1374 2190 imminente
1393 2161 1485 2190 videre
1511 2160 1665 2196 perfugium
1686 2168 1693 2186 :
1717 2159 1744 2187 in

960 2211 986 2239 id
1003 2219 1032 2238 se
1047 2210 1205 2244 confugere,
1216 2216 1248 2236 ac
1264 2215 1298 2235 ue
1316 2208 1362 2235 illo
1375 2207 1554 2234 excludantur
1567 2206 1649 2235 etiam
1667 2210 1749 2240 atque

961 2258 1043 2285 etiam
1058 2263 1146 2284 orare.
1164 2255 1211 2282 Sic
1239 2258 1313 2281 metu
1333 2254 1361 2280 in
1373 2253 1536 2282 modestiam
1557 2252 1668 2280 subacta
1682 2259 1749 2279 con-

962 2303 1029 2331 ferta
1048 2303 1092 2330 illa
1110 2302 1185 2337 plebs
1200 2301 1377 2336 pertinaciam
1394 2299 1500 2327 remisit
1512 2299 1589 2334 prius
1597 2303 1746 2331 ostensam,

961 2356 1085 2387 prompte
1108 2349 1180 2383 quod
1214 2347 1394 2387 mundabatur
1424 2353 1586 2380 exsequens.
1613 2344 1748 2372 lndictum

961 2397 1034 2424 enim
1052 2395 1143 2423 multa:
1161 2393 1271 2422 nomine
1287 2400 1413 2426 magnum
1428 2392 1488 2419 auri
1505 2391 1611 2427 pondus
1624 2391 1748 2419 exsolve-

962 2447 1036 2474 runt,
1061 2442 1136 2469 luero
1155 2448 1208 2467 non
1227 2446 1309 2474 parvo
1325 2439 1491 2473 imputantcs
1515 2438 1558 2465 vel
1577 2438 1616 2464 sic
1639 2437 1749 2472 placare

961 2495 1042 2524 atque
1066 2496 1081 2515 a
1098 2486 1216 2522 propriis
1240 2485 1377 2519 capitibus
1403 2484 1551 2519 quantavis
1574 2483 1748 2511 fortunarum

961 2537 1062 2564 damno
1085 2537 1207 2561 averti-re
1226 2530 1348 2566 potuisse
1376 2530 1547 2565 imperatoris
1577 2530 1656 2560 iram.
1688 2535 1748 2556 eam

959 2582 1014 2616 jam
1031 2580 1139 2608 tandem
1155 2581 1336 2614 agnoscentes
1356 2575 1537 2603 eflicariorem
1555 2574 1589 2602 ad
1605 2574 1750 2601 vindican-

961 2627 1026 2655 dum
1040 2626 1130 2653 scelus
1143 2632 1225 2660 quam
1239 2627 1311 2651 esset
1327 2622 1449 2657 ipsoxum
1465 2621 1498 2648 ad
1519 2620 1671 2648 audendum
1689 2626 1751 2653 pcr—

962 2673 1177 2709 petrandumqne
1200 2670 1317 2706 projects
1343 2667 1494 2698 temeritas.
1510 2668 1544 2695 Et
1563 2667 1620 2694 lucc
1637 2665 1750 2701 quidem

961 2721 1001 2748 sic
1011 2728 1039 2748 se
1055 2718 1185 2747 habuere.
