1944 3067
210 144 268 178 883

813 146 974 178 GEORGII
992 147 1234 179 PACHYMERSE

1786 149 1839 180 884

992 208 1062 257 εἶ’.

213 282 248 308 α’.
265 278 364 310 Ὅπως
374 277 424 316 Ζιαι
439 277 473 305 ὲκ
493 278 587 316 stola»:
599 278 658 305 τῶν
672 278 837 316 αἰτιῶνμτίι
856 280 931 306 κατὰ
951 279 1004 307 τὸν
1017 285 1040 312 Α
1054 289 1134 312 οντας
1149 280 1252 314 ἔλεγεν,
1270 280 1299 306 ὲν
1326 279 1406 315 δεινῷ
1420 279 1448 306 δὲ
1464 280 1614 315 ποιουμένη
1644 280 1691 307 καὶ
1714 280 1765 316 τὴν
1791 279 1843 313 τῆς

346 311 441 347 Αἷμον
462 313 512 340 καί
527 313 614 346 αὖθις
631 313 859 348 παρεκινοῦντθ.

247 369 291 407 [Ρ.
307 369 372 405 292]
388 369 498 396 Βασιλεῖ
511 369 539 396 δὲ
552 371 600 397 καὶ
614 369 693 402 αὖθις
712 371 862 406 φροντίδων
883 370 950 407 ἦρξε
963 373 999 399 τὰ

211 417 283 443 κατὰ
295 417 341 443 τὸν
352 416 437 451 Αἷμον
449 417 608 452 κινούμενα.
631 419 666 445 Al
696 418 750 454 γὰρ
782 418 922 446 συνθεσίαι
950 420 999 446 τοῦ

212 463 418 490 Κωνσταντίνου
436 464 484 490 καὶ
497 464 544 491 ἐπὶ
560 463 600 500 τῷ
621 464 700 500 κήδει
711 465 824 492 σπονδαὶ
839 466 1000 500 συνεχέοντο

211 509 273 543 ἤδη,
290 509 342 542 τῆς
356 509 467 544 Μαρίας
479 509 609 545 κινούσης
622 510 669 537 τὸν
689 510 774 545 ἄνδρα
799 512 867 546 πρὸς
898 511 999 546 ἔχθραν

210 554 254 587 ἐφ’
269 550 309 585 οἷς
323 553 370 580 καὶ
386 555 663 590 παιδοποιησαμένων
677 555 723 582 τὸν
731 556 843 591 Μιχαὴλ
857 558 886 583 ὲν
901 556 1000 583 ἀναδο-

210 597 270 629 λαϊς
284 598 318 624 τὰ
334 599 399 633 περὶ
413 600 463 634 τὴν
482 599 678 635 Μεσέμὸρειαν
697 598 778 636 ἦσαν,
795 601 843 628 καὶ
858 601 937 637 δῆλος
964 600 1000 637 ἦν

211 642 337 676 βασιλεὺς
352 644 467 676 ἐκείνοις
483 645 667 680 πλαττόμενος
694 646 822 681 ἀφορμὰς
846 646 894 673 τοῦ
911 646 948 682 μὴ
962 647 1001 674 δι-

208 687 282 715 δόναι
293 688 310 715 ἃ
327 689 374 715 καὶ
387 689 516 721 καθάπαξ
532 689 632 716 διδόναι
648 690 698 716 οὐκ
712 688 746 725 ἦν
760 690 917 726 βουλομένῳ
926 691 1001 718 ὲκεί-

209 743 257 769 νῳ.
280 735 454 770 Ἀνερρίπιζε
471 735 498 762 δὲ
515 735 546 762 τὸ
565 736 644 770 μῖσος
668 735 716 762 καὶ
735 736 751 770 ἡ
771 736 839 772 πρὸς
867 736 1000 771 βασιλέως

209 781 260 815 τῆς
275 781 379 816 μητρὸς
397 780 505 816 ἐκείνης
523 781 657 816 Εὐλογίας
679 782 840 817 παρόρασις.
865 783 902 808 Τὸ
920 782 943 809 δ’
957 783 1000 809 αῖ-

207 833 266 852 τιον
281 827 296 860 ἠ
313 827 444 861 περὶτῶν
460 828 612 861 γεγονότων
635 829 667 863 τῇ
693 828 845 864 Ἐκκλησία
872 828 999 864 διαφορὰ,

206 871 245 902 ὡς
267 873 307 904 εἰς
332 873 431 907 ἐχθρὰν
461 872 618 908 λογίζεσθαι
645 873 684 909 τῷ
706 875 851 909 κρατοῦντι
868 875 906 910 μὴ
926 875 1000 907 ὅπως

207 916 294 951 αὐτὴν
313 917 479 953 σχιζομένην
497 919 547 953 τῆς
563 918 631 953 πρὸς
644 919 693 954 τὴν
715 919 879 955 Ἐκκλησίαν
902 929 999 947 κοινω-

1052 328 1154 364 μητρὸς
1166 329 1235 362 πρὸς
1258 327 1391 361 βασιλέως
1417 327 1580 363 ἀπέχθειαν.
1595 327 1677 354 Ὀθεν
1697 328 1746 355 καὶ
1770 329 1843 363 πρδς

1051 372 1097 399 [σα
1113 371 1242 399 δεικνῦσα
1256 372 1285 399 τδ
1297 371 1376 407 ἔχθος
1391 373 1523 407 πειρᾶται
1538 373 1669 407 πράττειν
1686 373 1734 400 καὶ
1747 373 1842 408 μεῖζον

1051 417 1068 452 ἢ
1082 417 1152 443 κατά
1169 417 1286 452 γυναῖκα
1303 425 1310 432 ⁸
1324 417 1369 443 τὸν
1383 417 1438 451 γὰρ
1462 416 1560 453 Ἰωσὴφ
1581 418 1632 444 σὺν
1647 418 1750 450 ἄλλοις,
1763 417 1793 445 ὃν
1809 419 1843 452 δὴ

1051 462 1099 488 καὶ
1118 462 1248 496 Καθαρὺν
1266 461 1420 498 ὠνόμαζον,
1432 463 1539 497 πέμπει
1563 463 1632 498 πρὸς
1655 463 1844 497 Παλαιστίνην

1051 508 1110 543 ἅμα
1125 508 1176 543 μὲν
1187 507 1226 543 τῷ
1250 508 1300 542 τῆς
1318 507 1415 539 Δίλιας
1439 508 1598 543 πατριάρχῃ
1623 507 1658 534 τὰ
1681 507 1844 543 πραχθέντα

1050 554 1264 588 διασαφήσαντα,
1278 553 1337 588 ἅμα
1352 553 1380 580 δὲ
1395 554 1443 580 καὶ
1456 554 1502 580 τδν
1519 553 1634 580 σουλτὰν
1660 554 1730 580 κατὰ
1761 553 1844 589 βασι-

1051 598 1119 630 λέως
1129 597 1166 630 ὡς
1181 598 1240 625 ὲνδν
1252 598 1347 633 ἐκείνῳ
1362 599 1596 633 παρακινήσαντα,
1614 598 1680 625 ὥσθ’
1695 599 1753 634 ἅμα
1768 599 1845 625 ἐκεῖ·

1050 653 1095 671 νον
1110 644 1159 679 μὲν
1179 643 1266 675 ἐνθεν,
1283 644 1456 679 Βουλγάρους
1474 644 1496 671 δ’
1515 644 1642 671 ἐντεῦθεν
1662 644 1845 675 συνελθόντας

1050 691 1098 725 τὴν
1112 689 1208 724 χώραν
1226 689 1272 716 τοῦ
1291 690 1421 724 βασιλέως
1441 690 1560 717 κακοῦν·
1577 689 1649 716 εἶναι
1667 690 1721 724 γὰρ
1741 690 1845 725 καὶτῷ

1050 734 1123 770 Θείῳ
1140 734 1338 770 ἁπηχθημένον
1350 735 1396 761 τὸν
1419 735 1532 770 βασιλέα
1547 736 1585 766 ὡς
1611 735 1776 770 παρασάντα
1792 735 1845 770 τὴν

1051 779 1119 814 πρδς
1135 780 1239 806 ἐκεῖνον
1254 779 1415 815 Θρησκείαν,
1432 780 1508 807 οὐδὲν
1525 780 1549 807 δ’
1567 780 1631 807 ἄλλο
1646 778 1717 807 εἶναι
1739 779 1770 806 τδ
1796 788 1844 806 κι-

1051 826 1114 852 νοῦν
1129 825 1196 852 Θεδν
1209 825 1254 852 ἐπ’
1268 825 1431 861 ἀνθρώπους
1447 827 1463 861 ἢ
1481 826 1511 852 τὸ
1525 826 1684 862 παραϐῆναι
1698 827 1768 859 σφᾶς
1791 827 1845 861 τὴν

1049 871 1118 906 πρὸς
1131 872 1236 898 ἐκεῖνον
1248 872 1429 907 νομιζομένην
1455 872 1535 904 δόξαν
1556 872 1686 908 ἀρχῆθεν,
1716 872 1762 907 Τῷ
1790 873 1844 908 μὲν

1050 916 1096 945 οὖν
1121 918 1278 954 πατριάρχῃ
1305 918 1330 944 oi
1355 917 1431 953 παρὰ
1461 919 1512 953 τῆς
1533 919 1644 954 Μαρίας
1667 918 1844 953 πεμφθέντες

207 961 280 995 νίας,
297 963 365 990 ἀλλὰ
379 965 426 990 καὶ
441 964 558 997 πολλοὺς
574 965 628 991 τῶν
644 966 813 1000 σχιζομένων
835 965 996 1000 περιποιοῦ-
1009 961 1033 990 Β
1047 965 1133 991 πιστὰ
1150 964 1243 999 λέγειν
1257 965 1378 997 ἐδόκουν,
1405 965 1452 991 καὶ
1467 965 1531 999 παρ’
1547 964 1636 992 ἄλλων
1664 964 1779 999 μαθόντι
1808 964 1844 991 τὰ

207 1016 257 1034 σαν
273 1008 322 1035 καὶ
336 1009 569 1042 περιθάλτιουσαν.
597 1010 681 1038 Ταῦθ’
700 1012 716 1045 ὴ
742 1011 837 1046 Μαρία
863 1010 994 1037 πυνθανο·

207 1054 275 1088 μένη
298 1054 353 1081 τῶν
375 1054 512 1090 ὁσημέραι
531 1055 599 1090 παρ’
623 1056 708 1091 αὐτὴν
738 1056 894 1091 φοιτώντων
912 1054 995 1092 (ἦσαν

205 1099 260 1133 γὰρ
283 1099 333 1126 καὶ
362 1099 418 1126 τῶν
442 1101 568 1136 μοναχῶν
588 1102 639 1128 οὐκ
664 1101 751 1136 ὀλίγοι
768 1102 817 1137 τὴν
832 1103 872 1134 εἰς
886 1102 994 1138 ἐκείνην

205 1143 512 1185 στέρξαντεςνῐκετείαν)
530 1147 605 1174 δεινὰ
623 1147 738 1182 ἐμελέτα
757 1148 826 1174 κατὰ
841 1148 887 1174 τοῦ
909 1148 993 1185 θείου,

206 1190 342 1224 στλυγοῦαα
357 1184 407 1226 μὲν
418 1192 465 1219 καὶ
478 1191 527 1227 τὴν
543 1192 655 1228 πρᾶξιν,
669 1193 706 1225 ὠς
725 1193 792 1227 πρὸς
804 1195 867 1226 τοὺς
885 1184 994 1220 lata-reti;

1050 1010 1199 1045 γεγονότα·
1229 1010 1292 1037 ὅθεν
1321 1011 1369 1036 καὶ
1399 1009 1474 1045 παρὰ
1505 1010 1586 1045 μόνον
1615 1009 1646 1036 τὸ
1676 1009 1844 1044 μεγεούνειν

1048 1055 1247 1091 προστιθέντας
1264 1055 1294 1082 τὸ
1306 1056 1424 1091 πρᾶγμα
1443 1055 1588 1090 ἀληθινοὺς
1614 1054 1745 1089 πρέσϐεις
1769 1051 1839 1088 εἶχε,

1047 1104 1094 1131 καὶ
1105 1104 1156 1131 οὐκ
1166 1103 1405 1139 ἐπολυπραγμόνει
1421 1103 1466 1130 τὸν
1478 1103 1636 1138 πέμψαντα.
1655 1103 1800 1129 Ἐπίστευε
1809 1101 1839 1128 δὲ

1046 1149 1110 1181 τοὺς
1141 1149 1206 1184 περὶ
1225 1148 1271 1175 τὸν
1306 1148 1512 1184 Ἀλεξανδρείας
1540 1148 1703 1175 Ἀθανάσιον
1732 1147 1780 1174 καί
1807 1155 1843 1182 γε

1047 1193 1093 1220 τδν
1116 1193 1282 1229 Ἀντιοχείας
1298 1193 1438 1228 Εὑθύμιον
1451 1193 1540 1220 έκεῖνο
1552 1192 1684 1229 πράττειν
1695 1193 1710 1220 ὃ
1726 1193 1775 1221 καὶ
1789 1193 1843 1228 μό-

980 1261 1064 1307 Vl.

206 1336 233 1366 1.
255 1335 288 1364 Ut
302 1341 327 1364 et
341 1338 436 1372 quibus
453 1337 485 1364 de
501 1338 589 1365 causis
608 1339 644 1366 ad
663 1344 777 1367 montem
796 1339 919 1367 Humum
938 1343 995 1366 tur-

471 1373 531 1400 bari
545 1381 600 1407 pa:
613 1375 730 1409 coeperit.

239 1429 321 1465 427
337 1429 469 1458 Caeterum
479 1430 636 1465 imperatori
647 1439 781 1459 novarum
795 1431 902 1459 initium
912 1439 994 1460 cura-

204 1483 264 1503 rum
281 1475 435 1503 attulerunt
450 1483 495 1504 res
508 1476 580 1511 apud
600 1476 724 1504 Haemum
747 1478 846 1505 iterum
868 1478 993 1505 turbatae.

203 1521 272 1549 Nam
302 1522 500 1550 conventiones
531 1523 705 1550 Constantini
735 1528 761 1551 et
797 1524 842 1551 illa
871 1523 992 1555 foedera,

203 1568 319 1602 nuptiali
334 1572 474 1603 utcunque
489 1568 693 1597 necessitudine
712 1569 831 1601 ﬁrmata.
850 1570 906 1604 jam
927 1577 993 1596 con-

203 1613 401 1646 fundebantur,
433 1613 517 1641 Maria
549 1615 637 1641 virum
670 1614 697 1642 in
729 1614 828 1642 hostile
863 1618 994 1642 adversus

203 1659 344 1687 Romanos
358 1659 452 1687 odium
474 1665 600 1688 movente
615 1668 648 1688 eo
663 1660 813 1692 eﬁicacius,
835 1669 889 1696 quo
908 1661 995 1696 pluris

202 1710 235 1730 ea
260 1711 323 1732 esse
348 1704 419 1740 apud
439 1705 528 1740 ipsum
548 1710 669 1740 cmperat
689 1705 764 1733 edito
793 1706 818 1734 ei
849 1706 916 1738 ﬁlio,
946 1706 993 1741 qui

202 1749 318 1778 Michael
345 1756 387 1778 est
408 1751 508 1784 dictus,
532 1756 657 1779 cessante
681 1751 789 1779 interim
808 1752 991 1787 imperialium

201 1797 403 1832 promissorum
427 1796 489 1824 ﬁde.
520 1796 587 1823 Nam
616 1804 678 1824 cum
707 1797 794 1832 pactis
817 1798 992 1832 sponsalibus

203 1842 354 1877 recepisset
366 1842 515 1877 imperator
538 1842 734 1870 Mesembream
759 1843 942 1872 Constantino
962 1852 992 1873 se

201 1895 358 1922 cessurum,
372 1889 494 1916 nondum
510 1896 571 1916 eam
587 1890 756 1923 tradiderat;
779 1894 806 1917 et
825 1890 892 1919 satis
906 1898 993 1926 appa-

202 1934 280 1962 rebat
303 1933 484 1961 deliberatum
515 1941 578 1962 esse
608 1935 659 1968 ipsi
690 1935 766 1962 nullo
794 1943 914 1970 unquam
937 1938 992 1964 line

202 1978 377 2006 comminisci
401 1982 550 2014 praetextas
581 1987 635 2006 non
657 1980 740 2007 dandi
763 1981 836 2015 quod
854 1972 990 2009 amitteret

202 2023 396 2051 invitissimus.
419 2024 541 2059 Subjecit
567 2024 623 2058 jam
646 2032 694 2060 per
719 2033 749 2053 se
775 2027 881 2053 ardenti
905 2027 990 2055 ot't'en-

201 2069 271 2097 sioni
299 2069 440 2099 ﬂammam
459 2077 528 2097 nova
552 2070 654 2105 injuria
682 2071 813 2106 neglecta.-
837 2078 990 2107 spretaeque

201 2117 236 2143 ab
263 2117 427 2151 imperatore
457 2116 588 2152 Eulogiaa,
616 2124 676 2151 qua;
703 2121 790 2144 mater
810 2122 870 2146 erat
896 2119 989 2147 uxoris

199 2164 386 2192 Constantini.
401 2163 489 2192 Causa
515 2164 586 2191 inter
602 2171 650 2191 eos
666 2163 771 2192 dissidii
797 2164 846 2192 fuit
869 2166 989 2200 Eulogius

200 2210 338 2238 declarata
356 2211 504 2245 propensio
520 2211 546 2237 in
571 2218 617 2238 eas
632 2218 693 2244 qua:
715 2210 808 2239 minus
829 2211 988 2246 imperatori

199 2256 387 2291 probabantur
418 2256 567 2284 factionum
601 2255 853 2284 ecclesiasticarum
885 2262 988 2292 partes,

199 2310 282 2337 quam
308 2302 353 2329 ille
376 2302 439 2330 odio
455 2303 559 2330 sororis
585 2303 613 2331 in
638 2309 668 2331 se
691 2302 800 2330 cuidam
825 2304 986 2337 imputabat.

199 2346 272 2375 Sane
292 2351 426 2375 matronae~
450 2348 533 2382 hujus
559 2348 585 2374 in
601 2355 633 2375 ea
651 2355 681 2376 re
702 2349 740 2376 ita
766 2349 905 2376 eminebat
927 2353 988 2376 stu-

197 2393 285 2424 dium.
308 2398 338 2421 ut
356 2401 410 2421 non
431 2398 559 2422 contenta
583 2401 613 2422 se
639 2395 725 2428 ipsam
751 2403 766 2422 a
791 2396 987 2423 communione

198 2439 429 2466 consentientium
441 2438 517 2466 fratri
533 2439 658 2474 Augusto
669 2447 825 2475 segregare,
841 2440 987 2475 plerosque

196 2485 278 2512 etiam
297 2489 424 2512 auctores
441 2486 643 2520 partic'pesque
663 2486 821 2514 schismalis
837 2487 987 2515 conciliare

197 2530 364 2558 demerendo
377 2530 429 2558 sibi
442 2530 589 2566 l‘orereque
601 2531 754 2566 patrocinio
770 2531 859 2566 palam
876 2531 985 2559 aﬁ‘ecla-

196 2580 248 2602 ret.
270 2574 331 2603 [hec
350 2575 433 2603 Maria
451 2576 619 2611 quotidianis
635 2576 751 2604 audiens
766 2576 870 2604 nttntiis
887 2577 984 2612 (cursi-

195 2621 292 2649 tabant
308 2622 381 2649 enim
406 2622 477 2649 inter
500 2626 615 2649 matrem
631 2623 770 2658 ﬁliamque
798 2622 984 2650 ntmdinandis

195 2668 224 2694 in
239 2675 351 2696 causam
367 2668 524 2696 schismatts
535 2668 715 2696 muliebribus
734 2669 871 2704 suffragiis
885 2669 982 2696 intenti

199 2713 326 2740 monachi
339 2721 391 2740 non
403 2714 492 2749 pauci)
505 2714 599 2749 gravia
614 2714 641 2741 in
655 2713 819 2745 avunculum
832 2714 982 2742 machinati

196 2767 260 2787 orsa
276 2765 327 2792 est,
343 2761 427 2788 invita
444 2761 501 2796 ipsa
518 2762 628 2796 quidem
645 2766 672 2789 et
683 2762 834 2790 abhorrens
851 2761 884 2788 ab
900 2761 984 2796 impio

196 2804 224 2833 in
242 2806 359 2839 speciem
376 2805 458 2838 facto,
483 2811 512 2833 ut
536 2807 627 2834 dicere
645 2807 749 2834 solebat
774 2806 983 2840 implorantibus

197 2849 256 2886 t'j-ts
274 2857 352 2884 opem
367 2858 436 2886 quos
461 2851 516 2880 dixi
535 2843 688 2885 Inouat'his,
714 2856 803 2882 tamen
835 2859 981 2882 excusans,

1006 1735 1028 1765 C

1044 1337 1135 1365 sinere
1154 1337 1268 1364 inultam
1296 1344 1325 1364 se
1344 1345 1399 1365 non
1425 1345 1506 1373 posse
1525 1337 1609 1374 428
1627 1337 1802 1365 aversionem
1823 1342 1839 1362 α

1044 1388 1132 1410 matre
1145 1390 1195 1410 sua
1217 1390 1299 1417 quam
1327 1390 1384 1417 pne
1407 1390 1437 1410 se
1467 1383 1574 1410 ferebat
1602 1383 1772 1418 imperator;
1792 1383 1841 1410 cui

1042 1429 1158 1464 proinde
1177 1435 1270 1463 parem
1282 1428 1338 1456 odii
1351 1436 1509 1456 mensuram
1524 1429 1674 1464 rependere
1695 1437 1837 1464 aggressa,

1043 1475 1104 1510 plus
1125 1482 1224 1502 nocere
1237 1480 1336 1502 conata
1350 1479 1392 1502 est
1405 1483 1488 1510 quam
1510 1476 1697 1503 verisimiliter
1709 1480 1840 1510 potuerat

1043 1528 1059 1548 a
1082 1521 1196 1548 muliere
1223 1521 1323 1553 timeri,
1347 1521 1482 1556 siquidem
1505 1521 1655 1557 Josephum
1687 1522 1838 1556 quemdam

1044 1571 1226 1602 cognomento
1248 1566 1399 1593 Catharum
1427 1575 1488 1594 cum
1517 1568 1580 1595 aliis
1609 1568 1636 1595 in
1660 1567 1837 1595 Palaestinam

1043 1613 1129 1646 misit,
1156 1613 1254 1648 partim
1285 1618 1314 1639 ut
1340 1613 1419 1641 Elim
1440 1614 1605 1649 patriarcha:
1627 1614 1840 1643 manifestarent

1043 1667 1104 1694 qua:
1119 1664 1180 1686 acta
1199 1659 1318 1692 lucrant,
1331 1659 1429 1694 partim
1452 1664 1482 1687 nt
1499 1660 1582 1695 hujus
1599 1668 1693 1696 opera,
1713 1661 1839 1689 collabo-

1044 1709 1137 1732 rantes
1148 1704 1243 1732 eodem
1260 1709 1287 1732 et
1303 1705 1354 1740 ipsi
1372 1713 1422 1740 pro
1445 1706 1528 1738 virili,
1555 1706 1690 1734 sultanem
1708 1707 1766 1735 illic
1787 1708 1838 1735 do-

1044 1749 1193 1776 minantem
1219 1749 1245 1776 ln
1274 1750 1467 1785 imperatorem
1488 1751 1681 1786 concitarent;
1705 1758 1763 1788 quo
1789 1753 1838 1780 illo

1042 1794 1117 1827 inde,
1133 1794 1259 1830 Bnlgaris
1274 1804 1306 1823 ex
1324 1801 1402 1831 parte
1420 1797 1473 1824 alia
1498 1797 1727 1833 irrumpentibus,
1749 1798 1840 1834 impe-

1041 1839 1126 1866 ratori
1145 1840 1275 1875 subjecta:
1300 1841 1448 1876 provincia:
1474 1843 1587 1877 ancipiti
1609 1844 1741 1879 utrinque
1765 1845 1839 1871 malo

1042 1889 1221 1913 vexarentur.
1250 1885 1317 1913 Nam
1333 1894 1447 1914 exosum
1473 1895 1534 1915 esse
1560 1888 1655 1923 utique
1675 1889 1730 1916 Deo
1750 1889 1839 1924 impc-

1041 1933 1161 1956 ratorem
1177 1930 1212 1958 ob
1225 1938 1256 1958 ea
1269 1939 1330 1966 qua:
1341 1936 1437 1959 contra
1455 1932 1525 1960 ritus
1535 1934 1641 1968 patrios
1655 1933 1682 1961 in
1701 1934 1837 1969 religione

1041 1974 1217 2004 immulasset
1235 1986 1241 2004 ἒ
1258 1985 1312 2004 una
1325 1985 1354 2005 re
1366 1983 1456 2006 antem
1473 1979 1596 2007 maxime
1611 1981 1714 2007 moveri
1729 1986 1757 2008 et
1771 1989 1838 2008 con-

1041 2020 1119 2048 citari
1135 2020 1220 2048 Deum
1238 2022 1371 2051 adversus
1395 2024 1532 2056 homines,
1545 2025 1567 2052 si
1590 2032 1638 2053 eos
1653 2025 1745 2053 videat
1767 2026 1834 2053 olim

1041 2066 1145 2094 sancita
1162 2067 1357 2096 ecclesiasticae
1372 2069 1502 2097 doctrinae
1519 2070 1645 2106 dogmata
1663 2072 1835 2106 legitimum-

1040 2120 1093 2147 qttc
1109 2121 1189 2140 usttm
1214 2122 1357 2142 sacrorum
1379 2123 1556 2151 corrumpere
1580 2117 1687 2145 intrtlsa
1712 2119 1836 2146 novitate

1041 2167 1094 2186 non
1115 2160 1214 2187 vereri.
1232 2161 1271 2188 Ac
1296 2162 1458 2196 patriarcha:
1481 2164 1590 2198 quidem
1612 2165 1689 2192 missi
1710 2173 1724 2191 a
1748 2165 1835 2194 Maria

1041 2206 1119 2234 facile
1134 2213 1330 2241 persuaserunt
1346 2217 1407 2244 qua
1421 2215 1579 2242 narrarunt.
1601 2214 1695 2245 utpote
1712 2212 1766 2247 ipsi
1777 2212 1834 2246 jam

1041 2252 1075 2280 ab
1096 2252 1159 2280 aliis
1174 2253 1284 2286 audita;
1312 2253 1405 2288 itaque
1427 2262 1489 2282 cum
1517 2256 1543 2282 ni
1572 2256 1634 2284 novi
1656 2258 1836 2292 cognitarum

1040 2303 1121 2325 antea
1139 2306 1232 2326 rerum
1246 2300 1336 2326 nuntii
1347 2300 1414 2327 nihil
1432 2301 1485 2328 nisi
1498 2308 1695 2337 exaggerarent
1711 2304 1838 2340 indigni-

1040 2349 1121 2372 tatem
1140 2345 1211 2372 fama
1225 2345 1281 2379 jam
1302 2346 1450 2373 celebrium
1467 2352 1604 2382 actorum,
1626 2357 1675 2384 pro
1690 2350 1765 2378 veris
1786 2360 1836 2380 eos

1040 2396 1066 2418 et
1088 2391 1195 2419 sincere
1216 2392 1360 2426 agentibus
1383 2393 1482 2428 legatis
1508 2394 1614 2426 habuit,
1633 2396 1702 2423 nihil
1721 2398 1837 2426 curiose

1039 2437 1173 2471 indagans
1190 2439 1262 2465 circa
1287 2444 1405 2466 mentem
1423 2440 1483 2474 ejus
1509 2448 1524 2467 a
1550 2449 1604 2475 quo
1635 2442 1835 2474 mittebantur.

1037 2489 1084 2511 aut
1098 2484 1289 2519 inquirendum
1310 2485 1462 2520 suspiciose
1487 2486 1590 2514 ducens
1611 2487 1644 2512 de
1667 2491 1725 2514 toto
1751 2487 1834 2515 istius

1036 2530 1182 2566 legationis
1195 2531 1323 2563 consilio,
1342 2531 1440 2566 ecquid
1455 2532 1549 2559 arcani
1560 2532 1700 2567 quidpiam
1716 2534 1831 2563 artiﬁcii

1035 2582 1062 2604 et
1088 2577 1260 2611 politirarum
1287 2577 1495 2612 privatarumve
1526 2579 1666 2606 rationum
1701 2580 1832 2614 specioso

1035 2622 1085 2649 zeli
1112 2629 1160 2656 pro
1190 2622 1322 2656 religione
1345 2623 1460 2651 obtentu
1483 2624 1599 2652 celaret.
1622 2625 1719 2659 Itaque
1753 2630 1832 2652 tanto

1037 2668 1128 2696 studio
1142 2668 1169 2695 in
1187 2670 1326 2704 negotium
1353 2669 1486 2702 incubuit,
1505 2676 1535 2697 ut
1548 2670 1589 2698 vel
1614 2671 1637 2698 si
1655 2672 1831 2706 contingeret

1036 2714 1252 2742 Alexandrinum
1266 2715 1447 2744 Athanasium
1463 2721 1490 2744 et
1507 2717 1707 2744 Antiochenum
1725 2717 1832 2754 Euthy-

1037 2762 1122 2788 minm
1137 2761 1296 2797 imperatori
1322 2763 1460 2794 assentiri,
1483 2763 1660 2798 proﬁteretur
1680 2764 1773 2790 solum
1801 2773 1831 2792 se

1037 2814 1090 2834 non
1104 2807 1291 2834 dubitaturum
1310 2808 1454 2836 obsistere.
1469 2809 1608 2836 Sultanem
1625 2809 1698 2843 quod
1716 2810 1831 2842 attinet,

1037 2853 1301 2890 incxspnctatissima
1331 2853 1387 2882 Ιιίιιο
1415 2855 1442 2886 ci
1465 2855 1564 2885 accidit
1585 2855 1697 2891 legatio,
1725 2856 1831 2894 quippe
