1944 3067
67 140 164 172 ’88ῆ

606 145 656 175 DE
671 146 869 176 MICHAELE
888 147 1121 181 PALAEOLDGO
1142 149 1214 179 LIB.
1236 150 1289 180 VI.

1694 155 1747 185 8-6

112 207 157 244 νος
171 198 281 244 ὴξιοῦτο
293 198 334 235 [Ρ.
351 199 416 236 2951
433 202 532 227 ποιεῖν.
547 201 592 237 Τῷ
606 202 634 229 δέ
651 211 683 237 γε
698 204 813 231 σουλτὰν
839 213 896 240 παρ
923 207 942 234 A
956 205 1098 241 λεσμὲνοις
1110 207 1225 238 ἐπιστὰς
1247 207 1340 243 ἔκρινε
1354 207 1408 235 δεῖν
1428 208 1586 243 ἡσυχάζειν,
1615 209 1663 236 τοῦ
1697 211 1746 244 μὲν

110 243 248 279 ἔλπισμδν
264 243 298 280 ἦν
322 246 412 272 πάντα
439 246 454 281 ἡ
477 247 590 274 ἐκείνων
614 249 747 284 πρεσῦεία
772 250 810 282 ὡς
836 251 905 285 μηδὲ

111 290 173 316 ποτ’
185 290 280 317 ἄλλοτε
291 292 428 327 γενομένη
443 293 499 324 τοῖς
516 293 569 328 πρὸ
585 293 669 320 αὐτοῦ
689 294 741 330 τῆς
764 295 904 330 Αἰγύπτου

111 335 243 371 ἄρχουσι·
262 337 375 373 προσὶτι
389 338 417 364 δὲ
431 338 480 365 καὶ
503 339 535 365 τὺ
557 339 636 372 ἔθνος
656 341 711 367 τῶν
739 341 905 377 Βουλγάρων

114 383 154 418 μὴ
170 383 320 418 περιφανὲς
332 383 362 410 ὃν
377 383 450 411 ὥστε
465 385 512 411 καὶ
529 386 570 417 είς
581 385 671 422 ἀρχὴν
683 387 846 422 ἀνάγεσθαι,
875 389 905 415 ἐν

111 429 253 461 ὑπονοίαις
267 430 315 466 τὴν
334 431 482 466 πρεσϐείαν
496 431 596 463 ἐποίει,
618 433 666 460 καὶ
681 434 802 468 σιγηλῶς
831 435 903 461 ἀπέ-

111 483 218 510 πεμπε.
232 476 269 502 Τὸ
286 477 378 510 μέντοι
392 485 424 511 γε
439 477 536 504 δοκοῦν
552 478 591 514 τῷ
607 479 658 514 τῆς
685 480 795 512 Αίλίας,
809 490 906 517 πατρι-

112 522 260 556 αρχεύοντι
278 523 423 560 Γρηγορίῳ
443 524 492 550 καὶ
510 524 572 552 λίαν
587 525 716 561 ἀληθινὸν
732 524 776 563 ἦν.
805 528 837 554 '0
852 528 906 564 γὰρ

100 568 286 604 ,Ἀντιοχείας
312 570 358 596 καὶ
386 571 599 607 προεπεδήμησε
622 573 656 608 τῇ
689 572 904 607 Κωνσταντινου,

112 613 226 647 pudet;
237 614 293 641 τῶν
307 615 354 642 τοῦ
366 615 449 650 ρηγδς
465 616 615 653 Ἀρμενίας
639 619 750 654 χειρῶν.
785 620 906 652 Ἐκεῖνος

111 658 171 694 γὰρ
184 659 262 694 ἔχθος
276 659 315 695 τῷ
330 663 488 698 πατριάρχῃ
502 663 595 698 τηρῶν
611 664 658 691 καὶ
673 665 758 692 θέλων
784 666 906 694 ἐκποδὼν

114 705 241 740 ποιῆσαι,
255 706 318 733 ἐπεὶ
332 706 385 734 ἀνὰ
403 709 498 743 χεῖρας
514 706 573 743 εἶχε
595 710 642 736 τὸν
663 710 757 746 ἄνδρα,
783 712 907 741 ἐκδίδωσι

111 753 172 783 τοῖς
182 753 334 785 ἀπάξουσιν
380 754 413 789 δὴ
432 755 478 782 καὶ
490 755 640 784 ἀπολλύναι
651 758 683 785 ὲκ
696 758 744 785 τοῦ
761 761 906 796 παραχρῆ-

116 808 156 834 μα
171 798 304 836 ξυμϐαίη.
320 801 375 828 Καὶ
390 802 414 828 ot
431 802 702 840 λαῶντεςὰμφιάλῳ
711 808 907 835 κατεπίςτευον

113 844 213 880 πέτρῃ,
229 846 326 881 ἐρήμῳ
337 846 406 884 οὔσῃ
422 848 470 874 καὶ
495 849 675 886 ἀπανθρώπῳ
696 851 732 878 τὰ
755 853 795 885 εἰς
814 854 906 889 παρά-

957 253 1119 288 συμπρᾶξαι
1134 253 1274 284 παντελῶς
1289 253 1412 288 ἀπέχων,
1429 253 1458 280 τὸ
1473 253 1495 280 δ’
1523 254 1662 281 ἀνακινεῖν
1678 255 1747 282 καθ-

956 299 1061 328 εστῶτα
1079 299 1231 335 ἡγούμενος
1248 299 1377 335 ἄκαιρον.

958 379 991 415 β’.
1009 379 1105 413 Ὅπως
1117 379 1136 413 ἡ
1155 380 1252 415 Μαρία
1277 379 1499 442 κὸιέειέοφίσατο
1521 379 1576 407 τὸν
1599 380 1748 415 Σερεγτίσ-

1331 423 1350 441 α
1370 423 1416 442 ον.

1331 423 1416 442 ασον.

993 481 1035 518 [Ρ.
1051 482 1116 518 294]
1135 482 1167 509 Ἥ
1183 483 1276 517 μέντοι
1297 492 1330 517 γε
1346 484 1441 519 Μαρία
1457 483 1570 519 Μιχαὴλ
1593 484 1640 510 τὸν
1664 483 1750 510 παῖδα

956 527 1005 553 καὶ
1029 526 1106 560 παρὰ
1132 526 1183 563 τὴν
1211 528 1322 562 ἡλικίαν
1337 529 1462 563 στέψασα
1488 528 1637 563 βασιλικῶς
1650 528 1749 563 ἐτρεξιπ

957 573 1004 598 καὶ
1028 573 1124 607 ἀνῆγε,
1148 573 1196 607 τὴν
1224 573 1363 609 εὐφημίαν
1386 575 1454 609 μετᾶ
1475 574 1594 609 πατέρας
1611 574 1649 609 τῷ
1672 573 1750 601 παιδὶ

958 619 1127 654 παρέχουσα.
1144 619 1289 651 ’Υπόπτως
1300 619 1328 646 δὲ
1343 619 1383 654 τῷ
1395 620 1605 655 Σφεντισθλάὸῳ
1627 621 1674 647 καὶ
1688 619 1750 646 λίαν

958 663 1068 699 ἔχουσα,
1081 665 1200 700 δεσπότῃ
1213 673 1245 699 γε
1258 665 1327 697 δντι,
1343 665 1518 692 ὖποποιείται
1531 666 1559 692 δὲ
1573 665 1666 697 δολίως
1675 665 1750 692 ἐκεῖ·

957 715 1023 736 νον·
1049 709 1084 736 τὰ
1104 709 1159 744 γὰρ
1184 709 1232 736 τοῦ
1256 710 1464 737 Κωνσταντίνου
1492 710 1612 742 ἀσθενῶς
1642 710 1752 746 ἔχοντος

958 755 1047 783 ἐποίει
1061 756 1177 783 τοιαῦτα
1194 757 1415 790 κατασκευάζειν
1427 759 1490 792 περὶ
1506 758 1545 793 τῷ
1562 758 1637 785 παιδὶ
1649 757 1753 785 δειλιῶ-

959 808 1019 829 σαν.
1049 801 1185 837 Πέμψασα
1213 802 1291 836 γοῦν,
1314 803 1407 838 ὅρκοις
1433 803 1473 839 μὴ
1499 802 1696 830 ἐπιϐουλεῦσαί
1713 801 1750 835 οξ,

959 847 1048 874 πείθει
1065 848 1269 882 παραγενέσθαι
1283 849 1328 875 τον
1345 848 1562 884 Σφεντίοθλαὸον
1574 848 1639 884 παρ’
1652 849 1749 884 αὑτήν.

113 877 223 925 uin-etv,
244 877 318 919 δΔ-λλζ
329 877 433 925 ὲκετῖος
453 894 575 929 ρυσθεὶς,
590 877 632 927 ’ὡς
647 877 735 931 ἐλεχε,
756 877 907 931 1.2.2:;1
924 877 945 904 Β
965 893 994 920 Ὀ
1011 894 1040 921 δὲ
1048 877 1213 930 τοῖς-ὅρκοις
1226 877 1378 931 Θαρρήσας,
1389 896 1428 926 είς
1452 895 1588 931 Τέρνοόον
1613 877 1675 932 ἧκε,
1702 877 1752 922 καὶ

116 935 327 971 θαυματουργοῦ
342 938 478 965 Νικολάου
500 939 689 974 ἐπιστασίαις.
703 941 812 975 βασιλεῖ
825 950 908 977 προσ-

115 982 211 1016 τρέχει
228 981 376 1018 καταχοεὶς
394 984 434 1016 εἰς
448 983 536 1012 πόλιν,
553 985 582 1011 ’0
596 985 623 1012 δέ
640 994 672 1020 γε
690 986 906 1023 Ἀλεξανδρείας,

115 1027 164 1053 καὶ
184 1027 265 1059 αὐτὸς
283 1026 397 1062 ὕστερος
416 1029 470 1056 τῶν
487 1029 665 1065 πραχθέντων
688 1031 819 1066 γεγονὼς,
843 1033 909 1060 ἀνα-

113 1071 190 1099 λύειν
204 1072 255 1108 μὲν
270 1073 319 1100 οὐκ
332 1071 389 1109 εἶχε
403 1074 434 1100 τὸ
454 1075 576 1109 γεγονὸς,
596 1076 672 1112 ὅμως
697 1077 720 1104 δ’
750 1079 907 1113 είρήνευεν,

114 1118 240 1151 ἐμποδὼν
255 1118 325 1154 ἔχων
340 1120 390 1155 τὴν
404 1120 537 1153 ξενιτείιν
553 1121 600 1148 τοῦ
622 1122 709 1150 ταῦτα
726 1123 831 1159 ζητεῖν.
866 1125 905 1152 Οὐ

113 1163 171 1198 γὰρ
182 1164 372 1200 προσκέκλητο
384 1166 431 1192 ἐπὶ
446 1165 543 1201 τούτῳ,
560 1167 618 1194 ἀλλ’
630 1169 710 1200 αὐτὸς
727 1169 798 1196 κατὰ
817 1178 909 1205 παρα-

115 1209 217 1244 μυθίαν
231 1206 268 1237 ὧν
282 1210 401 1246 ἔπασχεν
417 1211 549 1248 λυπηρῶν
568 1214 598 1240 ἐν
614 1216 671 1246 τοῖς
686 1214 777 1247 ἀθέοις
805 1215 908 1250 διάγων

113 1255 153 1287 ὥς
164 1255 212 1282 hri.
223 1255 321 1292 λιμένα
337 1257 383 1284 τὸν
394 1257 508 1293 βασιλέα
521 1260 689 1295 κατέφευγε,
709 1262 758 1289 καὶ
779 1261 907 1289 ιπιτετε-

114 1342 225 1376 qualem
240 1344 342 1371 nullam
356 1353 477 1380 unquam
490 1346 573 1375 fando
589 1352 663 1377 esset
675 1349 799 1378 auditum
811 1351 906 1379 deces-

116 1395 196 1416 sores
210 1397 276 1417 suos
287 1389 398 1426 Egypti
417 1392 556 1427 principes
577 1395 730 1429 accepisse.
745 1394 908 1425 Oﬂendebat

113 1434 198 1461 etiam
217 1435 374 1464 obscuritas
389 1435 539 1473 Bulgaricze
551 1439 640 1473 gentis
655 1447 752 1474 parum
773 1442 908 1470 hactenus

116 1479 243 1512 celebris,
258 1480 340 1516 429
359 1489 409 1509 nec
423 1488 538 1510 nuutqu
555 1491 636 1518 posse
658 1484 805 1520 judicataa;
822 1493 908 1521 quare

117 1525 152 1553 ab
164 1525 225 1561 ipso
239 1530 293 1552 tota
313 1534 355 1553 res
371 1534 421 1562 pro
434 1533 562 1563 suspecta
580 1534 738 1565 contempta
762 1537 815 1565 est,
835 1532 944 1574 lega-c
972 1531 1008 1541 “‘

118 1571 193 1605 tique
209 1571 320 1598 silentio
334 1571 453 1600 dimissi.
469 1573 605 1601 Caeterum
623 1574 703 1603 [Elim
722 1577 909 1611 patriarcham

119 1626 169 1645 sua
185 1618 297 1645 minime
312 1618 406 1647 fefellit
429 1620 522 1655 opinio
543 1621 718 1657 Gregorium,
744 1623 771 1650 in
789 1624 824 1651 iis
849 1631 911 1659 quae

119 1665 153 1692 dc
185 1664 247 1691 aliis
274 1665 382 1693 duobus
405 1667 570 1701 patriarcltis
607 1672 809 1696 autumaverat.
841 1669 910 1697 Nam

119 1711 308 1740 Antioclteuus
335 1712 444 1746 quidem
469 1712 526 1748 jam
555 1717 611 1741 tum
639 1713 910 1750 Constantinopolim

120 1758 279 1792 advenerat,
305 1758 440 1787 liberatus
466 1767 481 1787 e
509 1760 638 1789 manibus
661 1761 736 1796 regis
762 1762 910 1790 Armenia.

120 1802 170 1832 Hic
189 1805 262 1830 enim
281 1812 328 1832 rex
346 1804 370 1832 ei
395 1805 559 1840 patriarcha:
575 1805 711 1840 infensus,
731 1812 759 1835 et
783 1814 912 1835 amovere

119 1848 153 1875 de
167 1848 257 1876 medio
271 1849 362 1884 ipsum
375 1850 501 1885 cupiens,
519 1850 589 1879 forte
613 1851 780 1880 incidentem
797 1853 825 1880 in
845 1861 912 1882 suas

119 1903 219 1924 manus
235 1896 385 1924 tradiderat
397 1898 480 1925 certis
498 1897 656 1926 hominibus
672 1899 864 1928 abducendum
878 1909 912 1929 eo

119 1941 167 1968 ulti
189 1941 279 1976 perire
304 1942 382 1969 illum
408 1942 484 1970 brevi
506 1951 621 1973 necesse
643 1950 727 1973 esset.
751 1945 784 1973 Et
800 1946 839 1974 illi
865 1955 913 1975 ae-

121 1994 231 2022 Ct'plum
250 1988 310 2023 ruri
341 1989 460 2016 dcsarta‘.
482 1990 551 2017 mari
578 1990 743 2019 circumflua!
765 1993 913 2021 commise-

120 2038 183 2060 rant
209 2032 243 2060 ad
269 2038 375 2060 certum
404 2034 541 2068 exitium,
568 2035 644 2063 omni
670 2043 771 2071 quippe
795 2037 912 2065 humani

120 2079 238 2107 subsidii
252 2080 469 2116 commerciique
490 2081 628 2109 destitutae
651 2081 793 2111 facultate.
811 2083 911 2111 Verum

120 2125 166 2152 ille
182 2124 314 2152 liberatus
327 2126 401 2158 inde,
418 2131 448 2153 ut
461 2126 564 2160 aiebat,
579 2127 684 2156 caelesti
708 2128 812 2157 auxilio
825 2130 914 2157 thau-

121 2171 243 2207 maturgi
263 2171 383 2203 Nirolai,
407 2172 440 2199 ad
461 2172 655 2208 imperatorem
676 2174 811 2210 confugit,
839 2176 911 2203 Con-

958 938 1010 973 ἧδη
1026 939 1209 974 παρηϐηκότα
1222 939 1404 968 υίοποιεῖσθαι
1416 940 1505 976 ἠξίου.
1523 941 1577 968 Καὶ
1587 941 1620 976 δὴ
1643 941 1688 968 ἐπ’
1702 942 1752 968 ἐκ.

958 983 1074 1019 κλησίας
1087 984 1247 1020 περιφανῶς
1261 987 1296 1021 τῇ
1316 985 1412 1021 Μαρία
1428 987 1534 1018 ἐκεῖνος
1555 986 1749 1022 υίοπεποίητο·

960 1029 1030 1064 μετὰ
1041 1029 1095 1064 γὰρ
1113 1030 1163 1061 τὰς
1179 1029 1227 1056 τοῦ
1245 1030 1343 1066 ἱερέως
1360 1031 1498 1064 ὶντεύξεις
1514 1032 1609 1058 καὶτὰ
1633 1031 1678 1058 ἐπ’
1702 1031 1753 1059 αὐ-

957 1076 1018 1106 ταῖς
1032 1075 1121 1109 φῶτα,
1137 1075 1286 1110 διασχοῦσα
1296 1076 1341 1103 τὸν
1368 1077 1518 1112 ἐπενδύτην
1540 1077 1624 1111 ἄμφω
1640 1076 1752 1112 Μιχαὴλ

958 1121 1005 1146 καὶ
1021 1120 1238 1155 Σφεντίσθλασον
1254 1122 1320 1156 παρ’
1335 1122 1453 1156 ἑκάτερα
1467 1121 1522 1148 τῶν
1543 1122 1630 1156 αὐτῆς
1656 1122 1750 1156 ἁγια-

958 1165 1013 1192 λῶν
1034 1165 1129 1197 ἐτίθει,
1142 1166 1190 1192 καὶ
1207 1165 1359 1193 συνθεσιῶν
1372 1165 1531 1200 γενομένων
1545 1165 1681 1192 ἀπελύετο
1705 1163 1755 1192 ἐπ’

959 1211 1036 1238 οἴκου
1052 1211 1111 1243 υίὸς
1126 1211 1296 1246 κεκλημένος
1307 1211 1358 1246 τῆς
1375 1211 1430 1238 τῶν
1445 1211 1613 1247 Βουλγάρων
1641 1208 1754 1237 δεσποί-ο

960 1265 1009 1292 vn;
1026 1258 1096 1293 μετὰ
1111 1257 1226 1294 Μιχαὴλ
1254 1258 1268 1285 ὁ
1295 1257 1525 1292 Σφεντίσθλαὸος.
1555 1256 1640 1284 Οὔπω
1668 1256 1757 1288 πολὺς

959 1346 1105 1375 abstinens
1125 1350 1216 1373 tamen
1235 1345 1338 1374 oiserta
1357 1345 1582 1380 comprobatione
1599 1344 1657 1380 jam
1674 1347 1753 1371 acto.-

958 1401 1032 1426 rum,
1059 1400 1155 1420 verum
1187 1392 1222 1420 iis
1242 1392 1503 1427 quomodocumque
1537 1392 1622 1419 semel
1642 1389 1757 1418 statutis

959 1438 1182 1473 intempesﬁvum
1198 1446 1273 1466 nunc
1294 1438 1404 1473 quilem
1416 1438 1583 1466 existimans
1598 1445 1612 1464 a
1629 1444 1660 1465 se
1684 1443 1755 1465 conv.

959 1484 1123 1512 troversiam
1139 1484 1256 1511 moveri.

1042 1548 1070 1576 2.
1094 1547 1127 1575 Ut
1143 1547 1232 1576 Maria
1258 1548 1506 1584 Sphentisthlabum
1528 1549 1670 1583 deceperit.

997 1617 1108 1645 Interim
1125 1616 1208 1644 Maria
1231 1616 1391 1645 Michaelem
1409 1616 1494 1644 filium
1512 1620 1591 1644 aetate
1607 1617 1754 1643 immatura

961 1663 1089 1691 coronari
1105 1663 1224 1694 curavit,
1236 1663 1364 1698 regioque
1377 1663 1438 1690 inde
1453 1662 1540 1690 alebat
1551 1662 1752 1697 educabatque,

960 1709 990 1736 in
1016 1709 1260 1736 acclamationibus
1286 1709 1402 1743 publicis
1427 1709 1514 1736 locum
1532 1708 1615 1744 £30
1639 1708 1665 1736 ei
1691 1713 1755 1743 post

961 1759 1088 1790 parentes
1106 1754 1238 1782 tribuens.
1255 1754 1309 1782 Sed
1331 1754 1373 1782 his
1395 1754 1467 1781 illam
1490 1754 1622 1781 intentam
1637 1759 1753 1781 contur-

962 1799 1046 1827 babat
1060 1807 1075 1826 a
1093 1798 1318 1834 Spltentistltlabo
1332 1798 1444 1826 molesta
1458 1799 1588 1833 suspicio,
1599 1798 1646 1833 jus
1658 1798 1753 1834 utique

962 1853 1017 1874 non
1034 1845 1214 1873 inverisimile
1228 1845 1261 1872 ad
1278 1845 1411 1880 Bulgaria:
1423 1845 1606 1880 principatum
1632 1845 1754 1878 babenti.

962 1898 1013 1918 nec
1029 1891 1227 1918 contemnenda
1243 1891 1276 1918 ad
1299 1891 1324 1918 id
1343 1891 1472 1918 tuendum
1489 1891 1608 1926 potentia
1624 1891 1755 1924 subnixo,

963 1937 1064 1972 quippe
1078 1937 1125 1972 qui
1140 1936 1251 1972 despota
1267 1936 1322 1971 jam
1338 1942 1427 1971 esset;
1447 1944 1532 1973 quare
1547 1937 1681 1972 optimum
1704 1944 1756 1972 pu-

964 1983 1031 2010 tavit
1044 1983 1114 2010 dolis
1128 1983 1204 2010 illum
1220 1983 1342 2019 aggredi,
1365 1987 1496 2018 praetextu
1512 1982 1617 2011 fraudis
1633 1982 1755 2010 indidem

964 2033 1074 2064 sumpto
1098 2029 1171 2056 unde
1195 2037 1278 2057 causa
1294 2030 1345 2064 ipsi
1365 2037 1415 2065 pro
1437 2037 1523 2065 puero
1538 2029 1651 2057 timendi
1668 2028 1757 2063 major

963 2080 1033 2109 erat,
1046 2082 1061 2101 e
1077 2075 1173 2102 morbo
1185 2075 1310 2102 videlicet
1332 2075 1403 2109 regis
1420 2079 1447 2102 et
1462 2075 1512 2102 viri
1528 2075 1570 2102 sui
1584 2073 1756 2102 Constantini

963 2121 1023 2149 sine
1039 2128 1086 2156 spe
1103 2120 1303 2148 decumbentis.
1328 2119 1410 2147 Mittit
1434 2127 1499 2155 ergo
1516 2125 1605 2147 certos
1630 2119 1757 2147 homines

964 2166 998 2194 ad
1023 2166 1287 2201 Splteutistltlabum,
1315 2165 1362 2200 qui
1384 2171 1530 2201 postquam
1551 2165 1715 2201 juramentis
1730 2165 1757 2192 ei

120 2217 329 2252 stantinopolim
354 2223 383 2244 se
403 2217 559 2246 conferens.
581 2219 783 2249 Alexandrinus
807 2225 909 2253 autem,

964 2221 1045 2249 quam
1060 2213 1272 2248 religiosissimis
1288 2212 1402 2240 sincera:
1417 2212 1443 2240 in
1461 2213 1550 2247 ipsum
1566 2212 1658 2242 Mariae
1675 2213 1757 2240 bene-

121 2267 183 2296 post
199 2262 251 2289 ista
268 2269 330 2297 qua;
352 2263 386 2289 de
412 2262 544 2298 religione
569 2271 658 2299 nuper
678 2265 784 2293 sancita
799 2266 910 2301 quidam

120 2307 316 2341 improbabant
337 2312 451 2335 evectus
479 2308 507 2335 in
538 2308 679 2341 thronum.
695 2316 819 2339 retexere
834 2311 912 2346 prius

121 2357 182 2379 acta
200 2359 254 2379 non
280 2352 403 2386 curavit;
420 2347 508 2387 quare
536 2353 646 2389 quietus
665 2356 852 2389 permanebat,
880 2363 913 2384 eo

122 2397 248 2425 securius
263 2398 337 2432 quod
353 2402 463 2432 propter
481 2399 603 2427 iocorum
616 2401 662 2427 ubi
675 2401 789 2436 degebat
803 2402 912 2437 longin-

123 2442 257 2478 quitatem
273 2451 288 2469 a
313 2443 552 2480 Constantinopoli
576 2446 689 2473 minitne
713 2448 912 2484 aspergendum

123 2496 186 2516 sese
210 2488 360 2516 conﬁderet
389 2490 576 2526 qualicunque
602 2491 706 2519 invidia
739 2500 829 2520 rerum
858 2494 914 2522 illic

124 2540 338 2567 transactarum.
357 2537 508 2570 prrsurtim
527 2537 561 2564 ad
584 2545 701 2572 quarum
724 2539 782 2574 ipsc
799 2541 914 2568 consilia

123 2587 239 2610 vocatus
255 2590 310 2609 non
326 2581 438 2610 fuisset.
452 2583 609 2611 Accedebat
634 2584 707 2619 quod
737 2585 839 2616 multis.
869 2587 914 2614 ubi

122 2634 141 2656 e
155 2633 194 2659 at,
212 2628 283 2655 inter
299 2628 437 2656 Barbaros
453 2637 524 2657 verte
541 2630 682 2665 religionis
701 2630 793 2658 hostes
808 2631 914 2665 viteus,

125 2674 251 2703 aultersis
274 2675 460 2707 conflictatus,
481 2676 624 2704 obstruere
648 2676 700 2704 sibi
724 2685 806 2711 quem
830 2686 914 2705 unum

123 2721 224 2748 habeat
243 2720 277 2748 ad
292 2719 450 2753 confugium
480 2725 608 2755 paratum
629 2726 737 2756 portum
752 2722 847 2757 gratiae
863 2722 914 2749 im-

126 2767 262 2803 peratoris
274 2776 289 2795 e
300 2775 328 2795 re
344 2775 393 2795 sua
405 2775 459 2795 non
473 2769 596 2803 putabat.
613 2767 705 2803 Itaque
723 2769 872 2795 obnoxium
889 2777 917 2796 se

126 2813 166 2842 illi
180 2821 195 2840 ε
211 2821 264 2848 quo
281 2813 411 2841 solatium
426 2818 600 2848 exspectaret
624 2813 752 2848 prtrbuit,
768 2813 836 2840 nillil
852 2821 916 2841 suc-

124 2872 243 2892 censetis
261 2864 294 2892 ab
315 2872 347 2893 eo
363 2864 588 2899 constitutis,scd
602 2864 720 2900 quieta-nt
736 2864 915 2898 οηψὶυινιοιιε,

964 2260 1091 2287 volentia
1109 2259 1188 2287 ﬁdem
1212 2258 1400 2294 plenissimam
1419 2257 1557 2292 fecissent,
1577 2266 1660 2294 quam
1679 2258 1756 2285 ιιι-ιη-

964 2305 1079 2333 dissime
1104 2310 1231 2341 rogarent
1245 2305 1338 2332 venire
1361 2304 1396 2333 ad
1420 2304 1507 2340 ipsam
1532 2313 1566 2332 nc
1584 2309 1754 2340 gravaretur.

964 2350 1119 2379 Persuasus
1144 2351 1190 2379 ille
1215 2358 1248 2378 ac
1277 2349 1364 2379 fretus
1396 2350 1526 2385 religione
1551 2349 1755 2387 jurisjurandi,

965 2398 1121 2427 Ternobum
1145 2407 1174 2428 se
1201 2398 1317 2427 confert.
1340 2397 1396 2426 Nec
1421 2399 1459 2426 ibi
1484 2403 1647 2434 aspernatus
1673 2406 1756 2426 senex

965 2454 1085 2474 annosus
1099 2450 1141 2474 est
1157 2445 1299 2474 ridiculam
1316 2452 1331 2472 ι
1348 2449 1424 2473 tanto
1435 2445 1537 2481 juniori
1559 2445 1660 2474 femina
1678 2445 1756 2471 obla-

965 2498 1021 2520 tam
1046 2493 1238 2527 adoptionem,
1264 2500 1325 2527 qure
1351 2491 1461 2520 fratrem
1480 2492 1574 2524 illum,
1597 2497 1624 2519 ct
1646 2491 1754 2526 quidem

966 2541 1111 2572 minorem,
1126 2538 1227 2567 faceret
1246 2538 1352 2574 pueruli
1375 2539 1511 2567 lactentis.
1537 2538 1591 2566 Res
1616 2539 1704 2573 palam
1728 2538 1754 2565 in

965 2586 1080 2613 ecclesia
1097 2585 1232 2613 celebrata
1255 2586 1295 2613 sic
1316 2590 1367 2613 est.
1384 2585 1450 2613 l’ost
1474 2585 1612 2613 adhibitos
1629 2593 1644 2612 a
1660 2592 1753 2612 sacer-

966 2632 1030 2659 dote
1044 2632 1181 2659 solemnes
1205 2631 1231 2658 in
1249 2631 1352 2659 talibus
1365 2639 1496 2659 occursus
1511 2631 1713 2658 bencdicliones
1726 2636 1754 2658 et

967 2678 1036 2705 ritus
1053 2680 1178 2710 caeteros,
1204 2684 1301 2712 magno
1326 2677 1460 2707 allucente
1478 2676 1609 2704 funalium
1627 2684 1754 2710 numero,

967 2724 1055 2751 Maria
1073 2723 1177 2758 regium
1201 2723 1335 2751 diducens
1354 2723 1462 2757 pallium
1478 2723 1572 2751 ambos
1595 2723 1658 2750 ltinc
1672 2727 1755 2758 atque

970 2771 1030 2798 inde
1044 2770 1117 2798 ulnis
1134 2770 1265 2803 admovit,
1281 2768 1439 2797 Michaelem
1457 2770 1597 2805 pusionem
1613 2777 1646 2797 ac
1661 2777 1751 2796 senem

969 2815 1239 2851 Spheutistltlabum;
1269 2823 1284 2843 e
1307 2816 1408 2851 quibus
1434 2816 1478 2843 hic
1503 2816 1528 2843 iu
1556 2815 1628 2843 hunc
1644 2815 1754 2842 modum

969 2863 1071 2890 [indere
1090 2861 1204 2894 sancito,
1224 2861 1334 2890 domum
1359 2862 1451 2891 retulit
1469 2870 1568 2890 norum
1585 2863 1693 2891 titulum
1708 2862 1754 2892 tltii
