1944 3067
206 155 260 186 ειη

813 156 974 187 GEORGII
994 157 1236 188 PACHYMERE

1780 157 1835 187 888

207 215 303 250 χρόνος
322 213 371 249 τὴν
387 213 523 242 υίοποιὶαν
539 215 719 250 παρεμέτρει,
732 215 779 242 καὶ
798 215 994 251 δολιευσαμένη
1009 215 1034 246 Δ
1048 217 1151 253 χοίροις
1183 216 1214 243 τὸ
1240 215 1373 252 παράπαν
1413 215 1630 252 ἐκδεδιῃτημένη)
1654 215 1701 241 καὶ
1727 214 1836 249 ἀφελῶς

199 261 308 288 ’κτείνει
321 262 338 296 ἡ
354 261 436 297 δῆθεν
451 262 543 298 μήτηρ
555 262 601 289 τὸν
619 262 800 289 υἱοποιεῖσθαι
828 263 993 289 πιστεύσαν-

204 314 251 335 τα.
275 306 345 334 Ἀλλ’
373 307 390 342 ή
408 307 476 338 Δίκη
505 307 555 341 οὐχ
578 306 673 341 ὥσπερ
686 307 747 338 ἔθος
773 306 842 342 αὑτῇ
857 305 990 334 τὰπολλὰ

205 351 367 385 κατημέλει,
385 350 443 378 ἀλλ’
467 350 565 385 ἀνιστᾷ
588 351 634 377 τὸν
663 350 851 386 ἐκζητήσοντα
872 350 902 377 τὸ
924 347 993 384 αἷμα

205 397 253 423 τοῦ
268 396 369 428 ἀδίκως
383 396 598 431 πεφονευμένου.
611 396 666 423 Καὶ
678 397 692 423 ό
709 397 787 430 λόγος
805 396 908 424 ἄνωθεν
931 395 993 431 βού-

205 443 282 469 λεται
297 442 436 477 μετελθεῖν
451 441 484 468 τὰ
498 443 548 477 τῆς
561 442 727 478 διηγήσεως.

206 521 241 556 γ’.
261 521 299 549 Τὰ
315 522 390 549 κατὰ
400 522 454 549 τὸν
464 522 608 556 Λαχανᾱν
627 522 770 557 ἀρχῆθεν,
789 522 838 549 καί
850 522 928 556 ὅπως
940 521 994 549 τὸν

377 558 606 585 Κωνσταντῐνον
620 558 817 592 πεφόνευκεν.

241 625 296 654 Ἦν
312 626 432 661 ἁγρότης
449 627 538 654 ἐκεῖσε
555 625 653 661 μισθοῦ
669 625 774 660 βόσκων
788 627 908 662 χοίρους,
923 627 994 661 Κορ-

206 671 339 704 δόκουσας
370 672 563 707 κεκλῃμένης·
587 673 618 698 τὸ
640 672 662 698 δ’
691 672 777 707 ὗνομα
806 673 823 707 ἠ
858 672 993 706 Ἑλλήνιον

206 718 318 751 γλῶσσα
332 719 372 750 είς
385 718 501 753 λάχανπ
517 718 696 753 ἐκλαμϐάνει,
711 719 891 753 καὶΛαχανᾶς
904 718 995 745 ἐντεῦ-

207 763 255 789 οεν
269 763 428 798 φημίζεται.
453 760 537 794 Οὗτος
556 764 610 790 τῶν
634 763 734 799 χοὲριον
755 764 894 797 ἐπιμελῶς
923 764 994 798 ἔχων

207 809 304 835 ἑαυτοῦ
317 809 480 843 κατημέλει,
499 809 556 836 οὔτ’
569 809 615 835 ἐπὶ
632 811 746 844 τροφαῖς
769 809 827 836 οὔτ’
845 810 890 835 ἐπ’
919 809 995 836 ἐνδύ-

208 863 293 889 μασιν
307 854 516 889 ἀσχολούμενος,
533 854 575 890 [Ρ.
591 855 656 890 295]
670 855 743 890 μόνῳ
757 855 778 882 δ’
795 856 870 891 ἄρτῳ
883 855 995 887 ἀποζῶν

207 900 256 926 καὶ
269 900 377 935 ἀγρίοις
389 900 518 935 λαχάνοις
543 901 699 936 ἀπερίττως
718 900 774 936 εἷχε
804 901 852 928 καὶ
878 901 995 935 ἀφελῶς,

208 946 256 972 καὶ
286 945 356 980 πρὶς
381 945 445 977 τοὺς
468 946 596 981 ἑταίρους
618 947 666 973 καὶ
683 946 783 978 αὐτοὺς
813 946 872 973 xst'c‘
892 947 999 973 ἐκεῖνον

207 992 289 1024 bna;
301 990 344 1024 οἷς
357 992 459 1029 διεξῄει
476 993 620 1025 πολλάκις,
636 993 717 1028 δῆλος
741 990 775 1028 ἦν
800 992 907 1028 μεγάλα
934 993 1000 1027 περὶ

208 1037 309 1065 ἑαυτοῦ
325 1037 540 1073 φανταζόμενος.
553 1038 585 1064 Οί
597 1038 624 1064 δέ
640 1038 689 1073 οὐχ
713 1035 795 1073 ἦττον
812 1037 966 1071 κατεγέλων
982 1038 999 1073 ἢ

210 1082 265 1118 μὴν
280 1082 433 1111 ἐπίστευον.
449 1083 590 1110 Ἐντεῦθεν
603 1084 705 1115 ἐκεῖνος
722 1083 861 1115 τοιαύταις
885 1083 935 1109 οὐκ
948 1080 998 1109 οἶδ’

208 1129 309 1157 ὁπόθεν
323 1129 414 1157 ἐλπίσι
436 1131 605 1165 μετεωρίσας
622 1130 666 1156 τὸν
680 1129 743 1156 νοῦν
757 1129 845 1164 ἑαυτῷ
858 1130 998 1164 προσεῖχε,

209 1175 258 1202 καὶ
274 1176 355 1210 εὐχὰς
370 1174 498 1213 ἀπεδίδοὺ
514 1175 575 1211 Θεῴ
603 1176 641 1208 ὡς
656 1176 726 1211 ἔχων
747 1175 825 1210 ἔτυχε
839 1183 847 1192 ι
874 1174 925 1202 ποῦ
945 1175 1000 1210 γὰρ

210 1222 310 1257 ἐκείνῳ
347 1222 430 1257 μετὸν
451 1223 499 1249 καὶ
513 1222 594 1249 θείων
616 1222 715 1257 λογίων
742 1221 794 1249 κᾶν
819 1222 866 1248 ἐπὶ
881 1221 955 1252 νοῦν,
972 1222 1000 1247 ἐν

209 1268 267 1300 τοῖς
291 1269 387 1303 ἀγροῖς
417 1269 463 1295 ἴσα
486 1269 533 1296 καὶ
549 1270 604 1301 τοῖς
624 1268 690 1304 παρ’
711 1267 796 1295 αὑτοῦ
820 1267 1000 1303 βοσκομένοις

211 1356 329 1384 dominm
342 1356 520 1390 Bulgarorum
535 1363 549 1383 ιι
565 1356 696 1384 liliehaele
708 1363 792 1390 puero
803 1355 926 1384 secundi.
940 1355 999 1382 Non

212 1402 327 1429 multum
347 1403 382 1429 ab
397 1402 448 1430 hac
465 1402 608 1436 adoptione
623 1407 728 1437 tempus
744 1407 924 1437 processerat,
938 1410 999 1429 cum

212 1448 427 1476 circumventum
451 1448 569 1480 insidiis,
592 1456 624 1475 eo
647 1448 754 1476 facilius
771 1448 843 1483 quod
864 1456 878 1475 a
893 1447 942 1475 sibi
956 1455 1002 1475 ca-

213 1495 300 1522 vendo
316 1494 413 1521 ﬁducia
441 1501 503 1522 eum
529 1502 604 1521 nova:
619 1498 766 1522 contractae
788 1495 1001 1522 necessitudinis

212 1545 356 1573 averterat,
373 1540 480 1575 egregia
507 1545 593 1567 mater
610 1541 768 1575 adoptatum
784 1541 894 1568 occidit.
912 1542 944 1567 At
960 1541 1000 1567 di-

212 1587 274 1614 vina
297 1587 403 1622 justitia
421 1595 474 1615 non
497 1595 548 1622 qua
573 1588 640 1615 solet
666 1587 692 1616 in
709 1588 844 1623 plerisque
870 1588 999 1623 patientia

212 1633 325 1661 sceleris
344 1633 425 1666 hujus
442 1641 549 1668 pmnam
561 1633 678 1661 distulit.
699 1633 796 1661 Statim
812 1634 939 1660 excitavit
954 1634 1000 1668 qui

213 1679 373 1713 sanguinem
400 1680 482 1715 imp‘e
511 1680 570 1708 υπς’
597 1679 758 1715 rcquireret.
781 1679 865 1714 Cujus
889 1683 1001 1707 eventus

214 1725 335 1754 narratio
348 1726 429 1761 paulo
445 1726 526 1754 altius
541 1727 686 1762 repetenda
701 1732 753 1755 est.

1015 1562 1034 1588 C

213 1807 241 1833 5.
264 1805 347 1834 Initia
373 1806 515 1838 Lachanna.
542 1811 572 1874 εἲ
595 1806 668 1847 ιιι-ἴε
689 1806 889 1833 Constantinum
916 1806 1001 1833 inter-

569 1847 657 1868 eum.

569 1847 657 1868 κει-ιι.

253 1905 319 1932 Erat
332 1905 358 1932 in
372 1905 405 1932 iis
416 1905 540 1941 partibus
553 1905 670 1932 rus'icus
684 1905 793 1938 qttidam
807 1904 929 1932 mercede
940 1912 1003 1939 por-

216 1958 264 1978 ens
288 1958 411 1985 pascens,
430 1950 606 1977 Cordocubas
624 1950 786 1985 appellatus,
801 1950 845 1977 cui
864 1951 922 1977 voci
939 1958 1001 1977 cum

216 1996 340 2030 qua‘dam
367 1996 467 2024 iness¢t
492 2004 543 2023 usu
568 1996 706 2030 popular's
730 1995 786 2023 illic
808 1995 886 2033 43],
906 1996 1004 2031 linguae

217 2042 300 2070 oleris
327 2042 412 2074 notio,
443 2041 529 2069 Grmei
557 2042 603 2076 qui
633 2042 692 2069 olus
719 2041 864 2068 lachanum
893 2047 1002 2073 vocant,

216 2089 311 2120 is'um.
329 2088 374 2115 ttbi
393 2089 475 2123 coepit
500 2088 680 2120 innotescere,
707 2087 845 2114 hominem
869 2087 1004 2115 Lachanna

218 2134 349 2162 voeabu'o
365 2134 583 2162 celebraverunt.
596 2133 645 2161 llic
660 2134 697 2161 ita
710 2133 826 2161 sollicite
841 2134 935 2161 suibus
951 2134 1002 2161 sibi

217 2182 417 2209 commendatis
442 2181 596 2208 attendebat
621 2185 652 2208 ut
673 2188 733 2208 sese
761 2181 921 2216 negligcrct.
950 2188 1002 2207 non

1043 263 1149 298 ἒχοντι;
1163 262 1281 294 Σύννους
1302 262 1349 290 οὖν
1379 262 1414 290 τὰ
1437 262 1524 289 πολλά
1549 262 1660 296 διάγων,
1689 261 1735 287 καὶ
1756 260 1837 287 οὐδὲν

1045 307 1185 342 προῦργου
1200 307 1345 342 τιθέμενος
1362 307 1413 342 τῆς
1426 307 1494 342 πρὸς
1508 307 1598 342 ἀρχὴν
1608 315 1669 333 τινα
1695 305 1837 332 καταστά-

1044 360 1124 384 σεως,
1140 352 1274 384 πολλάκις
1290 352 1325 379 τὰ
1335 352 1406 379 αὐτὰ
1420 352 1520 388 διεξῄει
1534 353 1590 383 τοῖς
1612 351 1742 386 ἀγρόταις
1761 350 1837 377 ἑκεί-

1044 407 1099 430 νοις
1117 399 1165 426 καὶ
1175 399 1332 434 συφορὸοῖς,
1350 399 1437 433 ἁγίων
1450 399 1527 430 τινὰς
1541 397 1668 432 ἐντυχίας
1685 397 1773 430 λέγων
1785 397 1837 422 καὶ

1044 445 1244 480 παρικινήσεις
1257 446 1308 476 τὰς
1324 446 1391 480 παρ’
1405 444 1519 471 ἐκείνων
1531 445 1570 474 είς
1586 444 1600 469 ὃ
1612 443 1758 478 κινηθῆναι
1789 442 1840 468 καὶ

1044 490 1139 522 ἔθνους
1153 489 1246 526 ἄρξαι.
1259 489 1352 517 Ταῦτα
1381 490 1513 521 πολλάκις
1536 489 1642 522 διεξιὼν
1665 488 1838 515 ἐπιστεύετο.

1044 536 1102 563 Καὶ
1115 536 1165 572 ἠδη
1179 536 1266 568 ἄλλως
1277 537 1422 571 προσεῖχον
1437 535 1513 571 αὐτῷ
1523 536 1540 571 ἢ
1550 536 1587 567 ὡς
1601 535 1702 561 ἐδόκει·
1717 534 1769 569 τὴν
1783 534 1841 569 γὰρ

1046 581 1217 617 προθεσμίαν
1233 582 1316 616 ἐγγὺς
1330 582 1426 616 ἐδήλου
1443 581 1490 608 τοῦ
1505 581 1663 616 κινηθῆναι.
1688 580 1765 610 Μιᾶς
1790 577 1841 605 οὖν

1044 628 1075 655 τὸ
1086 628 1136 663 τῆς
1150 628 1240 664 ὁρμῆς
1252 628 1378 663 σύνθημα
1402 628 1491 661 λέγων
1520 626 1624 658 λαϐεῖν,
1652 625 1742 653 αὐτίκ’
1765 625 1842 651 ἐκείο

1044 683 1106 707 von;
1119 675 1264 709 ἐφέλκεται
1276 675 1343 709 πρὸς
1355 674 1404 709 τὴν
1427 673 1524 700 ἑαυτοῦ
1541 673 1699 708 θεραπείαν,
1716 671 1840 705 κάκείνῳ

1045 722 1156 748 ἕπονται
1167 721 1205 752 ὡς
1217 721 1288 756 μέγα
1303 730 1329 747 τι
1354 719 1510 752 ἐλπίζοντες
1531 720 1658 754 πράξειν.
1683 719 1839 754 ’Λπέρχον-

1044 776 1090 794 ται
1103 768 1168 802 γοῦν
1185 768 1225 799 είς
1242 767 1346 803 χώραν,
1359 767 1407 793 καὶ
1436 766 1466 793 τὸ
1490 766 1536 792 τοῦ
1562 765 1698 800 συφορὸτιῦ
1732 764 1843 800 κηρὺτυ

1044 821 1136 839 τουσιν
1150 812 1246 847 ὕνομα,
1264 812 1302 844 ὡς
1319 811 1412 838 θεόθεν
1432 808 1485 846 ἦκὲ
1500 811 1525 837 oi
1540 810 1587 838 τοῦ
1602 810 1684 845 ἄρξαι
1699 809 1842 844 σύνθημα.

1045 859 1100 886 Καὶ
1125 858 1184 893 ἅμα
1211 858 1339 892 λέγοντεέ
1361 858 1471 885 ἔπειθον
1489 878 1496 890 ,
1531 857 1580 883 καὶ
1601 855 1839 890 προσεπετίοεντο

1050 905 1161 937 πλείους
1177 905 1308 940 ἐκάττης.
1321 906 1457 936 Κάκεῖνος
1481 904 1550 940 πρὸς
1568 903 1600 930 τὸ
1624 902 1846 936 εὐσταλέστερον

1052 951 1244 985 μετεϐάλλετο,
1265 951 1426 986 ἀμπεχόνην
1437 951 1462 977 τ’
1481 950 1671 977 ἐνεδιδύσκετο
1698 948 1746 975 καὶ
1771 949 1846 974 σπά-

1050 996 1101 1031 θην
1113 996 1314 1031 περιεζώννυντο
1329 996 1414 1022 ἵππου
1436 995 1460 1022 τ’
1488 995 1627 1024 ἐπέϐαινε.
1657 994 1704 1020 καὶ
1727 993 1846 1028 esseest

1051 1041 1119 1076 πρὸς
1131 1041 1201 1075 ἔργα.
1215 1041 1301 1076 μείζω
1317 1041 1334 1076 ἢ
1348 1041 1409 1068 κατ’
1426 1041 1519 1068 αὐτόν.
1540 1040 1594 1066 Τοῦ
1615 1039 1846 1074 γοῦνΚωνσταν-

1049 1087 1124 1114 τίνου
1137 1087 1261 1119 ἀσθενῶς
1273 1087 1322 1114 τοῦ
1337 1087 1464 1122 σώματος
1478 1087 1586 1122 ἔχοντος
1614 1086 1655 1122 (τὸ
1676 1086 1732 1121 γὰρ
1747 1085 1847 1116 σκέλος

1051 1132 1184 1166 κατεαγδς
1195 1132 1266 1168 ἔχων
1278 1133 1406 1168 ἀκίνητος
1417 1130 1461 1168 ἦν,
1485 1132 1537 1160 κάν
1557 1141 1610 1159 που
1638 1133 1685 1158 καὶ
1712 1132 1847 1158 ἀπελθεῖν

1050 1178 1115 1210 ἔδει,
1130 1180 1173 1214 ἐφ’
1183 1179 1294 1214 ἀμάξης
1305 1179 1420 1214 ἐφέρετο
1430 1180 1529 1214 φόρτος
1538 1179 1627 1211 κενδς)
1641 1178 1736 1204 πολλοὶ
1751 1187 1846 1204 κατω-

1049 1223 1196 1259 λιγώρουν,
1208 1224 1257 1251 καὶ
1277 1223 1380 1259 μᾶλλον
1394 1224 1419 1250 οἱ
1437 1224 1580 1258 πρόσοικοι
1598 1223 1726 1257 Τόχαροι,
1744 1223 1845 1257 ἐκδρο-

1052 1270 1106 1304 μὰς
1120 1269 1239 1304 ἑκάστης
1253 1269 1394 1301 ποιοῦντες
1410 1269 1457 1296 καὶ
1478 1268 1582 1296 Μυσῶν
1597 1268 1682 1300 ὅντως
1709 1268 1788 1295 λείαν
1811 1267 1848 1294 τὰ

1053 1362 1115 1384 tum
1127 1357 1143 1384 li
1163 1356 1341 1391 principatus.
1356 1363 1437 1390 quem
1453 1354 1532 1390 quasi
1549 1353 1582 1381 ad
1605 1361 1716 1388 scopum
1732 1358 1794 1380 acta
1819 1359 1849 1381 ct

1053 1403 1245 1430 meditamenta
1270 1406 1367 1428 cuneta
1387 1409 1434 1428 sua
1461 1401 1601 1435 dirigeret.
1618 1399 1797 1433 llabebatqttc
1814 1400 1846 1427 de

1052 1449 1152 1476 talibus
1175 1448 1207 1475 ad
1228 1455 1292 1476 suos
1311 1447 1371 1474 illos
1394 1447 1502 1475 sodales
1526 1446 1644 1474 rusticos
1665 1450 1692 1472 et
1714 1445 1847 1472 subulcus

1052 1494 1139 1522 serios
1163 1501 1234 1528 saepe
1250 1500 1403 1524 sermones.
1424 1499 1580 1520 memorans
1601 1492 1670 1519 mira
1683 1492 1771 1518 etiam
1789 1492 1847 1519 visa

1053 1546 1079 1567 et
1096 1541 1227 1576 quasdam
1243 1540 1425 1575 apparitiones
1448 1544 1619 1571 sanctorum,
1643 1545 1657 1565 ιι
1673 1538 1776 1573 quibus
1793 1538 1847 1565 im-

1054 1587 1115 1620 pelli
1135 1594 1162 1614 se
1177 1586 1268 1613 aiebat
1282 1585 1314 1620 ad
1327 1585 1422 1621 jugum
1445 1584 1639 1621 excutiendum
1656 1588 1683 1611 et
1698 1584 1749 1611 sibi
1767 1592 1848 1611 usur-

1054 1632 1171 1668 pandnm
1188 1632 1276 1667 gentis
1289 1632 1446 1667 imperium.
1462 1631 1603 1665 Ejusmodi
1628 1636 1680 1658 tam
1704 1638 1777 1665 smpe
1792 1631 1850 1657 dis-

1054 1679 1149 1711 ςητιιίι,
1165 1684 1193 1705 ιιι
1210 1677 1383 1713 quantumvis
1406 1677 1605 1705 incredibilium
1625 1677 1704 1704 fidem
1731 1677 1846 1704 faceret.

1053 1723 1169 1759 Jamque
1187 1724 1240 1751 alio
1263 1724 1286 1750 ei
1305 1723 1428 1758 plerique
1455 1723 1547 1750 studio
1562 1731 1644 1758 quam
1669 1723 1744 1756 prius
1759 1727 1848 1749 atten-

1054 1771 1167 1801 dehant,
1180 1770 1295 1796 maxime
1309 1777 1370 1796 cum
1384 1769 1503 1796 cdicorct
1517 1768 1598 1796 fa'ale
1614 1774 1719 1802 tempus
1731 1768 1850 1796 decreta:

1055 1824 1067 1841 s
1080 1815 1106 1842 bi
1122 1815 1255 1842 divinitus
1272 1815 1398 1849 potentiae
1417 1813 1571 1845 imminere,
1594 1821 1712 1848 moxque
1736 1822 1766 1841 sc
1787 1822 1852 1841 eru-

1054 1865 1165 1896 pturnm
1181 1861 1207 1888 iu
1222 1861 1281 1894 ejus
1292 1859 1456 1895 arripienda:
1468 1866 1607 1891 conatum,
1620 1867 1700 1895 quem
1713 1867 1851 1894 prospero

1056 1915 1184 1936 successu
1202 1906 1395 1934 fortttuandum
1420 1906 1512 1934 sciret.
1529 1906 1568 1933 Ad
1592 1907 1650 1933 [nec
1666 1907 1782 1933 arrectis
1800 1906 1850 1933 ali-

1055 1953 1176 1987 quandiu
1196 1952 1288 1980 subito
1308 1951 1380 1978 diem
1406 1951 1607 1986 pronuntiavit.
1623 1958 1676 1985 qua
1696 1951 1740 1977 die
1758 1951 1852 1984 prodi-

1056 2003 1134 2026 tnrus
1160 2002 1233 2025 esset
1261 2005 1277 2024 e
1303 1997 1415 2024 latebris
1442 2002 1470 2024 et
1499 2001 1608 2024 maturo
1630 1996 1686 2031 jam
1715 1996 1850 2030 praeclaro

1056 2049 1147 2078 empto
1170 2044 1234 2071 felix
1249 2048 1360 2071 auctore
1383 2043 1438 2070 Dco
1452 2042 1605 2077 auspicium
1620 2042 1746 2069 daturus.
1763 2040 1850 2069 Nemo

1055 2091 1190 2119 dubitavit
1211 2095 1258 2117 aut
1281 2090 1381 2118 renuit.
1396 2089 1609 2117 Conclamarunl
1625 2095 1722 2116 omnes
1736 2087 1852 2116 duceret

1055 2145 1110 2172 quo
1137 2137 1235 2169 vellet;
1263 2143 1293 2164 se
1317 2135 1445 2163 alacriter
1468 2135 1495 2163 in
1522 2135 1630 2162 eunetis
1653 2135 1850 2162 obsecuturos.

1056 2183 1111 2211 Nec
1128 2183 1197 2210 facta
1212 2182 1294 2209 dictis
1307 2181 1428 2208 abluere.
1440 2180 1522 2216 432
1533 2181 1643 2208 Addunt
1659 2179 1851 2215 addicuutque

217 2235 318 2255 curans
343 2228 408 2262 quid
428 2229 539 2254 vestiret
564 2231 610 2254 attt
628 2234 683 2262 quo
701 2232 864 2259 vesccrctur,
885 2227 1000 2254 naturali
1017 2231 1041 2261 ι]
1055 2230 1105 2265 ips]
1120 2238 1148 2257 se
1161 2228 1328 2263 frequentes,
1346 2227 1450 2262 magnis
1464 2227 1527 2254 elati
1541 2227 1653 2262 spebus.
1667 2227 1788 2253 Cursaut
1803 2235 1852 2260 per

217 2273 419 2308 simplicissime
436 2273 586 2308 defungens
603 2274 686 2305 victu,
711 2273 769 2301 solo
783 2281 851 2308 pane
866 2278 893 2300 et
912 2273 1003 2300 herbis

218 2320 372 2353 agrestibus
384 2324 541 2348 contentus.
556 2319 749 2347 Familiaribus
766 2320 892 2347 utebatur
908 2319 1004 2347 indolis

216 2369 244 2391 et
256 2363 427 2392 educat’onis
447 2364 543 2392 similis
566 2364 756 2396 homuucnlis;
773 2365 870 2399 quibus
887 2365 1005 2398 plerum-

218 2418 272 2444 que
286 2417 383 2445 magna
399 2411 432 2438 de
449 2418 479 2437 se
493 2410 617 2445 quaedam
630 2410 693 2438 olim
713 2412 803 2438 futura
815 2411 892 2446 quasi
909 2412 1005 2439 vatici-

220 2464 288 2484 nans
300 2457 432 2492 jactabat,
447 2464 517 2492 saepe
533 2457 586 2484 illis
601 2457 787 2488 irridentibus.
807 2465 1004 2493 nonnunquam

217 2505 298 2531 etiam
323 2511 376 2531 non
400 2504 479 2538 plane
501 2504 716 2537 detrectantibus
740 2504 861 2531 credere.
889 2503 935 2532 llis
960 2504 1006 2532 illc

219 2550 313 2578 nescio
337 2550 408 2577 unde
427 2550 525 2585 spebus
550 2549 669 2581 inflatus,
693 2549 854 2584 gravitatem
879 2549 1006 2578 affectare

218 2597 302 2632 cmpit
313 2597 460 2628 insolitam.
475 2603 692 2631 componercquc
708 2603 737 2623 se
753 2596 778 2623 in
793 2597 910 2631 speciem
925 2604 1004 2624 sauc-

219 2639 349 2675 timonize,
367 2643 494 2679 colligens
507 2643 623 2670 subinde
639 2643 772 2675 animum,
789 2648 815 2670 et
830 2643 912 2670 Deum
928 2643 1006 2669 invo-

218 2696 284 2717 cans
309 2689 408 2725 quibus
435 2689 471 2714 uti
500 2692 604 2723 poterat
628 2688 756 2723 precibus
785 2688 863 2715 homo
885 2687 1005 2714 funditus

218 2737 308 2764 omnis
332 2735 510 2763 institutionis
528 2735 614 2766 rudis,
634 2734 734 2769 quippe
753 2733 779 2760 iu
803 2733 876 2769 agris
900 2741 1006 2768 semper

219 2785 345 2810 versatus
358 2780 501 2816 pascendis
513 2780 633 2807 intentus
646 2780 744 2814 porcis.
759 2779 913 2814 Apparebat
925 2779 1006 2813 igitur

220 2827 278 2855 fere
293 2826 504 2862 cogitabundus,
518 2825 610 2852 verbis
632 2832 701 2859 saepe
724 2825 881 2858 significans
898 2825 1006 2852 volvere

223 2880 252 2901 se
273 2872 364 2900 animo
382 2872 472 2900 nescio
491 2879 569 2907 quam
586 2871 813 2899 machinationem
830 2872 890 2899 nevi
905 2871 1006 2898 consli-

1055 2276 1193 2310 regionem
1219 2274 1422 2309 prodamantes
1445 2273 1590 2300 subuleum
1615 2280 1629 2299 a
1647 2271 1701 2300 Deo
1719 2273 1852 2305 missum,

1055 2326 1083 2350 et
1109 2321 1142 2349 ad
1168 2328 1279 2348 manum
1306 2319 1362 2354 jam
1387 2319 1531 2347 conﬂatam
1557 2319 1694 2355 ingentem
1722 2320 1850 2346 certalit.‘

1056 2367 1178 2402 undique
1204 2367 1405 2394 accurrentium
1427 2370 1576 2401 aggregant
1601 2373 1758 2393 numerum.
1784 2365 1853 2393 Cre-

1056 2412 1150 2440 scebat
1163 2412 1190 2439 in
1207 2412 1264 2440 dies
1281 2411 1438 2444 multitudo,
1455 2417 1482 2439 et
1497 2419 1584 2440 novus
1602 2413 1656 2440 dux
1679 2412 1712 2439 ad
1728 2419 1852 2440 consen-

1056 2462 1167 2485 taneum
1193 2463 1341 2493 assumpta:
1366 2457 1490 2492 dignitati
1517 2465 1546 2485 se
1575 2457 1679 2493 fingens
1704 2458 1851 2490 habitum.

1057 2503 1171 2538 abjectis
1200 2503 1362 2531 centonibus
1389 2503 1574 2531 honestiorem
1612 2503 1700 2530 induit
1726 2509 1849 2537 vestem;

1056 2557 1176 2584 enseque
1201 2549 1369 2583 succinctus,
1386 2557 1457 2584 equo
1477 2551 1614 2582 inscenso,
1632 2549 1666 2577 ad
1690 2557 1772 2585 opera
1788 2557 1850 2577 ma-

1054 2596 1114 2629 jora
1129 2603 1210 2630 quam
1225 2596 1284 2629 ejus
1303 2595 1436 2623 hactenus
1453 2595 1561 2622 fortuna
1579 2600 1698 2630 caperet,
1714 2595 1804 2630 palam
1820 2603 1850 2624 se

1057 2640 1208 2668 accinctum
1225 2644 1364 2668 ostentare
1389 2648 1474 2669 ausus
1488 2645 1539 2668 est.
1556 2641 1716 2669 Valetudine
1732 2647 1802 2674 tum,
1818 2647 1850 2669 ut

1056 2687 1159 2714 dictum
1178 2692 1230 2719 est,
1256 2687 1453 2715 Constantinus
1478 2688 1587 2715 infirma
1607 2688 1735 2715 utebatur
1757 2697 1765 2715 :
1785 2696 1849 2716 nam

1056 2741 1136 2761 crure
1159 2733 1261 2760 dudum
1283 2732 1370 2760 fracto
1392 2733 1548 2760 facultatem
1566 2733 1687 2761 incessus
1704 2734 1848 2767 amiserat,

1057 2785 1083 2807 et
1097 2780 1118 2807 si
1133 2780 1259 2814 quopiam
1271 2785 1343 2808 esset
1358 2787 1470 2808 necesse
1482 2780 1630 2815 proficisci,
1643 2787 1725 2808 curru
1739 2781 1850 2815 pondus

1057 2826 1130 2853 iners
1143 2826 1312 2854 trahebatur.
1329 2826 1365 2853 Ea
1383 2833 1427 2853 res
1438 2830 1623 2861 contemptum
1638 2826 1675 2853 illi
1691 2827 1852 2854 conciliavit

1059 2872 1247 2907 plurimorum.
1270 2872 1298 2899 ltt
1326 2872 1367 2900 his
1391 2871 1508 2900 Tochari
1526 2872 1645 2905 tittitimi,
1665 2872 1718 2898 fera
1736 2880 1805 2908 gens
1823 2880 1850 2902 et
