1944 3067
80 159 134 191 883

552 165 600 195 DE
622 166 817 197 MlCllAELE
835 160 1069 200 PAL/EOLOGO
1090 149 1163 201 Llli.
1185 172 1237 203 Vl.

1669 174 1724 204 890

80 217 184 266 Mmtov
201 217 332 251 τιθέντες.
349 220 474 255 (Mla-(7'.
493 222 558 256 γοῦν
574 225 704 258 Τοχάρων
719 225 874 260 προσνρού-
889 229 912 256 Α
926 228 1022 261 πάγων
1039 229 1137 263 βαίνων
1153 230 1194 264 τῷ
1217 230 1332 266 βασιλεῖ,
1360 230 1406 257 καὶ
1433 230 1580 265 συμπεσὼν
1604 230 1723 266 ἑκείνῳό

81 264 295 300 σαςόΛαχα-κίἰς
314 266 447 300 ἐμπίπτει
466 270 541 302 σφὶσι
569 270 629 303 μεθ’
645 267 683 297 ὧν
713 273 874 307 ἐπεφέρετο,

81 309 130 335 καὶ
161 311 235 337 κατὰ
254 311 357 346 κράτος
386 314 461 349 νικᾷ,
476 315 523 341 καὶ
551 315 630 347 αὖθις
643 317 721 351 ἄλλῃ.
743 318 791 344 καὶ
804 318 876 345 οὕτω

80 355 151 390 πρὶς
179 355 209 382 τὺ
237 357 449 394 μεγαλειάτερον
481 361 527 387 ἔπ’
556 362 586 388 οὐ
618 363 731 395 mihi;
757 364 876 399 ἡμέραις

81 400 242 429 καθίστατο.
255 402 352 438 Χῶραι
367 404 458 431 τοίνυν
476 407 670 439 προσετίθεντο
693 409 729 439 οἱ,
759 409 807 434 καὶ
830 409 875 435 ἐπ’

81 447 157 482 αᾶτῷ
171 448 256 474 πολὺν
269 449 315 475 τὸν
331 449 378 476 τοῦ
395 450 426 478 εὖ
443 452 563 486 πράξειν
571 453 708 485 ἐλπισμὺν
732 455 876 489 ἀραρότως

81 491 169 527 εῗχον.
185 494 241 521 Καὶ
256 496 269 521 ο
286 496 414 531 Λαχανᾶς
431 498 517 529 πολὺς
536 497 570 534 ἦν
594 500 779 535 φηςιιζόμενος
811 509 876 526 πιν-

80 540 182 575 τιχοῦ·
199 541 258 567 οὐδὲ
277 542 331 578 γὰρ
346 543 410 578 me,
422 544 579 579 αὲςρίετατο
599 546 660 572 καθ’
674 547 707 582 ἢν
723 548 753 573 οὑ
766 547 876 578 πλείους

80 586 138 612 τῶν
161 587 303 622 προτέρων
333 586 390 624 εἶχε
418 589 467 617 καὶ
492 590 660 625 ἠνδραγάθει
685 592 873 626 προσόἀλλων.

81 632 171 659 Τοῦτο
200 633 353 669 ἑθορύὸησε
387 635 436 670 μὲν
459 636 506 663 καὶ
536 637 581 663 τὸν
605 639 813 664 Κωνσταντῖνον
840 638 875 664 τὰ

82 679 210 709 πλεῖστα,
234 681 370 714 ἀγγελθὲν
387 682 416 708 δὲ
432 683 507 718 παρὰ
518 683 598 717 δόξαν
611 684 657 710 καὶ
669 685 750 710 αὐτον
765 685 876 720 θορυϐεῖ

82 723 196 758 βασιλέα
216 733 223 740 ·
235 725 267 751 τὸ
279 727 334 761 γὰρ
351 726 438 759 οὕτως
454 728 569 755 ἐπελθὸν
589 729 654 763 παρ’
670 730 748 762 ἀξίαν
765 730 814 757 οὐκ
842 729 875 756 ἂν

80 770 209 797 ἐπελθεῖν
224 771 249 797 εἰ
261 773 298 808 μὴ
313 773 358 799 ἐπὶ
373 774 514 808 μεγίστοις
528 775 599 801 τισὶν
608 774 703 810 ᾧιντο.
717 775 759 810 [Ρ.
772 775 836 812 296]
847 776 874 802 Ὀ

82 816 134 850 μὲν
148 815 195 844 οὖν
215 818 421 851 Κωνστιντῖνος
441 819 522 854 μόνον
538 820 659 855 ταράξας
675 821 709 846 τὰ
734 821 805 847 κατὰ
828 821 875 847 τὸν

80 862 164 896 ζυγὸν
181 863 335 898 μετήνεγκε
352 865 397 891 τὸν
416 866 478 891 νοῦν
510 867 579 900 πρὸς
607 865 638 892 τὸ
661 866 874 901 ἀπροσδοκήτως

81 909 167 942 φανὲν
181 909 229 936 καὶ
239 897 276 941 ὥς
291 897 343 936 οὐκ
357 910 389 937 ἂν
402 911 440 945 μὴ
457 912 498 938 ὅτι
524 897 550 944 ν’
566 907 654 944 οὗτος,
671 897 729 939 ἀλλ’
751 897 872 939 οὐδ’βλ-
890 897 910 925 Β

80 954 127 986 λος
149 963 193 986 τις
214 955 293 990 ᾠήθη
323 956 400 984 ποτέ.
431 956 460 982 Ὀ
478 957 505 984 δὲ
532 957 658 992 βασιλεὺς
672 957 750 984 τοῦτο
764 958 814 993 μὲν
827 958 874 984 καὶ

80 1001 160 1027 τάκεῖ
183 1001 352 1037 καταστῆσαι
380 1002 477 1037 θέλων,
504 1003 585 1030 τοῦτο
611 1004 640 1030 δὲ
666 1004 713 1030 καὶ
742 1004 812 1038 προς
839 1004 873 1030 τὰ

80 1046 253 1074 ἀκουσθέντᾱ
270 1047 477 1083 διαταραχθεὶς,
495 1049 645 1085 προλαϐεῖν
670 1050 802 1084 ἠπείγετο
826 1049 874 1076 καὶ

80 1094 131 1124 τὰς
147 1092 236 1128 ἄκρας
248 1094 430 1128 κατοχυροῦν.
450 1095 506 1121 Καὶ
529 1095 562 1131 δὴ
583 1095 700 1128 ἐξελθὼν
723 1096 773 1130 τῆς
796 1095 874 1122 Κων-

81 1139 228 1167 σταντίνου
265 1141 310 1167 ἐπ’
338 1141 512 1175 ὀρεοτιάδος
539 1143 657 1178 ἠλαυνεν
680 1142 734 1177 ὅλῳ
763 1141 873 1176 ῥυτῆρι.

79 1186 226 1221 Χειμῶνος
241 1186 264 1213 δ’
278 1186 393 1219 ἐξελθὼν
412 1188 460 1214 καὶ
483 1188 580 1222 πάγοις
603 1189 689 1215 ἐπιὼν
718 1188 817 1223 πάσχει
847 1196 874 1214 τι

80 1233 129 1260 καὶ
143 1233 199 1260 τῶν
213 1233 388 1269 ἀνηκέστων·
407 1235 599 1270 συμποδίζεται
620 1235 674 1271 γὰρ
693 1235 707 1262 ὁ
723 1235 804 1267 ἵππος
828 1235 875 1261 ἐπὶ

82 1327 195 1351 assueta
208 1327 286 1359 rapto
302 1323 405 1355 vivere.
418 1323 485 1351 nihil
501 1331 516 1350 a
530 1323 627 1351 claudo
639 1323 761 1358 principe
775 1324 875 1350 timen-

80 1374 121 1398 tes
133 1370 283 1398 liberrimis
295 1371 322 1397 in
334 1370 445 1406 Mysiam
458 1370 666 1398 excursionibus
678 1370 792 1404 agebant
805 1370 875 1397 fere-

78 1415 206 1451 bantque
221 1416 321 1450 passim
338 1421 446 1446 cuncta.
460 1421 488 1443 et
503 1415 586 1452 veteri
601 1414 751 1442 celebratas
765 1422 875 1450 prover-

77 1462 127 1490 bio
157 1463 264 1496 praedas
289 1462 427 1497 Mysorum
455 1462 565 1496 impune
599 1461 820 1496 frequentabant.
845 1461 873 1489 In

77 1510 181 1537 borum
193 1515 276 1536 unam
291 1516 402 1535 manum
418 1508 562 1535 incurrens
577 1515 639 1535 cum
656 1507 715 1534 suis
730 1507 873 1534 Laelianas

77 1563 139 1583 eam
157 1555 345 1583 internecione
358 1554 440 1582 delet.
458 1554 517 1582 Alia
530 1554 574 1581 die
586 1554 783 1589 deprehensam
797 1553 874 1579 simi-
889 1574 911 1603 c

76 1601 142 1630 liter
161 1601 301 1630 cohortem
328 1601 442 1628 istorum
460 1602 574 1628 alteram
591 1605 621 1626 ut
645 1599 762 1633 priorem
787 1599 874 1626 inter-

79 1648 147 1676 ﬁcit.
164 1647 235 1675 Hinc
260 1647 354 1682 paucis
368 1647 465 1674 diebus
481 1646 587 1673 celebre
605 1646 634 1672 lit
649 1645 709 1679 ejus
724 1652 832 1672 nomen.
849 1650 875 1673 et

78 1693 210 1721 videlicet
224 1701 277 1720 nou
294 1693 384 1727 parvis
397 1697 424 1720 et
437 1692 530 1728 populi
544 1697 572 1719 et
584 1692 724 1726 regionum
738 1693 876 1719 accessio-

79 1740 165 1768 nibus
190 1746 257 1774 opes
278 1739 337 1774 ejus
354 1744 517 1774 augescunt,
532 1739 640 1765 cunctis
657 1745 706 1773 pro
721 1744 750 1765 se
765 1745 875 1772 quoque

78 1793 157 1821 spem
184 1785 212 1813 in
237 1792 270 1813 eo
294 1793 429 1813 summam
456 1784 620 1813 emendandi
645 1785 752 1818 publica
771 1785 875 1812 iucqu-

82 1833 163 1862 moda
187 1832 397 1860 collocantibus.
413 1831 505 1860 Famae
520 1832 629 1859 interim
645 1832 790 1858 ambitioso
805 1839 874 1866 prae-

78 1880 160 1907 conio
189 1878 332 1906 Laelianas
359 1879 461 1914 ubique
494 1879 704 1907 buccinabatnr.
732 1877 787 1906 Nec
814 1878 874 1906 dies

79 1924 237 1959 przeteribat
253 1931 305 1959 qua
323 1932 376 1962 non
395 1927 421 1950 et
435 1924 495 1958 ejus
513 1931 629 1951 numero
646 1927 781 1951 cresceret
796 1931 875 1950 exer-

79 1973 164 2003 citu=,
184 1975 213 1998 et
236 1979 289 2006 qua
310 1979 363 1998 non
386 1970 443 2004 ipse
466 1971 558 2006 aliqua
578 1978 608 1999 se
625 1970 724 2006 insigni
742 1969 776 1998 de
796 1970 876 1997 hoste

80 2018 197 2046 victoria
217 2018 430 2046 commendaret.
448 2018 656 2046 Conturbarunt
677 2017 735 2044 haec
753 2024 805 2044 non
824 2024 875 2052 pa.

80 2073 141 2091 rum
155 2064 273 2091 subinde
285 2064 407 2092 nuntiata
419 2064 640 2092 Constantinum.
652 2063 740 2098 Ipsum
752 2070 874 2098 quoque.

81 2111 127 2138 ubi
144 2111 213 2138 ﬁdes
229 2111 337 2138 tandem
361 2118 413 2138 non
430 2111 511 2147 433
534 2110 646 2138 creditis
661 2110 749 2145 primo
766 2109 875 2137 indiciis

81 2158 162 2184 fatim:
178 2158 330 2184 constantia
353 2158 424 2185 facta
442 2163 494 2190 est,
515 2159 614 2192 ipsum,
629 2157 752 2191 inquam,
766 2163 875 2191 quoque

80 2203 300 2239 inopinatissima
315 2203 420 2230 novitas
436 2204 612 2230 vehementer
627 2204 774 2231 commovit
787 2202 874 2237 impe-

928 273 1108 308 ἐποχούμενος
1125 275 1225 309 πτῶμα
1241 275 1328 302 δεινὸν
1345 276 1440 311 χεῖράς
1462 284 1491 302 τε
1511 276 1558 302 καὶ
1578 276 1724 310 πρόςωπον

927 319 1084 353 δρύπτεται,
1101 320 1172 347 οὕτω
1187 321 1313 356 χαλεπῶς
1330 322 1368 352 ὡς
1384 321 1445 356 μηδ’
1462 322 1578 357 ἀρκέσαι
1605 324 1647 348 τὸν
1673 323 1724 357 τῆς

927 365 1103 400 ἐκστρατείας
1133 367 1192 394 ὅλον
1230 371 1326 403 χρόνον
1357 368 1506 402 ἀπαλεῖψαι
1536 368 1570 394 τὰ
1599 369 1723 403 τραύμα-

926 416 970 442 τα,
994 411 1050 437 ἀλλ’
1070 411 1110 439 ἐτι
1134 412 1247 447 leid/zu
1259 414 1312 440 τῶν
1339 406 1451 449 πληγῶν
1467 414 1596 447 ἐμμένειν
1610 415 1722 441 επανελ-

927 456 999 483 οὶντι
1037 457 1075 491 τῷ
1108 457 1224 492 βασιλεῖ.
1250 459 1327 494 ’Ἅμα
1365 459 1431 494 γοῦν
1462 460 1546 495 ἐπέϐη
1574 462 1588 487 ὁ
1613 462 1723 496 κρατῶν

926 503 976 537 τῆς
998 503 1149 536 Ἀδριανοῦ,
1167 505 1214 531 καὶ
1231 505 1289 540 ἃμα
1305 506 1320 540 ἠ
1335 506 1427 541 σφαγὴ
1442 506 1490 533 τοῦ
1514 508 1722 534 Κωνστοντίνου

926 549 1097 582 ἀγγέλλεται.
1126 551 1172 582 Ὠς
1186 551 1240 586 γὰρ
1253 551 1384 585 ηὐξάνετο
1397 552 1455 578 καο¹
1470 553 1576 587 ἡμέραν
1601 554 1615 579 ὁ
1633 553 1724 587 Λαχα-

925 597 974 624 νᾶξ
986 598 1031 623 καὶ
1047 596 1139 623 πολλοὶ
1152 597 1345 633 προσεχώρουν
1366 598 1462 633 ἐκείνῳ
1476 599 1723 633 κατολιγωροῦντες

926 641 973 668 τοῦ
995 641 1069 676 σφῶν
1083 643 1226 676 βασιλέως,
1242 643 1363 670 ἐκποδὼν
1379 644 1402 670 δ’
1417 642 1450 678 ἦν
1469 644 1519 679 ἢδη
1541 645 1588 671 καὶ
1603 646 1616 671 ὁ
1640 645 1724 678 Σφεν-

925 687 1069 719 τῖσολασος
1082 689 1136 715 τῶν
1149 689 1231 716 δόλων
1248 691 1420 725 ὰπονάμενος
1436 691 1486 725 τῆς
1499 691 1619 725 Μαρίας,
1644 693 1667 718 οἱ
1693 691 1722 717 δέ

925 743 957 768 γε
973 735 1214 770 προσῳκειωμένοι
1226 736 1265 771 τῷ
1289 737 1487 772 Κωνσταντίνῳ
1514 736 1543 768 ἐξ
1568 736 1722 771 ἀνθρώπων

925 778 995 816 ἦταν
1012 782 1072 811 ταῖς
1087 782 1135 816 τῆς
1151 781 1260 815 Μαρίας
1285 782 1498 818 κακεντρεχείας
1521 785 1723 818 κατειργασμέ·

925 834 975 858 νοι,
992 827 1049 852 ὅσοι
1062 825 1090 852 δὲ
1108 827 1154 853 καὶ
1166 827 1314 862 περιῆσαν,
1332 829 1356 854 οἱ
1374 829 1423 863 μὲν
1451 829 1517 863 παρ’
1535 830 1649 856 ἐκείνων
1674 831 1722 856 ἐπὶ

926 872 1060 904 δυσνοίαις
1075 872 1279 905 ὑπωπτεύοντο,
1311 875 1336 901 ol
1360 875 1389 901 δὲ
1419 875 1465 902 καὶ
1493 876 1555 906 ταῖς
1581 875 1721 910 ἀληθείαις

925 918 1077 951 ἐδυσνόουν,
1092 920 1169 954 μόνος
1181 920 1198 955 ἢ
1216 920 1274 955 μετ’
1283 920 1381 954 ὀλίγων
1397 920 1623 954 ἐγκαταλειφθεὶς
1643 922 1720 947 Κων-

925 965 1062 995 σττντῖνος
1077 967 1150 1001 ὁρμᾷ
1165 966 1304 1000 μετελθεῖν
1317 967 1362 992 τὸν
1377 966 1428 1001 ἤδη
1444 966 1491 992 καὶ
1512 966 1595 993 αὑτοῦ
1611 967 1719 993 κατολι-

924 1010 1074 1044 γωροῦντα.
1088 1011 1143 1037 Καὶ
1159 1011 1191 1045 δὴ
1211 1011 1411 1047 συνταξάμενος
1430 1011 1478 1043 τὰς
1500 1012 1627 1047 δυνάμεις
1656 1013 1720 1046 ἐφέ-

926 1065 987 1091 ρετο
1002 1056 1051 1090 μὲν
1065 1056 1108 1090 ἐφ’
1124 1057 1241 1092 ἀμάξης.
1261 1059 1292 1084 Οἱ
1310 1058 1337 1084 δὲ
1351 1056 1391 1089 οἷς
1407 1059 1509 1090 ἐκεῖνος
1527 1059 1653 1085 ἐπίστευε
1670 1059 1719 1090 τὰς

924 1102 994 1137 ὑπὲρ
1022 1101 1127 1130 ἐκείνου
1155 1103 1242 1137 ὁρμὰς
1265 1104 1445 1131 κατεκλῶντο.
1484 1105 1513 1130 '0
1536 1104 1564 1130 δὲ
1592 1105 1719 1140 Λαχανᾶς

923 1148 1006 1182 ὁμόσε
1027 1149 1156 1184 χωρήσας
1172 1150 1280 1184 ἐκείνῳ,
1296 1150 1355 1185 ἅμα
1376 1151 1471 1185 φανεὶς
1485 1151 1659 1177 ἐπεισπίπτει
1673 1152 1720 1178 καὶ

924 1194 995 1221 κατὰ
1020 1195 1121 1230 κράτος
1145 1196 1227 1231 αἱρεῖ,
1257 1198 1382 1223 κάκεῖνον
1398 1196 1482 1231 μηδὲν
1504 1197 1575 1224 κατᾶ
1600 1197 1718 1233 πόλεμον

925 1240 1066 1274 πράξαντι
1080 1241 1219 1276 βασιλείας
1232 1241 1306 1274 ἄξιον
1323 1242 1402 1274 δίκην
1431 1242 1531 1278 ἱερείου
1560 1244 1718 1277 κατασφάτ-

926 1328 1062 1362 ﬁrmarct;
1087 1330 1188 1365 partim
1209 1334 1239 1358 ut
1262 1330 1308 1365 qui
1333 1331 1367 1358 ab
1383 1331 1426 1359 illa
1449 1335 1524 1365 parte
1540 1331 1668 1366 patebant
1691 1332 1717 1359 in

925 1374 1075 1402 Romanam
1099 1376 1231 1404 ditionem
1248 1377 1348 1409 aditus,
1372 1384 1419 1412 per
1434 1384 1502 1412 quos
1518 1385 1551 1404 ne
1574 1377 1717 1404 Lachanas

925 1420 1042 1448 irrueret
1066 1422 1159 1449 audita
1181 1422 1215 1449 de
1239 1422 1286 1449 illo
1312 1424 1406 1451 timere
1424 1424 1568 1459 cogebant,
1585 1424 1719 1458 przesidiis

925 1473 953 1494 et
971 1468 1171 1496 munitionibus
1196 1468 1300 1496 idoneis
1318 1476 1527 1505 praeoccuparet.
1545 1469 1602 1497 llnc
1627 1470 1719 1496 animo

925 1514 990 1541 dum
1008 1514 1098 1542 citatis
1116 1515 1195 1550 equis
1213 1523 1308 1543 versus
1323 1516 1492 1544 Orestiadem
1515 1516 1658 1543 contendit
1671 1523 1719 1550 per

926 1565 1069 1588 cmucrctos
1094 1561 1182 1595 rigida
1215 1562 1303 1589 hieme
1330 1563 1392 1597 geln
1418 1570 1529 1597 campos
1553 1570 1717 1597 properans,

927 1606 1041 1640 contigit
1056 1612 1083 1634 et
1099 1608 1152 1641 pati
1168 1615 1228 1634 eum
1252 1612 1279 1634 et
1299 1608 1446 1642 periclitari
1462 1608 1632 1642 gravissime.
1647 1607 1717 1635 Nam

925 1660 1011 1687 equus
1026 1660 1081 1687 quo
1095 1653 1243 1680 vehebatur
1267 1653 1360 1688 lapsus
1386 1654 1411 1680 in
1435 1654 1531 1688 glacie,
1549 1662 1610 1681 t'll‘ll
1628 1661 1718 1680 sesso-

926 1705 983 1725 rem
997 1697 1105 1729 cﬁ'ndit,
1125 1703 1180 1725 turn
1201 1706 1282 1732 supra
1307 1699 1394 1732 ipsum
1412 1703 1466 1726 tota
1486 1699 1556 1726 mole
1571 1699 1718 1727 concidens

927 1748 1033 1770 tantum
1058 1751 1110 1770 non
1127 1743 1272 1778 oppressit,
1288 1744 1460 1771 vulneratum
1488 1744 1513 1771 in
1538 1745 1665 1772 manibus
1689 1752 1719 1773 et

925 1789 1001 1816 vultu
1016 1789 1084 1816 adeo
1101 1797 1155 1816 non
1172 1789 1278 1823 leviter,
1294 1793 1324 1817 ut
1338 1790 1381 1816 vix
1399 1789 1481 1817 totius
1498 1790 1559 1825 ejus
1580 1790 1717 1818 diuturnae

925 1835 1109 1870 expeditionis
1124 1836 1213 1871 spatio
1237 1837 1379 1871 persanari
1403 1836 1488 1871 plagae
1505 1837 1651 1871 potuerint,
1669 1841 1718 1864 aut

926 1881 995 1909 efﬁci
1010 1882 1075 1917 quin
1101 1881 1246 1910 luculenta
1269 1883 1412 1910 cicatrices
1438 1883 1565 1910 reducem
1582 1883 1670 1917 ipsum
1689 1882 1716 1909 iu

928 1930 1023 1957 urbem
1048 1929 1138 1956 adhuc
1158 1928 1353 1956 deformarent.
1376 1927 1511 1956 Caeterum
1530 1932 1595 1955 tunc
1618 1928 1657 1955 illi
1683 1935 1717 1955 eo

926 1975 1024 2003 itinere
1039 1975 1243 2009 Adrianopolim
1268 1975 1423 2002 advenienti
1442 1975 1563 2002 occurrit
1578 1978 1669 2001 certus
1684 1974 1718 2002 de

925 2022 1001 2050 cattle
1014 2021 1187 2049 Constantini
1201 2021 1324 2048 nuntius.
1336 2021 1403 2047 Cum
1419 2022 1491 2048 enim
1507 2020 1674 2048 adolesceret
1689 2020 1716 2046 in

926 2068 986 2096 dies
1001 2068 1121 2103 potentia
1146 2067 1290 2099 Lachanze,
1309 2070 1335 2094 ct
1352 2067 1461 2101 Bulgari
1489 2067 1589 2101 passim
1613 2073 1628 2093 a
1653 2073 1717 2101 rege

926 2123 977 2142 suo
998 2114 1067 2149 ipsis
1090 2118 1181 2148 spreto
1205 2113 1238 2140 ad
1256 2113 1401 2140 subulcum
1419 2113 1576 2144 deﬁcerent,
1603 2119 1652 2140 nec
1667 2112 1714 2147 qui

926 2160 1060 2196 potuisset
1075 2160 1207 2187 obsistere
1227 2159 1467 2194 Spln-ntisthlabns
1487 2158 1570 2194 £34,
1586 2165 1716 2193 superes-

926 2211 977 2238 scl,
992 2206 1132 2234 insidiosis
1149 2205 1240 2232 Marias
1269 2205 1454 2233 delinimeutis
1485 2205 1570 2232 miser
1595 2203 1716 2231 lucratus

83 2257 215 2277 ra'orem.
233 2250 312 2277 Hunc
332 2257 381 2276 sua
404 2253 560 2284 suspect-are
581 2249 724 2284 prudentia
749 2250 872 2284 cogebat.
890 2249 913 2276 Υ)
927 2251 1051 2281 exitium,
1073 2258 1216 2284 procerum
1236 2257 1299 2277 vero
1322 2249 1409 2284 gentis
1427 2249 1473 2284 qui
1501 2248 1620 2276 maxime
1643 2248 1716 2275 Cun-

81 2305 115 2324 ne
139 2296 267 2324 subeSset
288 2296 330 2323 his
352 2296 492 2331 quidpiam
517 2295 677 2330 iucomperti
703 2296 766 2323 mali
783 2304 790 2322 :
806 2303 873 2330 quo-

83 2342 165 2369 modo
189 2342 261 2368 enim
285 2342 366 2368 homo
391 2347 445 2368 tam
462 2342 523 2369 vilis
546 2346 599 2368 tam
618 2348 714 2368 secure
738 2341 871 2375 prodiret,

81 2388 133 2414 nisi
161 2389 311 2422 productus
328 2387 426 2414 ﬁducia
447 2394 530 2421 opum
554 2395 607 2414 non
623 2386 824 2421 apparentium,
847 2390 873 2413 et

80 2434 169 2462 multo
186 2434 320 2467 majorum
343 2441 425 2468 quam
447 2442 508 2468 quae
532 2437 721 2464 cernerentur,
735 2431 788 2459 sibi
805 2439 872 2458 con-

78 2488 98 2508 s.
110 2481 156 2508 ius
180 2480 299 2507 virium?
319 2479 453 2507 Caeterum
477 2480 503 2507 in
529 2479 666 2507 communi
692 2478 874 2506 admiratione

77 2528 226 2555 amborum
253 2526 448 2553 Constantinus
472 2527 562 2556 solus.
586 2533 666 2560 quem
692 2524 804 2559 periculi
832 2524 873 2551 vis

79 2572 263 2608 propinquior
274 2577 376 2603 ureret.
392 2572 504 2607 trepidis
518 2572 616 2606 raptim
631 2571 733 2599 habitis
744 2570 872 2605 totojugo

79 2618 256 2650 delectibus,
276 2617 473 2645 admovendam
501 2621 611 2644 strenue
638 2617 743 2651 putavit
760 2624 872 2644 manum

79 2664 205 2706 Ieiniedio
218 2665 281 2692 mali
295 2664 375 2700 longe
390 2664 460 2691 ultra
474 2671 554 2699 quam
571 2663 714 2698 quisquam
728 2662 872 2698 imaginari

79 2711 220 2745 potuisset
246 2710 464 2745 inopinatissime
491 2711 629 2738 nascentis
655 2710 872 2744 crcscentisque.

77 2757 166 2785 Porro
195 2758 344 2792 imperator
381 2758 499 2784 nondum
528 2757 574 2784 ille
599 2757 709 2792 quidem
734 2756 874 2791 expedivit

78 2803 226 2830 rousilium
242 2803 362 2830 bellandi
378 2814 383 2830 :
399 2808 489 2830 tamen
505 2803 556 2830 sibi
570 2803 797 2838 proﬁciscendum
812 2810 871 2830 ver-

78 2859 126 2877 sus
141 2851 224 2877 istum
243 2849 354 2877 limitem
370 2849 520 2881 constituit,
540 2849 638 2884 partim
666 2853 695 2875 ut
711 2856 744 2875 cx
759 2849 872 2884 propiu-

80 2905 134 2931 qnu
149 2901 326 2932 cognosceret
338 2896 439 2923 certius
456 2901 493 2930 et,
509 2896 529 2922 si
543 2895 607 2932 quid
624 2895 660 2922 ibi
675 2895 791 2930 labaret,
807 2903 871 2924 cou-

925 2297 1045 2324 stantino
1068 2296 1240 2328 studuerant,
1258 2295 1355 2329 partim
1378 2295 1520 2323 sceleratis
1533 2294 1624 2321 Mar-ite
1638 2293 1717 2320 moli-

925 2343 1046 2370 tionibus
1068 2342 1201 2370 interiecti
1229 2342 1354 2375 luiSsent,
1371 2342 1419 2377 qui
1443 2349 1508 2369 vero
1530 2341 1620 2369 adhuc
1641 2341 1715 2367 vive-

925 2389 990 2415 bant
1013 2388 1111 2423 partim
1135 2387 1204 2415 lalso
1225 2393 1452 2423 suspectaremur
1472 2387 1550 2423 quasi
1569 2386 1716 2414 rebellibus

925 2435 1056 2467 faverent,
1078 2435 1179 2470 partim
1203 2442 1296 2462 revera
1312 2434 1490 2469 regnantibus
1504 2433 1601 2461 oll‘ensi
1617 2434 1716 2468 pende-

924 2487 986 2508 rent
1010 2481 1037 2508 in
1063 2481 1303 2515 praevalescentcm
1330 2481 1491 2514 factionem,
1518 2479 1716 2508 Constantinus

925 2526 1011 2553 ferme
1026 2526 1102 2553 solus
1120 2526 1146 2553 in
1162 2525 1251 2553 medio
1266 2525 1377 2553 relictus
1390 2526 1446 2553 acri
1461 2526 1624 2554 necessitate
1639 2533 1716 2552 com-

924 2572 1021 2607 pulsus
1037 2576 1080 2599 est
1103 2576 1209 2599 tentare
1234 2579 1295 2599 cum
1322 2571 1417 2606 paucis
1435 2579 1516 2606 opum
1539 2571 1712 2606 antiquarum

924 2618 1046 2653 reliquiis
1061 2618 1147 2646 aleam
1163 2619 1226 2646 belli
1240 2623 1267 2645 et
1283 2626 1313 2646 se
1326 2618 1459 2646 Laelianas
1471 2618 1528 2653 jam
1544 2619 1633 2653 ipsum
1648 2625 1715 2645 con-

924 2666 1053 2693 temnenti
1076 2666 1204 2700 obiicere.
1222 2665 1383 2693 Instructam
1402 2673 1467 2701 ergo
1479 2670 1574 2694 contra
1592 2665 1714 2693 inferens

923 2711 1009 2739 aciem
1027 2712 1085 2746 ipse
1108 2712 1135 2739 in
1149 2720 1231 2739 curru
1247 2717 1354 2744 vectus,
1369 2716 1394 2739 et
1412 2711 1457 2739 lidi
1475 2712 1498 2739 ei
1515 2712 1606 2747 pauci,
1625 2711 1714 2745 repri-

923 2765 998 2784 mere
1024 2757 1140 2792 impetus
1158 2758 1268 2791 impune
1287 2758 1418 2786 hactenus
1443 2757 1628 2793 grassantium
1649 2760 1714 2785 sunt

923 2804 1022 2832 adorti.
1039 2805 1074 2832 At
1089 2804 1232 2832 Laelianas
1255 2809 1349 2832 contra
1371 2812 1401 2832 se
1418 2804 1591 2832 venientibus
1612 2811 1712 2832 occur-

923 2857 997 2882 rens,
1024 2849 1106 2877 simul
1133 2850 1209 2882 vidit,
1235 2850 1317 2877 simul
1341 2850 1471 2883 admovit,
1497 2850 1578 2878 simul
1603 2857 1712 2878 vazsauo

922 2896 1031 2925 irruens
1048 2897 1148 2933 impetu
1164 2896 1244 2925 caedit
1263 2897 1412 2926 exercitum
1431 2902 1457 2925 ct
1473 2897 1550 2933 plene
1566 2897 1663 2931 vincit;
1679 2903 1710 2924 ac
