1944 3067
84 137 135 168 9M

578 135 627 166 DE
646 134 842 165 MICIIAELE
862 133 1096 166 PALIEOLOGO
1115 134 1188 166 LIB.
1210 135 1261 167 Vl.

1672 138 1725 170 €02

82 204 123 222 ‘Iot.
134 195 309 231 χαρίζεσθαι.
319 195 415 229 Ὅμως
427 195 566 222 tuis:de
576 195 671 231 λέχους
682 196 819 231 προσίετο,
833 202 883 221 πῖ·
900 196 918 224 Ᾱ
935 192 1004 224 ὅλως
1024 192 1071 219 καὶ
1087 192 1216 228 ὑποσχεῖν
1236 192 1340 219 ἐκεῖνον
1352 180 1533 228 ὲτέιϐρίσασαν
1551 193 1582 220 ἐκ
1595 194 1725 230 Τοχάρων

85 241 180 276 νηρῶς
190 240 262 275 ἄγαν
273 240 319 267 καὶ
329 239 442 274 β.οἑως,
452 240 501 275 οὺχ
508 240 545 272 ὥς
556 249 598 272 τις
613 240 646 267 ἂν
655 241 726 267 εἴποι
735 239 882 274 φιλογύνης

80 289 132 315 καὶ
145 288 194 322 τῆς
210 287 432 321 γυναικωνίτιδος
445 287 563 322 ἐραστής
574 295 581 303 ο
594 286 625 313 τὸ
633 286 686 322 γάρ
696 285 882 320 μαλάττειν-τὰ

81 333 136 369 ἤθη
152 334 208 360 τῶν
223 333 375 368 δεξομένων
395 333 444 359 καὶ
465 333 528 359 λίαν
549 332 587 364 ὡς
612 332 880 367 καταφρονησάντων

81 380 186 406 αὐτίκα
200 379 408 413 διεφυλάττετο,
424 379 509 406 ἀλλω-
525 379 552 405 δὲ
567 379 628 405 κατ’
649 380 761 414 εἰρήνην
774 377 880 404 καὶτοῦ

82 426 122 461 μὴ
137 425 251 461 χέεσθαι
266 425 410 460 ἐμφυλίοις
431 425 563 459 πολέμοις
586 425 691 459 αἵματα
707 423 879 458 κατεδέχετο,

81 473 120 504 ὡς
137 472 219 508 χάριν
231 472 331 503 διδοὺς,
352 472 383 498 οὗ
401 471 563 506 λαμῆάνων.
581 471 693 505 Ὀρκων
706 470 752 496 οὖν
765 470 881 504 γενομέ-

83 527 138 545 νων
153 519 200 545 καὶ
213 518 356 552 συνθηκῶν
369 518 398 550 ἐξ
412 518 552 552 ἑκατέρων
568 517 748 551 ὐπαηιοξγνυσί
760 525 790 543 τε
804 516 880 551 αὐτῷ

81 564 134 596 τάς
163 563 263 596 πύλας,
297 563 344 590 καὶ
368 564 443 594 ἐντὸς
476 563 614 598 δεξαμένη
638 563 712 590 τελεῖ
729 563 813 597 ἑαυτῇ
831 563 881 589 σὺν

82 610 183 644 ἐκείνῳ
201 609 265 641 τοὺς
289 610 408 644 γάμους,
433 609 482 636 καὶ
498 609 549 641 τὰς
566 609 724 640 ταινιὼεεις
735 609 785 643 τῆς
805 608 881 643 βασι-

81 655 159 686 λείας
177 656 225 682 καὶ
236 653 314 686 αὖθις
332 655 441 689 σύναμα
457 654 692 690 δέχονται,καίγε
703 655 880 688 παρασκευά-

81 701 126 733 ζει
140 701 180 736 τῷ
197 701 302 736 βασιλεῖ
325 701 487 733 ἀντίπαλον,
513 701 550 733 ὡς
566 700 647 737 ᾤετο,
674 701 777 728 ἱκανόν.
793 701 881 727 Τοῦτο

83 747 194 782 συμὸἀν
211 754 241 777 τε
257 747 304 773 καὶ
319 747 456 773 ἀκουσθὲν
471 746 518 773 τὸν
543 746 657 782 βασιλέα
672 747 818 782 αὐτάρκως
835 746 881 772 καὶ

81 791 120 823 ὡς
135 791 199 826 ξνῆν
213 791 386 826 διετάραξεν,
401 791 567 826 ὑπεκρίνετό
578 799 608 818 τε
622 792 752 823 κάκεῖνος
763 790 801 826 μὴ
814 791 880 817 ἀθυ-

83 837 147 870 μεῖν
172 836 359 871 σφαλλόμενος
388 837 444 863 τῶν
461 837 591 871 ἐλπίδων,
612 837 682 864 ἀλλὰ
707 838 817 871 στυγεῖν
840 836 878 872 τῷ

82 882 151 918 παρ’
171 882 252 915 ἀξίαν
277 882 388 918 ἐκείνης
413 883 580 918 πταίσματι,
604 883 675 909 ὥστε
689 883 738 910 καὶ
756 882 787 909 τὺ
800 883 876 917 γένος

82 929 266 964 καταισχῦναι
284 929 331 956 καὶ
357 929 409 965 τὴν
425 929 514 965 ἀρχὴν
530 929 751 965 προσαπολλύναι
764 929 804 964 τῷ
821 938 875 964 μη-

81 973 160 1006 δενὸς
184 974 269 1010 ἀξίῳ-
283 975 547 1010 κατεγχειρὶσασαν·
574 975 641 1011 μηδὲ
669 975 725 1011 γὰρ
751 975 874 1008 ἀνθέξειν

82 1069 175 1092 metus
191 1069 316 1092 cunctari
344 1072 398 1092 non
417 1063 535 1099 sinebat)
567 1065 654 1092 mittit
669 1065 702 1092 ad
721 1065 872 1092 Barbarum

82 1110 131 1145 qui
147 1118 213 1138 suas
231 1110 271 1138 illi
303 1110 414 1145 nuptias
442 1118 505 1138 cum
520 1111 606 1138 dotali
624 1110 756 1138 otl'errent
776 1118 871 1145 regno.

81 1156 124 1184 Ad
140 1164 172 1185 ca
188 1156 234 1184 ille
258 1156 377 1192 priurum
395 1157 607 1192 aspernabundo
624 1157 722 1184 similis
737 1157 800 1184 talis
829 1157 872 1184 irr-

83 1208 221 1238 terpretes
237 1203 348 1231 hederis
364 1203 543 1238 superciliose
564 1204 724 1238 repellebat,
742 1204 874 1231 cavillans

83 1249 201 1277 ridicule
214 1249 305 1276 offerri
322 1250 394 1284 quod
423 1249 521 1283 majori
544 1257 575 1276 ex
594 1255 670 1284 parte
686 1250 741 1284 jam
758 1253 872 1280 teneret,

83 1295 237 1329 gratiaeque
266 1294 399 1329 imputari
430 1295 532 1329 reginze
562 1295 708 1329 quaesitum
738 1295 794 1330 jam
821 1295 873 1322 sibi

83 1340 169 1368 armis
187 1340 369 1375 victoriisque
386 1340 582 1375 principatum.
613 1339 715 1367 Tamen
741 1347 775 1368 ne
789 1340 874 1367 durus

82 1385 169 1413 nimis
197 1386 328 1420 ferusque
354 1386 503 1418 videretur,
533 1386 645 1421 nuptias
663 1386 725 1414 talis
756 1385 875 1413 heminae

81 1431 205 1462 admisit,
223 1435 313 1458 astute
325 1431 350 1458 id
365 1432 452 1466 ipsum
465 1437 567 1463 tanten,
578 1431 658 1466 quasi
676 1431 771 1459 alienat
786 1432 875 1459 indul-

83 1479 174 1513 gendo
192 1479 338 1511 voluntati,
355 1486 408 1506 non
427 1478 542 1514 propria!
565 1478 739 1512 obsequendo
757 1478 873 1512 libidini,

82 1533 221 1559 annuens,
232 1526 324 1560 inquo
338 1529 400 1553 erat
417 1525 580 1559 profundior
591 1524 651 1559 ejus
659 1525 782 1559 qna-dam
793 1534 873 1560 quam

81 1572 118 1599 ab
134 1573 246 1599 ltomine
263 1573 302 1599 sic
318 1577 382 1599 nato
397 1579 524 1607 sperares
552 1571 706 1606 prudentia.
726 1570 871 1598 Vitamlam

81 1619 156 1646 enim
178 1623 252 1646 recte
285 1618 390 1653 putavit
417 1622 604 1653 crntemptum
638 1617 688 1652 ipsi
723 1619 871 1652 parituram

82 1664 157 1699 apud
184 1671 250 1691 suos
282 1663 439 1698 opinionem
460 1663 550 1690 uxorii
581 1663 651 1690 etin
669 1663 823 1698 voluptates
839 1672 871 1691 ex

81 1709 177 1737 bellica
192 1708 294 1735 ferocia
310 1708 427 1735 etnolliri
446 1708 534 1735 facilis
548 1707 610 1734 viri.
629 1706 700 1740 Quin
719 1713 745 1735 et
775 1709 874 1735 huma-

80 1755 178 1783 nitatis
193 1755 292 1782 famam
316 1761 457 1789 aucupans
473 1755 577 1782 moveri
595 1762 650 1789 pra:
665 1762 694 1781 se
710 1754 773 1781 tulit
788 1755 872 1782 mise-

81 1801 191 1828 ratione
207 1799 340 1827 fundendi
360 1799 462 1831 civilis,
488 1799 511 1826 si
528 1807 582 1834 qua
598 1803 721 1834 coeperat
738 1800 872 1832 tenderet,

81 1845 238 1881 sanguinis.
252 1845 292 1872 Ad
309 1850 463 1872 extremum
491 1852 522 1872 ea
555 1845 701 1872 verborum
726 1845 873 1880 vultusque

80 1892 215 1928 gravitate
229 1899 281 1926 qua
296 1899 349 1918 non
362 1892 487 1926 aet-ipere
502 1891 591 1926 ipsum
606 1891 755 1926 quidquam
766 1893 870 1927 gratiae,

80 1938 129 1965 sed
152 1937 279 1965 benefici
308 1937 370 1964 loco
394 1938 514 1964 tribuere
540 1944 569 1964 se
601 1937 782 1972 signiﬁcaret,
810 1945 872 1973 quae

80 1984 268 2012 oﬂ'erebantnr
283 1983 398 2018 accepit.
408 1983 577 2010 Scribuntur
591 1991 654 2010 mox
664 1983 872 2017 conventiones,

79 2030 166 2067 ΑΜ
193 2035 273 2066 pacta
301 2029 482 2065 jurejurando
508 2030 638 2064 utrinque
659 2030 723 2057 dato
743 2030 872 2057 muniun-

80 2083 136 2106 tur.
160 2076 216 2106 Ncc
225 2077 308 2104 Maria
323 2080 427 2104 moram
443 2075 506 2104 fecit
516 2075 727 2111 aperiendarum
738 2076 872 2104 Lachanze

80 2129 223 2160 portarum
253 2123 385 2156 Ternohi,
417 2130 503 2157 seque
529 2123 582 2158 ipsi
595 2123 700 2157 nuptiis
727 2122 870 2157 jnngcndi.

78 2169 275 2198 Coronationis
298 2169 361 2196 inde
387 2175 520 2195 umorum
543 2168 689 2203 conjugum
708 2169 870 2196 caeremonia

934 238 1061 274 δύναμιν,
1079 239 1112 274 ἢν
1132 239 1207 268 εἰκὸς
1222 240 1426 271 ὲπεισπὲπτειν,
1443 240 1500 274 ἅμα
1513 240 1563 275 μὲν
1574 241 1611 272 ὼς
1624 241 1724 277 ἐχθρὸν

933 285 1072 320 προφανῆ,
1090 285 1149 319 ἅμα
1165 284 1193 311 δὲ
1220 285 1266 311 καὶ
1287 284 1364 320 παρὰ
1379 285 1433 311 τῶν
1457 285 1567 312 οἰκείων
1583 295 1723 323 καταφρο-

933 330 1074 364 νούμενον.
1091 330 1184 357 Ταῦτα
1197 330 1284 364 λέγων
1297 331 1347 357 οὐκ
1362 331 1433 357 ἀνίει
1451 332 1498 358 καὶ
1512 332 1590 364 αὖθις
1605 334 1724 368 πέμπων

932 384 962 403 τε
976 376 1106 411 δυνάμεις
1134 377 1339 411 ἀγωνιουμὲνας
1362 379 1409 403 καὶ
1423 377 1457 404 τὰ
1483 378 1552 412 πρὸς
1569 379 1724 415 καταϐολὴν

933 423 1042 458 Μαρίας
1057 422 1341 456 κατασκευαζόμενος.
1366 423 1394 449 ὐ
1409 424 1501 450 τοίνυν
1511 425 1639 459 Λαχανᾶς
1654 427 1723 460 πρὸς

931 469 981 500 τὰς
998 469 1047 503 τῆς
1058 470 1186 502 γυναικ³ς
1200 469 1314 504 θρύψεις
1334 470 1380 496 καὶ
1393 471 1534 505 ἀπήχθετο
1551 472 1598 497 καὶ
1617 471 1722 506 βαρϐα-

933 514 1016 550 ρικῶς
1029 514 1108 549 ἤθελε
1127 514 1232 549 διαξῇν,
1257 516 1321 546 τοὺς
1333 515 1401 549 ἀμφ’
1419 516 1501 542 αὐτὴν
1516 517 1564 542 καὶ
1577 516 1637 542 λίαν
1654 517 1722 542 ὑπο-

933 559 1112 595 ποιούμενος·
1130 559 1202 593 ἔγνω
1226 560 1281 595 γὰρ
1295 560 1491 595 ἀμφοτέρωθεν
1509 562 1722 597 ὲξαρτυομένο-,ις

932 605 1068 640 πολέμους
1091 606 1139 631 καὶ
1167 605 1217 636 τὰς
1242 605 1370 640 βλακείας
1399 606 1483 641 μηδὲν
1510 608 1570 639 οἵας
1585 616 1614 634 τε
1637 607 1722 640 οἴνοις

931 650 1109 682 κατευνάζειν
1134 651 1197 682 τοὺς
1217 652 1249 678 ὲκ
1263 652 1317 678 τῶν
1340 651 1468 687 πολέμων
1483 653 1633 685 κινδύνους,
1649 648 1721 681 ὥστε

931 696 980 723 καὶ
998 697 1130 729 πολλάκις
1148 697 1216 733 πρὸς
1231 698 1339 733 ικείνην
1361 699 1614 733 ὃιαφιλονεικοῦντα
1635 701 1722 727 ἐντεί-

931 751 987 768 νειν
1004 742 1122 778 πληγάς.
1147 744 1231 775 Αὐτὸς
1245 744 1274 770 δὲ
1287 745 1406 780 κρείττω
1422 745 1513 780 πάσης
1543 746 1670 781 ἀσχολίας
1687 748 1722 774 τὰ

930 788 1024 823 κύκλῳ
1043 790 1260 824 συνανιστάμενα
1287 790 1391 825 κρίνων
1422 791 1579 818 ὑπεποιεῖτό
1599 801 1629 819 τε
1657 793 1721 824 τοὺς

930 835 1064 869 ἄρχοντας
1079 835 1133 861 τῶν
1154 836 1328 872 Βουλγάρων,
1345 837 1392 863 καὶ
1413 839 1481 873 πρὸς
1497 839 1632 872 πολέμους
1646 840 1721 874 ἡτοι-

896 882 914 908 B
930 881 1032 914 μάζετο
1046 882 1109 912 τοὺς
1120 881 1180 908 κατ’
1196 882 1292 917 ἄμφω.
1309 883 1376 910 Οὐδὲ
1396 884 1451 919 γὰρ
1463 882 1497 920 ἦν
1511 884 1572 911 οὗτε
1589 885 1722 920 Τοχάροις

925 926 969 953 διὰ
983 927 1017 952 τὰ
1031 927 1190 963 πραχθέντα
1206 928 1369 956 σπίνδεσθαι
1381 930 1442 957 οὔτε
1452 932 1514 963 τοὺς
1525 931 1573 958 τοῦ
1585 932 1719 967 βασιλέως

925 972 1053 999 ὁπωσοῦν
1068 974 1200 1009 ὰναρτᾷν.
1219 975 1269 1002 Διὰ
1288 975 1364 1002 τοῦτο
1379 975 1442 1003 καθ’
1457 976 1518 1003 ὅσον
1533 977 1625 1012 ἴσχυεν
1642 978 1719 1005 ἀντι-

925 1061 1088 1098 dignitatem
1103 1071 1134 1090 ac
1149 1071 1247 1091 nomen
1260 1065 1365 1100 regium
1383 1065 1518 1100 perditum
1533 1066 1646 1099 ivisset;
1663 1073 1721 1101 quo

925 1108 986 1144 ipso
1019 1116 1080 1136 mox
1103 1110 1246 1144 privanda,
1276 1118 1394 1138 sensura
1419 1116 1494 1139 esset
1531 1112 1666 1139 inutiliter
1689 1119 1719 1139 se

925 1161 1065 1189 peccasse,
1083 1155 1147 1182 dum
1165 1156 1190 1182 id
1207 1156 1297 1183 scelus
1314 1164 1362 1191 spe
1387 1161 1445 1184 tuto
1463 1159 1594 1194 regnandi
1612 1157 1720 1185 consei-

925 1201 1006 1228 verit.
1035 1199 1102 1228 Nam
1128 1209 1243 1236 regnum
1265 1202 1337 1237 quod
1369 1203 1473 1230 homini
1501 1204 1575 1231 nulla
1607 1212 1634 1231 re
1662 1204 1718 1231 nisi

926 1247 997 1274 mala
1016 1246 1099 1282 digno
1115 1248 1275 1282 turpissime
1290 1249 1458 1281 tradidisset,
1478 1249 1530 1284 ipsi
1542 1257 1602 1277 mox
1620 1256 1717 1278 extor-

925 1295 1062 1328 quendum
1080 1301 1093 1320 a
1104 1293 1249 1326 Toelraris,
1263 1302 1379 1328 quorum
1390 1296 1519 1329 potentiae
1533 1297 1716 1331 irruptionem

925 1339 952 1366 in
979 1339 1135 1374 Bulgariam
1172 1340 1329 1374 parantiutn
1354 1340 1422 1367 nihil
1456 1347 1550 1376 posset
1574 1342 1718 1370 Laelianas

925 1393 1062 1420 opponere
1090 1387 1163 1420 quod
1189 1394 1238 1420 par
1271 1386 1428 1414 resistendo
1457 1387 1536 1415 foret.
1575 1389 1717 1416 Tocharos

925 1437 1028 1466 autem,
1043 1436 1073 1459 ut
1093 1440 1203 1460 mOvere
1216 1433 1421 1468 quamprimum
1435 1433 1463 1460 in
1489 1433 1644 1461 Laclranam
1661 1443 1717 1462 non

926 1478 1096 1510 omitterent,
1120 1478 1179 1506 dna:
1197 1487 1286 1506 causa:
1311 1479 1463 1506 incitabant
1488 1489 1495 1507 :
1519 1481 1618 1507 etenim
1642 1483 1717 1516 quod

916 1531 974 1550 eos
990 1524 1064 1558 prior
1089 1523 1135 1551 ille
1152 1523 1338 1552 laeeSSivisset
1362 1532 1458 1552 eorum
1486 1526 1580 1560 copias
1596 1528 1716 1560 cmdens,

927 1570 1076 1597 ulciscendi
1093 1571 1198 1597 hostem
1213 1576 1336 1605 apertum
1357 1572 1520 1599 neceSsitate
1534 1572 1567 1599 ad
1583 1580 1644 1599 catn
1661 1581 1715 1600 ex—

924 1615 1090 1650 peditionem
1108 1615 1336 1651 itttpciicballlur;
1351 1622 1378 1644 et
1391 1618 1430 1644 rei
1449 1618 1483 1645 ad
1508 1619 1533 1645 id
1557 1619 1715 1646 audendum

924 1660 1057 1689 facilitate
1069 1662 1267 1695 incitahautur,
1283 1663 1356 1698 qrtod
1366 1663 1521 1691 Lachnnam
1540 1673 1601 1692 esse
1611 1665 1716 1693 scirent

923 1706 1063 1734 hominem
1090 1707 1181 1741 nilri‘i,
1207 1715 1322 1735 exosum
1350 1713 1377 1736 ct
1399 1715 1521 1744 spretum
1548 1712 1632 1738 etiam
1657 1711 1716 1737 Suis

924 1752 1060 1788 Bu'garis.
1078 1753 1154 1780 Talia
1172 1754 1272 1788 passim
1291 1755 1362 1789 apud
1387 1754 1539 1783 familiares
1563 1756 1716 1791 imperator

922 1799 1074 1830 disserens,
1089 1807 1143 1826 non
1156 1800 1281 1827 cessabat
1292 1800 1402 1828 interim
1418 1802 1485 1828 alias
1497 1809 1579 1836 super
1596 1803 1666 1830 alias
1684 1803 1714 1831 in

923 1844 1076 1880 Bulgariam
1090 1845 1183 1880 copias
1191 1845 1309 1879 mittere,
1321 1854 1486 1881 omnemque
1497 1847 1644 1875 admovere
1655 1856 1715 1875 ma-

923 1891 1032 1919 chinam
1042 1891 1073 1918 ad
1082 1886 1261 1927 dejicicndam
1270 1901 1302 1920 eo
1309 1900 1394 1928 regno
1401 1893 1523 1921 Mariam.
1532 1895 1562 1921 At
1570 1894 1716 1924 Laelianas

923 1937 977 1964 cito
995 1941 1125 1972 pertaesus
1140 1939 1207 1974 regii
1232 1938 1313 1966 luxus
1338 1944 1365 1967 et
1382 1940 1542 1968 deliciarum
1557 1942 1662 1980 uxoris,
1678 1943 1715 1970 iis

922 1992 984 2011 cum
1011 1985 1154 2012 stomacho
1186 1986 1307 2020 rejectis,
1338 1986 1509 2014 immundam
1536 1987 1712 2022 illattmtnque

923 2030 1058 2057 barbarici
1079 2030 1160 2063 ritus,
1173 2031 1216 2058 cui
1227 2031 1331 2059 dudum
1346 2032 1513 2065 insueverat,
1527 2034 1589 2061 vitae
1605 2033 1711 2067 ferina',

922 2076 1003 2112 445
1022 2077 1154 2104 rationem
1167 2078 1327 2112 usnrpabat,
1354 2077 1406 2105 hoc
1420 2079 1508 2113 ipsum
1525 2079 1649 2107 videlicet
1664 2088 1711 2107 aes-

923 2124 1024 2149 timans
1039 2122 1105 2149 utile
1125 2122 1300 2150 demerendis
1325 2124 1378 2150 sibi
1402 2123 1577 2152 familiarium
1595 2133 1708 2152 suntutn

922 2167 1066 2195 aﬂ‘cctzbus
1089 2172 1116 2195 et
1130 2168 1238 2200 studiis,
1253 2176 1368 2203 quorntn
1393 2169 1498 2197 alenda:
1524 2171 1712 2205 augenquue

80 2215 226 2251 splendide
258 2214 427 2246 celebratur,
470 2213 620 2241 acclamata
653 2214 744 2241 denuo
775 2214 868 2249 regina
885 2221 908 2249 ι)
923 2214 949 2241 in
971 2221 1032 2242 sese
1058 2214 1250 2242 hcnevolentiaa
1281 2220 1380 2242 cuncta
1402 2223 1462 2250 qua:
1477 2217 1510 2242 ad
1531 2215 1557 2242 id
1582 2216 1653 2243 conf.
1667 2224 1712 2244 trc

81 2262 216 2298 Bulgarize
229 2260 315 2288 Maria
331 2267 403 2288 novo
419 2260 498 2287 titulo
519 2261 614 2288 uxoris
630 2259 766 2288 Lachame
781 2261 867 2294 regis.

81 2309 128 2336 Sic
144 2308 190 2335 illa
201 2315 230 2335 se
247 2314 424 2342 comparasse
439 2313 550 2341 gravem
567 2306 755 2334 adversariqu
785 2307 871 2342 impe-

79 2356 164 2383 ratori
178 2354 314 2382 avunculo
328 2353 451 2388 putabat.
468 2353 528 2386 Quo
540 2360 595 2380 non
611 2360 721 2387 parvam
735 2355 759 2380 ei
775 2361 869 2381 revera

78 2410 129 2429 nec
146 2409 243 2436 parum
273 2400 418 2427 molestam
437 2399 537 2433 adjecit
570 2407 678 2426 curantr.
706 2399 868 2434 Quanquam

77 2449 124 2475 ille
150 2447 261 2482 quidem
297 2446 387 2473 audita
422 2450 533 2479 repente
568 2445 606 2472 rei
634 2444 719 2478 fama,
740 2445 870 2472 dissimu-

75 2494 178 2521 latione
204 2499 234 2520 se
262 2492 343 2520 solita
375 2491 528 2523 involvens,
561 2491 709 2525 diligenter
739 2492 812 2518 cavit
834 2498 868 2519 ne

76 2547 188 2568 causam
226 2538 340 2575 doloris,
364 2545 420 2572 quo
449 2537 546 2564 intime
574 2537 716 2569 urebatur,
734 2537 867 2564 veriorem

76 2587 301 2622 praecipuamque
320 2584 458 2620 proderet,
484 2583 557 2618 quod
580 2583 712 2610 nimirum
732 2584 868 2611 excidisse

74 2640 104 2659 se
116 2631 189 2659 votis
201 2636 225 2657 ct
251 2631 421 2658 interversas
445 2629 496 2656 sibi
522 2636 584 2664 spes
612 2629 735 2663 proxime
752 2629 809 2664 jam
833 2629 866 2656 ad

73 2681 179 2708 exitum
193 2680 341 2715 perductas
360 2682 497 2705 cerneret.
513 2676 669 2704 Ostentavit
682 2682 773 2704 autem
787 2677 867 2712 plau-

73 2727 213 2755 sibiliOres
229 2725 297 2752 alias
308 2725 341 2752 de
356 2724 428 2751 facto
445 2723 500 2750 isto
516 2723 626 2750 dolendi
643 2723 774 2756 rationes,
795 2721 866 2750 infa-

73 2773 156 2800 miam
173 2772 300 2799 videlicet
313 2779 396 2806 quam
410 2770 456 2798 illa
469 2769 564 2797 infelix
583 2769 643 2797 istis
657 2774 730 2797 esset
752 2769 865 2805 ﬂagitiis

72 2819 222 2854 promerita
237 2817 395 2850 maximam,
421 2818 514 2852 generi
538 2823 570 2843 ac
596 2815 706 2843 familiae
733 2816 864 2851 probrum

71 2864 256 2893 lmrlissimum
287 2864 412 2892 inurens.
441 2862 529 2891 Simul
551 2867 641 2890 autem
668 2869 730 2890 cum
758 2862 864 2890 honore

921 2261 1082 2288 viderentur
1097 2262 1192 2288 sedulo
1218 2261 1375 2289 adhibebat.
1390 2261 1463 2289 Satis
1476 2261 1550 2289 enim
1575 2261 1709 2297 intellige—

920 2306 965 2333 bat
981 2311 1113 2342 quantum
1136 2307 1269 2342 indigeret
1293 2315 1391 2334 eorum
1411 2315 1504 2342 opera,
1538 2308 1632 2343 utique
1644 2316 1709 2336 cum

919 2352 971 2379 sibi
985 2352 1084 2386 duplici
1101 2359 1133 2380 ex
1156 2357 1233 2387 parte
1258 2352 1366 2380 diversa
1392 2358 1418 2380 et
1433 2361 1531 2389 magna
1564 2355 1710 2382 imminere

919 2397 988 2424 bella
1001 2403 1134 2426 cerneret.
1149 2398 1208 2431 Qua
1225 2398 1282 2433 ipsa
1299 2406 1332 2426 ex
1346 2406 1428 2426 causa
1448 2399 1607 2426 muliebrem
1620 2400 1710 2427 victus

919 2443 1064 2483 cultusque
1078 2444 1217 2471 mollitiem
1234 2447 1380 2472 exercitum
1397 2445 1570 2480 oblatamque
1579 2446 1613 2473 ali
1622 2454 1710 2473 uxore

919 2491 1121 2517 contumaciter
1138 2490 1207 2517 adeo
1236 2491 1411 2526 reprobabat,
1428 2491 1538 2518 noxiam
1558 2491 1710 2520 criminans

918 2539 945 2562 et
958 2537 1121 2563 encrvauda:
1136 2540 1201 2563 tunc
1215 2536 1335 2564 maxirrre
1355 2537 1519 2564 necessaria:
1531 2537 1634 2564 bellica:
1655 2537 1709 2564 vir—

919 2583 968 2610 tuti
982 2583 1197 2616 accomodatam,
1209 2587 1239 2610 ιιι
1254 2591 1286 2610 eo
1302 2584 1412 2611 nomine
1425 2583 1536 2610 Mariam
1550 2591 1605 2610 non
1618 2584 1707 2610 solum

918 2629 1079 2664 plerumque
1097 2629 1254 2664 int-reparet
1263 2630 1368 2663 verbis,
1382 2631 1429 2658 sed
1447 2630 1608 2658 verberibus
1623 2634 1707 2657 etiam

917 2683 950 2703 ac
971 2675 1059 2710 plagis
1075 2675 1204 2703 miseram
1238 2676 1431 2708 contenderet,
1455 2676 1577 2703 intentus
1601 2676 1707 2703 interea

918 2729 995 2754 sane,
1008 2725 1089 2755 prout
1106 2728 1150 2748 res
1165 2721 1306 2756 poscebat,
1327 2721 1445 2748 solliette
1462 2721 1570 2749 cunctis
1589 2728 1638 2756 per
1652 2720 1706 2747 cir-

917 2769 1020 2796 cuitum
1034 2767 1165 2802 parandis
1176 2767 1210 2794 ad
1222 2768 1396 2802 excipiendos
1413 2767 1598 2803 ingruentium
1619 2767 1709 2794 utrin-

917 2822 970 2849 que
983 2815 1100 2848 impetus
1113 2814 1246 2842 hostium.
1261 2814 1348 2848 Quam
1364 2815 1398 2842 ad
1414 2823 1469 2842 rem
1483 2819 1541 2842 arte
1554 2821 1607 2850 qua
1635 2818 1708 2849 pote-

918 2866 960 2889 rat
974 2859 1093 2889 maxima
1119 2860 1235 2890 delinire
1259 2868 1291 2889 ac
1317 2861 1464 2889 conciliare
1490 2860 1541 2889 siti
1565 2860 1708 2896 satagebat
