1944 3067
79 133 129 164 9M

572 131 621 161 DE
640 130 837 161 MICHAELE
856 129 1090 160 PALEOLOGO
1110 129 1183 162 LIB.
1205 130 1256 162 VI.

1666 133 1719 164 (02

76 200 117 218 -ιοι
128 191 303 227 χαρίζεο-θαι.
314 191 409 225 Ὅμως
422 191 560 218 καὶτὰτοῦ
570 191 666 226 λέχους
676 191 813 227 προσίετο,
827 198 878 216 πε·
894 192 913 219 Α
930 188 998 220 ὅλως
1018 188 1065 215 καὶ
1080 188 1211 223 ὑποσχεῖν
1231 187 1334 214 ἐκεῖνον
1346 175 1527 224 ἐτᾷϐρίσασαν
1545 188 1576 215 ἐκ
1588 189 1719 225 Τοχάρων

80 237 174 271 vapth
184 237 256 270 ἄγαν
267 235 313 263 καὶ
323 235 437 270 βαθέως,
446 236 495 271 οὐχ
502 235 539 268 ὦς
550 244 592 268 τις
607 236 641 263 ἃν
649 237 721 263 εἴποι
729 235 876 270 φιλογύνης

74 285 126 311 καὶ
140 284 188 318 τῆς
204 283 427 317 γυναικωνίτιδος
439 283 557 318 ἐραστής
568 291 576 298 ·
589 282 680 318 τὸγὰρ
691 281 877 316 μαλάττειντὰ

75 329 130 365 ἤθη
147 329 202 355 τῶν
217 329 369 363 δεξομένων
389 329 438 355 καὶ
460 329 522 355 λίαν
543 328 581 360 ὡς
606 327 874 363 καταφρονησόιτων

76 376 180 402 αὐτίκα
195 375 402 409 διεφυλάττετο,
419 375 504 402 ἄλλω
519 374 546 401 δὲ
561 375 622 401 κατ’
643 375 755 409 εἰρήνην
769 372 874 399 καὶτοῦ

77 422 117 457 μὴ
131 421 245 457 χέεσθαι
261 421 403 456 ἐμφυλίοις
426 421 557 455 πολέμοις
581 421 686 454 αἵματα
702 419 873 453 κατεδέχετο,

76 469 114 500 ὡς
131 468 213 504 χάριν
225 468 325 499 διδοὺς,
347 468 378 494 οὗ
395 467 557 501 λαμϐάνων.
575 466 687 501 Ὀρκων
701 465 747 492 οὖν
760 465 875 500 γενομέο

77 523 133 542 νων
147 515 195 541 καὶ
208 514 351 548 συνθηκῶν
363 513 393 546 ἐξ
407 513 546 548 ἑκατέρων
562 513 742 546 ὑπακοξγνυσί
755 521 784 538 τε
799 511 875 546 αὖτῷ

76 560 129 592 τὰς
158 559 257 592 πύλας,
291 560 339 586 καὶ
363 560 437 590 ἐντὸς
471 559 608 594 δεξαμένη
632 559 706 585 τελεῖ
724 559 808 593 ἑαυτῇ
825 558 875 584 σὺν

76 606 177 639 ἐκείνῳ
196 605 260 637 τοὺς
283 605 403 640 γάμους,
428 605 476 632 καὶ
492 605 543 637 τὰς
560 604 718 636 ταινιώεεις
730 604 779 639 τῆς
800 603 876 639 βασι-

76 651 153 682 λείας
171 652 220 678 καὶ
231 649 309 682 αὖθις
327 651 435 685 σύναμα
451 650 686 686 δέχονται,καίγε
697 651 874 684 παρασκευά-

76 697 121 729 ζει
135 696 174 732 τῷ
191 696 296 732 βασιλεῖ
320 697 481 728 ἀντίπαλον,
508 697 545 728 ὡς
561 696 641 733 ᾤετο,
668 697 772 724 ίκανόν.
788 696 876 723 Τοῦτο

78 742 189 777 συμϐάν
205 750 235 772 τε
252 743 298 769 καὶ
314 743 450 769 ἁκουσθὲν
465 742 512 769 τὸν
538 742 651 777 βασιλέα
666 742 812 778 αὐτάρκως
829 742 875 768 καὶ

76 787 114 819 ὡς
130 787 194 822 ινῆν
207 787 380 822 διετάραξεν,
395 787 562 822 ὑπεκρίνετό
572 795 602 814 τι
617 787 746 819 κάκεῖνος
757 786 796 822 μὴ
808 787 874 812 ἀοι)-

79 833 141 866 μεῖν
166 832 354 867 σφαλλόμενος
382 833 438 859 τῶν
456 833 586 867 ἐλπίδων,
607 833 676 860 ἀλλὰ
701 833 811 866 στυγεῖν
834 831 873 868 τῷ

78 878 146 913 παρ’
165 878 247 911 ἀξίαν
271 878 382 914 ἐκείνης
407 879 575 914 πταίσματι,
599 878 670 905 ὥστε
684 879 733 905 καὶ
750 879 782 905 τὸ
794 878 871 912 γένος

77 924 260 960 καταισχῦναι
279 925 326 952 καὶ
352 925 404 961 τὴν
420 926 509 961 ἀρχὴν
525 924 745 961 προσαπολλύναι
759 924 798 960 τῷ
815 933 869 960 μη-

77 969 154 1002 δενὸς
179 970 263 1006 ἁξίῳ-
278 972 542 1006 κατεγχειρίσασαν·
568 971 636 1007 μηδὲ
664 970 720 1007 γὰρ
745 971 868 1004 ἀνθέξειν

78 1064 170 1088 metus
186 1065 311 1088 cunctart
339 1067 392 1087 non
412 1059 530 1095 sinebat)
562 1061 648 1088 mittit
664 1060 697 1088 ad
716 1060 867 1088 Barbarum

78 1106 125 1140 qui
142 1113 208 1134 suas
226 1106 266 1133 illi
297 1106 408 1141 nuptias
436 1114 500 1133 cum
515 1106 600 1134 dotali
619 1106 751 1134 oll'errcnt
771 1114 866 1141 regno.

77 1152 119 1180 Ad
135 1160 166 1180 ea
183 1152 228 1180 ille
253 1152 372 1187 ptitttutn
389 1153 602 1187 aspernabumlo
619 1153 717 1180 similis
731 1152 794 1180 talis
823 1152 867 1179 in-

79 1204 216 1234 terpretes
232 1199 343 1227 faueris
358 1199 538 1234 superciliose
559 1200 719 1234 repellebat,
737 1199 869 1226 cavillans

79 1245 196 1273 ridicule
209 1245 300 1272 offerri
317 1246 389 1280 quod
418 1245 516 1279 majori
539 1253 570 1272 ex
588 1251 665 1279 parte
681 1245 736 1280 jam
753 1249 867 1276 teneret.

78 1291 231 1325 gratiaeque
261 1290 394 1325 itnputari
425 1291 527 1325 reginte
557 1290 703 1325 qua-situm
733 1290 789 1325 jam
816 1290 868 1318 sibi

78 1336 164 1364 armis
182 1336 364 1371 victoriisque
380 1336 576 1371 principatum.
608 1335 710 1362 Tamen
736 1343 770 1363 ne
783 1336 869 1363 durus

78 1381 164 1409 nimis
192 1382 323 1416 ferusque
349 1382 498 1414 videretur,
528 1381 640 1416 nuptias
658 1381 720 1409 talis
751 1381 869 1409 fantium

77 1427 200 1458 admisit,
218 1431 308 1454 astute
319 1427 345 1454 id
360 1427 447 1462 ipsum
460 1433 562 1459 tamen,
573 1427 653 1462 quasi
671 1427 766 1454 «lian
781 1427 869 1455 indul-

79 1474 170 1509 gendo
187 1474 333 1507 voluntati,
350 1482 404 1501 non
423 1474 537 1509 propriae
560 1474 734 1508 obsequendo
752 1474 868 1507 libidini,

78 1529 215 1554 annuens,
227 1522 319 1556 inquo
333 1525 394 1548 erat
413 1520 575 1555 profuttdior
587 1521 777 1555 rjusqnmdam
787 1529 867 1556 quant

77 1567 113 1595 ab
129 1568 240 1595 ltominc
258 1569 296 1595 sic
313 1573 377 1595 nato
392 1575 519 1603 sperares
546 1567 701 1602 prudentia.
720 1566 866 1594 Vitatntam

77 1615 151 1643 enim
173 1619 247 1642 recte
280 1614 385 1649 putavit
412 1618 599 1648 crntcmptum
632 1613 684 1648 ipsi
719 1614 866 1648 parituram

78 1659 152 1695 apud
179 1667 245 1686 suos
277 1659 434 1694 opinionem
455 1658 545 1686 uxorii
576 1659 645 1686 etin
664 1658 818 1694 voluptates
834 1668 866 1687 ex

77 1705 173 1733 beliica
187 1704 288 1731 ferocia
305 1703 422 1731 emolliri
441 1703 529 1731 facilis
543 1703 605 1730 viri.
624 1702 695 1736 Quin
714 1708 741 1730 et
770 1704 869 1730 huma-

76 1751 173 1779 nitatis
187 1751 287 1778 famam
311 1757 452 1784 aucupans
469 1750 572 1777 moveri
590 1757 646 1784 pra:
660 1757 690 1777 se
705 1749 768 1777 tttlit
783 1751 867 1777 mise-

77 1797 186 1824 ratione
202 1795 335 1823 fundeudi
355 1795 457 1826 civilis,
483 1795 506 1822 si
523 1802 577 1830 qua
594 1799 716 1829 coeperat
733 1795 866 1827 tenderet,

76 1842 233 1877 sanguinis.
247 1840 287 1868 Ad
304 1846 458 1868 extremum
486 1848 517 1868 ea
550 1840 695 1868 verborum
721 1841 867 1876 vultusque

75 1888 210 1924 gravitate
224 1895 276 1922 qua
290 1895 344 1914 non
357 1888 482 1921 aeripere
497 1887 586 1921 ipsum
601 1887 750 1922 quidquam
761 1888 865 1923 gratiae,

75 1934 124 1961 sed
146 1933 274 1961 bent-ﬁci
303 1933 364 1960 loco
389 1934 509 1960 tribuere
535 1940 564 1960 se
596 1933 776 1967 significaret,
805 1941 867 1968 quas

75 1980 263 2008 offerebantur
277 1979 393 2014 accepit.
403 1978 572 2006 Scribuntur
586 1986 648 2006 mox
659 1979 866 2013 conventiones,

75 2026 162 2063 ΑΜ
189 2031 268 2061 pacta
296 2025 477 2060 jurejuranth
503 2025 633 2060 utrinque
654 2025 718 2052 dato
739 2026 867 2052 muniun-

75 2079 132 2102 tur.
155 2072 211 2101 Nec
220 2072 303 2100 Maria
318 2075 422 2099 moram
437 2072 501 2100 fecit
512 2071 721 2107 aperiendarum
733 2071 867 2100 Laelianas

75 2125 218 2155 portarum
249 2119 380 2152 Tcrnobi,
412 2126 498 2153 suque
524 2118 576 2153 ipsi
590 2119 695 2153 nuptiis
722 2117 865 2153 iungendi.

74 2165 270 2194 Coronationis
293 2165 357 2192 inde
382 2171 515 2191 umorum
537 2164 684 2199 conjttgum
703 2164 864 2191 caetemonia

928 234 1055 270 δύναμιν,
1073 235 1106 270 ἣν
1126 234 1201 263 εἰκὸς
1217 235 1420 267 ὲπεισπίπτειν,
1437 235 1494 270 ἅμα
1507 235 1557 270 μὲν
1568 236 1605 268 ὡς
1618 236 1718 273 ἐχθρὸν

928 280 1066 315 προφανῆ,
1085 280 1144 314 ἅμα
1159 280 1188 306 δὲ
1214 280 1260 306 καὶ
1281 279 1358 315 παρὰ
1373 280 1427 307 τῶν
1451 281 1561 307 οἰκείων
1577 290 1717 318 καταφρο-

927 326 1068 360 νούμενον.
1085 325 1179 352 Ταῦτα
1192 325 1279 360 λέγων
1291 327 1341 352 οὐκ
1356 326 1428 353 ἀνίει
1445 327 1492 353 καὶ
1506 327 1584 359 αὖθις
1599 329 1718 362 πέμπων

926 380 956 398 τε
971 371 1101 406 δυνάμεις
1129 372 1334 407 ἁγωνιουμὲνας
1356 373 1403 398 καὶ
1418 372 1451 398 τὰ
1478 373 1546 408 πρὸς
1563 375 1718 410 καταδολὴν

927 418 1036 453 Μαρίας
1052 417 1336 451 κατασκευαζόμενος.
1360 418 1388 444 ὐ
1403 419 1495 445 τοίνυν
1505 421 1633 454 (laxavi;
1648 422 1717 454 πρὸς

925 465 975 495 τὰς
992 465 1041 498 τῆς
1052 465 1180 498 γυναικ³ς
1194 464 1308 499 epod/at;
1329 466 1375 491 καὶ
1387 466 1528 500 ἀπήχθετο
1545 467 1593 492 καὶ
1611 466 1716 501 βαρϐι-

927 510 1010 545 ρικῶς
1023 509 1102 544 ἤθελε
1122 510 1227 545 διαζῆν,
1252 511 1315 541 τοὺς
1327 510 1395 544 ἀμφ’
1414 511 1495 537 αὐτὴν
1511 512 1557 537 καὶ
1571 511 1631 537 λὶαν
1649 513 1716 537 ὑπο-

927 555 1089 590 ποιούμενος
1100 564 1107 572 ·
1125 555 1196 589 ἔγνω
1220 556 1275 590 γὰρ
1289 555 1485 590 ἀμφοτέρωθεν
1503 557 1716 592 ὲξαρτυομένους

926 601 1062 635 πολέμους
1086 602 1133 627 καὶ
1162 600 1211 632 τὰς
1236 600 1365 635 βλακείας
1393 601 1477 636 μηδὲν
1504 603 1564 634 οἵας
1579 611 1608 629 τε
1631 602 1716 635 οὔσας

926 646 1104 678 κατευνάζειν
1129 647 1192 678 τοὺς
1211 647 1243 673 ἐκ
1257 647 1312 673 τῶν
1335 647 1462 682 πολέμων
1477 649 1627 681 κινδύνους,
1644 643 1716 676 ὥστε

925 692 974 718 καὶ
993 692 1124 724 πολλάκις
1143 693 1210 728 πρὸς
1225 693 1333 728 ὲκείνην
1355 694 1608 728 διαφιλονεικοῦντα
1629 696 1716 722 ἐντεί-

925 747 982 764 νειν
998 737 1117 773 πληγάς.
1142 739 1225 771 Aine;
1240 739 1267 766 δὲ
1281 739 1400 775 κρείττω
1416 741 1508 776 πάσης
1537 741 1665 776 ἀσχολίας
1681 743 1716 769 τὰ

925 784 1018 818 κύκλῳ
1037 786 1254 820 συνανιοτάμενα
1281 785 1386 820 κρίνων
1417 787 1573 813 ὕπεποιεῖτό
1593 796 1623 814 τε
1651 788 1715 819 τοὺς

925 831 1059 865 ἄρχοντας
1073 830 1128 857 τῶν
1149 831 1322 867 Μυλγὰρων,
1340 831 1387 859 καὶ
1407 834 1475 868 πρὺς
1492 834 1626 867 πολέμους
1641 835 1716 869 ἡτοι-

891 877 908 904 ll
925 876 1026 910 μάςετο
1040 878 1103 907 τοὺς
1115 877 1175 903 κατ’
1190 877 1286 912 ἄμφω.
1303 879 1371 905 Οὐδὲ
1391 879 1445 914 γὰρ
1458 877 1491 914 ἦν
1506 879 1567 906 οὔτε
1583 880 1717 915 Τοχάροις

920 922 964 948 διὰ
977 922 1012 948 τὰ
1026 923 1184 958 πραχθέντα
1200 924 1363 952 σπένδεσθαι
1376 925 1437 952 οὔτε
1447 927 1509 958 τοὺς
1520 927 1568 953 τοῦ
1579 927 1714 962 βασιλέως

920 967 1047 995 ὁπωσοῦν
1063 969 1195 1005 ἀναρτᾷν.
1213 970 1263 997 Διὰ
1283 970 1359 997 τοῦτο
1374 971 1436 998 καθ’
1451 971 1512 998 ὅσον
1527 972 1620 1008 ἴσχυεν
1637 973 1714 1000 ἀντι-

920 1057 1083 1094 dignitatem
1097 1066 1128 1086 ne
1144 1067 1242 1086 nomen
1254 1060 1360 1094 regium
1377 1061 1512 1095 perditum
1528 1061 1641 1094 ivisset;
1658 1068 1716 1096 quo

919 1104 981 1139 ipso
1013 1112 1074 1132 mox
1097 1105 1241 1140 privanda,
1271 1113 1388 1133 sensura
1413 1111 1489 1134 esset
1525 1107 1661 1134 inutiliter
1684 1114 1714 1134 se

920 1157 1060 1185 peccasse,
1077 1150 1141 1177 dum
1159 1151 1184 1177 id
1202 1151 1292 1179 scelus
1309 1159 1357 1186 spe
1381 1157 1439 1179 tutu
1458 1153 1589 1188 regnandi
1607 1152 1715 1181 consci-

920 1196 1001 1223 verit.
1029 1195 1097 1223 Nam
1123 1204 1237 1231 regnum
1259 1198 1332 1232 quod
1364 1198 1468 1226 homini
1496 1199 1570 1226 nulla
1601 1207 1629 1226 re
1657 1199 1712 1226 nisi

920 1243 992 1269 mala
1010 1242 1093 1277 digno
1109 1243 1270 1277 turpissime
1285 1244 1454 1276 tradidisset,
1473 1245 1525 1279 ipsi
1537 1253 1597 1272 mox
1615 1252 1712 1273 extor-

919 1290 1057 1324 quendum
1074 1297 1088 1316 a
1098 1289 1244 1322 Tocharis,
1258 1297 1374 1324 quorum
1385 1291 1514 1324 potentia:
1528 1292 1711 1326 irtuptiouetu

920 1335 947 1361 itt
974 1335 1130 1369 Bulgariam
1167 1335 1323 1370 parantintn
1349 1336 1417 1363 nihil
1450 1342 1545 1371 possct
1569 1337 1713 1365 Laelianas

920 1388 1057 1416 opponere
1084 1383 1158 1415 quod
1185 1389 1233 1416 par
1266 1381 1423 1409 resistendo
1452 1382 1532 1410 foret.
1570 1384 1712 1411 'l'ocltaros

920 1433 1023 1461 autem,
1038 1432 1067 1455 ut
1088 1435 1198 1455 morere
1211 1428 1416 1463 quamprimum
1430 1429 1457 1456 in
1484 1428 1640 1456 Lachanam
1656 1438 1711 1457 non

921 1473 1090 1505 omitterent,
1114 1473 1174 1501 dna:
1191 1482 1281 1501 causae
1306 1474 1458 1502 incitabant
1483 1484 1490 1502 :
1514 1476 1613 1503 etenim
1637 1478 1712 1512 quod

921 1526 968 1546 eos
985 1519 1059 1553 prior
1084 1519 1129 1546 ille
1147 1519 1333 1547 lacessivisset
1357 1528 1453 1547 eorttm
1481 1521 1575 1556 copias
1591 1523 1711 1555 credens,

922 1566 1071 1592 ulcisreudi
1088 1566 1193 1592 hostem
1209 1571 1332 1600 apertum
1352 1567 1515 1594 neCessitate
1530 1567 1562 1594 ad
1578 1575 1639 1594 eam
1656 1576 1710 1595 ex—

919 1611 1085 1645 peditionem
1103 1611 1331 1646 impelle-bantur;
1346 1617 1373 1639 et
1386 1613 1424 1639 rei
1444 1613 1478 1640 ad
1503 1614 1528 1640 id
1552 1614 1710 1641 audendum

919 1656 1052 1684 facilitate
1064 1657 1262 1690 incitabantur,
1278 1658 1351 1693 quod
1361 1658 1516 1686 Lachanam
1535 1668 1596 1688 esse
1607 1660 1710 1688 scirent

918 1701 1058 1729 hominem
1085 1703 1176 1736 nihi'i,
1202 1711 1317 1730 exosum
1345 1709 1372 1731 et
1394 1710 1515 1740 spretum
1544 1707 1627 1733 etiam
1652 1706 1711 1732 svis

919 1747 1056 1783 Bu'garis.
1073 1748 1149 1775 Talia
1167 1749 1268 1783 passim
1286 1750 1357 1784 apud
1382 1749 1534 1778 familiares
1558 1751 1711 1786 imperator

917 1794 1070 1826 disserens,
1085 1802 1138 1821 non
1150 1795 1276 1822 cessabat
1287 1795 1397 1823 interitn
1412 1797 1480 1823 alias
1492 1804 1574 1832 super
1591 1798 1661 1825 alias
1679 1798 1709 1826 in

918 1840 1071 1876 Bttlgariam
1085 1840 1304 1875 copiasmittere,
1316 1849 1481 1876 omnemque
1491 1842 1639 1870 admovere
1650 1851 1710 1871 ma-

918 1887 1027 1914 chinam
1037 1887 1069 1914 ad
1077 1887 1256 1922 dejiciendatu
1264 1896 1297 1915 eo
1305 1896 1389 1923 regno
1396 1888 1518 1916 Mariam.
1527 1890 1557 1916 At
1565 1889 1711 1920 Lachanas

917 1933 972 1960 cito
990 1936 1120 1968 pertaesus
1135 1934 1202 1969 regii
1227 1933 1308 1962 luxus
1333 1939 1361 1962 et
1378 1935 1537 1963 deliciarum
1552 1937 1657 1975 uxoris,
1673 1938 1710 1965 iis

917 1988 980 2007 cum
1006 1980 1149 2007 stomacho
1181 1981 1303 2016 rejectis,
1333 1981 1504 2010 immundam
1530 1983 1707 2018 ἰίιιιιιιειιωμιο

918 2025 1053 2053 barbarici
1075 2026 1155 2059 ritus,
1168 2027 1211 2053 cui
1222 2026 1326 2054 dudutn
1341 2028 1508 2060 insueverat,
1522 2029 1584 2056 vita:
1601 2029 1707 2062 feritur,

918 2072 999 2108 445
1017 2072 1150 2100 ratiOnetn
1163 2073 1322 2107 usurpabat,
1350 2073 1401 2100 ltoe
1415 2075 1503 2108 ipsum
1521 2074 1645 2102 videlicet
1659 2083 1706 2102 :l‘S-

918 2120 1020 2145 tintans
1034 2117 1100 2145 utile
1121 2118 1294 2146 demetendis
1320 2119 1372 2146 sibi
1398 2119 1572 2147 familiarium
1590 2128 1704 2148 suetum

917 2164 1061 2191 affectibus
1084 2167 1112 2190 et
1125 2163 1234 2195 studiis,
1248 2171 1362 2198 quorntn
1388 2164 1493 2192 alenda:
1519 2166 1707 2200 attgentltetwe

75 2211 221 2247 splendide
254 2210 422 2242 celebratur,
465 2209 615 2237 acclamata
648 2209 739 2237 denuo
770 2210 863 2245 regina
880 2217 903 2245 ι)
918 2209 944 2237 itt
966 2217 1028 2237 sese
1053 2210 1246 2237 benevolentiae
1276 2215 1374 2238 cuncta
1397 2219 1457 2246 qua:
1472 2212 1505 2238 ad
1526 2211 1552 2238 id
1577 2211 1707 2239 conftre

75 2258 211 2294 Bulgaria:
225 2256 310 2284 Maria
326 2263 398 2284 novo
414 2256 494 2283 titulo
514 2257 609 2284 uxoris
625 2255 761 2284 Lachanae
777 2257 862 2290 regis.

76 2305 123 2332 Sic
139 2303 186 2331 illa
197 2310 225 2331 se
241 2309 420 2338 comparasse
434 2309 545 2337 gravem
562 2302 750 2329 adversarium
780 2303 866 2337 impe-

74 2352 160 2379 ratori
174 2350 309 2378 avunculo
323 2349 446 2384 putabat.
463 2349 523 2381 Quo
535 2356 590 2375 non
605 2356 716 2383 parvam
730 2351 754 2376 ei
769 2356 865 2376 revera

73 2406 124 2425 nec
141 2405 238 2432 parum
269 2396 414 2423 molestam
432 2395 532 2428 adjecit
565 2402 673 2422 curam.
701 2395 863 2430 Quanquam

72 2445 119 2471 ille
145 2443 256 2478 quidem
292 2441 382 2469 audita
417 2445 528 2475 repente
563 2441 601 2468 rei
629 2440 714 2473 fama,
736 2440 865 2468 ίίὶεδίιιιιιο

71 2490 174 2517 latione
199 2495 230 2516 se
257 2487 338 2515 solita
370 2487 523 2518 involvens,
557 2486 704 2521 diligenter
735 2487 807 2513 cavit
829 2494 864 2514 ne

70 2543 184 2564 causam
221 2534 335 2570 doloris,
359 2541 414 2568 qtto
444 2533 541 2559 intime
569 2533 712 2564 urebatur,
729 2533 862 2560 veriorem

71 2582 296 2617 prmciptlatuque
315 2580 453 2615 proderet,
479 2579 553 2614 quod
576 2579 708 2606 nitnirum
727 2579 864 2606 excidisse

69 2635 99 2655 se
111 2627 184 2654 votis
196 2632 220 2653 ct
246 2627 416 2653 iuterversas
440 2624 492 2652 sibi
517 2632 579 2659 spes
607 2625 730 2659 proxime
748 2624 804 2659 jam
829 2624 862 2651 ad

68 2677 175 2704 exitum
189 2676 337 2710 perductas
355 2677 492 2701 cerneret.
508 2671 664 2700 ostentavit
678 2677 769 2699 autem
783 2673 862 2707 plau-

67 2722 209 2751 sibiliores
224 2721 292 2748 alias
303 2721 337 2748 de
351 2720 423 2747 facto
440 2719 495 2746 isto
511 2718 622 2746 dolendi
639 2718 769 2752 rationes,
791 2717 862 2745 infa-

67 2769 152 2796 miam
169 2767 296 2795 videlicet
309 2775 391 2802 quam
406 2766 450 2794 illa
465 2765 559 2792 infelix
578 2765 638 2792 istis
653 2770 725 2792 esset
748 2764 861 2800 flagitiis

66 2815 218 2850 promerita
233 2813 390 2846 maximam,
417 2813 510 2848 generi
534 2819 566 2838 ac
592 2811 702 2839 familia:
729 2812 860 2846 probrum

66 2860 252 2888 ltetlissimum
283 2860 407 2888 inurens.
437 2857 524 2886 Simul
546 2863 636 2886 autent
663 2864 726 2885 cum
753 2857 860 2885 honore

916 2257 1077 2284 viderentur
1092 2257 1187 2284 sedulo
1213 2256 1370 2284 adhibebat.
1386 2256 1457 2284 Satis
1471 2256 1545 2284 cnitn
1570 2257 1704 2292 intellige-

914 2302 960 2329 bat
976 2307 1108 2337 quantum
1131 2302 1264 2337 indigeret
1289 2310 1386 2329 eorttm
1406 2310 1499 2338 opera,
1533 2303 1627 2338 utique
1639 2311 1704 2331 cum

915 2347 966 2374 sibi
980 2347 1079 2382 duplici
1096 2355 1128 2375 ex
1151 2352 1228 2382 parte
1253 2348 1361 2375 diversa
1387 2353 1414 2376 et
1429 2356 1526 2384 magna
1559 2350 1705 2377 imminere

915 2393 983 2420 bella
997 2398 1129 2421 cerneret.
1145 2393 1203 2427 Qua
1221 2393 1277 2429 ipsa
1294 2402 1327 2421 ex
1341 2402 1423 2421 causa
1443 2394 1602 2422 tnulicbrcm
1614 2395 1706 2422 victus

915 2439 1059 2478 cultusque
1073 2439 1212 2467 mollitiem
1229 2442 1376 2468 exercitam
1391 2440 1566 2475 oblatamque
1574 2441 1608 2468 ab
1618 2449 1705 2468 uxore

915 2486 1116 2513 contumaciter
1133 2486 1203 2513 adeo
1231 2486 1406 2522 reprobabat,
1423 2486 1533 2514 noxiam
1553 2487 1706 2514 criminans

914 2535 941 2557 et
953 2532 1116 2558 enervanda:
1131 2536 1196 2559 tunc
1210 2532 1330 2559 maxime
1350 2532 1514 2559 necessaria:
1526 2532 1629 2560 bellica:
1649 2532 1704 2559 vit-

915 2579 963 2606 tuti
978 2578 1193 2611 accomodatam,
1204 2583 1234 2606 ttt
1249 2586 1282 2606 eo
1297 2579 1408 2606 nomine
1420 2578 1531 2605 Mariam
1545 2586 1600 2605 non
1613 2579 1702 2605 solum

914 2624 1075 2660 plerumque
1092 2624 1248 2660 int-reparet
1258 2625 1362 2658 verbis,
1377 2626 1424 2652 sed
1442 2625 1603 2652 verberibus
1617 2629 1702 2652 ettam

913 2678 946 2698 ac
967 2670 1054 2705 plagis
1070 2670 1199 2698 miseram
1233 2671 1426 2703 contunderct,
1450 2671 1571 2698 intentus
1596 2671 1702 2698 interea

914 2724 991 2750 sane,
1004 2721 1084 2751 prout
1101 2723 1144 2743 res
1160 2715 1301 2751 poscebat,
1323 2716 1441 2744 sollicite
1457 2716 1564 2744 cunctis
1584 2723 1633 2751 per
1647 2715 1701 2742 cir-

913 2764 1016 2792 cuitum
1030 2763 1160 2797 parandis
1171 2763 1204 2789 ad
1217 2763 1391 2797 excipiendos
1408 2762 1592 2798 ingruentium
1614 2762 1704 2789 utrin-

913 2817 966 2845 qtte
979 2810 1095 2844 impetus
1108 2809 1240 2837 hostium.
1255 2809 1343 2843 Quam
1359 2809 1393 2837 ad
1409 2817 1463 2837 rem
1477 2814 1536 2837 arte
1548 2816 1602 2844 qua
1629 2814 1703 2844 pote-

914 2861 956 2884 rat
970 2855 1088 2884 maxima
1114 2855 1229 2885 delinire
1253 2863 1285 2884 ac
1311 2856 1458 2885 conciliare
1485 2855 1536 2884 siLi
1560 2855 1702 2891 :alagebat
