1944 3067
233 102 284 134 901

831 99 995 130 GEORGII
1016 100 1258 131 ΡΑΩΗΥΜΕΙΗΕ

1799 103 1855 134 903

231 161 405 194 εὐκόμιστος,
423 159 453 185 ἐν
464 157 564 192 ἀφανεῖ
580 158 756 193 περισχόντες
779 157 892 190 σάκκοις
903 158 950 184 καὶ
967 158 1018 192 τῆς
1035 163 1055 190 Α
1069 159 1103 186 τὰ
1115 159 1164 194 τῆς
1177 160 1358 195 πατριαρχίας
1367 159 1534 195 διαφέροντι,
1547 159 1617 186 κατὰ
1629 159 1702 194 μῆνα
1710 159 1858 194 Ληναιῶνα

231 206 335 237 πόλεως
352 204 514 236 ὲκὸαλόντες
543 204 652 236 νυκτὸς,
679 203 757 230 αὐτοὶ
782 204 845 235 τοὺς
869 204 908 234 εἰς
924 203 1017 230 ἄνεσιν

230 252 278 278 καὶ
287 251 396 286 τρυφὴν
410 251 465 277 τῶν
481 250 534 282 ἔξω
555 259 607 276 που
625 250 676 284 τῆς
693 250 797 280 πόλεως
814 249 936 281 ἐξιόντας
949 257 1017 283 σχη-

233 298 415 333 ματισάμενοι
445 296 496 323 ἀνὰ
514 297 615 332 κράτος
641 296 706 322 εὐθὺ
732 297 781 330 τῆς
811 295 1018 329 μεγαλοπόλεως

231 345 358 378 ἔφευγον.
377 343 432 369 Καὶ
459 342 569 378 πρῶτον
598 343 638 374 εἰς
663 341 857 377 Μεσέμὸρειαν
873 342 926 368 ὑπὸ
941 341 1018 375 βασι-

230 389 300 424 λικῷ
318 390 417 424 κόμπῳ
442 390 489 416 καὶ
519 390 610 425 τρυφῇ
633 388 799 422 φθάσαντες,
816 387 853 420 ὡς
872 388 909 423 μὴ
923 396 1015 423 φωρα-

230 437 304 463 θεῖεν
332 435 493 470 φεύγοντες,
524 434 597 461 οὓτω
613 434 738 470 θαλάσσῃ
754 434 872 470 χρῶνται
899 434 945 460 καὶ
959 433 1018 468 πλῷ

231 483 299 517 πρὸς
314 483 364 516 τὴν
385 481 477 507 πόλιν.
509 481 563 508 Καὶ
580 481 612 515 δὴ
640 481 827 515 καταχθέντας
843 481 875 514 τῇ
889 480 959 506 κατά
974 480 1018 505 τὸν

237 528 386 555 ’Λνάπλουν
411 527 459 553 τοῦ
488 527 712 562 ἀρχιστρατήγου
731 527 799 560 μονῇ
817 526 859 559 ἐφ’
872 526 989 561 ἡμέραις
1005 525 1019 551 6

231 575 340 610 κρατῶν
357 574 407 600 οὐκ
418 573 536 608 ἐδέχετο,
555 574 595 598 ὲνί
604 573 672 607 ὀργῇ
685 573 802 607 παντοίᾳ
815 571 865 606 τὴν
876 571 1019 606 ἀποφυγὴν

231 620 405 654 ποιούμενος,
417 620 465 645 καὶ
476 619 506 645 τὸ
517 620 570 644 πᾶν
584 618 670 653 δειλίᾳ
683 619 729 644 καὶ
742 617 895 653 κακανδρίᾳ
904 617 1018 643 ἐκείνων

232 666 345 702 κρίνων,
361 665 467 692 πολλῶν
483 665 572 692 τόνων
586 665 633 692 καὶ
646 665 743 698 ἐξόδων
758 664 897 691 ἀπώλειαν
912 665 940 690 ὲν
953 664 1020 698 βρα-

233 713 286 747 χεῖ.
308 711 352 742 Ὠς
367 711 390 738 δ’
406 711 456 738 οὐκ
480 708 515 746 ἦν
534 711 564 737 τὸ
576 711 689 745 γεγονὸς
714 710 889 742 ἀναλύεσθαι,
905 710 1019 740 ἐκείνοις

234 759 284 793 μὲν
299 758 465 792 ικχωρεῖται
485 758 535 792 τὴν
561 757 639 783 πόλιν
656 756 828 788 εἰσελθόντας
854 757 897 792 τῷ
915 756 1020 791 βασιλεί

231 802 448 838 ἐμφανίζεσθαι,
476 802 518 839 [Ρ.
537 802 602 838 5οη
616 804 630 829 ὁ
649 803 678 829 δέ
691 811 723 836 γε
749 801 885 837 Τερτερῆς
912 802 1019 837 ἐρήμης

233 848 384 882 βασιλείας,
399 847 534 874 θελόντων
547 847 594 874 καὶ
607 847 661 873 τῶν
673 846 848 882 ὼυλγὰρων,
863 846 1019 881 ἐπιλαμδά-

231 903 317 921 νεται.
343 895 398 921 Καὶ
423 894 453 920 ἐν
472 894 513 920 ὸλὶ
525 903 557 928 ίῳ
572 893 621 928 ip.‘
631 893 747 928 ἠκούετο
759 891 895 928 βασιλείας
910 891 1019 918 ἐπιϐαί-

230 949 295 972 νων,
312 940 360 966 καὶ
371 939 429 974 ἅμα
447 948 518 966 ταινι
529 940 634 974 ιύμενος
652 938 723 965 κατὰ
739 939 869 973 βασιλέας
883 936 1020 972 ἐγκρατὴς

229 987 284 1012 τῶν
301 985 466 1020 Βουλγάρων
495 982 539 1020 ἧν.
561 984 641 1010 Ἀλλὰ
656 984 745 1010 ταῦτα
769 985 818 1019 μὲν
833 985 862 1015 ές
880 983 1018 1014 τοσοῦτον,

230 1033 264 1059 τὰ
277 1032 300 1058 δ’
311 1031 437 1058 ἐντεῦθεν
454 1031 567 1062 ἐσαῦθις
585 1030 716 1065 ἐροῦμεν.

232 1114 258 1138 ι’.
275 1110 372 1144 Ὅπως
381 1110 552 1144 κατηγορίαι
570 1108 862 1142 κατεσκευάσθησαν
875 1107 952 1135 κατὰ
967 1107 1020 1134 τοῦ

456 1145 642 1178 πατριάρχου
662 1144 790 1170 Βέιικου.

268 1215 336 1248 Ἠδη
350 1214 379 1240 δὲ
403 1213 506 1248 χρόνων
526 1212 732 1247 παρῳχηκότων
752 1211 890 1245 τεττάρων
911 1210 1022 1246 Ἰωάννῃ

232 1303 374 1339 tinopolim
400 1310 498 1329 versus
525 1301 576 1328 iter
603 1300 729 1335 arripuit.
758 1301 796 1327 Ac
824 1299 1019 1327 Mesembream

232 1351 343 1386 quidem
358 1356 444 1383 usque
460 1347 534 1382 regia
549 1355 648 1382 pompa
669 1347 790 1381 luxuque
808 1346 928 1381 speciem
947 1353 1023 1372 secu-

233 1396 321 1424 ritatis
336 1398 528 1426 ostentaruut;
555 1401 616 1427 qme
632 1392 773 1420 simulatio
791 1391 944 1419 necessaria
960 1396 1018 1419 erat

236 1451 269 1470 ne
285 1442 348 1475 fuga
364 1440 532 1474 deprehensa
548 1439 725 1466 sisterentur.
748 1438 882 1465 Caterum
904 1437 942 1464 ibi
955 1445 1022 1464 nave

235 1494 384 1528 conscensa
398 1485 465 1512 tnari
481 1484 641 1520 Byzantium
670 1484 804 1510 feruntur.
819 1483 952 1518 Exceptos
967 1483 1023 1510 illic
1036 1500 1057 1528 ο

235 1525 461 1569 piiinoexscensu
480 1530 568 1557 sancti
583 1529 747 1564 Archangeii
767 1529 908 1556 Michaelis
930 1536 1024 1556 mona-

235 1579 318 1606 sterio
333 1584 415 1612 prope
435 1580 543 1610 portum
561 1575 614 1604 sito
630 1575 780 1609 imperator
795 1574 901 1609 aliquot
927 1573 1023 1601 diebus

235 1623 406 1650 admissione
439 1621 571 1654 exclusit,
596 1621 684 1648 iratus
710 1620 777 1655 ipsis
802 1620 976 1647 vehementer
989 1619 1023 1647 ob

234 1671 324 1704 fugam
345 1678 426 1705 quam
445 1668 588 1705 judicabat
613 1667 853 1702 intempestivam;
881 1670 1023 1700 totumque

235 1716 261 1744 id
279 1717 424 1744 consilium
439 1723 514 1743 \anaa
530 1715 689 1749 ignavaeque
705 1712 845 1740 formidini
857 1712 1021 1745 ascribebat,

233 1771 286 1797 qua
306 1762 412 1790 fructus
436 1762 564 1789 laborum
591 1759 854 1794 exptditionumque
875 1758 1022 1785 multarum

234 1816 287 1834 uno
304 1811 444 1835 momento
473 1806 635 1834 inconsultae
659 1804 779 1832 levitatis
793 1804 931 1838 jacturam
955 1803 1024 1830 irre-

233 1853 387 1888 parabilem
418 1852 585 1887 querebatur
611 1849 726 1877 factam.
761 1848 885 1883 Denique
920 1852 1021 1878 tamen.

234 1898 380 1933 cumquod
393 1897 496 1925 factum
514 1896 765 1931 quomodocunque
779 1894 867 1921 fuerat
890 1893 1022 1921 infectum

236 1944 293 1972 lieri
307 1943 443 1978 nequiret,
461 1942 585 1977 permisit
600 1941 635 1968 iis
660 1939 791 1975 ingressis
811 1939 949 1967 civitatem
970 1938 1023 1965 sibi

234 1998 263 2019 se
279 1991 386 2018 sistere.
415 1988 528 2017 interim
554 1987 683 2015 Tortores
711 1993 827 2013 vacuum
843 1984 944 2012 Asanis
960 1983 1022 2018 fuga

234 2035 311 2071 regni
325 2035 464 2067 thronum,
487 2039 584 2068 magna
611 2031 790 2066 Bulgarorum
809 2030 957 2062 voluntate,
974 2037 1022 2062 pa-

235 2081 287 2117 lam
306 2078 460 2114 oceupmit,
476 2084 585 2111 unoque
598 2075 696 2102 nuntio
711 2075 822 2102 auditus
837 2078 881 2101 est
900 2078 927 2100 et
944 2081 1024 2100 oecu-

235 2132 316 2160 passe
333 2131 445 2158 regnum
460 2127 488 2150 et
510 2121 627 2150 solemni
645 2122 697 2148 ritu
715 2125 863 2148 coronatus
887 2119 1021 2154 sicqueiu

234 2173 316 2207 plena
345 2175 372 2198 et
387 2175 460 2198 certa
489 2169 657 2197 constitutus
686 2167 860 2203 possessione
885 2165 1020 2200 Bulgarici

235 2217 417 2254 principatus.
433 2216 496 2243 Haec
512 2220 577 2242 tunc
592 2215 619 2242 in
636 2216 710 2241 hunc
733 2213 842 2240 modum
862 2219 891 2239 se
916 2211 1021 2238 habue-

235 2268 309 2290 runt.
325 2262 391 2295 Quae
405 2266 498 2289 secuta
516 2265 591 2293 sunt,
604 2260 632 2286 iu
647 2264 770 2294 tempore
787 2258 943 2285 reddemus.

236 2320 281 2348 10.
304 2319 338 2346 Ut
352 2319 535 2346 accusatione:
548 2318 686 2344 adornan
708 2317 761 2343 rint
786 2320 878 2342 contra
901 2314 1021 2348 patriar-

517 2355 593 2379 clium
620 2351 739 2378 Veccum.

270 2409 329 2437 Jam
340 2416 429 2437 autem
444 2409 561 2437 evolutis
575 2407 654 2435 annis
670 2398 787 2441 quatuor
802 2413 833 2432 ex
844 2413 897 2440 quo
905 2403 1023 2431 Joannes

235 2457 434 2493 patriarcliatus
455 2456 558 2483 honor:
572 2453 752 2489 prmceilebal,
770 2459 862 2479 mense
875 2450 1023 2477 Februario

235 2502 358 2537 septima:
374 2501 544 2529 iudictionis,
561 2506 657 2534 graves
673 2498 699 2524 in
722 2504 783 2524 eum
805 2495 996 2523 accusationes
1007 2502 1023 2522 a

235 2547 398 2582 quibusdam
407 2553 422 2573 e
437 2545 510 2573 clero
521 2544 684 2575 conﬂantur,
694 2544 838 2570 mendaces
851 2541 902 2567 illa:
912 2539 1022 2575 quidem

235 2601 267 2621 ac
291 2594 369 2629 plane
387 2593 493 2624 inanes,
517 2599 573 2618 non
596 2595 686 2618 tamen
707 2587 840 2623 ejusmodi
859 2594 928 2621 quas
950 2593 1023 2621 aegre

235 2641 382 2675 imperator
390 2638 553 2666 admitteret.
562 2636 774 2664 Studebatenim
790 2634 833 2661 ille
848 2633 887 2660 vel
905 2633 1022 2659 maxime

235 2685 357 2713 nancisci
373 2683 482 2711 modum
499 2681 641 2710 hebetandi
661 2680 746 2708 aciem
763 2679 850 2710 nimii,
869 2676 951 2713 450
968 2683 1022 2711 quo

234 2730 337 2757 dudum
347 2729 543 2761 oll’eudebatur,
553 2726 603 2754 zeli
614 2724 784 2761 patriarchrc.
795 2723 968 2757 Pupugerant
976 2728 1023 2746 au-

235 2780 290 2803 tem
310 2783 373 2802 eum
390 2777 653 2808 etcxasperavcrant
664 2779 717 2798 non
728 2777 822 2805 parum
834 2769 878 2795 illa
889 2775 959 2803 quae
971 2774 1021 2793 nu-

235 2829 282 2856 per
294 2828 378 2848 ausus
397 2820 425 2848 in
436 2821 526 2856 ipsum
537 2827 616 2856 agere
625 2826 657 2848 ac
666 2825 756 2846 coram
767 2815 840 2851 loqui
849 2815 933 2843 libere
941 2818 1023 2848 atque

1068 206 1117 240 τῆς
1139 206 1256 241 ἑϐδόμης
1281 206 1445 238 ίνδικτιῶνος
1469 205 1554 232 δειναὶ
1579 205 1743 240 κατηγορίαι
1768 203 1859 239 τούτῳ

1069 253 1146 287 παρά
1169 261 1249 278 τινων
1263 251 1311 278 τοῦ
1329 251 1431 286 κλήρου
1453 251 1665 287 συῤῥάπτονται,
1681 250 1787 285 ψευδεῖς
1805 251 1858 285 μὲν

1069 298 1118 324 καὶ
1133 297 1259 329 διακενῆς
1282 298 1312 323 το
1326 297 1468 332 παράπαν,
1482 297 1513 323 οὐ
1532 297 1585 331 μὴν
1603 297 1632 323 δὲ
1645 297 1692 322 καὶ
1714 296 1861 330 δυσχερεξ

1069 343 1107 378 τῷ
1123 343 1269 378 κρατοῦντι
1282 343 1420 377 δέχεσθαι.
1432 340 1487 369 Ἦν
1500 343 1554 377 γὰρ
1570 342 1666 376 ἐκείνῳ
1678 341 1721 368 διὰ
1736 341 1860 375 σπουδῆς

1071 388 1199 423 πλείστης
1223 388 1362 424 ὕποχαλᾷν
1376 389 1423 414 τὸν
1447 389 1522 414 τόνον
1535 387 1583 414 τοῦ
1599 388 1680 422 ζήλου
1694 387 1732 422 τῷ
1755 395 1862 421 πατρι-

1070 435 1153 470 άρχῃ,
1181 435 1228 462 καὶ
1256 434 1358 470 μᾶλλον
1386 434 1420 461 τά
1443 435 1468 461 oi
1498 434 1653 470 πραχθέντα
1682 433 1711 465 ἐξ
1735 433 1863 466 ὑπογύου

1071 480 1178 515 ἔχοντα,
1205 480 1270 515 περὶ
1285 476 1322 506 ὧν
1342 480 1470 514 ἀνωτέρω
1487 478 1598 515 ἑρρἐηλ
1625 478 1718 505 Ταῦτα
1733 479 1789 513 γὰρ
1813 486 1865 503 χαι

1070 525 1128 552 ἀλλ’
1153 526 1221 553 ἄττα
1237 527 1351 551 πλεῖστα
1366 524 1599 559 ὲπισυμὸαίνοντα
1624 525 1728 556 ἀνῆπτε
1745 523 1796 558 μὲν
1812 523 1865 558 τὴν

1072 571 1205 607 βασιλέως
1229 570 1326 606 ὀργὴν,
1353 571 1384 597 οὑ
1399 570 1452 605 μὴν
1472 569 1494 595 δ’
1509 569 1583 604 εἶχεν
1607 569 1680 600 ὅπως
1698 569 1748 604 τῆς
1769 569 1865 604 ὁρμῆς

1071 618 1173 653 ἐπίσχῃ
1186 617 1233 644 τὸν
1250 617 1335 652 ἄνδρα
1353 617 1400 643 καὶ
1415 616 1502 647 ἄλλως
1514 615 1649 650 ὀρμηῖίαν
1665 615 1728 641 liv-.1
1739 615 1788 642 καὶ
1799 614 1866 648 θερ-

1073 664 1203 699 μουργὺν,
1219 662 1288 698 πλὴν
1307 662 1337 688 οὑ
1365 662 1398 688 τὰ
1413 660 1474 688 καθ’
1498 660 1580 687 αὐτὴν
1606 659 1718 695 (τούτων
1735 659 1790 694 γὰρ
1814 659 1867 685 καὶ

1071 709 1297 745 ἀπεριμερίμνως
1316 706 1409 743 εἶχεν),
1423 707 1490 733 ἀλλὰ
1503 707 1538 734 τὰ
1562 706 1624 733 καθ’
1637 707 1748 740 ἑτέρους
1771 705 1868 731 συνοί-

1072 764 1163 783 σοντα.
1189 754 1318 790 Ζητοῦντι
1341 754 1405 788 γοῦν
1424 753 1524 788 τρόπον
1542 752 1602 779 καθ’
1616 752 1646 778 ὃν
1669 751 1804 786 ὐποκλίνη
1817 750 1869 777 τον

1071 801 1178 833 λέοντα,
1198 800 1311 835 χρήσιμ’
1324 797 1396 835 ἦσαν
1419 801 1452 825 τὰ
1467 797 1692 833 κατηγορημένα,
1709 797 1799 828 ἄλλως
1813 796 1870 822 οὐκ

1072 848 1159 882 ἀληθῆ
1181 846 1313 873 δοκοῦντα
1334 846 1388 872 οὐδ’
1412 845 1618 880 εὐπαράδεκτα.
1637 843 1740 877 Ῥοπῆς
1755 843 1812 877 γὰρ
1826 844 1869 874 εἰς

1072 893 1201 929 πορνείαν
1216 893 1266 919 κᾶν
1281 891 1386 927 Πηλεὺς
1400 888 1490 925 ὦφλεν
1503 891 1536 918 ἂν
1549 890 1564 926 ἦ
1580 891 1694 920 ἐκεῖνος,
1709 888 1869 923 ἱεροσυλίας

1070 939 1099 966 δὲ
1124 938 1239 974 ἔγκλημ’
1256 938 1290 964 ἂν
1319 937 1494 972 ἀπηνέγκατο
1521 937 1569 963 καὶ
1601 937 1615 963 ὁ
1641 935 1685 962 ἐπ’
1706 933 1869 970 ἀνθρώποις

1071 986 1239 1021 ἀδωρότατος
1263 984 1433 1020 Ἀριστείδης
1462 983 1563 1018 μᾶλλον
1585 983 1601 1018 ἢ
1625 982 1723 1016 ἐκείνῳ
1750 981 1869 1012 δικαίως

1072 1033 1256 1067 προσήπτετο.
1273 1030 1309 1056 Τὸ
1323 1030 1351 1056 δὲ
1371 1030 1410 1060 είς
1429 1028 1540 1064 βασιλέα
1555 1028 1593 1060 ὡς
1610 1028 1764 1063 καταρῷτο,
1782 1027 1867 1054 αὑτό-

1072 1076 1118 1102 Θεν
1130 1076 1178 1110 τὴν
1194 1075 1377 1109 συκοφαντίαν
1389 1075 1536 1109 προΐσχετο
1547 1073 1723 1108 ἀχουόμενον.
1745 1073 1869 1103 Ἐκεῖνος

1072 1122 1127 1156 γὰρ
1143 1122 1226 1148 πάλαι
1249 1119 1411 1155 πρεσϐεύων
1433 1121 1474 1152 εἰς
1501 1119 1614 1154 βασιλέα
1633 1119 1702 1154 ὑπέρ
1723 1127 1798 1150 τινος
1812 1119 1870 1144 τῶν

1072 1166 1228 1202 χρῃζόντων
1249 1165 1341 1197 ἐλέους
1361 1164 1492 1196 πολλάκις
1505 1165 1556 1200 μὲν
1570 1164 1641 1191 κατὰ
1662 1165 1761 1200 πεῖραν
1777 1163 1869 1199 προῦ-

1071 1221 1144 1239 τεινε
1158 1211 1192 1238 τά
1203 1212 1229 1238 οι
1242 1211 1372 1238 δοκοῦντα
1390 1211 1534 1242 συνοίσειν,
1546 1210 1712 1241 τοσαυτάκις
1738 1210 1768 1236 δὲ
1782 1217 1869 1244 προσ-

1073 1302 1199 1330 ardauter
1216 1301 1371 1336 patriarcha
1388 1301 1488 1333 fuerat,
1505 1305 1586 1336 prout
1603 1299 1731 1334 superius
1759 1307 1868 1327 memo-

1073 1349 1205 1376 ravimus.
1219 1347 1268 1379 Ea,
1282 1348 1406 1382 inquam,
1426 1352 1453 1374 et
1467 1347 1518 1373 alia
1536 1346 1654 1381 plurima
1677 1345 1738 1380 ejus
1757 1346 1868 1380 gem-iis

1073 1403 1133 1430 qua:
1146 1394 1262 1422 subinde
1275 1397 1462 1425 occurrerant,
1484 1392 1566 1419 bilem
1587 1391 1657 1419 haud
1673 1391 1757 1418 dubie
1774 1399 1869 1419 move-

1074 1445 1136 1469 rant
1150 1448 1202 1468 non
1219 1440 1419 1476 patientissimo
1435 1439 1569 1474 principi;
1584 1439 1628 1466 cui
1645 1443 1735 1465 tamen
1753 1439 1787 1465 ad
1809 1447 1867 1465 ma-

1075 1494 1139 1513 num
1155 1493 1208 1514 nOu
1221 1489 1280 1512 erat
1296 1483 1403 1511 frenum
1415 1484 1488 1511 aliud
1500 1483 1586 1510 ullum
1598 1491 1652 1518 quo
1666 1483 1797 1518 impetum
1807 1484 1866 1518 ejus

1073 1532 1222 1563 cohiberet,
1236 1530 1286 1558 viri
1295 1535 1390 1557 natura
1399 1529 1577 1562 vehementis,
1601 1534 1630 1557 et
1641 1537 1704 1557 eum
1719 1530 1753 1557 ad
1767 1537 1866 1564 aggre-

1073 1578 1202 1606 diendum
1217 1578 1301 1604 ardua
1316 1576 1416 1609 facilis,
1432 1582 1489 1603 tum
1507 1576 1535 1603 in
1553 1577 1674 1611 urgendo
1695 1581 1784 1611 empta
1800 1578 1867 1603 irre-

1073 1624 1204 1652 vocabilis
1227 1622 1459 1651 ardoris.Verum
1478 1622 1536 1650 bane
1563 1623 1589 1650 in
1609 1630 1725 1657 quorum
1754 1630 1867 1656 promo-

1073 1671 1175 1698 tionetn
1191 1671 1231 1698 sic
1248 1669 1338 1697 studio
1351 1669 1488 1704 prodibat,
1503 1669 1574 1696 haud
1585 1673 1738 1696 erantcum
1751 1668 1866 1703 privatis

1073 1717 1133 1752 ejus
1149 1717 1303 1744 rationibus
1318 1721 1365 1743 aut
1389 1719 1496 1750 quaestu
1517 1716 1628 1750 proprio
1643 1715 1786 1749 implicita.
1811 1714 1865 1741 Ta-

1074 1763 1138 1790 lium
1156 1763 1229 1789 enim
1244 1763 1326 1789 etiam
1341 1769 1423 1796 supra
1441 1762 1581 1797 vulgarem
1598 1761 1708 1788 modqu
1725 1761 1865 1796 nrgligeus

1072 1812 1140 1834 erat.
1165 1807 1363 1834 Exardescebat
1398 1811 1489 1834 autem
1515 1806 1542 1833 in
1563 1807 1596 1834 iis
1614 1806 1779 1834 aCCurandis
1806 1813 1866 1840 qur

1072 1854 1105 1880 ad
1137 1854 1252 1880 aliorum
1283 1853 1414 1880 utilitates
1439 1857 1601 1887 spectarent.
1634 1853 1770 1884 Quierenti
1801 1859 1867 1886 ergo

1072 1900 1195 1934 Augusto
1231 1900 1341 1926 modum
1380 1899 1462 1934 hujus
1490 1899 1569 1934 quasi
1599 1898 1741 1933 cujusdam
1778 1898 1867 1925 leonis

1072 1945 1244 1978 exarmandi,
1267 1946 1350 1973 utiles
1375 1945 1418 1972 ha:
1447 1952 1508 1972 sese
1536 1944 1746 1972 criminationes
1768 1944 1867 1972 olIei'e-

1074 1992 1157 2024 bant,
1188 1991 1339 2026 quamlibet
1365 1990 1468 2025 alioqui
1499 1991 1638 2018 destituta:
1677 1998 1736 2017 veri
1762 1990 1866 2025 specie,

1074 2045 1124 2064 nec
1140 2037 1228 2072 dignae
1252 2044 1369 2071 quarum
1392 2037 1540 2064 haberetur
1577 2037 1656 2063 ratio.
1684 2035 1750 2062 Nam
1778 2037 1867 2070 impu-

1072 2081 1174 2109 dicitize
1205 2081 1380 2109 verisimilius
1411 2082 1618 2109 insimularetur
1655 2080 1750 2108 Peleus
1782 2090 1866 2116 quam

1074 2126 1136 2154 ille:
1155 2126 1322 2161 direptarum
1344 2134 1408 2154 vero
1423 2134 1564 2154 sacrarum
1582 2135 1673 2154 rerum
1690 2127 1866 2162 plausibilius

1037 2177 1060 2205 ι)
1074 2172 1178 2199 crimen
1193 2172 1387 2207 appingeretur
1406 2173 1534 2206 Aristidi,
1555 2173 1634 2207 cujus
1658 2178 1718 2200 erat
1742 2173 1768 2200 in
1793 2175 1865 2200 ultro

1073 2218 1154 2246 etiam
1181 2218 1281 2246 oblatis
1302 2218 1479 2253 repudiandis
1492 2219 1572 2246 donis
1585 2219 1752 2246 abstinentia
1783 2220 1866 2254 vulc-o

1073 2264 1227 2291 notissima.
1241 2264 1310 2291 Male
1321 2265 1437 2299 denique
1452 2272 1592 2299 precatum
1606 2265 1730 2300 Augusto
1746 2264 1866 2293 Veccum

1073 2310 1120 2344 qui
1137 2309 1261 2342 dicebat,
1287 2311 1379 2337 statim
1403 2311 1549 2337 calumnia:
1569 2311 1782 2338 convincebatur
1807 2313 1867 2346 ipsa

1076 2355 1193 2390 simplici
1213 2357 1371 2382 narratione
1401 2356 1489 2388 facti,
1514 2357 1585 2383 unde
1616 2357 1792 2383 occasionem
1813 2358 1869 2384 cii-

1076 2401 1197 2428 minandi
1210 2401 1314 2428 delator
1327 2405 1494 2436 sumpserat.
1511 2401 1537 2428 ld
1555 2401 1607 2428 tale
1630 2402 1691 2429 luit.
1709 2403 1869 2436 Aliquando

1075 2453 1123 2479 pro
1136 2453 1210 2473 more
1226 2453 1276 2472 suo
1294 2445 1397 2473 Veccus
1405 2446 1509 2473 adierat
1520 2446 1711 2480 imperatorem
1724 2454 1787 2473 cum
1800 2455 1870 2482 sur-

1074 2491 1143 2526 plice
1160 2493 1203 2519 cui
1219 2497 1278 2518 erat
1295 2492 1491 2525 imploraturus
1507 2492 1721 2519 misericordiam
1736 2494 1867 2528 Augusri.

1076 2538 1153 2572 Swpe
1175 2537 1201 2564 itl
1213 2542 1392 2572 conspectum
1406 2539 1538 2572 producto
1550 2538 1633 2569 illius.
1645 2538 1746 2565 [rustra
1758 2548 1868 2574 semper

1074 2583 1098 2610 ei
1115 2582 1264 2618 propitiare
1286 2583 1437 2618 principem
1458 2583 1572 2615 studuit,
1600 2584 1680 2611 toties
1699 2586 1732 2611 ab
1747 2594 1779 2612 eo
1801 2594 1865 2612 cum

1075 2629 1216 2657 stomacho
1226 2629 1336 2664 rejectis
1351 2637 1412 2664 quae
1434 2637 1484 2664 pro
1498 2634 1628 2664 suscepto
1639 2631 1784 2665 allegabat.
1796 2632 1866 2659 Tres

1075 2675 1157 2710 igitur
1180 2675 1260 2710 longo
1273 2678 1394 2709 tempore
1409 2682 1476 2702 suas
1499 2675 1616 2709 quisque
1642 2683 1732 2710 partes
1754 2680 1866 2703 strenue

1075 2728 1154 2755 agere
1162 2725 1383 2755 perseverarunt,
1391 2728 1454 2748 rcus
1465 2720 1582 2748 demisse
1591 2721 1774 2755 supplicandi,
1786 2723 1866 2755 patri-

1075 2766 1157 2793 archa
1180 2766 1368 2800 [latrocinandi
1384 2766 1512 2793 ardenter
1529 2767 1662 2801 urgendo,
1681 2767 1798 2801 denique
1813 2768 1866 2794 ini-

1075 2816 1193 2847 pcrator,
1205 2811 1424 2847 procrastinaudi
1436 2819 1468 2840 ac
1477 2811 1633 2840 dilicrcudaa
1660 2812 1720 2840 sine
1731 2814 1785 2841 line
1801 2821 1866 2849 gia-
