1944 3067
101 128 151 162 90]

563 118 632 160 οε
657 127 852 160 MICHAELE
869 128 1102 160 PALEOLOGO
1123 130 1198 162 LIB.
1219 131 1268 162 Vl.

1676 133 1730 166 910

100 185 207 212 ϐάλλων
232 185 282 212 οὐκ
309 185 390 221 ἥνυτε
415 186 446 213 τὸ
466 186 607 223 παράπαν.
625 186 716 221 Τριῶν
739 185 784 213 οὖν
799 186 813 211 6
838 185 887 220 μὲν
901 190 923 216 Α
938 187 1001 218 τοὺς
1020 188 1186 220 ἐπισκόπους
1205 190 1336 222 γίνεσθαι,
1356 186 1392 216 ὧν
1409 190 1497 225 δήπου
1514 190 1561 217 καὶ
1577 191 1604 217 αἱ
1625 192 1728 226 ὲνςρίαι

67 268 71 274 '
101 231 142 267 [Ρ.
161 230 226 266 308]
242 231 330 258 ἐδέετο
350 232 555 268 συνεχέστερον,
573 233 587 258 6
607 231 635 258 δὲ
649 231 810 266 προσέκειτο
822 239 890 266 καρ-

99 275 261 310 τερώτερον,
272 275 398 309 βασιλεὺς
407 276 435 302 δὲ
446 277 536 311 τρίτος
548 276 723 310 ὑπερετίθετό
734 284 762 302 τε
772 276 818 301 καὶ
831 275 890 301 ἁνεα

100 321 222 346 ὁὰλὶετοι
246 321 301 346 Καὶ
318 321 332 347 6
354 322 403 356 μὲν
425 322 514 348 ὲδὲετο
531 323 750 357 προσαναφέρειν
773 323 818 348 καὶ
835 322 888 347 πά-

100 366 151 394 ὶ.ιν,
178 366 192 391 6
210 365 238 391 δὲ
264 364 347 401 πείρᾳ
368 366 448 398 γνοὺς
472 367 522 392 οὐκ
549 367 655 393 meum
678 366 747 401 (ᾔδει
772 367 826 401 γὰρ
843 367 890 392 καὶ

100 412 286 446 παροργίσων,
309 412 333 437 εί
350 412 429 443 αὖθις
454 412 552 446 λέγοι),
574 412 605 438 τὸ
631 413 690 438 καθ’
715 412 809 438 ἑαυτὸν
834 410 890 438 οἷον

101 457 169 491 πρὸς
187 458 233 484 τὸν
258 458 350 493 ἱκέτην
366 458 585 493 ἀπολογούμενος
607 459 644 489 ὡς
665 459 693 484 οὐ
713 458 889 494 καταρρᾳθυ-

101 503 190 536 μὴτας
205 502 244 537 τῷ
263 503 367 537 βασιλεί
380 503 533 537 προτείνειν
550 503 584 529 τὰ.
596 503 691 529 τούτου
703 503 805 534 δίκαια,
823 504 889 530 Θεὸν

100 548 251 582 παρεισῆγε
263 550 312 582 τῆς
327 550 445 583 σπουδῆς
461 548 588 583 μάρτυρα
608 550 666 581 καὶ,
686 549 769 580 «Θεὸς
787 549 838 584 ὁρᾷ
855 549 889 575 τὰ

101 595 162 627 περὶ
179 591 216 620 ὧν
234 594 385 630 προϐάλλῃ,
405 603 414 620 ι
426 595 528 628 ἔλεγεν.
551 594 579 619 '0
592 594 613 620 δ’
627 595 716 621 ἐκεῖσε
734 595 828 630 παρὼν
844 604 890 620 συ-

100 640 271 675 κοφαντήσας
294 642 340 666 τὸν
366 641 444 674 λόγον
472 641 643 675 συμῖτλάττει
667 641 696 667 τὺ
720 641 828 676 ψεῦδος,
852 641 890 672 ὡς

99 686 166 711 Θεὺν
182 685 262 720 δῆθεν
281 686 351 712 κατὰ
375 686 505 721 βασιλέως
521 687 722 722 ἐκκαλουμένου
736 687 782 713 τοῦ
796 687 889 721 ἱερέως

99 732 139 761 εἰς
154 730 203 766 τὴν
223 730 276 757 τῶν
293 731 476 766 ἀδικουμένων
490 732 638 767 ἐκδίκησιν.
653 732 763 763 Τούτοις
777 731 888 766 ὠσπερ-

100 777 124 803 si
142 785 213 803 τισιν
246 777 367 812 ἰσχυροῖς
385 778 578 809 κατασείσταις
599 778 737 812 ὑποχαλᾷν
759 777 805 804 τὸν
821 777 890 812 πύρ’

100 830 146 856 γον
167 822 216 855 τῆς
239 822 344 848 ἐκείνου
361 823 450 857 ψυχῆς
475 822 569 857 ᾤοντο.
592 820 646 848 τΗν
665 822 687 848 δ’
709 823 724 848 6
739 823 788 854 τὰς
801 822 889 857 ὁρμὰς

101 869 192 901 σφίσιν
212 868 378 894 ὑπανάπτων
404 869 417 893 ὁ
433 868 483 901 τῆς
504 868 617 902 Ἑφέσου
644 868 746 899 Ἰσαὰκ,
773 869 813 899 εις
837 877 888 894 πα-

98 915 163 948 τέρα
181 913 348 947 τεταγμένος
358 913 397 948 τῷ
413 912 526 947 βασιλεῖ,
538 913 664 948 οὐδεμίαν
679 914 701 940 δ’
712 913 782 948 ἔχων
796 914 888 940 αἰτίαν

99 959 247 994 ἀπεχθείας
270 959 309 994 τῷ
332 960 491 995 πατριάρχῃ
511 959 631 994 παρόσον
657 960 687 986 τὺ
702 960 738 986 τὰ
758 960 888 987 δοκοῦντα

100 1006 285 1040 ξυμπράττειν
303 1005 440 1040 αίρείσθαι
453 1006 492 1040 τῷ
506 1006 622 1039 βασιλεῖ,
638 1006 654 1041 ἢ
669 1005 735 1040 γοῦν
748 1006 828 1032 τοῦτο
842 1006 890 1041 μό·-

99 1060 143 1077 νον
155 1051 171 1086 ἢ
188 1052 234 1076 καὶ
247 1051 374 1085 δεύτερον
390 1052 420 1077 τὸ
433 1052 467 1078 τὰ
479 1052 539 1078 κατ’
551 1052 684 1087 ἀνατολὴν
702 1053 889 1087 πατριαρχικὰ

100 1096 144 1131 ὑφ’
159 1097 234 1132 αὑτῷ
252 1097 338 1123 θέλειν
354 1098 501 1130 ποιεῖσθαι,
520 1097 603 1132 μηδὲν
623 1097 706 1129 ἀξιῶν
721 1098 801 1124 πλέον
817 1098 889 1133 ἔχειν

99 1146 144 1170 τὸν
160 1144 332 1179 πατριάρχην
352 1145 392 1176 εἰς
405 1145 512 1180 ἐνορίαν
527 1145 543 1180 ἢ
557 1145 628 1172 κατὰ
644 1145 728 1180 μόνην
744 1146 889 1172 Κωνσταν-

99 1189 253 1217 τινούπολιν
286 1189 510 1224 περιοριζόμενα,
535 1190 569 1217 τὰ
593 1190 614 1215 δ’
635 1189 687 1221 ἔξω
713 1189 815 1226 ταύτης
837 1190 890 1216 ὑπὸ

100 1278 153 1305 tite.
184 1277 307 1310 Quadam
345 1277 403 1305 vice
435 1278 555 1305 instabat
598 1277 785 1305 vehementius
819 1276 889 1311 apud

103 1323 217 1350 Veceum
245 1324 343 1356 cliens,
371 1331 400 1351 ut
425 1330 476 1358 pro
505 1331 534 1350 se
564 1323 664 1350 iterum
695 1323 888 1356 imperatorem

97 1368 178 1404 45],
205 1375 323 1403 rogaret.
349 1367 396 1395 ille
413 1374 503 1395 autem
519 1368 689 1402 experientia
709 1368 765 1401 jam
788 1374 889 1401 gnarus

99 1412 239 1446 ltegulioui
260 1412 418 1440 dilationem
443 1412 565 1444 obtendi,
591 1419 698 1438 necnon
722 1411 887 1445 intelligens,

99 1457 121 1483 si
142 1457 232 1483 denuo
246 1457 279 1484 de
297 1457 348 1483 hoc
363 1456 539 1491 compellaret
554 1457 758 1490 imperatorem,
775 1455 801 1481 in
821 1455 888 1481 iram

98 1511 128 1530 se
145 1503 222 1530 illum
233 1503 447 1536 concitaturum,
475 1508 504 1529 ut
520 1503 616 1529 saltem
632 1502 724 1528 clienti
742 1509 772 1528 se
788 1509 889 1536 purga-
902 1521 924 1550 Ο

98 1552 142 1574 ret
163 1547 234 1574 torte
252 1551 444 1582 suspectaturo
461 1554 493 1574 cx
516 1551 614 1573 eventu
635 1546 777 1573 remissius
801 1546 889 1580 egisse

98 1598 259 1627 patronum,
280 1593 365 1619 Deum
381 1597 476 1620 testem
499 1591 622 1618 adhibuit
640 1591 740 1617 sinceri
758 1590 800 1617 sui
812 1598 843 1616 ea
859 1590 887 1616 in

97 1646 182 1666 causa
203 1639 298 1670 studii,
322 1638 376 1665 alla
397 1645 465 1665 voce
491 1641 649 1664 contestans
668 1636 752 1662 Deum
783 1636 886 1669 utique,

98 1693 180 1720 quem
197 1684 236 1711 nil
252 1685 343 1717 lateat,
365 1684 457 1711 videre
470 1690 523 1718 qua
540 1684 604 1714 ﬁde,
621 1689 729 1717 quoque
744 1681 841 1708 ain-ctu
856 1688 888 1707 eo

97 1730 250 1765 patrocinio
263 1729 432 1763 fungeretur.
459 1727 557 1754 Exltac
573 1727 618 1753 Dei
632 1728 770 1753 mentione
786 1727 890 1754 calum-

97 1776 150 1802 nia:
164 1782 259 1802 ansam
284 1775 329 1808 qui
353 1781 472 1808 praesens
493 1772 562 1799 forte
585 1778 650 1799 tunc
676 1771 765 1798 adfuit
783 1771 889 1798 delator

97 1828 222 1852 sumens,
243 1819 327 1846 multo
342 1818 439 1846 deinde
452 1817 587 1853 posterius
599 1817 626 1844 in
646 1816 792 1851 malignam
808 1816 888 1843 istam

96 1865 304 1894 accusationem
329 1864 474 1899 processit,
485 1863 635 1891 criminans
651 1862 757 1889 scilicet
772 1863 889 1896 patriar-

96 1912 191 1943 chant,
210 1911 276 1938 dum
297 1910 429 1944 supplicis
459 1915 571 1936 causam
600 1912 703 1941 ageret,
729 1907 804 1934 diras
828 1907 886 1933 Au-

95 1962 179 1992 gusto
189 1957 366 1990 imprecatum
376 1956 403 1982 in
412 1954 541 1981 ultionem
548 1958 652 1988 negata:
658 1952 775 1986 supplici
783 1952 887 1986 gratiat.

97 2002 146 2030 llis
172 2002 251 2037 quasi
281 2002 445 2036 quibusdam
474 2000 607 2027 machinis
629 2003 678 2026 aut
710 1998 888 2026 validissimis

95 2048 232 2075 arietibus
257 2054 442 2074 concussuros
469 2050 497 2073 et
522 2045 679 2080 dejecturos
704 2052 766 2072 sese
788 2045 886 2071 turrint

97 2095 174 2121 illam
189 2093 283 2120 invicti
299 2092 383 2119 animi
398 2092 614 2119 calumniatores
633 2091 793 2126 nequissimi
808 2095 887 2125 puta-

96 2140 174 2166 bant.
190 2137 325 2164 lncitabat
339 2141 429 2164 autent
442 2143 489 2164 eos
500 2136 653 2164 accendens
665 2136 699 2162 ad
717 2143 772 2162 rem
787 2142 887 2170 urgen-

941 233 1003 259 είσί.
1019 233 1102 259 Ταῦτ’
1117 234 1231 261 ἔσπευδε
1248 236 1294 262 καὶ
1311 236 1452 270 κατώρῢου
1471 237 1520 263 οὒκ
1534 237 1606 270 ἄλλῳ
1620 238 1659 270 τῷ
1677 246 1730 272 μη-

940 279 1077 313 χανήματι
1103 280 1118 315 ἢ
1148 281 1186 315 τῷ
1205 281 1309 316 διιστᾷν
1333 282 1463 316 βασιλέως
1479 282 1524 308 τὸν
1549 283 1644 316 ἱερέα·
1667 282 1682 309 ὃ
1697 283 1729 318 δὴ

940 324 986 350 καὶ
1014 325 1100 351 ἐποίει
1127 326 1190 356 τοὺς
1217 327 1438 362 κατηγοροῦντας
1465 327 1608 362 δεχόμενος
1633 327 1680 354 καί
1695 336 1728 362 γε

941 370 1012 395 κατὰ
1026 370 1056 395 τὸ
1073 370 1185 397 δυνατὸν
1201 371 1375 399 ὑποθάλπων.

941 448 985 475 ια’.
1002 448 1103 480 ὀπως
1122 448 1270 482 βασιλικὴ
1294 449 1385 483 νεαρὰ
1416 450 1569 483 προϐαίνει
1592 450 1642 477 ἐπὶ
1666 450 1729 483 τοῖς

1215 485 1457 519 σταυροπηγίοις.

976 550 1018 587 [Ρ.
1031 550 1095 586 509]
1115 551 1258 586 Προσαίνει
1275 553 1330 587 γὰρ
1346 553 1430 587 νεαρὰ
1443 552 1575 587 βασίλειος
1589 552 1646 580 ἀλλ’
1661 552 1730 580 ἄττα

941 598 1054 624 πλεῖστα
1073 597 1246 633 διοριζομένη
1263 598 1310 624 καὶ
1331 598 1476 630 τάττουσα,
1493 600 1540 625 καὶ
1552 599 1582 625 τὸ
1598 599 1632 625 τὰ
1646 599 1728 626 ὁπου-

939 643 1072 679 δηποτοῦν
1091 644 1287 679 πατριαρχικὰ,
1309 644 1359 670 ὅσα
1383 645 1412 670 ἐν
1431 643 1533 679 χώραις
1558 645 1603 670 καὶ
1625 646 1728 679 μοναίς,

939 690 992 716 ὑπὸ
1009 690 1073 720 τοὺς
1088 690 1255 720 ἐπισκόπους
1269 686 1306 716 ὧν
1318 690 1345 716 αἱ
1359 689 1462 724 ἐνορίαι
1475 690 1570 716 τελεῖν.
1583 690 1730 724 ’Ἐγκλημα

939 736 994 770 γὰρ
1009 736 1136 770 ἐφαίνετο
1157 737 1204 763 καὶ
1217 736 1293 770 παρὰ
1309 736 1424 767 κανόνας
1438 736 1467 761 τὸ
1481 736 1512 762 ὲκ
1529 736 1644 762 παλαιοῦ
1657 737 1730 771 γινό-

942 789 1034 815 μενον,
1060 781 1206 816 ὑπερόριον
1229 781 1380 815 κεκτῆσθαι
1406 781 1452 808 τὸν
1470 782 1729 809 Κωνσταντινουπό-

940 825 1008 856 λεως
1022 826 1137 858 δίκαιον,
1167 826 1235 861 μηδὲ
1252 826 1326 853 τοῦτ’
1349 827 1449 858 εἰδότος
1474 826 1521 853 τοῦ
1542 827 1676 861 λέγοντος,
1691 828 1729 859 ὡς

940 870 1047 897 κολούει
1062 870 1101 906 τῷ
1118 872 1277 906 πατριάρχῃ
1299 871 1330 898 τὸ
1345 873 1545 907 οἱκουμενικδν,
1561 873 1634 904 ὲντὺς
1649 873 1729 899 αὐτὸν

940 917 1105 952 περιορίζων
1122 917 1171 952 τῆς
1194 918 1411 951 Κωνσταντίνου,
1426 918 1487 952 μηδ’
1501 919 1607 954 ὲνορῖαν
1619 919 1670 945 ὅσα
1682 919 1730 945 καὶ

939 963 985 989 τοῦ
999 962 1127 997 τυχόντος
1148 963 1300 989 ἐπισκόπου
1323 964 1496 998 προσνέμων.
1516 964 1586 990 Ἀλλ’
1601 965 1614 990 6
1636 964 1730 990 Ἰσαὰκ

939 1007 1000 1033 τότε
1014 1007 1058 1033 τὸν
1073 1007 1169 1042 καιρὸν
1182 1008 1230 1042 τῆς
1243 1008 1392 1043 ἀπεχθείας
1407 1009 1533 1044 ἁρπάσας
1548 1009 1584 1040 ὡς
1600 1009 1728 1044 ἕρμαιον,

940 1053 1091 1088 περιεποίει
1119 1053 1175 1085 τοῖς
1198 1054 1358 1085 ἐπισκόποις
1375 1054 1469 1087 αὑτοῦ,
1498 1054 1595 1080 ταυτδν
1622 1054 1651 1080 δὲ
1678 1055 1727 1080 καὶ

940 1099 1029 1133 ἑαυτῷ
1055 1099 1155 1132 λέγειν,
1171 1100 1205 1126 τὰ
1219 1098 1268 1133 τῆς
1291 1100 1600 1130 Κωνσταντινουπόλεως
1622 1099 1726 1126 δίκαια.

940 1145 992 1170 TN
1009 1144 1100 1179 μέντοι
1112 1153 1143 1178 γε
1159 1145 1332 1179 πατριάρχην
1351 1145 1402 1171 οὐκ
1418 1144 1488 1170 ἀνίει
1506 1146 1570 1179 παρ’
1590 1145 1666 1176 ὅλους
1680 1145 1727 1171 δύο

942 1189 1030 1225 μῆνας
1046 1191 1059 1216 6
1079 1189 1205 1225 βασιλεὺς
1222 1190 1287 1216 ποτὲ
1306 1189 1354 1224 μὲν
1370 1190 1410 1220 εἰς
1426 1190 1530 1224 κρίσεις
1546 1190 1727 1224 ὲγκαθιστῶν,

940 1278 1024 1304 naria:
1047 1279 1175 1312 potestati
1198 1277 1360 1312 patriarchae
1384 1278 1507 1312 subjecta
1536 1283 1726 1310 remanerent:

940 1331 1001 1359 qua:
1016 1328 1091 1351 extra
1109 1323 1204 1366 urbem
1226 1328 1330 1355 essent,
1345 1331 1440 1351 eorutn
1454 1324 1611 1351 auctoritati
1632 1325 1727 1359 subia-

940 1373 1032 1396 cerent
1047 1369 1193 1402 prmsttlum
1206 1369 1252 1403 qui
1266 1368 1405 1395 dioeceses
1424 1369 1468 1394 ubi
1485 1373 1562 1395 erant
1577 1369 1621 1396 illa
1639 1370 1728 1403 posita

940 1415 1086 1450 episcopali
1100 1415 1260 1442 auctoritate
1275 1415 1472 1449 gubernarent.
1489 1414 1517 1441 Id
1531 1414 1576 1442 ille
1592 1415 1654 1442 olim
1672 1424 1728 1442 mr-

940 1463 1042 1489 ditalus
1058 1467 1122 1489 tunc
1135 1461 1260 1496 perfecit.
1284 1469 1339 1488 non
1366 1461 1419 1488 alia
1441 1460 1588 1489 eﬂicaciori
1607 1461 1727 1488 adhibita

941 1507 1067 1534 machina
1084 1513 1165 1540 quam
1184 1505 1357 1539 imperatoris
1374 1513 1387 1531 a
1408 1504 1562 1539 patriarcha
1573 1504 1615 1531 vel
1630 1512 1729 1539 procu-

941 1553 1025 1580 rando
1038 1553 1078 1578 vel
1091 1551 1276 1587 promovendo
1285 1550 1409 1578 dissidio.
1423 1550 1576 1585 Quodjfecit
1588 1550 1670 1585 hujus
1680 1557 1728 1576 ae-

939 1604 1079 1626 cosatores
1087 1597 1230 1633 adiuvans,
1239 1596 1320 1632 452
1328 1601 1356 1624 et
1368 1601 1423 1624 tota
1431 1604 1481 1624 sua
1488 1596 1583 1624 fovens
1592 1597 1727 1631 poentia.

939 1656 983 1683 Η.
1006 1653 1040 1681 Ut
1069 1653 1173 1689 perlata
1199 1653 1418 1689 promulgataque
1436 1652 1525 1689 fuerit
1555 1652 1726 1689 imperatoria

974 1687 1075 1716 novella
1100 1690 1131 1715 de
1152 1689 1326 1722 alnuropegiic
1354 1687 1407 1714 sive
1431 1687 1496 1714 locis
1519 1687 1727 1721 sacris‘propric

973 1725 1134 1758 patriarcha:
1151 1724 1286 1757 subjectiu.

975 1781 1077 1808 l'rodiit
1089 1780 1161 1808 enim
1178 1778 1354 1814 imperatoria
1370 1777 1492 1810 Novella,
1509 1785 1564 1812 qua
1580 1777 1649 1804 'cum
1672 1776 1725 1803 alia

938 1824 1155 1853 decernebantur
1182 1823 1318 1858 quatdam,
1342 1826 1399 1850 tum
1416 1821 1483 1849 illud
1509 1823 1536 1849 in
1562 1822 1669 1856 primis,
1697 1825 1727 1848 ut

938 1876 1000 1903 quae
1019 1868 1175 1902 ubicunqtte
1188 1866 1230 1894 vel
1247 1865 1454 1902 cujusquentodi
1476 1865 1537 1893 loca
1550 1866 1598 1897 vel,
1631 1872 1728 1892 limita-

939 1915 1024 1943 steria
1034 1914 1195 1949 patriarchae
1209 1913 1256 1940 uni
1269 1912 1393 1947 subjecta
1404 1916 1519 1939 eatenus
1530 1910 1725 1952 censebantur,

937 1967 969 1987 ea
990 1959 1118 1992 deinceps
1141 1955 1289 1991 episcopis,
1305 1963 1422 1990 quorum
1446 1955 1499 1982 illa:
1517 1954 1634 1989 propriae
1656 1953 1726 1981 dim-

937 2013 1014 2033 ceses
1030 2008 1132 2036 essent,
1145 2004 1207 2038 jure
1218 2003 1359 2030 ordinario
1373 2001 1557 2036 subjacerent.
1570 2000 1727 2028 Addebatur

937 2049 1038 2077 decreti
1055 2050 1136 2080 ratio,
1149 2056 1196 2083 per
1205 2048 1319 2075 abusum
1333 2047 1418 2074 videri
1432 2051 1459 2073 et
1470 2051 1564 2073 contra
1583 2053 1724 2073 sacrorum

937 2101 1073 2122 canonum
1090 2093 1279 2120 auctoritatem
1295 2096 1455 2119 attentatum
1471 2091 1498 2118 id
1518 2091 1590 2124 quod
1601 2098 1634 2117 ex
1645 2090 1726 2124 longo

939 2139 1072 2166 hactenus
1101 2142 1224 2172 tempore
1255 2136 1408 2163 factitatum
1437 2135 1537 2166 fuerat.
1569 2140 1600 2161 ut
1628 2143 1726 2169 nempe

95 2186 160 2210 (iam
181 2183 279 2217 Ephesi
299 2183 413 2209 antistes
429 2181 515 2212 Isaac,
526 2189 581 2216 (tuo
597 2181 733 2216 spirituali
749 2180 830 2208 Patre
843 2185 883 2207 ει·
901 2193 924 2219 ο
938 2183 1101 2219 patriarchae
1114 2182 1416 2215 Constantinopolitano
1431 2182 1501 2208 ultra
1516 2180 1582 2208 ﬁnes
1598 2181 1725 2208 ditecesis

95 2238 152 2264 que
172 2231 276 2256 arbitro
298 2228 474 2256 conscientia:
497 2232 564 2255 tunc
585 2227 725 2262 Augustus
746 2227 885 2258 utebatur,

97 2284 154 2302 non
171 2277 240 2310 quod
257 2275 338 2301 ullam
360 2275 418 2308 ipse
438 2273 549 2308 quidem
565 2273 675 2308 proprie
697 2273 810 2300 haberet
831 2272 887 2299 odii

96 2328 212 2348 causam
227 2321 360 2347 adversus
375 2320 569 2354 patriarcham.
584 2318 632 2346 sed
647 2322 676 2345 ut
689 2318 889 2352 gratiﬁcaretur

97 2366 270 2402 imperatori,
285 2370 312 2393 et
328 2366 354 2393 in
373 2373 432 2392 eam
454 2373 536 2400 quant
552 2365 597 2391 ille
615 2365 665 2391 hac
680 2369 739 2390 arte
758 2371 887 2398 procura-

97 2418 156 2440 tum
179 2413 234 2439 ibat
250 2412 416 2439 retusienem
428 2411 600 2438 conﬁdentia:
615 2409 705 2442 Vccci,
717 2417 750 2436 ne
761 2409 888 2443 deinceps

96 2466 155 2486 tam
174 2459 257 2486 libere
273 2466 353 2493 agere
363 2465 456 2485 secum
469 2458 592 2489 auderet,
604 2457 739 2484 elllcacem
757 2463 805 2489 pro
816 2455 887 2482 virili

95 2506 238 2532 coul'crrct
268 2511 392 2538 operam.
419 2503 581 2537 Quanquam
607 2510 660 2528 non
688 2501 775 2527 aliena
798 2498 887 2526 solum

95 2558 195 2582 causa,
212 2550 259 2578 sed
275 2549 378 2585 proprii
393 2550 474 2576 etiam
497 2553 622 2583 respectu
651 2552 772 2582 quaestus
785 2546 813 2572 iu
835 2546 888 2573 hoc

95 2601 205 2624 mutum
228 2585 440 2630 suspicabantur
462 2594 586 2629 quidam,
617 2593 722 2628 opinati
747 2593 887 2619 studuisse

96 2648 147 2676 per
174 2641 226 2667 hoc
253 2640 341 2673 ipsum
376 2643 452 2672 rapta
485 2643 640 2672 opportune
676 2636 823 2663 occasione
853 2643 887 2664 ex

96 2686 223 2720 periculo
244 2684 337 2716 V'ecci,
352 2693 402 2712 suo
421 2684 477 2719 juri
499 2683 666 2718 subiungere
683 2683 741 2710 loca
756 2682 888 2717 iurisdic-

97 2733 169 2759 tioni
185 2732 347 2766 patriarcha:
362 2736 500 2757 reservata
523 2730 552 2756 in
566 2729 674 2757 cunctis
688 2736 735 2764 per
748 2729 886 2756 Orientem

96 2776 277 2808 dioecesibus,
295 2776 330 2802 ita
346 2780 372 2802 ut
387 2783 417 2802 ea
434 2780 540 2802 tantum
558 2782 638 2802 sacra
660 2775 720 2801 loca
742 2781 804 2808 quae
816 2775 887 2801 intra

96 2831 184 2849 unam
210 2823 302 2849 tuhcnt
325 2821 590 2856 Constantinopolim
613 2820 665 2848 sila
687 2826 787 2851 essent.
809 2821 886 2848 ordi-

939 2227 1109 2263 propriaejus
1121 2230 1300 2260 competeret.
1318 2225 1396 2258 Quod
1415 2225 1459 2259 qui
1473 2225 1592 2256 dicebat.
1608 2232 1661 2251 non
1684 2224 1727 2250 in-

939 2273 1076 2308 telligebat
1092 2272 1197 2306 eripere
1212 2279 1241 2299 se
1256 2271 1420 2306 patriarchae
1431 2271 1540 2297 titulum
1552 2269 1725 2301 mcutnenici.

938 2319 1040 2355 quippe
1052 2325 1132 2352 quem
1146 2317 1377 2344 circumcluderet
1396 2316 1463 2344 urbe
1474 2315 1724 2350 Constantinopoli,

939 2373 990 2392 nec
1003 2364 1098 2391 saltem
1111 2364 1136 2390 ei
1147 2363 1308 2390 concederet
1318 2363 1457 2390 dioecesim
1473 2367 1574 2397 quanta
1591 2367 1619 2389 et
1636 2361 1726 2396 qualis

939 2411 1030 2438 cuivis
1048 2409 1129 2437 etiam
1154 2409 1259 2444 vulgari
1275 2409 1404 2436 tribuitur
1418 2409 1557 2444 episcopo.
1577 2408 1675 2435 Verum
1697 2407 1725 2434 id

939 2461 996 2483 tutn
1011 2456 1120 2490 quidem
1139 2455 1207 2482 nihil
1224 2455 1300 2490 pensi
1323 2455 1426 2482 habens
1447 2454 1533 2487 Isaac,
1557 2459 1584 2481 et
1604 2454 1630 2481 in
1653 2453 1724 2480 lucri

938 2508 1015 2537 parte
1042 2509 1192 2529 numerans
1213 2501 1332 2529 oblatam
1359 2501 1531 2528 occasionem
1551 2499 1724 2535 gratificandi

939 2548 1187 2582 quomodocunque
1206 2548 1304 2575 amicis
1316 2547 1375 2574 suis
1385 2547 1529 2581 episcopis,
1541 2554 1609 2581 quas
1624 2546 1725 2573 multus

938 2593 1111 2620 olIendebant
1125 2594 1183 2620 ista:
1200 2593 1227 2619 in
1239 2593 1357 2627 propriis
1373 2592 1539 2619 dioecesibus
1552 2596 1726 2625 exceptiones

939 2638 1061 2665 locowm
1079 2639 1281 2665 subtractorum
1295 2638 1441 2665 ordinaria
1454 2637 1576 2671 ipsorum
1596 2636 1723 2671 potestati

937 2693 970 2712 ac
992 2685 1154 2718 patriarclne
1178 2684 1335 2711 auctoritati
1358 2684 1553 2718 subiectorum;
1571 2688 1598 2709 et
1620 2683 1721 2716 passim

937 2731 1139 2759 contendebant
1156 2738 1211 2758 non
1229 2730 1375 2765 plus-juris
1391 2729 1723 2764 Uoustantinopolitaniin

938 2778 1040 2804 alienas
1048 2778 1172 2804 dioceses
1184 2784 1265 2811 quam
1279 2785 1378 2812 cuique
1389 2777 1510 2811 ipsorum
1527 2777 1553 2803 itt
1567 2776 1726 2803 Constanti-

939 2823 1125 2858 notmlitanam
1142 2831 1214 2850 esse.
1231 2823 1366 2851 Cancrum
1383 2823 1566 2859 patriarcham
1579 2824 1725 2858 imperator
