1944 3067
75 173 129 207 917

557 174 605 205 DE
630 174 828 206 MICHAELE
849 175 1084 208 PALEOLOGO
1103 177 1176 209 LIB.
1196 177 1246 209 VI.

1654 175 1706 206 9:3

75 238 137 257 τινα
154 227 281 263 δοκιμὴν,
297 235 344 254 και
359 227 437 255 τοῦτό
454 228 513 255 ἔστι
528 229 558 256 τδ
569 231 618 265 τῆς
628 229 779 266 ἐπιστάσης
797 240 866 266 πρε·
881 234 907 263 Δ,
918 232 990 260 οὕτω
1003 233 1036 260 τὰ
1052 233 1113 260 καθ*
1129 233 1211 259 αὐτὸν
1225 231 1434 264 διασκευάζεται
1454 230 1491 262 ὥς
1513 230 1581 265 μηδὲ
1598 231 1652 257 τῶν
1669 232 1709 262 εἰς

77 275 174 307 σϐείας
191 275 350 308 κεφάλαιον,
380 274 512 310 βούλομαι
534 276 679 311 προλαϐὼν
695 278 783 313 μικρὰ
801 277 870 313 πρὸς

76 322 149 355 ὑμᾶς
164 321 252 348 εἰπεῖν
263 321 310 347 καὶ
325 320 545 356 πληροφορῆσαι,
555 323 593 354 ὡς
609 322 642 349 ἂν
656 322 693 357 μὴ
705 323 870 355 ἐξαπιναίως

76 365 244 397 ἀκούσαντες
269 365 463 400 ταραχθείητε,
497 366 565 402 μηδέ
585 376 611 394 τι
636 368 718 395 πάλιν
737 368 816 403 ήμῶν
840 368 870 395 τὸ

77 411 147 446 προς
163 412 235 444 σφᾶς
250 411 450 446 κυϐερνητικὸν
482 412 584 443 ἰδόντες
610 413 740 449 ὑποψίαις
755 415 816 445 ταῖς
838 414 869 441 οὐ

77 458 177 489 καλαῖς
195 459 258 493 περὶ
273 457 352 492 ἡμῶν
367 457 522 492 βληθείητε.
546 459 617 494 Ἐγὼ
642 462 708 495 γὰρ,
725 461 778 487 κᾶν
796 461 871 487 συνί-

78 512 153 538 στωρ
171 504 213 539 εἴη
242 505 319 535 Θεὸς,
351 504 421 538 ὑπὲρ
440 504 487 531 ’τοῦ
505 505 541 540 μή
558 513 584 532 τι
611 507 802 541 παραλυθῆναι
816 507 871 534 τῶν

77 549 223 584 ἡμετέρων
239 549 319 583 μξχρι
333 550 379 575 καὶ
396 549 482 582 αὐτῆς
495 549 610 585 κεραίας
627 551 643 585 ἢ
662 551 716 586 μὴν
734 552 811 583 ἰῶτα,
823 552 871 578 αὐ-

77 596 122 626 τὸς
136 595 194 629 ἐγὼ
209 595 447 630 καθυπισχνοῦμαι
461 596 528 622 αὐτὸ
541 596 571 622 τὺ
583 596 654 623 θεῖον
664 597 803 632 Σύμϐολον
817 597 872 624 τῶν

79 641 212 676 Πατέρων
227 642 345 667 ἐνθεῖναι
361 641 478 676 σημαία,
499 642 546 668 καὶ
560 642 715 678 πολεμῆσαι
735 644 772 679 μὴ
786 643 826 670 ὅτι
840 652 872 678 γε

84 686 209 718 Ἰταλοῖς,
233 687 302 712 ἀλλὰ
315 687 363 712 καὶ
386 687 469 715 παντὶ
485 687 557 713 ἔθνει
584 688 656 722 ὑπὲρ
669 688 772 715 τούτων
787 690 873 723 ἀμφι-

81 731 237 767 σϐητοῦντι.
264 733 320 759 Καὶ
339 732 409 767 αὕτη
428 733 478 767 μέν
497 734 571 760 ἐστιν
602 734 618 768 ή
635 734 819 769 πληροφορία,
840 735 874 770 ἢν

79 779 176 813 δίδωμι
197 778 265 814 πρὸς
282 780 372 813 ὑμᾶς·
388 779 478 810 ἄλλως
494 780 522 807 δὲ
550 780 720 816 κυϐερνῆσαι
744 784 791 808 καὶ
813 782 871 817 μετ’

79 825 195 859 είρήνης
210 824 374 859 ἀποπέμψαι
388 824 429 860 [Ρ.
445 825 507 861 514]
523 826 585 857 τοὺς
598 826 729 861 πρέσϐεις
743 827 799 854 οὔτ’
813 827 874 863 ἐμοὶ

79 871 196 906 νέμεσις
211 871 322 903 πάντως
333 872 391 898 οὗθ’
407 873 472 908 ὑμῖν
490 873 584 900 ἀδικία
603 874 633 900 τὸ
648 874 768 901 σύνολον.
792 874 872 907 Ἀξιῶ

79 917 129 944 οὖν
145 918 193 944 καὶ
209 918 448 952 προσπτύσαι-εσθαι
466 920 536 954 σφᾶς
551 920 667 954 φιλικῶς
680 921 727 947 καὶ
750 921 870 953 ἀσπάζε-

81 963 145 989 σθαι
158 963 291 997 εὐμενῶς,
311 964 409 999 μήπως
431 966 481 992 καὶ
504 966 553 1000 τὴν
567 966 668 1001 θήραν,
690 966 704 992 ὃ
720 966 751 1001 δή
776 975 869 1001 φασιν,

80 1009 308 1044 ἀνασοϐήσωμεν,
338 1011 385 1036 καὶ
404 1011 505 1045 μᾶλλον
523 1012 623 1038 πάππα
641 1013 783 1046 γεγονότος
797 1013 870 1043 νέου,

81 1054 128 1080 ναὶ
142 1054 172 1080 οὐ
188 1055 257 1082 κατὰ
271 1056 315 1081 τὶν
328 1056 478 1091 Γρηγόριον
492 1057 566 1088 ὄντος
587 1057 718 1091 εὐμενοῦς
733 1057 804 1085 οὕτω
817 1059 873 1089 τοῖς

82 1099 230 1134 ἡμετέροις
246 1101 401 1136 πράγμασι.
420 1103 457 1129 To
482 1102 505 1129 δ’
521 1103 647 1130 ἐντεῦθεν
662 1104 724 1139 ἐμοὶ
748 1103 871 1138 μελήσει,

84 1145 154 1179 μηδὲ
169 1145 282 1181 διωρίαν
295 1147 403 1174 λαϐόντι
418 1148 525 1183 βουλῆς,
541 1150 590 1185 τῆς
603 1150 671 1184 πρὸς
696 1151 794 1181 αὐτοὺς
807 1151 875 1176 ἀπ’)-

83 1192 214 1225 κρὶσεως.
235 1201 244 1217 ι
265 1192 358 1219 Ταῦτα
373 1194 419 1220 τοῦ
444 1194 578 1228 βασιλέως
595 1195 718 1227 εἰπόντος
732 1196 746 1221 ὁ
762 1196 813 1230 μὲν
826 1204 878 1222 πα-

83 1237 224 1271 τριάρχης
249 1238 392 1272 ἐφίσταται
422 1241 455 1276 τῇ
480 1240 534 1266 τῶν
561 1242 717 1275 Μαγγάνων
732 1243 811 1277 μονῇ,
829 1241 876 1268 καὶ

85 1328 218 1355 nimirum
253 1329 397 1357 discidium
425 1331 501 1358 cordi
528 1335 580 1363 est,
605 1332 698 1359 nescio
725 1339 778 1367 qua
809 1333 875 1360 moli

87 1381 172 1401 causa
186 1375 250 1408 (nisi
261 1375 323 1410 quis
334 1376 430 1403 dixerit
444 1376 476 1403 ad
488 1378 676 1410 probationem
688 1378 744 1404 haec
754 1383 877 1405 nostram

87 1425 115 1446 et
146 1427 279 1455 angorum
309 1421 451 1448 cumulum
483 1422 567 1458 458
602 1423 784 1456 contingere)
812 1431 876 1450 cum

89 1465 195 1495 Freriis
211 1468 281 1502 apud
293 1467 412 1495 Peraeam
429 1469 571 1502 congressi
589 1468 720 1495 dixerunt
734 1469 803 1495 nihil
825 1469 877 1496 nisi

89 1513 240 1540 luiihrium
263 1517 290 1540 et
310 1513 434 1540 fraudem
459 1514 529 1540 hanc
556 1521 650 1548 pacem
670 1521 742 1547 esse,
770 1518 797 1541 et
825 1513 877 1540 hoc

887 899 908 926 Β

920 279 1002 305 αὑτὸν
1026 278 1204 314 πραχθέντων
1219 277 1320 312 γνῶσίν
1343 286 1403 305 τινα
1439 278 1592 312 παρασχεῖν
1613 277 1706 311 σφίσι·

920 326 973 353 τῶν
998 327 1021 353 δ’
1036 326 1186 362 ἀρχιερέων
1212 334 1240 353 τε
1254 326 1369 352 καὶτῶν
1385 325 1519 361 ἐκκρίτων
1544 324 1590 352 τοῦ
1605 326 1706 359 κλήρου

920 372 990 406 ἀμφ’
1003 372 1083 398 αὑτὸν
1109 373 1294 407 συναχθέντων
1314 371 1510 406 Μραῖίνονται
1540 370 1587 397 καὶ
1605 372 1628 397 οί
1643 372 1711 406 πρέ-

921 418 1006 449 σϐεις.
1026 418 1080 444 Καὶ
1106 418 1141 444 τὰ
1153 419 1202 453 τῆς
1217 418 1366 452 πρεσϐείας
1380 417 1529 449 κινοῦντες,
1548 417 1623 452 δῆλοι
1638 414 1710 453 ἦσαν

921 464 1014 490 ἐκεῖνα
1026 463 1215 498 προτείνοντες
1231 463 1248 490 ἃ
1266 463 1297 495 δὴ
1318 463 1426 497 φθάσας
1451 464 1466 489 ό
1485 463 1612 497 βασιλεὺς
1629 471 1711 498 προε-

921 509 1001 544 δήῦου
1013 518 1019 525 ·
1039 511 1105 544 παρ’
1121 510 1156 545 ἢν
1171 510 1262 536 αἰτίαν
1275 509 1324 536 καὶ
1338 509 1575 545 προενηχηθέντες
1587 509 1711 543 εὐμενῶς

922 556 1030 591 ἤκουον,
1046 556 1063 583 ἃ
1075 556 1106 591 δὴ
1125 556 1162 591 μὴ
1179 555 1366 590 προμαθόντες
1383 557 1430 582 καὶ
1449 555 1509 582 λίαν
1519 555 1658 591 δυσχερῶς
1677 555 1710 582 ἂν

922 603 1095 638 ἡνωτίζοντο.

925 684 973 713 ις’.
988 681 1084 714 Ὅπως
1095 680 1317 714 ἀπεστάλησαν
1333 682 1361 708 ol
1380 681 1520 715 πρέσϐεις
1547 679 1621 708 ἰδεῖν
1640 679 1711 713 τοὺς

1102 716 1326 749 ἀποκλείστους
1343 717 1376 743 ἐν
1400 715 1534 751 φυλακῇ.

959 783 1042 810 Ταῦτ’
1066 783 1120 816 ἄρα
1143 782 1190 810 καὶ
1212 783 1339 817 βασιλεὺς
1358 783 1395 816 ὡς
1408 785 1438 812 οὺ
1454 784 1554 820 χλεύην
1575 781 1646 810 εἶναι
1662 783 1712 818 τὴν

924 828 1037 863 εἰρήνην
1058 827 1252 863 πληροφορῶν,
1269 828 1315 854 τὸν
1339 827 1453 862 Ἐφέσου
1475 828 1567 854 Ἰσαὰκ
1579 827 1629 854 σὺν
1644 827 1711 861 πρέ-

926 873 1018 900 σϐεσιν
1034 873 1199 905 ἀποστείλας
1229 873 1449 909 καθειργμένους
1469 873 1575 900 ἐδείκνυ
1592 881 1712 908 προσγε-

921 919 978 950 νεῖς
998 919 1026 945 ὲν
1041 921 1101 950 ταῖς
1116 916 1261 953 φυλακαῖς.
1282 919 1314 945 Οί
1330 919 1352 946 δ’
1366 917 1437 955 ἦσαν
1459 920 1473 946 ὁ
1490 919 1712 954 πρωτοστράτωρ

921 965 1105 1000 Παλαιο).όγος
1111 965 1304 1000 ’Δνδρὸνικος,ό
1312 965 1463 1000 πιγκέρνης
1470 964 1567 991 Ῥαοὺλ
1575 964 1697 999 Μανουὴ)
1703 983 1713 997 ,

923 1013 937 1039 ὁ
946 1011 1060 1046 ἀδελφὸς
1074 1010 1156 1038 αὑτοῦ
1176 1012 1321 1043 Ἰσαάκιος,
1333 1012 1379 1038 καὶ
1386 1012 1516 1046 τέταρτος
1525 1011 1538 1037 ὁ
1552 1010 1598 1037 τοῦ
1608 1019 1713 1045 πρωτο-

925 1059 1071 1093 στράτορο;
1084 1057 1245 1092 αὐτανέψιος
1265 1057 1449 1090 Παλαιολόγος
1472 1057 1616 1092 Ἰωάννης·
1633 1056 1658 1082 οἳ
1681 1056 1713 1089 δὴ

925 1103 973 1130 καὶ
981 1103 1102 1138 τέτραχα
1117 1102 1313 1138 κοσμηθέντες,
1321 1102 1394 1128 εῐποι
1402 1111 1444 1134 τις
1454 1102 1579 1137 ποιητὴς,
1591 1101 1714 1137 βαρείαις

925 1149 1037 1176 ἁλύσεσι
1069 1149 1193 1184 φυλακῆς
1211 1148 1385 1184 τετραγώνου
1402 1148 1504 1182 γωνίαν
1519 1148 1630 1182 ἐπεῖχεν
1649 1147 1714 1173 ἕκα-

927 1204 999 1227 στος.
1015 1195 1081 1222 Τότε
1098 1195 1145 1222 καὶ
1156 1196 1170 1222 ὁ
1195 1195 1348 1230 πιγκέρνης
1371 1194 1469 1221 Ῥαοὺ),
1485 1193 1546 1220 ίδὼν
1570 1193 1617 1220 τὸν
1636 1192 1715 1226 Ἐφέ-

928 1250 986 1274 σου,
1003 1241 1051 1268 atati.
1068 1239 1125 1268 οἷον
1140 1241 1340 1276 ὑπερπαθήσας
1353 1241 1377 1267 εί
1396 1241 1477 1272 αὐτὸς
1502 1240 1554 1274 μὲν
1579 1240 1607 1266 ὲν
1624 1239 1714 1265 ἀνέσει

930 1332 1021 1360 favore
1036 1331 1063 1359 in
1085 1339 1129 1359 res
1147 1336 1257 1358 nostras
1287 1331 1446 1358 instinctus.
1463 1331 1530 1358 Meae
1553 1332 1587 1359 de
1614 1337 1716 1359 exuero

930 1387 1001 1406 cura:
1014 1379 1098 1406 fuerit
1114 1380 1150 1406 ita
1166 1378 1220 1406 illis
1245 1378 1436 1413 respondendo
1449 1378 1620 1409 satisfacere,
1646 1381 1676 1404 ut
1701 1386 1714 1402 ιι

932 1426 984 1452 ﬁxa
1001 1425 1027 1452 in
1044 1429 1149 1452 statuto
1175 1425 1230 1459 jam
1250 1424 1365 1452 consilio
1392 1424 1475 1460 459
1502 1423 1655 1452 constantia
1684 1431 1717 1450 ne

932 1471 1074 1499 minimum
1090 1470 1199 1506 quidem
1216 1470 1404 1497 deﬂet-tamus.
1423 1480 1431 1497 ι
1450 1471 1527 1498 Talia
1549 1471 1638 1498 locuto
1665 1470 1718 1497 im-

933 1521 1070 1551 peratore.
1085 1515 1238 1550 patriarcha
1256 1515 1365 1550 quidem
1382 1516 1410 1542 in
1437 1515 1632 1550 Manganorum
1659 1523 1719 1541 mo-

88 1561 257 1596 imprudenti
279 1561 352 1589 dicto
373 1560 478 1589 Latinis
503 1561 676 1588 occasionem
703 1560 913 1596 prmhueruntc
933 1562 1082 1589 nasterium
1096 1569 1125 1589 se
1149 1561 1277 1593 contulit,
1303 1566 1331 1588 et
1353 1562 1390 1588 ita
1418 1568 1448 1589 se
1473 1562 1557 1597 gessit
1583 1567 1611 1589 ut
1643 1561 1717 1588 nulla

88 1608 251 1642 exquirendi
268 1608 329 1642 plus
343 1608 458 1642 aliquid.
476 1611 505 1634 ιιι
516 1606 704 1640 experimento
717 1605 785 1633 satis
802 1609 877 1633 certo

87 1657 197 1680 constet
216 1653 289 1680 serio
306 1661 337 1680 ac
353 1660 416 1680 vere
446 1661 502 1680 rem
534 1658 684 1688 peractam,
716 1651 788 1679 unde
809 1651 877 1685 hate,

87 1707 173 1733 quam
187 1699 308 1726 audituri
326 1706 386 1725 mox
403 1705 509 1728 sumus.
536 1698 634 1732 legatio
650 1702 712 1724 nata
726 1703 778 1730 est,
799 1698 879 1731 cujus

89 1752 204 1779 scopum
223 1745 389 1779 praecipuum
411 1751 473 1771 esse
491 1743 612 1778 comperi
637 1743 690 1770 hoc
705 1743 777 1777 quod
797 1745 878 1770 modo

89 1790 147 1817 dixi
167 1797 182 1816 a
200 1790 280 1817 nobis
295 1789 416 1824 exigere,
432 1789 494 1816 volo
519 1789 613 1823 paucis
639 1796 832 1823 praeoccupare
848 1797 880 1816 ac

91 1835 259 1871 pra-munire
280 1843 338 1867 vos,
356 1843 390 1862 ne
407 1835 452 1862 ubi
469 1843 529 1870 quae
541 1835 579 1862 illi
590 1834 737 1869 loquentur
751 1835 880 1867 audietis,

91 1883 185 1909 subito
200 1882 415 1914 conturhemini,
434 1889 501 1908 neve
525 1882 553 1908 in
574 1887 680 1908 vestros
701 1881 807 1908 animos
836 1889 883 1908 su-

93 1928 213 1962 s;»icioni
229 1928 261 1955 de
277 1928 356 1954 nobis
369 1927 488 1955 sinistrae
504 1927 550 1954 ulli
570 1931 661 1961 pateat
673 1927 775 1960 aditus,
787 1926 883 1960 utique

92 1980 239 2009 postquam
254 1975 328 2001 clare
341 1973 537 2008 perspexerilis
550 1980 631 2008 quant
648 1973 755 2000 sincera
784 1979 882 2007 quam-

91 2029 147 2056 que
168 2020 305 2048 constanti
322 2021 429 2047 ratione
449 2020 476 2047 in
497 2024 553 2046 tata
583 2019 665 2053 hujus
692 2027 754 2046 eum
778 2017 884 2046 Latinis

93 2066 294 2101 gubernatione
310 2067 411 2101 negotii
428 2074 581 2093 versemur.
609 2065 667 2100 Ego
690 2066 763 2093 enim
788 2070 884 2093 sancte

93 2114 237 2149 polliceor,
252 2119 279 2141 et
295 2118 325 2140 ut.
341 2114 481 2141 conscium
501 2113 589 2139 habeo
611 2111 708 2143 Deum.
726 2113 763 2139 ita
787 2115 883 2139 testem

93 2161 193 2187 invoco
205 2160 331 2187 eumdem
353 2159 542 2187 irrevocabilis
557 2158 692 2193 propesiti
709 2166 717 2184 :
743 2157 883 2192 proﬁteor,

94 2207 220 2240 inquam,
232 2211 259 2233 et
274 2207 417 2234 verissime
429 2205 560 2240 promitto
575 2205 692 2240 rigorem
708 2204 884 2231 inﬂexibilem

96 2261 187 2288 usque
201 2253 234 2280 ad
258 2253 445 2281 exclusiouem
477 2252 517 2278 vel
545 2251 607 2278 iota;
620 2251 660 2278 vel
678 2251 764 2285 apicis
789 2251 882 2277 unius.

96 2299 292 2333 Continuoque
307 2307 348 2325 me
365 2298 522 2332 neutiquam
543 2304 687 2332 passurum
715 2296 777 2323 addi
807 2295 886 2331 Sym-

97 2346 161 2374 bolo
178 2344 291 2372 Patrum
308 2344 349 2371 vel
378 2343 518 2371 minimam
544 2342 693 2375 notulam;
718 2346 744 2369 et
768 2341 791 2368 si
817 2348 888 2375 opus

97 2393 145 2424 sit,
162 2399 193 2418 ea
206 2398 288 2418 causa
306 2391 406 2417 bellum
421 2393 624 2422 suscepturum,
644 2396 697 2415 non
711 2388 804 2414 solum
823 2393 886 2413 cum

98 2439 187 2471 Italis,
197 2438 244 2466 sed
257 2445 317 2463 cum
328 2437 425 2470 quavis
432 2436 544 2463 onmiuo
551 2440 630 2468 gente
639 2435 671 2462 ad
681 2435 706 2462 id
720 2441 769 2461 nos
780 2433 889 2468 adigere

99 2487 220 2512 \‘0lt'lllC.
255 2483 292 2509 Do
312 2484 362 2510 hoc
378 2483 444 2510 Certi
475 2487 572 2514 estote,
597 2482 624 2508 in
651 2481 724 2516 quod
750 2481 784 2506 do
811 2480 890 2507 vobis

99 2533 182 2560 tidem
211 2529 410 2566 plenissimam.
439 2529 506 2556 Cum
520 2536 553 2556 eo
580 2533 671 2555 tamen
698 2528 831 2562 deprecor
856 2534 890 2553 ne

99 2578 207 2615 placide
222 2585 278 2604 rem
298 2575 490 2603 administrare
502 2583 533 2602 ac
556 2575 669 2610 pacilicc
684 2574 822 2602 dimittere
848 2574 888 2600 le-

99 2630 178 2660 gatos
195 2623 236 2650 vel
251 2623 317 2650 mihi
334 2621 367 2648 ad
391 2621 635 2656 reprehensionem
666 2621 826 2655 imputetur,
843 2624 891 2647 aut

101 2672 135 2702 ad
152 2671 284 2698 damnum
304 2670 388 2696 ullum
412 2673 533 2696 vestrum
564 2667 728 2700 iniuriamve
753 2666 892 2700 pertinere

102 2718 218 2745 omnino
248 2719 404 2743 censeatur.
440 2714 508 2741 Volo
537 2715 618 2748 igitur
645 2719 671 2741 et
693 2713 819 2748 amplecti
844 2719 892 2740 eos

102 2763 192 2791 amice
209 2768 235 2789 et
246 2762 365 2789 salutare
385 2761 526 2793 benevole,
543 2768 575 2787 ue
594 2759 674 2790 forte,
692 2759 761 2793 quod
775 2758 892 2788 dicitur.

102 2809 171 2836 iuris
199 2808 389 2842 intempestive
418 2806 552 2834 terrendis
585 2806 739 2833 venationis
770 2804 891 2831 lrucunn

103 2856 262 2890 perdamus.
278 2853 343 2885 Quin
361 2853 448 2887 magis
463 2859 534 2878 nunc
555 2851 706 2879 necessaria
724 2855 766 2877 est
791 2850 892 2881 cautio,

108 2908 173 2928 cum
191 2907 256 2935 papa
272 2907 358 2927 novus
375 2899 421 2932 sit,
436 2899 512 2932 isque
525 2898 596 2925 haud
610 2897 666 2933 pari
688 2905 719 2925 ac
745 2895 894 2931 Gregorius

903 2245 922 2272 D

930 1615 1024 1635 eorum
1044 1615 1105 1642 quae
1120 1608 1146 1634 in
1162 1614 1225 1634 eum
1247 1612 1306 1634 acta
1323 1606 1432 1634 inerant
1450 1606 1548 1633 notitia
1576 1613 1623 1639 per
1653 1613 1716 1632 eum

929 1653 962 1682 ad
978 1653 1082 1690 legatos
1095 1657 1247 1681 emanaret.
1268 1652 1445 1687 Congregatis
1462 1659 1542 1685 porro
1558 1652 1594 1679 ibi
1607 1651 1640 1678 ad
1654 1659 1717 1678 eum

932 1699 1069 1734 episcopis
1091 1706 1124 1726 ac
1141 1699 1308 1733 primoribus
1328 1697 1394 1726 cieri
1409 1697 1556 1724 adfuerunt
1583 1701 1610 1724 et
1625 1697 1718 1731 legati,

931 1749 958 1772 et
973 1744 1099 1771 videlicet
1117 1744 1204 1777 palam
1233 1748 1259 1770 et
1291 1743 1374 1770 libere
1392 1743 1436 1770 illa
1461 1742 1519 1777 ipsa
1546 1741 1719 1775 protulerunt

931 1799 992 1825 quae
1008 1790 1191 1825 postulaturos
1206 1789 1499 1825 ipsosjamimpcrator
1510 1795 1718 1824 prmmonuerat.

934 1836 961 1863 In
977 1845 1032 1872 quo
1043 1837 1102 1872 ejus
1112 1836 1290 1871 providentiae
1299 1835 1437 1865 i'rttctusis
1452 1836 1586 1868 constitit,
1596 1842 1624 1863 ut
1639 1842 1720 1864 tantre

932 1884 1093 1912 ollensionis
1104 1883 1185 1911 verba
1197 1883 1302 1918 placide
1318 1890 1353 1910 ac
1369 1883 1428 1910 sine
1442 1883 1559 1910 tutuullu
1571 1883 1719 1914 audierint.

933 1931 1082 1958 irritabiles
1104 1930 1206 1965 alioqui
1235 1930 1369 1961 homines.
1411 1937 1493 1965 quos,
1515 1929 1566 1957 nisi
1595 1930 1721 1964 prudenti

935 1977 1053 2004 fuissent
1069 1977 1258 2004 admonitione
1276 1977 1432 2011 praeparati,
1455 1981 1531 2004 certo
1554 1976 1657 2004 certius
1680 1981 1723 2003 est

935 2021 962 2048 in
977 2021 1171 2056 acrejurgium
1189 2021 1276 2056 prima
1293 2021 1339 2048 illa
1366 2021 1505 2048 mentione
1529 2026 1722 2056 prorupturos.

936 2101 980 2128 16.
1002 2099 1038 2127 Ut
1059 2099 1166 2126 deducti
1193 2099 1245 2126 sint
1270 2098 1352 2133 legati
1374 2099 1408 2125 ad
1435 2098 1570 2125 custodias
1590 2098 1721 2133 publica»,

1045 2135 1127 2162 visuri
1145 2142 1188 2161 eos
1201 2134 1247 2168 qui
1267 2134 1322 2160 illic
1347 2133 1431 2160 clomi
1451 2133 1615 2160 tenebamur.

977 2203 1148 2238 Excogitavit
1158 2208 1184 2229 et
1196 2202 1269 2229 aliud
1285 2202 1434 2237 imperator
1449 2200 1590 2236 pereﬂicax
1600 2200 1723 2228 futurum

938 2252 972 2278 ad
1000 2249 1220 2285 persuadendum
1251 2249 1347 2285 legatis
1380 2256 1437 2277 non
1473 2256 1535 2276 esse
1572 2248 1724 2276 ludibrium

939 2305 1034 2332 pacem
1043 2297 1099 2332 jam
1114 2296 1225 2323 factam.
1236 2295 1443 2323 Misitviilclicet
1455 2294 1554 2330 Ephesi
1567 2295 1724 2329 episcopum

940 2343 1062 2369 Isaacum
1080 2349 1140 2368 cum
1164 2341 1260 2375 legalis
1279 2341 1307 2368 in
1325 2340 1465 2368 custodias
1480 2340 1614 2375 publicas,
1625 2340 1725 2374 jubens

940 2389 1008 2423 ipsis
1031 2389 1088 2416 illic
1111 2387 1220 2415 ostendi
1248 2391 1379 2423 cognatos
1406 2387 1480 2421 ipsos
1495 2394 1527 2414 ac
1554 2386 1725 2414 necessarios

941 2442 1006 2462 suos
1032 2435 1070 2462 ibi
1097 2435 1234 2466 detentos,
1263 2433 1334 2468 quod
1356 2433 1416 2468 paci
1427 2441 1479 2460 non
1504 2432 1725 2460 consensissent.

942 2481 973 2508 Ili
992 2485 1069 2507 erant
1094 2484 1274 2515 protostrator
1288 2479 1454 2513 Pulzeologus
1466 2478 1650 2510 Andronicus,
1668 2477 1728 2511 pin-

941 2533 1023 2553 eerua
1035 2526 1104 2553 Raul
1118 2525 1235 2557 Manuel,
1249 2525 1332 2552 frater
1342 2525 1421 2559 hujus
1435 2524 1602 2556 lsa:icius,et
1612 2526 1728 2557 quartus

942 2572 1149 2607 protostratoris
1165 2577 1198 2597 ex
1211 2570 1295 2598 fratre
1311 2578 1395 2605 nepos
1410 2569 1580 2604 Palmologus
1595 2567 1728 2599 Joannes;

942 2618 990 2653 qui
1003 2625 1068 2645 sane
1082 2617 1109 2644 iu
1127 2624 1224 2651 aspero
1241 2621 1351 2649 ornatu,
1364 2621 1394 2643 ut
1408 2620 1487 2651 poeta
1502 2615 1640 2650 quispiam
1655 2614 1731 2641 dice-

943 2668 995 2696 ret,
1007 2662 1131 2697 quadrati
1141 2661 1223 2689 unius
1234 2660 1352 2688 carceris
1361 2661 1483 2695 singulos
1499 2660 1600 2692 singuli
1615 2659 1730 2692 angulos

943 2709 1083 2740 tenebant,
1101 2706 1231 2742 gravibus
1249 2706 1336 2733 \‘incti
1351 2706 1469 2734 catt-nis.
1493 2705 1571 2733 Tunc
1600 2705 1728 2739 pincerua

946 2754 1014 2781 naui
1033 2754 1199 2788 Epiri-sinum
1219 2753 1325 2785 videtis,
1344 2757 1369 2779 et
1387 2752 1493 2779 scilicet
1509 2751 1654 2786 indignans
1667 2757 1730 2776 cum

944 2800 1053 2834 quidem
1078 2799 1159 2826 lihcre
1186 2798 1212 2824 in
1238 2798 1400 2825 remissione
1416 2805 1447 2824 ac
1462 2797 1568 2824 deliciis
1584 2796 1684 2826 vivere,
1702 2803 1732 2822 se

945 2852 1034 2875 autem
1053 2854 1113 2873 eum
1131 2845 1212 2872 sociis
1227 2844 1377 2872 conﬂictari
1392 2844 1451 2871 tetri
1468 2843 1585 2871 carceris
1601 2841 1732 2870 :Prumnis

947 2892 1111 2922 ecelesiaslit
1127 2899 1160 2922 au
1177 2891 1212 2919 ob
1225 2898 1348 2924 causam,
1363 2899 1412 2926 pro
1425 2899 1476 2927 qua
1490 2891 1578 2927 ipsum
1592 2889 1732 2919 nimirum.
