1944 3067
172 157 225 190 923

793 157 956 189 GEORGII
975 157 1215 188 PACIlYMEltE
1742 153 1795 186 $24

165 214 243 246 τικὰ,
259 212 346 246 ᾶλλως
362 213 503 249 προϐάσης
517 213 555 245 ὠς
568 213 682 246 πολλοὺς
697 213 795 241 εἰδέναι
812 215 863 249 τῆς
876 215 959 248 ὲκκη-
974 214 995 242 Α
1011 213 1145 248 ζομένων,
1171 214 1240 248 πλὴν
1254 214 1296 240 ἐπ’
1313 214 1449 249 ἀσφαλείᾳ
1473 214 1643 250 περιφανεῖς,
1654 210 1691 241 ὧν
1706 212 1747 245 εἷς
1760 213 1796 250 ἦν

169 258 284 293 ρύξεως.
298 258 409 294 Ἐπειδὴ
430 260 485 294 γάρ
500 267 572 290 τινες
586 259 640 285 τῶν
658 259 792 295 περιττῶν
808 260 855 285 καὶ
873 259 953 286 εὐκό-

167 305 233 339 λων,
243 303 284 336 οἷς
295 305 351 331 οὐδ’
365 303 400 340 ἦν
417 305 448 331 τὺ
459 306 594 340 παράπαν
609 305 709 332 εἰδέναι
726 305 760 331 τὰ
772 306 822 339 τῆς
837 305 955 341 Ἐκκλη-

167 351 227 381 σίας
243 351 297 377 τῶν
314 351 437 380 Ἰταλῶν,
457 350 521 377 οὔτε
549 351 602 385 μὴν
622 352 671 377 καὶ
689 351 795 383 ἀξιοῦσι
823 352 953 384 ξυνιέναι,

166 397 203 428 ὼς
217 397 300 423 πάλαι
318 397 380 422 ποτὲ
393 395 463 431 ἦσαν
479 398 508 422 ἐν
520 397 641 431 πρώτοις
653 398 789 431 ἡνωμένοι
800 398 854 423 τῶν
866 398 955 425 ἄλλων

168 442 261 472 πλέον,
279 442 330 468 κᾶν
343 450 370 467 τι
386 442 526 475 συμπεσδν
543 443 682 476 παρέλυσε
697 443 743 468 τὸν
755 443 864 476 δεσμδν,
880 444 955 476 ὅμως

169 488 196 514 δὲ
213 488 293 515 πάλιν
308 489 526 523 ἁπαράθραυστα
545 491 673 523 μένουσιν
691 491 756 524 ἡμῖν
772 498 801 515 τε
819 490 956 521 κάκείνοις

167 535 201 560 τὰ
212 534 258 560 τοῦ
274 535 490 568 Χριστιανισμοῦ
505 535 655 569 μυστήρια,
667 535 703 566 ὼς
718 535 801 569 μηδὲν
811 544 956 570 παρεγχει-

170 583 227 615 ρ;ἰν
243 582 347 616 τολμᾷν
368 591 445 613 τινας
459 582 505 607 ἑτί
519 591 547 608 τε
559 582 684 617 τελεσ;ιῷ
697 582 884 616 βαπτίσματος
908 583 955 609 καὶ

167 627 304 663 ιερωσύνῃ
329 630 375 654 καὶ
395 627 477 661 γάμῳ
493 627 541 653 καὶ
565 629 699 663 μοναχικῇ
715 629 884 655 καταστάσει
909 629 956 655 καὶ⁸

166 674 224 704 τοῖς
235 673 338 704 λοιποῖς
351 672 391 704 οἷς
403 674 458 708 ἄρα
475 675 522 700 καὶ
537 674 552 708 ἠ
570 673 702 708 καϐολικὴ
716 674 764 700 καὶ
781 674 829 707 μία
845 674 956 709 Ἐκκλη-

167 719 215 745 σία
230 719 294 750 τοὺς
310 718 395 753 αὐτῆς
417 719 536 745 ἐπιτελεῖ
550 719 713 754 τροφίμους,
729 719 786 746 ἀλλ’
810 719 906 754 ὥσπερ
922 719 957 746 ἂν

167 765 201 791 ὲκ
225 764 305 800 δρυὸς
321 765 338 800 ἢ
355 765 419 792 -ἀπὸ
435 767 538 800 πέτρης
555 766 677 801 ἀρχῆθεν
705 763 787 801 ἦσαν.
807 767 890 801 μηδὲν
903 767 957 793 τῶν

169 811 227 842 τοῖς
243 811 418 845 Χριστιανοῖς
444 812 602 845 ἀνηκόντων
625 811 727 842 ειδότες
745 812 792 838 καὶ
810 811 855 838 διὰ
868 812 956 838 ταῦτα

169 857 290 888 ἐκείνους
307 858 430 889 ἐκτόπως
459 857 707 892 ἀποστρεφόμενοι,
738 859 785 885 καὶ
817 858 851 884 τὰ
881 859 957 893 παρὰ

169 904 225 934 τοῖς
236 902 381 937 ἡμετέροις
403 903 495 929 ἐῆδελύ
503 911 598 930 σσοντο
611 904 677 937 ἅγια
694 903 740 930 καὶ
761 905 896 938 κρημνοῖς
909 904 956 930 καὶ

170 949 301 982 ποταμοῖς
315 949 362 975 καὶ
377 949 469 982 ὄρεσιν
484 949 587 975 ἐδίδουν
615 949 652 980 ὡς
668 949 753 984 μηδὲν
779 949 844 976 ὄντα
859 950 937 983 τίμια
947 970 955 982 ,

170 993 320 1020 κάντεῦθεν
343 994 462 1021 ἐκώλυον
477 995 510 1021 τὰ
534 995 586 1029 τῆς
613 995 743 1027 πίστεως,
769 995 957 1030 ἀναλαμϐάνει

170 1040 253 1074 ζῆλον
268 1042 281 1067 ὁ
299 1041 437 1076 βασιλεὺς,
452 1041 500 1068 καὶ
521 1043 624 1073 πάντας
651 1042 820 1072 ἐπισκόπους
837 1050 958 1076 προσ-κα·

170 1086 256 1114 λεῖται
273 1088 319 1114 καὶ
341 1089 486 1122 μοναχοὺς,
507 1087 564 1114 ἔστι
577 1088 599 1114 δ’
611 1084 641 1114 οὗ
658 1088 705 1114 καί
720 1097 796 1119 τινας
814 1088 869 1114 τῶν
897 1097 957 1123 σχι-

173 1183 230 1203 ratn
258 1176 399 1211 religienis
421 1177 494 1203 viam
524 1176 660 1208 insistere,
683 1177 781 1204 blande
811 1177 867 1212 ipse
891 1185 961 1212 quo-

173 1229 227 1255 que
245 1229 276 1249 ac
297 1222 454 1250 humaniter
474 1223 612 1254 exciperet
633 1223 704 1258 apud
727 1230 811 1258 seque
835 1223 958 1249 haberet.

174 1264 210 1293 Ut
227 1267 282 1294 haec
298 1275 378 1302 porro
397 1268 577 1295 assentatorie
596 1269 747 1303 agebantur
760 1273 787 1295 et
802 1268 961 1295 scribeban-

174 1318 219 1341 tur
229 1322 261 1341 ex
274 1321 349 1348 parte
361 1313 532 1345 Latinorum.
548 1315 587 1342 sic
600 1319 680 1342 erant
693 1320 720 1342 et
733 1315 794 1348 illm,
807 1323 877 1350 quas
890 1315 959 1348 dixi,

172 1368 188 1387 a
206 1361 308 1388 uestris
326 1361 359 1388 ad
375 1368 471 1395 papam
486 1361 556 1388 data:
571 1361 667 1389 littera“:
683 1369 736 1388 non
750 1367 876 1397 expertes
893 1362 961 1389 adu-

175 1405 266 1432 latorii
293 1405 359 1437 luci.
385 1407 544 1440 proﬁtentes
570 1407 695 1434 videlicet
723 1414 772 1434 nec
797 1407 880 1434 ullum
903 1407 960 1441 jam

176 1452 287 1486 agnosci
300 1452 345 1486 qui
363 1451 476 1480 Latinos
495 1457 542 1480 aut
556 1453 590 1480 iis
605 1453 773 1480 adltatreutes
789 1461 838 1487 pro
850 1461 961 1480 excom-

175 1497 322 1524 ntttuieatis
349 1497 476 1528 haberet,
502 1502 529 1524 et
563 1498 585 1524 si
612 1498 673 1532 quis
705 1498 731 1524 in
759 1504 898 1532 posterum
926 1498 953 1525 id

1007 261 1054 287 καὶ
1069 261 1122 287 ὁὲν
1135 262 1288 295 Φρυγανοίς
1313 260 1444 293 Ἀκάκιος
1467 261 1514 287 καὶ
1532 262 1545 288 6
1564 261 1689 295 μαθητὴς
1712 261 1799 288 αὐτοῦ

1006 308 1148 343 Γερμανὸς
1175 308 1224 335 καὶ
1242 307 1332 334 λοιποὶ
1352 309 1491 347 πλεῖστοιἰ
1518 308 1566 334 καὶ
1594 308 1678 342 μέσον
1705 308 1800 334 αὐτῶν

1007 354 1125 384 ἵσταται,
1143 354 1384 380 καὶ¹καοικετεύει
1400 355 1432 380 ἐκ
1456 354 1512 380 τῶν
1531 353 1686 388 ’ἰχνηλάτου
1705 354 1801 388 Παρα-

1007 400 1134 432 ϐολικῶν,
1152 400 1200 426 τοῦ
1218 401 1254 434 μὴ
1268 400 1418 434 προλαϐεῖν
1441 400 1505 431 τοὺς
1521 399 1729 433 ἐπιτιθεμένους
1749 399 1801 434 ὁρ-

1007 445 1139 478 γούπιτων,
1162 445 1200 476 ὡς
1223 446 1271 471 καὶ
1301 445 1417 477 πολλοὺς
1440 445 1634 480 μνημονεύειν,
1665 445 1737 471 κατά
1768 447 1802 470 τὸ

1006 491 1162 526 πρὸσφορον
1187 491 1453 525 προοιμιασάμενος,
1488 491 1526 526 μὴ
1555 490 1679 525 παριδεῖν
1709 490 1803 516 κινδυ-

1007 537 1140 564 νεύουσαν
1158 537 1207 572 τὴν
1233 537 1397 572 θρησκείαν,
1425 537 1492 571 μηδὲ
1512 537 1634 571 σχήματι
1658 536 1802 567 εὐσεϐείας

1007 583 1189 618 προδιδόμεθα
1199 583 1234 610 τὰ
1244 583 1324 618 τίμια
1338 584 1403 619 παρ’
1416 583 1494 610 οὐδὲν
1507 583 1642 614 τίθεσθαι,
1655 582 1715 609 ἀλλ’
1727 582 1803 616 ἀμύ-

1007 637 1064 655 νειν
1094 630 1175 655 παντὶ
1197 630 1292 664 τρόπῳ
1315 630 1373 661 τοῖς
1397 629 1446 664 τῆς
1471 629 1635 663 Ἐκκλησίας
1669 629 1714 665 [Ρ.
1732 627 1801 664 ⁸518]

1008 674 1129 709 θεσμοῖς.
1152 673 1230 701 Εἶναι
1241 676 1296 710 γὰρ
1310 675 1434 711 μεγάλην
1446 675 1536 706 ἀνίαν,
1560 675 1593 710 ἢν
1610 675 1655 701 διά
1681 685 1707 701 τι
1725 683 1801 710 παρ-

1006 720 1159 755 εισφρῆσαν
1174 721 1235 747 κατ’
1252 721 1410 755 οἰκονομίαν
1432 721 1487 747 τῶν
1502 717 1540 755 μή
1557 721 1695 756 συνήθων,
1710 721 1802 754 ἀνάγ-

1007 775 1058 801 κης
1074 767 1303 802 παραπεσούσης.
1322 767 1405 794 αὐτοὶ
1437 768 1487 802 τῆς
1502 766 1668 801 Ἐκκλησίας
1680 767 1805 793 ἀποστα-

1007 813 1116 844 τοῦντες
1131 813 1181 848 οὐχ
1197 814 1272 845 ὅπως
1285 813 1315 840 τὸ
1334 814 1373 848 μὴ
1392 813 1488 840 δοκοῦν
1513 813 1692 848 φυλάττοιντο
1722 813 1804 847 σφίσι

1008 856 1071 883 καθ’
1091 857 1201 889 αὐτοὺς,
1232 857 1300 884 ἀλλὰ
1319 859 1367 884 καὶ
1394 858 1494 892 νόμους
1513 857 1679 892 Ἐκκλησίας
1708 866 1803 892 παρα-

1007 902 1084 929 λύειν
1106 903 1240 938 τιλλμῷεν,
1254 901 1292 930 ὧν
1318 905 1376 935 τοῖς
1388 903 1561 939 τολμήμασιν
1575 904 1604 930 ἓν
1617 903 1698 938 μόνον
1715 903 1805 929 κακὸν

1007 950 1106 982 λείπει,
1120 951 1150 977 τὸ
1167 951 1204 985 μὴ
1219 951 1416 985 χριστιανίζειν
1425 952 1578 985 ὁμολογεῖν.
1596 951 1679 977 Ὥστε
1693 950 1801 986 παρόν-

1007 1003 1053 1026 τος
1067 995 1161 1022 τούτου
1178 996 1255 1030 ἰσχὺν
1269 997 1332 1027 τοὺς
1353 996 1577 1030 ἀναχαιτίσοντας
1602 995 1676 1030 ἔχειν
1692 996 1730 1029 τῷ
1749 995 1806 1022 ἀπὸ

1008 1041 1057 1075 τῆς
1077 1041 1238 1076 Ἑκκλησίας
1250 1041 1353 1076 δεσμῷ,
1367 1042 1409 1075 ἐφ’
1421 1038 1443 1075 ᾧ
1454 1041 1470 1074 ἦ
1484 1042 1530 1068 καὶ
1539 1042 1615 1068 αὐτοὶ
1625 1041 1679 1067 δέει
1687 1040 1806 1076 ληφθέν-

1009 1095 1053 1118 τες
1069 1087 1230 1122 ἀπόσχοιντο
1256 1088 1302 1113 τοῦ
1327 1088 1397 1114 κατὰ
1417 1087 1472 1114 τῶν
1496 1087 1569 1114 ἰδίων
1597 1088 1760 1122 σπλάγχνων
1773 1087 1806 1114 τὸ

1010 1183 1083 1204 cere.
1110 1176 1172 1203 llzec
1194 1185 1257 1204 eum
1277 1177 1303 1204 in
1324 1184 1433 1212 gravent
1456 1185 1488 1205 ac
1510 1178 1692 1211 perniciosam
1717 1177 1803 1205 Chri-

1011 1222 1109 1249 stiana:
1140 1222 1201 1249 ﬁdei
1231 1222 1351 1257 grassari
1389 1223 1621 1258 perturbationem
1654 1225 1805 1258 imperator

1012 1271 1148 1300 cerneret,
1165 1267 1222 1294 zelo
1237 1275 1288 1302 pro
1302 1267 1463 1302 indignitate
1478 1267 1516 1294 rei
1530 1273 1682 1303 assumpto.
1704 1276 1803 1296 omnes

1012 1314 1045 1340 ad
1062 1321 1091 1340 se
1111 1320 1173 1340 cum
1195 1314 1342 1348 episcopos
1358 1318 1415 1340 tum
1437 1314 1587 1342 monachos
1606 1319 1749 1347 convocat,
1774 1319 1802 1342 et

1013 1355 1042 1386 in"
1057 1359 1099 1386 Itis
1114 1359 1247 1394 quosdam
1264 1359 1291 1386 in
1313 1363 1390 1394 parte
1405 1359 1645 1388 schismatieorunt
1670 1360 1802 1393 illustres,

1013 1405 1077 1433 data
1102 1406 1169 1440 ipsis
1194 1407 1226 1432 ad
1256 1406 1308 1433 ltoc
1334 1407 1492 1433 securitate.
1520 1405 1621 1434 Horum
1645 1414 1716 1434 unus
1743 1413 1804 1434 erat

1012 1451 1129 1478 Aeacius
1153 1450 1371 1486 Phryganorum.
1397 1451 1466 1478 alter
1485 1451 1543 1484 ejus
1566 1451 1715 1486 discipulus
1731 1452 1801 1480 Ger-

1014 1504 1121 1526 manus.
1140 1503 1258 1530 euntque
1278 1496 1321 1522 his
1341 1496 1387 1522 alii
1410 1503 1520 1530 quoque
1537 1495 1656 1529 plut-imi.
1681 1496 1800 1522 lslm'um

175 1543 276 1569 audere
299 1543 481 1578 detegeretur,
509 1543 579 1570 haud
605 1545 716 1578 impune
744 1544 873 1574 laturum.
898 1552 959 1571 cum
974 1542 997 1573 C
1013 1544 1040 1570 in
1056 1551 1187 1569 consessu
1207 1547 1369 1569 cunctarum
1388 1543 1652 1577 ntediusimperator
1666 1544 1753 1569 oravit
1770 1552 1803 1570 rx

176 1591 266 1614 tamen
283 1589 376 1615 multis
390 1595 484 1616 notum
501 1594 573 1617 esset
589 1597 643 1616 non
667 1590 761 1617 deesse
776 1591 822 1624 qui
843 1590 877 1616 ita
897 1599 959 1617 scn-

175 1635 258 1661 tirent
275 1639 301 1661 et
317 1635 404 1668 palam
427 1636 573 1663 anathema
587 1636 708 1663 dicerent
733 1636 959 1671 antplecteutibus

175 1689 281 1716 pacem.
304 1680 387 1708 Erant
410 1682 436 1709 hi
459 1690 659 1717 supervacaneo
680 1683 780 1709 tttorosi
803 1683 912 1718 qttidam
934 1688 961 1710 et

176 1727 297 1754 delicatis
311 1728 493 1762 superstitiosi
510 1727 638 1760 fastidiis,
657 1729 702 1762 qui
719 1736 781 1755 cum
796 1733 822 1755 et
835 1727 910 1755 fundi
926 1736 958 1755 us

175 1773 333 1808 ignorarent
356 1780 382 1801 et.
406 1774 513 1802 discere
536 1782 590 1801 nun
614 1779 742 1801 curarent
766 1782 809 1801 res
833 1774 960 1801 Ecclesia:

176 1819 393 1852 Latinorunt,-ut
409 1820 538 1848 videlicet
551 1828 611 1847 cum
628 1821 660 1847 iis
674 1820 738 1847 olint
753 1820 780 1846 itt
791 1820 962 1855 dogmatibus

177 1865 371 1900 ntysteriisquc
388 1864 533 1899 prmeipuis
547 1864 587 1891 vel
602 1865 725 1891 omnium
740 1863 833 1891 intime
846 1865 962 1899 conjun-

177 1911 213 1938 cti
231 1909 334 1938 Grzecis
357 1911 482 1942 fuissent,
509 1911 559 1937 etsi
583 1911 676 1938 nescio
700 1912 763 1946 qttid
779 1911 877 1938 deinde
892 1911 963 1938 inei-

176 1957 247 1984 dens
270 1957 333 1983 illud
351 1957 470 1992 antiqua:
493 1958 646 1985 concordiae
661 1958 800 1985 vinculum
824 1958 963 1993 paulisper

178 2002 316 2030 relaxasse
330 2003 418 2030 visum
430 2009 513 2037 esset,
529 2009 618 2030 tamen
634 2004 716 2031 etiam
731 2010 822 2038 postea
836 2003 963 2031 inviolata

179 2050 360 2084 permanserit
390 2051 519 2084 utrinque
543 2051 690 2078 consensio
718 2051 744 2078 itt
778 2050 828 2078 lide
852 2058 884 2078 ae
910 2058 962 2077 usu

179 2095 336 2130 (-apitalium
361 2095 564 2124 Christianismi
592 2101 846 2128 sacramentorum,
871 2097 907 2124 ita
936 2101 965 2123 ut

178 2144 305 2170 neutrubi
322 2143 471 2178 quidquam
485 2149 587 2172 temere
598 2149 760 2172 attentatum
778 2145 887 2180 publico
899 2152 965 2172 COII-

179 2189 241 2216 silio
262 2189 342 2216 fuerit
367 2190 440 2217 (irca
459 2191 541 2218 ritum
564 2191 746 2225 baptismatis,
768 2191 963 2221 sacerdotium,

1015 1588 1159 1616 lchnelata:
1176 1589 1355 1620 Parabolieis,
1382 1589 1460 1623 cujus
1483 1589 1544 1616 libri
1571 1594 1597 1616 et
1619 1589 1669 1616 loci
1693 1589 1725 1614 ad
1752 1589 1806 1616 hoc

1016 1640 1123 1669 tempus
1133 1635 1278 1670 opportuni
1292 1634 1438 1669 plerosque
1450 1635 1571 1669 ipsorum
1586 1635 1723 1661 recordari
1737 1643 1806 1661 cun-

1016 1681 1124 1712 ﬁtleltat,
1141 1688 1174 1708 ne
1190 1680 1281 1715 potius
1297 1680 1408 1707 mallent
1431 1688 1510 1707 ruere
1533 1680 1685 1708 imitatione
1706 1681 1807 1715 prtere-

1016 1727 1176 1754 stinautium
1193 1726 1368 1761 impatienter
1382 1726 1409 1753 itt
1431 1727 1558 1760 negotiis,
1576 1735 1656 1760 quant
1672 1727 1807 1754 adhibere

1015 1771 1211 1799 cunctatricem
1228 1772 1411 1798 cessationem
1432 1771 1556 1799 dautium
1578 1772 1695 1806 spatium
1710 1781 1808 1806 perco-

1015 1818 1130 1854 quendm
1148 1817 1300 1844 maturitati
1313 1822 1464 1852 cceptomm
1481 1817 1553 1844 lente
1566 1818 1806 1851 proﬁcientiunt’in

1017 1870 1161 1891 sttceessus
1177 1870 1266 1890 seros.
1283 1862 1329 1890 Sic
1345 1870 1499 1890 sermonem
1516 1863 1665 1897 ingressus.
1681 1864 1808 1891 obsecra-

1018 1910 1055 1936 vit
1069 1914 1182 1937 cunctos
1195 1909 1243 1943 qui
1257 1909 1383 1940 aderant,
1403 1917 1438 1936 ne
1453 1909 1611 1944 religionem
1634 1909 1807 1943 despicerent

1017 1955 1225 1990 periclitantem,
1249 1962 1317 1981 neve
1340 1954 1421 1982 otiosi
1447 1955 1549 1988 absque
1570 1955 1717 1982 auxiliandi
1738 1963 1806 1982 cura

1017 2001 1110 2028 videre
1124 2001 1303 2032 sustinerent,
1320 2000 1385 2027 dum
1402 2000 1492 2034 specie
1510 2001 1617 2034 pietatis
1631 2001 1806 2028 sanctissima

1017 2058 1131 2085 qua-quc
1153 2049 1346 2084 proderentur.
1368 2048 1418 2076 Cui
1436 2050 1508 2076 enittt
1533 2055 1604 2076 recte
1626 2057 1688 2084 erga
1712 2050 1807 2077 Eccle-

1017 2097 1085 2124 si'tm
1105 2095 1201 2122 aﬂecto
1223 2103 1276 2122 non
1292 2103 1402 2130 gravem
1426 2103 1572 2122 maerorem
1599 2095 1694 2122 aderat
1715 2103 1807 2123 certo-

1018 2149 1079 2168 rtnn
1095 2141 1235 2167 hominum
1250 2139 1394 2167 temeraria
1413 2140 1559 2174 protervia,
1581 2138 1627 2172 qui
1645 2147 1697 2165 non
1716 2138 1807 2166 fcren-

1019 2191 1060 2214 tes
1098 2187 1191 2214 induci
1218 2186 1358 2221 quidpiam
1386 2185 1413 2213 in
1448 2193 1525 2212 usum
1557 2191 1653 2218 prmter
1680 2185 1806 2218 solitum,

179 2236 395 2268 matrimonium,
417 2238 597 2264 ntouasticuut
615 2243 728 2270 statunt,
747 2238 886 2272 etreliqua
907 2245 960 2272 my-

1019 2241 1175 2268 quanquam
1192 2241 1221 2260 ea
1238 2239 1264 2260 et
1281 2241 1396 2260 summa:
1412 2233 1450 2260 rei
1469 2233 1536 2260 nihil
1554 2240 1807 2263 uocemue-cessa-

179 2289 261 2310 elcrta
283 2283 382 2317 quibus
399 2292 452 2311 una
478 2289 505 2311 et
529 2283 664 2311 catholica
681 2283 803 2312 Ecclesia
819 2292 884 2312 suos
905 2284 964 2310 alu-

180 2334 260 2353 mnos
290 2327 398 2354 iuiliat‘e
424 2328 577 2355 consuevit.
595 2328 675 2359 Cum.
700 2328 823 2363 inquam.
853 2329 879 2355 lti
909 2336 963 2355 non

180 2372 268 2406 magis
283 2372 381 2399 hut-um
396 2373 545 2407 quidquam
561 2381 621 2408 qua:
635 2373 661 2400 itt
676 2373 897 2401 Christianorum
908 2375 963 2409 jattt

180 2418 244 2444 olim
258 2417 340 2453 56";
355 2419 492 2452 republica
513 2419 694 2446 versabantur
711 2424 804 2446 notum
822 2420 964 2451 haberent,

181 2471 263 2498 quam
282 2465 304 2491 si
323 2465 432 2499 quercei
447 2466 553 2500 stipites
570 2470 616 2492 aut
628 2466 742 2500 lapidea:
758 2466 842 2493 moles
861 2471 964 2498 essrnt,

180 2517 211 2537 ei
234 2510 291 2545 ipsa
310 2511 463 2546 ignorantia
481 2511 508 2537 in
533 2511 738 2545 superciliosum
755 2511 817 2538 elati
843 2516 966 2538 content-

182 2562 258 2593 ptum
289 2565 350 2584 cum
374 2558 488 2585 Latinos
510 2557 584 2592 ipsos
605 2557 832 2591 impotentissime
858 2565 967 2585 aversa.

181 2603 292 2632 bantur.
309 2611 365 2630 tum
391 2609 480 2630 nostra
503 2605 623 2637 ipsorum
648 2611 726 2630 sacra
749 2608 810 2638 post
833 2604 966 2630 saneitam

180 2657 286 2686 pacem,
304 2650 384 2685 quasi
407 2650 574 2677 admissione
599 2649 792 2684 consortioque
807 2649 966 2677 Latinorum

181 2692 327 2728 profanata
353 2694 522 2728 pollutaque,
553 2701 606 2720 non
633 2694 796 2720 verebantur
820 2696 967 2727 exsecrari,

182 2739 317 2766 devovere
337 2739 415 2772 diris,
436 2743 463 2766 et
485 2739 558 2775 (qua:
574 2745 653 2767 erant
669 2740 833 2774 blasphentte
849 2740 968 2774 ipsorum

183 2785 277 2820 voces)
289 2786 445 2821 pra'cipitiis
456 2794 488 2813 ac
501 2786 590 2813 ﬂuviis
602 2792 856 2821 prmruprorumque
867 2787 971 2821 tesquis

185 2831 268 2859 inviis
291 2832 422 2858 montium
443 2833 596 2867 abjieieuda
616 2832 818 2868 abolendaquc,
839 2837 967 2868 tanquam

188 2875 291 2903 nullout
311 2877 365 2911 jam
389 2878 483 2911 prisccc
501 2877 642 2912 religimtis
658 2878 743 2906 decus
761 2879 907 2912 servantia,
927 2880 969 2907 di-

1017 2280 1066 2307 riis
1089 2280 1275 2307 incidentibus
1288 2280 1380 2307 causis
1397 2287 1445 2313 per
1465 2279 1626 2313 prudentem
1642 2287 1807 2306 accentum-

1016 2327 1152 2354 datiottvtn
1169 2326 1238 2354 facta
1253 2326 1394 2354 innovatio
1409 2325 1502 2357 fuerit,
1524 2330 1672 2360 erumpunt
1686 2325 1712 2352 in
1731 2325 1806 2353 fetos

1017 2379 1117 2403 titulus.
1143 2373 1306 2400 rebellantes
1323 2373 1348 2399 itt
1371 2372 1539 2403 Ecclesium;
1567 2377 1593 2398 et
1610 2380 1696 2406 neque
1722 2372 1806 2398 islunt

1019 2419 1140 2446 lttrorettt
1158 2419 1231 2446 ferre
1248 2419 1344 2446 saltem
1363 2419 1475 2446 tacitum
1492 2427 1523 2445 ae
1540 2424 1699 2452 tonet-ptum
1714 2418 1808 2444 animo

1017 2466 1084 2492 citra
1106 2465 1246 2491 hominum
1271 2464 1467 2492 conscientiam
1490 2468 1580 2497 tegere
1605 2464 1736 2493 volentes.
1760 2472 1807 2494 pa.

1018 2511 1071 2538 laut
1087 2510 1214 2537 Ecclesiae
1229 2509 1302 2544 leges
1313 2509 1459 2544 eth-ingere
1471 2517 1523 2536 non
1538 2509 1673 2539 dubitant.
1688 2518 1751 2542 quo'
1761 2518 1806 2536 tlttt

1019 2555 1140 2582 attdacize
1155 2562 1238 2582 unum
1255 2554 1336 2590 465
1357 2555 1437 2581 modo
1452 2553 1516 2581 illud
1532 2554 1616 2583 den-st.
1635 2559 1664 2581 ut
1685 2562 1713 2581 διε
1727 2555 1773 2580 tilu
1784 2554 1807 2580 i-

1021 2602 1111 2628 tianus
1130 2609 1183 2628 non
1202 2609 1265 2627 esse
1286 2600 1432 2627 fateantur.
1458 2600 1534 2632 Quod
1556 2609 1616 2626 cum
1638 2608 1737 2634 negare
1758 2607 1808 2626 nec

1020 2650 1137 2676 audi-aut
1151 2655 1199 2674 nec
1212 2647 1328 2682 possint,
1347 2647 1399 2675 isto
1417 2648 1477 2682 ipso
1490 2648 1599 2674 vinculo
1613 2647 1807 2674 ecclesiastice

1020 2694 1235 2728 coniunctionis,
1255 2702 1310 2726 quo
1328 2702 1357 2721 se
1373 2694 1459 2721 teneri
1478 2695 1568 2720 adltuc
1584 2699 1748 2729 agnoscunt.
1766 2694 1809 2720 itt-

1022 2743 1140 2777 telligcrc
1166 2743 1296 2770 debemus
1323 2744 1376 2769 vim
1406 2743 1483 2770 nobis
1505 2748 1587 2776 atque
1615 2743 1807 2769 aUCIOI'llillt'ln

1023 2789 1141 2816 conferri
1165 2789 1271 2823 plenam
1296 2797 1344 2816 eos
1369 2798 1418 2824 pro
1441 2794 1574 2824 potrstate
1596 2789 1752 2820 coercendi,
1778 2795 1809 2815 ut

1025 2834 1064 2860 vel
1085 2834 1137 2868 ipsi
1157 2838 1228 2860 ntetu
1250 2835 1367 2869 repressi
1385 2835 1513 2862 desinant
1527 2835 1553 2861 in
1578 2834 1694 2870 proprie
1713 2835 1809 2861 matris

1024 2880 1151 2908 Ecclesia:
1180 2881 1281 2908 κῆδε-τω
1306 2888 1397 2908 ensem
1423 2881 1496 2909 velut
1522 2882 1664 2916 «postulant
1686 2882 1808 2909 factio»:
