1944 3067
228 114 278 147 921

829 112 993 144 GEORGII
1015 112 1164 143 PACllYIti
1171 111 1256 141 ΕΙΗΞ

1806 111 1861 141 932

229 172 359 206 Ἦγνόουν
375 170 417 207 [Ρ.
434 170 537 207 52218ὲ
563 170 618 206 ἄρα
633 169 671 205 μὴ
687 169 794 205 ἔχοντες
813 169 844 196 τὸ
860 169 1012 203 ἀναγκςιιό⁹
1029 173 1050 200 Α
1065 169 1223 203 λειπούσης.
1249 169 1312 200 τοὺς
1329 168 1379 203 μὲν
1396 168 1521 204 καρποὺς
1538 167 1688 203 τρέφεσθαι
1716 167 1863 201 ξυμὸαῖνοι

223 226 315 244 τατον.
332 217 400 244 Οὔτε
420 217 474 252 γὰρ
497 216 601 242 ὑδάτων
627 213 700 250 εἶχον
729 215 875 250 ὑποδοχὰς,
892 215 928 246 ὡς
945 216 1015 242 κατᾶ

224 263 318 299 καιρδν
335 263 525 298 ὑδρευσόμενοι
555 261 786 296 καταφερομένων
816 261 941 296 δμὸρων,
958 261 1014 287 εἴτε

225 309 272 336 καὶ
284 309 331 335 τοῦ
354 307 477 342 ποταμοῦ
502 307 696 342 ἁνιμωμένου·
713 308 743 333 τό
760 315 790 332 τε
809 306 1016 342 κατορύξαντας

225 354 315 389 εὑρεῖν
331 353 402 389 ὕδωρ
423 353 555 386 ὑπόγαιον
581 353 636 379 τῶν
655 353 794 379 ἀδυνάτων
818 353 955 386 ἐφαίνετο.
971 351 1018 379 Δῖ-

224 409 280 426 τιον
293 399 314 426 δ’
329 398 405 434 οἶμαι
419 399 449 425 τὸ
465 401 502 433 μὴ
518 399 648 433 στεγανὸν
662 399 710 424 τοῦ
728 398 819 425 πεδίου
834 398 879 424 διὰ
894 398 943 433 τὴν
960 407 1017 432 γει-

224 444 354 470 τονοῦσαν
370 444 472 479 ἰκμάδα
493 443 540 470 τοῦ
557 443 691 478 ποταμοῦ,
707 443 741 478 ἢν
758 444 819 470 οἷαν
834 452 864 469 τε
882 444 920 478 μὴ
935 444 1017 470 οὗταν

226 490 354 522 ἐμμένειν
371 491 384 516 ό
399 489 579 525 προσὸἀλλων
604 490 679 525 ἥλιος
697 489 797 524 θερμὸς
817 489 855 515 ὢν
868 489 1018 523 ἁνιμᾱτοαι

226 535 343 569 πεφύκοι
361 535 429 570 πρὸς
451 536 480 562 τὸ
494 535 659 567 ἐπιπολάζον
668 536 861 570 ἀνατυρομένη
871 545 879 559 ι
891 535 942 569 τῆς
955 535 1018 569 γῆς,

203 577 207 595 ⁷
226 582 273 607 καὶ
288 581 317 607 τδ
331 581 417 615 ξηρὰν
436 582 486 616 ἤδη
501 581 629 614 καθάπαξ
643 581 768 614 γίνεσθαι
785 581 824 615 τῷ
842 581 947 615 συχνῶς
962 577 1020 607 Etut-

228 628 330 662 μᾶσοαι
347 627 386 662 τῷ
403 628 471 662 ἡλίῳ
485 629 534 662 τὴν
557 628 660 662 ἰκμάδα
684 628 728 653 διὰ.
752 627 782 653 τὸ
805 628 854 662 τῆς
870 628 1019 662 ὑγρότητος

226 673 338 699 ἔκλυτον
349 674 398 707 τῆς
410 673 510 707 συχνῆς
524 673 556 698 ὲκ
571 673 618 699 τοῦ
634 672 760 707 ποταμοῦ
774 672 820 699 καὶ
838 671 916 702 αὖθις
935 672 974 702 εἰς
986 673 1020 697 τὰ

226 720 293 746 κενὰ
309 718 484 754 προσρύσεως
499 720 536 754 μὴ
547 718 647 754 ἐώσης,
663 719 723 745 τὸδ’
735 720 775 749 εἰς
791 717 872 753 βάθος
887 718 1020 753 προσῦαίν

227 773 284 792 νειν
298 766 346 796 τὰς
366 765 489 797 λιδὰδας,
510 767 548 796 ὼς
564 765 611 791 καὶ
627 766 667 796 εἰς
689 764 825 800 διώρυχας
845 765 969 795 εὐπετεῖς
982 761 1022 789 εἷ-

227 819 272 837 ναι
289 812 336 837 καὶ
354 811 470 843 ἀνοίξεις
488 812 627 846 φρεάτων,
650 811 698 837 τοῦ
714 811 877 837 ἐπιπολαίου
906 812 954 846 τῆς
968 811 1020 845 γῆς

1067 217 1095 248 ὲς
1111 216 1151 242 ὅτι
1168 215 1296 249 μάλιστα,
1315 214 1478 249 ὑφίστασῡαι
1495 214 1600 249 δ’ὖδωρ
1613 215 1651 244 εἰς
1667 214 1749 249 βάθος
1763 213 1803 248 μὴ
1813 221 1865 239 πε-

1067 262 1194 296 φυκέναι.
1225 261 1312 287 Τοὖτο
1342 261 1378 288 τὰ
1404 261 1520 288 πλεῖστα
1549 261 1613 292 τοὺς
1642 261 1865 294 κατεικήσαντεις

1069 308 1185 341 ἔσψηλε.
1201 307 1275 338 Τέως
1286 307 1341 342 γὰρ
1351 307 1398 333 τοῦ
1413 307 1537 341 ποταμοῦ
1549 308 1672 338 πίνοντες
1692 307 1739 333 καὶ
1751 307 1782 332 τὸ
1797 306 1866 339 μέλ-

1067 354 1114 380 λον
1129 353 1168 389 μὴ
1184 354 1372 389 προορώμενοι
1387 354 1576 388 ἀφροντίστως
1588 351 1671 388 εἴχον.
1687 352 1823 386 Ἥγνόουν
1835 350 1865 377 δὲ

1069 401 1123 435 ἄρα
1133 401 1173 426 ὅτι
1189 399 1353 434 Προμηθεὺς
1372 399 1462 434 πολλῷ
1476 400 1602 434 κρεῖττον
1613 398 1804 433 Ἐπιμηθέως,
1818 397 1868 423 καὶ

1069 447 1099 472 τὸ
1117 445 1179 472 κατ’
1201 447 1325 481 ἀνάγκην
1353 445 1502 481 ξυμὸαἴνον
1525 445 1638 480 διωρίαν
1653 444 1705 471 οὐκ
1721 444 1779 479 ἔχει
1799 443 1868 478 βου-

1070 493 1131 527 λῆς.

1071 572 1124 599 κα’.
1137 572 1233 605 ὀπως
1256 572 1286 598 al
1307 571 1448 611 Τράλλεις
1469 570 1704 611 ᾴγᾳκτισθεῑσαι
1726 570 1788 598 ὑπὸ
1808 568 1870 596 τῶν

1329 607 1454 641 Περσῶν
1463 607 1614 634 ἑάλωσαν.

1107 675 1139 712 [Ρ
1153 674 1216 711 525]
1232 675 1310 702 Οὕτω
1330 674 1422 701 τοίνυν
1447 673 1550 709 ἔχουσι,
1573 673 1623 700 καὶ
1642 673 1715 700 οὕτω
1730 673 1868 708 χρησταῖς

1072 719 1288 755 ἀπῃωρημὲνοις
1307 719 1368 750 ταῖς
1388 718 1496 746 ἐλπίσιν
1517 717 1556 750 ὡς
1575 718 1699 749 πολίταις
1722 717 1870 753 διαφερόι-

1071 773 1126 797 τως
1138 765 1184 792 τοῦ
1202 764 1336 800 βασιλέως
1348 764 1499 798 διάξουσιν,
1514 764 1660 799 ἐφίσταται
1672 764 1750 799 σφίσι
1764 764 1870 799 πλῆθος

1076 810 1205 845 Περσῶν
1221 811 1290 846 πρὸς
1306 810 1361 845 γὰρ
1375 811 1407 837 τὸ
1420 811 1599 846 ἐλπιζόμενον
1610 811 1810 846 ἀντιπράττειν
1824 811 1871 836 καὶ

227 857 388 889 κωλύοντος,
406 857 494 889 οἶμαι,
512 858 569 892 ἅμα
585 857 734 892 δεχομένου
761 857 810 892 τὴν
826 858 1022 892 ὲτιεισρὲουτῑαν
1038 855 1058 883 Β
1074 856 1144 892 ὑπὲρ
1156 856 1211 883 τῶν
1226 856 1328 883 λοιπῶν
1339 856 1466 884 ἵστασθαι
1477 857 1494 892 ἡ
1510 856 1613 891 σπουδὴ
1632 857 1687 883 τῶν
1699 857 1870 892 ἀνθισταμέ-

227 904 316 930 νοτίδα
337 905 383 930 καὶ
407 904 455 939 ἅμ’
476 903 648 938 ἐξεμοῦντος.
675 904 784 938 Πέφυκε
804 905 859 939 γὰρ
885 903 932 930 καὶ
948 903 1020 938 ὕδωρ

227 950 275 976 καὶ
292 950 399 984 πνεῦμα
415 951 449 985 τῇ
465 950 537 985 ἀρχῇ
566 949 754 983 συγκινεῖσθαι
782 949 813 975 τὸ
828 951 881 976 πᾶν
909 949 1019 983 ἑφεξῆς,

227 997 265 1029 ὡς
279 998 332 1033 ὅπη
347 997 412 1024 ποτὲ
427 998 478 1032 ῥυῇ
492 1005 518 1022 τι
529 996 634 1023 τούτων
655 996 738 1023 λαὸὸν
752 996 852 1032 ἀρχὴν,
867 996 957 1022 ἐκεῖσε
973 996 1022 1021 καὶ

228 1044 258 1070 τὸ
272 1044 364 1070 λοιπὸν
379 1043 409 1075 ἐξ
420 1043 544 1077 ἀνάγκης
555 1042 675 1077 συνεχῶς
688 1042 831 1077 φέρεσθαι.
846 1042 914 1077 ΙΙαρ¹
930 1042 962 1077 ἢν
978 1041 1022 1067 αί-

228 1091 291 1116 τίαν
303 1090 350 1126 καὶ
359 1089 398 1124 τῷ
411 1088 534 1123 συνεχῶς
550 1089 598 1123 μὲν
608 1089 637 1114 τὺ
645 1087 675 1115 ὃν
681 1087 891 1123 ἀπογίγνεσθαι,
903 1087 1023 1122 συνεχῶς

229 1137 258 1162 δὲ
275 1136 323 1162 καὶ
335 1135 365 1161 τὸ
390 1136 428 1171 μὴ
440 1134 470 1161 ὃν
482 1134 690 1170 προσγίνεσθαι,
708 1135 757 1169 τῆς
782 1134 895 1169 ἰκμάδος
911 1133 948 1169 μὴ
960 1134 1022 1159 ἐπι-ι

230 1229 328 1260 puteus
346 1223 485 1251 'l‘rallilnts
508 1224 568 1251 viva
588 1222 756 1257 scaturigine
784 1221 914 1258 perennis
936 1229 970 1249 ex
987 1221 1022 1249 iis

230 1278 301 1300 esset
316 1273 398 1300 rebus
415 1279 476 1306 qua:
499 1270 604 1305 sperari
620 1278 674 1297 non
692 1274 814 1305 possent,
835 1276 958 1304 quasque
975 1268 1023 1303 qui

230 1323 378 1344 conaretur
389 1323 498 1349 opu-am
511 1315 645 1350 perderet.
657 1315 757 1346 Causa,
766 1314 875 1350 opinor.
888 1318 930 1341 est
943 1314 1023 1348 paulo

230 1363 397 1398 profundius
421 1361 589 1388 subsidentis
611 1360 662 1386 soli
686 1360 799 1387 ariditas
818 1367 952 1391 exsucca,
973 1367 1023 1386 nec

231 1417 280 1444 par
305 1407 429 1436 Solitlitas
455 1407 556 1441 liquori
583 1406 748 1433 continendo
774 1414 830 1441 prae
854 1406 1024 1434 solubilitate

231 1455 348 1482 cinerem
365 1453 426 1479 simi
440 1453 459 1479 i.
478 1460 540 1479 cum
567 1456 658 1478 tamen
680 1451 853 1486 superficiem
878 1459 974 1479 versus
989 1453 1021 1478 ad

232 1499 358 1534 aliquam-
375 1497 547 1531 alzitndincnt
564 1497 664 1524 exudet
678 1497 778 1532 passim
799 1498 897 1524 humus
910 1498 1022 1524 madore

232 1546 332 1572 lutoso.
353 1544 381 1570 1d
400 1544 486 1570 oritur
506 1552 537 1570 ex
560 1551 643 1577 prope
661 1544 814 1577 stagnantis
832 1544 949 1571 humore
971 1544 1023 1570 llu-

233 1590 316 1617 tuinis
329 1611 336 1622 ,
355 1598 434 1624 quem
456 1589 497 1616 vis
512 1589 592 1624 5.71
610 1588 677 1616 solis
691 1588 728 1615 ibi
748 1589 886 1624 potentior
909 1589 1027 1616 sustinet

231 1636 289 1678 iugi
301 1640 429 1668 attractu,
443 1642 492 1662 ncc
504 1634 611 1662 sublabi
622 1634 698 1665 sinit,
711 1639 862 1662 extenuans
873 1635 899 1662 in
911 1642 1027 1670 vapores

233 1689 313 1710 terra:
328 1689 448 1717 superne
465 1689 536 1708 rara
556 1681 700 1709 meabilem
718 1681 854 1708 levitatem
874 1682 1027 1710 ἰιιιὺυυιιιιιε

234 1729 354 1763 indeque
373 1736 483 1755 sursum
501 1728 672 1759 exhalantes.
696 1728 736 1755 sic
763 1728 789 1754 in
814 1728 856 1755 his
883 1730 1026 1763 absnmp'a

235 1775 398 1802 humiditate
416 1781 471 1801 tota
489 1774 585 1801 sulfusi
600 1774 699 1806 laticis,
724 1780 749 1800 ut
771 1782 804 1801 ne
820 1775 894 1801 stilla
915 1774 1026 1808 quidem

234 1820 431 1848 reconditiores
440 1820 536 1846 iulith
547 1819 653 1846 telluris
664 1819 760 1846 intime
769 1819 929 1853 squallcntis
938 1820 1026 1851 sinus,

235 1873 333 1893 natura
346 1866 480 1901 siquidem
496 1867 552 1892 lucc
563 1866 686 1900 qua-dam
699 1870 726 1892 et
738 1865 858 1893 conditio
872 1866 1027 1894 communis

233 1921 312 1947 aqua:
328 1919 353 1939 et
374 1919 448 1939 anne
463 1917 514 1944 est,
532 1918 560 1938 ut
579 1913 606 1938 in
622 1911 754 1946 principia
770 1912 951 1938 refundantur
965 1919 1025 1945 sua,

235 1960 387 1992 eodemque
408 1958 582 1984 resolvantur
606 1956 766 1984 desinentes
790 1957 861 1984 unde
882 1962 1027 1984 nascentes

237 2005 371 2040 prodiere,
389 2005 507 2032 decursu
525 2003 625 2030 nativis
643 2011 730 2038 usque
745 2003 891 2031 cfiluxibns
907 2011 1027 2031 consen-

236 2056 332 2083 taueo,
350 2058 400 2078 nec
425 2050 600 2078 exorbitaute
613 2049 670 2076 fere
686 2057 700 2076 a
720 2050 808 2076 limite
820 2057 901 2084 quem
914 2049 1028 2084 originis

237 2096 355 2132 impetus
371 2096 497 2131 signavit.
519 2095 575 2122 Nec
595 2095 705 2123 aliunde
723 2096 897 2130 repetendam
914 2102 1026 2123 causam

235 2143 360 2169 duxerim
376 2142 519 2169 celebrata:
539 2141 680 2169 felicitatis
695 2141 745 2168 soli
769 2141 919 2168 'l'rallensis
938 2141 966 2168 in
985 2141 1026 2177 gi-

1074 911 1128 929 νων
1154 903 1245 937 ἕρπει.
1275 903 1331 929 Καὶ
1358 902 1500 934 Σάλπακις
1521 903 1580 937 μὲν,
1602 903 1632 930 ὃν
1652 903 1686 930 ἂν
1711 905 1728 938 ἡ
1752 903 1871 929 ἐκείνων

1076 948 1188 983 γλῶσσα
1205 948 1328 983 ἀνδρεῖον
1345 948 1429 980 εἴποι,
1446 949 1607 984 Μανταχίας
1626 949 1758 984 τοῦνομα,
1776 948 1872 983 πολλῷ

1073 1004 1129 1021 τινι
1156 995 1280 1029 γαυριῶν
1296 995 1334 1030 τῷ
1354 995 1454 1030 πλήθει
1476 997 1509 1030 τῇ
1535 996 1612 1022 πόλει
1628 996 1796 1031 προσὸάλλει
1823 998 1873 1022 καὶ

1073 1039 1271 1074 περικάοηται,
1289 1040 1304 1066 ὁ
1321 1040 1349 1065 δὲ
1367 1039 1520 1074 στρατηγὸς
1533 1040 1548 1066 6
1565 1040 1652 1075 μέγας
1669 1040 1873 1075 χαρτου7.άριος

1073 1084 1241 1120 Λιὸαδάριος
1254 1085 1284 1111 ὲν
1300 1085 1470 1120 ἀμηχανίαις
1494 1086 1637 1118 παντοίαις
1652 1083 1696 1121 ἦν,
1713 1087 1738 1113 οἱ
1754 1086 1777 1112 δ’
1792 1086 1871 1118 me;

1073 1131 1222 1166 ἑλίμωττον
1236 1131 1283 1158 καὶ
1309 1131 1392 1158 πλέον
1418 1131 1700 1167 προσεταλαιπώρουν
1717 1134 1750 1168 τῇ
1774 1132 1871 1167 λειψυ-

1074 1219 1139 1246 flnxi
1160 1220 1279 1254 pulveris
1305 1219 1419 1247 fundum
1444 1227 1547 1255 negans
1581 1227 1709 1255 capacem
1736 1221 1811 1248 latici
1829 1227 1870 1248 tc-

1074 1266 1174 1298 nendo,
1192 1266 1244 1293 nisi
1262 1271 1289 1293 et
1305 1267 1494 1301 pavimentum
1518 1267 1709 1294 substerneres
1732 1272 1760 1295 et
1783 1268 1870 1295 latera

1073 1312 1329 1340 circutnaaditicarcs
1350 1320 1432 1347 opere
1460 1312 1548 1339 solido
1586 1313 1808 1348 perduceresque
1838 1314 1870 1340 ad

1074 1367 1224 1391 sumntum,
1241 1359 1314 1387 unde
1334 1367 1416 1386 tnanu
1436 1359 1584 1394 repositam
1603 1360 1644 1386 vel
1660 1360 1730 1387 coelo
1742 1360 1870 1395 illapsam

1073 1405 1171 1433 deinde
1194 1413 1294 1440 aquam
1315 1406 1348 1433 ad
1369 1414 1450 1433 usum
1474 1414 1625 1440 promeres.
1642 1406 1668 1434 ld
1696 1411 1754 1434 tum
1778 1408 1873 1435 facere

1074 1453 1138 1480 novi
1158 1452 1314 1481 Trallenses
1330 1454 1519 1488 neglexerunt,
1538 1454 1614 1489 gravi
1629 1458 1656 1480 et
1668 1454 1788 1488 grmiter
1803 1455 1873 1489 ipsis

1075 1497 1175 1525 luendo
1196 1498 1370 1533 postmodum
1396 1506 1502 1527 errore.
1533 1499 1562 1526 In
1592 1507 1714 1534 prasens
1743 1500 1871 1528 videlicet

1079 1545 1187 1578 abunde
1209 1545 1278 1580 ipsis
1295 1545 1328 1572 ad
1349 1550 1443 1580 potum
1465 1546 1629 1580 suppetebat
1648 1547 1719 1574 latex
1739 1547 1873 1582 limpidus

1077 1598 1110 1617 ex
1124 1598 1203 1617 autne
1215 1590 1378 1625 profluente.
1393 1598 1446 1625 quo
1458 1598 1488 1618 se
1501 1590 1678 1619 interclusum
1692 1591 1727 1618 iri
1743 1591 1768 1618 vi
1779 1591 1873 1618 hostili

1079 1636 1150 1663 haud
1168 1641 1224 1664 tum
1239 1644 1306 1664 sane
1318 1637 1508 1671 providebant,
1525 1637 1649 1665 infelices
1659 1638 1707 1672 qui
1720 1638 1872 1670 nescirent,

1079 1688 1182 1716 quanto
1214 1682 1393 1711 Prometheus
1427 1685 1603 1718 praestantior
1635 1684 1672 1712 sit
1697 1683 1873 1719 Epimethen,

1079 1736 1192 1762 qnan'o,
1221 1729 1354 1764 inquam,
1386 1729 1468 1765 472
1501 1730 1640 1758 salubrius
1670 1735 1873 1766 praevertamur

1079 1774 1262 1809 impendentia
1279 1775 1349 1802 mala
1365 1776 1472 1810 sagacis
1484 1777 1667 1811 pratcautione
1679 1777 1873 1811 provilentizc,

1078 1829 1160 1856 quam
1182 1821 1220 1848 nil
1250 1821 1404 1856 profttluris
1423 1823 1456 1849 ad
1477 1828 1631 1851 extremum
1651 1823 1780 1851 lamentis
1805 1832 1875 1852 sera:

1078 1868 1246 1902 pccnitentize
1262 1868 1438 1903 deplorentur
1455 1877 1462 1895 :
1484 1877 1579 1896 verum
1594 1870 1668 1904 quod
1681 1869 1757 1897 fatali
1774 1878 1875 1898 neces-

1078 1912 1159 1940 sitate
1174 1913 1347 1948 ingruitmcc
1360 1914 1447 1941 averti
1460 1922 1509 1942 nec
1523 1914 1627 1941 ditterri
1641 1915 1758 1942 consilio
1772 1920 1875 1950 potest.

1113 1978 1158 2005 21.
1182 1979 1215 2006 Ut
1234 1978 1338 2007 Tralles
1353 1985 1511 2008 restauratw
1526 1989 1542 2008 a
1561 1981 1651 2010 Persis
1669 1987 1754 2016 capta:
1772 1983 1838 2010 sint.

1113 2046 1196 2073 Novis
1213 2046 1285 2073 enim
1307 2046 1496 2076 Trallensibus
1513 2049 1540 2076 in
1565 2049 1612 2077 illa
1634 2049 1753 2077 felicium
1776 2052 1874 2086 auspi-

1078 2090 1182 2118 ciorum
1199 2091 1382 2126 gratulatione
1398 2094 1495 2121 saacula
1513 2095 1567 2122 sibi
1577 2103 1660 2123 aurea
1671 2097 1876 2131 spondentibus

1079 2138 1154 2174 (nam
1176 2139 1242 2174 quid
1259 2147 1311 2166 non
1330 2148 1377 2175 spe
1396 2147 1594 2175 prmsumercnt
1607 2141 1731 2171 Junioris
1743 2145 1874 2179 Augusti,

235 2188 352 2223 guendis
384 2187 609 2222 maturandisque
643 2195 725 2215 omne
759 2195 846 2222 genus
880 2187 1026 2214 fructibus.
1044 2191 1064 2218 ι)
1081 2186 1203 2220 longum,
1224 2190 1253 2212 nt
1272 2190 1332 2212 crat
1357 2186 1522 2219 verisimile,
1546 2195 1577 2215 ac
1597 2188 1698 2216 florens
1722 2190 1874 2225 imperium

236 2237 340 2263 Prwsto
369 2235 499 2262 nimirum
528 2240 570 2262 est
593 2235 736 2262 abundans
765 2234 798 2261 iis
827 2234 932 2262 alendis
961 2234 1027 2261 uber

236 2282 374 2317 quoddam
389 2281 440 2307 soli
456 2280 579 2315 contigui
595 2280 738 2315 stirpibus,
755 2280 943 2315 superficiaria
958 2288 1026 2306 exu-

236 2329 328 2355 dantis
348 2335 441 2359 succo,
459 2335 508 2354 nec
528 2327 677 2361 quidquam
698 2327 846 2354 derivantis
862 2335 919 2354 suae
943 2328 1027 2361 copia:

237 2374 264 2400 in
287 2373 462 2401 demissiores
485 2378 574 2407 partes
589 2373 714 2399 ariditate
739 2377 891 2399 maceratus
912 2373 1026 2405 intima,

237 2421 283 2447 sed
306 2420 415 2446 vitalem
432 2419 508 2446 illum
529 2423 615 2445 totum
640 2418 805 2446 clfuudentis
831 2419 974 2446 humorem
1000 2419 1026 2446 in

237 2466 429 2501 pinguedinem
459 2472 603 2500 pomorum
637 2470 663 2492 et
698 2465 844 2492 baccarum
880 2466 1027 2493 mitissima

237 2513 322 2540 saliva
341 2512 499 2539 celebrium.
518 2511 582 2538 lude
597 2513 638 2544 (ut
660 2511 692 2537 ad
709 2518 765 2537 rem
781 2519 824 2538 me
842 2511 971 2545 referant)
987 2511 1028 2538 in-

236 2557 341 2589 tellich
357 2555 532 2582 excavatnris
548 2555 628 2582 isthic
644 2559 741 2588 puteos
760 2555 815 2582 duo
830 2555 946 2582 inviCem
960 2563 1028 2582 con-

236 2603 320 2631 traria
337 2602 487 2629 obstitisse.
511 2601 590 2628 Prius
611 2607 669 2628 erat
689 2602 821 2636 paludosa
836 2603 966 2630 mollities
987 2602 1027 2629 vi-

236 2649 305 2676 cina:
321 2648 474 2682 superlicici
491 2652 580 2680 terrae,
598 2648 623 2673 in
641 2655 722 2682 grave
740 2646 900 2674 fodientium
914 2649 1028 2682 impedi-

236 2698 358 2721 mentum
389 2693 561 2725 redundans;
589 2700 671 2727 quam
698 2692 721 2719 si
747 2693 810 2727 quis
841 2692 1026 2721 difﬁcultatem

196 2737 200 2746 “
237 2740 371 2774 patienter
383 2739 517 2774 cgerendo
531 2739 650 2765 vinceret
664 2739 732 2771 luto,
744 2739 1027 2766 occurrebatalterum

237 2784 475 2819 impcdimcnnun.
497 2784 548 2812 ευιὶ
562 2784 744 2818 deprcssioris
765 2786 882 2818 strigosa
904 2785 1026 2818 siccitas,

239 2835 338 2860 praeter
361 2831 433 2858 sitim
453 2830 555 2857 arentis
575 2829 659 2865 glcbtc
678 2830 759 2857 etiam
786 2831 820 2858 ob
841 2830 1026 2859 friabititatem

1078 2230 1242 2263 inchoantis,
1259 2231 1411 2266 peculiares
1427 2232 1540 2260 clientes
1555 2240 1588 2260 ac
1599 2233 1683 2266 cives.
1698 2234 1763 2261 inde
1779 2236 1877 2270 praeci-

1078 2284 1132 2311 puo
1152 2284 1261 2311 semper
1281 2278 1352 2312 apttd
1370 2285 1432 2304 cum
1453 2278 1555 2306 inloco
1577 2280 1671 2314 gratim
1689 2281 1806 2314 futuri?)
1825 2291 1876 2310 su-

1079 2323 1205 2358 pervenit
1222 2330 1286 2350 ccce
1302 2323 1539 2358 inopinatissimus
1554 2325 1692 2353 exercitus
1705 2325 1858 2354 Persarum
1869 2349 1877 2360 ,

1079 2378 1148 2406 quos
1170 2372 1270 2398 caedent
1289 2371 1415 2398 videlicet
1440 2372 1473 2399 ad
1498 2373 1662 2400 obstandum
1679 2373 1767 2400 initiis
1791 2374 1879 2410 hujus

1080 2418 1196 2445 COitHIiJ!
1217 2418 1396 2453 impellebant
1414 2426 1515 2450 causa}.
1541 2427 1602 2453 qua:
1625 2420 1813 2447 Andronicum
1841 2422 1878 2448 ad

1079 2463 1248 2490 condendam
1272 2471 1332 2490 eam
1352 2468 1519 2492 moverant:
1538 2470 1566 2492 ut
1590 2465 1662 2492 enim
1691 2466 1735 2493 hic
1763 2466 1878 2493 frenum

1079 2509 1196 2536 licentia:
1221 2509 1360 2543 prmdandi
1384 2517 1416 2536 ac
1441 2510 1644 2544 receptaculum
1673 2511 1815 2545 copiarum
1846 2512 1876 2539 in

1078 2556 1169 2582 clades
1190 2554 1311 2582 Persidis
1336 2555 1539 2583 imminentium
1566 2556 1746 2584 constitutum
1773 2557 1802 2584 in
1818 2558 1874 2586 ista

1079 2602 1179 2629 vicinia
1203 2603 1342 2634 voluerat,
1369 2602 1407 2630 ita
1428 2603 1468 2630 illi
1489 2610 1520 2630 ea
1540 2603 1597 2638 ipsa
1622 2608 1776 2632 metuentes
1795 2605 1874 2632 omni

1079 2653 1185 2673 mature
1203 2646 1417 2674 iucumbendum
1434 2654 1535 2675 conatu
1561 2650 1708 2676 censebant
1730 2650 1764 2676 ad
1787 2657 1875 2677 excu-

1079 2696 1202 2723 tiendum
1220 2696 1270 2723 hoc
1283 2697 1379 2731 jngum
1396 2697 1469 2724 velut
1484 2698 1645 2733 impositum
1662 2698 1828 2732 cervicibus,
1847 2703 1876 2726 ‹ι

1079 2747 1181 2784 certant
1197 2742 1348 2777 pCl'llit‘it‘lll
1366 2751 1380 2769 a
1396 2751 1446 2770 suo
1462 2743 1549 2770 limite
1573 2743 1777 2771 removendam.
1802 2744 1875 2778 Ergo

1080 2787 1248 2815 Illatuacltias
1264 2789 1375 2822 quidam
1392 2795 1574 2824 cognomento
1589 2789 1724 2824 Salpacis.
1739 2798 1800 2824 qua:
1822 2798 1874 2817 τοι

1079 2832 1170 2868 lingua
1189 2833 1296 2861 Per-.ica
1314 2834 1410 2862 fortem
1425 2840 1514 2869 sonat,
1531 2836 1683 2865 innumeris
1697 2844 1767 2869 quas
1781 2837 1876 2865 ducta-
