1944 3067
101 95 149 126 9ἵᾶ

574 92 622 123 DE
644 91 842 122 MlCIIAELE
865 90 1098 122 ΡΑΙΑἘΟΕΟΟΟ
1117 92 1191 123 LIB.
1213 92 1260 122 VI.

1672 94 1724 127 924

98 151 221 187 δρὶᾳ,,ὼς
236 150 342 178 ἐκεῖθεν
355 150 406 186 μέν
419 151 465 177 καὶ
481 149 535 176 τῶν
548 149 786 185 ἀπηγορευμένων
801 147 886 175 ἆπτε-
900 151 922 178 Α
936 149 1060 184 οεμέλια,
1074 149 1104 176 τὸ
1117 149 1144 175 δέ
1161 149 1186 183 γ’
1202 149 1375 184 ἐπικείμενον
1389 150 1443 176 τῶν
1455 151 1615 185 κτισμάτων
1632 152 1723 184 ξύλοις

100 199 170 230 σθαι,
188 197 313 224 ἐντεῦθεν
328 197 356 224 δὲ
379 196 457 224 ῦδατι
476 195 624 227 πονοῦντας
640 195 724 230 ὑγροῦ
740 203 812 225 τινος
830 203 884 229 μη-

99 245 181 280 χανὴν
205 244 342 279 ἐκζητεϊν,
369 243 416 269 κα)⁸
443 242 562 277 συνεχῶς
586 241 689 276 φλέϐας
708 241 763 268 τῶν
792 241 885 267 ἵππων

99 291 245 322 τέμνοντας
269 290 316 316 τοῦ
336 290 451 324 αἵματος
471 289 602 323 ὲκροφᾷν.
624 287 696 315 ”Δλλ“
712 287 762 313 οὐκ
785 285 819 321 ἦν
843 288 886 313 ἐν-

99 336 193 362 τεῦθεν
205 335 236 362 τὸ
248 336 302 362 πᾶν
317 335 367 370 τῆς
382 335 461 370 δίψης
479 334 582 366 ἰᾶσθαι,
599 333 646 360 καὶ
661 332 793 368 ἔθνησκον
802 333 887 359 ἐπασ-

101 382 218 416 σύτεροι.
240 381 312 416 Πρὸς
329 381 384 416 γὰρ
398 380 445 407 τὸν
462 380 542 414 λιμὸν
559 379 607 405 καὶ
627 378 727 413 μᾶλλον
745 379 866 413 ἀντεῖχον
878 385 884 392 ·

101 427 236 461 ἐπήρκουν
257 426 312 460 γὰρ
327 426 403 459 σφίσι
417 425 464 452 καὶ
477 425 510 451 τὰ
526 424 580 450 τῶν
595 423 766 459 θνησκόντων
780 422 841 456 ἁλὸξ
848 431 886 450 ων

101 471 227 506 σώματα,
245 472 291 498 καί
308 479 339 504 γε
352 470 443 497 αὐτῶν
460 470 630 504 Θνησκόντων
646 469 784 500 πολλάκις,
802 468 886 500 οὕτως

100 518 196 549 ἐνδεῶς
210 515 282 552 εἶχον
294 517 348 543 τῶν
360 515 520 549 ἀναγκαίων
532 515 568 546 ὡς
580 516 626 542 καὶ
639 515 730 541 αὐτῶν
738 514 885 542 ἅπτεσθαι.

101 562 140 597 Τῇ
153 561 181 588 δέ
197 569 229 595 γε
249 561 312 596 δίψῃ
340 561 388 586 καὶ
413 560 514 595 μᾶλλον
531 558 599 595 οὔσῃ
625 558 767 594 βιαιοτέρᾳ
783 559 833 585 οὐκ
852 556 887 594 ἦν

101 607 242 641 ἐπινοῆσαι
258 605 418 642 Θεραπεῑαν,
433 606 481 632 καὶ
495 605 581 632 ταῦτα
594 605 624 631 τὸ
639 605 825 639 μεσημϐρινὸν
839 603 886 630 τοῦ

101 653 179 689 ἡλίου
210 653 366 688 φλέγοντος.
384 653 466 679 Ὅθεν
491 653 538 678 καὶ
562 651 754 687 προσεχώρουν
777 651 887 684 ἑκόντες

101 700 156 730 τοῖς
170 699 321 734 πολεμίοις,
340 699 519 734 ἀνεκτότερον
530 697 680 733 ἡγούμενοι
693 697 810 724 θανάτου
822 696 886 732 τρό-

102 751 151 770 πον
167 744 276 770 ἅπαντα
294 742 341 770 τοῦ
358 743 402 770 διὰ
425 743 505 777 λιμοῦ
523 751 553 769 τε
576 743 623 769 καὶ
644 743 735 777 δίψης,
753 742 801 769 καὶ
816 750 886 775 καγ-

101 790 194 821 κάνοις
209 788 464 824 προσλιπαροῦντες
478 790 534 820 τοῖς
549 788 679 822 χείλεσιν,
702 788 740 819 ὡς
762 788 887 815 ἐντεῦθεν

103 836 194 867 ἐλέους
218 835 344 870 τύχοιεν,
370 835 530 862 ὲκεντοῦντο
556 835 604 861 καὶ
623 835 737 862 ἔπιπτον
764 835 886 870 ἀκηδείς,

104 882 170 918 μηδέ
184 883 274 916 ταφῆς
287 881 455 916 ἀξιούμενοι.
469 881 572 916 Πέρσαι
589 881 618 907 δὲ
632 880 678 907 καὶ
696 881 736 907 ἐτι
749 882 803 912 τοῖς
814 881 888 913 ἐντὸς

101 929 273 964 ἀπίσχουσιν
289 927 414 964 (ἤλπιζον
428 927 483 962 γὰρ
509 927 653 961 ἀφίξεσθαι
673 927 756 954 ποθεν
778 935 890 962 συμμα-

101 975 163 1010 χίαν
180 974 196 1009 ἢ
212 976 267 1010 μὴν
281 974 444 1009 ἐπικουρίαν
458 973 508 1008 τῆς
532 973 687 1008 συμφορᾶς)
711 972 839 999 ἐπενόουν
855 973 889 999 τά

102 1021 296 1054 χαλεπώτατα,
321 1021 369 1046 καὶ
392 1019 508 1050 πέλταις
527 1019 620 1054 συχνοὶ
640 1019 694 1045 τῶν
712 1018 889 1054 θυρεαφόρων

101 1066 274 1100 ἐφιζάνοντες
300 1065 451 1093 ἑκολλῶντο
476 1065 533 1097 τοῖς
560 1065 688 1100 τείχεσιν.
721 1065 753 1092 οἳ
779 1065 811 1100 δὴ
841 1065 888 1092 καὶ

101 1112 200 1147 ὑψόθεν
225 1112 340 1147 πέτραις
374 1111 536 1146 βαλλόμενοι
562 1111 617 1137 τῶν
649 1111 733 1145 βολῶν
756 1111 887 1146 ἡλόγουνθ

100 1158 217 1192 πατάγῳ
237 1158 292 1192 γὰρ
307 1157 355 1184 καὶ
375 1157 451 1192 μόνῳ
466 1158 566 1192 περιῆν
581 1157 698 1188 ἐκείνοις
715 1157 745 1183 τὺ
760 1156 887 1191 φοϐερὸν,

100 1204 224 1231 κάτωθεν
246 1204 429 1239 ὑπορύσσουσι
446 1203 554 1238 μοχλοῖς
567 1211 597 1229 τε
613 1204 661 1230 καὶ
682 1204 885 1235 κατασείσταις.

100 1250 187 1279 Τοῦτο
200 1251 334 1285 πολλαχοῦ
356 1251 467 1285 γεγονὸς
478 1249 526 1276 τοῦ
541 1249 647 1285 τείχους
660 1249 824 1276 ὑπεσπῶντο
836 1250 886 1284 μὲν

99 1339 148 1366 bat
169 1338 327 1365 succinctus
344 1336 431 1372 copiis
452 1336 513 1363 urbi
539 1336 669 1363 Trallium
696 1344 726 1364 se
745 1336 887 1369 admovet,

100 1393 220 1420 eamque
235 1384 356 1418 undique
369 1383 512 1411 obsidione
526 1383 711 1417 amplectitur.
728 1382 825 1410 Statim
838 1403 845 1415 ,
861 1387 889 1410 ut

99 1432 127 1458 iu
143 1429 290 1463 improvisa
312 1437 350 1460 re,
376 1428 482 1462 magnis
505 1427 676 1455 conﬂictatus
691 1428 826 1463 angustiis
848 1432 889 1454 cst

936 195 1055 230 ἑτοίμοις
1095 195 1137 226 εις
1165 195 1263 229 ἄναψιν
1295 196 1477 231 ὑπηρείδετο,
1510 198 1557 223 καὶ
1581 198 1661 231 μόνον
1688 196 1723 232 ἦν

938 242 993 276 πῦρ
1017 241 1159 275 ἐμϐαλεῖν,
1175 241 1213 273 ὡς
1255 242 1322 276 μηδὲ
1359 242 1428 276 πρὸς
1453 242 1542 275 ὀλίγον
1570 243 1722 275 ἁνθέξουσι.

938 290 994 315 Καὶ
1018 288 1050 324 δὴ
1075 288 1205 320 πολλάκις
1235 288 1391 324 ὁμολογίαις
1408 289 1457 323 τὴν
1483 289 1560 315 πόλιν
1583 291 1724 324 παραστή-

937 335 1037 362 σασθαι
1067 335 1264 370 βουληθέντες,
1289 334 1328 370 [Ρ
1357 334 1428 370 524]
1457 335 1495 366 ὠς
1525 337 1572 362 καὶ
1603 336 1725 370 πέμπονε

936 390 982 412 τες
1019 381 1131 415 ἠξίουν,
1164 381 1211 407 καὶ
1238 380 1337 412 σώζειν
1373 381 1435 412 τοὺς
1464 383 1625 414 περιόντας,
1653 382 1678 407 οἱ
1702 381 1724 407 δ’

936 427 1173 463 ἀποκρουσθέντες
1196 426 1249 453 τῶν
1267 427 1343 461 σφίσι
1371 426 1592 462 βεϐουλευμένων
1621 427 1724 462 μάχαις

937 472 1046 508 αἱροῦσι
1063 473 1111 499 καὶ
1128 472 1367 505 κατασκάπτουσι,
1392 472 1440 498 καὶ
1465 472 1515 508 τὴν
1532 473 1596 507 πρὶν
1610 473 1640 499 ἐν
1655 481 1725 507 χρη-

937 522 1016 554 σμοῖς
1032 518 1164 553 κειμένην
1179 518 1342 553 περιφανέσι
1359 519 1405 544 καί
1421 519 1447 552 γ’
1466 518 1572 544 ἐλπίσιν
1592 519 1725 554 ἀπῃωρη-

939 566 1024 600 μένην
1037 565 1171 600 χρησταῖς
1191 565 1231 594 εἰς
1247 563 1312 598 χοῦν
1327 563 1539 595 καταϐάλλουσι,
1556 564 1603 590 καὶ
1623 564 1725 598 πλῆθος

938 611 1026 637 ἐκεῖνο
1053 611 1107 636 πᾶν
1125 609 1156 636 οὑ
1184 609 1283 644 ῥᾳδίως
1306 609 1461 644 ἀριθμητὸν
1484 609 1566 644 ἔργον
1585 609 1724 644 μαχαίρας

937 656 1089 683 ποιοῦνται.
1106 654 1191 681 Τοῦτο
1206 654 1314 689 ξυμϐὰν
1327 654 1496 689 κατόρθωμα
1513 654 1641 689 δεύτερον
1656 655 1726 690 Πέρ-

939 710 1000 733 σαις
1019 700 1088 736 μετὰ
1103 700 1133 727 τὸ
1154 700 1264 735 πρῶτον
1279 699 1309 726 τὸ
1329 701 1401 726 κατὰ
1416 700 1538 732 Νύσσαν,
1555 696 1576 733 ᾧ
1588 700 1620 734 δὴ
1635 701 1649 726 ὁ
1671 709 1726 726 πα-

941 747 1149 783 ρακοιμώμενος
1171 746 1326 780 Νοστόγγος
1350 746 1559 779 ἐλλελειμμένος
1581 745 1725 780 μεγίστοις

939 795 1060 830 ἀνιαροῖς
1081 794 1143 825 τοὺς
1168 792 1236 828 ἀμφ’
1262 792 1345 819 αὑτὸν
1369 791 1543 827 περιέϐαλεν,
1567 791 1636 818 ὥστε
1658 791 1726 827 μετὰ

940 841 989 875 τὴν
1003 840 1078 873 σφῶν
1093 836 1130 866 ὧν
1148 839 1196 873 μέν
1209 838 1328 873 σφαγὴν,
1346 835 1384 864 ὦν
1409 837 1432 864 δ’
1454 838 1556 865 ἅλωσιν
1576 839 1624 864 καὶ
1643 837 1727 864 αὐτὸν

940 884 1052 916 ἁλῶναι.
1072 884 1199 919 μεγάλως
1225 883 1293 918 πρὸς
1309 883 1412 918 θάρῤος
1435 884 1535 919 ἐπῇρε,
1564 882 1661 910 καὶτὰ
1677 883 1728 917 τῆς

939 930 1073 965 ἀνατολῆς
1088 930 1218 957 κατέθεον
1234 929 1441 964 κραταιότερον.
1456 929 1589 960 Βασιλεὺς
1601 929 1630 956 δέ
1640 930 1654 956 ὁ
1667 929 1728 960 νέος

940 978 1067 1012 ηὐλίζετο
1085 976 1154 1008 τέως
1173 975 1245 1008 κατὰ
1259 975 1290 1002 τὸ
1305 975 1463 1011 Νύμφαιον,
1480 975 1672 1011 ἐμπρόοεσμος
1689 974 1728 1002 ὢν

939 1023 1064 1058 ἀπαντᾷν
1080 1021 1148 1057 πρὸς
1164 1021 1209 1048 τὸν
1221 1022 1330 1057 πατέρα
1343 1021 1414 1048 κατὰ
1430 1022 1540 1056 μικρόν.

939 1102 992 1137 κβ¹.
1009 1102 1110 1134 Ὅπως
1140 1102 1157 1137 d
1186 1099 1471 1137 πορφυρογέιξνητος
1485 1099 1728 1137 νΚωνσταντῒνος

1062 1138 1106 1169 εὶς
1118 1135 1155 1163 τὰ
1169 1136 1244 1163 κατὰ
1254 1136 1348 1162 Δύσιν
1357 1135 1587 1163 ἀποστέλλεται.

976 1204 1107 1235 Βασιλεὺς
1119 1203 1148 1230 δέ
1168 1203 1216 1230 καὶ
1232 1203 1278 1230 τὸν
1297 1203 1367 1238 μετά
1388 1202 1434 1229 τδν
1458 1201 1570 1238 βασιλέα
1589 1209 1730 1236 πορφυρο-

938 1253 1068 1287 γέννητον
1083 1250 1287 1278 Κωνσταντῖνον
1308 1249 1460 1284 γυμνάζειν
1478 1246 1535 1275 οἷον
1560 1249 1644 1276 Θέλων
1660 1248 1729 1284 πρὸς

940 1342 1008 1370 Tum
1024 1341 1114 1370 securi
1131 1345 1244 1376 experta
1260 1339 1398 1368 soliditate
1414 1338 1549 1373 tegminis.
1563 1345 1642 1365 omne
1654 1337 1730 1365 aliud

940 1394 1123 1424 praeterquam
1154 1387 1284 1421 strepitus
1311 1389 1338 1412 et
1359 1385 1450 1412 inanis
1475 1384 1535 1411 soni
1560 1384 1729 1419 dejectorum

941 1442 1062 1470 superne
1076 1442 1108 1461 ac
1121 1435 1189 1461 citra
1207 1434 1336 1461 damnum
1353 1431 1535 1459 resilientium
1553 1431 1668 1458 telorum
1689 1431 1732 1457 in-

99 1482 226 1502 summus
246 1481 320 1501 nova:
334 1473 454 1500 civitatis
471 1473 658 1507 magistratus,
673 1481 790 1508 magnus
810 1474 889 1500 char-

942 1480 1116 1507 commodum
1140 1479 1270 1510 arcentis,
1297 1477 1458 1505 suﬂ‘ossioni
1486 1477 1558 1504 muri
1578 1484 1626 1511 per
1643 1476 1730 1503 otium

98 1521 218 1548 tularius
234 1519 405 1547 Libadarins.
417 1519 485 1545 Nam
501 1518 574 1546 cives
589 1519 668 1546 famis
681 1519 774 1546 subito
785 1527 816 1545 ac
828 1519 889 1546 silis

99 1566 275 1594 incommoda
295 1569 350 1592 tam
368 1564 461 1600 gravia
476 1570 633 1598 sensarunt,
658 1570 685 1591 ut
705 1570 732 1591 et
748 1565 817 1591 cibis
837 1565 889 1591 im-

98 1613 212 1640 mundis
231 1612 405 1646 infandisque
429 1618 477 1638 ora
503 1611 636 1646 polluere,
656 1616 758 1638 etcum
780 1618 889 1638 arentes

99 1659 195 1686 fauces
206 1659 306 1685 humor
322 1657 412 1684 omnis
425 1657 562 1688 deﬁceret,
573 1656 653 1683 Sectis
670 1663 801 1690 equorum
815 1655 890 1682 venis

98 1706 229 1732 eductum
249 1703 408 1738 sanguinem
433 1702 511 1729 avide
529 1701 639 1728 haurire
661 1707 832 1736 cogerentur.
851 1701 891 1727 Ac

98 1750 155 1778 cibi
174 1749 283 1784 quidem
297 1747 461 1776 desiderium
480 1747 649 1774 tolerabilius
665 1746 744 1773 initio
760 1746 891 1774 fallebant

98 1794 259 1823 substitutis
271 1793 299 1821 in
311 1794 400 1820 locum
416 1792 560 1819 meliorum
575 1792 706 1819 carnibus
717 1793 890 1820 morientium

99 1847 200 1877 sponte
217 1841 402 1874 iumentorum
422 1845 449 1867 et
473 1839 563 1866 omnis
580 1838 687 1873 generis
710 1839 890 1866 animantium

99 1889 258 1919 brutorum;
273 1893 390 1921 quarum
407 1893 462 1913 non
479 1884 657 1912 suﬂicieutem
690 1884 795 1918 copiam
812 1885 891 1911 multi

99 1943 156 1962 non
174 1940 235 1960 raro
251 1932 414 1967 supplebant
429 1929 646 1965 vorandisﬂ73
663 1929 804 1956 hominum
822 1938 892 1964 quo-

99 1988 155 2015 que
172 1979 232 2006 fato
246 1979 454 2012 absumptorum
471 1976 662 2004 cadaveribus.
681 1975 749 2003 Sitis
770 1976 892 2004 levandae

98 2025 237 2054 difﬁcilior
252 2027 311 2051 erat
332 2023 413 2055 ratio,
430 2021 501 2056 quod
515 2021 561 2048 illa
586 2028 667 2055 quam
690 2021 745 2048 dixi
760 2041 768 2054 ,
785 2021 892 2049 cruoris

98 2070 195 2106 equini
215 2068 288 2103 potio
302 2075 351 2095 nec
367 2072 434 2094 satis
451 2067 580 2093 ardorem
596 2065 789 2100 restiugueret,
807 2070 835 2093 et
852 2071 892 2092 ta-

98 2118 163 2143 bem
177 2116 339 2149 ingvnerans
350 2119 452 2141 mortes
461 2113 657 2147 frequentaret.
668 2113 890 2147 ltaquededituti

99 2162 210 2196 liquore
238 2159 331 2191 omni,
357 2158 471 2185 meridie
496 2158 646 2192 praesertim
671 2157 729 2184 sole
748 2156 891 2191 ﬂagrante,
909 2155 931 2184 D

100 2210 178 2235 ultro
199 2207 232 2234 ad
251 2207 342 2234 hostes
359 2205 535 2236 accedebant,
549 2204 675 2240 quamvis
693 2205 781 2231 diram
793 2211 891 2232 necem

99 2254 196 2281 minus
215 2253 372 2279 horribilem
390 2252 441 2278 rati
464 2252 538 2278 lento
554 2251 614 2279 sitis
635 2258 666 2278 :zc
685 2250 766 2278 famis
787 2253 892 2278 viscera

99 2300 309 2336 depasccntium
327 2299 538 2326 vivicomburio.
556 2298 591 2325 At
604 2298 698 2325 miseri
716 2298 798 2326 siccis
810 2298 892 2325 labris

99 2355 203 2382 aquam
222 2345 382 2379 suppliciter
399 2349 524 2380 petentes
545 2345 616 2372 adeo
629 2351 682 2371 non
700 2344 846 2371 ﬂectebant
859 2344 892 2370 ad

101 2391 324 2419 miscricordiam
344 2390 488 2422 barbaros,
506 2393 535 2416 ut
555 2390 696 2417 hastilium
715 2390 893 2417 mucronibus

99 2436 227 2464 confossi
243 2435 458 2470 repellerentur;
471 2439 498 2462 et
517 2435 563 2469 qui
582 2435 703 2469 plerique
717 2435 777 2462 istis
796 2435 892 2462 vulne—

97 2484 182 2511 ribus
204 2481 410 2514 occumbebant,
435 2480 508 2508 fcude
531 2481 665 2508 inhumati
682 2481 816 2516 jacercut,
843 2490 894 2509 nec

97 2529 227 2565 pulveris
241 2528 387 2563 injectione
401 2528 517 2561 dignati.
535 2527 563 2554 In
582 2528 625 2555 his
639 2532 729 2555 tamen
745 2535 793 2563 spe
809 2528 872 2555 auxi
884 2543 891 2549 η

98 2576 129 2602 lii
146 2583 161 2601 a
180 2574 288 2601 Ctesare
301 2574 407 2600 venturi
423 2574 607 2600 constantiam
619 2574 794 2601 circumsessi
809 2574 893 2601 obsti-

98 2622 218 2652 nabant,
236 2627 290 2654 qua
313 2620 402 2647 Persa:
424 2620 555 2654 indignati
580 2615 738 2654 oppugnare
759 2620 893 2647 hactenus

98 2670 212 2693 tantum
236 2665 366 2692 obsessos
384 2665 458 2692 omni
476 2672 526 2698 ope
547 2665 737 2692 decreverunt.
759 2664 894 2693 anibus

98 2712 189 2745 igitur
212 2718 242 2738 se
257 2710 335 2737 densi
359 2710 516 2743 admovent,
537 2710 648 2744 illicque
668 2715 790 2745 perSIant
807 2711 894 2738 scutis

98 2757 197 2791 capita
213 2756 344 2791 protecti,
359 2760 386 2783 ct
403 2757 454 2784 sub
471 2762 528 2783 tuta
548 2756 685 2784 testudine
700 2763 781 2783 casus
798 2763 894 2785 omnes

97 2802 298 2831 devolutarum
323 2810 356 2830 ex
374 2802 428 2830 alto
449 2802 559 2830 molium
585 2802 751 2836 exripientes
771 2802 892 2829 innoxie.

939 1526 1084 1556 vacabant.
1096 1524 1213 1551 terebris
1225 1522 1452 1556 ferramentisque
1465 1521 1490 1548 id
1505 1529 1591 1556 genus
1601 1521 1732 1548 emoliun-

942 1576 981 1598 tes
997 1571 1064 1598 locis
1077 1571 1192 1598 subinde
1214 1569 1306 1601 variis,
1326 1573 1353 1596 et
1372 1572 1513 1602 egerentes
1539 1574 1616 1599 saxa,
1639 1566 1730 1601 quoad

941 1617 1117 1643 fundamenta
1133 1616 1192 1650 ipsa
1207 1614 1552 1647 subvellerentmolemque
1561 1612 1729 1646 superiorem

940 1661 1100 1690 tibicinibus
1111 1668 1126 1688 e
1141 1661 1213 1696 ligno
1227 1659 1344 1688 subditis
1359 1658 1565 1693 suspenderent.
1580 1662 1652 1685 certa
1666 1664 1730 1684 mox

941 1712 1069 1735 secutura
1088 1713 1228 1732 murorum
1245 1709 1348 1739 strage,
1362 1703 1407 1730 ubi
1420 1703 1608 1738 subjiciendus
1624 1703 1651 1729 in
1665 1708 1732 1729 tem-

941 1761 1007 1789 porc
1026 1752 1097 1788 ignis
1115 1752 1187 1786 tigna
1210 1749 1425 1784 consumpserit.
1450 1744 1523 1776 Inter
1547 1749 1603 1775 haec
1625 1748 1731 1776 crebris

941 1797 1114 1826 lacessebant
1131 1795 1337 1835 invitationibus
1357 1795 1485 1821 obsessos
1502 1794 1535 1821 ad
1552 1793 1668 1821 salutent
1682 1793 1732 1820 dc-

942 1844 1046 1871 ditione
1057 1841 1340 1876 paciscendammuas
1354 1847 1413 1867 cum
1425 1839 1463 1867 illi
1478 1839 1650 1874 repellerent,
1665 1840 1731 1867 sub-

942 1891 995 1917 ruti
1021 1889 1142 1923 undique
1167 1887 1240 1915 muri
1261 1887 1369 1914 ruinam
1407 1886 1543 1925 fecerunt,
1562 1886 1653 1913 aditus
1669 1893 1734 1920 ape-

942 1936 1044 1963 rientes
1058 1939 1152 1962 vastos
1161 1933 1332 1960 irruentibus
1342 1931 1443 1960 Persis.
1457 1931 1503 1959 Sic
1516 1931 1654 1958 destructa
1668 1937 1733 1957 mox

942 1982 977 2009 ab
990 1986 1051 2009 ortu
1062 1988 1112 2008 suo
1127 1984 1169 2008 est.
1185 1979 1279 2006 infelix
1292 1978 1398 2011 civitas,
1409 1977 1585 2006 mendacibus
1594 1977 1736 2005 ominibus

942 2027 1134 2055 vaticiniorum
1153 2025 1236 2062 ᾼῚῆ,
1260 2024 1409 2052 illustrium
1433 2025 1460 2051 in
1485 2031 1546 2059 spes
1570 2023 1734 2050 vanissimas

943 2073 1054 2106 inﬂata;
1072 2077 1098 2100 et
1116 2072 1160 2099 ille
1175 2079 1230 2099 non
1246 2070 1324 2098 facile
1343 2070 1525 2098 numerabilis
1541 2069 1656 2104 populus
1675 2069 1735 2104 gla-

943 2119 979 2146 dii
997 2116 1134 2144 barbarici
1151 2114 1312 2143 miseraoilis
1327 2115 1438 2142 victima
1453 2113 1581 2141 concidit.
1598 2113 1675 2139 Alter
1690 2112 1736 2138 hic

945 2169 1091 2191 successus
1116 2160 1169 2188 fuit
1192 2167 1331 2187 armorum
1355 2159 1527 2186 Persicorum
1551 2166 1566 2185 a
1591 2158 1676 2193 priori
1700 2158 1734 2185 ad

944 2209 1060 2245 Nyssam
1080 2207 1165 2233 relata
1189 2206 1316 2238 victoria,
1332 2212 1386 2240 qua
1409 2203 1554 2239 praefectus
1576 2203 1658 2238 sigilli
1679 2202 1735 2230 No-

944 2259 1057 2288 stougns
1072 2259 1134 2280 cum
1152 2251 1210 2278 suis
1229 2251 1435 2278 circumventus
1448 2255 1476 2276 et
1489 2250 1516 2276 in
1534 2248 1660 2276 maximis
1675 2249 1736 2276 sine

945 2299 1049 2326 auxilio
1064 2297 1214 2326 derelictus
1231 2296 1377 2330 angustiis,
1398 2295 1505 2322 cunctis
1524 2301 1593 2329 quos
1617 2293 1735 2321 habebat

945 2353 1038 2373 secum
1052 2348 1099 2371 aut
1114 2348 1203 2371 morte
1219 2342 1323 2369 affectis
1338 2346 1384 2369 aut
1395 2341 1520 2369 servituti
1537 2340 1664 2373 addictis,
1678 2340 1736 2375 ipse

946 2398 1055 2426 quoque
1076 2395 1173 2425 captus
1191 2389 1307 2416 multum
1330 2394 1358 2416 et
1379 2389 1486 2416 fiducite
1500 2393 1526 2415 et
1543 2388 1680 2416 facultatis
1695 2388 1735 2415 vi-

946 2438 1068 2465 ctoribus
1097 2436 1201 2464 addidit
1227 2437 1385 2462 universum
1412 2435 1542 2470 deinceps
1569 2434 1736 2461 Orientalcm

948 2483 1061 2509 limitem
1085 2482 1198 2516 impune,
1217 2480 1423 2515 incursionibus
1440 2479 1577 2507 vastandi.
1593 2479 1662 2506 Dum
1679 2479 1737 2506 haec

946 2529 1107 2563 aéebantur,
1126 2528 1219 2562 junior
1241 2528 1380 2561 Augustus
1402 2527 1436 2554 ad
1451 2525 1629 2561 Nymphaeum
1645 2526 1736 2552 diver-

947 2575 1070 2606 sabatur,
1080 2572 1258 2600 constitutam
1273 2572 1425 2607 propinquo
1441 2571 1474 2598 ad
1490 2576 1594 2605 patrem
1604 2570 1734 2598 occursui

945 2620 1017 2647 diem
1035 2618 1190 2654 opperiens.

945 2677 990 2703 22.
1015 2674 1049 2703 Ut
1085 2674 1324 2709 Porphyrogenitus
1354 2672 1543 2709 Constantinus
1573 2671 1601 2698 in
1631 2675 1733 2697 tractus

1193 2708 1323 2736 Occiduos
1340 2710 1433 2734 missus
1448 2708 1492 2734 sit.

981 2757 1133 2791 Imperator
1150 2759 1242 2782 autem
1257 2753 1378 2789 junioris
1401 2753 1517 2788 Augusti
1538 2753 1650 2779 fratrem
1668 2757 1734 2779 natu

947 2802 1082 2829 minorem
1095 2801 1357 2834 Porphvrogcnitum
1376 2799 1586 2828 Constantinum
1610 2798 1735 2828 imbuere
