1944 3067
109 135 163 168 931

594 139 643 169 DE
662 139 858 170 MICHAELE
881 139 1112 173 PALI‘EOLOGO
1132 144 1271 182 ιιΒηνῐ.

1688 155 1741 186 938

109 192 173 245 ria:
189 192 348 245 φυλάττειν.
363 193 397 245 il;
412 193 480 245 πίίξς
496 194 796 245 τξν-γερξιρδγ-ὲκξῖνον
813 195 900 245 ἄνδρα
916 199 937 226 Α
953 197 1065 245 μεγάλη
1082 200 1215 236 ἐκκλησία
1239 203 1268 229 tv
1289 203 1391 239 τιμίοις
1405 205 1451 232 καὶ
1463 203 1519 242 εῐχε
1532 190 1739 245 χαρτοφύλακα,

108 241 155 266 τὸν
173 240 263 275 μέγαν
279 241 424 276 οἰκονόμον
442 240 473 277 [Ρ
504 241 568 278 526]
588 242 637 277 τῆς
666 243 828 278 Ἐκκλησίας
854 243 901 270 τὸν

107 285 248 321 Ξιφιλῖνον
272 286 359 313 ἐποίει
382 287 532 323 Θεόδωρον,
557 287 595 319 ὼς
614 288 645 314 οὐ
662 289 775 324 γράψοι,
789 288 827 321 ὡς
850 289 900 316 οὐκ

107 332 233 359 ἀντείποι
262 332 327 365 περὶ
351 332 494 367 δογμάτων
511 333 562 360 κᾶν
589 333 602 360 ὂ
621 343 646 360 τι
672 335 777 368 λέγοιεν
804 335 897 362 ἄλλοι·

105 378 164 405 ἀλλ’
179 378 317 414 ὁσημέραι
332 379 479 414 δεχόμενον
496 379 532 406 τὰ
544 379 597 406 τῶν
611 379 709 412 ἄλλων,
724 380 749 407 οἳ
763 380 795 416 δὴ
810 380 858 407 καὶ
870 381 898 412 ἐς

106 424 180 457 μέγα
196 423 314 459 ηὔξανον
338 424 388 458 τὴν
404 424 582 459 παραϐασίαν
606 425 635 457 ἐξ
654 421 693 451 ὧν
711 425 765 452 ἀπὸ
780 426 898 461 Γραφῶν

104 469 240 496 δεικνύειν
253 469 339 505 ᾤοντο
353 467 393 501 οἷς
409 470 478 505 πρὸς
494 470 559 502 τοὺς
584 471 703 503 Ἰταλοὺς
722 473 896 507 εἰρήνευσαν,

104 516 153 541 καὶ
174 515 213 551 τῷ
233 516 304 542 κατὰ
328 516 400 551 σφᾶς
422 517 540 550 άσιξαλεί
562 517 612 552 τὴν
628 518 684 544 τῶν
702 517 790 545 ἄλλων
811 518 896 554 ὀργὴν

103 561 241 594 ἐξέκαιον,
264 561 288 587 εί
314 561 449 592 τοιούτοις
478 563 672 598 συνισχημένοι
693 565 750 595 τοῖς
766 564 896 599 χαλεποῖς

102 608 243 641 ἀγνοοῦσι.
256 608 305 634 Διὰ
322 607 409 635 ταῦτα
425 609 551 644 παρῆγον
567 610 693 637 κάκεῖνον
706 611 834 646 γράφειν,
847 611 896 638 καὶ

102 654 158 680 ἀπὸ
176 654 294 689 Γραφῶν
319 656 448 688 συνιστᾷν
472 655 604 688 ὡσαύτως
620 657 658 688 ὡς
685 657 736 683 οὐκ
761 657 895 691 ἔσφαλται

103 700 198 734 σφίσιν
213 700 261 727 ἐπὶ
276 700 406 727 τοσοῦτον
426 701 476 737 τὴν
490 701 545 727 τῶν
564 701 734 737 Ἐκκλησιῶν
751 712 894 739 καταπρα-

101 746 231 781 ξαμένοις
248 747 374 783 εἰρήνην,
391 747 458 774 ἀλλὰ
472 749 520 775 καὶ
535 749 620 784 χωρὶς
634 748 681 775 τοῦ
696 750 737 781 είς
753 750 894 785 συμφέρον

100 793 250 827 προϐῆναι,
266 793 352 828 αὐτὴν
368 793 430 820 καθ’
442 794 529 830 αὐτὴν
543 795 672 829 ἀσφαλῶς
688 795 762 831 ἔχειν
776 796 893 828 ἐκεινοις

99 837 234 872 πράξασι,
251 839 494 875 συγκροτουμένην
508 841 555 866 καὶ
573 840 628 867 ἀπὸ
639 840 758 877 Γραφῶν
768 842 890 869 ἄλλοθεν.

95 884 200 923 [ﬂia-cst
224 883 290 918 γοῦν
316 884 356 916 εἰς
380 885 473 920 χεῖρας
498 885 596 921 ἐκείνῳ
617 886 653 912 τὰ
679 886 718 922 τῷ
740 887 890 922 σοφωτάτῳ

98 930 241 966 Βλεμμίδῃ
257 931 398 966 γραφέντα
416 931 485 968 πρός
499 940 530 958 τε
545 932 592 959 τὸν
608 932 721 966 βασιλέα
737 933 888 969 Θεόδωρον,

97 976 187 1011 ἀρχὴν
209 976 307 1011 ἔχοντα
321 977 362 1010 τὸ,
380 985 390 1002 ‹
418 977 447 1004 '0
462 977 552 1013 ζητῶν
568 979 598 1004 ἐν
611 977 641 1005 οὐ
657 977 745 1014 καιρῷ
760 979 806 1005 καὶ
819 978 889 1013 λαμ-

98 1022 189 1048 ϐάνων
204 1022 233 1048 ὲν
251 1021 351 1058 καιρῷ,
369 1031 378 1048 ι
396 1022 444 1049 καὶ
463 1024 496 1049 τὰ
510 1023 578 1058 πρὸς
591 1023 637 1050 τὸν
650 1024 818 1058 Βουλγαρίας
838 1024 889 1052 ‘li—

97 1068 201 1100 κωὸον,
216 1067 258 1100 τὺ,
276 1076 286 1093 ι
307 1068 385 1095 Ἐστι
403 1077 449 1103 μοι
460 1068 546 1101 πάθος
562 1069 630 1105 ὅπερ
645 1070 802 1105 ὲξαγγελῶ·
819 1070 887 1105 πρὸς

96 1113 234 1149 ἀκέστορα
247 1113 302 1149 γὰρ
316 1114 389 1149 ἱερὸν
405 1123 415 1140 ι
433 1115 576 1150 προοίμιον
587 1116 716 1151 φέροντα.
738 1116 887 1150 Ἐμπίπτει

96 1159 144 1188 καὶ
158 1159 251 1196 βίϐλος
266 1160 334 1196 ἄλλη
351 1160 399 1188 τοῦ
426 1161 588 1197 Μαρωνείας
605 1162 726 1197 Nutha,
749 1162 779 1190 ὃν
794 1163 811 1198 ἡ
836 1163 886 1198 μὲν

95 1248 148 1275 tuit
163 1247 235 1275 intra
251 1248 319 1277 lines
342 1254 486 1284 pactorum
500 1251 602 1287 quibus
619 1251 692 1280 ultro
708 1260 739 1280 se
758 1251 884 1280 obstrin-

93 1299 173 1323 xerat
198 1296 258 1324 viro
281 1296 319 1324 illi
341 1298 484 1333 praestanti
503 1305 605 1334 magno
621 1305 770 1327 teconotno
790 1300 884 1328 Eccle.

93 1342 144 1370 sim
169 1341 316 1371 Theodoro
338 1343 493 1379 Xipbilino,
521 1345 654 1381 pollicens
681 1354 711 1374 se
727 1354 782 1374 non
811 1347 883 1375 scri-

93 1391 208 1423 pturum
251 1393 300 1416 aut
341 1390 581 1418 contradicturum
619 1391 694 1418 circa
733 1391 881 1427 dogmata,

91 1434 227 1470 quidquid
246 1435 293 1462 alii
317 1435 454 1463 dicerent.
472 1435 541 1463 Cum
556 1436 629 1463 enim
660 1437 784 1471 quotidie
807 1438 882 1465 acci-

91 1486 173 1518 peret
188 1489 260 1510 nava
279 1481 486 1510 adversantium
502 1483 616 1518 scripta,
627 1483 729 1517 quibus
742 1483 882 1513 invidiose

90 1529 295 1564 exaggerabant
310 1529 414 1556 crimen
424 1529 609 1556 adruissorum
624 1529 651 1557 in
658 1530 880 1558 communionem

90 1574 269 1608 Latinorum,
281 1575 356 1610 quod
370 1575 437 1602 nihil
455 1577 548 1602 minus
564 1582 647 1610 quam
664 1575 798 1604 nefariam
814 1584 880 1611 apo-

89 1622 207 1649 stasiam
236 1628 298 1648 esse
328 1621 546 1654 contendebant,
566 1621 593 1649 id
621 1622 818 1650 demonstrare
850 1630 880 1651 se

88 1671 223 1703 putantes
262 1667 346 1694 certis
376 1674 438 1702 quae
482 1667 639 1702 allegabant
671 1667 879 1703 Scripturarum

89 1714 272 1746 testimoniis,
304 1713 545 1749 adjuugebantque
574 1713 649 1749 ipsos
675 1713 744 1742 falsa
771 1714 824 1742 ista
854 1720 881 1742 et

90 1767 225 1796 perversa
242 1762 402 1794 securitate,
415 1768 469 1795 qua
487 1760 572 1795 impio
587 1760 661 1788 iacto
677 1760 751 1787 velut
768 1764 845 1788 recto
853 1765 881 1788 ct

89 1806 224 1835 laudabili
241 1814 289 1842 per
306 1814 430 1835 errorem
449 1806 552 1834 delusa:
574 1807 754 1834 conscientia:
768 1807 879 1842 acquie-

88 1854 218 1887 scebant,
240 1853 394 1882 accendere
425 1855 451 1881 in
466 1861 497 1882 se
522 1854 579 1881 iras
610 1854 728 1889 odiaque
759 1854 875 1881 aliorum

85 1906 204 1935 prop’er
220 1900 373 1927 caecitatem
387 1900 484 1931 animi,
499 1907 553 1935 qua
571 1908 625 1927 non
640 1899 762 1934 cognitis
777 1899 878 1934 quibus

85 1945 214 1980 impliciti
240 1945 377 1973 haererent
404 1945 485 1974 malis
504 1946 531 1973 in
557 1945 591 1973 iis
613 1946 665 1974 sibi
678 1946 878 1981 placerent.—

85 1999 150 2020 cum
180 1991 274 2027 hujus,
307 1992 431 2026 inquam,
460 1993 604 2020 sententia:
635 1992 743 2020 libellos
766 1991 879 2027 prodire

85 2038 237 2074 spargique
251 2037 278 2065 in
294 2037 393 2073 vulgus
405 2038 540 2073 plurimos
559 2042 697 2070 cerneret,
718 2042 877 2073 pertractus

85 2085 198 2112 tandem
225 2085 259 2111 ad
287 2085 465 2113 scribendum
490 2089 544 2118 est,
577 2089 728 2120 contraque
761 2084 878 2112 demon-

85 2130 235 2158 strandum
257 2129 425 2158 testimoniis
442 2130 547 2165 pariter
570 2130 738 2164 scriptorum
755 2131 875 2157 authen-

86 2176 221 2206 ticorum,
240 2175 307 2202 nihil
321 2182 336 2202 a
355 2183 385 2202 se
401 2179 449 2202 aut
467 2184 480 2201 ει
496 2182 562 2203 suas
579 2181 673 2210 partes
691 2177 875 2210 sequentibus

85 2227 210 2250 erratum
240 2222 267 2249 in
286 2222 416 2249 omnibus
431 2229 493 2257 quae
522 2222 658 2250 hactenus
681 2222 803 2257 egissent
824 2230 874 2257 pro
891 2211 912 2239 υ

86 2277 154 2305 pace
168 2268 345 2296 concilianda
379 2268 579 2301 Ecclesiarum,
604 2269 653 2296 scd
682 2268 725 2296 vel
752 2269 776 2297 si
793 2269 869 2297 nulla

83 2316 157 2343 ratio
177 2315 326 2342 haberetur
343 2315 493 2342 utilitatum
514 2314 663 2350 ingentium
683 2323 745 2350 qua:
769 2323 802 2344 ex
820 2316 872 2345 hac

83 2361 313 2390 reconciliatione
327 2361 354 2388 in
371 2359 568 2395 rempublicam
595 2368 753 2388 universam
772 2361 873 2389 redun-

82 2409 196 2439 darent,
219 2407 307 2441 ipsam
326 2414 374 2442 per
390 2413 420 2434 se
441 2406 620 2433 concordiam
646 2406 872 2434 honestissimam

82 2455 173 2482 fuisse
193 2457 382 2487 remotamque
401 2453 436 2480 ab
456 2453 532 2480 omni
554 2452 682 2489 periculo
695 2453 875 2481 conscientia:

81 2499 237 2531 laniendae,
282 2499 384 2534 quippe
411 2498 491 2533 cujus
531 2499 648 2534 aequitas
686 2504 713 2527 et
742 2500 874 2528 sanctitas

82 2545 301 2573 auctoritatibus
339 2549 464 2572 veterum
498 2543 612 2572 Patrum
643 2544 874 2581 gravissimisque

80 2591 166 2629 477
186 2591 277 2619 omnis
300 2591 410 2627 generis
428 2584 516 2619 sacra:
532 2591 708 2627 antiquitatis
732 2591 873 2627 suﬂragiis

80 2639 193 2675 egregie
207 2637 404 2666 commendata
421 2638 599 2673 probaretur.
618 2637 767 2665 Prociucto
779 2643 871 2666 autem

79 2685 175 2713 Veceo
190 2683 225 2711 ad
238 2684 290 2711 hoc
307 2683 484 2711 tractandum
503 2687 697 2717 argumentum
715 2684 874 2711 inciderunt

81 2731 157 2758 forte
171 2731 198 2757 in
221 2738 321 2757 manus
337 2737 398 2765 quae
416 2729 643 2765 sapientissimus
657 2729 823 2758 Blemmidas
838 2732 871 2758 ad

81 2778 278 2812 imperatorem
305 2775 480 2803 Theodorum
516 2776 668 2810 scripserat
689 2777 739 2803 hoc
766 2776 869 2804 initio:

82 2832 92 2849 ι
109 2823 162 2856 Qui
179 2822 276 2857 quaerit
292 2829 347 2848 non
373 2823 400 2848 iu
431 2826 556 2855 tempore
574 2825 598 2847 et
621 2820 720 2854 accipit
751 2821 778 2847 in
803 2825 872 2848 tctu-

80 2877 174 2906 pore;
200 2879 209 2896 ι
230 2875 257 2896 οι
281 2869 354 2895 aliud
372 2867 405 2894 ad
430 2866 562 2894 Jacobum
583 2866 717 2902 Bulgaria:
746 2867 870 2903 ejusdem

243 2915 380 2946 PATBOL.
403 2916 458 2945 Gtt.
478 2915 523 2945 CX
531 2915 593 2944 Liii

952 241 1066 292 bosspov
1092 244 1120 271 δὲ
1150 247 1165 281 ἡ
1193 248 1376 282 μεγαλόπολις
1393 241 1577 289 Θεσσαλονίκη
1609 241 1740 292 ἀρχιερέα

951 289 1132 326 ἔπλούτησεν,
1162 294 1192 320 ἐν
1214 293 1286 327 ὅλοις
1310 296 1391 324 πέντε
1418 297 1509 332 λόγοις
1525 300 1559 327 τὰ
1579 289 1739 331 tiburtia-(mu

951 335 1068 370 Γραφῶν
1083 338 1153 373 ὑπὲρ
1173 340 1222 375 τῆς
1241 342 1353 378 εἰρήνης
1368 343 1422 370 τῶν
1448 344 1618 382 Ἐκκλησιῶν
1633 349 1739 377 ἀνελίτο

949 390 1043 410 τουσα.
1071 384 1125 411 Καὶ
1151 385 1265 418 ταύταις
1287 389 1369 415 οἱονεὶ
1397 389 1533 424 θεμελίοις
1564 395 1738 430 χρησάμενος

950 430 1055 464 συνεϊρε
1070 430 1104 456 τὰ
1127 430 1255 465 πλεῖστα,
1277 434 1346 462 κατὰ
1361 436 1463 463 σκοπὸν
1483 438 1534 473 μὲν
1550 440 1604 466 τῶν
1621 441 1738 474 ἐχειν-,ις

948 476 1153 523 γεγραμμένων
1167 478 1277 513 βάλλειν
1295 481 1406 514 ἐθέλων,
1423 483 1498 518 ὅμως
1512 485 1541 511 δὲ
1563 486 1610 513 καὶ
1632 488 1737 523 λίχναις

947 521 1005 552 ταῖς
1025 524 1145 557 γραφαῖς
1161 525 1255 560 ὁρμῶν
1281 527 1499 564 ἐπιμελέστερον
1522 521 1675 567 ἀνηρεύνα,
1689 535 1737 562 καὶ

947 567 1026 594 πάντ’
1039 568 1113 594 ι’θυνε
1127 569 1199 605 πρὸς
1213 571 1259 598 τὸν
1276 572 1384 607 πρῶτον
1398 576 1500 602 σκοπὸν
1512 576 1626 611 ἐκεῖνον,
1642 579 1680 611 ὡς
1692 580 1736 607 ἐπ’

945 611 1065 646 ἀσφαλεί
1079 616 1341 659 πεπραγμάτενται.
1354 619 1429 655 Πλὴν
1441 621 1491 648 οὐκ
1504 622 1547 649 ἐπ’
1559 623 1662 659 ὀλίγοις
1674 626 1735 654 ἵστα

945 659 1159 708 τοίςιάριδήλοις
1184 662 1249 694 τοὺς
1266 658 1380 698 λόγους,
1400 665 1470 693 ἀλλὰ
1491 668 1537 694 καὶ
1559 669 1606 696 ἐπὶ
1623 671 1680 704 τοῖς
1695 673 1734 708 μὴ

945 703 1114 751 ᾁρμόττουσι
1127 705 1328 743 λιχνευόμενος,
1344 707 1386 742 οἷς
1402 711 1451 738 καὶ
1468 712 1608 749 ἀντιλογία
1622 703 1735 751 εὔλογος

944 750 1060 786 ἐφῆπτο,
1076 753 1176 799 ταυτόν
1194 753 1219 781 τ’
1233 754 1337 791 ἔπασχε
1349 757 1406 789 τοῖς
1421 759 1585 795 κακοσίτοις,
1598 762 1623 788 0!
1639 750 1735 799 χρηοίέ-

946 798 1176 846 μην-τροφὴννκαὶ
1184 800 1223 836 τῷ
1235 804 1471 840 στομάχῳιρᾳδίαν
1486 809 1635 844 κατασχεῖν
1647 798 1734 846 προσ-

908 864 931 894 Β
944 843 1303 894 φερόμενοιηὼτερονλκαὶ
1329 851 1385 882 τοῖς
1405 851 1444 888 μὴ
1465 843 1618 889 χρησίμοις
1634 843 1732 894 ἐπιχή-

943 897 1050 921 ναντες,
1065 890 1203 927 ἑξέμεσαν
1217 892 1317 930 σύναμ¹
1333 896 1449 929 ἐκείνοις
1464 899 1512 925 καὶ
1525 900 1575 935 τὴν
1592 890 1733 930 συνοίσού-

944 943 1003 983 σαν.
1023 936 1056 962 Τί
1066 936 1097 964 τὸ
1117 938 1260 974 ἐντεῦθεη
1284 941 1366 977 Μάχη
1381 951 1423 975 τις
1438 944 1483 971 ἐπ’
1496 945 1526 972 οὐ
1550 948 1668 983 καιρίοις
1683 950 1732 977 καὶ

942 980 1098 1028 φιλονεικία
1116 984 1286 1014 συνίσταται.
1307 987 1344 1013 re
1355 987 1383 1014 δὲ
1399 989 1450 1023 τῆς
1475 990 1565 1026 μάχης
1581 980 1730 1028 κεφάλαιον

940 1026 993 1075 οτι*
1002 1028 1141 1056 κινοῦνται
1150 1029 1283 1065 δόγματα.
1298 1033 1408 1068 Μέλεοι,
1420 1033 1482 1062 εἶτα
1495 1037 1560 1072 ὑμῖν
1575 1026 1626 1073 μὲν
1637 1039 1731 1075 ἐφεῖτο

941 1073 971 1104 ἐς
980 1073 1022 1122 ὅτι
1035 1075 1174 1122 χρήσασθε
1181 1076 1310 1112 δόγμασι,
1323 1080 1371 1106 καὶ¹
1383 1080 1473 1108 εἰσιτὰ
1484 1082 1513 1113 ἐς
1523 1082 1598 1110 οἶκον
1611 1073 1729 1122 Κυρίου,

941 1120 1042 1166 ταυτὸν
1055 1121 1079 1147 δ’
1092 1122 1182 1166 εἰπεῖν
1206 1123 1254 1151 καὶ
1276 1124 1432 1161 δογμάτων,
1454 1127 1507 1155 κᾶν
1522 1129 1537 1156 ὃ
1560 1138 1588 1157 τι
1602 1120 1708 1166 λέγοι-ιιι
1719 1140 1729 1149 ·

940 1164 1031 1198 ἄλλοις
1047 1166 1069 1194 δ’
1086 1167 1136 1195 οὐκ
1148 1165 1184 1204 ἦν
1202 1170 1359 1206 μεμνῆσθαι
1377 1172 1522 1209 δογμάτων
1537 1164 1727 1215 ἀπολογουμέ-

939 1256 990 1284 viri
1019 1256 1164 1293 scriptum,
1191 1259 1271 1295 cujus
1297 1264 1339 1289 est
1358 1261 1412 1291 hoc
1430 1265 1574 1294 exordium
1599 1274 1608 1295 ι
1630 1275 1640 1294 ι
1673 1267 1728 1296 La-

939 1302 1008 1329 boro
1037 1304 1133 1331 morbo
1147 1312 1228 1340 quem
1255 1307 1376 1342 aperiam
1402 1316 1411 1336 :
1444 1317 1507 1338 cum
1536 1319 1618 1341 sacro
1651 1315 1726 1343 enim

938 1348 1044 1394 medico
1076 1357 1168 1378 sermo
1196 1351 1264 1380 mibi
1290 1357 1343 1382 est.
1360 1362 1370 1381 ι
1391 1353 1529 1384 Praeterea
1557 1365 1627 1394 opus
1652 1360 1726 1389 aliud

938 1393 1107 1423 Maronensis
1133 1395 1237 1425 Niceten
1266 1398 1318 1426 viri
1346 1401 1522 1436 venerabilis,
1543 1404 1591 1438 qui
1617 1411 1650 1433 ex
1664 1413 1726 1434 ma-

937 1447 996 1475 gnae
1022 1441 1144 1469 ecclesiae
1177 1442 1389 1480 chartophylace
1427 1454 1532 1482 magna:
1577 1448 1726 1479 Thessalo-

936 1486 1058 1515 nicensis
1095 1487 1224 1516 Ecclesiae
1270 1491 1496 1528 archiepiscopus
1535 1493 1640 1528 fuerat,
1669 1505 1725 1532 quo

896 1539 1020 1574 capere
1064 1532 1142 1562 libris
1173 1535 1295 1570 quinque
1337 1537 1548 1572 explicabantur
1573 1547 1589 1568 e
1623 1541 1724 1572 divinis

936 1577 1089 1613 Scripturis
1105 1586 1166 1614 quae
1182 1580 1215 1607 ad
1232 1587 1327 1616 pacem
1354 1582 1537 1612 ecclesiarum
1554 1588 1725 1616 constituen-

935 1623 998 1651 dam
1012 1624 1192 1659 pertinerent.
1209 1624 1273 1654 Haec
1290 1626 1377 1661 igitur
1391 1628 1498 1658 Veccus
1516 1636 1647 1660 accurate
1667 1634 1722 1662 sibi

934 1671 1005 1698 lecta
1016 1671 1181 1706 scriptionis
1200 1678 1284 1707 quam
1319 1673 1508 1703 meditabatur
1526 1679 1607 1713 quasi
1621 1678 1724 1707 funda-

933 1719 1026 1742 menta
1047 1714 1143 1743 habuit
1158 1723 1167 1749 ;
1183 1717 1287 1751 quibus
1300 1717 1413 1747 aliunde
1437 1720 1572 1757 colligens
1601 1726 1723 1752 astruxit

932 1760 1063 1795 plurima,
1094 1768 1146 1796 pro
1172 1769 1258 1797 scopo
1292 1763 1403 1791 intuens
1432 1764 1501 1794 illud
1529 1767 1620 1802 ipsum
1646 1771 1721 1804 quod

932 1806 1050 1833 istorum
1065 1808 1332 1836 commentariorum
1347 1815 1477 1839 auctores
1491 1812 1545 1841 sibi
1564 1821 1721 1850 proposuec

933 1856 1006 1880 rant.
1026 1852 1205 1882 Contendens
1229 1858 1321 1882 autem
1350 1856 1385 1884 ad
1411 1857 1496 1886 istum
1524 1859 1606 1889 tinem
1619 1863 1721 1898 cupido

930 1898 1049 1934 quodam
1068 1898 1169 1934 impetu
1198 1900 1352 1935 scribendi,
1384 1902 1505 1940 indeque
1525 1912 1720 1941 perscrutatus

930 1945 1041 1981 singula
1067 1945 1240 1981 diligentius,
1278 1952 1380 1976 cuncta
1405 1949 1507 1978 direxit
1534 1952 1569 1980 ad
1598 1954 1718 1989 primum

929 1991 1005 2019 illum
1021 1999 1136 2028 scopum
1167 1992 1379 2022 demonstrandi
1400 1999 1475 2024 recte
1509 2004 1542 2026 ac
1574 2006 1672 2028 secure
1690 2002 1717 2029 iu

929 2038 981 2066 hac
1006 2038 1163 2066 concordia:
1193 2040 1361 2068 tractatione
1376 2045 1439 2069 acta
1462 2050 1524 2071 esse
1545 2046 1651 2072 omnia.
1665 2047 1718 2074 Vc-

929 2091 992 2111 rum
1007 2087 1089 2119 capto
1111 2084 1198 2113 semel
1227 2084 1331 2120 impetu
1348 2087 1489 2116 scribendi
1502 2096 1558 2117 non
1577 2090 1605 2117 in
1619 2092 1717 2126 paucis

930 2130 986 2159 illis
1020 2131 1145 2158 constitit
1172 2138 1234 2167 qua:
1247 2131 1476 2161 demonstrantur
1507 2135 1716 2165 evidentemat

929 2177 1077 2213 prolapsus
1100 2177 1232 2205 aviditate
1250 2178 1370 2214 quadam
1387 2179 1440 2207 alia
1456 2180 1499 2209 his
1515 2182 1632 2210 attexuit
1657 2191 1714 2213 non

930 2223 1134 2256 convenientia,
1152 2223 1312 2259 quibusque
1333 2233 1388 2252 non
1405 2225 1466 2253 sine
1481 2227 1590 2256 ratione
1605 2233 1716 2257 contra—

928 2271 1033 2298 dlctum
1061 2275 1112 2304 est,
1129 2270 1218 2298 simile
1239 2270 1305 2305 quid
1332 2278 1431 2306 passus
1442 2271 1476 2300 iis
1500 2272 1547 2308 qui
1565 2274 1655 2308 crudi,
1687 2281 1716 2304 et

927 2317 1071 2347 stomacho
1085 2317 1204 2349 intirmo.
1221 2317 1267 2344 ubi
1279 2317 1372 2345 cibum
1388 2319 1483 2347 utilem
1499 2324 1526 2348 et
1543 2321 1634 2350 facilis
1649 2330 1716 2352 con-

927 2362 1063 2390 coctionis
1076 2367 1268 2398 perceperunt,
1284 2363 1338 2390 alia
1352 2371 1436 2399 super
1454 2364 1584 2400 ingerunt
1597 2375 1652 2396 non
1668 2377 1713 2397 su-

927 2409 1028 2442 lubria,
1046 2408 1116 2444 gulae
1142 2408 1274 2436 inhiantis
1289 2409 1421 2438 aviditate
1445 2411 1539 2445 tracti,
1557 2412 1630 2441 unde
1644 2422 1714 2443 con-

928 2459 1016 2482 tracta
1032 2462 1134 2482 nausea
1165 2454 1353 2489 profuturum,
1371 2455 1394 2483 si
1411 2457 1502 2484 solum
1533 2458 1643 2492 fuisset,
1659 2461 1713 2488 ali.

927 2505 1063 2533 mentum,
1081 2508 1137 2528 una
1157 2507 1220 2528 cum
1247 2501 1331 2528 noxio
1357 2502 1459 2536 pariter
1471 2509 1614 2532 evomunt.
1641 2505 1713 2540 Quid

928 2552 1019 2575 autem
1047 2547 1132 2584 478
1154 2546 1219 2574 inde
1247 2551 1425 2575 consecutum
1458 2553 1501 2575 est
1519 2549 1532 2576 τ
1557 2551 1712 2579 Conﬂatuln

927 2601 1026 2629 netupe
1056 2597 1196 2621 certamen
1230 2593 1453 2628 intempestivum
1479 2596 1714 2632 commissumque

923 2639 1057 2675 jurgium,
1075 2639 1176 2666 acriter
1197 2638 1415 2674 repugnantibus
1444 2638 1534 2667 Vecco
1561 2642 1688 2676 plurimis
1705 2650 1712 2675 ς

925 2693 1043 2720 quorum
1058 2685 1085 2711 in
1104 2685 1195 2719 ipsum
1212 2685 1388 2719 querelarum
1405 2685 1456 2712 hoc
1465 2691 1548 2719 caput
1564 2692 1626 2714 erat
1637 2690 1710 2722 quod

925 2739 972 2768 pur
998 2739 1057 2758 eum
1088 2735 1264 2757 moverentur
1288 2730 1426 2764 dog-nata,
1460 2732 1534 2764 quod
1569 2736 1624 2761 tam
1652 2734 1712 2769 ipse

924 2785 1006 2814 quam
1025 2778 1049 2804 ei
1065 2777 1235 2804 adhaerentes
1251 2778 1325 2804 rixas
1350 2776 1446 2804 inanes
1460 2783 1596 2806 sererent.
1620 2779 1711 2808 Adde~

924 2825 991 2852 bunt
1009 2833 1015 2852 :
1036 2833 1044 2850 |
1064 2822 1160 2850 Liceat
1181 2830 1248 2850 sane
1272 2822 1401 2858 priv:ttim
1431 2824 1498 2851 istas
1518 2824 1590 2853 inter
1607 2833 1655 2853 vos
1675 2826 1709 2855 de

924 2867 1052 2907 augurale
1082 2869 1188 2906 agitare
1208 2870 1424 2902 controversias,
1455 2870 1504 2897 sed
1518 2872 1651 2900 abstinete
1673 2873 1707 2903 ab
