1944 3067
185 159 244 189 939

187 241 308 285 ἀδικοῖεν
323 241 469 288 εἰη-’Ἐγὼ
487 253 536 287 μὲν
559 251 608 277 οὐκ
625 248 713 283 οἶμαι.
734 245 807 280 Πλὴν
829 244 909 279 μέχρι
929 241 975 268 καὶ

188 303 278 330 αὐτῶν
300 300 447 336 βασιλικῶν
470 297 560 324 ἀκοῶν
583 303 655 326 τινες
670 293 770 328 ἀνῆγον
786 291 816 318 τὸ
839 289 976 324 ἔγκλημα,

189 349 239 376 καί
253 348 279 381 γ’
298 334 451 381 εἰρηνεύειν
469 343 499 380 [P
515 342 579 378 5‘27]
597 338 787 375 ὑπισχνοῦντο,
803 337 826 362 εί
851 334 978 381 βασιλευς

191 377 283 429 (Ennii;
301 377 520 426 προ-στάτσοίμὴ
536 377 627 414 λαλεῖν
640 395 701 412 τινα
714 385 847 419 δόγματα,
868 382 919 408 κᾶν
935 377 979 406 οἵα

186 425 241 466 καὶ
260 425 334 469 ὅπως
351 437 435 470 λέγοι.
456 435 487 462 Ὀ
505 435 598 469 μέντοι
622 441 654 466 γε
678 430 804 466 βασιλεὺς
824 427 908 454 Θέλων
931 425 981 460 μὲν

193 485 243 512 καὶ
261 484 311 518 τὴν
328 483 440 517 εἰρήνην
464 480 590 511 ἐκείνων,
607 476 792 512 δυσχεραίνων
815 474 843 500 δὲ
860 473 908 499 καὶ
931 471 982 518 τὴν

193 517 314 565 αἴτησιν,
332 527 470 555 ἐκτίθεται
492 526 617 560 δόγματα
635 523 793 559 γράμμασι,
812 518 908 547 δοκοῦν
933 517 983 552 μὲν

195 575 316 610 ἀσφαλὲς
334 573 425 608 σφισιν
443 572 485 606 ἐφ’
502 569 578 606 ᾧπερ
602 571 720 603 ζητοῖεν,
736 567 823 598 ᾱλλως
838 566 860 592 δ’
874 565 984 599 ἔλεγχον

196 620 405 656 προϊσχόμενον.
424 618 492 645 Θεοῦ
509 618 575 652 γὰρ,
593 616 682 650 ἔλεγε,
701 612 901 649 μνημονευτέον
918 611 985 656 vi}:

196 655 272 700 λον,ἢ
300 663 512 691 ἁναπνευστέον.
539 662 633 696 Δόγμα
659 660 715 695 ἄρα
744 659 838 693 μνήμη
854 656 935 683 Θεοῦ.
949 655 986 681 Τὸ

198 714 292 749 μέντοι
309 721 341 746 γε
358 712 413 738 τῶν
428 710 546 746 Γραφῶν
559 707 754 744 παρεκκλίνειν
766 704 902 732 κωλυτέον
916 700 988 729 εἶναι

197 759 327 791 καθάπαξ
348 757 544 793 προσέτασσεν.
570 755 606 781 οὐ
623 754 675 789 μὴν
694 752 723 779 δὲ
738 752 786 778 καὶ
802 750 892 782 αίτίας
907 750 922 776 ὸ
933 757 987 775 πα-

197 805 336 840 τριαρχῶν
349 803 508 833 ἀπολέλυτο,
521 801 637 835 πρᾶγμα
653 797 806 834 σκιῤῥωθὲν
819 797 870 832 ἠδη
882 795 989 831 χρόνοις

199 851 338 881 πλείστοις
355 849 521 882 ἐξαπιναίως
542 846 690 882 μαλάττειν
710 843 822 874 ἐθέλων,
838 841 887 868 καὶ
901 841 988 867 ταῦτα

200 895 347 931 τιμωρίαις
363 895 506 930 μεγίσταις
522 893 569 919 τοῦ
582 890 713 927 βασιλέως
728 889 792 920 τοὺς
806 886 989 915 ἀποστατῶν-

201 951 252 973 τας
268 941 437 972 εὐθύνοντος.
453 939 565 974 Σῶφρον
592 937 638 964 οὖν
665 934 710 972 ἦν,
727 936 751 962 εί
774 935 858 968 σιγῶν
872 933 990 973 λδιετέλει

201 987 250 1015 καὶ
263 987 312 1021 τὴν
326 985 494 1021 κατηγορίαν
506 983 613 1017 διέφερε
629 981 723 1016 πράως
732 988 740 995 ”
757 976 838 1014 ἦττον
849 978 903 1013 γὰρ
913 975 947 1013 ἦν
963 976 992 1003 τὸ

203 1076 248 1104 his
264 1075 333 1102 rixis
349 1071 558 1101 introducendis
576 1072 602 1099 in
616 1070 729 1098 domum
744 1067 864 1099 Domini,
883 1075 892 1093 ι
912 1065 992 1101 quasi

205 1121 330 1149 dicerent
345 1129 352 1147 :
370 1118 498 1146 «Sentire
508 1124 557 1145 vos
568 1121 595 1144 et
604 1115 680 1150 loqui
694 1113 822 1150 privatim
836 1113 869 1140 de
882 1113 995 1147 dogma-

206 1166 282 1194 tibus
299 1169 328 1192 ιιι
338 1162 528 1195 vultis,l‘uerit
539 1160 692 1188 tolerabile.
706 1157 774 1186 Illud
788 1158 968 1192 deprecamur
986 1162 994 1182 :

207 1213 359 1244 temperate
380 1208 415 1235 ab
443 1206 487 1234 his
513 1203 761 1238 disceptationibus
795 1201 940 1235 vulgandis
965 1203 994 1227 et

210 1253 345 1283 turbanda
361 1252 540 1287 simplicitate
560 1250 637 1278 rudis
652 1249 747 1284 populi
767 1249 837 1276 bona
858 1248 911 1275 ﬁde
934 1251 995 1273 tra-

208 1301 275 1329 ditis
296 1298 511 1335 acquiescentis.
533 1306 542 1323 ι
564 1296 610 1324 Hae
631 1296 779 1323 multorum
793 1301 876 1321 voces
892 1293 997 1328 [audie-

207 1347 310 1374 bantur
329 1344 477 1372 occasione
491 1342 658 1376 scriptorum
684 1340 777 1372 \‘ecci,
793 1340 821 1367 in
855 1339 957 1374 quibus
969 1341 997 1365 ct

213 1390 281 1418 illud
297 1389 417 1424 quidam
439 1387 688 1423 reprehendebant,
710 1385 785 1420 quod
809 1384 835 1425 in
854 1384 888 1411 iis
905 1383 997 1417 iniqua

210 1436 370 1464 conditione
395 1439 534 1462 certamen
554 1440 619 1460 cum
644 1430 812 1459 adversariis
827 1432 995 1465 capesseret,

212 1481 370 1514 disceptans
390 1479 449 1513 ipse
474 1479 508 1505 de
534 1476 673 1512 dogmate,
700 1483 754 1510 qua
777 1476 811 1503 de
835 1482 866 1502 re
894 1474 999 1502 sciebat

213 1527 274 1554 aliis
289 1524 430 1554 silentium
456 1523 601 1550 indictum.
618 1521 647 1548 In
664 1529 719 1556 quo
752 1521 774 1548 si
789 1527 837 1548 eos
861 1519 998 1546 lacessere

210 1576 348 1608 pergeret,
369 1570 430 1597 etii
447 1576 496 1605 pro
517 1568 677 1596 necessaria
707 1565 928 1601 propugnatione
955 1571 999 1592 re-

213 1622 302 1653 cepta:
321 1616 455 1644 doctrinae
472 1615 642 1642 mentionem
655 1613 683 1640 in
696 1611 891 1647 respondendo
909 1610 1001 1638 facere

208 1668 377 1700 cogerentur
418 1663 589 1696 dogmatum,
627 1667 662 1688 an
694 1663 793 1687 contra
827 1657 1000 1686 interdictum

214 1713 327 1745 agerent
344 1713 370 1736 et
385 1708 448 1743 jure
475 1707 677 1735 mulctarentur
689 1705 701 1732 ?
713 1704 839 1740 equidem
856 1704 928 1731 haud
942 1710 1003 1731 cre-

216 1756 343 1783 diderim.
364 1754 436 1782 illud
454 1753 525 1786 scio,
541 1752 661 1786 perlatas
674 1758 762 1786 usque
776 1750 811 1778 ad
826 1757 910 1778 aures
925 1749 1003 1784 prin-

216 1801 287 1836 cipis
302 1799 495 1828 accusationes
517 1806 551 1826 eo
564 1798 676 1826 nomine
691 1791 827 1825 adversus
845 1796 967 1825 Veceum
987 1803 1003 1823 a

222 1846 379 1878 nonnullis,
403 1845 598 1880 pollicentibus
627 1844 806 1879 acquieturos
832 1850 893 1870 sese
922 1849 1004 1878 porro

216 1891 272 1926 jam
301 1891 412 1918 statutis
438 1893 467 1917 et
497 1890 525 1917 in
552 1896 618 1924 pace
645 1889 791 1923 tranquille
817 1888 1004 1923 perstituros,

219 1936 301 1963 modo
324 1936 426 1962 diserte
450 1939 556 1962 vetaret
578 1935 730 1969 imperator
756 1941 790 1960 ne
807 1933 954 1969 quisquam
976 1933 1004 1960 in

220 1982 254 2010 iis
268 1989 329 2017 quae
341 1981 472 2015 deinceps
483 1980 634 2008 ederentur
651 1980 763 2015 scriptis
791 1978 891 2014 dogma
914 1979 1006 2013 ipsum

220 2027 381 2061 attingeret,
398 2032 493 2060 pacem
515 2024 585 2052 tueri
606 2030 638 2051 ac
666 2028 741 2051 recte
759 2023 890 2058 justeque
907 2022 1005 2049 initam

221 2074 434 2109 quibuscumque
455 2071 516 2098 aliis
555 2070 636 2098 vellet
665 2078 698 2097 ac
720 2073 813 2105 posset
837 2070 1008 2104 argumentis

220 2110 372 2148 defendere
388 2121 548 2145 contetttus.
577 2116 624 2144 llis
650 2116 753 2143 auditis
781 2116 941 2150 imperator,
961 2115 1008 2150 qui

222 2171 249 2195 et
264 2167 334 2194 istos
352 2173 382 2192 se
413 2163 664 2198 quomodocunque
693 2162 838 2190 continere
863 2162 890 2189 in
906 2169 956 2189 usu
982 2165 1010 2188 et

794 142 954 175 GEORGH
978 132 1220 169 PACHYMERE

184 222 242 244 νοις
258 211 322 245 περὶ
337 209 493 244 δσηχάιτνων⁸
508 207 558 233 κᾶν
576 205 732 241 μεμνῶνται
745 198 975 234 ἀναγκαζόμενοι,
993 197 1015 224 Α
1028 193 1123 220 δεινόν.
1156 191 1249 243 Διόοὺς

1764 120 1817 150 940

1284 187 1308 215 δ’
1336 187 1393 214 αἰὲν
1424 182 1627 217 ὑπεκιαῦματα
1655 180 1744 214 μάχης
1770 178 1820 204 οὐκ

1029 238 1163 273 ἀσφαλέσι
1179 237 1298 270 πάμπαν
1321 232 1486 265 ἀντιλογίαις
1503 229 1617 258 ἐκείνοις
1636 227 1685 262 μὲν
1706 225 1822 273 nupti}:

1029 284 1124 315 λαϐὰς,
1152 281 1241 315 ἑαυτῷ
1264 281 1292 307 δὲ
1314 279 1436 309 καὶτοῖς
1463 274 1621 303 κοινωνοῦσι
1637 272 1687 307 τὴν
1711 270 1823 300 ἐσαῦθις

1031 329 1134 366 βλάϐην
1149 327 1302 363 προὺξένει.
1326 325 1393 351 Τότε
1417 323 1446 350 δὲ
1469 322 1520 356 τὴν
1546 319 1646 354 Ἰωσὴφ
1670 318 1824 352 πυθόμενος

1031 364 1135 410 άφιξιν,
1152 373 1192 399 ἔτι
1207 372 1234 398 δὲ
1249 372 1297 397 καὶ
1312 371 1361 405 τὴν
1374 368 1421 395 τοῦ
1443 369 1554 402 Ἐφέσου
1567 365 1606 400 τῷ
1622 364 1726 400 βασιλεί
1742 370 1827 398 1:97:-

1032 421 1124 455 εδρίαν
1145 421 1174 447 ὲν
1188 418 1219 445 οὐ
1238 417 1334 448 καλαῖς
1354 415 1482 449 ὑποψίαις
1505 412 1677 445 ποιούμενος,
1693 408 1825 436 ἐπιστέλ-

1033 468 1074 494 λιι
1091 466 1131 502 τῷ
1161 465 1286 500 Ἐφέσου,
1306 461 1464 498 προστιθεὶς
1487 460 1517 486 τὸ
1546 459 1600 486 πᾶν
1620 457 1659 492 τῷ
1687 455 1828 490 ίερωτάτῳ

1035 512 1107 540 κατὰ
1125 511 1258 542 θωπείαν,
1277 510 1317 544 τῷ
1337 509 1455 544 γράφειν
1482 505 1696 540 πανιεριῖιτατον.
1717 502 1829 528 Βασιλεῖ

1035 559 1211 594 ἐντυγχάνειν
1229 557 1318 592 ἠξίου,
1334 556 1383 590 τὴν
1405 555 1445 585 εἰς
1468 553 1572 579 ἐκεῖνον
1585 550 1633 577 τοῦ
1655 548 1828 583 πατριάρχου

1037 605 1128 640 ἄφιξιν
1140 603 1261 639 εὐμενῶς
1272 601 1443 632 κατανεύειν,
1453 600 1477 626 εί
1489 599 1516 626 δὲ
1532 597 1579 625 καὶ
1591 595 1680 632 ῥητῶς
1693 594 1831 629 προστάς-

1038 660 1091 684 σοι,
1109 651 1176 685 πρὸς
1190 649 1270 676 τοῦτο
1291 647 1414 675 eiusdem.
1434 645 1514 681 χάριν
1527 644 1557 671 οὐ
1575 642 1688 679 μετρίαν
1704 641 1744 675 τῷ
1766 648 1832 666 συν-

1038 684 1197 731 εργήσαντι.
1221 694 1341 724 Ἐκεῖνος
1368 691 1417 726 μὲν
1444 688 1491 717 οὖν
1521 689 1555 716 τὰ
1583 686 1630 714 τοῦ
1656 684 1831 720 πατριάρχου

1038 743 1186 777 δεξάμενος
1201 741 1365 776 γράμματα,
1393 738 1477 765 θέλων
1495 733 1692 769 ὑποκρίνεσθαι
1713 731 1760 758 τὸν
1784 739 1833 777 φι-

1040 776 1138 814 λοῦντα
1147 784 1192 821 (ἦν
1204 785 1257 820 γάρ
1269 785 1295 812 οἱ
1312 785 1360 812 καὶ
1378 784 1419 810 ἔτι
1440 783 1494 810 τῶν
1507 781 1589 817 χθιζά
1601 778 1767 814 κινηθέντων
1779 776 1834 811 χά-

1043 841 1085 868 ριν
1106 832 1338 867 παρασπαίρουσα
1355 830 1372 865 ἡ
1396 827 1553 863 ἀπέχθεια),
1579 825 1685 861 βασιλεῖ
1708 830 1835 858 προσαγσ

1042 879 1131 913 γέλλει
1149 879 1196 905 καί
1212 878 1237 904 οἱ
1256 876 1332 903 ἀνύει
1353 876 1403 910 τὴν
1422 875 1491 910 πρὸς
1505 875 1608 900 ἐκεῖνον
1625 871 1729 906 ἄφιξιν.
1745 869 1787 896 Τὰ
1805 868 1835 894 δὲ

1041 924 1091 960 τῆς
1105 923 1254 959 ἀπεχθείας
1269 924 1344 950 αἴτια
1358 921 1518 958 (ἀναγκαῖον
1530 920 1584 954 γὰρ
1596 918 1642 945 καὶ
1654 917 1719 952 περὶ
1730 915 1836 942 τούτων

1042 970 1139 1004 εἰπεῖν)
1152 967 1223 1005 ἦσαν
1243 969 1293 1004 μὲν
1308 976 1370 994 τινα
1385 967 1431 994 καὶ
1448 965 1526 999 ἄλλα,
1545 961 1582 991 ὧν
1597 964 1627 990 οὺ
1644 962 1727 994 πολὺς
1740 961 1785 995 λόγ
1792 969 1836 992 ος,

1043 1057 1155 1094 quidem
1170 1057 1285 1085 omnino
1313 1055 1472 1091 prohibere.
1491 1053 1538 1081 Sic
1564 1051 1621 1080 ille.
1636 1050 1694 1078 Nec
1708 1057 1758 1085 per
1780 1048 1838 1076 itoc

1045 1109 1135 1132 tamen
1155 1103 1234 1139 plane
1249 1103 1331 1137 culpa
1343 1101 1504 1130 solvebatur
1519 1099 1690 1135 patriarcha,
1713 1096 1761 1131 qui
1775 1103 1836 1123 rem

1045 1151 1201 1178 induratam
1220 1150 1372 1177 inveterata
1385 1147 1565 1184 possessione
1581 1144 1735 1180 longissimi
1762 1147 1835 1170 tem-

1045 1197 1122 1232 poris
1133 1201 1245 1231 repente
1265 1195 1372 1222 mollire
1385 1193 1582 1229 aggrederetur
1599 1200 1606 1224 ;
1625 1189 1835 1226 aggravabant-

1046 1249 1100 1277 que
1115 1241 1245 1269 invidiam
1260 1248 1348 1275 pcena:
1366 1246 1475 1267 atroces
1502 1239 1537 1267 ab
1559 1238 1727 1272 imperatore
1752 1243 1840 1270 repu-

1046 1287 1196 1322 gnantibus
1214 1285 1333 1313 inﬂictae.
1349 1284 1508 1320 Sapientius
1525 1283 1608 1319 igitur
1620 1282 1744 1310 facturus
1760 1285 1837 1311 erat,

1047 1334 1069 1361 si
1086 1337 1188 1361 taceret
1203 1333 1383 1366 accnsarique
1410 1339 1472 1359 sese
1486 1331 1626 1358 moderate
1641 1336 1674 1356 ac
1694 1333 1840 1356 mansuete

1048 1380 1199 1411 sustineret
1216 1388 1222 1405 :
1241 1379 1332 1406 minus
1348 1378 1421 1405 enim
1453 1377 1478 1404 id
1495 1377 1597 1404 malum
1618 1379 1688 1403 erat.
1707 1374 1786 1401 Nunc
1804 1374 1840 1401 ad

1048 1433 1145 1454 omnes
1174 1419 1412 1453 contradictiones
1439 1423 1635 1454 erardescens,
1655 1425 1683 1449 et
1714 1420 1839 1447 fomenta

1048 1478 1158 1506 semper
1180 1478 1249 1497 nova
1270 1469 1396 1505 ﬂagranti
1415 1469 1475 1504 plus
1492 1469 1559 1496 satis
1581 1474 1630 1502 per
1641 1473 1670 1494 se
1691 1466 1759 1492 rixae
1778 1466 1843 1492 sub-

1013 1515 1162 1563 cjiciens,
1190 1514 1384 1542 contentiones
1412 1513 1542 1541 accendit
1572 1512 1599 1539 in
1615 1511 1719 1546 aliquid
1739 1510 1792 1545 ipsi
1808 1508 1842 1537 ad

1051 1565 1202 1589 extremum
1220 1560 1408 1595 perniciosum
1419 1563 1567 1594 erupturas
1584 1567 1591 1586 :
1613 1565 1668 1585 non
1685 1556 1759 1584 enim
1784 1560 1842 1582 tam

1052 1609 1134 1632 caute
1159 1605 1247 1632 multa
1258 1605 1404 1640 disputare
1429 1608 1547 1638 poterat,
1567 1602 1634 1638 quin
1653 1601 1733 1629 daret
1759 1608 1845 1628 ansas

1053 1651 1232 1683 adversariis,
1248 1658 1317 1685 quas
1331 1650 1371 1678 illi
1393 1650 1561 1685 quandoque
1588 1648 1758 1683 arripientes
1789 1646 1845 1682 ipsi

1053 1702 1082 1726 et
1096 1697 1157 1732 ejus
1179 1697 1347 1731 sequacibus
1367 1696 1439 1724 haud
1470 1696 1540 1723 levia
1554 1695 1655 1723 deinde
1687 1694 1845 1722 intulerunt

1055 1743 1168 1771 datnna.
1190 1743 1268 1771 Tunc
1297 1750 1381 1778 porro
1401 1742 1496 1771 audito
1507 1741 1621 1777 Josephi
1642 1741 1675 1768 ad
1691 1741 1846 1776 imperato-

1055 1797 1114 1817 rem
1126 1797 1254 1821 accessu,
1284 1793 1343 1818 tum
1370 1793 1506 1823 praeterea
1531 1787 1642 1824 cognito
1673 1786 1846 1823 Ephesinum

1055 1842 1118 1863 cum
1145 1835 1243 1863 eodem
1273 1835 1438 1870 imperatore
1473 1834 1586 1863 assidue
1608 1834 1723 1866 versari,
1753 1833 1848 1868 suspi-

1057 1881 1163 1910 cionem
1177 1882 1322 1918 ingressus
1337 1889 1390 1909 non
1405 1881 1526 1914 inanem,
1545 1881 1625 1908 facile
1641 1880 1699 1908 ﬁeri
1717 1887 1800 1914 posse
1817 1887 1849 1907 ut

1057 1929 1086 1957 hi
1112 1929 1254 1964 quidpiam
1269 1929 1417 1956 adversum
1432 1935 1461 1955 se
1477 1931 1632 1956 moverent.
1646 1927 1707 1962 ejus
1729 1926 1850 1961 periculi

1059 1975 1239 2010 prmvertendi
1259 1975 1331 2002 hanc
1343 1974 1478 2002 rationem
1495 1973 1568 2002 iniit.
1587 1974 1690 2002 Scribit
1703 1974 1737 2001 ad
1753 1973 1849 2009 Ephe~

1059 2023 1169 2056 sinum‘;
1186 2028 1304 2055 eumque
1315 2025 1345 2048 ut
1364 2020 1423 2055 ipsa
1434 2019 1618 2055 inscriptione
1635 2019 1851 2051 demereretur,

1061 2074 1117 2094 non
1133 2066 1296 2100 simpliciter
1322 2065 1468 2101 ἱερώτατον
1481 2066 1700 2095 sanctissimum.
1715 2066 1763 2100 qui
1778 2066 1852 2093 solt-t

1061 2112 1160 2139 titulus
1185 2112 1322 2146 episcopis
1354 2111 1449 2144 tribui,
1476 2111 1524 2139 sed
1546 2112 1751 2146 πανιερώτατον
1769 2111 1853 2145 plane

1061 2158 1268 2186 sanctissimum
1294 2158 1321 2184 in
1335 2157 1426 2185 fronte
1456 2158 1611 2184 litterarum
1642 2163 1798 2192 nuncupat.
1823 2157 1853 2185 in

223 2211 350 2246 amplexu
377 2210 453 2245 pacis
482 2216 650 2244 magnopere
682 2212 803 2242 optaret,
836 2214 887 2234 nec
918 2211 1008 2234 tamen
1026 2207 1047 2234 ῐ)
1062 2203 1122 2238 ipsa
1144 2202 1244 2230 deinde
1264 2203 1382 2238 epistola
1403 2203 1486 2230 etiam
1508 2208 1592 2237 atque
1615 2202 1698 2229 etiam
1725 2207 1787 2229 orat
1819 2211 1855 2231 ne

222 2257 355 2292 probaret
367 2255 439 2290 quod
450 2254 589 2289 petebant,
607 2254 743 2287 ingratam
757 2253 915 2288 petitionem
928 2253 1011 2280 elusit

224 2302 359 2338 vulgando
389 2300 519 2335 ambiguo
553 2300 665 2331 edicto,
692 2306 747 2334 quo
780 2306 843 2326 cum
873 2298 1013 2326 videretur

224 2355 340 2376 securos
356 2354 405 2375 eos
419 2351 553 2381 quantum
580 2352 650 2380 Opus
669 2348 730 2371 erat
755 2344 869 2372 reddere
886 2351 969 2379 super
979 2352 1012 2372 eo

225 2395 298 2429 quod
330 2395 543 2428 proposuerant,
560 2391 657 2418 callide
674 2398 704 2418 se
723 2395 813 2417 tantcn
841 2390 1015 2418 subducebat

226 2438 335 2467 invidia:
361 2437 537 2472 querelisque
563 2436 652 2470 partis
693 2435 860 2468 contrariae;
889 2435 955 2470 quin
987 2435 1015 2463 ei

225 2486 309 2510 etiam
326 2490 356 2510 se
372 2481 584 2509 commendabat
615 2487 715 2507 arcana
734 2480 867 2507 submista
884 2481 1012 2516 suggilla-

228 2530 303 2557 tione
335 2529 435 2556 borum
465 2528 589 2564 ipsorum
621 2533 691 2561 quos
717 2526 829 2560 placare
854 2530 919 2553 tunc
944 2527 1013 2553 velle

226 2575 384 2602 videbatur.
413 2572 474 2600 Haec
489 2572 562 2600 enim
592 2577 650 2599 erat
670 2571 755 2599 edicti
782 2571 919 2598 sententia
939 2579 947 2598 :
966 2570 1014 2598 Dei

229 2621 325 2656 utique
342 2619 506 2647 mentionem
522 2618 580 2653 pari
607 2625 669 2645 cum
690 2617 870 2652 respiratione
887 2617 1016 2651 frequen-

229 2668 268 2695 tia
281 2668 374 2694 iterari
397 2665 445 2698 jus
457 2664 554 2700 fasque
570 2672 640 2691 esse.
670 2664 760 2696 Quare
773 2663 920 2698 dogmatis,
942 2663 1015 2698 quod

230 2713 279 2741 Dei
291 2713 422 2740 memoria
432 2712 633 2743 contineretur,
645 2709 846 2745 professionem
858 2709 926 2737 adeo
937 2717 990 2736 nott
1000 2717 1016 2736 a

231 2766 260 2786 se
279 2758 362 2794 479
378 2758 472 2789 vetari,
488 2761 516 2794 ut
534 2757 604 2784 ultro
620 2757 700 2783 etiam
718 2755 970 2784 commendaretur.
983 2756 1017 2782 At

232 2809 385 2837 pet-vertere
401 2803 560 2837 Scripturas
579 2806 626 2828 aut
643 2801 783 2828 declinare
802 2809 817 2828 a
836 2808 900 2828 vero
918 2808 1013 2828 eorum

233 2857 313 2875 sensu
345 2847 465 2881 permitti
481 2848 554 2875 nulla
570 2848 677 2874 ratione
689 2854 781 2881 posse.
816 2845 910 2881 Itaque
941 2854 972 2874 se
989 2846 1014 2874 id

1063 2253 1192 2285 gravetur
1205 2249 1353 2284 impetrare
1370 2248 1422 2276 sibi
1438 2248 1472 2275 ab
1482 2248 1607 2283 Augusto
1623 2247 1782 2276 facultatem
1793 2249 1855 2283 ejus

1061 2294 1266 2327 conveniendi,
1297 2295 1491 2322 cutnulaturus
1521 2294 1698 2325 beneﬁcium,
1727 2294 1749 2322 si
1773 2295 1857 2323 daret

1063 2347 1174 2375 operam
1195 2344 1225 2367 ut
1244 2340 1279 2367 ad
1299 2340 1351 2367 hoc
1380 2341 1454 2367 ultro
1471 2340 1504 2367 ab
1519 2340 1580 2374 ipso
1598 2339 1722 2375 principe
1751 2340 1858 2368 invita-

1063 2391 1150 2414 retur.
1167 2386 1248 2414 Certe
1279 2391 1373 2421 ageret
1405 2386 1553 2414 eﬂicaciter
1581 2391 1610 2413 ut
1638 2394 1668 2414 se
1703 2386 1737 2413 ad
1760 2387 1856 2421 ipsum

1065 2432 1202 2466 proﬁcisci
1231 2432 1327 2460 saltem
1358 2432 1468 2467 placide
1488 2435 1636 2460 annuerct.
1675 2431 1798 2467 Ingentis
1826 2441 1858 2461 se

1065 2481 1159 2515 gratiae
1173 2480 1201 2507 in
1224 2486 1306 2507 omne
1322 2485 1431 2514 tempus
1444 2479 1469 2506 ei
1494 2478 1646 2506 debitorem
1671 2478 1741 2511 fore,
1761 2479 1784 2506 si
1804 2480 1859 2507 hoc

1067 2526 1120 2554 sibi
1137 2529 1229 2553 votum
1242 2533 1276 2553 ex
1296 2525 1433 2552 sententia
1460 2525 1599 2552 conﬁciat.
1632 2523 1679 2552 His
1698 2525 1858 2559 Ephesinus

1064 2571 1167 2598 litteris
1179 2570 1299 2606 acceptis
1322 2571 1449 2605 gnaviter
1476 2569 1680 2605 persistendum
1712 2570 1809 2597 statuit
1828 2571 1856 2598 in

1070 2616 1247 2645 simulatione
1264 2616 1404 2643 amicitia}.
1420 2615 1477 2643 Etsi
1488 2622 1553 2650 ergo
1570 2615 1758 2648 multum,nec
1780 2623 1860 2650 pror-

1068 2670 1116 2690 sus
1135 2662 1315 2689 fatnii'taribus
1330 2661 1492 2694 obscurum,
1510 2661 1536 2688 in
1549 2660 1611 2695 ejus
1644 2660 1754 2695 penitus
1764 2661 1858 2688 animo

1069 2708 1202 2743 ﬂagrabat
1216 2716 1323 2735 arcanae
1341 2708 1368 2735 in
1387 2706 1505 2735 Veccum
1534 2706 1695 2734 otl‘ensionis
1712 2707 1747 2734 ob
1770 2714 1859 2741 nuper

1069 2761 1156 2790 gesta,
1187 2755 1382 2789 imperatorem
1406 2759 1497 2780 tamen
1524 2753 1602 2786 adiit,
1620 2758 1647 2780 et
1663 2754 1788 2787 exposito
1807 2762 1858 2788 pa-

1069 2800 1197 2826 triarcha:
1212 2798 1361 2830 desiderio,
1380 2803 1409 2825 ut
1427 2798 1450 2824 ei
1466 2797 1538 2832 quod
1555 2797 1685 2832 cupiebat
1699 2797 1862 2832 indulgeret

1069 2846 1215 2882 persuasit.
1232 2844 1391 2873 Aversionis
1407 2852 1489 2879 porro
1500 2844 1631 2879 Ephcsmi
1649 2851 1663 2871 a
1675 2843 1759 2879 480
1772 2844 1862 2873 Vecte
