1944 3067
124 148 174 180 941

570 153 619 183 DE
636 153 831 184 MICHAELE
853 155 1085 186 PAL/EOLOGO
1104 159 1176 191 ΜΒ.
1197 162 1244 192 VI.

1695 169 1749 201 942

118 204 147 229 τὺ
164 205 192 231 δὲ
208 204 345 239 χείριστον
361 206 401 233 δτι
425 206 450 233 οἱ
478 207 543 242 περὶ
557 208 601 234 τὸν
621 209 734 244 Ἐφέσου
750 211 796 236 καὶ
817 210 909 237 πολλοί
925 215 946 242 Α
960 211 982 238 δ’
996 213 1046 240 οὐκ
1071 212 1105 250 ἦν
1128 216 1242 251 ἀρεστὸν
1267 217 1346 250 οὓτω,
1364 219 1422 246 ἀλλ’
1449 221 1473 247 εί
1501 222 1539 256 μὴ
1566 223 1683 252 δεικνύοι
1701 227 1748 252 καὶ

119 258 193 280 τινες
206 250 263 276 τῶν
276 251 439 286 ἀρχιερέων,
457 253 542 279 πολλὰ
556 253 687 286 παθόντες
700 255 768 290 πρὸς
779 255 809 282 τὸ
823 264 907 282 κατα·-

118 295 248 328 δέξασθαι
272 297 324 330 τὴν
340 297 461 332 εἰρήνην,
480 298 552 325 οὕτω
574 299 651 333 μόλις
666 300 906 335 καθυπεκλίθησαν

118 340 166 366 καὶ
180 341 219 375 τῷ
232 340 320 368 δοκεῖν
335 343 487 377 εἰρήνευον,
504 343 701 378 θεραπεύοντες
716 345 766 380 τὴν
782 346 906 382 συνείδη-

119 393 162 412 σιν
178 385 229 412 οὐκ
242 386 298 413 ἀπὸ
312 388 425 422 γραφῶν
447 387 547 423 μᾶλλον
563 389 603 424 (οὐ
627 389 680 425 γὰρ
701 387 735 426 ἦν
758 391 790 417 ὲκ
805 391 906 419 τούτων

116 431 237 467 καιρὸς),
253 432 312 458 ἀλλ’
325 433 357 459 ἐκ
370 432 417 460 τοῦ
435 433 520 461 πολλὰ
533 434 645 462 τοιαῦτα
660 436 790 468 πολλάκις
801 437 906 463 οἰκονο-

117 477 238 512 μηθῆναι
252 479 285 514 τῇ
305 478 452 514 Ἐκκλησία
470 480 549 515 χάριν
565 481 695 515 μειζόνων
711 482 811 515 καλῶν,
827 483 900 510 ἀντι-

117 524 254 556 στατικῶς
271 525 343 552 εἰποι
365 525 398 552 ἄν
411 534 455 558 τις
479 526 533 553 τῶν
561 527 773 563 ρητορευόντων,
791 529 855 556 ὅταν
877 538 904 556 τι

113 569 170 595 τῶν
187 570 218 595 οὐ
232 567 322 596 καλῶν
341 570 451 604 γίνηται
466 571 514 597 καὶ
531 572 564 598 δι’
578 573 661 599 αὑτοῦ
677 573 723 600 τοῦ
739 575 902 609 πεπραγμέ-

113 623 160 640 νου
183 615 275 649 μεῖζον
289 615 434 653 ἀπαντήσῃ
452 617 543 644 καλόν.
567 617 645 645 Οὕτω
658 618 712 654 γὰρ
735 620 781 646 καὶ
798 620 903 647 Παῦλον

112 660 287 695 ξυρήσασθαι
302 662 349 688 καὶ
366 662 497 695 ἁγνεῦσαι
513 663 561 690 καὶ
577 666 736 699 περιτεμεῖν
752 665 883 700 Τιμόθεον
893 673 901 682 δ

111 704 186 731 οὕτω
199 705 246 731 τὸν
259 705 447 740 Μοψουεστὶας
473 708 510 743 μὴ
534 709 740 745 ὲκκηρυχθῆναι
761 711 835 746 παρὰ
851 712 901 747 τῆς

111 750 209 785 τρίτης
225 751 334 778 συνόδου
353 752 504 788 Θεόδωρον·
519 753 592 780 οὕτω
606 755 660 790 πρὸ
677 755 771 782 τούτου
790 756 835 783 τὸν
854 758 902 792 μέ-

111 803 165 828 γαν
189 796 329 824 Βασίλειον
346 796 378 833 [Ρ
391 798 456 834 328]
481 799 516 826 τὰ
543 800 589 826 τοῦ
615 801 765 833 Οὐάλεντος
779 802 852 838 δῶρα
866 805 899 839 τῇ

110 840 245 876 ἐκκλησίᾳ
274 843 467 879 προσαγόμενα
499 845 638 880 δέχεσθαι·
649 846 730 881 ξοῦτω
744 847 778 873 τὰ
792 849 840 874 καὶ
854 848 899 880 τὰ,

963 258 1130 292 σφάλλοντας
1143 262 1206 293 τοὺς
1227 264 1378 299 προτέρους
1400 266 1481 301 δῆθεν
1497 269 1529 294 ἐκ
1549 269 1603 295 τῶν
1620 271 1748 305 γραφῶν.

961 302 985 328 οἳ
1000 303 1032 338 δὴ
1045 306 1092 331 καὶ
1105 305 1155 341 τὴν
1169 307 1239 342 πρὸς
1252 309 1373 341 ἐκείνους
1386 311 1498 348 εἰρήνην
1513 313 1542 340 οὐ
1559 302 1747 350 κατεδέχοντο,

960 348 1021 375 οὐδὲ
1035 349 1130 384 suum
1140 349 1197 388 εἶχε
1211 354 1256 380 τὸν
1268 354 1334 388 βίον.
1349 355 1430 383 Ὅθεν
1441 359 1488 385 καὶ
1503 361 1603 395 συχνὰς
1620 348 1748 394 συνοδους

960 393 1086 427 καθίστα,
1099 397 1146 423 καὶ
1159 399 1355 432 προσεκαλεῖτο
1367 402 1480 435 πολλοὺς
1495 393 1607 432 καί-τῶν
1619 407 1682 440 ἔξω,
1699 393 1748 436 καί

960 438 1068 473 βίϐλους
1088 441 1248 476 ἀνείλιττεν,
1269 446 1317 472 καὶ
1341 446 1423 477 ἄλλας
1445 448 1579 481 ἐξετίθετο
1602 438 1744 487 πλείστας,

958 484 1100 519 δεικνύων,
1116 487 1154 519 ὠς
1167 486 1235 524 εἶχε,
1250 490 1299 526 τὴν
1314 492 1427 528 εἰρήνην
1442 494 1471 521 τὸ
1483 495 1602 529 ἀσφαλὲς
1618 484 1745 534 ἔχουσαν,

959 531 1006 558 καὶ
1022 532 1056 558 τὰ
1074 533 1188 562 πλεῖστα
1199 538 1433 573 προσελιχνεύετο.
1446 542 1510 568 Δέον
1529 543 1583 580 γὰρ
1596 531 1746 582 Δαμασκηζ

957 576 1002 603 νόν
1024 585 1053 603 τε
1070 579 1117 604 καὶ
1125 579 1178 606 ’τὸν
1202 580 1274 608 θεῖον
1289 583 1416 619 Μάξιμον
1433 586 1481 613 καὶ
1497 576 1543 615 ἐπὶ
1567 576 1673 623 τούτοις
1698 576 1746 619 τδν

957 621 1029 649 θεῖον
1046 624 1192 659 Ταράσιον,
1217 628 1316 656 ταυτὸν
1339 630 1361 656 δ’
1377 632 1465 659 εἰπεῖν
1482 634 1528 660 καὶ
1552 635 1602 670 τὴν
1625 621 1744 673 ἑϐδόμην

957 667 1066 696 σύνοδον
1080 670 1179 704 πᾶσαν,
1198 672 1238 699 ὅτι
1262 675 1310 700 καὶ
1326 675 1427 708 πάντες
1444 678 1498 713 ξτὴν
1522 667 1625 707 ἐκείνου
1648 667 1744 716 ὁμολο-

956 713 1019 746 γίαν
1031 714 1082 750 τὴν
1097 716 1166 751 πρὸς
1182 718 1246 750 τοὺς
1260 719 1437 753 ἀνατολικοὺς
1451 725 1622 758 πεμφθεῖσαν
1639 713 1743 763 ὖττεση-

956 758 1076 793 μήναντο
1090 761 1137 788 καὶ
1150 762 1194 789 διὰ
1208 763 1258 799 τῆς
1270 765 1359 792 ἐκεῖσε
1370 768 1530 804 προσθήκης
1545 770 1591 797 ἐπὶ
1601 773 1633 807 τῇ
1650 758 1742 800 τοιαδ-

954 810 988 838 τῃ
1002 804 1144 841 ὁμολογίᾳ,
1156 808 1187 834 ἐκ
1202 809 1309 844 [ἰατρὸς
1321 811 1376 846 γὰρ
1391 813 1435 840 διὰ
1449 814 1497 841 τοῦ
1515 815 1580 842 Υἰοῦ
1596 804 1742 853 ἐκκορεύε-

955 848 1016 874 σθαι
1031 849 1213 886 διδασκόμεθα
1226 856 1290 890 παρ’
1302 856 1413 884 ἐκείνων
1428 858 1527 893 λέγειν,
1543 861 1601 888 δέον
1615 848 1742 891 οὗν-ταύ-

110 886 155 913 ἵνα
172 888 210 923 μὴ
232 887 293 914 καθ’
310 888 424 916 ἕκαστον
443 890 516 924 λέγοι
541 900 594 923 τις,
617 892 825 927 δοκιμασάντων
845 895 899 921 τῶν
917 895 936 922 Β
951 902 998 926 τας
1015 897 1212 932 προϊσχόμενον
1229 886 1276 927 καί.
1297 902 1378 930 αὐτὸν
1393 886 1527 932 ὅσονιὲττί
1541 908 1573 942 τῇ
1594 909 1740 946 προσθήκῃ

110 932 156 946 ι-ὶ
174 933 229 946 -3...
246 935 396 946 __......L_,,
410 945 413 946 ν
442 936 469 946 ,1
494 945 497 946 ν
601 938 615 946 ιο
636 937 648 946 Λ
717 938 750 946 nu
843 940 850 946 ι
985 941 991 946 1
1012 940 1023 946 ιι
1124 942 1130 946 .
1169 943 1178 946 -
1292 945 1295 946 ,

110 932 158 958 ἐπὶ
173 933 230 961 τῶν
244 935 414 970 πραγμάτων
439 936 500 963 τότε
522 937 690 973 πεπρᾶχθαι.
716 938 794 966 Οὕτω
809 940 899 967 τοίνυν

111 978 158 1004 καὶ
171 975 245 1006 οὗτοι
259 980 308 1016 τὴν
322 982 444 1016 [εἰρήνην
459 982 590 1018 ἐδέχοντο,
606 983 676 1011 ὥστε
700 985 746 1011 καὶ
761 993 898 1020 προσομο-

109 1022 199 1057 λογεῖν
227 1025 403 1061 ἡμαρτῆσθαι
432 1027 532 1062 σφίσιν,
559 1028 592 1064 ῆν
616 1038 658 1061 τις
688 1030 803 1066 σκοποίη
830 1031 900 1065 πρὸς

107 1069 257 1104 τάσφαλὲς,
275 1071 322 1097 καὶ
339 1072 394 1103 τοῖς
416 1072 617 1100 ἀποστατοῦσιν
638 1074 719 1106 ὁσίως
745 1075 897 1110 προσφέρε-

109 1113 173 1141 σθαι
191 1115 230 1147 ὠς
251 1115 492 1151 ἀπηκριϐωμένως
508 1118 581 1154 μάλα
607 1119 675 1154 πρὸς
694 1120 723 1147 τὸ
744 1120 834 1156 ὀρθόν.
852 1121 897 1157 Τῷ

107 1241 208 1261 causas
254 1242 390 1270 exponere
430 1238 475 1266 hic
515 1239 674 1269 distinctius
703 1249 792 1277 operte
833 1252 896 1278 pre-

108 1278 294 1312 tiumjudico.
311 1281 397 1310 Erant
416 1283 528 1318 quidem
542 1288 569 1312 et
581 1286 634 1314 alia
655 1287 793 1315 incentiva
811 1288 894 1322 bujus

106 1323 163 1350 odii
180 1332 236 1352 non
262 1326 354 1354 multis
375 1333 440 1356 nota
456 1336 463 1356 :
485 1334 615 1358 caeterum
629 1332 747 1366 capitale
770 1333 797 1360 in
815 1334 850 1361 iis
866 1338 894 1362 et

107 1370 310 1401 immedicabile
329 1375 447 1402 maxime
463 1383 547 1403 unum
568 1377 718 1412 eminebat,
746 1380 819 1415 quod
837 1384 892 1408 tam

105 1414 262 1450 Ephesinus
274 1419 334 1453 ipse
349 1427 431 1455 quam
455 1422 500 1449 alii
519 1423 627 1457 plurimi
641 1425 718 1459 paria
742 1427 892 1455 sentientes

104 1462 242 1498 episcopi,
274 1467 380 1499 magnis
400 1467 491 1495 adacti
512 1467 598 1496 'malis
625 1470 659 1497 ad
679 1472 891 1507 amplexandam

104 1514 213 1542 paceni,
228 1516 260 1535 ea
278 1514 384 1538 tantum
408 1516 488 1541 tenus
505 1513 532 1540 in
544 1521 605 1541 eam
621 1521 830 1550 consenserant,
861 1522 892 1546 ut

950 941 996 966 καὶ
1011 940 1213 976 θεραπεύεσθαι
1226 945 1274 972 καὶ
1287 945 1459 982 θεραπεύειν,
1477 951 1524 977 καὶ
1537 940 1623 986 μήδὲᾷ
1634 940 1739 990 πριιρεγΣ

949 987 1050 1020 χειρεῖν
1065 987 1240 1023 ἐξηγήσεσιν,
1256 992 1270 1017 ὁ
1288 991 1317 1018 δὲ
1341 994 1442 1026 πολλὰς
1458 996 1512 1022 τῶν
1533 997 1649 1033 Γραφῶν
1674 987 1738 1028 συν-

951 1032 1058 1066 εφόρει.
1080 1033 1136 1060 Καὶ
1155 1035 1200 1062 τὸν
1230 1037 1317 1070 μέγαν
1343 1038 1483 1067 Βασίλειον
1506 1032 1601 1078 εὑρὼν
1618 1045 1668 1080 τήν
1690 1047 1738 1074 ἐπὶ

947 1077 995 1103 τοῦ
1010 1078 1122 1114 Υίοῦζέκ
1141 1082 1181 1112 εἰς
1197 1081 1246 1116 τὴν
1260 1082 1310 1110 διὰ
1325 1084 1531 1120 μεθαρμόζοντα
1545 1089 1584 1120 ὡς
1599 1077 1737 1119 ὑπαλλατ-

947 1123 1068 1158 τομένων
1090 1125 1145 1152 τῶν
1160 1127 1325 1162 προθέσεων,
1343 1130 1381 1162 ὡς
1397 1131 1439 1166 τὺ,
1462 1141 1472 1159 ι
1497 1134 1674 1172 Ἐκτησάμην
1687 1138 1736 1165 ἀν-

947 1252 1170 1278 communionem
1196 1253 1324 1288 rejicere,
1347 1263 1441 1284 severe
1462 1263 1489 1285 et
1509 1267 1566 1287 rem
1582 1260 1615 1287 ad
1640 1262 1732 1290 vivum

946 1296 1098 1322 resecando
1132 1302 1277 1326 statueret.
1295 1299 1384 1328 Vecco
1402 1306 1494 1330 autem
1528 1304 1581 1332 ista
1604 1309 1733 1342 exceptio

945 1347 1000 1367 non
1021 1339 1101 1376 48],
1124 1343 1258 1377 placebat,
1284 1345 1331 1372 sed
1354 1345 1408 1373 nisi
1436 1347 1638 1378 demonstraret
1654 1339 1732 1380 evin-

945 1389 1074 1419 ceretque
1090 1393 1122 1412 ex
1137 1387 1232 1419 certis,
1246 1385 1274 1414 ut
1291 1389 1418 1423 putabat,
1437 1393 1600 1428 scriptorum
1616 1397 1733 1424 authen-

945 1430 1062 1458 ticorum
1079 1432 1247 1460 testimoniis
1262 1441 1371 1463 errasse
1387 1437 1495 1471 priores
1510 1440 1538 1466 in
1559 1441 1731 1475 repudianda

944 1478 1139 1505 communione
1165 1478 1341 1513 Latinorum,
1372 1481 1456 1510 vitam
1482 1485 1534 1512 sibi
1549 1487 1659 1515 vitalem
1674 1495 1730 1517 non

946 1521 1072 1554 putabat.
1093 1521 1170 1550 Unde
1186 1528 1213 1550 et
1225 1525 1340 1554 crebras
1363 1528 1455 1563 coegit
1475 1531 1606 1565 synodos,
1623 1538 1651 1560 et
1663 1541 1732 1561 con-

1415 1554 1430 1563 υ
1475 1554 1606 1565 -ι--ν-νη
1624 1554 1651 1560 ν·
1664 1554 1730 1561 """’

103 1554 228 1588 seposita
244 1557 349 1583 ratione
364 1557 500 1593 dogmatis
517 1565 545 1587 et
564 1560 639 1588 nulla
654 1563 721 1589 rein
732 1563 846 1598 scriptis
859 1571 892 1591 ac
906 1561 928 1593 C
944 1567 1053 1594 vocavit
1088 1569 1189 1597 multos
1218 1576 1395 1609 externorum
1438 1582 1559 1610 quoque,
1589 1583 1617 1605 et
1643 1579 1730 1608 libros

105 1599 154 1610 .I‘-
189 1601 223 1610 A'i
247 1603 253 1607 ‘
338 1608 343 1610 Α
365 1609 370 1610 ν
568 1607 574 1610 ⁵
620 1607 626 1610 ⁵
651 1607 656 1610 ⁵
670 1608 675 1610 ⁴

102 1599 225 1629 decretis
247 1603 404 1636 immutata,
420 1612 539 1640 quorum
567 1607 596 1634 in
611 1607 725 1635 dubium
751 1609 891 1638 vocando-

103 1654 166 1674 mn
179 1652 227 1674 aut
238 1648 272 1676 de
285 1656 358 1677 novo
372 1650 613 1680 discutiendorum
629 1658 739 1689 tempus
751 1656 890 1691 negabant

100 1699 177 1725 esse,
196 1694 319 1721 exterius
345 1695 481 1724 duntaxat
501 1699 678 1726 concordiam
699 1707 761 1729 cum
782 1701 888 1731 Latinis

101 1743 238 1772 tenerem,
271 1741 348 1768 salvo
364 1749 394 1769 se
412 1742 474 1770 fidei
494 1750 526 1771 ac
547 1745 689 1779 religionis
715 1747 805 1775 officio
819 1756 888 1776 con-

99 1785 206 1812 sentire
216 1785 241 1811 in
251 1785 276 1812 id
291 1793 372 1820 posse
385 1787 436 1814 rati
448 1790 712 1819 accommodationis
730 1795 887 1822 necessaria

99 1830 274 1864 temporibus
292 1831 410 1864 ratione,
427 1833 509 1868 cujus
544 1837 670 1870 exempla
697 1837 779 1864 multa
795 1839 822 1865 in
837 1841 887 1867 Ec-

98 1876 191 1904 clesiae
222 1878 323 1905 veteris
336 1879 462 1908 historiis
478 1881 628 1910 habebant.
654 1883 822 1920 Censebam,
845 1887 887 1915 in-

97 1930 194 1957 quam,
221 1923 262 1950 sic
284 1925 418 1952 duntaxat
437 1930 496 1953 tuta
527 1929 698 1956 conscientia
724 1930 886 1960 Latinorum

97 1969 323 1997 communionem
341 1969 463 2004 admitti,
482 1976 512 1999 ut
528 1981 585 2000 rem
602 1982 655 2002 non
673 1983 722 2010 per
735 1983 764 2004 se
782 1978 884 2012 proba-

99 2013 185 2040 bilem
199 2017 247 2041 aut
265 2021 467 2051 usquequaque
484 2017 518 2044 ad
533 2018 596 2046 iidei
619 2021 730 2055 regulas
746 2027 882 2058 exactam,

98 2067 195 2087 verum
214 2064 243 2086 ut
255 2068 316 2094 qua:
327 2061 438 2089 tolerari
457 2063 607 2098 prudenter
621 2070 715 2100 posset
744 2073 818 2096 metu
841 2070 884 2098 iu-

96 2105 306 2133 commodorum
326 2108 507 2142 graviorum;
527 2111 656 2146 quodque
673 2121 728 2141 non
747 2115 882 2149 absolute,

95 2151 144 2178 sed
160 2153 359 2186 comparative,
376 2158 406 2181 ut
419 2155 543 2190 magistri
576 2160 644 2186 artis
671 2159 823 2190 rhetorices
845 2163 884 2190 lo—

96 2201 232 2230 quuutur,
251 2197 489 2228 commendaretur
504 2206 532 2229 et
543 2201 644 2230 bonum
657 2209 811 2240 putaretur,
826 2216 880 2236 non

97 2248 179 2277 prout
195 2243 223 2270 in
238 2251 269 2271 se
279 2245 468 2280 spectabatur,
481 2248 528 2276 sed
541 2254 678 2283 quatenus
689 2253 882 2282 conferebatur

96 2297 159 2317 cum
177 2291 340 2325 majoribus,
358 2300 420 2327 quae
436 2301 469 2321 ex
480 2295 531 2323 hoc
540 2297 727 2325 nascebantur
736 2299 826 2328 bonis.
837 2301 883 2330 Sic

95 2343 195 2370 nempe
205 2335 317 2364 Paulum
325 2340 469 2373 eaputsibi
490 2342 642 2371 totondisse
660 2345 784 2380 aliosque
800 2354 882 2375 usur-

95 2389 176 2416 passe
194 2383 417 2417 puriﬁcationum
433 2385 611 2416 Judaicarutn
633 2391 702 2419 ritus
716 2400 723 2424 ;
744 2393 823 2420 sicab
833 2402 882 2422 co-

93 2427 155 2454 dem
178 2427 353 2457 Timotbeum
361 2431 558 2461 circumcisum
570 2442 577 2468 ;
587 2435 626 2462 sic
647 2436 815 2465 abstinuisse
825 2443 880 2466 ter-

93 2471 158 2498 tiam
169 2473 304 2507 synodum
316 2475 352 2502 ab
368 2479 636 2508 “communicando
652 2480 798 2510 Tneodoro
820 2484 880 2511 Mo-

91 2518 221 2552 psuestia:
233 2527 241 2553 ;
256 2520 295 2547 sic
304 2526 382 2548 antea
396 2530 524 2558 magnum
535 2524 666 2554 Basiliam
678 2528 799 2557 Valentis
808 2531 879 2558 dona

90 2563 223 2591 Ecclesia;
239 2565 313 2593 illata
330 2569 484 2603 suscepisse
501 2577 509 2602 ;
523 2571 564 2598 sic
579 2572 632 2599 alia
646 2578 674 2601 et
698 2574 752 2602 alia
778 2576 806 2603 in
824 2577 880 2612 pri~

88 2609 146 2637 scis
166 2617 260 2637 rerutn
274 2616 413 2646 gestarum
426 2617 614 2646 monumentis
629 2619 689 2653 ejus
702 2622 812 2655 generis
826 2630 878 2651 no-

89 2659 146 2682 tata
164 2657 330 2692 reperimus,
345 2666 379 2686 ne
389 2660 532 2695 sigillatim
545 2670 744 2697 persequamur
756 2669 875 2704 singula.

88 2701 147 2729 lloc
172 2702 255 2736 igitur
270 2703 298 2730 lii
313 2704 393 2732 modo
425 2714 519 2741 pacem
537 2716 624 2743 nuper
651 2713 786 2739 sancitatn
802 2701 875 2741 acci-

87 2749 213 2783 picbant,
233 2754 262 2776 ut
281 2750 432 2778 faterentur
453 2752 480 2779 in
497 2761 529 2780 co
554 2761 694 2787 peCcatuiu
710 2765 723 2783 a
742 2765 772 2785 se
786 2759 872 2786 videri

87 2801 167 2828 posse
186 2795 210 2821 ei
239 2795 284 2829 qui
304 2797 336 2823 de
356 2805 383 2823 re
397 2798 453 2831 ipsa
469 2806 515 2832 per
530 2807 559 2826 se
583 2807 719 2831 censeret.
735 2809 760 2830 et
785 2805 816 2831 de
832 2805 873 2832 οἷς

86 2841 149 2869 licio
165 2842 318 2877 religionis,
336 2851 391 2878 quo
423 2845 553 2879 jubemur
577 2847 764 2876 aberrantium
786 2859 800 2877 a
819 2852 872 2878 fide

943 1612 1044 1640 evolvit
1061 1618 1179 1648 veteres,
1193 1616 1335 1652 ediditque
1370 1621 1475 1649 multos
1504 1630 1604 1657 novos,
1617 1632 1728 1654 omnem

942 1657 1059 1693 lapidem
1075 1667 1190 1689 movens
1221 1662 1255 1690 ad
1269 1665 1451 1694 astruendum
1479 1675 1562 1702 posse
1576 1677 1607 1697 ac
1627 1671 1728 1700 debere

941 1709 1068 1736 cunctos,
1100 1712 1164 1733 cum
1191 1707 1266 1734 omni
1288 1709 1440 1739 securitate
1455 1713 1644 1749 conscientiae,
1663 1717 1728 1746 huic

941 1749 1000 1782 paci
1026 1754 1055 1776 ut
1077 1758 1126 1785 per
1151 1759 1182 1779 se
1199 1754 1292 1787 proba:
1319 1755 1457 1791 justzeque
1480 1758 1644 1795 adhaerere;
1674 1771 1726 1791 nec

940 1796 1090 1830 quidquam
1106 1797 1133 1824 in
1154 1798 1206 1826 hoc
1230 1800 1282 1827 sibi
1304 1802 1338 1828 ad
1357 1810 1495 1831 summam
1514 1809 1723 1837 contentionem

939 1840 1057 1869 faciebat
1073 1844 1182 1879 reliqui,
1204 1846 1297 1875 studio
1322 1848 1540 1884 intemperanter
1564 1853 1723 1891 indulgens.

938 1886 1005 1915 Cum
1023 1889 1095 1916 enim
1119 1890 1195 1918 illuxit
1220 1895 1392 1927 oportuisset
1416 1905 1450 1924 eo
1480 1906 1543 1927 esse
1561 1906 1722 1930 contentum

938 1934 1012 1969 quod
1027 1936 1178 1965 tradiderat
1196 1938 1383 1970 Damasccnus
1397 1947 1424 1970 et
1441 1944 1523 1973 divus
1539 1945 1674 1976 Maximus
1691 1957 1724 1977 ac

938 1987 1023 2014 super
1036 1981 1086 2009 hos
1099 1983 1180 2011 divus
1191 1992 1301 2020 quoque
1325 1987 1459 2017 Tarasius
1482 1995 1541 2024 aut,
1561 1994 1635 2027 quod
1649 1995 1722 2023 idem

936 2029 978 2053 est
998 2025 1101 2060 dicere,
1121 2030 1236 2063 septima
1262 2033 1387 2066 synodus
1404 2036 1543 2070 universa,
1569 2025 1652 2074 cujus
1671 2041 1723 2069 Pa-

936 2074 993 2098 tres
1005 2079 1101 2100 omnes
1125 2077 1336 2111 praerogativam
1353 2079 1479 2113 ejusdem
1506 2083 1616 2112 Tarasii
1632 2089 1721 2115 secuti

936 2118 1104 2146 confessioni
1124 2120 1158 2148 de
1181 2121 1235 2150 itoc
1262 2125 1392 2158 articulo,
1421 2136 1484 2162 quae
1510 2131 1545 2158 ad
1570 2131 1722 2162 Orientales

936 2164 1021 2192 missa
1050 2165 1153 2200 fuerat,
1188 2169 1425 2206 subscripserunt,
1444 2175 1582 2209 siquidem
1614 2179 1649 2207 ab
1664 2180 1718 2214 his,

936 2210 1000 2237 dum
1015 2212 1164 2241 occasione
1177 2215 1329 2244 additionis
1351 2219 1398 2245 tali
1427 2221 1592 2254 professioni
1609 2224 1721 2254 insertae

934 2255 1033 2292 dogma
1048 2258 1137 2293 ipsum
1152 2260 1304 2295 explicant.
1317 2263 1409 2292 dicere
1436 2266 1567 2295 docemur
1584 2269 1719 2305 Spiritum

933 2307 1059 2331 sanctum
1073 2312 1107 2333 ex
1122 2306 1202 2335 Patre
1221 2315 1272 2343 per
1286 2309 1386 2338 Filium
1407 2313 1570 2348 procedere,
1595 2331 1630 2338 —
1640 2325 1718 2351 cum,

934 2348 1057 2384 inquam,
1073 2354 1241 2386 oportuisset
1268 2354 1388 2387 Veccum
1416 2366 1463 2386 eas
1489 2361 1517 2388 in
1547 2361 1599 2390 hoc
1629 2365 1719 2399 expli-

932 2396 1022 2423 cando
1052 2399 1183 2432 mysterio
1211 2401 1386 2430 adhibentem
1417 2412 1500 2433 voces
1535 2415 1604 2442 quas
1630 2413 1718 2439 nostri

932 2439 1027 2469 Patres
1053 2449 1234 2480 usurparunt,
1263 2447 1456 2477 additamenta
1487 2452 1652 2482 Latinorum
1682 2456 1718 2484 ad

931 2493 988 2520 cas,
1008 2489 1098 2522 quoad
1128 2496 1232 2525 posset,
1251 2496 1498 2530 acconunodando,
1519 2499 1580 2534 ejus
1593 2506 1620 2528 et
1636 2509 1714 2529 suain

930 2533 1016 2567 ipsius
1033 2535 1162 2563 invidiam
1195 2545 1312 2574 purgare
1325 2545 1372 2568 aut
1395 2542 1522 2572 minuere
1536 2533 1716 2580 excusando,

929 2584 1024 2606 contra
1053 2580 1099 2608 ille
1113 2587 1189 2609 extra
1213 2585 1348 2613 terminos
1379 2594 1514 2624 suscepta:
1539 2593 1716 2622 tractationis

929 2624 1146 2654 declarationum
1168 2631 1284 2664 argutiis
1310 2639 1431 2667 evagatis
1460 2636 1546 2664 multa
1574 2642 1715 2674 congessit

928 2672 1093 2706 Scriptorum
1110 2677 1233 2702 veterum
1263 2677 1343 2710 loca;
1367 2679 1440 2707 inter
1468 2690 1528 2716 qua:
1545 2689 1608 2710 cum
1637 2693 1701 2721 rcpe

927 2716 1010 2743 risset
1038 2725 1166 2753 magnum
1187 2720 1318 2749 Basiliam
1349 2725 1416 2751 illud
1431 2735 1474 2759 ex,
1498 2730 1570 2763 quod
1591 2730 1625 2758 de
1645 2716 1714 2759 Filio

927 2761 1036 2794 dieitur,
1058 2763 1084 2790 in
1098 2772 1143 2797 per
1157 2773 1389 2803 commutantem,
1410 2778 1541 2807 tanquam
1560 2782 1654 2804 essent
1673 2779 1713 2806 lia:

928 2810 1133 2843 pra-positiones
1170 2812 1287 2841 invicem
1318 2818 1518 2851 {equivalenter
1552 2823 1712 2857 mutabiles,

927 2860 1007 2888 prout
1051 2857 1184 2890 probatur
1227 2860 1269 2888 liis
1296 2861 1446 2898 Scriptum
1486 2869 1710 2904 auctoritatibus,
