1944 3067
203 115 255 147 913

815 105 976 138 GEORGII
991 104 1230 136 PACHYMEBi‘E

1773 101 1826 131 υιι

203 173 313 206 Ορωπον
340 168 384 195 διὰ
414 167 460 194 τοῦ
487 166 567 199 Θεοῦ,
583 175 592 192 ›
629 165 779 198 τουτέστιν,
797 165 829 191 ὲκ
851 164 898 191 τοῦ
913 162 991 192 Θεοῦ.
1006 163 1028 192 Α
1041 162 1069 188 δὲ
1082 162 1111 196 ἐξ
1126 162 1216 193 αἰτίας
1227 160 1302 192 ὄντος
1320 159 1401 187 πάλιν
1415 159 1498 195 ἄλλην
1517 158 1647 195 διαφορὰν
1662 157 1825 192 ἐννοοῦμεν

205 218 266 251 καὶ,
286 226 295 243 ι
317 216 486 249 Γεννὼμενον
508 215 540 240 ὲκ
564 212 702 247 γυναικὸς,
721 221 730 238 ι
748 212 870 238 τουτέστι
884 209 928 237 διὰ
940 218 990 244 γυ-

203 265 305 296 ναικὸς,
324 263 367 290 ἶνα
386 262 423 297 μὴ
440 261 488 296 τὴν
503 260 539 291 ὡς
564 260 607 287 διὰ
633 258 753 293 σωλῆνος
770 258 886 294 αἵρεσιν,
909 256 987 291 φησι,

203 311 373 348 παρεμφήνῃ
381 311 395 336 ὁ
406 309 475 340 θεῖος
491 307 660 338 ’Δπόστολος.
670 305 756 332 ταῦτα
770 305 816 331 καὶ
829 304 863 330 τὰ
875 302 988 330 τοιαῦτα

202 358 339 393 ὁσημέραι
354 354 593 390 συνερανιζόμενος
608 352 693 378 πολλὰ
709 352 755 377 καὶ
774 351 824 384 τὴν
839 349 873 376 ἐκ
885 351 924 380 si;
939 348 988 383 τὴν

203 405 252 432 διὰ
268 401 418 438 παρεξῆγε,
436 399 581 426 κάντεῦθεν
603 398 681 433 δῆθεν
698 397 747 432 τὴν
768 397 802 423 ἐκ
827 395 988 430 ἐθεράπευε.

203 450 259 484 Τὴν
275 449 303 475 δὲ
318 448 364 474 τοῦ
386 446 459 473 θείου
484 444 665 479 Δαμασκηνηῦ
681 443 760 478 ῥῆσιν
777 440 865 477 εὑρὼν
883 440 931 476 τὴν
945 440 990 467 διὰ

203 495 282 529 λόγου
297 491 445 528 προῦολεὺς
462 488 661 525 ὲκφαντορικοῦ
678 487 833 521 Πνεύματος
845 486 990 520 λέγουσαν,

203 541 251 568 καὶ
266 540 296 566 τὸ
314 537 481 573 πρυόολεὺς
496 537 536 567 εἰς
548 535 579 561 τδ
592 534 687 567 αἴτιος
704 532 931 568 μεταλαμῦάνων,
951 531 992 558 αι’-

203 595 259 613 τιον
277 585 325 620 μὲν
339 584 389 610 οὐκ
402 583 477 615 ἔλεγε
490 581 534 607 τὸν
548 580 613 606 Υῑὸν
629 579 797 613 Πνεύματος,
810 577 896 603 αἴτιον
908 577 935 603 δὲ
946 576 991 603 διὰ

203 632 250 658 τοῦ
270 629 337 657 Υιοῦ
347 628 393 654 τὸν
411 627 522 662 Πατέρα
534 625 581 651 τοῦ
600 624 758 659 Πνεύματος
770 623 914 658 ὡμολόγει,
930 621 992 648 ἐπεὶ

203 679 251 704 καὶ
267 676 312 703 διὰ
326 675 413 708 Λόγου
435 672 584 707 προϐολεὺς
599 671 648 697 εἴτ’
661 670 707 697 οὖν
722 671 807 701 αῐτιος
821 669 930 702 λέγεται
944 667 991 693 τοῦ

205 722 362 757 Πνεύματος
378 720 392 746 ὁ
408 719 513 753 Πατήρ.
526 716 634 752 Ταύτην
648 716 697 751 τὴν
711 716 789 751 ῥῆσιν
802 716 874 746 τινὲς
889 714 938 749 μὲν
953 713 991 745 ὡς

204 768 281 796 νόθον
295 769 418 801 γέννημα
430 764 477 790 τοῦ
491 763 596 797 [Ῑατρδς
605 761 787 797 Δαμασκηνοῦ
799 761 848 786 οὑκ
859 760 989 794 ἐδέχοντο·

205 815 276 846 τινὲς
293 813 322 840 δὲ
338 813 384 838 καὶ
407 810 546 845 δεχόμενοι
574 808 741 843 μετήμειῦον
765 807 795 833 τὸ
824 805 992 839 ,προϐολεὺς

205 861 245 891 εἰς
259 842 289 885 τὸ
308 842 477 892 adpulsu},
492 855 539 881 καὶ
561 842 609 889 τὴν
631 842 812 888 έκφαντοριαν
835 853 885 878 οὐκ
900 853 939 882 είς
960 851 992 886 [P
1009 842 1029 870 Β

206 904 271 941 529]
289 904 339 940 τὴν
359 902 475 937 ὓπαρξιν
500 900 724 935 ὲξελαμὸάνοντο,
750 898 808 926 ἀλλ’
831 899 870 928 εἰς
895 897 944 932 τὴν
965 897 994 928 ἐς

207 953 293 980 ἀΐδιον
308 951 450 985 ἔκφανσιν.
464 948 564 975 Μέντοι
581 955 613 981 γε
635 946 681 972 καὶ
696 944 853 971 σκανδάλων
869 943 993 979 μεγάλων

206 996 335 1033 ἀφορμὰς
349 995 383 1022 τὰ
396 994 508 1021 τοιαῦτα
526 992 662 1028 παρέσχον
679 992 735 1022 τοῖς
747 989 870 1025 ὕστερον.
887 989 993 1022 Ὥσπερ

205 1045 275 1079 δῆτα
289 1043 336 1069 καὶ
353 1040 446 1077 τὴτοῦ
463 1039 572 1074 Νύσσης
589 1037 742 1073 Γρηγορῑου
753 1036 860 1071 Πατρὺς
871 1034 952 1076 ῥητδν
966 1033 997 1060 τὸ

207 1090 278 1118 κατὰ
292 1088 425 1123 διαίρεσιν
450 1085 637 1121 προαγόμενον
663 1083 711 1109 καὶ
734 1081 806 1108 οὕτω
825 1089 883 1112 πως
906 1080 996 1114 λέγον,

203 1138 245 1169 ὠς
257 1136 288 1163 τὸ
306 1135 356 1170 μὲν
372 1133 457 1161 αἴτιον
473 1130 613 1159 πιστεύειν
639 1130 671 1157 τδ
684 1129 714 1156 δὲ
726 1129 758 1156 ὲκ
771 1128 820 1165 τῆς
833 1128 931 1160 αἰτίας,
949 1126 997 1154 τοῦ

212 1255 223 1272 1
238 1245 354 1274 Posscdi
373 1244 513 1272 hominem
534 1249 582 1278 per
612 1242 696 1269 Deum
713 1240 735 1274 ',
748 1250 758 1267 ι
773 1240 799 1268 id
813 1244 865 1274 est,
881 1247 914 1268 ex
930 1238 998 1272 Deo,

212 1298 252 1326 et,
270 1301 280 1318 ‹
298 1291 413 1319 Factum
428 1297 461 1317 ex
476 1289 590 1316 muliere
602 1289 625 1320 ί,
641 1297 650 1313 ι
668 1288 719 1314 hoc
736 1291 778 1315 est
789 1294 837 1322 per
848 1285 1002 1317 mulierem,

211 1346 246 1366 ne
259 1337 342 1374 482
363 1336 436 1363 illam
454 1335 579 1362 heresim
616 1333 774 1361 insinuasse
797 1331 910 1359 divinus
935 1330 1005 1366 Apo-

212 1384 300 1413 stolus
318 1387 430 1418 putetur
458 1387 511 1415 qua
537 1379 668 1407 Christus
693 1378 772 1413 quasi
800 1384 849 1412 per
875 1375 1000 1403 canalem

211 1429 346 1457 transisse
357 1435 405 1463 per
421 1426 558 1461 Virginem
577 1425 688 1460 ﬁngitur
703 1432 710 1450 :
730 1424 800 1455 haec,
819 1422 944 1457 inquam,
960 1420 1000 1448 si—

211 1475 343 1509 miliaque
363 1472 484 1507 undique
508 1469 654 1498 eonlerena
670 1467 794 1504 quotidie
814 1467 944 1502 plurima,
970 1472 1002 1492 ea:

1041 208 1073 234 τὸ
1087 208 1136 243 μὲν
1152 207 1207 242 γὰρ
1223 206 1362 241 προσεχῶς
1376 207 1408 232 ὲκ
1425 205 1472 232 τοῦ
1489 205 1610 239 πρώτου,
1623 204 1653 231 τὸ
1669 204 1698 231 δὲ
1716 205 1760 232 διὰ
1778 204 1828 231 τοῦ

1043 253 1184 289 προσεχῶς
1210 253 1242 279 ὲκ
1264 251 1310 279 τοῦ
1331 251 1450 287 πρώτου,
1473 251 1524 285 τῆς
1540 250 1586 277 τοῦ
1605 249 1670 277 Τι’ιῦ
1691 249 1832 284 pen-rata:

1043 298 1092 325 καὶ
1105 297 1193 332 ἐαυτῷ
1207 297 1238 323 τὺ
1251 297 1396 332 μονογενὲς
1412 296 1598 331 φυλαττούσης
1611 296 1659 322 καὶ
1673 296 1703 322 τὸ
1718 295 1832 330 Πνεῦμα

1044 344 1094 378 τῆς
1118 344 1165 370 τοῦ
1195 344 1301 378 Harpe:
1323 343 1442 377 σχέσεως
1460 341 1496 377 μὴ
1513 342 1707 376 ἀπειργούσης.
1737 341 1834 368 Ταῦτα

1046 389 1096 424 μὲν
1110 390 1124 415 ὸ
1139 387 1350 424 πατριαρχεύων
1367 388 1474 422 εἰσῆγε,
1496 387 1604 418 δεικνὺς
1624 386 1675 421 τὴν
1692 388 1834 421 μεσιτείαν

1044 435 1091 461 τοῦ
1109 434 1174 460 Υῑοῦ
1189 434 1218 467 ἐξ
1235 434 1358 469 ἀνάγκης
1373 433 1538 467 εἰσάγουσαν
1562 432 1612 468 τὴν
1634 432 1695 465 διὰ,
1722 432 1835 458 καὶ-διὰ

1043 480 1146 515 ταύτης
1157 479 1206 515 τὴν
1220 480 1255 506 ἐκ
1272 479 1326 506 τῶν
1346 478 1456 505 Ἰταλῶν
1468 478 1648 514 προσιέμενος
1664 478 1702 510 ὡς
1717 479 1836 505 ἀντιπα-

1046 526 1228 561 ραχωρουσῶν
1241 526 1295 552 τῶν
1310 525 1477 560 προθέσεων.
1490 525 1523 551 Οἱ
1535 524 1563 551 δὲ
1579 525 1643 559 περὶ
1653 524 1698 551 τὸν
1719 524 1836 559 Ἐφέσου

1045 574 1093 600 καὶ
1108 573 1152 599 τὸν
1170 572 1291 607 Ἀθηνῶν
1305 571 1436 599 Μελέτιον
1447 571 1495 598 καὶ
1510 570 1584 598 ἄλλοι
1598 570 1721 597 πλεῖστοι
1736 571 1838 597 ἐσκαν-

1045 617 1192 650 δαλίζοντο,
1220 617 1342 652 μείζονος
1369 616 1456 643 κεικοῦ
1485 616 1532 642 τοῦ
1559 616 1648 642 δοκεῖν
1670 617 1838 652 παρακινεῖν

1044 665 1170 700 δόγματα
1185 663 1296 691 ἔλαττον
1313 663 1397 690 κακὸν
1414 664 1443 690 τὸ
1461 662 1636 697 ἡμαρτῆσθαι
1653 663 1729 697 σφίσι
1751 671 1836 698 ποιη-

1047 711 1174 746 σαμένοις
1189 711 1300 745 ειρήνην
1318 710 1388 745 μετὰ
1401 710 1572 744 σφαλλόντων
1587 710 1615 736 ὲν
1631 709 1712 740 θείοις
1728 709 1836 743 δόγμα-

1047 765 1089 783 σιν
1111 756 1335 791 ἁνθαιρούμενοι.
1358 755 1429 782 Ἀλλ’
1451 757 1465 782 ὁ
1483 756 1533 791 μὲν
1555 756 1686 788 Μελέτιος
1709 757 1757 782 καὶ
1774 755 1838 782 λίαν

1046 803 1275 840 ἐπαρρησιάζετο,
1285 803 1332 828 καὶ
1338 802 1376 833 ὡς
1386 803 1451 837 μιᾶς
1464 801 1548 828 πολλὰ
1556 803 1583 828 ὲν
1594 802 1694 837 συνόδῳ
1707 802 1839 837 λαλῆσαι,

1043 850 1090 877 καὶ
1102 849 1177 880 τέλος
1190 850 1235 876 τὸν
1243 849 1390 884 ἐπενδύτην
1403 848 1531 875 κελεῦσαι
1545 848 1584 881 τῷ
1595 848 1687 883 ὀπαδῷ
1700 848 1840 883 ἀράμενον

1041 895 1155 922 ἕπεσθαι
1176 895 1213 927 ὡς
1234 895 1280 922 καὶ
1293 895 1334 926 εἰς
1347 895 1454 928 ὲξορῖαν
1468 894 1588 929 ἕτοιμον,
1609 894 1648 925 ὡς
1660 894 1730 930 ὑπὲρ
1744 895 1839 922 τοιού-

1043 951 1097 968 των
1112 941 1324 976 ἀγωνιζόμενος.
1341 941 1372 967 Ol.
1387 940 1415 967 δὲ
1432 941 1496 975 περὶ
1516 941 1562 967 τὸν
1586 940 1701 974 Ἑφέσου
1719 949 1841 976 προνοη-

1043 987 1128 1019 τικῶς
1143 986 1194 1022 μὲν
1205 985 1280 1021 εἴχον
1293 985 1337 1012 διὰ
1350 985 1472 1020 βασιλέα,
1490 985 1528 1020 μὴ
1541 985 1663 1017 θέλοντες
1676 985 1766 1012 δοκεῖν
1783 986 1842 1013 εἰσ-

1045 1034 1124 1067 άγειν
1143 1033 1171 1059 ὲν
1187 1031 1339 1058 καθεστῶσι
1353 1031 1500 1057 σκάνδαλα’
1519 1032 1593 1066 ὅμως
1615 1031 1644 1058 δὲ
1664 1032 1711 1058 καὶ
1731 1031 1842 1067 βαρέως

1045 1077 1144 1113 ἔφερον
1182 1077 1230 1104 καὶ
1269 1076 1392 1103 ἐκποδὼν
1429 1077 1517 1103 ποιεῖν
1553 1077 1625 1104 κατὰ
1655 1077 1687 1103 τὸ
1724 1077 1842 1113 λεληθὸς

1045 1124 1162 1157 ἁκεῖνον,
1179 1122 1218 1154 ὡς
1235 1122 1355 1156 ἐδόκουν,
1368 1121 1521 1150 ἐδούλοντο.

1048 1250 1146 1275 causa,
1168 1250 1266 1271 rursus
1294 1242 1377 1270 aliam
1415 1241 1599 1270 diﬁ‘erentiam
1631 1244 1842 1280 intelligimus:

1050 1289 1110 1317 haec
1118 1290 1192 1317 enim
1202 1290 1335 1317 continue
1347 1297 1380 1317 ex
1391 1290 1489 1324 prima,
1503 1290 1554 1318 ista
1570 1298 1618 1325 pcr
1642 1291 1842 1319 mediationem

1050 1335 1112 1363 Filii
1138 1335 1185 1371 qui
1215 1335 1351 1363 continue
1374 1342 1408 1363 ex
1435 1335 1523 1370 prima
1562 1339 1614 1369 est,
1648 1343 1703 1371 qua
1732 1337 1842 1364 media-

1050 1382 1126 1410 tione
1161 1380 1249 1409 Filius
1281 1381 1354 1408 idem
1385 1385 1412 1408 et
1450 1381 1503 1408 sibi
1535 1380 1675 1417 Unigu-niti
1714 1384 1843 1418 proprie-

1052 1430 1138 1454 tatem
1179 1430 1270 1454 servat
1301 1430 1328 1453 et
1363 1425 1494 1461 Spiritum
1525 1433 1540 1453 a
1576 1426 1709 1454 relatione
1746 1427 1841 1454 Patris

1051 1480 1108 1499 non
1139 1475 1226 1498 arcet.
1252 1481 1262 1498 ι
1281 1471 1345 1499 Haec
1367 1472 1506 1508 allegabat
1544 1473 1713 1507 patriarcha,
1744 1478 1842 1501 osten-

211 1521 239 1548 in
261 1528 307 1555 per
335 1519 511 1549 imminebat,
540 1523 588 1543 eas
607 1514 761 1550 particulas
797 1511 945 1540 conﬂattdo
972 1511 997 1538 in

1051 1517 1121 1545 dens
1147 1517 1231 1553 483
1256 1517 1446 1545 mediationem
1467 1517 1527 1545 Filii
1559 1519 1715 1546 necessario
1740 1519 1844 1547 interre

211 1566 351 1594 notionem
369 1571 450 1591 unam
466 1572 474 1596 ;
489 1563 585 1597 sicque
601 1560 728 1588 videlicet
748 1559 873 1587 diluebat
891 1558 996 1585 crimen

211 1610 393 1638 additamenti
423 1608 452 1635 in
466 1607 627 1643 Symbolum
657 1605 768 1638 intrusi,
796 1612 852 1640 quo
884 1608 998 1630 sanctus

212 1656 343 1693 Spiritus,
360 1661 390 1683 ut
402 1663 436 1683 ex
448 1655 540 1687 Patre,
555 1653 593 1680 ita
609 1661 642 1681 ex
657 1652 727 1680 Filio
744 1651 897 1687 procedere
921 1649 999 1676 aiﬁr-x

214 1705 316 1730 matur.
346 1701 483 1728 Praaterea
508 1699 581 1726 idem
608 1699 720 1726 inventa
753 1697 807 1724 divi
838 1696 999 1724 Damasceni

209 1747 351 1776 sententia
392 1753 447 1781 qua
481 1745 563 1773 Pater
600 1752 648 1779 per
689 1743 808 1771 Verbum
848 1741 1000 1778 προὸολεὺς

212 1794 330 1820 emissor
358 1790 536 1819 enuntiatorii
562 1790 681 1825 Spiritus
711 1788 823 1821 dicitur,
850 1792 878 1815 et
894 1795 999 1815 rvocem

214 1838 366 1874 προϐολεὺς
394 1837 512 1865 emissor
537 1837 595 1864 sive
614 1836 737 1871 prolator
768 1840 899 1871 tanquam
927 1834 1000 1862 idem

214 1884 420 1919 signiﬁcantem
440 1883 514 1918 quod
528 1883 617 1915 αἴτιος
646 1890 727 1910 causa
758 1882 816 1909 sive
834 1882 999 1917 principium

212 1938 366 1965 usurpans,
381 1930 427 1957 ubi
446 1929 620 1957 obsurvasset
637 1937 691 1956 non
706 1929 798 1956 dicere
815 1929 926 1963 quidem
948 1928 1000 1954 Da-

215 1985 375 2005 mascenqu
402 1977 564 2011 simpliciter
593 1975 693 2003 Filium
715 1983 777 2003 esse
799 1983 913 2003 causam
943 1976 1001 2002 sive

203 2024 386 2059 .principiutn
409 2022 530 2057 Spiritus
560 2022 661 2055 sancti,
676 2022 756 2049 fateri
783 2026 875 2049 tamen
892 2021 1001 2049 Patrem

214 2076 277 2097 esse
291 2076 404 2096 causam
423 2067 544 2103 Spiritus
577 2068 665 2095 sancti
687 2074 736 2101 per
751 2066 861 2098 Fil.um,
874 2066 1002 2100 quando-

214 2116 328 2150 quidem
355 2114 389 2141 ab
416 2122 449 2141 eo
466 2113 548 2140 Pater
573 2120 622 2148 per
637 2111 760 2140 Verbum
776 2112 897 2147 Spiritus
912 2112 1002 2139 sancti

215 2160 380 2196 προϐολεύς,
397 2160 470 2195 quod
502 2159 577 2187 idem
599 2165 680 2186 sonat
696 2166 729 2186 ac
740 2159 835 2190 αἴτιος,
847 2166 908 2186 esse
928 2158 1003 2185 alﬁr-

206 2212 318 2234 artetur.
338 2206 416 2233 Hanc
434 2205 601 2232 sententiam
626 2204 711 2239 aliqui
739 2210 768 2231 ut
787 2205 958 2231 subdititiam
976 2209 1004 2231 et

211 2252 286 2279 [also
298 2251 461 2278 attributam
483 2249 560 2278 Patri
589 2249 763 2277 Damasceno
779 2249 920 2284 rejiciunt.
938 2249 1004 2282 Qui-

205 2297 279 2324 .dam
301 2301 395 2324 autem
409 2303 469 2324 eam
493 2295 686 2327 admittentes,
711 2295 773 2322 loco
785 2295 913 2323 vocabuli
934 2303 1003 2331 προ-

216 2344 313 2375 ὁολεὺς
347 2343 522 2370 substituunt
557 2342 585 2369 in
618 2341 664 2369 illa
690 2342 830 2377 παροχεὺς
856 2341 1002 2376 ρηώἰιοτ,

216 2395 243 2419 et
257 2397 317 2426 qua:
334 2389 389 2417 illis
411 2388 515 2416 mentio
537 2387 698 2422 adjungitur
714 2387 899 2422 ἑκφαντορίας
916 2395 1005 2414 enun-

217 2435 528 2471 tialoriaLprolationis,
549 2442 605 2462 non
628 2434 660 2461 ad
693 2433 809 2470 ὓπαρξιν
838 2434 1004 2461 exstantiam

218 2483 352 2516 referunt,
368 2481 416 2509 sed
435 2481 469 2508 ad
488 2481 573 2508 ἀΐδιον
597 2480 731 2515 ἔκφανσιν
754 2485 884 2507 aeternam
899 2479 1009 2507 exhibi-

217 2531 332 2557 tionem.
351 2528 497 2555 Enimvero
513 2527 712 2554 scaudalorum
731 2533 896 2560 magnorum
921 2533 1004 2553 occa-

216 2577 310 2603 siones
325 2573 390 2601 talia
409 2576 587 2608 prabuerunt
620 2572 749 2607 posteris,
783 2576 812 2597 ut
838 2571 1006 2598 videlicetet

218 2622 270 2648 hoc
285 2619 401 2656 Nysseni
418 2618 546 2652 Gregorii
562 2617 654 2644 Patris
676 2617 792 2648 dictum,
809 2618 836 2643 in
853 2623 907 2651 quo
935 2615 1006 2643 divi-

219 2668 271 2696 sim
283 2667 318 2694 de
336 2665 460 2702 personis
480 2665 581 2692 divinis
595 2664 688 2700 agitur
711 2664 754 2692 his
771 2663 872 2691 verbis:
892 2672 900 2689 t
923 2661 1003 2690 Util-

218 2715 272 2742 lam
297 2713 408 2748 quidem
431 2719 542 2739 causam
567 2710 728 2743 credamus,
764 2712 834 2738 hanc
856 2715 946 2737 autem
971 2717 1004 2736 ex

255 2812 263 2828 ¹
281 2812 349 2839 Gen.
369 2819 406 2844 Iv,
425 2812 451 2838 l.
489 2811 499 2826 ¹
514 2809 601 2837 Galat.
617 2816 652 2841 tv,
671 2809 698 2836 4.

1052 1564 1273 1599 ριέροειιίυιιεηι
1284 1570 1342 1597 per,
1362 1566 1390 1590 et
1403 1567 1513 1597 propter
1526 1563 1607 1595 hanc,
1621 1565 1842 1598 prmpositionem

1050 1617 1094 1642 em,
1108 1616 1192 1643 quam
1208 1608 1253 1636 hic
1263 1608 1351 1635 Latini
1367 1612 1544 1644 usurparent,
1559 1609 1759 1637 admittendam
1774 1617 1842 1637 con-

1052 1654 1181 1687 tendens,
1210 1654 1340 1688 quoniam
1364 1655 1523 1689 promiscue
1546 1655 1743 1690 permutabiles
1772 1656 1846 1683 inter

1053 1708 1115 1729 sese
1132 1701 1182 1728 has
1197 1699 1347 1734 particulas
1362 1707 1425 1728 esse
1438 1705 1593 1735 appareret.
1613 1701 1713 1729 Verum
1729 1701 1846 1737 Ephesi-

1055 1754 1107 1774 nus
1133 1754 1243 1781 unaque
1261 1747 1442 1775 Atheniensis
1464 1747 1591 1775 Meletius
1618 1752 1646 1775 et
1661 1747 1707 1775 alii
1733 1748 1845 1781 plurimi

1054 1792 1327 1826 scandalizabantur,
1345 1793 1536 1821 existimantes
1552 1800 1661 1821 movere
1674 1801 1706 1821 ac
1722 1794 1757 1822 de
1775 1803 1847 1822 novo

1054 1838 1083 1865 in
1098 1838 1325 1872 disceptationem
1341 1846 1442 1867 vocare
1464 1839 1531 1866 olim
1549 1840 1698 1866 constituta
1717 1841 1848 1875 dogmata

1054 1883 1143 1918 majus
1154 1891 1215 1911 esse
1231 1885 1331 1911 malum
1347 1892 1430 1919 quam
1446 1890 1474 1912 ut
1485 1886 1658 1926 consciscere
1672 1887 1697 1914 id
1711 1886 1764 1921 ipsi
1783 1894 1849 1922 pos-

1055 1935 1126 1962 sent,
1144 1930 1272 1964 quamvis
1289 1930 1414 1964 gravium
1440 1931 1574 1957 malorum
1591 1932 1847 1965 praevertendorum

1055 1982 1139 2003 causa
1165 1975 1351 2003 conscientias
1374 1983 1439 2003 suas
1467 1977 1727 2004 accommodassent
1750 1978 1785 2004 ad
1809 1978 1849 2005 le-

1056 2021 1116 2048 vius
1132 2021 1199 2048 illud
1215 2025 1358 2056 peccatum
1377 2021 1589 2054 admittendum,
1607 2029 1662 2056 quo
1674 2030 1704 2050 se
1722 2023 1849 2058 obligas-

1057 2072 1120 2096 sent
1133 2075 1201 2104 pace
1218 2076 1279 2096 cum
1296 2068 1353 2096 illis
1367 2068 1495 2096 lacicnda
1509 2069 1556 2104 qui
1570 2069 1597 2096 in
1611 2069 1714 2097 divinis
1729 2070 1849 2105 dogma-

1057 2115 1130 2142 tibus
1151 2118 1288 2141 errarent.
1311 2113 1352 2141 Ac
1377 2113 1503 2142 Meletius
1526 2115 1677 2149 praesertim
1697 2122 1799 2150 magna
1817 2115 1850 2143 de

1059 2160 1101 2188 his
1131 2159 1257 2188 libertate
1278 2159 1450 2192 disserebat.
1477 2160 1546 2188 adeo
1574 2164 1603 2187 ut
1626 2160 1672 2188 die
1701 2161 1845 2195 quadam,

1059 2210 1204 2241 postquam
1227 2205 1312 2233 multa
1332 2213 1415 2241 super
1432 2206 1485 2234 hoc
1508 2211 1670 2241 argumento
1688 2207 1716 2234 in
1742 2209 1851 2243 synodo

1059 2253 1254 2284 declamasset,
1272 2251 1466 2287 pedissequum
1487 2252 1604 2288 jusserit
1628 2253 1739 2281 sublato
1765 2255 1852 2289 paHio

1060 2298 1233 2333 procinctum
1257 2298 1290 2326 ad
1306 2297 1359 2326 iter
1381 2297 1434 2326 sibi
1457 2297 1557 2325 adesse
1572 2303 1701 2333 tanquam
1724 2299 1751 2326 in
1773 2301 1851 2327 exsi-

1061 2345 1128 2372 lium
1146 2344 1194 2371 tali
1209 2344 1243 2372 de
1263 2351 1346 2372 causa
1364 2352 1426 2372 mox
1443 2349 1539 2380 parato
1556 2344 1706 2379 proﬁcisci.
1724 2344 1853 2373 Mod-Ta-

1059 2389 1115 2417 tius
1135 2397 1165 2418 se
1190 2390 1300 2425 gerebat
1328 2390 1484 2426 Ephesinus
1513 2390 1688 2425 imperatoris
1711 2397 1850 2424 respectu,

1058 2435 1131 2470 apud
1145 2443 1227 2470 quem
1252 2444 1282 2464 se
1301 2435 1463 2471 providebat
1478 2435 1658 2469 oﬁensurum.
1673 2436 1696 2463 si
1710 2436 1853 2464 videretur

1057 2481 1226 2509 oﬁendicuia
1253 2485 1280 2509 et
1303 2483 1445 2509 turbarum
1469 2489 1569 2509 causas
1594 2482 1628 2509 iis
1651 2481 1776 2516 objicere
1804 2483 1851 2518 qui

1061 2528 1134 2555 bona
1151 2527 1204 2555 ﬁde
1218 2528 1362 2555 conventis
1382 2527 1607 2563 acquiescebant.
1624 2526 1796 2564 Ringebatur
1810 2533 1853 2555 ta-

1062 2582 1125 2602 men
1139 2580 1165 2602 et
1178 2575 1237 2610 ipse
1253 2575 1373 2610 penitus,
1387 2574 1528 2610 agerrime
1538 2582 1602 2601 cum
1614 2574 1672 2602 suis
1689 2574 1779 2602 ferens
1790 2583 1852 2610 qua:

1061 2628 1076 2648 a
1088 2621 1179 2649 Vecco
1194 2621 1364 2656 agebantur;
1384 2620 1589 2655 apparebatque
1607 2628 1660 2648 non
1676 2620 1853 2649 dubitaturos

1061 2666 1138 2701 ipsos
1151 2666 1257 2699 conari,
1276 2665 1298 2693 si
1317 2670 1440 2700 possent,
1455 2665 1635 2694 clandestinis
1650 2665 1756 2693 artibus
1774 2666 1852 2695 illum

1060 2720 1076 2740 a
1092 2712 1156 2741 sede
1172 2712 1352 2748 patriarchali
1368 2719 1509 2739 amovere.
