1944 3067
104 167 154 197 045

546 170 594 200 DE
616 171 813 201 MlClIAELE
835 168 1068 201 PAL/EOLOGO
1087 172 1160 203 LIB.
1182 172 1220 203 Vl

1674 170 1726 200 96

106 221 157 261 x6'._
168 224 266 258 Ὅπως
275 226 318 258 εἰς
336 225 370 252 τὸ
382 226 450 261 apag
462 225 514 252 τοῦ
529 227 615 259 ἁγ-Ιου
641 227 806 258 ΑἰνξεντΙου
829 227 886 253 ἀπ·
899 223 924 253 Α
937 226 1055 261 πρῶτον,
1074 228 1116 253 ἐπ’
1132 226 1229 261 ὲκείνῳ
1243 226 1271 253 δὲ
1285 225 1331 252 καὶ
1343 223 1388 251 τὸν
1408 223 1544 250 Ίσιάκιον
1560 223 1652 257 στερεῖ
1669 223 1728 248 τῶν

137 258 233 290 ἦλθεν
249 262 266 287 ό
293 260 487 296 πατριάρχης.
501 258 557 288 Καὶ
574 261 712 296 περὶτῶν
731 263 784 289 τοῦ
794 262 888 295 ,βασις

137 296 216 321 λεωι·
236 295 310 321 ἐκεῖ.

159 303 216 327 εως
236 303 310 322 εκει.

140 362 183 398 [Ρ.
199 363 264 399 550]
291 364 357 391 Τότε
381 366 472 393 τοίνυν
494 366 632 403 δωδεκάτῃ
662 366 890 402 ’Δνθεστηριῶνος

108 410 189 444 μηνὸς
202 410 248 436 τὸν
270 410 407 446 Βόσπορον
435 412 699 448 διαπεραιωσάμενοι
719 413 783 440 εὐθὺ
816 413 892 448 βασι-

105 454 171 486 λέως
183 455 345 491 ἠλαύνομεν.
362 459 409 484 καὶ
470 459 518 494 τῆς
542 459 653 494 λυχνίας
683 460 749 494 μονῇ
779 458 893 493 ξεναγη-

107 499 197 532 θέντες
210 502 314 529 ἐκεῖθεν
328 503 390 529 καθ’
410 504 516 538 ἡμέραν
534 504 574 539 τῷ
602 504 707 539 βασιλεῖ
730 505 891 538 συνεμίσγο-

111 554 170 580 μεν.
187 547 229 574 Τὰ
238 547 261 574 δ’
274 548 370 584 ἐκείνῳ
384 549 444 576 τότε
456 550 629 585 πραττόμενα
647 550 774 586 δακρύοις
792 551 892 584 μᾶλλον

109 591 124 625 ἢ
143 591 238 626 μέλανι
251 593 366 628 γράφειν
381 591 415 629 ἦν
432 593 516 626 ἄξιον.
536 594 683 629 Λογισμηῖς
709 595 763 629 γὰρ
788 595 893 629 ἀγρίοις

108 636 328 673 διεκῦακχευθεὶς
347 639 479 675 ὀκρατῶν
505 641 551 666 καὶ
569 642 650 667 πᾶσιν
670 641 796 672 ὑπόπτως
813 640 892 675 ἔχων,

105 683 155 709 οὐκ
182 681 242 710 οἶδα
263 684 324 711 καθ’
348 685 363 711 ὃ
385 694 422 717 τι,
451 686 520 717 τέως
536 686 563 712 δέ
589 694 621 720 γε
643 688 698 718 τοῖς
722 687 894 722 φαινομένοις

105 728 152 754 καὶ
179 728 217 763 τῷ
246 729 335 756 δοκεῖν
358 730 429 764 ὑπὲρ
454 731 551 757 ἑαυτοῦ
581 731 627 757 καὶ
651 731 700 765 τῆς
732 731 814 757 αὐτοῦ
847 731 895 766 δῆ-

105 774 150 800 θεν
184 774 333 810 θρησκείας
362 776 460 807 πονῶν,
493 777 517 803 εἰ
542 777 690 812 ὀρθοδῑξὼν
713 778 740 807 ὲς
774 777 807 804 τὰ
842 778 896 812 μά-

107 818 185 845 λιστα
216 820 249 846 τὰ
264 820 334 854 πρὸς
360 821 539 856 παρατροπὴν
572 822 690 853 πίστεως
717 821 895 854 διαϐάλλοιτο,

106 865 180 891 δεινὰ
193 865 289 893 ἐποίει.
309 866 390 892 Ὅθεν
407 866 454 893 καὶ
468 867 578 901 πέμψας
598 867 688 900 ἐξάγει
705 867 753 901 τῆς
773 867 896 901 φυλακῆς

107 910 168 941 τοὺς
184 911 307 945 εὐγενεῖς
322 911 422 946 ἄνδρας
433 912 552 943 ἐκείνους
569 909 607 938 ὧν
623 914 670 939 καὶ
696 912 790 948 πρώην
815 913 897 948 ὲμνή-

109 956 225 990 σθημεν,
239 957 301 988 τοὺς
317 959 350 984 ἐκ
369 958 467 984 Ῥαοὺλ
482 958 675 992 αὕταδέλφους,
701 959 746 985 τὸν
769 959 898 994 Μανουήλ

108 1010 137 1028 τε
155 1002 201 1028 καὶ
211 1003 256 1029 τὸν
273 1003 417 1036 Ἰσαάκιον,
431 1004 478 1030 καὶ
489 1005 580 1039 τρίτον
593 1004 637 1030 τὸν
652 1006 684 1030 ὲκ
707 1005 899 1040 Καντακουζη-

108 1048 161 1074 νῶν
197 1049 324 1084 Ἰωάννην
351 1050 376 1084 (ὁ
397 1049 451 1084 γὰρ
479 1050 698 1085 πρωτοστράτωρ
730 1051 898 1086 Ἀνδρόνικος

110 1095 216 1128 φθάσας
230 1096 260 1122 ὲν
272 1095 304 1130 τῇ
323 1095 430 1131 φυλακῇ
455 1096 721 1131 προτετελευτήκει),
751 1097 797 1122 καὶ
827 1097 898 1130 σφᾶς

109 1141 177 1175 πρὸς
192 1141 287 1168 ἑαυτὸν
296 1142 478 1177 κατακρίτους
490 1143 580 1176 φέρει.
597 1142 649 1174 Οὓς
663 1143 696 1178 δὴ
712 1143 758 1168 καὶ
773 1142 816 1176 ἐφ’
832 1143 898 1178 ὴμέ-

111 1195 172 1221 ραις
199 1187 303 1219 ὲτὰζων
326 1187 415 1222 λόγοις
438 1189 485 1214 καὶ
515 1187 611 1223 ὕϐρεσι
637 1188 779 1219 πλείσταις
808 1197 836 1214 τε
853 1189 899 1215 καὶ

109 1231 221 1264 δειναῖς,
237 1232 312 1263 τέλος
320 1232 383 1259 ἐπεὶ
396 1233 446 1260 οὐκ
462 1231 495 1268 ἦν
513 1234 583 1268 σφᾶς
600 1233 792 1260 ὑποκλίνεσοαι
803 1233 842 1268 τῷ
852 1233 899 1260 τοῦ

110 1277 276 1312 κρατοῦντος
304 1279 447 1314 θελήματι,
544 1278 609 1315 531]
632 1280 678 1307 τὸν
704 1279 753 1314 μὲν
771 1278 901 1314 Μανουὴλ

111 1369 148 1396 τι
175 1367 209 1396 Ut
220 1370 255 1396 ad
268 1375 383 1396 montem
395 1369 489 1397 Sancti
505 1371 633 1397 Auxentii
644 1370 719 1396 iverit
730 1369 900 1404 patriarcha;

302 1411 327 1432 et
341 1406 374 1432 de
387 1406 454 1432 actia
472 1405 637 1437 imperatoria
651 1406 719 1432 illic.

148 1462 228 1489 Tunc
253 1462 337 1498 igitur
356 1462 519 1490 duodecima
537 1461 602 1488 Julii
628 1462 729 1488 mensis
751 1461 901 1497 Bosporum

114 1509 283 1544 transgressi
302 1508 336 1536 ad
349 1509 541 1544 imperatorem
562 1512 636 1535 recta
651 1508 903 1540 contendunus;et

112 1556 206 1582 obiter
229 1554 348 1589 hospitio
370 1555 476 1590 excepti
501 1554 572 1588 apud
590 1554 787 1581 monasterium
811 1553 901 1590 Lych-

112 1603 176 1634 niaz,
204 1610 257 1638 qua
279 1601 343 1629 inde
362 1600 541 1629 discessimus
564 1601 608 1628 die
630 1601 787 1634 imperatori
813 1600 904 1628 as:iti-

115 1655 188 1675 inus.
207 1647 245 1674 Eo
262 1652 383 1682 teutpore
395 1655 456 1682 quat
475 1647 509 1674 ab
529 1647 576 1674 illo
597 1653 673 1681 gesta
690 1651 755 1674 sunt
775 1647 906 1682 lacrymis

115 1695 210 1729 potius
227 1701 309 1729 quam
327 1697 483 1721 atramento
497 1693 609 1727 dignum
633 1697 691 1720 erat
709 1693 841 1720 scribere.
857 1693 907 1721 Fe-

117 1741 157 1768 tis
175 1740 249 1768 ettitn
273 1739 435 1774 quibusdam
456 1740 584 1767 sensibus
605 1747 652 1773 per
672 1739 785 1766 acerbas
806 1740 905 1766 intem-

117 1786 209 1820 peries
221 1785 286 1820 aegri
302 1785 384 1812 animi
397 1784 584 1812 debacchatus
596 1785 725 1819 princeps
740 1788 792 1816 est,
810 1791 906 1811 omnes

114 1835 257 1866 suspectos
281 1831 396 1864 habens,
420 1830 515 1857 nescio
537 1829 717 1865 quamobrem
731 1851 738 1861 ,
751 1829 835 1866 484
850 1829 905 1857 nisi

115 1877 204 1912 quod,
222 1881 251 1903 ut
270 1877 419 1912 apparebat
436 1880 484 1903 aut
495 1876 582 1903 videri
605 1876 724 1906 volebat.
740 1876 774 1902 de
789 1884 819 1903 se
841 1884 906 1903 sua-

115 1932 172 1959 que
198 1924 328 1951 videlicet
349 1924 482 1959 religione
501 1923 637 1950 sollicitus
662 1922 835 1957 iniquissime
861 1931 902 1950 se-

114 1978 179 1997 cum
195 1970 238 2005 agi
257 1969 436 2005 querebatur.
456 1969 501 2004 qui
519 1969 572 1996 etsi
590 1969 659 1995 nihil
680 1969 763 1996 studii
779 1976 813 1996 ac
836 1976 904 1995 cou-

115 2016 250 2044 tentionis
267 2016 405 2043 omitteret
422 2015 450 2043 in
470 2015 617 2050 quatrenda
636 2014 807 2049 tenendaque
830 2020 906 2042 recta

116 2064 204 2090 divini
227 2063 319 2090 cultus
339 2070 371 2090 ac
398 2069 472 2089 sana:
489 2061 622 2088 doctrina:
638 2062 692 2093 via,
715 2062 793 2088 ﬁdem
813 2065 904 2088 tamen

117 2114 275 2144 βρτνετιοῐο
296 2116 343 2142 per
366 2115 502 2135 summam
520 2106 688 2134 calumniam
716 2111 903 2134 accusaretur.

117 2155 184 2182 lude
205 2155 303 2182 missis
318 2154 484 2181 satellitibus
508 2153 600 2180 educit
621 2161 636 2179 e
652 2152 774 2180 custodia
798 2153 904 2179 nobiles

117 2202 180 2228 illos
199 2200 306 2234 patricii
323 2200 432 2235 generis
458 2199 541 2230 viros.
561 2205 679 2232 qttorutn
697 2206 785 2233 nuper
808 2199 905 2224 utenti-

939 271 1070 306 ὀμμάτων
1086 273 1215 304 κελεύσας
1231 273 1314 307 ἄμφω
1325 272 1371 298 καὶ
1388 271 1486 306 μόνους
1501 279 1508 286 ·
1532 270 1545 295 ὀ
1572 269 1625 304 γὰρ
1656 269 1729 294 Καν-

940 318 1104 353 τακουζηνδς
1116 319 1290 353 ἀπαγόμενος
1307 317 1454 353 ,δειλιάσας
1481 316 1635 342 ὑπέκλινεν.
1672 313 1731 340 Ἐπ’

940 363 1056 395 ἐκείνοις
1067 365 1121 399 γὰρ
1139 365 1229 399 μόνοις
1244 365 1274 390 τὸ
1296 363 1389 390 παθεῖν
1411 363 1459 389 καὶ
1485 362 1523 397 μὴ
1539 360 1584 396 ἦν,
1615 360 1661 386 καὶ
1687 359 1732 386 διὰ

941 408 1019 435 τοῦτο
1039 409 1134 443 ἐκείνῳ
1154 410 1203 443 μὲν
1219 408 1252 444 ἦν
1280 409 1452 435 ὐποκλιοέντι
1482 407 1627 439 σώζεσθαι,
1646 406 1671 431 οἱ
1703 405 1731 431 δὲ

941 455 991 490 τὴν
1003 454 1049 481 τοῦ
1063 455 1263 490 διαπράξασθαι
1276 455 1294 481 ἃ
1309 455 1403 489 μηδεὶς
1428 454 1507 485 ἄλλος
1523 453 1625 487 ἐτελμα
1652 451 1731 483 δόξαν

943 501 1014 535 ὑπὲρ
1025 493 1146 535 πατρίων
1161 501 1230 527 ἐθῶν
1252 501 1454 535 ἀπηνέγκαντο,
1486 499 1572 526 πολλᾶ
1599 498 1732 533 πρότερον

943 547 990 573 καὶ
1003 547 1083 573 αὑτὸν
1100 547 1273 581 πατριάρχην
1286 547 1331 572 ἐπὶ
1347 546 1480 580 βασιλέως
1499 545 1668 578 ὲλέγξαντες.
1696 543 1733 574 ὡς

943 591 1036 618 ὲκεῖνα
1051 591 1188 618 πείθονται
1202 592 1289 626 τούτῳ
1305 592 1321 618 ἂ.
1338 592 1370 627 δὴ
1379 592 1419 625 ἐφ’
1434 591 1532 617 ἑαυτοῦ
1548 590 1584 616 ὢν
1598 589 1733 624 ὡμολόγει

944 638 991 664 καὶ
1019 638 1167 672 ἐπιτιμίοις
1193 638 1368 672 πεδούμενος,
1400 637 1447 663 καὶ
1477 638 1525 671 οῦχ
1551 637 1568 663 ἃ
1588 636 1655 666 τέως
1675 634 1733 669 μετ’

943 682 1108 717 ἀξιώματος.
1123 685 1174 710 Καὶ
1190 682 1243 709 εἶδε
1259 684 1308 717 μία
1318 684 1411 719 ἡμέρα
1426 683 1626 719 ἐστερημένους
1644 681 1735 716 ὀμμά-

945 737 998 755 των
1009 729 1054 761 οὓς
1069 731 1116 764 μία
1126 730 1230 765 γαστὴρ
1242 730 1330 762 ὦδινε,
1340 731 1386 757 καὶ
1396 730 1442 762 οὒς
1455 731 1471 765 ἦ
1484 739 1513 756 τε
1528 730 1620 764 σχέσις
1635 728 1736 761 συνῆγε

947 776 993 801 καὶ
1001 775 1031 801 τὸ
1051 775 1120 810 ὑπὲρ
1134 776 1192 807 ἑνὸς
1202 776 1308 808 πιθεῖν,
1323 778 1434 807 τούτους
1447 776 1493 802 ἀπ’
1505 776 1627 808 ἀλλήλων
1641 775 1736 810 διῃρη-

949 820 1058 855 μένους,
1071 821 1108 851 ὼς
1123 821 1169 847 τδν
1190 821 1238 855 μὲν
1255 821 1371 856 ἀλλαχοῦ
1387 830 1449 853 που,
1465 822 1509 848 τὸν
1525 821 1553 847 δὲ
1568 820 1695 847 Μανουὴλ
1707 820 1739 845 ἐν

947 867 1006 896 ταῖς
1020 866 1089 892 κατὰ
1106 866 1281 901 Σκάμανδρον
1295 868 1448 902 Κεγχρεαῖς
1480 866 1659 901 ἀπανθρώπῳ
1684 866 1738 892 τινὶ

949 913 1070 947 φρουρίῳ
1083 913 1344 948 ἐγκατακλεισοῆναι
1365 914 1578 948 φρουρούμενον.
1592 912 1651 939 Ἐπ’
1665 912 1737 938 ἐκεί-

948 966 1004 989 νοις
1022 958 1068 984 iul.
1083 957 1127 984 τὸν
1139 957 1185 984 τοῦ
1212 958 1344 985 δεσπότου
1372 959 1481 994 Μιχαὴλ
1507 959 1565 985 υῑὸν
1597 958 1737 991 Ἰωάννην,

947 1003 978 1030 ὃν
989 1004 1026 1036 ὼς
1041 1005 1175 1039 ὅμηρονή
1195 1004 1287 1040 μήτηρ
1313 1005 1367 1032 τῶν
1391 1005 1533 1039 συνθηκῶν
1561 1004 1738 1038 ἀναγαγοῦσα

947 1051 979 1076 ὲκ
1009 1050 1110 1081 δύσεως
1141 1051 1179 1085 τῷ
1207 1051 1312 1085 βασιλεῖ
1340 1051 1487 1086 ἐνεχείριζε
1513 1051 1560 1078 καὶ
1578 1050 1703 1085 γαμϐρὸν
1724 1051 1737 1075 ὀ

948 1096 1057 1132 κρατῶν
1075 1095 1159 1122 ἐτίθει
1174 1096 1221 1122 τοῦ
1233 1096 1375 1131 Τορνικὶου
1401 1097 1663 1131 σεϐαστοκράτορος,
1687 1097 1739 1123 κᾶν

948 1142 1049 1172 ἐκεῖνος
1064 1141 1112 1176 τὴν
1142 1141 1258 1176 σύζυγον
1281 1143 1457 1178 ἁποστέργων
1478 1142 1538 1169 καθ’
1556 1143 1650 1169 ἑαυτὸν
1676 1143 1740 1177 ἐμο-

948 1187 1037 1217 νοῦτο.
1052 1187 1161 1222 πέμψας
1175 1188 1235 1223 ἄγει
1250 1189 1360 1223 δέσμιον
1373 1190 1405 1214 ἐκ
1425 1189 1542 1221 Νικαίας
1556 1200 1562 1205 ν
1581 1190 1669 1215 ἐκεῖσε
1685 1189 1741 1223 γὰρ

951 1234 1109 1268 στρατηγῶν
1124 1234 1264 1269 κατὼρῡου
1282 1235 1421 1269 τροπαίοις
1446 1236 1559 1269 Περσῶν
1583 1234 1741 1269 ὲναγλαῖζό-

951 1287 1043 1314 μενος,
1061 1280 1104 1315 ὲςρ¹
1132 1277 1154 1314 ᾧ
1176 1281 1223 1307 καὶ
1240 1281 1356 1316 ὑπωρίαν
1380 1281 1441 1309 ἑσνε
1469 1280 1669 1316 βασιλειῶντος,
1691 1280 1742 1306 οὐκ

952 1371 1066 1408 gloriam
1084 1371 1206 1399 tulerunt
1224 1372 1387 1399 constantia:
1401 1372 1513 1400 invicta:
1531 1373 1558 1399 in
1572 1372 1681 1406 agenda
1693 1378 1740 1406 pa-

953 1417 1101 1453 tiendoque
1119 1425 1168 1452 pro
1182 1418 1280 1453 patriis
1294 1419 1416 1446 moribus
1434 1426 1494 1452 qua:
1509 1426 1589 1445 tteuto
1603 1419 1673 1445 alitis
1689 1426 1740 1444 an-

953 1471 1002 1491 sus
1026 1469 1100 1491 esset
1125 1463 1215 1490 facere
1239 1471 1271 1491 ac
1296 1464 1399 1490 subire.
1430 1464 1510 1491 Prius
1538 1469 1630 1491 autent
1659 1472 1741 1498 quam

954 1514 1170 1543 excaecarentur,
1189 1517 1256 1538 voce
1271 1510 1410 1538 liberrima
1430 1518 1522 1538 coram
1545 1511 1604 1544 ipso
1622 1511 1744 1545 impera-

917 1570 940 1600 ο
956 1561 1013 1583 tore
1042 1556 1204 1590 patriarcha:
1230 1557 1434 1590 caprobrarunl
1464 1556 1576 1584 c-edere
1604 1563 1633 1583 se
1660 1561 1690 1583 et.
1710 1555 1744 1582 ad

955 1605 1113 1628 extremum
1124 1601 1276 1628 credituros
1288 1609 1347 1636 qum
1361 1601 1395 1628 ab
1409 1601 1469 1634 ipso
1487 1601 1662 1633 didicissent,
1679 1606 1743 1628 tunc

956 1647 1067 1681 quando
1087 1655 1121 1675 ex
1135 1656 1217 1675 sensu
1234 1648 1398 1682 loquebatur
1415 1648 1540 1682 proprio,
1554 1648 1663 1682 quando
1677 1655 1744 1681 sup-

956 1693 1039 1727 plicia
1062 1697 1089 1719 et
1105 1693 1212 1720 vincula
1232 1701 1280 1728 pro
1296 1693 1340 1719 illa
1359 1693 1411 1719 iide
1427 1693 1581 1720 tolerabat:
1601 1693 1674 1720 nolle
1695 1701 1744 1720 au-

957 1743 1010 1766 tent
1026 1739 1138 1766 credere
1152 1747 1213 1773 qum
1223 1739 1278 1773 jam
1291 1738 1401 1767 doceret
1415 1744 1564 1774 corruptus
1577 1739 1742 1772 ambitione,

957 1787 1075 1821 pretium
1102 1791 1213 1814 mutata:
1232 1787 1376 1814 sentcntiae
1391 1788 1608 1821 patriarebattun
1634 1791 1742 1814 nactus.

958 1831 1013 1859 Sub
1035 1833 1092 1860 bmc
1119 1841 1172 1861 una
1194 1833 1252 1861 dies
1275 1834 1343 1860 vidit
1366 1834 1514 1861 luminibus
1535 1833 1646 1861 Orbatos
1663 1833 1745 1868 485

958 1885 1026 1912 quos
1043 1886 1114 1906 unus
1132 1884 1227 1906 venter
1243 1884 1405 1914 pepererat;
1421 1880 1590 1914 eosdemque
1605 1887 1675 1914 quos
1695 1887 1744 1906 tte-

957 1925 1100 1952 CCSSJlullo
1125 1925 1318 1960 germanitatis
1338 1931 1365 1952 et
1398 1926 1517 1961 patiendi
1545 1933 1628 1953 causa
1648 1926 1746 1960 junge-

959 1970 1035 2004 bant,
1058 1970 1138 2004 longe
1163 1971 1280 1998 invicem
1306 1971 1449 2003 abductos,
1479 1971 1603 1998 Manuele
1619 1971 1745 1998 videlicet

959 2018 1080 2051 relegato
1111 2017 1270 2044 Cenchreas
1296 2018 1328 2043 ad
1354 2017 1567 2049 Scamandrum,
1599 2017 1690 2051 ibique
1717 2017 1745 2043 iu

960 2062 1021 2088 tetri
1044 2061 1187 2095 cujusdam
1209 2065 1238 2088 et
1255 2061 1374 2088 humano
1393 2061 1518 2087 destituti
1541 2061 1614 2088 cultu
1637 2061 1743 2087 castelli

958 2107 1112 2134 custoliam
1145 2107 1261 2139 incluso,
1288 2107 1375 2133 altero
1405 2106 1459 2132 alio
1477 2103 1586 2141 uspiam
1612 2106 1742 2133 abducto.

958 2153 1036 2179 Aliud
1055 2157 1114 2187 post
1133 2152 1194 2185 hoc,
1210 2157 1237 2179 et
1255 2153 1344 2187 ipsuut
1361 2153 1490 2179 acerbum
1510 2153 1583 2181 visu.
1600 2155 1745 2186 spectacu-

958 2199 1014 2226 lum
1026 2198 1120 2226 daltnn
1137 2203 1191 2226 est.
1209 2198 1339 2226 Joannem
1358 2199 1497 2226 Michaelis
1510 2199 1630 2233 despolte
1647 2199 1745 2230 ﬁliuni,

116 2249 224 2278 nimus,
242 2247 342 2273 fratres
363 2245 470 2273 scilicet
488 2245 558 2272 duos
573 2244 669 2272 Baulis
690 2244 770 2276 ﬁlios,
788 2244 903 2270 lllauue-
922 2241 944 2268 D
959 2252 1040 2278 quem
1064 2252 1113 2271 sua
1131 2244 1269 2278 quondam
1288 2250 1374 2271 mater
1391 2244 1426 2271 ab
1449 2244 1575 2272 Occiduis
1590 2244 1747 2271 Constanti-

118 2296 173 2321 lem
188 2300 214 2321 et
227 2293 372 2324 lsaaeium.
390 2291 556 2326 tertiumque
574 2290 706 2318 Joannem
722 2299 753 2317 ex
769 2290 906 2318 Cautacu-

116 2348 184 2367 zona
201 2339 305 2366 familia
329 2339 402 2374 (nam
427 2342 611 2372 protostrator
629 2337 804 2364 Andronicus
830 2337 907 2370 prius

116 2387 145 2413 iu
160 2392 274 2413 carcere
289 2384 418 2418 obierat),
431 2384 549 2418 sistique
571 2390 618 2410 eos
635 2383 690 2410 sibi
714 2390 767 2409 non
789 2386 820 2409 ut
833 2382 908 2416 judi-

116 2431 225 2458 caudos
241 2431 288 2458 sed
306 2434 336 2457 ut
356 2429 410 2464 iam
428 2431 574 2456 damnatos
586 2429 674 2463 jubet.
689 2429 760 2456 Hinc
776 2436 839 2455 ctttu
859 2436 907 2454 eos

117 2486 168 2512 per
182 2477 242 2505 dies
260 2477 364 2511 aliquot
383 2476 476 2503 verbis
498 2475 657 2510 asperrimis
677 2474 907 2508 contumeliisque

116 2523 248 2558 plurimis
274 2530 307 2549 ac
327 2521 500 2557 gravissimis
528 2525 663 2553 vexasset,
694 2521 727 2547 ad
755 2525 906 2547 extremum

116 2569 310 2597 inﬂexibiliter
348 2572 510 2594 recusantes
547 2567 739 2601 obtemperare
773 2566 907 2593 voluntati

118 2614 277 2651 principis,
309 2614 462 2641 Manucletu
495 2613 606 2647 quidem
642 2612 781 2646 primum,
809 2611 908 2639 deinde

118 2670 188 2689 vero
211 2661 343 2688 lsaacium
366 2667 477 2694 quoque
498 2658 587 2686 oeulis
609 2658 710 2692 privari
736 2657 856 2684 mandat.
879 2657 908 2684 In

119 2709 198 2736 solos
220 2708 270 2734 bos
291 2707 360 2734 duos
388 2705 473 2733 atrooi
500 2706 552 2731 bac
571 2704 695 2731 saevitum
720 2711 811 2739 poma,
839 2711 910 2738 qui:-

119 2756 198 2783 niam
221 2753 429 2780 Cautacuzenus
447 2758 571 2779 seorsum
593 2752 627 2777 ab
648 2750 691 2778 bis
705 2754 860 2777 conventus
882 2754 910 2778 et

119 2801 206 2828 minis
232 2799 345 2826 territus
371 2805 472 2825 manus
499 2795 594 2828 dedit,
626 2796 697 2823 idem
728 2795 800 2823 haud
827 2795 911 2822 dubie

119 2846 198 2880 quod
213 2846 269 2872 duo
285 2845 324 2872 illi
342 2850 486 2877 passurus.
505 2842 557 2868 nisi
571 2841 687 2868 salutem
704 2845 731 2868 ct
755 2841 823 2868 lucis
843 2847 911 2867 usu-

121 2900 182 2920 ram
206 2891 361 2920 obedientia
391 2889 562 2918 redemisset.
593 2887 631 2915 llli
656 2895 721 2922 ergo
751 2887 831 2914 ambo
857 2887 911 2915 soli

959 2291 1079 2325 nopolitu
1098 2290 1218 2325 profecta
1233 2291 1359 2325 partibus
1370 2291 1493 2317 obsidem
1510 2290 1556 2318 icti
1572 2294 1638 2318 tunc
1657 2290 1746 2318 [σεύο-

958 2338 997 2365 ris
1021 2337 1180 2372 imperatori
1199 2336 1340 2364 adducens
1357 2337 1486 2370 dederat,
1498 2345 1634 2372 quemque
1650 2340 1745 2372 postea

958 2379 1003 2406 ille
1012 2379 1132 2405 Toruieii
1148 2379 1377 2407 seliaslocratoris
1389 2387 1519 2414 generum
1535 2379 1647 2413 fecerat,
1657 2387 1746 2414 quatt-

960 2432 1043 2459 qualn
1060 2425 1120 2459 ipse
1136 2424 1280 2460 eonjugcm
1300 2430 1441 2453 aversatus
1457 2433 1580 2452 seorsum
1595 2427 1627 2452 ab
1640 2426 1685 2452 illa
1701 2434 1745 2453 res

959 2470 1009 2498 sibi
1023 2470 1140 2497 habebat
1154 2478 1230 2501 suas.
1244 2472 1351 2498 curavit
1364 2471 1517 2506 imperator
1530 2472 1653 2498 vinctutn
1667 2471 1699 2498 ad
1715 2479 1745 2498 se

959 2517 1048 2544 Nicaea
1078 2517 1152 2543 duci.
1171 2515 1208 2543 ibi
1232 2517 1305 2543 enim
1327 2517 1372 2544 ille
1391 2517 1533 2552 copiarum
1558 2517 1625 2550 dux,
1650 2518 1746 2545 multis

959 2561 1061 2596 prmliis
1085 2561 1215 2589 secundis
1245 2562 1402 2597 erectisque
1434 2563 1469 2589 ob
1497 2562 1619 2590 devictos
1645 2563 1746 2590 Persas

962 2608 1071 2642 tropteis
1086 2607 1211 2642 plurimis
1223 2608 1276 2635 late
1297 2608 1386 2636 factus
1405 2608 1535 2644 inclytus.
1558 2609 1747 2643 suspicionem

961 2655 1116 2682 incurrerat
1131 2654 1238 2689 itnperii
1257 2654 1387 2686 aﬂ'ectati,
1409 2662 1462 2682 non
1479 2655 1540 2682 aliis
1557 2655 1583 2682 id
1600 2663 1748 2689 arguntetru

962 2701 996 2728 tis
1009 2700 1187 2727 suadentibus
1198 2708 1278 2734 quant
1295 2701 1355 2736 ejus
1369 2701 1395 2727 in
1413 2701 1484 2728 bello
1501 2700 1632 2727 felicitate
1645 2705 1672 2728 et
1688 2701 1747 2728 cla-

962 2747 1044 2774 ritate
1057 2746 1127 2781 apud
1148 2746 1279 2781 populum
1298 2746 1444 2774 invidiosis
1462 2746 1561 2774 eli‘erre
1576 2746 1668 2781 ipsum
1691 2747 1750 2774 latt-
1777 2753 1779 2755 '

961 2793 1042 2821 dibtts
1057 2793 1180 2820 solitum.
1202 2792 1368 2820 Incendebat
1387 2794 1465 2821 istam
1481 2793 1639 2828 imperatori
1658 2794 1750 2827 suspi-

962 2841 1079 2872 cionem,
1089 2838 1159 2874 quod
1168 2838 1473 2867 audieratTheoJertnu
1484 2839 1571 2876 Cotyn
1582 2841 1748 2867 monachum

963 2885 1074 2913 crebros
1086 2889 1112 2913 ct
1124 2886 1218 2921 longos
1229 2887 1342 2914 semotis
1356 2886 1466 2914 arbitris
1479 2886 1596 2914 interdiu
1613 2892 1638 2913 ct
1654 2886 1686 2913 de
1698 2894 1748 2913 uo-
