1944 3067
241 169 292 200 9ἱ⁸1

862 170 1023 201 GEORGII
1043 171 1287 202 PACHYMERnE

1818 174 1863 204 9H

252 227 325 262 ἄλλῳ
345 226 385 262 τῷ
409 227 550 262 μαρτυρίῳ
574 227 590 262 ἢ
616 227 654 262 τῷ
683 226 832 262 κατορθοῦν
864 226 911 253 καὶ
932 227 984 253 ὑπὸ
995 226 1041 253 τοῦ
1056 230 1080 257 Α
1095 229 1198 262 συχνῶς
1216 229 1408 264 προσεδρεύειν
1424 228 1570 263 συνήθειαν
1592 228 1687 264 ᾐτιᾶτο
1709 229 1754 255 καὶ
1774 229 1801 256 τὸ
1825 220 1864 255 ἐπὶ

240 271 308 299 λαοὖ
319 272 489 306 δοξάζεσθαι.
501 271 554 299 Ἧι
578 272 606 299 δὲ
620 272 667 299 καὶ
681 272 711 299 τὸ
724 273 773 308 τὴν
792 272 909 307 ὑποψίαν
924 273 1035 298 ἐκκαῖω

241 320 256 344 ὸ
269 318 357 350 Κότυς
373 318 512 354 Θεόδωρος
527 318 642 353 μονσχδς
660 318 739 353 μόνος
753 318 826 353 μόνῳ
842 317 912 344 κατὰ
937 317 1034 353 σχολὴν

242 363 349 399 ἡμέρας
365 364 493 395 πολλάκις
505 365 554 391 καὶ
567 364 664 395 νυκτὸς
682 363 888 399 συγγινόμενος.
905 359 990 394 Οὗτος
1006 363 1034 390 δὲ

242 410 256 436 ὁ
273 410 360 441 Κότυς
375 407 409 445 ἦν
421 410 450 441 ὃς
465 409 497 445 δή
512 410 593 436 πάλαι
608 410 657 445 μὲν
667 410 752 436 τελῶν
765 410 794 436 ὲν
808 410 864 441 τοῖς
879 410 1033 441 κοσμικαῖς,

242 455 292 490 τὴν
307 455 377 482 κατὰ
393 456 489 482 τούτου
504 455 532 482 δὲ
550 456 596 481 τοῦ
616 455 675 482 τότε
705 455 824 489 μεγάλου
850 454 1032 480 κονοσταὺλου

244 503 341 538 πεῖραν
359 501 526 536 πυθόμενος,
553 501 590 533 ὡς
609 500 733 535 βασιλεὺς
753 499 902 535 ἐκτυφλοῦν
932 501 1034 526 ἐκεῖνον

243 548 379 580 ἐϐούλετο,
395 548 479 575 ἐλθὼν
494 547 691 582 προσαγγέλλει
708 547 779 574 κατὰ
794 545 885 580 φιλίαν
909 547 957 573 καὶ
985 546 1033 572 σὺν

243 594 338 628 ἐκείνῳ
360 593 406 620 ὲπὶ
436 593 567 628 Περσίδος
589 593 742 627 αὐτομολεῖ.
773 592 818 626 Τῷ
838 591 904 626 γοῦν
915 591 1034 626 κάκείνῳ

243 640 303 666 τότε
319 638 490 675 βασιλειῶντι
505 639 627 670 τοιαῦτα,
644 638 681 670 ὡς
704 637 792 674 οἶμαι,
812 638 912 672 λέγειν,
941 639 989 665 καὶ⁸
1009 639 1034 664 oi.

244 684 317 718 λόγοι
350 684 523 720 προῦὃαινον,
553 685 625 712 τοῦτ’
654 682 689 720 ἦν
712 684 742 711 τὸ
767 684 814 710 καὶ
831 684 881 720 τὴν
901 684 971 710 κατὰ
986 683 1033 710 τοῦ

251 728 374 756 Ἰωάννου
395 729 513 764 ὑποψίαν
534 729 717 764 βεδαιοῦν,ὼς
744 728 843 760 εἰδότος
857 729 961 756 ἐκείνου
987 729 1034 756 καλ⁵

245 772 285 799 ἔτι
302 773 393 801 πλέον.
408 774 522 809 Πέμψας
532 774 596 806 γοῦν
611 774 672 809 ἄγει
696 774 831 800 κάκεῖνον.
859 774 896 801 Τὸ
907 773 972 808 γοῦν
992 782 1034 800 κι-

245 818 374 853 νούμενον
385 819 530 854 προφανῶς
544 820 667 856 ἔγκλημα
683 818 715 855 ἧν
725 820 762 852 ὡς
772 821 973 856 κακηγορήσειε
988 819 1033 846 τὸν

246 865 510 900 πορφυρογέννητον,
526 867 573 892 καὶ
585 866 623 898 ὡς
638 866 730 901 ἐπειδὴ
745 865 871 901 βασιλεὺς
897 866 1033 901 προστάσ-

1094 274 1187 308 ρητοῖς
1201 274 1356 307 συμφωνεῖν
1366 273 1416 308 τὴν
1429 272 1478 299 τοῦ
1492 273 1626 308 σφετέρου
1655 273 1789 309 κτήματος
1804 277 1863 310 πρᾶ-

1089 326 1132 344 σιν
1158 317 1200 353 (τδ
1219 318 1242 345 δ’
1267 315 1302 354 ἦν
1328 319 1345 353 ἡ
1369 318 1472 353 Βρύσις
1499 318 1549 352 τῆς
1567 318 1682 353 Γραίας,
1709 319 1741 345 ἐκ
1753 319 1864 354 πατέρων

1087 363 1184 399 ἐκείνῳ
1201 363 1438 399 προσκληρωθὲν),
1458 363 1487 390 τὸ
1509 364 1537 390 δὲ
1558 365 1623 399 περὶ
1651 363 1771 399 διαδοχῆς
1796 365 1863 399 βασι-

1086 408 1161 440 λείας
1190 409 1290 436 είδέναι
1321 409 1378 435 ἴσον
1401 409 1485 436 ἐτίθει
1510 409 1637 444 καὶπερὶ
1661 409 1714 436 τῶν
1731 410 1864 436 ἀντιπόδων

1085 454 1308 490 διισχυρίζεσθαι.
1324 454 1366 481 Τὰ
1382 454 1410 480 δὲ
1423 454 1509 488 λέγων
1523 454 1574 480 οὐκ
1585 454 1703 481 ἔπειθεν.
1739 454 1864 481 Ἐσοὺλετο

1085 500 1107 527 δ’
1122 501 1234 535 ἔρευνᾷν
1244 500 1292 527 καὶ
1309 501 1344 527 τὰ
1359 500 1428 526 κατὰ
1442 500 1489 526 τὸν
1502 501 1595 536 ἰατρὸν
1610 500 1772 535 Περδίκκαν,
1789 501 1828 535 ἐφ’
1844 498 1863 534 ᾧ

1084 553 1110 572 τι
1124 545 1220 581 μαθεῖν
1233 545 1297 580 παρ’
1309 545 1414 572 ἐκείνου
1431 545 1485 573 τῶν
1502 545 1562 572 καθ’
1575 545 1695 580 ὑποψίαν
1713 545 1770 572 κατ’
1787 545 1863 573 Ἰωάν-

1085 600 1142 624 νου,
1157 591 1196 623 ὼς
1207 591 1272 626 παρ’
1286 592 1390 618 ἐκεῖνον
1402 591 1589 627 σχολάζοντος.
1617 591 1664 627 Τῷ
1678 601 1719 619 τοι
1738 592 1782 619 καὶ
1794 592 1864 618 αὐτὸν

1087 637 1136 672 μὲν
1164 637 1297 672 φυλακαῖς
1324 637 1422 670 ἐδίδου,
1452 637 1498 664 τδν
1527 637 1555 664 δὲ
1583 637 1675 664 Κότυν
1697 638 1753 669 τοῖς
1767 637 1863 669 Κελτοῖς

1085 683 1221 719 παραδοὺς
1234 683 1414 718 κρεμαννύειν
1432 683 1478 710 καὶ
1502 683 1610 715 ὲτάζειν
1635 683 1770 710 ἐκέλευεν.
1797 683 1825 711 '0
1846 683 1864 709 δ’

1084 729 1134 756 οὐκ
1159 729 1227 766 ἔφθη
1254 729 1352 762 δεθεὶς,
1381 730 1427 756 καὶ
1453 729 1491 765 τῷ
1510 729 1586 765 φόϐῳ
1612 729 1864 765 διαπεφώνηκε,καὶ

1085 775 1183 811 φόρτος
1197 776 1313 807 ὲλεεινδς
1339 776 1435 811 ἀρθεὶς
1462 776 1568 803 πολλῶν
1599 776 1753 812 βλεπόντων
1784 777 1814 810 τῇ
1835 777 1863 810 γῇ

1085 821 1253 857 παρεδίδοτο.
1275 821 1400 856 Ἰωάννην
1414 821 1502 848 δὲκαὶ
1520 821 1607 853 οὕτως
1631 822 1757 856 ἀφαιρῶν
1779 822 1863 856 ὴτίμου

1084 868 1134 904 τὴν
1146 868 1192 895 ἐπὶ
1208 868 1258 902 τῆς
1275 867 1394 902 κεφαλῆς
1422 867 1582 902 καλύπτραν
1609 869 1770 904 μεγιστᾶσιν
1795 866 1865 894 οὖσαν

247 919 302 937 σων
316 911 419 938 ἐκεῖνον
433 911 479 938 ἐπὶ
490 911 597 947 Πέρσας
617 912 745 948 ὲφώρμα,
757 914 771 940 ό
786 912 815 939 δὲ
839 912 1035 948 κατειρωνευό-
1051 906 1072 934 Β
1086 913 1174 946 ἀξίαν,
1191 913 1254 940 καθ’
1268 913 1302 948 ἢν
1316 913 1398 948 ἐτίμα
1412 913 1443 939 τὸ
1461 913 1604 948 πρότερον.
1637 911 1703 940 Εἶτα
1717 914 1746 941 δέ
1772 921 1802 947 γε
1826 913 1865 939 καὶ

248 965 328 991 μενος
338 957 392 984 τῶν
409 957 616 993 ἐπεσταλμένων
630 957 745 991 λέξειεν,
762 958 800 990 ὡς
829 957 945 984 Ἐλθὲτω
969 965 1036 992 πορ-

246 1004 444 1039 φυρογέννητος
455 1003 618 1036 ἀποσταλεὶς
629 1004 671 1038 ἐφ’
685 1001 708 1038 ᾦ
723 1003 892 1039 κατορθώσει
905 1003 937 1030 τὸ
952 1012 1036 1038 προσ-

245 1052 418 1086 τιττόμενον.
433 1051 469 1078 Τὸ
484 1051 549 1086 γοῦν
565 1051 702 1088 προῦπτον
715 1051 787 1078 τοῦτ’
803 1049 847 1086 ἦν,
864 1051 878 1078 δ
900 1051 927 1078 δὲ
940 1052 1036 1083 νυκτὸς

247 1096 348 1131 ἐζήτει,
367 1097 464 1130 ἐκεῖνο,
479 1098 512 1132 τῇ
531 1097 632 1133 ὑποψίᾳ
646 1097 901 1133 συνταραττόμενος.
931 1097 1036 1124 Κάπει-

246 1141 279 1176 δὴ
295 1141 343 1168 οὐχ
355 1139 388 1177 ἦν
400 1142 562 1176 δείκνυσθαι,
574 1144 619 1170 τὸν
643 1143 740 1176 Κότυν,
767 1144 791 1170 εί
816 1143 854 1178 μὴ
881 1143 1035 1178 ὁμολογοίη,

248 1186 292 1223 ιιι.
308 1187 371 1224 552]
388 1188 461 1215 δεινὰ
477 1188 583 1223 ἠπείλει
593 1190 689 1222 ποιεῖν,
704 1189 751 1216 καὶ
767 1189 815 1225 τὴν
832 1189 931 1225 συχνὴν
939 1198 1037 1225 προσε-

248 1233 326 1269 δρίαν
355 1234 385 1266 te
416 1235 457 1262 ὅτι
481 1235 600 1271 μάλιστα
632 1235 796 1271 ἀνακρίνων.
817 1236 847 1263 '0
867 1236 897 1263 δὲ
920 1236 966 1263 τοῦ
986 1235 1037 1271 μὲν

249 1327 293 1350 cte
307 1330 370 1351 eum
384 1322 489 1351 Joanne
501 1330 643 1352 sermones
658 1323 798 1351 habuisse.
812 1322 862 1351 Hic
874 1323 957 1360 Cotys
972 1329 1036 1352 ante

250 1369 429 1397 monasticam
455 1369 665 1405 professionem,
691 1370 832 1398 saecularis
854 1369 955 1401 adhuc,
970 1369 1035 1397 olint

251 1413 315 1440 huic
336 1414 386 1449 ipsi
399 1422 473 1442 nunc
493 1414 652 1449 imperanti,
670 1419 735 1442 tunc
749 1423 849 1450 magno
861 1415 1036 1447 conoslaulo,

249 1459 395 1487 Consilium
427 1460 604 1496 imperatoris
632 1468 772 1488 excaecare
799 1463 887 1496 Ipsum
914 1461 1037 1495 parantis

249 1505 337 1533 amice
357 1505 536 1538 indicaverat,
560 1511 712 1541 auctorque
725 1505 815 1533 fuerat
834 1510 864 1533 ut
886 1506 990 1541 fugeret
1009 1506 1036 1533 in

251 1549 403 1584 Persidem,
417 1558 471 1585 quo
485 1556 512 1579 et
526 1551 614 1587 ipsum
633 1557 692 1580 erat
708 1551 864 1580 coluitatus.
887 1552 956 1585 Quia
973 1559 1037 1579 vero
1051 1570 1074 1602 ο

251 1596 304 1624 sibi
334 1602 399 1625 tunc
427 1597 572 1632 imperium
605 1598 712 1633 optanti
743 1597 814 1626 forte
841 1598 1038 1625 recordabatur

250 1644 408 1680 praedictam
427 1644 462 1672 ab
486 1651 530 1678 eo,
553 1652 603 1672 nec
620 1644 701 1675 falso.
725 1649 754 1671 ut
775 1648 874 1672 eventa
899 1647 1037 1671 monstra-

252 1694 327 1722 runt.
353 1689 512 1718 felicitatem
539 1690 633 1724 istam,
655 1690 708 1717 tale
724 1690 814 1725 ipsum
830 1697 942 1725 quoque
960 1690 1039 1725 quid-

253 1737 327 1771 piam
343 1740 476 1764 tractasse
490 1743 551 1763 cum
568 1735 675 1764 Joanne
700 1741 727 1763 et
745 1736 798 1764 hoc
817 1743 981 1763 arcanarum
1001 1736 1040 1762 in-

253 1789 294 1810 ter
319 1790 368 1811 eos
390 1788 581 1819 argumentum
601 1783 688 1812 fuisse
711 1784 922 1812 Collocutionum
947 1783 1041 1818 opina-

254 1831 346 1858 batur.
371 1831 444 1866 Ergo
463 1835 490 1858 et
514 1830 599 1866 Cotyn
623 1831 819 1866 comprehendi
849 1831 965 1866 sistique
988 1830 1038 1858 sibi

254 1876 376 1904 mandat.
399 1876 429 1903 in
447 1875 580 1904 Joannem
597 1884 680 1912 porro
694 1877 766 1911 quod
785 1877 894 1912 publice
913 1877 1039 1912 iactaba-

253 1926 297 1949 t'Ir
313 1922 417 1950 crimen
435 1926 495 1949 erat
516 1922 586 1949 male
607 1923 684 1950 illum
701 1923 784 1959 486
797 1923 831 1951 de
850 1923 1039 1959 Porphyroge-

253 1967 311 1993 nilo
324 1966 457 1994 locutum.
478 1966 615 1994 Ferebant
633 1968 718 2000 enim,
739 1976 800 1995 cttm
815 1968 849 1996 ab
872 1969 1040 2003 imperatore

254 2012 414 2040 mandatum
441 2011 539 2040 luisset
563 2012 660 2040 Joanni
688 2013 821 2048 perlatum
847 2013 948 2041 bellum
973 2012 1042 2040 infe-

254 2059 331 2087 rendi
350 2059 457 2090 Persis.
479 2059 583 2087 dixisse
603 2060 678 2086 illum
700 2067 754 2087 non
772 2059 832 2088 sine
850 2059 954 2087 ironico
977 2067 1041 2087 acu-

253 2104 296 2132 leo
311 2115 318 2133 ε
335 2114 344 2130 ι
359 2103 456 2132 Veniat
474 2104 559 2139 patris
582 2105 666 2132 missu
683 2104 951 2141 Porphyrogenitus,
978 2113 1042 2141 pro-

254 2159 336 2187 spere
355 2153 461 2180 scilicet
485 2158 666 2181 exsecuturus
682 2149 814 2188 quidquid
838 2153 1007 2189 injungetur.
1028 2162 1038 2179 ι

253 2198 292 2227 Ac
310 2198 344 2225 de
358 2198 411 2226 hoc
429 2199 538 2234 quidem
559 2199 620 2226 luce
635 2199 725 2234 palam
745 2199 868 2227 Joannes
887 2200 1038 2234 interroga-

1087 958 1124 994 τῷ
1145 957 1386 994 παρακοιμωμένῳ
1415 957 1547 992 βασιλικῷ
1574 957 1742 992 ἐγχειρίσας,
1769 957 1865 992 προνοίᾳ

1086 1003 1134 1030 τοῦ
1143 1003 1235 1030 λαθεῖν
1248 1004 1351 1030 ἐκεῖνον
1366 1003 1492 1038 παντοίᾳ,
1507 1003 1546 1034 είς
1569 1002 1723 1038 Δαματρύα
1754 1002 1866 1037 ἐξεληλα-

1087 1049 1154 1076 κότα
1167 1048 1316 1083 ἐκτυφλοῦν
1327 1048 1442 1081 κελεύει,
1458 1048 1543 1076 πολλὰ
1557 1049 1692 1084 πρότερον
1704 1048 1750 1074 τοῦ
1771 1047 1864 1083 Μιχαὴλ

1087 1095 1216 1122 δεσπότου
1231 1095 1277 1121 καὶ
1290 1094 1455 1128 αὖταδέλφου
1468 1094 1654 1126 λιτανεύοντος
1669 1094 1717 1129 μὲν
1725 1094 1863 1123 δέσποιναν,

1086 1139 1271 1171 λιτανεύοντος
1297 1140 1326 1166 δὲ
1353 1141 1526 1175 πατριάρχας
1546 1148 1575 1166 τε
1608 1141 1657 1166 καὶ
1681 1136 1722 1171 οἷς
1742 1140 1756 1166 ὁ
1771 1138 1864 1174 κρατῶν

1088 1187 1301 1221 ὲπληροφορεῖτο
1330 1187 1526 1221 πνευματικοῖς
1553 1185 1695 1222 ἀνδράσιν,
1722 1185 1763 1220 ἐφ’
1789 1182 1810 1218 ᾧ
1825 1184 1864 1218 τὴν

1088 1232 1184 1268 ποινὴν
1196 1232 1328 1267 ἀργῆσαι.
1342 1231 1414 1259 ’Δλλ’
1428 1231 1478 1258 οὐκ
1493 1231 1603 1259 επιιθον
1617 1230 1808 1263 λιτανεύοντες.
1827 1229 1862 1261 Ὧς

1090 1328 1228 1359 negotium
1257 1332 1265 1351 :
1292 1327 1438 1351 tractatam
1467 1324 1539 1351 enim
1567 1324 1642 1351 inter
1676 1324 1768 1351 ambos
1791 1322 1862 1350 fuisse

1088 1370 1279 1398 venditionem
1296 1371 1368 1405 agri,
1379 1371 1426 1404 qui
1446 1370 1524 1406 Cotyi
1542 1370 1709 1398 haereditate
1727 1378 1742 1398 ιι
1758 1369 1861 1404 parenti-

1089 1416 1140 1443 bus
1157 1415 1308 1443 obvenerat
1330 1419 1358 1443 et
1376 1416 1449 1443 Fons
1473 1416 1571 1443 vetula;
1589 1417 1748 1443 vocabatur.
1763 1416 1795 1441 Dc
1810 1421 1861 1441 suco

1089 1462 1217 1490 cessione
1244 1466 1335 1489 autem
1365 1462 1393 1489 in
1426 1462 1593 1497 imperium,
1619 1459 1857 1489 asseverantissime

1089 1507 1243 1536 allirmabat
1271 1507 1345 1536 haud
1371 1508 1458 1543 magis
1479 1508 1642 1536 meminisse
1676 1512 1722 1535 aut
1745 1506 1809 1534 scire
1836 1512 1859 1531 se

1091 1554 1239 1589 quidquam
1255 1559 1310 1582 tum
1324 1554 1367 1582 vel
1389 1555 1477 1590 prima
1497 1554 1639 1582 mentione
1664 1558 1774 1586 motum,
1793 1557 1858 1587 quam

1091 1601 1125 1628 de
1141 1601 1223 1628 rebus
1239 1600 1421 1636 Antipodum.
1442 1599 1491 1628 llis
1507 1600 1659 1635 imperator
1674 1599 1745 1626 haud
1761 1604 1858 1633 perstu-

1089 1655 1137 1676 sus
1162 1647 1306 1682 explorare
1330 1652 1462 1681 prteterea
1490 1647 1576 1674 voluit
1605 1647 1740 1674 medicum
1764 1643 1858 1672 Perdic-

1090 1700 1162 1727 cam,
1188 1699 1353 1728 experturus
1381 1693 1482 1726 ecquid
1513 1693 1547 1721 ab
1568 1701 1614 1725 eo,
1632 1701 1713 1728 quem
1738 1699 1762 1720 et
1788 1692 1858 1726 ipsum

1090 1744 1231 1768 constaret
1247 1740 1293 1766 diu
1315 1741 1386 1774 apud
1403 1738 1538 1766 Joannem
1559 1744 1771 1771 commoratum,
1783 1739 1859 1772 posset

1090 1785 1231 1826 gxpiscari
1251 1792 1304 1820 quo
1316 1786 1506 1813 adstrueretur
1521 1791 1657 1821 concepta
1675 1785 1799 1820 suspicio.
1816 1781 1858 1816 Igi-

1073 1831 1075 1834 ⁴
1091 1836 1137 1858 tur
1155 1835 1182 1860 et
1197 1831 1270 1859 hunc
1293 1831 1363 1858 tradi
1379 1831 1511 1859 custodite
1530 1832 1672 1866 praecepit.
1689 1830 1772 1865 Cotyn
1785 1832 1859 1862 auten)

1091 1877 1178 1905 Celtis
1199 1877 1313 1904 tradidit
1331 1877 1556 1910 suspendendum
1578 1881 1607 1904 et
1631 1876 1698 1904 diris
1718 1873 1860 1909 adigendun

1093 1923 1265 1952 cruciatibus
1290 1923 1324 1950 ad
1344 1923 1485 1957 prodenda
1502 1931 1563 1958 quae
1577 1924 1693 1950 celaret.
1709 1922 1743 1950 At
1758 1920 1800 1948 ille
1811 1925 1860 1946 cum

1091 1970 1226 2005 ligaretur
1239 1969 1272 1996 ad
1289 1970 1481 2004 suspendium,
1496 1969 1673 1997 exanimatus
1695 1973 1764 1995 metu
1784 1964 1861 1992 conci-

1093 2016 1151 2049 dit;
1179 2021 1206 2043 et
1225 2015 1333 2051 pondus
1361 2015 1520 2043 miserabile
1541 2015 1670 2043 sublatus
1689 2013 1767 2049 487
1783 2009 1861 2038 mullis

1094 2062 1275 2090 cernentibus
1287 2067 1366 2089 terrze
1383 2062 1529 2089 mandatus
1544 2065 1597 2089 est.
1612 2061 1667 2088 Nec
1679 2066 1767 2088 tamen
1778 2055 1860 2085 Joanni

1092 2108 1197 2144 profuit
1218 2108 1364 2143 desperata
1385 2108 1450 2135 inde
1471 2107 1621 2135 convictio.
1638 2106 1696 2134 Jam
1711 2111 1773 2133 tunc
1789 2102 1860 2130 enim.

1093 2155 1126 2182 ad
1152 2154 1288 2190 quoddam
1317 2153 1527 2190 pratjudiciutn,
1553 2154 1751 2180 dz-honvstatus
1782 2152 1803 2176 is
1828 2151 1861 2174 est

1095 2203 1187 2230 ablato
1201 2202 1302 2237 capitis
1317 2202 1449 2238 tegmine,
1463 2201 1537 2236 quod
1553 2201 1662 2236 insigne
1682 2198 1815 2234 przecipua:
1828 2193 1861 2221 di-

254 2244 346 2272 batur.
365 2243 425 2271 Alia
441 2243 639 2272 insumebatur
654 2244 688 2272 de
709 2245 805 2282 eodem
821 2249 953 2272 nocturna
967 2251 1038 2278 quas-

1096 2249 1209 2285 gnitatis
1241 2249 1309 2276 viris
1336 2248 1521 2276 summatibus
1547 2247 1662 2274 concedi
1688 2244 1794 2273 solitutn
1820 2238 1860 2273 ittSi

256 2291 321 2324 stic,
335 2297 389 2325 qua
404 2290 594 2318 curiusissime
614 2291 795 2327 indagabatur
809 2290 908 2326 ecquid
927 2290 1041 2318 extundi

255 2336 422 2380 etptjectura:
440 2341 544 2372 posset,
560 2345 621 2372 qua;
637 2337 823 2373 Suspicionem
843 2337 961 2364 maxime
978 2342 1042 2364 tunc

256 2383 454 2418 inquietantem
478 2384 611 2418 principis
632 2384 754 2410 animum
781 2383 875 2410 ambiti
903 2390 917 2410 a
937 2383 1043 2410 Joanne

257 2431 364 2466 imperii
377 2431 532 2459 roboraret.
547 2431 616 2464 Quia
637 2438 704 2458 vero
723 2431 850 2458 convinci
872 2429 944 2458 haud
962 2430 1043 2457 aliter

255 2477 316 2513 ejus
338 2477 461 2505 criminis
476 2471 596 2506 Joannes
613 2485 692 2512 quam
711 2477 795 2512 Cotys
818 2476 976 2504 testimonio
994 2483 1043 2511 po-

258 2529 340 2558 terat,
364 2525 438 2552 hunc
459 2525 610 2560 imperator
629 2523 759 2558 gravibus
777 2523 891 2559 urgebat
907 2523 989 2550 minis
1009 2523 1042 2550 ad

257 2570 398 2599 latendum
414 2569 487 2605 quod
502 2578 546 2598 res
568 2574 639 2602 erat.
656 2570 844 2605 subjecturum
864 2577 905 2604 se,
924 2570 951 2597 ni
968 2569 1044 2597 iace-

257 2622 310 2650 ret,
326 2617 471 2645 acerrimis
491 2623 553 2644 eum
572 2616 716 2644 tormentis
733 2616 911 2648 denuntians,
929 2621 957 2643 et
982 2617 1045 2644 nul-

260 2663 317 2690 lum
348 2663 427 2690 linem
451 2661 556 2689 faciens
584 2662 785 2689 instantissime
813 2661 952 2697 quaerendi
979 2661 1044 2696 quid

261 2711 370 2738 tandem
389 2708 482 2743 longis
507 2707 562 2735 illis
587 2707 763 2742 asaiduisque
777 2715 838 2734 cum
855 2706 962 2734 Joanne
986 2714 1045 2734 ser-

242 2770 245 2771 ν
260 2755 390 2782 monibus
405 2754 518 2790 egisset.
534 2753 574 2781 Ad
591 2761 621 2781 ea
635 2753 731 2789 Cotys,
745 2752 816 2786 quod
831 2751 960 2780 assiduus
971 2751 1045 2786 apud

259 2801 393 2830 Joannem
407 2800 506 2828 [uisset
517 2799 642 2835 quodque
656 2799 744 2834 ipsum
762 2799 922 2834 frequenter
940 2797 1047 2826 allocu-

261 2852 315 2878 tus,
333 2853 443 2873 causam
461 2846 545 2874 fuisse
562 2846 669 2873 dicebat
685 2845 813 2872 coalitam
828 2844 900 2873 inter
920 2845 996 2880 ipsos
1013 2852 1046 2872 ex

263 2891 382 2919 amicitia
419 2891 646 2919 familiaritatem.
678 2891 859 2920 lntervenisse
894 2891 1047 2923 quinetiam

1094 2296 1172 2331 prius
1184 2296 1319 2323 tribuerat
1337 2295 1498 2330 imperator.
1517 2293 1568 2327 Qui
1585 2299 1612 2321 et
1630 2292 1720 2321 statim
1733 2289 1793 2317 inde
1805 2294 1862 2322 pra-

1093 2342 1166 2369 fecto
1182 2341 1296 2376 Augusti
1318 2340 1439 2368 cubiculi
1455 2339 1587 2367 Joannem
1611 2340 1734 2366 eumdem
1762 2332 1861 2362 tradidil

1094 2387 1287 2415 abducendum
1307 2387 1451 2422 Damatrya
1470 2382 1562 2420 ibiflue
1582 2383 1777 2414 cxrzecaudum,
1798 2386 1862 2406 com-

1095 2433 1223 2461 mendato
1241 2433 1316 2466 prius
1337 2437 1368 2460 ut
1387 2433 1460 2467 quod
1477 2431 1534 2458 illic
1555 2431 1678 2458 fat-turus
1696 2433 1774 2459 esset,
1789 2430 1860 2459 quam

1095 2479 1255 2506 cautissime
1275 2481 1332 2505 toto
1349 2477 1448 2505 itinere
1464 2477 1662 2505 dissimulat-et.
1685 2475 1711 2502 Id
1729 2475 1858 2506 antequam

1095 2524 1264 2552 exsecutioni
1287 2524 1473 2556 mandaretur.
1505 2523 1621 2550 Michael
1641 2522 1746 2556 despota
1767 2518 1859 2545 instan-

1095 2570 1200 2597 tissime
1217 2569 1306 2597 omvit
1333 2574 1362 2595 ut
1379 2569 1460 2596 fratri
1483 2573 1537 2595 tam
1560 2569 1612 2595 diri
1640 2565 1761 2602 supplicii
1783 2560 1856 2597 grai“

1097 2617 1183 2644 lit-ret.
1199 2616 1319 2643 Autbivit
1336 2615 1369 2643 ad
1387 2616 1437 2643 hoc
1450 2616 1577 2649 precibus
1595 2615 1694 2642 inlimis
1713 2614 1856 2645 Augustam.

1096 2662 1211 2691 ambivit
1234 2662 1404 2697 patriarchas
1420 2668 1539 2689 veterem
1565 2666 1591 2688 et
1616 2666 1722 2690 novum,
1744 2663 1772 2683 ac
1787 2658 1857 2701 quos:

1096 2716 1204 2743 cunque
1228 2695 1379 2742 intelligere
1395 2707 1484 2742 potuit
1501 2707 1571 2742 apud
1604 2706 1747 2741 principem
1768 2695 1854 2732 aliquid

1098 2755 1126 2783 in
1146 2754 1337 2790 persuadendo
1360 2753 1461 2786 valere,
1477 2754 1634 2782 sanctitatis
1656 2750 1776 2786 opinione
1793 2751 1856 2772 cunt-

1099 2801 1243 2828 nteudatos
1259 2801 1345 2828 viros.
1361 2798 1418 2827 Nec
1434 2799 1471 2827 illi
1489 2804 1537 2827 aut
1551 2800 1731 2827 detrectarunt
1745 2791 1856 2822 ollicium.

1099 2851 1146 2873 aut
1165 2854 1197 2873 eo
1209 2845 1329 2880 segniter
1349 2845 1434 2873 iuncti
1451 2851 1526 2873 sunt.
1549 2846 1679 2873 Cmterum
1707 2843 1856 2876 quantocun-

1100 2901 1152 2924 uue
1174 2897 1285 2925 agerent
1300 2892 1401 2924 studio,
1424 2892 1493 2919 nihil
1509 2892 1586 2927 plant:
1607 2890 1786 2925 impetrarunt.
1799 2883 1855 2910 Cum
