1944 3067
105 164 161 195 ίΙζΩ

583 167 630 196 DE
651 168 848 197 MICHAELE
872 169 1104 199 PALEOLOGO
1125 171 1199 201 LIB.
1221 171 1260 201 Vl

1686 170 1739 201 9.50

102 221 126 247 δ’
139 221 156 256 ἡ
171 223 208 257 γῆ
226 223 400 258 μεσημϐρίας
412 224 514 251 ἐσείετο
527 224 585 258 μεθ’
603 224 722 260 ἡμέραν,
744 224 758 250 ὁ
785 225 898 257 Περδίκ-
913 229 934 256 Α
951 226 1004 261 ἄρα
1020 226 1191 261 ἡὸμωνυμία
1204 226 1234 252 τὸ
1255 225 1397 260 μάντευμα
1408 232 1415 239 ·
1442 224 1544 255 ἐκεῖνος
1566 223 1614 259 μὲν
1631 223 1685 259 γὰρ
1710 227 1739 249 τὴ

103 276 166 299 γας,
182 268 222 294 ὅτι
241 269 320 304 μόνον
333 269 363 295 οὐ
375 271 404 296 τὸ
418 270 466 305 τὴν
484 270 538 305 γῆν
558 271 689 303 σείεσθαι,
718 270 784 297 ἀλλὰ
814 271 845 297 τὸ
859 271 895 306 μὴ

103 314 286 340 καταπίπτειν
313 315 428 346 ἐκείνοις
452 315 483 341 τὺ
512 315 575 349 ὄρος
596 316 707 343 τοιαῦτα
731 316 896 350 πράττουσιν

103 358 181 391 ξὶεγε
202 360 357 393 τεθηπὲναι,
379 361 475 395 ποινὴν
497 361 598 397 ὑπέσχε
623 362 670 396 τὴν
695 363 813 398 ἐκτομὴν
848 363 896 398 τῆς

105 404 189 436 ῥινός.
209 405 263 430 Καὶ
282 405 360 436 ἄλλος
377 405 416 431 ὅτι
435 406 514 440 μόνον
539 408 639 433 οἰκεῖον
656 407 752 442 ἐκείνῳ
770 407 850 434 παῖδα
865 409 895 434 ἐκ

106 449 225 480 παλαιᾶς
242 451 386 485 συνηθείας
398 450 460 477 ἰδὼν
479 452 512 478 τὰ
534 453 628 485 φιλικὰ
666 450 895 486 προσπτύσσετο,

105 495 224 528 σχισμὰς
241 495 295 521 τῶν
310 496 442 530 ῥωθώνων
470 497 524 523 τῶν
539 497 670 523 παιδικῶν
685 498 820 524 ἀπώνατο.
853 498 896 533 Τῷ

105 540 134 565 δὲ
147 541 194 567 τοῦ
208 543 354 576 Παχωμίου
366 543 492 577 Γεωργίῳ
506 546 699 578 γραμματιστῇ
727 553 758 577 γε
773 545 828 571 δντι
850 547 896 572 καὶ

105 585 252 620 ἐλλογίμω,
266 588 359 622 ἐπειδὴ
371 588 408 620 τῷ
421 588 653 623 Στρατηγοττού).ῳ
674 590 782 624 Μιχαὴλ
812 590 897 616 συνὼν

106 631 177 657 κατὰ
193 631 241 666 τὴν
258 633 357 660 Πόντου
382 634 544 667 Ἡράκλειαν
556 635 652 668 ὡμίλει
668 635 712 660 διὰ
729 635 777 669 τὴν
799 635 895 670 ἡμερι-

105 677 155 709 νὴν
176 677 244 711 πρὸς
271 678 346 704 τᾶλλ’
376 679 502 714 ἀσχολίαν
520 680 614 710 νυκτὸς
637 680 670 705 τὰ
699 680 820 710 πλεῖστα,
851 680 898 706 καὶ

107 723 352 757 προσηγγέλλοντο,
377 725 480 750 ἐκεῖνον
497 723 545 759 μὲν
558 725 605 758 τῆς
629 726 793 760 στρατηγίας
807 734 896 760 παρα-

105 767 192 799 λύσας
219 768 330 802 ἀγαγὼν
362 768 467 803 ἔκρινεν
486 770 523 800 ὡς
547 770 725 804 βασιλειῶντα
736 791 743 801 ,
760 771 797 805 τῷ
811 771 898 807 δὲτὴν

105 812 155 838 τοῦ
171 813 261 847 λέγειν
276 815 339 848 περὶ
352 814 454 840 τούτων
466 815 494 840 ἐκ
510 814 608 849 βίϐλων
624 815 704 849 δῆθεν
720 815 808 841 εἰδότα
824 815 899 849 βασι-

105 857 186 885 λειῶν
199 858 288 893 δεινὴν
308 859 423 894 ὑποψίαν
438 860 551 893 ἀνῆπτε.
577 860 706 895 ’Κὰπειδὴ
733 860 898 895 προθέμενος

950 272 1083 306 μόρσιμον
1110 271 1218 305 φεύγων
1248 270 1392 304 ὲξετύφλου
1423 270 1590 304 τὺνῖᾶνδρα,
1617 270 1647 296 τὺ
1661 269 1690 296 δέ.
1707 277 1738 303 γε

949 318 1021 344 κατὰ
1050 318 1220 344 Μακεδονίαν
1247 316 1294 343 τοῦ
1322 315 1471 351 Παχωμίου
1491 315 1589 350 χωρίον
1605 315 1666 342 ὅσον
1689 315 1739 348 ήδη

948 363 1050 388 ἐκεῖνον
1064 363 1197 396 ἀνειμένον
1209 362 1257 393 τὰς
1273 362 1320 387 ἐπὶ
1331 361 1369 396 τῷ
1381 361 1488 396 θανάτῳ
1517 359 1682 394 εὐπρέπιζεν
1701 360 1741 385 οἱ-

949 408 1054 442 μωγάς.
1071 408 1202 439 Κάκεῖνος
1228 407 1277 441 μὲν
1292 406 1390 440 τυφλὸς
1408 406 1501 438 ἀλᾶτο,
1524 405 1609 431 πάτον
1635 404 1739 439 ἀνθρώ-

948 462 1006 479 πων
1023 454 1072 480 οὐκ
1091 453 1228 485 ἀλεείνων,
1247 452 1313 479 ἀλλὰ
1327 452 1438 488 πληρῶν
1451 452 1626 486 θαυμασμοῡ,
1646 451 1670 477 εί
1688 450 1737 484 μέ-

948 507 992 533 χρι
1013 500 1059 525 καὶ
1087 499 1116 530 ἐς
1140 498 1275 530 τοιούτους
1303 499 1402 533 ἄνδρας
1425 497 1516 533 χώραν
1531 497 1608 532 ἔσχον
1622 496 1650 522 αἱ
1674 496 1738 531 περὶ

948 544 997 578 τῆς
1009 543 1145 578 βασιλείας
1161 543 1273 577 ὑποψίαι
1289 551 1295 558 ·
1312 544 1326 570 ὁ
1353 543 1392 575 δὲ,
1411 544 1460 574 τὰς
1488 542 1591 576 τυφλὰς
1613 541 1740 570 ὲλπίδαςι

948 587 1015 623 ᾤετο
1032 588 1080 622 μὲν
1097 587 1283 622 δραπετεύειν,
1296 587 1327 614 οὐ
1347 588 1400 622 μὴν
1422 587 1450 614 δὲ
1466 587 1512 613 καὶ
1532 586 1604 612 κατὰ
1619 587 1648 612 τὺ
1674 586 1738 618 ἁλη-

949 634 993 664 οὲς
1005 633 1195 668 ὲδραπὲτευεν.
1216 633 1356 660 Ἐντεῦθεν
1372 633 1439 667 ὀργὴ
1459 633 1529 659 κατὰ
1550 632 1673 666 μοναχῶν
1688 631 1737 664 οὐχ

948 678 988 705 ὅτι
1003 679 1052 712 τῆς
1068 678 1229 713 Ἐκκλησίας
1255 678 1464 709 ἀποστατοῦσιν,
1485 678 1542 704 ἀλλ’
1565 678 1606 703 ὃτι
1628 677 1737 712 ἡμέρας

949 724 1109 759 ἀριθμοῦσιν
1141 724 1222 750 αὑτοῦ
1249 724 1296 750 καὶ
1323 725 1435 759 χρόνους
1464 723 1674 758 περιορίζουσιν,
1700 722 1737 752 ὡς

950 770 1119 802 ἀνασείοντες
1145 770 1198 797 τῶν
1225 770 1317 797 κακῶν
1343 769 1478 798 ἐντεῦθεν.
1505 769 1560 796 Καὶ
1588 769 1673 794 δειναὶ
1689 768 1737 802 μὲν

949 812 1019 849 ἦσαν
1035 815 1062 840 αί
1078 814 1139 841 κατ’
1157 814 1269 841 ἐκείνων
1282 814 1392 841 ἀπειλαὶ
1406 814 1435 847 εξ
1463 814 1548 848 ὀργῆς
1568 813 1741 848 ἀνημμέναι,

949 860 1024 894 ὅμως
1038 860 1060 886 δ’
1080 859 1234 895 ἁνηρτῶντο
1251 859 1366 894 προνοίᾳ
1378 859 1423 886 τοῦ
1443 860 1480 894 μὴ
1494 859 1582 886 δοκεῖν
1613 858 1745 890 κολάζειν

107 904 259 938 ἐκτυφλοῦν
278 906 379 931 ἐκεῖνον
396 906 454 936 ταῖς
470 906 518 940 τῆς
533 906 675 940 δεσποίνης
688 906 835 937 δυσωπίαις
852 905 896 941 (ἦν
913 903 933 931 Β
948 906 1063 939 ἀλόγως,
1082 906 1106 932 ει
1123 907 1170 932 καὶ
1184 905 1282 940 μικρὸν
1296 905 1357 931 ὅσον
1369 905 1415 931 καὶ
1431 905 1609 932 Γαλακτίωνα
1624 905 1673 938 μὲν
1683 904 1738 931 τῶν

107 950 163 984 γὰρ
176 950 326 984 αὑτανεψία
341 951 458 981 ἐκείνου)
473 952 518 977 καὶ
535 951 608 986 παρὰ
622 950 735 986 γνώμην
764 951 902 986 ἁνεχαιτί-

107 993 181 1026 ζετο,
198 995 295 1030 ἐκείνῳ
309 995 357 1029 μὲν
374 997 420 1022 καὶ
444 995 484 1022 ἔτι
510 996 558 1029 τὴν
586 997 680 1029 ποινὴν
701 996 818 1030 ἀνήρτα,
844 997 900 1023 Πα-

107 1040 205 1075 χωμίῳ
218 1040 246 1066 δὲ
261 1040 290 1066 τὸ
302 1041 356 1067 πᾶν
368 1041 417 1074 τῆς
431 1041 515 1075 ὀργῆς
533 1042 682 1076 προσῆπτε.
699 1041 735 1068 Τὸ
747 1042 802 1077 γὰρ
816 1033 902 1077 ﬁta-otto.

108 1084 222 1119 φρικτὸν
237 1084 268 1111 ὂν
285 1084 393 1111 ἀκούειν
409 1084 450 1121 [Ρ.
468 1084 533 1120 553]
545 1085 592 1111 καὶ
604 1085 683 1119 μόνον
704 1084 736 1110 ἔκ
750 1093 830 1111 τινων
844 1093 902 1118 φοι-

109 1131 258 1166 ϐασμάτων
273 1131 394 1157 ἐκποδὼν
411 1131 496 1157 ποιεῖν
510 1131 555 1157 τὸν
572 1131 669 1166 ἔχοντα
683 1131 901 1166 παρεσκεύαζεν,

108 1176 147 1207 ὥς
163 1177 190 1203 τί
202 1177 227 1203 οἱ
244 1178 328 1204 κακὸν
341 1177 412 1204 κατὰ
429 1179 526 1213 μοῖραν
549 1177 687 1212 περιέχον.
721 1177 863 1213 Ἐξέκρουε
880 1177 902 1203 δ’

110 1271 204 1294 autem
222 1268 294 1294 inter
307 1267 364 1294 haec
379 1266 544 1301 centigisset
558 1273 570 1290 a
590 1265 741 1292 meridiana
756 1268 834 1298 parte
852 1271 901 1297 per

111 1312 185 1340 diem
204 1312 306 1340 moveri
320 1316 435 1343 terram,
447 1310 592 1338 Perdiccas
605 1310 711 1338 dixisse
725 1310 833 1337 delatus
846 1317 900 1336 non

112 1366 143 1386 se
164 1357 260 1385 mirari
280 1363 382 1385 terram
396 1357 519 1388 e0ncuti,
541 1357 587 1384 sed
608 1364 661 1383 non
684 1363 766 1383 ruere
780 1356 902 1383 vicinum

113 1408 235 1432 montem
263 1410 345 1438 supra
371 1402 434 1430 talia
461 1408 585 1437 agentes.
614 1409 725 1436 pcenam
752 1401 819 1429 dicti
840 1400 904 1428 tulit

113 1448 317 1475 tnmeationent
340 1449 412 1475 nasi.
437 1447 471 1474 At
490 1448 559 1474 alius
580 1448 626 1482 qui
646 1448 829 1482 propinquum
851 1446 902 1474 hu-

110 1495 158 1529 jus
170 1493 386 1527 adolescentem,
398 1494 482 1521 vcteri
496 1492 684 1519 familiaritate
696 1493 822 1525 charutu,
835 1496 902 1520 tunc

113 1541 183 1567 l'nrte
210 1539 320 1566 obvium
346 1543 472 1566 amanter
497 1540 641 1573 amplexus
669 1538 772 1571 fuerat.
792 1539 901 1566 narium

111 1585 315 1613 :zbscissionem
333 1593 364 1612 ea
388 1586 415 1612 in
438 1593 554 1618 puerum
577 1585 680 1612 amoris
697 1584 902 1619 signiﬁcatione

113 1633 236 1659 lucratus
253 1636 304 1659 est.
323 1631 473 1659 Dicendum
492 1637 519 1659 et
533 1631 605 1664 quod
621 1631 739 1665 Georgio
761 1630 902 1659 Paeltomii

111 1677 240 1712 contigit,
264 1677 410 1704 litteratori
434 1677 461 1704 in
482 1677 577 1711 paucis
608 1677 669 1710 eius
693 1677 803 1712 generis
829 1684 899 1711 prte-

111 1723 198 1750 stanti
225 1727 382 1754 cteteraque
406 1722 533 1749 honesto.
550 1721 574 1748 is
595 1728 684 1755 nuper
723 1721 795 1754 apud
817 1720 903 1748 iiera-

111 1770 199 1796 cleam
215 1768 295 1796 Ponti
315 1776 370 1796 sua:
384 1767 566 1801 professionis
585 1775 698 1800 operam
717 1774 820 1794 navans
834 1773 899 1800 prte-

113 1814 186 1842 fecto
199 1814 256 1842 illic
271 1813 465 1849 Strategopulo
482 1813 618 1846 Michaeii,
631 1820 693 1840 cum
710 1813 793 1847 bujus
810 1812 901 1847 pupli«

113 1861 154 1888 cis
168 1860 397 1894 occupationibus
412 1860 604 1894 prohibt-retur
618 1866 719 1886 munus
732 1858 805 1886 istud
822 1866 901 1895 suum

113 1906 147 1931 de
165 1905 210 1931 die
230 1904 318 1936 obire,
343 1903 503 1938 plerumque
529 1908 610 1930 noctu
632 1902 742 1930 scholas
764 1909 831 1930 suas
854 1902 901 1929 ha-

113 1950 222 1978 buerat.
240 1949 296 1976 Hoc
311 1950 433 1976 auditum
446 1949 593 1984 imperator
610 1949 806 1982 interpretatus
822 1951 903 1975 atro-

113 1999 194 2029 citer,
212 2000 326 2031 repente
342 1995 501 2023 Micbaeiem
524 1996 637 2030 quidem
655 1995 789 2030 abrogato
813 1994 903 2029 magi-

114 2047 205 2070 stratu
227 2042 369 2069 redactum
393 2041 421 2068 in
451 2041 575 2068 ordinem
589 2040 674 2076 488
688 2041 754 2067 citat
780 2040 814 2067 ad
841 2047 903 2068 sese

115 2088 255 2115 dicturum
272 2094 384 2114 causam
398 2085 517 2114 aii‘ectati
541 2087 628 2121 regni.
646 2085 702 2114 Nec
722 2090 828 2113 morata
851 2085 903 2112 mi-

115 2133 171 2161 seri
189 2133 329 2160 damnatio
351 2137 403 2165 est,
425 2139 507 2167 poena
521 2131 716 2159 excaecationis
737 2136 766 2158 et
787 2131 838 2165 ipsi
857 2132 904 2159 de—

114 2186 203 2214 creta,
230 2181 417 2215 continuoque
437 2178 591 2213 inferenda,
613 2180 664 2206 nisi
688 2179 819 2213 precibus
844 2179 905 2206 inﬂ-

952 951 1084 986 ὀμμάτων
1095 952 1195 986 στερεῖ,
1211 949 1338 977 Μελέτιον
1349 950 1377 976 δὲ
1395 950 1551 985 ἀφαιρεῖται
1582 950 1632 984 τῆς
1648 949 1738 982 γλώσ-

954 1005 1014 1032 σης.
1032 997 1064 1023 Al
1081 997 1103 1024 δ’
1118 995 1221 1033 ὲξορίαι
1232 996 1278 1023 καὶ
1293 996 1394 1031 μᾶλλον
1408 996 1464 1027 τοῖς
1476 995 1604 1030 ἀνδράσιν
1629 996 1746 1030 ὲμετριι

953 1043 1058 1075 ἀζοντο,
1074 1043 1226 1069 ἐκκλίνουσι
1245 1042 1296 1069 τὰς
1310 1042 1414 1074 ποινάς.
1429 1041 1553 1076 Λάζαρον
1567 1042 1617 1077 μὲν
1631 1041 1678 1068 οὖν
1693 1042 1745 1067 τὸν.

953 1089 1122 1124 Γυριανίτην,
1137 1089 1221 1124 ἄνδρα
1238 1089 1396 1123 σεόάσμιον,
1416 1088 1577 1118 ἀποστείλας
1599 1088 1663 1118 τοὺς
1692 1088 1738 1114 ὲκ-

953 1135 1140 1169 τυφλώσοντας
1153 1137 1212 1166 ταῖς
1230 1136 1334 1166 ποιναῖς
1346 1135 1445 1169 ὑπῆγε.
1465 1134 1535 1169 Πρὸς
1563 1134 1591 1160 δὲ
1615 1134 1661 1160 καὶ
1680 1134 1740 1160 Μα-

954 1181 1060 1216 κάριον,
1087 1181 1131 1208 τὸν
1156 1181 1203 1208 καὶ
1228 1180 1394 1216 Περιστέρην
1424 1179 1668 1215 παρονομασθέντα
1691 1178 1743 1205 τοῦ

955 1276 1016 1296 cum
1033 1276 1081 1295 sua
1104 1268 1190 1302 Ipsius
1211 1269 1334 1304 pernicie
1356 1268 1448 1296 fatalis
1472 1276 1543 1296 nexu
1564 1268 1743 1296 necessitatis

955 1315 1153 1348 implicaretur.
1174 1314 1201 1342 id
1228 1316 1285 1347 ille,
1302 1316 1375 1350 quod
1399 1315 1519 1350 optimus
1542 1315 1738 1342 vaticiniorum

955 1362 1092 1396 interpres
1106 1363 1279 1398 postmodum
1296 1367 1411 1390 eventus
1427 1363 1570 1396 explicuit,
1592 1369 1647 1389 non
1663 1362 1738 1389 clare

955 1408 1110 1443 intelligens
1132 1409 1368 1444 quopcrtineret,
1390 1413 1417 1435 et
1431 1416 1486 1443 quo
1501 1412 1626 1442 vergeret
1650 1407 1739 1441 impo-

955 1459 1046 1481 tenter
1069 1455 1279 1486 exborrescens.
1302 1455 1329 1481 in
1345 1462 1404 1482 eam
1419 1454 1625 1487 persuasionem
1649 1453 1739 1487 rapuit

955 1506 983 1528 ut
1002 1501 1052 1528 sibi
1070 1509 1264 1530 successurum
1288 1501 1314 1527 in
1336 1501 1452 1535 imperio
1467 1501 1539 1527 hunc
1559 1500 1740 1527 Pachomium

954 1548 1078 1582 portendi
1096 1548 1231 1575 crederet.
1256 1547 1283 1574 Id
1308 1555 1374 1574 vero
1394 1547 1498 1573 ratione
1518 1546 1592 1573 omni
1613 1552 1738 1579 praever—

957 1595 1068 1622 tendum
1095 1600 1190 1628 ratus,
1218 1595 1300 1622 istutn
1323 1593 1461 1621 infelicem
1486 1593 1599 1620 reddere
1621 1591 1738 1626 intperio

954 1637 1078 1672 ineptum
1115 1640 1226 1666 immani
1255 1639 1397 1666 oculorum
1428 1637 1575 1665 eﬂ‘ossione
1608 1640 1737 1671 occupat.

953 1684 1008 1712 Nec
1026 1685 1077 1718 sic,
1105 1685 1242 1712 infelicior
1265 1685 1323 1719 ipse
1345 1684 1426 1712 caecis
1450 1683 1550 1718 spebus
1573 1683 1599 1710 in
1627 1683 1739 1710 crudele

954 1734 1059 1757 tractus
1079 1730 1196 1762 facinus,
1223 1730 1370 1757 instantem
1393 1729 1497 1759 vitavit.
1524 1729 1548 1756 si
1568 1736 1622 1756 non
1648 1729 1738 1762 potius

954 1775 1109 1808 arcessivit,
1125 1776 1318 1808 calamitatem,
1343 1782 1404 1810 qua:
1419 1775 1508 1810 ipsum
1524 1773 1595 1808 apud
1617 1773 1739 1801 Maccdo-

954 1823 1031 1850 niam
1047 1822 1075 1848 in
1090 1829 1155 1856 agro
1172 1822 1245 1849 dicto
1261 1821 1415 1852 Pachomii.
1433 1821 1460 1848 in
1474 1820 1557 1855 hujus
1577 1825 1603 1846 et
1618 1820 1736 1846 aliorum

955 1869 1087 1895 ultionem
1110 1868 1257 1899 scelerum,
1282 1867 1355 1894 haud
1370 1867 1452 1900 longo
1469 1870 1530 1901 post
1546 1870 1668 1900 tempore
1684 1872 1741 1892 ma-

955 1914 1046 1941 nebat.
1063 1913 1176 1940 interim
1194 1912 1364 1941 miserrimus
1383 1912 1548 1940 Pacltomius
1570 1913 1740 1940 instrumen-

954 1960 990 1986 tis
1012 1959 1152 1986 litterariae
1167 1965 1224 1985 sua:
1246 1957 1428 1992 professionis
1444 1957 1594 1985 luminibus
1611 1947 1737 1990 orb'atus,

954 2004 1022 2032 adeo
1035 2012 1090 2032 non
1105 2004 1159 2038 iam
1171 2004 1314 2039 providere
1325 2004 1442 2038 amplius
1458 2011 1621 2031 arcanorum
1636 2003 1738 2031 indicio

954 2050 1086 2077 librorum
1105 2049 1195 2076 futura
1213 2053 1331 2083 poterat.
1354 2054 1383 2076 ut
1405 2056 1438 2076 ne
1455 2049 1601 2084 praesentia
1625 2049 1735 2083 quidem

954 2100 1080 2124 cerneret
1096 2099 1124 2122 et
1137 2095 1224 2122 vitare
1246 2094 1412 2122 ambulando
1428 2095 1570 2122 incursum
1593 2094 1737 2121 obviorum

956 2137 1011 2165 nisi
1032 2137 1123 2164 alieno
1140 2136 1268 2171 nequiret
1284 2135 1436 2169 admonitu,
1457 2136 1670 2168 admirantibus,
1691 2137 1737 2170 qui

956 2185 1015 2211 brec
1038 2182 1178 2216 videbant,
1198 2181 1304 2210 cunctis
1326 2181 1407 2208 etiam
1433 2189 1521 2216 usque
1545 2181 1578 2208 ad
1597 2181 1740 2215 ludimagi—

117 2227 170 2254 mis
185 2227 420 2260 contentioneque
440 2225 535 2252 annisa
559 2232 678 2257 summa,
695 2232 756 2259 quae
771 2231 820 2252 reo
843 2228 901 2252 erat

957 2234 1043 2262 stros,
1064 2228 1240 2256 alienissimae
1260 2227 1384 2255 homines
1401 2235 1415 2254 a
1435 2234 1518 2261 regno
1543 2227 1636 2259 sortis,
1654 2227 1740 2253 ambi-

117 2275 220 2310 neptis,
243 2275 365 2308 Augusta
381 2281 454 2309 aegre
471 2273 579 2300 tandem
592 2272 721 2307 supplicii
739 2271 902 2300 dilationem

117 2322 303 2356 impetrasset.
322 2319 351 2347 in
366 2318 544 2347 Pachomiutn
565 2318 604 2346 ira
627 2318 712 2346 eifusa
732 2318 823 2345 omnis
843 2318 904 2346 sine

116 2367 196 2394 obice
213 2365 348 2401 pervenit.
375 2364 414 2392 Ex
431 2364 513 2399 hujus
529 2363 600 2391 lautia
615 2364 749 2391 doctrinas
772 2370 836 2390 cum
855 2369 905 2390 no-

116 2413 225 2440 cturnis
242 2412 313 2444 istis,
330 2412 362 2439 tie
373 2410 474 2445 quibus
488 2415 544 2437 erat
563 2410 732 2441 nuntiatum,
746 2414 904 2443 comparata

116 2457 315 2492 congressibus
347 2456 374 2484 in
406 2464 466 2484 eam
498 2455 746 2490 suspiciosissimus
777 2454 905 2489 princeps

115 2505 279 2540 opinionem
306 2504 483 2535 incubuerat,
506 2512 567 2532 esse
585 2504 661 2532 illum
684 2511 766 2531 unum
785 2503 904 2538 aliquem

117 2559 151 2578 cx
175 2551 238 2578 istis
267 2550 420 2584 aucupibus
443 2550 643 2584 praenotionum
669 2550 702 2577 de
725 2549 828 2579 futuro.
855 2549 903 2584 qui

118 2597 206 2625 libros
232 2596 351 2623 scrutari
379 2596 537 2623 reconditos
557 2595 629 2622 soliti
646 2596 700 2622 fata
727 2595 906 2630 imperiorum

117 2647 146 2669 et
166 2641 377 2669 successionum
392 2641 420 2668 in
434 2641 491 2667 inec
513 2641 624 2672 seriem,
643 2640 793 2668 audacibus
813 2641 907 2676 explo-

120 2694 180 2715 rata
210 2687 396 2722 conjecturis,
425 2691 580 2721 quaestuosa
606 2687 726 2714 curiosis
752 2688 906 2715 venditant.

121 2735 239 2762 Suberat
257 2737 283 2760 et
298 2734 369 2760 alius
386 2732 456 2760 baud
476 2733 513 2760 ita
527 2733 620 2760 multis
641 2736 722 2760 notus
738 2733 792 2760 odii
808 2733 906 2766 fomes,

121 2782 221 2807 horror
245 2788 278 2807 ex
303 2779 395 2806 omine
411 2778 549 2806 vocabuli.
573 2777 680 2812 Quippe
704 2778 863 2812 imperator,
881 2783 909 2805 et

124 2827 182 2859 ipse
209 2827 307 2853 avidus
338 2829 463 2860 captator
488 2825 694 2859 praesagiorum,
722 2826 818 2852 nescio
843 2825 908 2859 quid

121 2873 376 2900 submnrmuratum
393 2871 559 2903 inaudicrat,
577 2877 632 2905 quo
645 2870 785 2898 Pachomii
806 2878 906 2898 noutcn

958 2275 1039 2302 tionis
1064 2274 1197 2301 atrociter
1220 2272 1376 2300 aemulantis
1393 2277 1513 2299 armatas
1536 2272 1628 2299 furore
1652 2271 1741 2306 suspi-

955 2322 1049 2349 ciones
1078 2328 1132 2348 non
1159 2320 1319 2354 dedignatas
1344 2326 1406 2346 esse
1431 2318 1608 2346 descendere.
1636 2318 1738 2345 Eadem

956 2367 1007 2395 hac
1022 2366 1140 2394 afﬂatum
1157 2369 1217 2392 atra
1232 2365 1307 2392 rabie
1325 2365 1501 2400 imperatoris
1518 2372 1581 2391 mox
1596 2364 1621 2391 in
1644 2371 1741 2391 mona-

956 2413 1024 2440 chos
1051 2412 1144 2439 odium
1175 2411 1276 2446 erupit,
1305 2418 1360 2438 non
1387 2418 1419 2438 ea
1452 2410 1507 2438 illis
1530 2409 1629 2438 infensi
1654 2417 1740 2437 causa

957 2460 1029 2494 quod
1064 2459 1192 2486 Ecclesia).
1219 2458 1334 2485 rebelles
1365 2458 1486 2485 schisma
1521 2456 1660 2487 facerent,
1691 2456 1740 2483 sed

959 2506 1032 2542 quod
1047 2506 1106 2533 dies
1120 2505 1207 2540 ipsius
1217 2508 1391 2531 numerarent
1406 2509 1433 2531 et
1445 2503 1590 2530 delinirent
1605 2506 1741 2535 tempora.

960 2555 1046 2578 morte
1063 2551 1170 2578 scilicet
1187 2550 1245 2584 ejus
1261 2557 1290 2576 se
1301 2549 1478 2576 defuncturos
1495 2548 1574 2575 malis
1587 2548 1671 2583 489
1682 2554 1743 2581 qua:

961 2597 1134 2632 patiebantur
1157 2595 1291 2622 arbitrati.
1311 2594 1365 2621 llos
1386 2594 1431 2621 ille
1452 2594 1562 2620 acribus
1580 2597 1607 2619 et.
1630 2594 1670 2620 ira
1692 2592 1743 2618 iia-

960 2641 1103 2675 grantibus
1115 2640 1280 2675 percellebat
1294 2639 1385 2673 mittis,
1398 2646 1469 2674 quas
1483 2646 1516 2666 ne
1532 2639 1624 2665 statim
1641 2638 1670 2665 in
1685 2644 1741 2664 rem

960 2686 1108 2717 conferret,
1125 2687 1248 2721 quaedam
1271 2685 1425 2713 sustinebat
1441 2684 1520 2711 fama:
1543 2691 1621 2715 cura.
1642 2688 1668 2710 et
1687 2690 1744 2709 mc-

961 2741 1005 2761 tus
1024 2741 1056 2761 ne
1073 2733 1211 2760 videretur
1228 2732 1286 2759 sine
1301 2739 1385 2759 causa
1398 2731 1495 2758 idonea
1516 2731 1622 2757 saevire.
1640 2729 1743 2756 Tamen

963 2783 990 2806 ιι
1008 2780 1081 2806 hunc
1093 2778 1173 2813 paulo
1185 2782 1245 2812 post
1257 2782 1412 2812 respectum
1426 2777 1574 2807 eluctatus,
1588 2775 1743 2803 Galartioni

963 2825 1074 2859 quidem
1091 2824 1162 2851 eruit
1178 2823 1282 2855 oculos,
1299 2822 1407 2850 Meletio
1419 2830 1484 2850 vero
1510 2823 1632 2858 linguam
1657 2820 1745 2847 οὶ)ευί-

963 2872 1010 2898 dit.
1031 2870 1132 2899 Exsiiia
1151 2869 1314 2897 decernebat
1328 2877 1415 2903 mera,
1433 2877 1494 2896 cum
1517 2870 1656 2896 remittere
1670 2875 1699 2895 se
1715 2867 1743 2894 in
