  <div class='ocr_page' id='page_1' title='image "/cluster/home/n/w/nwhite01/storage/ocr_20150623/143/njp.32101010942884/539.png"; bbox 0 0 1944 3067; ppageno 0'>
   <div class='ocr_carea' id='block_1_1' title="bbox 219 171 269 204">
    <p class='ocr_par' dir='ltr' id='par_1_1' title="bbox 219 171 269 204">
     <span class='ocr_line' id='line_1_1' title="bbox 219 171 269 204; baseline -0.02 0"><span class='ocrx_word' id='word_1_1' title='bbox 219 171 269 204; x_wconf 78' lang='lat'><strong>951</strong></span> 
     </span>
    </p>
   </div>
   <div class='ocr_carea' id='block_1_2' title="bbox 821 162 1520 196">
    <p class='ocr_par' dir='ltr' id='par_1_2' title="bbox 821 162 1520 196">
     <span class='ocr_line' id='line_1_2' title="bbox 821 162 1520 196; baseline -0.004 0"><span class='ocrx_word' id='word_1_2' title='bbox 821 163 986 196; x_wconf 81' lang='lat' dir='ltr'><strong>GEORGII</strong></span> <span class='ocrx_word' id='word_1_3' title='bbox 1010 162 1256 195; x_wconf 69' lang='lat' dir='ltr'><strong>PACHYMERIE</strong></span> <span class='ocrx_word' id='word_1_4' title='bbox 1514 187 1520 193; x_wconf 91' lang='lat'>.</span> 
     </span>
    </p>
   </div>
   <div class='ocr_carea' id='block_1_3' title="bbox 1797 156 1848 188">
    <p class='ocr_par' dir='ltr' id='par_1_3' title="bbox 1797 156 1848 188">
     <span class='ocr_line' id='line_1_3' title="bbox 1797 156 1848 188; baseline 0.02 -1"><span class='ocrx_word' id='word_1_5' title='bbox 1797 156 1848 188; x_wconf 66' lang='lat'><strong>95‘!</strong></span> 
     </span>
    </p>
   </div>
   <div class='ocr_carea' id='block_1_4' title="bbox 214 215 1851 260">
    <p class='ocr_par' dir='ltr' id='par_1_4' title="bbox 214 215 1851 260">
     <span class='ocr_line' id='line_1_4' title="bbox 214 215 1851 260; baseline -0.01 -4"><span class='ocrx_word' id='word_1_6' title='bbox 214 227 302 256; x_wconf 83' lang='grc' dir='ltr'><strong>ἀπλοῦ</strong></span> <span class='ocrx_word' id='word_1_7' title='bbox 321 227 368 254; x_wconf 71' lang='grc' dir='ltr'><strong>καὶ</strong></span> <span class='ocrx_word' id='word_1_8' title='bbox 382 226 486 253; x_wconf 84' lang='grc' dir='ltr'><strong>ἀκάκου</strong></span> <span class='ocrx_word' id='word_1_9' title='bbox 499 224 591 260; x_wconf 83' lang='grc' dir='ltr'><strong>χάριν,</strong></span> <span class='ocrx_word' id='word_1_10' title='bbox 606 223 756 258; x_wconf 78' lang='grc' dir='ltr'><strong>ὑπαγαγὼν</strong></span> <span class='ocrx_word' id='word_1_11' title='bbox 781 222 843 258; x_wconf 78' lang='grc' dir='ltr'><strong>δίκῃ</strong></span> <span class='ocrx_word' id='word_1_12' title='bbox 871 219 1002 248; x_wconf 75' lang='grc' dir='ltr'><strong>καθοσιώ-</strong></span> <span class='ocrx_word' id='word_1_13' title='bbox 1015 222 1040 250; x_wconf 79' lang='grc' dir='ltr'><strong>Δ</strong></span> <span class='ocrx_word' id='word_1_14' title='bbox 1054 219 1103 254; x_wconf 82' lang='grc' dir='ltr'><strong>τῆς</strong></span> <span class='ocrx_word' id='word_1_15' title='bbox 1115 220 1179 256; x_wconf 83' lang='grc' dir='ltr'><strong>περὶ</strong></span> <span class='ocrx_word' id='word_1_16' title='bbox 1192 221 1239 248; x_wconf 75' lang='grc' dir='ltr'><strong>τὸν</strong></span> <span class='ocrx_word' id='word_1_17' title='bbox 1269 219 1383 256; x_wconf 79' lang='grc' dir='ltr'><strong>πλησίον</strong></span> <span class='ocrx_word' id='word_1_18' title='bbox 1407 217 1554 254; x_wconf 76' lang='grc' dir='ltr'><strong>ἀπεχθείας</strong></span> <span class='ocrx_word' id='word_1_19' title='bbox 1570 224 1578 234; x_wconf 70' lang='grc' dir='ltr'><strong><em>ο</em></strong></span> <span class='ocrx_word' id='word_1_20' title='bbox 1602 216 1681 243; x_wconf 76' lang='grc' dir='ltr'><strong>αὐτὸν</strong></span> <span class='ocrx_word' id='word_1_21' title='bbox 1714 215 1737 242; x_wconf 81' lang='grc' dir='ltr'><strong>δ’</strong></span> <span class='ocrx_word' id='word_1_22' title='bbox 1764 215 1851 241; x_wconf 72' lang='grc' dir='ltr'><strong>ἀκού-</strong></span> 
     </span>
    </p>
   </div>
   <div class='ocr_carea' id='block_1_5' title="bbox 216 265 1002 306">
    <p class='ocr_par' dir='ltr' id='par_1_5' title="bbox 216 265 1002 306">
     <span class='ocr_line' id='line_1_5' title="bbox 216 265 1002 306; baseline -0.011 -6"><span class='ocrx_word' id='word_1_23' title='bbox 216 281 285 306; x_wconf 83' lang='grc' dir='ltr'><strong>σιως</strong></span> <span class='ocrx_word' id='word_1_24' title='bbox 298 274 336 305; x_wconf 85' lang='grc' dir='ltr'><strong>ὼς</strong></span> <span class='ocrx_word' id='word_1_25' title='bbox 348 273 410 304; x_wconf 76' lang='grc' dir='ltr'><strong>τοὺς</strong></span> <span class='ocrx_word' id='word_1_26' title='bbox 422 271 548 302; x_wconf 80' lang='grc' dir='ltr'><strong>δυτικοὺς</strong></span> <span class='ocrx_word' id='word_1_27' title='bbox 561 270 694 304; x_wconf 81' lang='grc' dir='ltr'><strong>ἄρχοντας</strong></span> <span class='ocrx_word' id='word_1_28' title='bbox 712 268 781 295; x_wconf 72' lang='grc' dir='ltr'><strong>κατὰ</strong></span> <span class='ocrx_word' id='word_1_29' title='bbox 797 265 931 302; x_wconf 77' lang='grc' dir='ltr'><strong>βασιλέως</strong></span> <span class='ocrx_word' id='word_1_30' title='bbox 946 265 1002 292; x_wconf 85' lang='grc' dir='ltr'><strong>διε-</strong></span> 
     </span>
    </p>
   </div>
   <div class='ocr_carea' id='block_1_6' title="bbox 213 311 1001 354">
    <p class='ocr_par' dir='ltr' id='par_1_6' title="bbox 213 311 1001 354">
     <span class='ocr_line' id='line_1_6' title="bbox 213 311 1001 354; baseline -0.011 -8"><span class='ocrx_word' id='word_1_31' title='bbox 213 319 357 354; x_wconf 75' lang='grc' dir='ltr'><strong>γιίραντα,</strong></span> <span class='ocrx_word' id='word_1_32' title='bbox 369 317 421 350; x_wconf 78' lang='grc' dir='ltr'><strong>ιξω</strong></span> <span class='ocrx_word' id='word_1_33' title='bbox 436 325 486 343; x_wconf 85' lang='grc' dir='ltr'><strong>που</strong></span> <span class='ocrx_word' id='word_1_34' title='bbox 506 315 559 342; x_wconf 81' lang='grc' dir='ltr'><strong>τῶν</strong></span> <span class='ocrx_word' id='word_1_35' title='bbox 573 315 714 350; x_wconf 73' lang='grc' dir='ltr'><strong>ἡμετέρων</strong></span> <span class='ocrx_word' id='word_1_36' title='bbox 729 313 810 349; x_wconf 79' lang='grc' dir='ltr'><strong>ὁρίων</strong></span> <span class='ocrx_word' id='word_1_37' title='bbox 836 311 1001 346; x_wconf 85' lang='grc' dir='ltr'><strong>καθήμενον,</strong></span> 
     </span>
    </p>
   </div>
   <div class='ocr_carea' id='block_1_7' title="bbox 214 357 1002 398">
    <p class='ocr_par' dir='ltr' id='par_1_7' title="bbox 214 357 1002 398">
     <span class='ocr_line' id='line_1_7' title="bbox 214 357 1002 398; baseline -0.011 -7"><span class='ocrx_word' id='word_1_38' title='bbox 214 363 381 398; x_wconf 63' lang='grc' dir='ltr'><strong>ἀπαγγείλας</strong></span> <span class='ocrx_word' id='word_1_39' title='bbox 411 362 450 397; x_wconf 82' lang='grc' dir='ltr'><strong>τῷ</strong></span> <span class='ocrx_word' id='word_1_40' title='bbox 483 361 592 396; x_wconf 77' lang='grc' dir='ltr'><strong>Ἰκαρίῳ</strong></span> <span class='ocrx_word' id='word_1_41' title='bbox 617 360 666 395; x_wconf 83' lang='grc' dir='ltr'><strong>τὴν</strong></span> <span class='ocrx_word' id='word_1_42' title='bbox 682 359 729 386; x_wconf 78' lang='grc' dir='ltr'><strong>τοῦ</strong></span> <span class='ocrx_word' id='word_1_43' title='bbox 760 357 878 393; x_wconf 85' lang='grc' dir='ltr'><strong>μεγάλου</strong></span> <span class='ocrx_word' id='word_1_44' title='bbox 908 357 1002 389; x_wconf 82' lang='grc' dir='ltr'><strong>δουκὸς</strong></span> 
     </span>
    </p>
   </div>
   <div class='ocr_carea' id='block_1_8' title="bbox 215 402 1003 441">
    <p class='ocr_par' dir='ltr' id='par_1_8' title="bbox 215 402 1003 441">
     <span class='ocr_line' id='line_1_8' title="bbox 215 402 1003 441; baseline -0.009 -7"><span class='ocrx_word' id='word_1_45' title='bbox 215 406 426 441; x_wconf 66' lang='grc' dir='ltr'><strong>πιριιζωσμὶνῳ</strong></span> <span class='ocrx_word' id='word_1_46' title='bbox 441 405 534 440; x_wconf 80' lang='grc' dir='ltr'><strong>τιμὴν,</strong></span> <span class='ocrx_word' id='word_1_47' title='bbox 547 405 586 436; x_wconf 76' lang='grc' dir='ltr'><strong>είς</strong></span> <span class='ocrx_word' id='word_1_48' title='bbox 599 404 694 439; x_wconf 80' lang='grc' dir='ltr'><strong>χεῖρας</strong></span> <span class='ocrx_word' id='word_1_49' title='bbox 717 404 845 434; x_wconf 79' lang='grc' dir='ltr'><strong>ποιεῖται,</strong></span> <span class='ocrx_word' id='word_1_50' title='bbox 861 402 909 428; x_wconf 77' lang='grc' dir='ltr'><strong>καὶ</strong></span> <span class='ocrx_word' id='word_1_51' title='bbox 936 410 1003 436; x_wconf 79' lang='grc' dir='ltr'><strong>προ-</strong></span> 
     </span>
    </p>
   </div>
   <div class='ocr_carea' id='block_1_9' title="bbox 213 447 1003 488">
    <p class='ocr_par' dir='ltr' id='par_1_9' title="bbox 213 447 1003 488">
     <span class='ocr_line' id='line_1_9' title="bbox 213 447 1003 488; baseline -0.006 -9"><span class='ocrx_word' id='word_1_52' title='bbox 213 453 311 479; x_wconf 82' lang='grc' dir='ltr'><strong>τείνων</strong></span> <span class='ocrx_word' id='word_1_53' title='bbox 324 452 374 488; x_wconf 82' lang='grc' dir='ltr'><strong>τὴν</strong></span> <span class='ocrx_word' id='word_1_54' title='bbox 393 450 556 478; x_wconf 83' lang='grc' dir='ltr'><strong>καθοσίωσιν</strong></span> <span class='ocrx_word' id='word_1_55' title='bbox 568 450 615 477; x_wconf 82' lang='grc' dir='ltr'><strong>τοῦ</strong></span> <span class='ocrx_word' id='word_1_56' title='bbox 630 449 802 484; x_wconf 74' lang='grc' dir='ltr'><strong>ἐγκλήματος</strong></span> <span class='ocrx_word' id='word_1_57' title='bbox 815 448 889 483; x_wconf 84' lang='grc' dir='ltr'><strong>ἀνίη,</strong></span> <span class='ocrx_word' id='word_1_58' title='bbox 905 448 930 475; x_wconf 81' lang='grc' dir='ltr'><strong>εί</strong></span> <span class='ocrx_word' id='word_1_59' title='bbox 953 447 1003 482; x_wconf 85' lang='grc' dir='ltr'><strong>τὴν</strong></span> 
     </span>
    </p>
   </div>
   <div class='ocr_carea' id='block_1_10' title="bbox 214 492 1003 533">
    <p class='ocr_par' dir='ltr' id='par_1_10' title="bbox 214 492 1003 533">
     <span class='ocr_line' id='line_1_10' title="bbox 214 492 1003 533; baseline -0.006 -9"><span class='ocrx_word' id='word_1_60' title='bbox 214 498 325 533; x_wconf 79' lang='grc' dir='ltr'><strong>ιίρὴνην</strong></span> <span class='ocrx_word' id='word_1_61' title='bbox 345 496 457 531; x_wconf 65' lang='grc' dir='ltr'><strong>δέχοιτο,</strong></span> <span class='ocrx_word' id='word_1_62' title='bbox 474 496 499 522; x_wconf 81' lang='grc' dir='ltr'><strong>εἰ</strong></span> <span class='ocrx_word' id='word_1_63' title='bbox 514 495 536 522; x_wconf 82' lang='grc' dir='ltr'><strong>δ’</strong></span> <span class='ocrx_word' id='word_1_64' title='bbox 551 495 609 526; x_wconf 84' lang='grc' dir='ltr'><strong>οὖν,</strong></span> <span class='ocrx_word' id='word_1_65' title='bbox 639 494 708 522; x_wconf 86' lang='grc' dir='ltr'><strong>ἀλλά</strong></span> <span class='ocrx_word' id='word_1_66' title='bbox 733 495 767 530; x_wconf 80' lang='grc' dir='ltr'><strong>τῇ</strong></span> <span class='ocrx_word' id='word_1_67' title='bbox 792 493 856 529; x_wconf 77' lang='grc' dir='ltr'><strong>δίκῃ</strong></span> <span class='ocrx_word' id='word_1_68' title='bbox 879 492 1003 520; x_wconf 80' lang='grc' dir='ltr'><strong>καθυπά-</strong></span> 
     </span>
    </p>
   </div>
   <div class='ocr_carea' id='block_1_11' title="bbox 214 537 1004 577">
    <p class='ocr_par' dir='ltr' id='par_1_11' title="bbox 214 537 1004 577">
     <span class='ocr_line' id='line_1_11' title="bbox 214 537 1004 577; baseline -0.006 -9"><span class='ocrx_word' id='word_1_69' title='bbox 214 551 286 577; x_wconf 84' lang='grc' dir='ltr'><strong>γειν.</strong></span> <span class='ocrx_word' id='word_1_70' title='bbox 308 542 338 569; x_wconf 92' lang='lat'><strong>&#39;0</strong></span> <span class='ocrx_word' id='word_1_71' title='bbox 352 541 381 568; x_wconf 66' lang='grc' dir='ltr'><strong>δὲ</strong></span> <span class='ocrx_word' id='word_1_72' title='bbox 394 542 430 577; x_wconf 72' lang='grc' dir='ltr'><strong>τῇ</strong></span> <span class='ocrx_word' id='word_1_73' title='bbox 446 539 571 567; x_wconf 75' lang='grc' dir='ltr'><strong>ἑνστάσει</strong></span> <span class='ocrx_word' id='word_1_74' title='bbox 588 538 776 574; x_wconf 86' lang='grc' dir='ltr'><strong>διακαρτερῶν</strong></span> <span class='ocrx_word' id='word_1_75' title='bbox 793 538 844 574; x_wconf 84' lang='grc' dir='ltr'><strong>τὴν</strong></span> <span class='ocrx_word' id='word_1_76' title='bbox 868 537 1004 573; x_wconf 73' lang='grc' dir='ltr'><strong>τιμωρίαν</strong></span> 
     </span>
    </p>
   </div>
   <div class='ocr_carea' id='block_1_12' title="bbox 215 583 1004 623">
    <p class='ocr_par' dir='ltr' id='par_1_12' title="bbox 215 583 1004 623">
     <span class='ocr_line' id='line_1_12' title="bbox 215 583 1004 623; baseline -0.008 -8"><span class='ocrx_word' id='word_1_77' title='bbox 215 587 322 623; x_wconf 75' lang='grc' dir='ltr'><strong>ὑπέχιι.</strong></span> <span class='ocrx_word' id='word_1_78' title='bbox 334 587 461 619; x_wconf 76' lang='grc' dir='ltr'><strong>Κόκκους</strong></span> <span class='ocrx_word' id='word_1_79' title='bbox 477 586 505 613; x_wconf 72' lang='grc' dir='ltr'><strong>δὲ</strong></span> <span class='ocrx_word' id='word_1_80' title='bbox 526 585 660 621; x_wconf 79' lang='grc' dir='ltr'><strong>μοναχοὺς</strong></span> <span class='ocrx_word' id='word_1_81' title='bbox 675 585 721 611; x_wconf 71' lang='grc' dir='ltr'><strong>καὶ.</strong></span> <span class='ocrx_word' id='word_1_82' title='bbox 734 585 797 616; x_wconf 77' lang='grc' dir='ltr'><strong>τοὺς</strong></span> <span class='ocrx_word' id='word_1_83' title='bbox 811 584 873 611; x_wconf 81' lang='grc' dir='ltr'><strong>κατ’</strong></span> <span class='ocrx_word' id='word_1_84' title='bbox 901 583 1004 617; x_wconf 60' lang='grc' dir='ltr'><strong>ἐκεῖνον</strong></span> 
     </span>
    </p>
   </div>
   <div class='ocr_carea' id='block_1_13' title="bbox 216 627 1005 667">
    <p class='ocr_par' dir='ltr' id='par_1_13' title="bbox 216 627 1005 667">
     <span class='ocr_line' id='line_1_13' title="bbox 216 627 1005 667; baseline -0.008 -7"><span class='ocrx_word' id='word_1_85' title='bbox 216 633 264 660; x_wconf 66' lang='grc' dir='ltr'><strong>ἰῶ.</strong></span> <span class='ocrx_word' id='word_1_86' title='bbox 288 633 333 665; x_wconf 83' lang='grc' dir='ltr'><strong>Ἐς</strong></span> <span class='ocrx_word' id='word_1_87' title='bbox 346 633 425 659; x_wconf 81' lang='grc' dir='ltr'><strong>τόσον</strong></span> <span class='ocrx_word' id='word_1_88' title='bbox 439 631 494 667; x_wconf 82' lang='grc' dir='ltr'><strong>γὰρ</strong></span> <span class='ocrx_word' id='word_1_89' title='bbox 513 630 726 666; x_wconf 75' lang='grc' dir='ltr'><strong>παρωξυσμένος</strong></span> <span class='ocrx_word' id='word_1_90' title='bbox 741 628 775 665; x_wconf 82' lang='grc' dir='ltr'><strong>ἦν</strong></span> <span class='ocrx_word' id='word_1_91' title='bbox 786 629 856 656; x_wconf 80' lang='grc' dir='ltr'><strong>ὥστε</strong></span> <span class='ocrx_word' id='word_1_92' title='bbox 884 627 1005 664; x_wconf 83' lang='grc' dir='ltr'><strong>προσάλ-</strong></span> 
     </span>
    </p>
   </div>
   <div class='ocr_carea' id='block_1_14' title="bbox 215 674 1004 715">
    <p class='ocr_par' dir='ltr' id='par_1_14' title="bbox 215 674 1004 715">
     <span class='ocr_line' id='line_1_14' title="bbox 215 674 1004 715; baseline -0.006 -10"><span class='ocrx_word' id='word_1_93' title='bbox 215 678 271 705; x_wconf 75' lang='grc' dir='ltr'><strong>λειν</strong></span> <span class='ocrx_word' id='word_1_94' title='bbox 287 676 321 715; x_wconf 84' lang='grc' dir='ltr'><strong>ἦν</strong></span> <span class='ocrx_word' id='word_1_95' title='bbox 340 678 420 714; x_wconf 79' lang='grc' dir='ltr'><strong>μόνον</strong></span> <span class='ocrx_word' id='word_1_96' title='bbox 433 678 494 704; x_wconf 80' lang='grc' dir='ltr'><strong>τινὰ</strong></span> <span class='ocrx_word' id='word_1_97' title='bbox 515 677 671 712; x_wconf 79' lang='grc' dir='ltr'><strong>κινηθέντα,</strong></span> <span class='ocrx_word' id='word_1_98' title='bbox 697 676 744 703; x_wconf 77' lang='grc' dir='ltr'><strong>καὶ</strong></span> <span class='ocrx_word' id='word_1_99' title='bbox 772 676 822 711; x_wconf 82' lang='grc' dir='ltr'><strong>τὴν</strong></span> <span class='ocrx_word' id='word_1_100' title='bbox 835 674 968 710; x_wconf 77' lang='grc' dir='ltr'><strong>προϐολὴν</strong></span> <span class='ocrx_word' id='word_1_101' title='bbox 987 674 1004 710; x_wconf 80' lang='grc' dir='ltr'><strong>ἠ</strong></span> 
     </span>
    </p>
   </div>
   <div class='ocr_carea' id='block_1_15' title="bbox 215 719 1005 759">
    <p class='ocr_par' dir='ltr' id='par_1_15' title="bbox 215 719 1005 759">
     <span class='ocr_line' id='line_1_15' title="bbox 215 719 1005 759; baseline -0.006 -8"><span class='ocrx_word' id='word_1_102' title='bbox 215 725 295 759; x_wconf 84' lang='grc' dir='ltr'><strong>ποινὴ</strong></span> <span class='ocrx_word' id='word_1_103' title='bbox 309 724 451 759; x_wconf 73' lang='grc' dir='ltr'><strong>διεδέχετο,</strong></span> <span class='ocrx_word' id='word_1_104' title='bbox 464 722 534 750; x_wconf 80' lang='grc' dir='ltr'><strong>ὥστε</strong></span> <span class='ocrx_word' id='word_1_105' title='bbox 545 722 592 750; x_wconf 78' lang='grc' dir='ltr'><strong>καὶ</strong></span> <span class='ocrx_word' id='word_1_106' title='bbox 612 722 705 754; x_wconf 76' lang='grc' dir='ltr'><strong>πιστὸς</strong></span> <span class='ocrx_word' id='word_1_107' title='bbox 718 719 752 758; x_wconf 81' lang='grc' dir='ltr'><strong>ἦν</strong></span> <span class='ocrx_word' id='word_1_108' title='bbox 773 722 788 748; x_wconf 80' lang='grc' dir='ltr'><strong><em>ὁ</em></strong></span> <span class='ocrx_word' id='word_1_109' title='bbox 812 721 900 756; x_wconf 80' lang='grc' dir='ltr'><strong>λέγων</strong></span> <span class='ocrx_word' id='word_1_110' title='bbox 925 720 1005 755; x_wconf 78' lang='grc' dir='ltr'><strong>μόνον</strong></span> 
     </span>
    </p>
   </div>
   <div class='ocr_carea' id='block_1_16' title="bbox 215 767 1004 804">
    <p class='ocr_par' dir='ltr' id='par_1_16' title="bbox 215 767 1004 804">
     <span class='ocr_line' id='line_1_16' title="bbox 215 767 1004 804; baseline -0.005 -8"><span class='ocrx_word' id='word_1_111' title='bbox 215 769 312 802; x_wconf 72' lang='grc' dir='ltr'><strong>εἰπὼν,</strong></span> <span class='ocrx_word' id='word_1_112' title='bbox 323 770 384 802; x_wconf 85' lang='grc' dir='ltr'><strong>ταῖς</strong></span> <span class='ocrx_word' id='word_1_113' title='bbox 397 769 464 804; x_wconf 72' lang='grc' dir='ltr'><strong>πρὸς</strong></span> <span class='ocrx_word' id='word_1_114' title='bbox 479 768 690 804; x_wconf 76' lang='grc' dir='ltr'><strong>τοὺς.ὖπηκὸους</strong></span> <span class='ocrx_word' id='word_1_115' title='bbox 717 767 856 797; x_wconf 81' lang='grc' dir='ltr'><strong>ὑπονοίαις</strong></span> <span class='ocrx_word' id='word_1_116' title='bbox 875 767 913 798; x_wconf 80' lang='grc' dir='ltr'><strong>ὡς</strong></span> <span class='ocrx_word' id='word_1_117' title='bbox 943 767 1004 793; x_wconf 81' lang='grc' dir='ltr'><strong>ικα-</strong></span> 
     </span>
    </p>
   </div>
   <div class='ocr_carea' id='block_1_17' title="bbox 216 812 1005 852">
    <p class='ocr_par' dir='ltr' id='par_1_17' title="bbox 216 812 1005 852">
     <span class='ocr_line' id='line_1_17' title="bbox 216 812 1005 852; baseline -0.005 -10"><span class='ocrx_word' id='word_1_118' title='bbox 216 817 276 847; x_wconf 83' lang='grc' dir='ltr'><strong>νατς</strong></span> <span class='ocrx_word' id='word_1_119' title='bbox 294 815 457 852; x_wconf 78' lang='grc' dir='ltr'><strong>μαρτυρίαις</strong></span> <span class='ocrx_word' id='word_1_120' title='bbox 475 814 691 850; x_wconf 72' lang='grc' dir='ltr'><strong>ἰσχυριζόμενος.</strong></span> <span class='ocrx_word' id='word_1_121' title='bbox 707 813 760 841; x_wconf 79' lang='grc' dir='ltr'><strong>Καὶ</strong></span> <span class='ocrx_word' id='word_1_122' title='bbox 773 813 839 848; x_wconf 74' lang='grc' dir='ltr'><strong>πρὸς</strong></span> <span class='ocrx_word' id='word_1_123' title='bbox 851 813 882 840; x_wconf 84' lang='grc' dir='ltr'><strong>τὺ</strong></span> <span class='ocrx_word' id='word_1_124' title='bbox 898 812 947 848; x_wconf 83' lang='grc' dir='ltr'><strong>τῆς</strong></span> <span class='ocrx_word' id='word_1_125' title='bbox 959 813 1005 847; x_wconf 83' lang='grc' dir='ltr'><strong>ὀρ-</strong></span> 
     </span>
    </p>
   </div>
   <div class='ocr_carea' id='block_1_18' title="bbox 215 857 1005 898">
    <p class='ocr_par' dir='ltr' id='par_1_18' title="bbox 215 857 1005 898">
     <span class='ocr_line' id='line_1_18' title="bbox 215 857 1005 898; baseline -0.005 -8"><span class='ocrx_word' id='word_1_126' title='bbox 215 863 268 896; x_wconf 85' lang='grc' dir='ltr'><strong>γῆς</strong></span> <span class='ocrx_word' id='word_1_127' title='bbox 281 862 468 898; x_wconf 78' lang='grc' dir='ltr'><strong>ἀπαραίτητον</strong></span> <span class='ocrx_word' id='word_1_128' title='bbox 488 861 623 897; x_wconf 63' lang='grc' dir='ltr'><strong>[ἀνδράσιν</strong></span> <span class='ocrx_word' id='word_1_129' title='bbox 650 858 691 892; x_wconf 75' lang='grc' dir='ltr'><strong>οἷς</strong></span> <span class='ocrx_word' id='word_1_130' title='bbox 708 857 743 896; x_wconf 80' lang='grc' dir='ltr'><strong>ἦν</strong></span> <span class='ocrx_word' id='word_1_131' title='bbox 767 859 1005 897; x_wconf 72' lang='grc' dir='ltr'><strong>παρρησιάζεσθαι</strong></span> 
     </span>
    </p>
   </div>
   <div class='ocr_carea' id='block_1_19' title="bbox 215 905 1004 943">
    <p class='ocr_par' dir='ltr' id='par_1_19' title="bbox 215 905 1004 943">
     <span class='ocr_line' id='line_1_19' title="bbox 215 905 1004 943; baseline -0.004 -8"><span class='ocrx_word' id='word_1_132' title='bbox 215 908 285 943; x_wconf 71' lang='grc' dir='ltr'><strong>πρὸς</strong></span> <span class='ocrx_word' id='word_1_133' title='bbox 314 909 419 935; x_wconf 67' lang='grc' dir='ltr'><strong>ἐκεῖνον</strong></span> <span class='ocrx_word' id='word_1_134' title='bbox 445 907 663 942; x_wconf 78' lang='grc' dir='ltr'><strong>ἀπολογούμενος</strong></span> <span class='ocrx_word' id='word_1_135' title='bbox 682 905 837 940; x_wconf 74' lang='grc' dir='ltr'><strong>βασιλικοὺς</strong></span> <span class='ocrx_word' id='word_1_136' title='bbox 866 906 1004 941; x_wconf 74' lang='grc' dir='ltr'><strong>προέτεινε</strong></span> 
     </span>
    </p>
   </div>
   <div class='ocr_carea' id='block_1_20' title="bbox 216 951 1006 989">
    <p class='ocr_par' dir='ltr' id='par_1_20' title="bbox 216 951 1006 989">
     <span class='ocr_line' id='line_1_20' title="bbox 216 951 1006 989; baseline -0.005 -8"><span class='ocrx_word' id='word_1_137' title='bbox 216 954 326 989; x_wconf 77' lang='grc' dir='ltr'><strong>νόμους.</strong></span> <span class='ocrx_word' id='word_1_138' title='bbox 341 954 380 985; x_wconf 85' lang='grc' dir='ltr'><strong>ὡς</strong></span> <span class='ocrx_word' id='word_1_139' title='bbox 400 953 438 989; x_wconf 82' lang='grc' dir='ltr'><strong>μὴ</strong></span> <span class='ocrx_word' id='word_1_140' title='bbox 449 953 531 980; x_wconf 73' lang='grc' dir='ltr'><strong>καλὸν</strong></span> <span class='ocrx_word' id='word_1_141' title='bbox 548 952 578 979; x_wconf 81' lang='grc' dir='ltr'><strong>δν</strong></span> <span class='ocrx_word' id='word_1_142' title='bbox 594 952 655 979; x_wconf 75' lang='grc' dir='ltr'><strong>οὐδὲ</strong></span> <span class='ocrx_word' id='word_1_143' title='bbox 669 952 772 979; x_wconf 85' lang='grc' dir='ltr'><strong>δίκαιον</strong></span> <span class='ocrx_word' id='word_1_144' title='bbox 788 951 858 978; x_wconf 82' lang='grc' dir='ltr'><strong>κατὰ</strong></span> <span class='ocrx_word' id='word_1_145' title='bbox 869 951 1006 986; x_wconf 81' lang='grc' dir='ltr'><strong>μοναστὰς</strong></span> 
     </span>
    </p>
   </div>
   <div class='ocr_carea' id='block_1_21' title="bbox 215 996 1004 1034">
    <p class='ocr_par' dir='ltr' id='par_1_21' title="bbox 215 996 1004 1034">
     <span class='ocr_line' id='line_1_21' title="bbox 215 996 1004 1034; baseline -0.004 -8"><span class='ocrx_word' id='word_1_146' title='bbox 215 999 277 1031; x_wconf 82' lang='grc' dir='ltr'><strong>τοὺς</strong></span> <span class='ocrx_word' id='word_1_147' title='bbox 285 999 438 1034; x_wconf 78' lang='grc' dir='ltr'><strong>Ῥωμαίους</strong></span> <span class='ocrx_word' id='word_1_148' title='bbox 452 997 652 1031; x_wconf 77' lang='grc' dir='ltr'><strong>πολιτιύεσθαι,</strong></span> <span class='ocrx_word' id='word_1_149' title='bbox 665 997 704 1029; x_wconf 84' lang='grc' dir='ltr'><strong>ὡς</strong></span> <span class='ocrx_word' id='word_1_150' title='bbox 713 997 870 1033; x_wconf 73' lang='grc' dir='ltr'><strong>μετανοίαις</strong></span> <span class='ocrx_word' id='word_1_151' title='bbox 880 996 1004 1030; x_wconf 74' lang='grc' dir='ltr'><strong>ἐξιᾶσθαι</strong></span> 
     </span>
    </p>
   </div>
   <div class='ocr_carea' id='block_1_22' title="bbox 214 1042 1006 1080">
    <p class='ocr_par' dir='ltr' id='par_1_22' title="bbox 214 1042 1006 1080">
     <span class='ocr_line' id='line_1_22' title="bbox 214 1042 1006 1080; baseline -0.004 -8"><span class='ocrx_word' id='word_1_152' title='bbox 214 1045 249 1072; x_wconf 70' lang='grc' dir='ltr'><strong>τὰ</strong></span> <span class='ocrx_word' id='word_1_153' title='bbox 283 1045 456 1080; x_wconf 83' lang='grc' dir='ltr'><strong>πταίσματα.</strong></span> <span class='ocrx_word' id='word_1_154' title='bbox 479 1044 573 1079; x_wconf 82' lang='grc' dir='ltr'><strong>Ἐχειν</strong></span> <span class='ocrx_word' id='word_1_155' title='bbox 599 1043 627 1070; x_wconf 77' lang='grc' dir='ltr'><strong>δὲ</strong></span> <span class='ocrx_word' id='word_1_156' title='bbox 647 1043 694 1070; x_wconf 85' lang='grc' dir='ltr'><strong>καὶ</strong></span> <span class='ocrx_word' id='word_1_157' title='bbox 718 1042 757 1077; x_wconf 85' lang='grc' dir='ltr'><strong>τῷ</strong></span> <span class='ocrx_word' id='word_1_158' title='bbox 774 1042 1006 1078; x_wconf 81' lang='grc' dir='ltr'><strong>προσαγγέλλοντι</strong></span> 
     </span>
    </p>
   </div>
   <div class='ocr_carea' id='block_1_23' title="bbox 216 1087 1005 1126">
    <p class='ocr_par' dir='ltr' id='par_1_23' title="bbox 216 1087 1005 1126">
     <span class='ocr_line' id='line_1_23' title="bbox 216 1087 1005 1126; baseline -0.005 -8"><span class='ocrx_word' id='word_1_159' title='bbox 216 1089 367 1126; x_wconf 74' lang='grc' dir='ltr'><strong>δυσμενῶς,</strong></span> <span class='ocrx_word' id='word_1_160' title='bbox 383 1090 424 1117; x_wconf 80' lang='grc' dir='ltr'><strong>ὅτι</strong></span> <span class='ocrx_word' id='word_1_161' title='bbox 435 1089 508 1124; x_wconf 69' lang='grc' dir='ltr'><strong>λέγοι</strong></span> <span class='ocrx_word' id='word_1_162' title='bbox 522 1089 539 1125; x_wconf 76' lang='grc' dir='ltr'>ἢ</span> <span class='ocrx_word' id='word_1_163' title='bbox 555 1089 673 1120; x_wconf 80' lang='grc' dir='ltr'><strong>ἀκούσας</strong></span> <span class='ocrx_word' id='word_1_164' title='bbox 687 1088 760 1124; x_wconf 73' lang='grc' dir='ltr'><strong>ἢκαὶ</strong></span> <span class='ocrx_word' id='word_1_165' title='bbox 777 1087 959 1123; x_wconf 79' lang='grc' dir='ltr'><strong>πλαττόμενος</strong></span> <span class='ocrx_word' id='word_1_166' title='bbox 973 1088 1005 1115; x_wconf 67' lang='grc' dir='ltr'><strong>ἐκ</strong></span> 
     </span>
    </p>
   </div>
   <div class='ocr_carea' id='block_1_24' title="bbox 216 1177 1003 1215">
    <p class='ocr_par' dir='ltr' id='par_1_24' title="bbox 216 1177 1003 1215">
     <span class='ocr_line' id='line_1_24' title="bbox 216 1177 1003 1215; baseline 0.003 -9"><span class='ocrx_word' id='word_1_167' title='bbox 216 1177 390 1207; x_wconf 88' lang='lat' dir='ltr'><strong>clementiam</strong></span> <span class='ocrx_word' id='word_1_168' title='bbox 415 1179 531 1208; x_wconf 89' lang='lat' dir='ltr'><strong>volebat.</strong></span> <span class='ocrx_word' id='word_1_169' title='bbox 554 1178 649 1215; x_wconf 90' lang='lat' dir='ltr'><strong>Itaque</strong></span> <span class='ocrx_word' id='word_1_170' title='bbox 666 1178 799 1208; x_wconf 77' lang='lat' dir='ltr'><strong>Lazarum</strong></span> <span class='ocrx_word' id='word_1_171' title='bbox 822 1177 1003 1214; x_wconf 83' lang='lat' dir='ltr'><strong>Gorianitem,</strong></span> 
     </span>
    </p>
   </div>
   <div class='ocr_carea' id='block_1_25' title="bbox 217 1226 1002 1260">
    <p class='ocr_par' dir='ltr' id='par_1_25' title="bbox 217 1226 1002 1260">
     <span class='ocr_line' id='line_1_25' title="bbox 217 1226 1002 1260; baseline 0.005 -9"><span class='ocrx_word' id='word_1_172' title='bbox 217 1226 305 1253; x_wconf 82' lang='lat' dir='ltr'><strong>virum</strong></span> <span class='ocrx_word' id='word_1_173' title='bbox 322 1226 518 1260; x_wconf 80' lang='lat' dir='ltr'><strong>venerabilem,</strong></span> <span class='ocrx_word' id='word_1_174' title='bbox 536 1226 589 1255; x_wconf 87' lang='lat' dir='ltr'><strong>ista</strong></span> <span class='ocrx_word' id='word_1_175' title='bbox 609 1226 762 1255; x_wconf 72' lang='lat' dir='ltr'><strong>moderatio</strong></span> <span class='ocrx_word' id='word_1_176' title='bbox 778 1227 900 1255; x_wconf 86' lang='lat' dir='ltr'><strong>servavit</strong></span> <span class='ocrx_word' id='word_1_177' title='bbox 915 1234 923 1254; x_wconf 73' lang='grc' dir='ltr'><strong>τ</strong></span> <span class='ocrx_word' id='word_1_178' title='bbox 939 1234 1002 1255; x_wconf 89' lang='lat' dir='ltr'><strong>cum</strong></span> 
     </span>
    </p>
   </div>
   <div class='ocr_carea' id='block_1_26' title="bbox 214 1269 1004 1305">
    <p class='ocr_par' dir='ltr' id='par_1_26' title="bbox 214 1269 1004 1305">
     <span class='ocr_line' id='line_1_26' title="bbox 214 1269 1004 1305; baseline 0.001 -8"><span class='ocrx_word' id='word_1_179' title='bbox 214 1269 289 1297; x_wconf 75' lang='lat' dir='ltr'><strong>enim</strong></span> <span class='ocrx_word' id='word_1_180' title='bbox 319 1270 442 1298; x_wconf 85' lang='lat' dir='ltr'><strong>misisset</strong></span> <span class='ocrx_word' id='word_1_181' title='bbox 464 1271 511 1305; x_wconf 90' lang='lat' dir='ltr'><strong>qui</strong></span> <span class='ocrx_word' id='word_1_182' title='bbox 530 1278 592 1298; x_wconf 91' lang='lat' dir='ltr'><strong>eum</strong></span> <span class='ocrx_word' id='word_1_183' title='bbox 610 1275 790 1302; x_wconf 64' lang='lat' dir='ltr'><strong>excaearent,</strong></span> <span class='ocrx_word' id='word_1_184' title='bbox 811 1271 948 1299; x_wconf 73' lang='lat' dir='ltr'><strong>revocatis</strong></span> <span class='ocrx_word' id='word_1_185' title='bbox 970 1271 1004 1299; x_wconf 88' lang='lat' dir='ltr'><strong>iis</strong></span> 
     </span>
    </p>
   </div>
   <div class='ocr_carea' id='block_1_27' title="bbox 215 1315 1002 1344">
    <p class='ocr_par' dir='ltr' id='par_1_27' title="bbox 215 1315 1002 1344">
     <span class='ocr_line' id='line_1_27' title="bbox 215 1315 1002 1344; baseline 0.001 -2"><span class='ocrx_word' id='word_1_186' title='bbox 215 1316 401 1344; x_wconf 75' lang='lat' dir='ltr'><strong>exterminare</strong></span> <span class='ocrx_word' id='word_1_187' title='bbox 425 1317 495 1344; x_wconf 84' lang='lat' dir='ltr'><strong>satis</strong></span> <span class='ocrx_word' id='word_1_188' title='bbox 515 1316 622 1344; x_wconf 88' lang='lat' dir='ltr'><strong>habuit.</strong></span> <span class='ocrx_word' id='word_1_189' title='bbox 645 1316 680 1344; x_wconf 83' lang='lat' dir='ltr'><strong>At</strong></span> <span class='ocrx_word' id='word_1_190' title='bbox 703 1315 853 1344; x_wconf 79' lang='lat' dir='ltr'><strong>Macarium</strong></span> <span class='ocrx_word' id='word_1_191' title='bbox 875 1324 926 1344; x_wconf 89' lang='lat' dir='ltr'><strong>nee</strong></span> <span class='ocrx_word' id='word_1_192' title='bbox 952 1323 1002 1344; x_wconf 86' lang='lat' dir='ltr'><strong>sua</strong></span> 
     </span>
    </p>
   </div>
   <div class='ocr_carea' id='block_1_28' title="bbox 216 1361 1002 1397">
    <p class='ocr_par' dir='ltr' id='par_1_28' title="bbox 216 1361 1002 1397">
     <span class='ocr_line' id='line_1_28' title="bbox 216 1361 1002 1397; baseline 0 -9"><span class='ocrx_word' id='word_1_193' title='bbox 216 1361 448 1389; x_wconf 82' lang='lat' dir='ltr'><strong>innocentissima</strong></span> <span class='ocrx_word' id='word_1_194' title='bbox 465 1362 642 1396; x_wconf 77' lang='lat' dir='ltr'><strong>simplicitas,</strong></span> <span class='ocrx_word' id='word_1_195' title='bbox 656 1369 718 1397; x_wconf 74' lang='lat' dir='ltr'><strong>quae</strong></span> <span class='ocrx_word' id='word_1_196' title='bbox 729 1369 881 1397; x_wconf 75' lang='lat' dir='ltr'><strong>cognomen</strong></span> <span class='ocrx_word' id='word_1_197' title='bbox 897 1362 935 1389; x_wconf 88' lang='lat' dir='ltr'><strong>illi</strong></span> <span class='ocrx_word' id='word_1_198' title='bbox 952 1368 1002 1388; x_wconf 88' lang='lat' dir='ltr'><strong>co-</strong></span> 
     </span>
    </p>
   </div>
   <div class='ocr_carea' id='block_1_29' title="bbox 217 1406 1001 1443">
    <p class='ocr_par' dir='ltr' id='par_1_29' title="bbox 217 1406 1001 1443">
     <span class='ocr_line' id='line_1_29' title="bbox 217 1406 1001 1443; baseline 0.003 -11"><span class='ocrx_word' id='word_1_199' title='bbox 217 1406 318 1433; x_wconf 72' lang='lat' dir='ltr'><strong>lumba:</strong></span> <span class='ocrx_word' id='word_1_200' title='bbox 339 1411 494 1441; x_wconf 80' lang='lat' dir='ltr'><strong>pepererat,</strong></span> <span class='ocrx_word' id='word_1_201' title='bbox 511 1414 562 1434; x_wconf 86' lang='lat' dir='ltr'><strong>nec</strong></span> <span class='ocrx_word' id='word_1_202' title='bbox 577 1406 701 1434; x_wconf 90' lang='lat' dir='ltr'><strong>locorum</strong></span> <span class='ocrx_word' id='word_1_203' title='bbox 720 1407 766 1434; x_wconf 89' lang='lat' dir='ltr'><strong>ubi</strong></span> <span class='ocrx_word' id='word_1_204' title='bbox 780 1407 896 1443; x_wconf 85' lang='lat' dir='ltr'><strong>degebat</strong></span> <span class='ocrx_word' id='word_1_205' title='bbox 917 1406 1001 1434; x_wconf 87' lang='lat' dir='ltr'><strong>dlssi-</strong></span> 
     </span>
    </p>
   </div>
   <div class='ocr_carea' id='block_1_30' title="bbox 217 1448 1002 1488">
    <p class='ocr_par' dir='ltr' id='par_1_30' title="bbox 217 1448 1002 1488">
     <span class='ocr_line' id='line_1_30' title="bbox 217 1448 1002 1488; baseline 0.004 -11"><span class='ocrx_word' id='word_1_206' title='bbox 217 1455 308 1478; x_wconf 87' lang='lat' dir='ltr'><strong>torum</strong></span> <span class='ocrx_word' id='word_1_207' title='bbox 326 1458 342 1478; x_wconf 90' lang='lat' dir='ltr'><strong>a</strong></span> <span class='ocrx_word' id='word_1_208' title='bbox 357 1451 462 1479; x_wconf 78' lang='lat' dir='ltr'><strong>nostris</strong></span> <span class='ocrx_word' id='word_1_209' title='bbox 484 1451 585 1479; x_wconf 80' lang='lat' dir='ltr'><strong>ﬁnibus</strong></span> <span class='ocrx_word' id='word_1_210' title='bbox 603 1451 805 1487; x_wconf 72' lang='lat' dir='ltr'><strong>longinquitas,</strong></span> <span class='ocrx_word' id='word_1_211' title='bbox 826 1448 1002 1488; x_wconf 80' lang='lat' dir='ltr'><strong>imperatoris</strong></span> 
     </span>
    </p>
   </div>
   <div class='ocr_carea' id='block_1_31' title="bbox 219 1495 1001 1533">
    <p class='ocr_par' dir='ltr' id='par_1_31' title="bbox 219 1495 1001 1533">
     <span class='ocr_line' id='line_1_31' title="bbox 219 1495 1001 1533; baseline 0.004 -10"><span class='ocrx_word' id='word_1_212' title='bbox 219 1496 332 1524; x_wconf 68' lang='lat' dir='ltr'><strong>smvitiaa</strong></span> <span class='ocrx_word' id='word_1_213' title='bbox 348 1497 496 1524; x_wconf 79' lang='lat' dir='ltr'><strong>subtraxit.</strong></span> <span class='ocrx_word' id='word_1_214' title='bbox 518 1495 568 1524; x_wconf 85' lang='lat' dir='ltr'><strong>Hic</strong></span> <span class='ocrx_word' id='word_1_215' title='bbox 581 1497 654 1524; x_wconf 89' lang='lat' dir='ltr'><strong>enim</strong></span> <span class='ocrx_word' id='word_1_216' title='bbox 671 1496 746 1525; x_wconf 89' lang='lat' dir='ltr'><strong>illum</strong></span> <span class='ocrx_word' id='word_1_217' title='bbox 757 1499 925 1533; x_wconf 85' lang='lat' dir='ltr'><strong>postulatum</strong></span> <span class='ocrx_word' id='word_1_218' title='bbox 941 1506 1001 1526; x_wconf 86' lang='lat' dir='ltr'><strong>ma-</strong></span> 
     </span>
    </p>
   </div>
   <div class='ocr_carea' id='block_1_32' title="bbox 214 1541 1000 1577">
    <p class='ocr_par' dir='ltr' id='par_1_32' title="bbox 214 1541 1000 1577">
     <span class='ocr_line' id='line_1_32' title="bbox 214 1541 1000 1577; baseline 0.003 -9"><span class='ocrx_word' id='word_1_219' title='bbox 214 1541 338 1576; x_wconf 77' lang='lat' dir='ltr'><strong>jestatis,</strong></span> <span class='ocrx_word' id='word_1_220' title='bbox 353 1541 433 1577; x_wconf 87' lang='lat' dir='ltr'><strong>quasi</strong></span> <span class='ocrx_word' id='word_1_221' title='bbox 456 1545 586 1568; x_wconf 88' lang='lat' dir='ltr'><strong>conatum</strong></span> <span class='ocrx_word' id='word_1_222' title='bbox 601 1541 629 1568; x_wconf 86' lang='lat' dir='ltr'><strong>in</strong></span> <span class='ocrx_word' id='word_1_223' title='bbox 653 1548 684 1569; x_wconf 88' lang='lat' dir='ltr'><strong>se</strong></span> <span class='ocrx_word' id='word_1_224' title='bbox 701 1542 842 1570; x_wconf 82' lang='lat' dir='ltr'><strong>concitare</strong></span> <span class='ocrx_word' id='word_1_225' title='bbox 863 1541 1000 1570; x_wconf 86' lang='lat' dir='ltr'><strong>Occiduo-</strong></span> 
     </span>
    </p>
   </div>
   <div class='ocr_carea' id='block_1_33' title="bbox 1058 261 1844 303">
    <p class='ocr_par' dir='ltr' id='par_1_33' title="bbox 1058 261 1844 303">
     <span class='ocr_line' id='line_1_33' title="bbox 1058 261 1844 303; baseline -0.006 -11"><span class='ocrx_word' id='word_1_226' title='bbox 1058 274 1142 293; x_wconf 81' lang='grc' dir='ltr'><strong>σαντα</strong></span> <span class='ocrx_word' id='word_1_227' title='bbox 1156 267 1281 303; x_wconf 83' lang='grc' dir='ltr'><strong>ἀνάγκην</strong></span> <span class='ocrx_word' id='word_1_228' title='bbox 1295 264 1365 293; x_wconf 82' lang='grc' dir='ltr'><strong>ιῐναι</strong></span> <span class='ocrx_word' id='word_1_229' title='bbox 1378 265 1500 301; x_wconf 77' lang='grc' dir='ltr'><strong>μετιέναι</strong></span> <span class='ocrx_word' id='word_1_230' title='bbox 1517 264 1562 301; x_wconf 85' lang='grc' dir='ltr'><strong>[Ρ.</strong></span> <span class='ocrx_word' id='word_1_231' title='bbox 1574 262 1638 299; x_wconf 63' lang='grc'><strong>538]</strong></span> <span class='ocrx_word' id='word_1_232' title='bbox 1653 262 1682 290; x_wconf 82' lang='grc' dir='ltr'><strong>τδ</strong></span> <span class='ocrx_word' id='word_1_233' title='bbox 1705 261 1844 296; x_wconf 71' lang='grc' dir='ltr'><strong>ἔγκλημα.</strong></span> 
     </span>
    </p>
   </div>
   <div class='ocr_carea' id='block_1_34' title="bbox 1058 308 1851 345">
    <p class='ocr_par' dir='ltr' id='par_1_34' title="bbox 1058 308 1851 345">
     <span class='ocr_line' id='line_1_34' title="bbox 1058 308 1851 345; baseline -0.008 -6"><span class='ocrx_word' id='word_1_234' title='bbox 1058 311 1151 339; x_wconf 79' lang='grc' dir='ltr'><strong>Ταῦτα</strong></span> <span class='ocrx_word' id='word_1_235' title='bbox 1166 312 1297 344; x_wconf 77' lang='grc' dir='ltr'><strong>πολλάκις</strong></span> <span class='ocrx_word' id='word_1_236' title='bbox 1310 311 1480 345; x_wconf 77' lang='grc' dir='ltr'><strong>ἀπελογεῖτο,</strong></span> <span class='ocrx_word' id='word_1_237' title='bbox 1498 310 1546 337; x_wconf 78' lang='grc' dir='ltr'><strong>καὶ</strong></span> <span class='ocrx_word' id='word_1_238' title='bbox 1564 310 1605 337; x_wconf 82' lang='grc' dir='ltr'><strong>ὅτι</strong></span> <span class='ocrx_word' id='word_1_239' title='bbox 1620 308 1696 344; x_wconf 80' lang='grc' dir='ltr'><strong>φίλος</strong></span> <span class='ocrx_word' id='word_1_240' title='bbox 1720 308 1851 342; x_wconf 74' lang='grc' dir='ltr'><strong>μοναχῶν</strong></span> 
     </span>
    </p>
   </div>
   <div class='ocr_carea' id='block_1_35' title="bbox 1057 353 1852 393">
    <p class='ocr_par' dir='ltr' id='par_1_35' title="bbox 1057 353 1852 393">
     <span class='ocr_line' id='line_1_35' title="bbox 1057 353 1852 393; baseline -0.009 -8"><span class='ocrx_word' id='word_1_241' title='bbox 1057 357 1165 385; x_wconf 83' lang='grc' dir='ltr'><strong>ἀκούων</strong></span> <span class='ocrx_word' id='word_1_242' title='bbox 1183 358 1314 393; x_wconf 75' lang='grc' dir='ltr'><strong>βρεφόθεν</strong></span> <span class='ocrx_word' id='word_1_243' title='bbox 1329 358 1369 389; x_wconf 77' lang='grc' dir='ltr'><strong>είς</strong></span> <span class='ocrx_word' id='word_1_244' title='bbox 1383 357 1505 392; x_wconf 80' lang='grc' dir='ltr'><strong>ἀνάγκην</strong></span> <span class='ocrx_word' id='word_1_245' title='bbox 1520 354 1585 390; x_wconf 80' lang='grc' dir='ltr'><strong>ἦλθε</strong></span> <span class='ocrx_word' id='word_1_246' title='bbox 1610 355 1699 390; x_wconf 78' lang='grc' dir='ltr'><strong>μισεῖν</strong></span> <span class='ocrx_word' id='word_1_247' title='bbox 1713 353 1852 389; x_wconf 75' lang='grc' dir='ltr'><strong>μοναχοὺς</strong></span> 
     </span>
    </p>
   </div>
   <div class='ocr_carea' id='block_1_36' title="bbox 1057 398 1850 439">
    <p class='ocr_par' dir='ltr' id='par_1_36' title="bbox 1057 398 1850 439">
     <span class='ocr_line' id='line_1_36' title="bbox 1057 398 1850 439; baseline -0.008 -9"><span class='ocrx_word' id='word_1_248' title='bbox 1057 403 1102 430; x_wconf 85' lang='grc' dir='ltr'><strong>διὰ</strong></span> <span class='ocrx_word' id='word_1_249' title='bbox 1117 403 1166 439; x_wconf 79' lang='grc' dir='ltr'><strong>τὴν</strong></span> <span class='ocrx_word' id='word_1_250' title='bbox 1187 402 1263 439; x_wconf 83' lang='grc' dir='ltr'><strong>σφῶν</strong></span> <span class='ocrx_word' id='word_1_251' title='bbox 1278 402 1413 430; x_wconf 77' lang='grc' dir='ltr'><strong>δύσνοιαν.</strong></span> <span class='ocrx_word' id='word_1_252' title='bbox 1427 401 1557 428; x_wconf 76' lang='grc' dir='ltr'><strong>Δύσνοιαν</strong></span> <span class='ocrx_word' id='word_1_253' title='bbox 1578 400 1606 427; x_wconf 64' lang='grc' dir='ltr'><strong>δὲ</strong></span> <span class='ocrx_word' id='word_1_254' title='bbox 1637 401 1686 434; x_wconf 78' lang='grc' dir='ltr'><strong>τὴν</strong></span> <span class='ocrx_word' id='word_1_255' title='bbox 1702 398 1850 434; x_wconf 79' lang='grc' dir='ltr'><strong>ἀποφυγὴν</strong></span> 
     </span>
    </p>
   </div>
   <div class='ocr_carea' id='block_1_37' title="bbox 1056 443 1851 484">
    <p class='ocr_par' dir='ltr' id='par_1_37' title="bbox 1056 443 1851 484">
     <span class='ocr_line' id='line_1_37' title="bbox 1056 443 1851 484; baseline -0.006 -9"><span class='ocrx_word' id='word_1_256' title='bbox 1056 448 1112 476; x_wconf 83' lang='grc' dir='ltr'><strong>τῶν</strong></span> <span class='ocrx_word' id='word_1_257' title='bbox 1131 449 1327 484; x_wconf 67' lang='grc' dir='ltr'><strong>πραττομένων</strong></span> <span class='ocrx_word' id='word_1_258' title='bbox 1342 448 1445 475; x_wconf 70' lang='grc' dir='ltr'><strong>ικάλει.</strong></span> <span class='ocrx_word' id='word_1_259' title='bbox 1468 446 1538 483; x_wconf 70' lang='grc' dir='ltr'><strong>ῐιαρ’</strong></span> <span class='ocrx_word' id='word_1_260' title='bbox 1556 447 1591 483; x_wconf 67' lang='grc' dir='ltr'><strong>ἣν</strong></span> <span class='ocrx_word' id='word_1_261' title='bbox 1607 445 1694 472; x_wconf 69' lang='grc' dir='ltr'><strong>αἰτίαν</strong></span> <span class='ocrx_word' id='word_1_262' title='bbox 1708 445 1774 476; x_wconf 76' lang='grc' dir='ltr'><strong>ἴσως</strong></span> <span class='ocrx_word' id='word_1_263' title='bbox 1803 443 1851 470; x_wconf 80' lang='grc' dir='ltr'><strong>καὶ</strong></span> 
     </span>
    </p>
   </div>
   <div class='ocr_carea' id='block_1_38' title="bbox 1058 491 1852 531">
    <p class='ocr_par' dir='ltr' id='par_1_38' title="bbox 1058 491 1852 531">
     <span class='ocr_line' id='line_1_38' title="bbox 1058 491 1852 531; baseline -0.008 -9"><span class='ocrx_word' id='word_1_264' title='bbox 1058 496 1170 531; x_wconf 75' lang='grc' dir='ltr'><strong>χρόνους</strong></span> <span class='ocrx_word' id='word_1_265' title='bbox 1183 495 1306 531; x_wconf 82' lang='grc' dir='ltr'><strong>ἠρεύνων</strong></span> <span class='ocrx_word' id='word_1_266' title='bbox 1318 494 1399 521; x_wconf 76' lang='grc' dir='ltr'><strong>ὁπότε</strong></span> <span class='ocrx_word' id='word_1_267' title='bbox 1424 493 1463 529; x_wconf 81' lang='grc' dir='ltr'><strong>μὴ</strong></span> <span class='ocrx_word' id='word_1_268' title='bbox 1493 493 1624 528; x_wconf 86' lang='grc' dir='ltr'><strong>βασιλέως</strong></span> <span class='ocrx_word' id='word_1_269' title='bbox 1649 491 1852 527; x_wconf 71' lang='grc' dir='ltr'><strong>(ἀϐασιλεύτοις</strong></span> 
     </span>
    </p>
   </div>
   <div class='ocr_carea' id='block_1_39' title="bbox 1057 538 1851 576">
    <p class='ocr_par' dir='ltr' id='par_1_39' title="bbox 1057 538 1851 576">
     <span class='ocr_line' id='line_1_39' title="bbox 1057 538 1851 576; baseline -0.004 -9"><span class='ocrx_word' id='word_1_270' title='bbox 1057 542 1114 576; x_wconf 75' lang='grc' dir='ltr'><strong>γὰρ</strong></span> <span class='ocrx_word' id='word_1_271' title='bbox 1141 541 1202 568; x_wconf 69' lang='grc' dir='ltr'><strong>οὐδὲ</strong></span> <span class='ocrx_word' id='word_1_272' title='bbox 1227 541 1374 576; x_wconf 80' lang='grc' dir='ltr'><strong>ξυνήνεγκε</strong></span> <span class='ocrx_word' id='word_1_273' title='bbox 1403 540 1463 575; x_wconf 79' lang='grc' dir='ltr'><strong>ζῇν,</strong></span> <span class='ocrx_word' id='word_1_274' title='bbox 1487 539 1646 574; x_wconf 81' lang='grc' dir='ltr'><strong>ὡςσώματι</strong></span> <span class='ocrx_word' id='word_1_275' title='bbox 1672 538 1710 573; x_wconf 81' lang='grc' dir='ltr'><strong>μὴ</strong></span> <span class='ocrx_word' id='word_1_276' title='bbox 1733 538 1851 572; x_wconf 79' lang='grc' dir='ltr'><strong>καρδίαν</strong></span> 
     </span>
    </p>
   </div>
   <div class='ocr_carea' id='block_1_40' title="bbox 1058 583 1850 622">
    <p class='ocr_par' dir='ltr' id='par_1_40' title="bbox 1058 583 1850 622">
     <span class='ocr_line' id='line_1_40' title="bbox 1058 583 1850 622; baseline -0.003 -9"><span class='ocrx_word' id='word_1_277' title='bbox 1058 586 1170 622; x_wconf 69' lang='grc' dir='ltr'><strong>ἔχοντι),</strong></span> <span class='ocrx_word' id='word_1_278' title='bbox 1189 586 1257 613; x_wconf 83' lang='grc' dir='ltr'><strong>ἀλλὰ</strong></span> <span class='ocrx_word' id='word_1_279' title='bbox 1270 587 1325 613; x_wconf 86' lang='grc' dir='ltr'><strong>τῶν</strong></span> <span class='ocrx_word' id='word_1_280' title='bbox 1345 586 1415 613; x_wconf 80' lang='grc' dir='ltr'><strong>κατὰ</strong></span> <span class='ocrx_word' id='word_1_281' title='bbox 1427 586 1498 620; x_wconf 78' lang='grc' dir='ltr'><strong>σφᾶς</strong></span> <span class='ocrx_word' id='word_1_282' title='bbox 1523 584 1615 612; x_wconf 81' lang='grc' dir='ltr'><strong>κακῶν</strong></span> <span class='ocrx_word' id='word_1_283' title='bbox 1635 583 1850 618; x_wconf 72' lang='grc' dir='ltr'><strong>ἀπαλλάξωσιν.</strong></span> 
     </span>
    </p>
   </div>
   <div class='ocr_carea' id='block_1_41' title="bbox 1065 629 1850 667">
    <p class='ocr_par' dir='ltr' id='par_1_41' title="bbox 1065 629 1850 667">
     <span class='ocr_line' id='line_1_41' title="bbox 1065 629 1850 667; baseline -0.004 -9"><span class='ocrx_word' id='word_1_284' title='bbox 1065 631 1161 658; x_wconf 81' lang='grc' dir='ltr'><strong>Ὀπότε</strong></span> <span class='ocrx_word' id='word_1_285' title='bbox 1176 630 1230 667; x_wconf 83' lang='grc' dir='ltr'><strong>γὰρ</strong></span> <span class='ocrx_word' id='word_1_286' title='bbox 1241 631 1271 657; x_wconf 78' lang='grc' dir='ltr'><strong>τὸ</strong></span> <span class='ocrx_word' id='word_1_287' title='bbox 1283 631 1331 666; x_wconf 75' lang='grc' dir='ltr'><strong>τῆς</strong></span> <span class='ocrx_word' id='word_1_288' title='bbox 1345 630 1458 666; x_wconf 84' lang='grc' dir='ltr'><strong>γνώμης</strong></span> <span class='ocrx_word' id='word_1_289' title='bbox 1471 629 1596 665; x_wconf 80' lang='grc' dir='ltr'><strong>δηλοῦται</strong></span> <span class='ocrx_word' id='word_1_290' title='bbox 1606 630 1761 664; x_wconf 80' lang='grc' dir='ltr'><strong>ἀνθρώποις</strong></span> <span class='ocrx_word' id='word_1_291' title='bbox 1776 629 1850 660; x_wconf 69' lang='grc' dir='ltr'><strong>οὖσι,</strong></span> 
     </span>
    </p>
   </div>
   <div class='ocr_carea' id='block_1_42' title="bbox 1058 675 1851 710">
    <p class='ocr_par' dir='ltr' id='par_1_42' title="bbox 1058 675 1851 710">
     <span class='ocr_line' id='line_1_42' title="bbox 1058 675 1851 710; baseline -0.004 -6"><span class='ocrx_word' id='word_1_292' title='bbox 1058 677 1217 704; x_wconf 76' lang='grc' dir='ltr'><strong>πλασθεϊσιν</strong></span> <span class='ocrx_word' id='word_1_293' title='bbox 1234 675 1427 709; x_wconf 71' lang='grc' dir='ltr'><strong>αὐτεξουσίοις,</strong></span> <span class='ocrx_word' id='word_1_294' title='bbox 1443 677 1483 703; x_wconf 77' lang='grc' dir='ltr'><strong>ἐνὶ</strong></span> <span class='ocrx_word' id='word_1_295' title='bbox 1499 676 1631 710; x_wconf 76' lang='grc' dir='ltr'><strong>θιλήματι</strong></span> <span class='ocrx_word' id='word_1_296' title='bbox 1649 676 1700 702; x_wconf 73' lang='grc' dir='ltr'><strong>κᾶν</strong></span> <span class='ocrx_word' id='word_1_297' title='bbox 1723 675 1786 702; x_wconf 79' lang='grc' dir='ltr'><strong>ὅποι</strong></span> <span class='ocrx_word' id='word_1_298' title='bbox 1804 675 1851 710; x_wconf 75' lang='grc' dir='ltr'><strong>ῥέ-</strong></span> 
     </span>
    </p>
   </div>
   <div class='ocr_carea' id='block_1_43' title="bbox 1057 721 1852 758">
    <p class='ocr_par' dir='ltr' id='par_1_43' title="bbox 1057 721 1852 758">
     <span class='ocr_line' id='line_1_43' title="bbox 1057 721 1852 758; baseline -0.003 -9"><span class='ocrx_word' id='word_1_299' title='bbox 1057 722 1103 758; x_wconf 83' lang='grc' dir='ltr'><strong>ψοι</strong></span> <span class='ocrx_word' id='word_1_300' title='bbox 1119 722 1350 757; x_wconf 77' lang='grc' dir='ltr'><strong>ἀναγκαζομένοις</strong></span> <span class='ocrx_word' id='word_1_301' title='bbox 1366 722 1491 756; x_wconf 73' lang='grc' dir='ltr'><strong>ἄγεσθαι,</strong></span> <span class='ocrx_word' id='word_1_302' title='bbox 1510 722 1534 749; x_wconf 80' lang='grc' dir='ltr'><strong>ει</strong></span> <span class='ocrx_word' id='word_1_303' title='bbox 1563 722 1610 756; x_wconf 82' lang='grc' dir='ltr'><strong>μὲν</strong></span> <span class='ocrx_word' id='word_1_304' title='bbox 1637 722 1676 753; x_wconf 77' lang='grc' dir='ltr'><strong>είς</strong></span> <span class='ocrx_word' id='word_1_305' title='bbox 1706 721 1789 755; x_wconf 82' lang='grc' dir='ltr'><strong>σῶμα</strong></span> <span class='ocrx_word' id='word_1_306' title='bbox 1819 721 1852 747; x_wconf 70' lang='grc' dir='ltr'><strong>τὺ</strong></span> 
     </span>
    </p>
   </div>
   <div class='ocr_carea' id='block_1_44' title="bbox 1059 767 1852 804">
    <p class='ocr_par' dir='ltr' id='par_1_44' title="bbox 1059 767 1852 804">
     <span class='ocr_line' id='line_1_44' title="bbox 1059 767 1852 804; baseline -0.004 -8"><span class='ocrx_word' id='word_1_307' title='bbox 1059 768 1219 798; x_wconf 63' lang='grc' dir='ltr'><strong>κινδυνῶδες</strong></span> <span class='ocrx_word' id='word_1_308' title='bbox 1234 768 1296 804; x_wconf 81' lang='grc' dir='ltr'><strong>ὁρᾷ,</strong></span> <span class='ocrx_word' id='word_1_309' title='bbox 1310 768 1357 795; x_wconf 79' lang='grc' dir='ltr'><strong>καὶ</strong></span> <span class='ocrx_word' id='word_1_310' title='bbox 1382 770 1443 794; x_wconf 84' lang='grc' dir='ltr'><strong>τότε</strong></span> <span class='ocrx_word' id='word_1_311' title='bbox 1458 767 1633 804; x_wconf 76' lang='grc' dir='ltr'><strong>παγχάλεπον</strong></span> <span class='ocrx_word' id='word_1_312' title='bbox 1661 767 1769 802; x_wconf 84' lang='grc' dir='ltr'><strong>(ταυτὸν</strong></span> <span class='ocrx_word' id='word_1_313' title='bbox 1793 767 1852 801; x_wconf 68' lang='grc' dir='ltr'><strong>γὰρ</strong></span> 
     </span>
    </p>
   </div>
   <div class='ocr_carea' id='block_1_45' title="bbox 1059 811 1851 849">
    <p class='ocr_par' dir='ltr' id='par_1_45' title="bbox 1059 811 1851 849">
     <span class='ocr_line' id='line_1_45' title="bbox 1059 811 1851 849; baseline -0.003 -9"><span class='ocrx_word' id='word_1_314' title='bbox 1059 815 1089 841; x_wconf 80' lang='grc' dir='ltr'><strong>τὸ</strong></span> <span class='ocrx_word' id='word_1_315' title='bbox 1103 811 1223 848; x_wconf 77' lang='grc' dir='ltr'><strong>εἶναιτῷ</strong></span> <span class='ocrx_word' id='word_1_316' title='bbox 1235 813 1258 840; x_wconf 83' lang='grc' dir='ltr'><strong>τ’</strong></span> <span class='ocrx_word' id='word_1_317' title='bbox 1274 813 1385 849; x_wconf 81' lang='grc' dir='ltr'><strong>ἄρχοντι</strong></span> <span class='ocrx_word' id='word_1_318' title='bbox 1398 814 1454 845; x_wconf 83' lang='grc' dir='ltr'><strong>τοῖς</strong></span> <span class='ocrx_word' id='word_1_319' title='bbox 1470 813 1493 839; x_wconf 84' lang='grc' dir='ltr'><strong>τ’</strong></span> <span class='ocrx_word' id='word_1_320' title='bbox 1505 814 1676 848; x_wconf 83' lang='grc' dir='ltr'><strong>ἀρχομένοις,</strong></span> <span class='ocrx_word' id='word_1_321' title='bbox 1695 813 1742 839; x_wconf 74' lang='grc' dir='ltr'><strong>καὶ</strong></span> <span class='ocrx_word' id='word_1_322' title='bbox 1761 812 1851 844; x_wconf 74' lang='grc' dir='ltr'><strong>ἄλλως</strong></span> 
     </span>
    </p>
   </div>
   <div class='ocr_carea' id='block_1_46' title="bbox 1059 857 1852 894">
    <p class='ocr_par' dir='ltr' id='par_1_46' title="bbox 1059 857 1852 894">
     <span class='ocr_line' id='line_1_46' title="bbox 1059 857 1852 894; baseline -0.003 -8"><span class='ocrx_word' id='word_1_323' title='bbox 1059 859 1109 886; x_wconf 81' lang='grc' dir='ltr'><strong>οὐκ</strong></span> <span class='ocrx_word' id='word_1_324' title='bbox 1133 859 1192 886; x_wconf 79' lang='grc' dir='ltr'><strong>ιστι</strong></span> <span class='ocrx_word' id='word_1_325' title='bbox 1219 859 1295 894; x_wconf 84' lang='grc' dir='ltr'><strong>σφίσι</strong></span> <span class='ocrx_word' id='word_1_326' title='bbox 1325 859 1469 891; x_wconf 81' lang='grc' dir='ltr'><strong>σώζεσθαι,</strong></span> <span class='ocrx_word' id='word_1_327' title='bbox 1498 859 1522 885; x_wconf 81' lang='lat' dir='ltr'><strong>sl</strong></span> <span class='ocrx_word' id='word_1_328' title='bbox 1550 859 1587 894; x_wconf 86' lang='grc' dir='ltr'><strong>μή</strong></span> <span class='ocrx_word' id='word_1_329' title='bbox 1604 866 1636 893; x_wconf 80' lang='grc' dir='ltr'><strong>γε</strong></span> <span class='ocrx_word' id='word_1_330' title='bbox 1650 857 1783 888; x_wconf 78' lang='grc' dir='ltr'><strong>ἑκουσίως</strong></span> <span class='ocrx_word' id='word_1_331' title='bbox 1801 858 1852 884; x_wconf 78' lang='grc' dir='ltr'><strong>καὶ</strong></span> 
     </span>
    </p>
   </div>
   <div class='ocr_carea' id='block_1_47' title="bbox 1022 893 1852 940">
    <p class='ocr_par' dir='ltr' id='par_1_47' title="bbox 1022 893 1852 940">
     <span class='ocr_line' id='line_1_47' title="bbox 1022 893 1852 940; baseline -0.004 -8"><span class='ocrx_word' id='word_1_332' title='bbox 1022 893 1044 921; x_wconf 70' lang='grc' dir='ltr'><strong>Β</strong></span> <span class='ocrx_word' id='word_1_333' title='bbox 1059 893 1253 940; x_wconf 52' lang='grc' dir='ltr'><strong>συμφωνοῐεν),</strong></span> <span class='ocrx_word' id='word_1_334' title='bbox 1270 905 1295 931; x_wconf 85' lang='grc' dir='ltr'><strong>εί</strong></span> <span class='ocrx_word' id='word_1_335' title='bbox 1308 905 1336 932; x_wconf 69' lang='grc' dir='ltr'><strong>δὲ</strong></span> <span class='ocrx_word' id='word_1_336' title='bbox 1348 905 1396 931; x_wconf 84' lang='grc' dir='ltr'><strong>καὶ</strong></span> <span class='ocrx_word' id='word_1_337' title='bbox 1412 905 1441 936; x_wconf 78' lang='grc' dir='ltr'><strong>ἐς</strong></span> <span class='ocrx_word' id='word_1_338' title='bbox 1456 903 1558 939; x_wconf 82' lang='grc' dir='ltr'><strong>ψυχὴν,</strong></span> <span class='ocrx_word' id='word_1_339' title='bbox 1572 904 1610 936; x_wconf 79' lang='grc' dir='ltr'><strong>ὡς</strong></span> <span class='ocrx_word' id='word_1_340' title='bbox 1625 903 1682 930; x_wconf 85' lang='grc' dir='ltr'><strong>τότ’</strong></span> <span class='ocrx_word' id='word_1_341' title='bbox 1698 902 1782 938; x_wconf 75' lang='grc' dir='ltr'><strong>ᾤοντό</strong></span> <span class='ocrx_word' id='word_1_342' title='bbox 1810 911 1852 929; x_wconf 82' lang='grc' dir='ltr'><strong>τι-</strong></span> 
     </span>
    </p>
   </div>
   <div class='ocr_carea' id='block_1_48' title="bbox 1057 949 1851 986">
    <p class='ocr_par' dir='ltr' id='par_1_48' title="bbox 1057 949 1851 986">
     <span class='ocr_line' id='line_1_48' title="bbox 1057 949 1851 986; baseline -0.003 -8"><span class='ocrx_word' id='word_1_343' title='bbox 1057 959 1112 984; x_wconf 71' lang='grc' dir='ltr'><strong>νες,</strong></span> <span class='ocrx_word' id='word_1_344' title='bbox 1139 951 1274 986; x_wconf 85' lang='grc' dir='ltr'><strong>σωτήριον</strong></span> <span class='ocrx_word' id='word_1_345' title='bbox 1298 951 1315 986; x_wconf 83' lang='grc' dir='ltr'>ὴ</span> <span class='ocrx_word' id='word_1_346' title='bbox 1346 949 1492 985; x_wconf 80' lang='grc' dir='ltr'><strong>ἀπαλλαγὴ</strong></span> <span class='ocrx_word' id='word_1_347' title='bbox 1507 950 1626 981; x_wconf 78' lang='grc' dir='ltr'><strong>πάντως.</strong></span> <span class='ocrx_word' id='word_1_348' title='bbox 1649 950 1683 976; x_wconf 88' lang='lat'><strong>&#39;0</strong></span> <span class='ocrx_word' id='word_1_349' title='bbox 1709 949 1851 980; x_wconf 73' lang='grc' dir='ltr'><strong>κάκείνοις</strong></span> 
     </span>
    </p>
   </div>
   <div class='ocr_carea' id='block_1_49' title="bbox 1058 995 1848 1032">
    <p class='ocr_par' dir='ltr' id='par_1_49' title="bbox 1058 995 1848 1032">
     <span class='ocr_line' id='line_1_49' title="bbox 1058 995 1848 1032; baseline -0.003 -9"><span class='ocrx_word' id='word_1_350' title='bbox 1058 997 1123 1028; x_wconf 78' lang='grc' dir='ltr'><strong>ῐσως</strong></span> <span class='ocrx_word' id='word_1_351' title='bbox 1137 996 1249 1031; x_wconf 80' lang='grc' dir='ltr'><strong>ζητοῦσι</strong></span> <span class='ocrx_word' id='word_1_352' title='bbox 1265 996 1339 1023; x_wconf 79' lang='grc' dir='ltr'><strong>δεινὰ</strong></span> <span class='ocrx_word' id='word_1_353' title='bbox 1353 996 1429 1032; x_wconf 82' lang='grc' dir='ltr'><strong>παρά</strong></span> <span class='ocrx_word' id='word_1_354' title='bbox 1442 995 1489 1022; x_wconf 83' lang='grc' dir='ltr'><strong>τοῦ</strong></span> <span class='ocrx_word' id='word_1_355' title='bbox 1519 995 1682 1031; x_wconf 77' lang='grc' dir='ltr'><strong>κρατοῦντος</strong></span> <span class='ocrx_word' id='word_1_356' title='bbox 1712 995 1848 1030; x_wconf 76' lang='grc' dir='ltr'><strong>ἐφῆπται.</strong></span> 
     </span>
    </p>
   </div>
   <div class='ocr_carea' id='block_1_50' title="bbox 1057 1039 1850 1075">
    <p class='ocr_par' dir='ltr' id='par_1_50' title="bbox 1057 1039 1850 1075">
     <span class='ocr_line' id='line_1_50' title="bbox 1057 1039 1850 1075; baseline 0 -9"><span class='ocrx_word' id='word_1_357' title='bbox 1057 1040 1112 1067; x_wconf 77' lang='grc' dir='ltr'><strong>Καὶ</strong></span> <span class='ocrx_word' id='word_1_358' title='bbox 1126 1039 1186 1067; x_wconf 77' lang='grc' dir='ltr'><strong>δέον</strong></span> <span class='ocrx_word' id='word_1_359' title='bbox 1197 1039 1228 1066; x_wconf 82' lang='grc' dir='ltr'><strong>τδ</strong></span> <span class='ocrx_word' id='word_1_360' title='bbox 1245 1040 1367 1075; x_wconf 81' lang='grc' dir='ltr'><strong>σκσμὸδν</strong></span> <span class='ocrx_word' id='word_1_361' title='bbox 1392 1040 1461 1075; x_wconf 78' lang='grc' dir='ltr'><strong>πρὸς</strong></span> <span class='ocrx_word' id='word_1_362' title='bbox 1483 1039 1513 1066; x_wconf 80' lang='grc' dir='ltr'><strong>τὸ</strong></span> <span class='ocrx_word' id='word_1_363' title='bbox 1535 1040 1614 1075; x_wconf 78' lang='grc' dir='ltr'><strong>ὀρθὸν</strong></span> <span class='ocrx_word' id='word_1_364' title='bbox 1634 1039 1850 1073; x_wconf 65' lang='grc' dir='ltr'><strong>ἀπευθύνεσεαι,</strong></span> 
     </span>
    </p>
   </div>
   <div class='ocr_carea' id='block_1_51' title="bbox 1055 1085 1851 1122">
    <p class='ocr_par' dir='ltr' id='par_1_51' title="bbox 1055 1085 1851 1122">
     <span class='ocr_line' id='line_1_51' title="bbox 1055 1085 1851 1122; baseline -0.001 -9"><span class='ocrx_word' id='word_1_365' title='bbox 1055 1086 1094 1118; x_wconf 78' lang='grc' dir='ltr'><strong>ὡς</strong></span> <span class='ocrx_word' id='word_1_366' title='bbox 1108 1086 1237 1119; x_wconf 77' lang='grc' dir='ltr'><strong>ίσάζοιεν,</strong></span> <span class='ocrx_word' id='word_1_367' title='bbox 1249 1087 1263 1113; x_wconf 85' lang='grc' dir='ltr'>ὁ</span> <span class='ocrx_word' id='word_1_368' title='bbox 1273 1086 1303 1113; x_wconf 70' lang='grc' dir='ltr'><strong>δὲ</strong></span> <span class='ocrx_word' id='word_1_369' title='bbox 1317 1086 1347 1113; x_wconf 81' lang='grc' dir='ltr'><strong>τὺ</strong></span> <span class='ocrx_word' id='word_1_370' title='bbox 1361 1086 1441 1121; x_wconf 81' lang='grc' dir='ltr'><strong>ὀρθὸν</strong></span> <span class='ocrx_word' id='word_1_371' title='bbox 1452 1085 1520 1122; x_wconf 79' lang='grc' dir='ltr'><strong>πρὸς</strong></span> <span class='ocrx_word' id='word_1_372' title='bbox 1536 1085 1566 1113; x_wconf 67' lang='lat' dir='ltr'><strong>rb</strong></span> <span class='ocrx_word' id='word_1_373' title='bbox 1581 1086 1706 1120; x_wconf 73' lang='grc' dir='ltr'><strong>σκαμῦδν</strong></span> <span class='ocrx_word' id='word_1_374' title='bbox 1726 1085 1851 1112; x_wconf 79' lang='grc' dir='ltr'><strong>ἀπευθύ-</strong></span> 
     </span>
    </p>
   </div>
   <div class='ocr_carea' id='block_1_52' title="bbox 1056 1173 1846 1210">
    <p class='ocr_par' dir='ltr' id='par_1_52' title="bbox 1056 1173 1846 1210">
     <span class='ocr_line' id='line_1_52' title="bbox 1056 1173 1846 1210; baseline -0.003 -9"><span class='ocrx_word' id='word_1_375' title='bbox 1056 1173 1178 1202; x_wconf 87' lang='lat' dir='ltr'><strong>admitti.</strong></span> <span class='ocrx_word' id='word_1_376' title='bbox 1196 1173 1253 1201; x_wconf 80' lang='lat' dir='ltr'><strong>Hac</strong></span> <span class='ocrx_word' id='word_1_377' title='bbox 1270 1175 1316 1202; x_wconf 92' lang='lat' dir='ltr'><strong>ille</strong></span> <span class='ocrx_word' id='word_1_378' title='bbox 1335 1174 1377 1202; x_wconf 82' lang='lat' dir='ltr'><strong>sui</strong></span> <span class='ocrx_word' id='word_1_379' title='bbox 1397 1174 1560 1202; x_wconf 77' lang='lat' dir='ltr'><strong>defensione</strong></span> <span class='ocrx_word' id='word_1_380' title='bbox 1575 1174 1676 1210; x_wconf 63' lang='lat' dir='ltr'><strong>sapius</strong></span> <span class='ocrx_word' id='word_1_381' title='bbox 1698 1173 1846 1204; x_wconf 78' lang='lat' dir='ltr'><strong>utebatur.</strong></span> 
     </span>
    </p>
   </div>
   <div class='ocr_carea' id='block_1_53' title="bbox 1055 1218 1845 1256">
    <p class='ocr_par' dir='ltr' id='par_1_53' title="bbox 1055 1218 1845 1256">
     <span class='ocr_line' id='line_1_53' title="bbox 1055 1218 1845 1256; baseline 0 -10"><span class='ocrx_word' id='word_1_382' title='bbox 1055 1218 1209 1255; x_wconf 84' lang='lat' dir='ltr'><strong>adjungens</strong></span> <span class='ocrx_word' id='word_1_383' title='bbox 1225 1221 1251 1247; x_wconf 83' lang='lat' dir='ltr'><strong>in</strong></span> <span class='ocrx_word' id='word_1_384' title='bbox 1269 1225 1347 1256; x_wconf 90' lang='lat' dir='ltr'><strong>parte</strong></span> <span class='ocrx_word' id='word_1_385' title='bbox 1359 1220 1529 1248; x_wconf 84' lang='lat' dir='ltr'><strong>infelicitatis</strong></span> <span class='ocrx_word' id='word_1_386' title='bbox 1543 1227 1688 1247; x_wconf 89' lang='lat' dir='ltr'><strong>numerare</strong></span> <span class='ocrx_word' id='word_1_387' title='bbox 1708 1227 1750 1250; x_wconf 87' lang='lat' dir='ltr'><strong>se.</strong></span> <span class='ocrx_word' id='word_1_388' title='bbox 1767 1219 1845 1254; x_wconf 78' lang='lat' dir='ltr'><strong>quod</strong></span> 
     </span>
    </p>
   </div>
   <div class='ocr_carea' id='block_1_54' title="bbox 1055 1264 1849 1300">
    <p class='ocr_par' dir='ltr' id='par_1_54' title="bbox 1055 1264 1849 1300">
     <span class='ocr_line' id='line_1_54' title="bbox 1055 1264 1849 1300; baseline -0.001 -8"><span class='ocrx_word' id='word_1_389' title='bbox 1055 1265 1103 1300; x_wconf 88' lang='lat' dir='ltr'><strong>qui</strong></span> <span class='ocrx_word' id='word_1_390' title='bbox 1120 1273 1136 1293; x_wconf 91' lang='lat' dir='ltr'><strong>a</strong></span> <span class='ocrx_word' id='word_1_391' title='bbox 1158 1273 1244 1300; x_wconf 87' lang='lat' dir='ltr'><strong>puero</strong></span> <span class='ocrx_word' id='word_1_392' title='bbox 1263 1266 1386 1293; x_wconf 88' lang='lat' dir='ltr'><strong>audisset</strong></span> <span class='ocrx_word' id='word_1_393' title='bbox 1412 1265 1518 1293; x_wconf 88' lang='lat' dir='ltr'><strong>amicus</strong></span> <span class='ocrx_word' id='word_1_394' title='bbox 1535 1264 1745 1297; x_wconf 84' lang='lat' dir='ltr'><strong>monachorum,</strong></span> <span class='ocrx_word' id='word_1_395' title='bbox 1770 1271 1849 1292; x_wconf 89' lang='lat' dir='ltr'><strong>nunc</strong></span> 
     </span>
    </p>
   </div>
   <div class='ocr_carea' id='block_1_55' title="bbox 1058 1311 1848 1349">
    <p class='ocr_par' dir='ltr' id='par_1_55' title="bbox 1058 1311 1848 1349">
     <span class='ocr_line' id='line_1_55' title="bbox 1058 1311 1848 1349; baseline -0.004 -9"><span class='ocrx_word' id='word_1_396' title='bbox 1058 1311 1134 1340; x_wconf 86' lang='lat' dir='ltr'><strong>istud</strong></span> <span class='ocrx_word' id='word_1_397' title='bbox 1162 1320 1250 1349; x_wconf 81' lang='lat' dir='ltr'><strong>genus</strong></span> <span class='ocrx_word' id='word_1_398' title='bbox 1276 1313 1420 1341; x_wconf 90' lang='lat' dir='ltr'><strong>hominum</strong></span> <span class='ocrx_word' id='word_1_399' title='bbox 1445 1311 1546 1342; x_wconf 79' lang='lat' dir='ltr'><strong>odisse</strong></span> <span class='ocrx_word' id='word_1_400' title='bbox 1564 1316 1708 1348; x_wconf 76' lang='lat' dir='ltr'><strong>cogeretur</strong></span> <span class='ocrx_word' id='word_1_401' title='bbox 1731 1317 1848 1346; x_wconf 83' lang='lat' dir='ltr'><strong>propter</strong></span> 
     </span>
    </p>
   </div>
   <div class='ocr_carea' id='block_1_56' title="bbox 1055 1357 1845 1392">
    <p class='ocr_par' dir='ltr' id='par_1_56' title="bbox 1055 1357 1845 1392">
     <span class='ocr_line' id='line_1_56' title="bbox 1055 1357 1845 1392; baseline -0.003 -7"><span class='ocrx_word' id='word_1_402' title='bbox 1055 1357 1177 1392; x_wconf 88' lang='lat' dir='ltr'><strong>ipsorum</strong></span> <span class='ocrx_word' id='word_1_403' title='bbox 1194 1358 1360 1386; x_wconf 82' lang='lat' dir='ltr'><strong>malevolum</strong></span> <span class='ocrx_word' id='word_1_404' title='bbox 1380 1358 1504 1386; x_wconf 83' lang='lat' dir='ltr'><strong>animum</strong></span> <span class='ocrx_word' id='word_1_405' title='bbox 1523 1367 1530 1386; x_wconf 93' lang='lat'>:</span> <span class='ocrx_word' id='word_1_406' title='bbox 1548 1357 1748 1386; x_wconf 67' lang='lat' dir='ltr'><strong>malevolentiae</strong></span> <span class='ocrx_word' id='word_1_407' title='bbox 1765 1357 1845 1384; x_wconf 88' lang='lat' dir='ltr'><strong>vide-</strong></span> 
     </span>
    </p>
   </div>
   <div class='ocr_carea' id='block_1_57' title="bbox 1054 1402 1845 1439">
    <p class='ocr_par' dir='ltr' id='par_1_57' title="bbox 1054 1402 1845 1439">
     <span class='ocr_line' id='line_1_57' title="bbox 1054 1402 1845 1439; baseline -0.003 -9"><span class='ocrx_word' id='word_1_408' title='bbox 1054 1402 1120 1431; x_wconf 87' lang='lat' dir='ltr'><strong>licet</strong></span> <span class='ocrx_word' id='word_1_409' title='bbox 1143 1404 1312 1435; x_wconf 83' lang='lat' dir='ltr'><strong>ascribebat.</strong></span> <span class='ocrx_word' id='word_1_410' title='bbox 1339 1404 1412 1439; x_wconf 87' lang='lat' dir='ltr'><strong>quod</strong></span> <span class='ocrx_word' id='word_1_411' title='bbox 1437 1404 1478 1431; x_wconf 89' lang='lat' dir='ltr'><strong>illi</strong></span> <span class='ocrx_word' id='word_1_412' title='bbox 1508 1404 1664 1438; x_wconf 75' lang='lat' dir='ltr'><strong>refugerent</strong></span> <span class='ocrx_word' id='word_1_413' title='bbox 1687 1402 1845 1437; x_wconf 82' lang='lat' dir='ltr'><strong>approbare</strong></span> 
     </span>
    </p>
   </div>
   <div class='ocr_carea' id='block_1_58' title="bbox 1053 1448 1843 1484">
    <p class='ocr_par' dir='ltr' id='par_1_58' title="bbox 1053 1448 1843 1484">
     <span class='ocr_line' id='line_1_58' title="bbox 1053 1448 1843 1484; baseline -0.001 -8"><span class='ocrx_word' id='word_1_414' title='bbox 1053 1456 1115 1484; x_wconf 63' lang='lat' dir='ltr'><strong>qua:</strong></span> <span class='ocrx_word' id='word_1_415' title='bbox 1131 1448 1244 1476; x_wconf 81' lang='lat' dir='ltr'><strong>fiebant.</strong></span> <span class='ocrx_word' id='word_1_416' title='bbox 1267 1448 1306 1476; x_wconf 79' lang='lat' dir='ltr'><strong>Ex</strong></span> <span class='ocrx_word' id='word_1_417' title='bbox 1322 1450 1375 1477; x_wconf 89' lang='lat' dir='ltr'><strong>hoc</strong></span> <span class='ocrx_word' id='word_1_418' title='bbox 1395 1456 1480 1484; x_wconf 92' lang='lat' dir='ltr'><strong>porro</strong></span> <span class='ocrx_word' id='word_1_419' title='bbox 1494 1448 1639 1476; x_wconf 85' lang='lat' dir='ltr'><strong>declarato</strong></span> <span class='ocrx_word' id='word_1_420' title='bbox 1663 1448 1843 1483; x_wconf 82' lang='lat' dir='ltr'><strong>imperatoris</strong></span> 
     </span>
    </p>
   </div>
   <div class='ocr_carea' id='block_1_59' title="bbox 1053 1494 1844 1529">
    <p class='ocr_par' dir='ltr' id='par_1_59' title="bbox 1053 1494 1844 1529">
     <span class='ocr_line' id='line_1_59' title="bbox 1053 1494 1844 1529; baseline -0.003 -7"><span class='ocrx_word' id='word_1_421' title='bbox 1053 1495 1081 1522; x_wconf 92' lang='lat' dir='ltr'><strong>in</strong></span> <span class='ocrx_word' id='word_1_422' title='bbox 1097 1495 1248 1524; x_wconf 89' lang='lat' dir='ltr'><strong>monachos</strong></span> <span class='ocrx_word' id='word_1_423' title='bbox 1277 1496 1341 1524; x_wconf 87' lang='lat' dir='ltr'><strong>odio</strong></span> <span class='ocrx_word' id='word_1_424' title='bbox 1355 1495 1437 1524; x_wconf 84' lang='lat' dir='ltr'><strong>ﬂebat</strong></span> <span class='ocrx_word' id='word_1_425' title='bbox 1453 1500 1481 1522; x_wconf 85' lang='lat' dir='ltr'><strong>ut</strong></span> <span class='ocrx_word' id='word_1_426' title='bbox 1498 1495 1535 1523; x_wconf 89' lang='lat' dir='ltr'><strong>illi</strong></span> <span class='ocrx_word' id='word_1_427' title='bbox 1551 1495 1660 1523; x_wconf 76' lang='lat' dir='ltr'><strong>curiose</strong></span> <span class='ocrx_word' id='word_1_428' title='bbox 1679 1494 1844 1529; x_wconf 68' lang='lat' dir='ltr'><strong>indagarrnt</strong></span> 
     </span>
    </p>
   </div>
   <div class='ocr_carea' id='block_1_60' title="bbox 1054 1541 1841 1578">
    <p class='ocr_par' dir='ltr' id='par_1_60' title="bbox 1054 1541 1841 1578">
     <span class='ocr_line' id='line_1_60' title="bbox 1054 1541 1841 1578; baseline -0.003 -10"><span class='ocrx_word' id='word_1_429' title='bbox 1054 1545 1190 1577; x_wconf 88' lang='lat' dir='ltr'><strong>tempora,</strong></span> <span class='ocrx_word' id='word_1_430' title='bbox 1216 1542 1428 1578; x_wconf 84' lang='lat' dir='ltr'><strong>praesentiseere</strong></span> <span class='ocrx_word' id='word_1_431' title='bbox 1450 1541 1669 1569; x_wconf 80' lang='lat' dir='ltr'><strong>divinationibus</strong></span> <span class='ocrx_word' id='word_1_432' title='bbox 1690 1545 1841 1571; x_wconf 73' lang='lat' dir='ltr'><strong>conantes,</strong></span> 
     </span>
    </p>
   </div>
   <div class='ocr_carea' id='block_1_61' title="bbox 216 1587 1843 1624">
    <p class='ocr_par' dir='ltr' id='par_1_61' title="bbox 216 1587 1843 1624">
     <span class='ocr_line' id='line_1_61' title="bbox 216 1587 1843 1624; baseline -0.001 -10"><span class='ocrx_word' id='word_1_433' title='bbox 216 1595 278 1614; x_wconf 91' lang='lat' dir='ltr'><strong>rum</strong></span> <span class='ocrx_word' id='word_1_434' title='bbox 295 1588 429 1623; x_wconf 84' lang='lat' dir='ltr'><strong>dynastas</strong></span> <span class='ocrx_word' id='word_1_435' title='bbox 446 1590 597 1619; x_wconf 87' lang='lat' dir='ltr'><strong>tractuum,</strong></span> <span class='ocrx_word' id='word_1_436' title='bbox 614 1587 809 1622; x_wconf 86' lang='lat' dir='ltr'><strong>comprehendi</strong></span> <span class='ocrx_word' id='word_1_437' title='bbox 825 1588 933 1616; x_wconf 84' lang='lat' dir='ltr'><strong>curavit</strong></span> <span class='ocrx_word' id='word_1_438' title='bbox 952 1595 1001 1624; x_wconf 89' lang='lat' dir='ltr'><strong>per</strong></span> <span class='ocrx_word' id='word_1_439' title='bbox 1015 1587 1037 1596; x_wconf 85' lang='grc'><strong>“⁵</strong></span> <span class='ocrx_word' id='word_1_440' title='bbox 1052 1587 1163 1622; x_wconf 85' lang='lat' dir='ltr'><strong>quando</strong></span> <span class='ocrx_word' id='word_1_441' title='bbox 1177 1595 1231 1615; x_wconf 89' lang='lat' dir='ltr'><strong>non</strong></span> <span class='ocrx_word' id='word_1_442' title='bbox 1243 1587 1353 1622; x_wconf 87' lang='lat' dir='ltr'><strong>quidem</strong></span> <span class='ocrx_word' id='word_1_443' title='bbox 1371 1588 1535 1622; x_wconf 88' lang='lat' dir='ltr'><strong>imperatore</strong></span> <span class='ocrx_word' id='word_1_444' title='bbox 1549 1588 1623 1623; x_wconf 84' lang='lat' dir='ltr'><strong>(nam</strong></span> <span class='ocrx_word' id='word_1_445' title='bbox 1639 1588 1698 1615; x_wconf 87' lang='lat' dir='ltr'><strong>sine</strong></span> <span class='ocrx_word' id='word_1_446' title='bbox 1712 1587 1843 1621; x_wconf 88' lang='lat' dir='ltr'><strong>principe</strong></span> 
     </span>
    </p>
   </div>
   <div class='ocr_carea' id='block_1_62' title="bbox 217 1631 1000 1670">
    <p class='ocr_par' dir='ltr' id='par_1_62' title="bbox 217 1631 1000 1670">
     <span class='ocr_line' id='line_1_62' title="bbox 217 1631 1000 1670; baseline 0.004 -11"><span class='ocrx_word' id='word_1_447' title='bbox 217 1631 346 1667; x_wconf 78' lang='lat' dir='ltr'><strong>Icarium,</strong></span> <span class='ocrx_word' id='word_1_448' title='bbox 364 1632 445 1661; x_wconf 88' lang='lat' dir='ltr'><strong>titulo</strong></span> <span class='ocrx_word' id='word_1_449' title='bbox 460 1637 489 1661; x_wconf 84' lang='lat' dir='ltr'><strong>et</strong></span> <span class='ocrx_word' id='word_1_450' title='bbox 504 1633 611 1662; x_wconf 86' lang='lat' dir='ltr'><strong>honore</strong></span> <span class='ocrx_word' id='word_1_451' title='bbox 624 1635 714 1668; x_wconf 85' lang='lat' dir='ltr'><strong>magni</strong></span> <span class='ocrx_word' id='word_1_452' title='bbox 730 1633 812 1662; x_wconf 88' lang='lat' dir='ltr'><strong>ducis</strong></span> <span class='ocrx_word' id='word_1_453' title='bbox 826 1634 909 1663; x_wconf 79' lang='lat' dir='ltr'><strong>classi</strong></span> <span class='ocrx_word' id='word_1_454' title='bbox 927 1642 1000 1670; x_wconf 70' lang='lat' dir='ltr'><strong>pra:-</strong></span> 
     </span>
    </p>
   </div>
   <div class='ocr_carea' id='block_1_63' title="bbox 216 1678 1001 1715">
    <p class='ocr_par' dir='ltr' id='par_1_63' title="bbox 216 1678 1001 1715">
     <span class='ocr_line' id='line_1_63' title="bbox 216 1678 1001 1715; baseline 0.005 -9"><span class='ocrx_word' id='word_1_455' title='bbox 216 1678 335 1713; x_wconf 86' lang='lat' dir='ltr'><strong>fecturn;</strong></span> <span class='ocrx_word' id='word_1_456' title='bbox 355 1683 490 1715; x_wconf 89' lang='lat' dir='ltr'><strong>captoque</strong></span> <span class='ocrx_word' id='word_1_457' title='bbox 511 1682 673 1711; x_wconf 88' lang='lat' dir='ltr'><strong>conditione</strong></span> <span class='ocrx_word' id='word_1_458' title='bbox 697 1682 763 1715; x_wconf 88' lang='lat' dir='ltr'><strong>lata,</strong></span> <span class='ocrx_word' id='word_1_459' title='bbox 781 1686 810 1710; x_wconf 89' lang='lat' dir='ltr'><strong>ut</strong></span> <span class='ocrx_word' id='word_1_460' title='bbox 830 1682 873 1710; x_wconf 85' lang='lat' dir='ltr'><strong>vel</strong></span> <span class='ocrx_word' id='word_1_461' title='bbox 894 1681 1001 1710; x_wconf 78' lang='lat' dir='ltr'><strong>debitas</strong></span> 
     </span>
    </p>
   </div>
   <div class='ocr_carea' id='block_1_64' title="bbox 217 1726 1001 1763">
    <p class='ocr_par' dir='ltr' id='par_1_64' title="bbox 217 1726 1001 1763">
     <span class='ocr_line' id='line_1_64' title="bbox 217 1726 1001 1763; baseline 0.004 -11"><span class='ocrx_word' id='word_1_462' title='bbox 217 1733 264 1752; x_wconf 86' lang='lat' dir='ltr'><strong>reo</strong></span> <span class='ocrx_word' id='word_1_463' title='bbox 285 1726 483 1760; x_wconf 92' lang='lat' dir='ltr'><strong>perduellionis</strong></span> <span class='ocrx_word' id='word_1_464' title='bbox 501 1736 599 1763; x_wconf 68' lang='lat' dir='ltr'><strong>poenas</strong></span> <span class='ocrx_word' id='word_1_465' title='bbox 616 1729 715 1763; x_wconf 84' lang='lat' dir='ltr'><strong>lueret,</strong></span> <span class='ocrx_word' id='word_1_466' title='bbox 732 1729 776 1758; x_wconf 89' lang='lat' dir='ltr'><strong>vel</strong></span> <span class='ocrx_word' id='word_1_467' title='bbox 791 1736 839 1757; x_wconf 84' lang='lat' dir='ltr'><strong>eas</strong></span> <span class='ocrx_word' id='word_1_468' title='bbox 853 1728 1001 1756; x_wconf 88' lang='lat' dir='ltr'><strong>redimeret</strong></span> 
     </span>
    </p>
   </div>
   <div class='ocr_carea' id='block_1_65' title="bbox 215 1771 1000 1806">
    <p class='ocr_par' dir='ltr' id='par_1_65' title="bbox 215 1771 1000 1806">
     <span class='ocr_line' id='line_1_65' title="bbox 215 1771 1000 1806; baseline 0.005 -9"><span class='ocrx_word' id='word_1_469' title='bbox 215 1771 392 1806; x_wconf 87' lang='lat' dir='ltr'><strong>approbanda</strong></span> <span class='ocrx_word' id='word_1_470' title='bbox 420 1772 605 1801; x_wconf 82' lang='lat' dir='ltr'><strong>Ecclesiarum</strong></span> <span class='ocrx_word' id='word_1_471' title='bbox 628 1774 788 1805; x_wconf 84' lang='lat' dir='ltr'><strong>concordia.</strong></span> <span class='ocrx_word' id='word_1_472' title='bbox 814 1773 859 1801; x_wconf 83' lang='lat' dir='ltr'><strong>cui</strong></span> <span class='ocrx_word' id='word_1_473' title='bbox 886 1776 1000 1801; x_wconf 83' lang='lat' dir='ltr'><strong>eatenus</strong></span> 
     </span>
    </p>
   </div>
   <div class='ocr_carea' id='block_1_66' title="bbox 215 1818 1000 1852">
    <p class='ocr_par' dir='ltr' id='par_1_66' title="bbox 215 1818 1000 1852">
     <span class='ocr_line' id='line_1_66' title="bbox 215 1818 1000 1852; baseline 0.003 -8"><span class='ocrx_word' id='word_1_474' title='bbox 215 1818 394 1852; x_wconf 82' lang='lat' dir='ltr'><strong>acquiescere</strong></span> <span class='ocrx_word' id='word_1_475' title='bbox 419 1823 561 1852; x_wconf 78' lang='lat' dir='ltr'><strong>tenuerat,</strong></span> <span class='ocrx_word' id='word_1_476' title='bbox 583 1820 610 1847; x_wconf 91' lang='lat' dir='ltr'><strong>in</strong></span> <span class='ocrx_word' id='word_1_477' title='bbox 633 1827 696 1848; x_wconf 88' lang='lat' dir='ltr'><strong>eum</strong></span> <span class='ocrx_word' id='word_1_478' title='bbox 710 1827 741 1848; x_wconf 88' lang='lat' dir='ltr'><strong>se</strong></span> <span class='ocrx_word' id='word_1_479' title='bbox 758 1818 948 1847; x_wconf 80' lang='lat' dir='ltr'><strong>obﬁrmantem</strong></span> <span class='ocrx_word' id='word_1_480' title='bbox 972 1818 1000 1846; x_wconf 94' lang='lat' dir='ltr'><strong>in</strong></span> 
     </span>
    </p>
   </div>
   <div class='ocr_carea' id='block_1_67' title="bbox 215 1862 1001 1899">
    <p class='ocr_par' dir='ltr' id='par_1_67' title="bbox 215 1862 1001 1899">
     <span class='ocr_line' id='line_1_67' title="bbox 215 1862 1001 1899; baseline 0.003 -10"><span class='ocrx_word' id='word_1_481' title='bbox 215 1862 366 1897; x_wconf 84' lang='lat' dir='ltr'><strong>rejectione</strong></span> <span class='ocrx_word' id='word_1_482' title='bbox 386 1863 464 1899; x_wconf 85' lang='lat' dir='ltr'><strong>pacis</strong></span> <span class='ocrx_word' id='word_1_483' title='bbox 483 1864 543 1899; x_wconf 80' lang='lat' dir='ltr'><strong>lege</strong></span> <span class='ocrx_word' id='word_1_484' title='bbox 558 1869 648 1892; x_wconf 85' lang='lat' dir='ltr'><strong>actum</strong></span> <span class='ocrx_word' id='word_1_485' title='bbox 666 1869 718 1893; x_wconf 89' lang='lat' dir='ltr'><strong>est.</strong></span> <span class='ocrx_word' id='word_1_486' title='bbox 735 1865 839 1893; x_wconf 89' lang='lat' dir='ltr'><strong>Coccos</strong></span> <span class='ocrx_word' id='word_1_487' title='bbox 865 1872 929 1893; x_wconf 91' lang='lat' dir='ltr'><strong>vero</strong></span> <span class='ocrx_word' id='word_1_488' title='bbox 944 1871 1001 1892; x_wconf 88' lang='lat' dir='ltr'><strong>mo-</strong></span> 
     </span>
    </p>
   </div>
   <div class='ocr_carea' id='block_1_68' title="bbox 216 1907 998 1945">
    <p class='ocr_par' dir='ltr' id='par_1_68' title="bbox 216 1907 998 1945">
     <span class='ocr_line' id='line_1_68' title="bbox 216 1907 998 1945; baseline 0.003 -11"><span class='ocrx_word' id='word_1_489' title='bbox 216 1907 320 1935; x_wconf 61' lang='lat' dir='ltr'><strong>nachos</strong></span> <span class='ocrx_word' id='word_1_490' title='bbox 338 1912 479 1943; x_wconf 55' lang='lat' dir='ltr'><strong>praetereo,</strong></span> <span class='ocrx_word' id='word_1_491' title='bbox 497 1913 524 1936; x_wconf 93' lang='lat' dir='ltr'><strong>et</strong></span> <span class='ocrx_word' id='word_1_492' title='bbox 540 1917 587 1937; x_wconf 92' lang='lat' dir='ltr'><strong>eos</strong></span> <span class='ocrx_word' id='word_1_493' title='bbox 603 1910 649 1944; x_wconf 91' lang='lat' dir='ltr'><strong>qui</strong></span> <span class='ocrx_word' id='word_1_494' title='bbox 665 1911 737 1945; x_wconf 85' lang='lat' dir='ltr'><strong>apud</strong></span> <span class='ocrx_word' id='word_1_495' title='bbox 756 1911 833 1938; x_wconf 79' lang='lat' dir='ltr'><strong>illum</strong></span> <span class='ocrx_word' id='word_1_496' title='bbox 850 1914 939 1938; x_wconf 90' lang='lat' dir='ltr'><strong>erant.</strong></span> <span class='ocrx_word' id='word_1_497' title='bbox 959 1911 998 1937; x_wconf 91' lang='lat' dir='ltr'><strong>lta</strong></span> 
     </span>
    </p>
   </div>
   <div class='ocr_carea' id='block_1_69' title="bbox 215 1952 1001 1990">
    <p class='ocr_par' dir='ltr' id='par_1_69' title="bbox 215 1952 1001 1990">
     <span class='ocr_line' id='line_1_69' title="bbox 215 1952 1001 1990; baseline 0.004 -11"><span class='ocrx_word' id='word_1_498' title='bbox 215 1952 288 1980; x_wconf 78' lang='lat' dir='ltr'><strong>cnim</strong></span> <span class='ocrx_word' id='word_1_499' title='bbox 306 1952 451 1982; x_wconf 86' lang='lat' dir='ltr'><strong>irritabilis</strong></span> <span class='ocrx_word' id='word_1_500' title='bbox 465 1959 526 1981; x_wconf 89' lang='lat' dir='ltr'><strong>erat</strong></span> <span class='ocrx_word' id='word_1_501' title='bbox 546 1953 574 1982; x_wconf 91' lang='lat' dir='ltr'><strong>in</strong></span> <span class='ocrx_word' id='word_1_502' title='bbox 592 1954 644 1982; x_wconf 89' lang='lat' dir='ltr'><strong>hoc</strong></span> <span class='ocrx_word' id='word_1_503' title='bbox 659 1962 770 1989; x_wconf 86' lang='lat' dir='ltr'><strong>genere,</strong></span> <span class='ocrx_word' id='word_1_504' title='bbox 796 1959 826 1982; x_wconf 93' lang='lat' dir='ltr'><strong>ut</strong></span> <span class='ocrx_word' id='word_1_505' title='bbox 842 1955 1001 1990; x_wconf 87' lang='lat' dir='ltr'><strong>quicunque</strong></span> 
     </span>
    </p>
   </div>
   <div class='ocr_carea' id='block_1_70' title="bbox 217 1996 1000 2035">
    <p class='ocr_par' dir='ltr' id='par_1_70' title="bbox 217 1996 1000 2035">
     <span class='ocr_line' id='line_1_70' title="bbox 217 1996 1000 2035; baseline 0.005 -11"><span class='ocrx_word' id='word_1_506' title='bbox 217 1996 354 2031; x_wconf 86' lang='lat' dir='ltr'><strong>proferret</strong></span> <span class='ocrx_word' id='word_1_507' title='bbox 375 1997 455 2026; x_wconf 91' lang='lat' dir='ltr'><strong>modo</strong></span> <span class='ocrx_word' id='word_1_508' title='bbox 470 1998 573 2034; x_wconf 88' lang='lat' dir='ltr'><strong>aliquid</strong></span> <span class='ocrx_word' id='word_1_509' title='bbox 589 2000 624 2027; x_wconf 89' lang='lat' dir='ltr'><strong>de</strong></span> <span class='ocrx_word' id='word_1_510' title='bbox 644 2000 841 2028; x_wconf 82' lang='lat' dir='ltr'><strong>controversiis</strong></span> <span class='ocrx_word' id='word_1_511' title='bbox 853 2007 914 2035; x_wconf 68' lang='lat' dir='ltr'><strong>quae</strong></span> <span class='ocrx_word' id='word_1_512' title='bbox 934 2005 1000 2028; x_wconf 89' lang='lat' dir='ltr'><strong>tunc</strong></span> 
     </span>
    </p>
   </div>
   <div class='ocr_carea' id='block_1_71' title="bbox 216 2043 1005 2083">
    <p class='ocr_par' dir='ltr' id='par_1_71' title="bbox 216 2043 1005 2083">
     <span class='ocr_line' id='line_1_71' title="bbox 216 2043 1005 2083; baseline 0.004 -11"><span class='ocrx_word' id='word_1_513' title='bbox 216 2045 392 2079; x_wconf 66' lang='lat' dir='ltr'><strong>agitabantur</strong></span> <span class='ocrx_word' id='word_1_514' title='bbox 409 2045 436 2073; x_wconf 91' lang='lat' dir='ltr'><strong>in</strong></span> <span class='ocrx_word' id='word_1_515' title='bbox 455 2047 622 2074; x_wconf 84' lang='lat' dir='ltr'><strong>contrariam</strong></span> <span class='ocrx_word' id='word_1_516' title='bbox 646 2047 698 2083; x_wconf 88' lang='lat' dir='ltr'><strong>ipsi</strong></span> <span class='ocrx_word' id='word_1_517' title='bbox 712 2047 888 2080; x_wconf 87' lang='lat' dir='ltr'><strong>sententiam,</strong></span> <span class='ocrx_word' id='word_1_518' title='bbox 904 2043 1005 2076; x_wconf 73' lang='lat' dir='ltr'><strong>statim</strong></span> 
     </span>
    </p>
   </div>
   <div class='ocr_carea' id='block_1_72' title="bbox 217 2091 1000 2130">
    <p class='ocr_par' dir='ltr' id='par_1_72' title="bbox 217 2091 1000 2130">
     <span class='ocr_line' id='line_1_72' title="bbox 217 2091 1000 2130; baseline 0.006 -13"><span class='ocrx_word' id='word_1_519' title='bbox 217 2091 400 2126; x_wconf 88' lang='lat' dir='ltr'><strong>prolationem</strong></span> <span class='ocrx_word' id='word_1_520' title='bbox 434 2092 573 2128; x_wconf 78' lang='lat' dir='ltr'><strong>exciperet</strong></span> <span class='ocrx_word' id='word_1_521' title='bbox 592 2100 715 2128; x_wconf 65' lang='lat' dir='ltr'><strong>praesens</strong></span> <span class='ocrx_word' id='word_1_522' title='bbox 741 2101 834 2130; x_wconf 77' lang='lat' dir='ltr'><strong>poma.</strong></span> <span class='ocrx_word' id='word_1_523' title='bbox 857 2094 912 2122; x_wconf 87' lang='lat' dir='ltr'><strong>Nec</strong></span> <span class='ocrx_word' id='word_1_524' title='bbox 935 2101 1000 2122; x_wconf 89' lang='lat' dir='ltr'><strong>vero</strong></span> 
     </span>
    </p>
   </div>
   <div class='ocr_carea' id='block_1_73' title="bbox 215 2137 1000 2168">
    <p class='ocr_par' dir='ltr' id='par_1_73' title="bbox 215 2137 1000 2168">
     <span class='ocr_line' id='line_1_73' title="bbox 215 2137 1000 2168; baseline 0.008 -6"><span class='ocrx_word' id='word_1_525' title='bbox 215 2137 364 2164; x_wconf 67' lang='lat' dir='ltr'><strong>discrimen</strong></span> <span class='ocrx_word' id='word_1_526' title='bbox 387 2142 435 2165; x_wconf 87' lang='lat' dir='ltr'><strong>aut</strong></span> <span class='ocrx_word' id='word_1_527' title='bbox 448 2138 585 2167; x_wconf 88' lang='lat' dir='ltr'><strong>delectum</strong></span> <span class='ocrx_word' id='word_1_528' title='bbox 601 2139 749 2167; x_wconf 87' lang='lat' dir='ltr'><strong>adhibebat</strong></span> <span class='ocrx_word' id='word_1_529' title='bbox 771 2140 798 2168; x_wconf 91' lang='lat' dir='ltr'><strong>in</strong></span> <span class='ocrx_word' id='word_1_530' title='bbox 822 2139 1000 2168; x_wconf 85' lang='lat' dir='ltr'><strong>admittendis</strong></span> 
     </span>
    </p>
   </div>
   <div class='ocr_carea' id='block_1_74' title="bbox 214 2182 999 2221">
    <p class='ocr_par' dir='ltr' id='par_1_74' title="bbox 214 2182 999 2221">
     <span class='ocr_line' id='line_1_74' title="bbox 214 2182 999 2221; baseline 0.006 -13"><span class='ocrx_word' id='word_1_531' title='bbox 214 2182 248 2209; x_wconf 90' lang='lat' dir='ltr'><strong>de</strong></span> <span class='ocrx_word' id='word_1_532' title='bbox 270 2189 299 2209; x_wconf 91' lang='lat' dir='ltr'><strong>re</strong></span> <span class='ocrx_word' id='word_1_533' title='bbox 314 2182 360 2210; x_wconf 89' lang='lat' dir='ltr'><strong>tali</strong></span> <span class='ocrx_word' id='word_1_534' title='bbox 381 2183 566 2212; x_wconf 79' lang='lat' dir='ltr'><strong>delationibus</strong></span> <span class='ocrx_word' id='word_1_535' title='bbox 581 2193 588 2212; x_wconf 91' lang='lat'><strong>:</strong></span> <span class='ocrx_word' id='word_1_536' title='bbox 602 2185 649 2213; x_wconf 91' lang='lat' dir='ltr'><strong>sed</strong></span> <span class='ocrx_word' id='word_1_537' title='bbox 674 2186 782 2220; x_wconf 82' lang='lat' dir='ltr'><strong>quisvis</strong></span> <span class='ocrx_word' id='word_1_538' title='bbox 805 2193 999 2221; x_wconf 86' lang='lat' dir='ltr'><strong>quemcunque</strong></span> 
     </span>
    </p>
   </div>
   <div class='ocr_carea' id='block_1_75' title="bbox 1052 1633 1843 1669">
    <p class='ocr_par' dir='ltr' id='par_1_75' title="bbox 1052 1633 1843 1669">
     <span class='ocr_line' id='line_1_75' title="bbox 1052 1633 1843 1669; baseline -0.004 -8"><span class='ocrx_word' id='word_1_539' title='bbox 1052 1634 1144 1662; x_wconf 84' lang='lat' dir='ltr'><strong>vivere</strong></span> <span class='ocrx_word' id='word_1_540' title='bbox 1159 1641 1189 1662; x_wconf 88' lang='lat' dir='ltr'><strong>se</strong></span> <span class='ocrx_word' id='word_1_541' title='bbox 1209 1633 1283 1661; x_wconf 89' lang='lat' dir='ltr'><strong>haud</strong></span> <span class='ocrx_word' id='word_1_542' title='bbox 1302 1641 1396 1669; x_wconf 85' lang='lat' dir='ltr'><strong>posse,</strong></span> <span class='ocrx_word' id='word_1_543' title='bbox 1416 1633 1456 1660; x_wconf 92' lang='lat' dir='ltr'><strong>uti</strong></span> <span class='ocrx_word' id='word_1_544' title='bbox 1475 1640 1525 1661; x_wconf 87' lang='lat' dir='ltr'><strong>nec</strong></span> <span class='ocrx_word' id='word_1_545' title='bbox 1540 1640 1642 1669; x_wconf 88' lang='lat' dir='ltr'><strong>corpus</strong></span> <span class='ocrx_word' id='word_1_546' title='bbox 1663 1633 1724 1660; x_wconf 82' lang='lat' dir='ltr'><strong>sine</strong></span> <span class='ocrx_word' id='word_1_547' title='bbox 1745 1634 1843 1665; x_wconf 79' lang='lat' dir='ltr'><strong>corde,</strong></span> 
     </span>
    </p>
   </div>
   <div class='ocr_carea' id='block_1_76' title="bbox 1052 1681 1843 1717">
    <p class='ocr_par' dir='ltr' id='par_1_76' title="bbox 1052 1681 1843 1717">
     <span class='ocr_line' id='line_1_76' title="bbox 1052 1681 1843 1717; baseline -0.001 -8"><span class='ocrx_word' id='word_1_548' title='bbox 1052 1681 1119 1709; x_wconf 80' lang='lat' dir='ltr'><strong>satis</strong></span> <span class='ocrx_word' id='word_1_549' title='bbox 1134 1682 1254 1717; x_wconf 76' lang='lat' dir='ltr'><strong>norant),</strong></span> <span class='ocrx_word' id='word_1_550' title='bbox 1279 1681 1327 1710; x_wconf 90' lang='lat' dir='ltr'><strong>sed</strong></span> <span class='ocrx_word' id='word_1_551' title='bbox 1350 1681 1430 1709; x_wconf 88' lang='lat' dir='ltr'><strong>malis</strong></span> <span class='ocrx_word' id='word_1_552' title='bbox 1458 1681 1618 1717; x_wconf 80' lang='lat' dir='ltr'><strong>urgentibus</strong></span> <span class='ocrx_word' id='word_1_553' title='bbox 1643 1681 1843 1709; x_wconf 80' lang='lat' dir='ltr'><strong>liberarentur.</strong></span> 
     </span>
    </p>
   </div>
   <div class='ocr_carea' id='block_1_77' title="bbox 1053 1727 1843 1764">
    <p class='ocr_par' dir='ltr' id='par_1_77' title="bbox 1053 1727 1843 1764">
     <span class='ocr_line' id='line_1_77' title="bbox 1053 1727 1843 1764; baseline -0.003 -9"><span class='ocrx_word' id='word_1_554' title='bbox 1053 1728 1201 1756; x_wconf 78' lang='lat' dir='ltr'><strong>Enimvero</strong></span> <span class='ocrx_word' id='word_1_555' title='bbox 1224 1729 1332 1764; x_wconf 89' lang='lat' dir='ltr'><strong>quoties</strong></span> <span class='ocrx_word' id='word_1_556' title='bbox 1350 1728 1509 1755; x_wconf 84' lang='lat' dir='ltr'><strong>hominibus</strong></span> <span class='ocrx_word' id='word_1_557' title='bbox 1522 1727 1625 1755; x_wconf 86' lang='lat' dir='ltr'><strong>arbitra</strong></span> <span class='ocrx_word' id='word_1_558' title='bbox 1643 1728 1685 1755; x_wconf 87' lang='lat' dir='ltr'><strong>sui</strong></span> <span class='ocrx_word' id='word_1_559' title='bbox 1703 1732 1843 1762; x_wconf 70' lang='lat' dir='ltr'><strong>potestate</strong></span> 
     </span>
    </p>
   </div>
   <div class='ocr_carea' id='block_1_78' title="bbox 1054 1774 1842 1811">
    <p class='ocr_par' dir='ltr' id='par_1_78' title="bbox 1054 1774 1842 1811">
     <span class='ocr_line' id='line_1_78' title="bbox 1054 1774 1842 1811; baseline -0.005 -7"><span class='ocrx_word' id='word_1_560' title='bbox 1054 1775 1102 1804; x_wconf 88' lang='lat' dir='ltr'><strong>Dei</strong></span> <span class='ocrx_word' id='word_1_561' title='bbox 1131 1776 1283 1804; x_wconf 88' lang='lat' dir='ltr'><strong>conditoris</strong></span> <span class='ocrx_word' id='word_1_562' title='bbox 1306 1775 1442 1804; x_wconf 80' lang='lat' dir='ltr'><strong>beneﬁcio</strong></span> <span class='ocrx_word' id='word_1_563' title='bbox 1471 1775 1608 1811; x_wconf 67' lang='lat' dir='ltr'><strong>prazditis,</strong></span> <span class='ocrx_word' id='word_1_564' title='bbox 1637 1782 1670 1802; x_wconf 77' lang='lat' dir='ltr'><strong>es</strong></span> <span class='ocrx_word' id='word_1_565' title='bbox 1700 1774 1842 1801; x_wconf 81' lang='lat' dir='ltr'><strong>declarata</strong></span> 
     </span>
    </p>
   </div>
   <div class='ocr_carea' id='block_1_79' title="bbox 1053 1820 1843 1857">
    <p class='ocr_par' dir='ltr' id='par_1_79' title="bbox 1053 1820 1843 1857">
     <span class='ocr_line' id='line_1_79' title="bbox 1053 1820 1843 1857; baseline -0.004 -7"><span class='ocrx_word' id='word_1_566' title='bbox 1053 1822 1196 1850; x_wconf 85' lang='lat' dir='ltr'><strong>voluntate</strong></span> <span class='ocrx_word' id='word_1_567' title='bbox 1204 1822 1250 1857; x_wconf 91' lang='lat' dir='ltr'><strong>jus</strong></span> <span class='ocrx_word' id='word_1_568' title='bbox 1265 1821 1393 1850; x_wconf 82' lang='lat' dir='ltr'><strong>habentis</strong></span> <span class='ocrx_word' id='word_1_569' title='bbox 1410 1822 1478 1857; x_wconf 85' lang='lat' dir='ltr'><strong>ipsis</strong></span> <span class='ocrx_word' id='word_1_570' title='bbox 1501 1820 1668 1856; x_wconf 87' lang='lat' dir='ltr'><strong>imperandi,</strong></span> <span class='ocrx_word' id='word_1_571' title='bbox 1685 1820 1843 1848; x_wconf 79' lang='lat' dir='ltr'><strong>necessitas</strong></span> 
     </span>
    </p>
   </div>
   <div class='ocr_carea' id='block_1_80' title="bbox 1053 1867 1843 1904">
    <p class='ocr_par' dir='ltr' id='par_1_80' title="bbox 1053 1867 1843 1904">
     <span class='ocr_line' id='line_1_80' title="bbox 1053 1867 1843 1904; baseline -0.003 -8"><span class='ocrx_word' id='word_1_572' title='bbox 1053 1868 1171 1896; x_wconf 80' lang='lat' dir='ltr'><strong>faciendi</strong></span> <span class='ocrx_word' id='word_1_573' title='bbox 1186 1869 1326 1904; x_wconf 82' lang='lat' dir='ltr'><strong>quidpiam</strong></span> <span class='ocrx_word' id='word_1_574' title='bbox 1341 1869 1484 1900; x_wconf 74' lang='lat' dir='ltr'><strong>incutitur.</strong></span> <span class='ocrx_word' id='word_1_575' title='bbox 1502 1868 1651 1899; x_wconf 82' lang='lat' dir='ltr'><strong>intentata,</strong></span> <span class='ocrx_word' id='word_1_576' title='bbox 1671 1868 1697 1894; x_wconf 94' lang='lat' dir='ltr'><strong>ni</strong></span> <span class='ocrx_word' id='word_1_577' title='bbox 1711 1867 1843 1900; x_wconf 78' lang='lat' dir='ltr'><strong>fecerint,</strong></span> 
     </span>
    </p>
   </div>
   <div class='ocr_carea' id='block_1_81' title="bbox 1052 1911 1844 1948">
    <p class='ocr_par' dir='ltr' id='par_1_81' title="bbox 1052 1911 1844 1948">
     <span class='ocr_line' id='line_1_81' title="bbox 1052 1911 1844 1948; baseline -0.005 -7"><span class='ocrx_word' id='word_1_578' title='bbox 1052 1913 1267 1942; x_wconf 89' lang='lat' dir='ltr'><strong>comminatione</strong></span> <span class='ocrx_word' id='word_1_579' title='bbox 1283 1914 1373 1948; x_wconf 75' lang='lat' dir='ltr'><strong>gravis</strong></span> <span class='ocrx_word' id='word_1_580' title='bbox 1388 1913 1492 1945; x_wconf 61' lang='lat' dir='ltr'><strong>multae,</strong></span> <span class='ocrx_word' id='word_1_581' title='bbox 1509 1913 1531 1940; x_wconf 87' lang='lat' dir='ltr'><strong>si</strong></span> <span class='ocrx_word' id='word_1_582' title='bbox 1550 1920 1603 1939; x_wconf 94' lang='lat' dir='ltr'><strong>non</strong></span> <span class='ocrx_word' id='word_1_583' title='bbox 1619 1911 1694 1939; x_wconf 89' lang='lat' dir='ltr'><strong>aliud</strong></span> <span class='ocrx_word' id='word_1_584' title='bbox 1716 1912 1742 1939; x_wconf 89' lang='lat' dir='ltr'><strong>in</strong></span> <span class='ocrx_word' id='word_1_585' title='bbox 1758 1912 1844 1938; x_wconf 79' lang='lat' dir='ltr'><strong>obse-</strong></span> 
     </span>
    </p>
   </div>
   <div class='ocr_carea' id='block_1_82' title="bbox 1051 1958 1845 1995">
    <p class='ocr_par' dir='ltr' id='par_1_82' title="bbox 1051 1958 1845 1995">
     <span class='ocr_line' id='line_1_82' title="bbox 1051 1958 1845 1995; baseline -0.003 -7"><span class='ocrx_word' id='word_1_586' title='bbox 1051 1960 1161 1995; x_wconf 87' lang='lat' dir='ltr'><strong>quendo</strong></span> <span class='ocrx_word' id='word_1_587' title='bbox 1180 1959 1330 1995; x_wconf 87' lang='lat' dir='ltr'><strong>periculum</strong></span> <span class='ocrx_word' id='word_1_588' title='bbox 1344 1964 1475 1994; x_wconf 75' lang='lat' dir='ltr'><strong>appareat</strong></span> <span class='ocrx_word' id='word_1_589' title='bbox 1493 1966 1575 1994; x_wconf 83' lang='lat' dir='ltr'><strong>quam</strong></span> <span class='ocrx_word' id='word_1_590' title='bbox 1595 1958 1761 1986; x_wconf 84' lang='lat' dir='ltr'><strong>incommodi</strong></span> <span class='ocrx_word' id='word_1_591' title='bbox 1778 1966 1845 1986; x_wconf 89' lang='lat' dir='ltr'><strong>cor-</strong></span> 
     </span>
    </p>
   </div>
   <div class='ocr_carea' id='block_1_83' title="bbox 1051 2005 1844 2041">
    <p class='ocr_par' dir='ltr' id='par_1_83' title="bbox 1051 2005 1844 2041">
     <span class='ocr_line' id='line_1_83' title="bbox 1051 2005 1844 2041; baseline -0.001 -8"><span class='ocrx_word' id='word_1_592' title='bbox 1051 2005 1138 2041; x_wconf 67' lang='lat' dir='ltr'><strong>porei,</strong></span> <span class='ocrx_word' id='word_1_593' title='bbox 1161 2005 1334 2033; x_wconf 88' lang='lat' dir='ltr'><strong>subeundum</strong></span> <span class='ocrx_word' id='word_1_594' title='bbox 1359 2005 1425 2032; x_wconf 86' lang='lat' dir='ltr'><strong>illud</strong></span> <span class='ocrx_word' id='word_1_595' title='bbox 1451 2009 1504 2036; x_wconf 88' lang='lat' dir='ltr'><strong>est,</strong></span> <span class='ocrx_word' id='word_1_596' title='bbox 1532 2009 1560 2032; x_wconf 91' lang='lat' dir='ltr'><strong>et</strong></span> <span class='ocrx_word' id='word_1_597' title='bbox 1595 2009 1844 2040; x_wconf 79' lang='lat' dir='ltr'><strong>quantumcunque</strong></span> 
     </span>
    </p>
   </div>
   <div class='ocr_carea' id='block_1_84' title="bbox 1052 2048 1843 2084">
    <p class='ocr_par' dir='ltr' id='par_1_84' title="bbox 1052 2048 1843 2084">
     <span class='ocr_line' id='line_1_84' title="bbox 1052 2048 1843 2084; baseline -0.004 -7"><span class='ocrx_word' id='word_1_598' title='bbox 1052 2050 1154 2078; x_wconf 84' lang='lat' dir='ltr'><strong>malum</strong></span> <span class='ocrx_word' id='word_1_599' title='bbox 1174 2050 1236 2084; x_wconf 79' lang='lat' dir='ltr'><strong>ejus</strong></span> <span class='ocrx_word' id='word_1_600' title='bbox 1255 2050 1363 2083; x_wconf 77' lang='lat' dir='ltr'><strong>generis</strong></span> <span class='ocrx_word' id='word_1_601' title='bbox 1379 2049 1598 2076; x_wconf 71' lang='lat' dir='ltr'><strong>exhauriendum</strong></span> <span class='ocrx_word' id='word_1_602' title='bbox 1617 2048 1736 2076; x_wconf 89' lang='lat' dir='ltr'><strong>libenter</strong></span> <span class='ocrx_word' id='word_1_603' title='bbox 1755 2056 1843 2075; x_wconf 88' lang='lat' dir='ltr'><strong>mem-</strong></span> 
     </span>
    </p>
   </div>
   <div class='ocr_carea' id='block_1_85' title="bbox 1052 2095 1841 2132">
    <p class='ocr_par' dir='ltr' id='par_1_85' title="bbox 1052 2095 1841 2132">
     <span class='ocr_line' id='line_1_85' title="bbox 1052 2095 1841 2132; baseline -0.003 -8"><span class='ocrx_word' id='word_1_604' title='bbox 1052 2097 1120 2129; x_wconf 72' lang='lat' dir='ltr'><strong>bris,</strong></span> <span class='ocrx_word' id='word_1_605' title='bbox 1137 2104 1191 2132; x_wconf 89' lang='lat' dir='ltr'><strong>quo</strong></span> <span class='ocrx_word' id='word_1_606' title='bbox 1204 2097 1286 2130; x_wconf 84' lang='lat' dir='ltr'><strong>capiti</strong></span> <span class='ocrx_word' id='word_1_607' title='bbox 1299 2096 1468 2127; x_wconf 78' lang='lat' dir='ltr'><strong>coluereant,</strong></span> <span class='ocrx_word' id='word_1_608' title='bbox 1487 2097 1540 2123; x_wconf 91' lang='lat' dir='ltr'><strong>hoc</strong></span> <span class='ocrx_word' id='word_1_609' title='bbox 1555 2099 1598 2122; x_wconf 79' lang='lat' dir='ltr'><strong>est</strong></span> <span class='ocrx_word' id='word_1_610' title='bbox 1611 2095 1740 2129; x_wconf 84' lang='lat' dir='ltr'><strong>principi,</strong></span> <span class='ocrx_word' id='word_1_611' title='bbox 1757 2095 1841 2129; x_wconf 90' lang='lat' dir='ltr'><strong>cujus</strong></span> 
     </span>
    </p>
   </div>
   <div class='ocr_carea' id='block_1_86' title="bbox 1053 2140 1839 2169">
    <p class='ocr_par' dir='ltr' id='par_1_86' title="bbox 1053 2140 1839 2169">
     <span class='ocr_line' id='line_1_86' title="bbox 1053 2140 1839 2169; baseline -0.001 0"><span class='ocrx_word' id='word_1_612' title='bbox 1053 2142 1188 2169; x_wconf 66' lang='lat' dir='ltr'><strong>inslivulsa</strong></span> <span class='ocrx_word' id='word_1_613' title='bbox 1207 2142 1378 2168; x_wconf 81' lang='lat' dir='ltr'><strong>conuexione</strong></span> <span class='ocrx_word' id='word_1_614' title='bbox 1398 2148 1461 2167; x_wconf 86' lang='lat' dir='ltr'><strong>cum</strong></span> <span class='ocrx_word' id='word_1_615' title='bbox 1478 2140 1598 2167; x_wconf 82' lang='lat' dir='ltr'><strong>subditis</strong></span> <span class='ocrx_word' id='word_1_616' title='bbox 1613 2140 1689 2167; x_wconf 86' lang='lat' dir='ltr'><strong>salus</strong></span> <span class='ocrx_word' id='word_1_617' title='bbox 1713 2140 1839 2168; x_wconf 82' lang='lat' dir='ltr'><strong>universi</strong></span> 
     </span>
    </p>
   </div>
   <div class='ocr_carea' id='block_1_87' title="bbox 1052 2185 1841 2222">
    <p class='ocr_par' dir='ltr' id='par_1_87' title="bbox 1052 2185 1841 2222">
     <span class='ocr_line' id='line_1_87' title="bbox 1052 2185 1841 2222; baseline -0.003 -7"><span class='ocrx_word' id='word_1_618' title='bbox 1052 2187 1207 2222; x_wconf 67' lang='lat' dir='ltr'><strong>reipublicae</strong></span> <span class='ocrx_word' id='word_1_619' title='bbox 1230 2186 1357 2221; x_wconf 89' lang='lat' dir='ltr'><strong>corporis</strong></span> <span class='ocrx_word' id='word_1_620' title='bbox 1378 2186 1545 2213; x_wconf 88' lang='lat' dir='ltr'><strong>continetur.</strong></span> <span class='ocrx_word' id='word_1_621' title='bbox 1569 2185 1618 2213; x_wconf 90' lang='lat' dir='ltr'><strong>Sin</strong></span> <span class='ocrx_word' id='word_1_622' title='bbox 1641 2192 1676 2212; x_wconf 89' lang='lat' dir='ltr'><strong>ne</strong></span> <span class='ocrx_word' id='word_1_623' title='bbox 1692 2185 1841 2213; x_wconf 89' lang='lat' dir='ltr'><strong>obediatur</strong></span> 
     </span>
    </p>
   </div>
   <div class='ocr_carea' id='block_1_88' title="bbox 213 2228 1841 2271">
    <p class='ocr_par' dir='ltr' id='par_1_88' title="bbox 213 2228 1841 2271">
     <span class='ocr_line' id='line_1_88' title="bbox 213 2228 1841 2271; baseline 0.003 -18"><span class='ocrx_word' id='word_1_624' title='bbox 213 2231 368 2261; x_wconf 80' lang='lat' dir='ltr'><strong>accusaret.</strong></span> <span class='ocrx_word' id='word_1_625' title='bbox 385 2228 460 2257; x_wconf 87' lang='lat' dir='ltr'><strong>dicto</strong></span> <span class='ocrx_word' id='word_1_626' title='bbox 473 2230 561 2264; x_wconf 89' lang='lat' dir='ltr'><strong>primo</strong></span> <span class='ocrx_word' id='word_1_627' title='bbox 578 2230 695 2258; x_wconf 85' lang='lat' dir='ltr'><strong>faciebat</strong></span> <span class='ocrx_word' id='word_1_628' title='bbox 709 2230 802 2259; x_wconf 83' lang='lat' dir='ltr'><strong>ﬁdem.</strong></span> <span class='ocrx_word' id='word_1_629' title='bbox 823 2231 895 2264; x_wconf 87' lang='lat' dir='ltr'><strong>Quin</strong></span> <span class='ocrx_word' id='word_1_630' title='bbox 913 2231 997 2258; x_wconf 85' lang='lat' dir='ltr'><strong>etiam</strong></span> <span class='ocrx_word' id='word_1_631' title='bbox 1014 2241 1036 2271; x_wconf 73' lang='grc' dir='ltr'><strong>υ</strong></span> <span class='ocrx_word' id='word_1_632' title='bbox 1052 2236 1160 2259; x_wconf 86' lang='lat' dir='ltr'><strong>revocet</strong></span> <span class='ocrx_word' id='word_1_633' title='bbox 1175 2232 1312 2266; x_wconf 85' lang='lat' dir='ltr'><strong>pernicies</strong></span> <span class='ocrx_word' id='word_1_634' title='bbox 1334 2230 1444 2261; x_wconf 63' lang='lat' dir='ltr'><strong>animae.</strong></span> <span class='ocrx_word' id='word_1_635' title='bbox 1461 2231 1535 2265; x_wconf 90' lang='lat' dir='ltr'><strong>quod</strong></span> <span class='ocrx_word' id='word_1_636' title='bbox 1552 2231 1613 2258; x_wconf 83' lang='lat' dir='ltr'><strong>istis</strong></span> <span class='ocrx_word' id='word_1_637' title='bbox 1635 2234 1702 2258; x_wconf 89' lang='lat' dir='ltr'><strong>tunc</strong></span> <span class='ocrx_word' id='word_1_638' title='bbox 1718 2231 1841 2265; x_wconf 84' lang='lat' dir='ltr'><strong>quibus-</strong></span> 
     </span>
    </p>
   </div>
   <div class='ocr_carea' id='block_1_89' title="bbox 214 2273 1000 2308">
    <p class='ocr_par' dir='ltr' id='par_1_89' title="bbox 214 2273 1000 2308">
     <span class='ocr_line' id='line_1_89' title="bbox 214 2273 1000 2308; baseline 0.006 -9"><span class='ocrx_word' id='word_1_639' title='bbox 214 2273 421 2308; x_wconf 61' lang='lat' dir='ltr'><strong>snspicionibus</strong></span> <span class='ocrx_word' id='word_1_640' title='bbox 444 2275 528 2303; x_wconf 88' lang='lat' dir='ltr'><strong>meris</strong></span> <span class='ocrx_word' id='word_1_641' title='bbox 552 2275 579 2302; x_wconf 90' lang='lat' dir='ltr'><strong>in</strong></span> <span class='ocrx_word' id='word_1_642' title='bbox 605 2276 729 2304; x_wconf 90' lang='lat' dir='ltr'><strong>subditos</strong></span> <span class='ocrx_word' id='word_1_643' title='bbox 745 2278 820 2304; x_wconf 89' lang='lat' dir='ltr'><strong>velut</strong></span> <span class='ocrx_word' id='word_1_644' title='bbox 834 2276 1000 2304; x_wconf 86' lang='lat' dir='ltr'><strong>testimoniis</strong></span> 
     </span>
    </p>
   </div>
   <div class='ocr_carea' id='block_1_90' title="bbox 216 2319 1000 2359">
    <p class='ocr_par' dir='ltr' id='par_1_90' title="bbox 216 2319 1000 2359">
     <span class='ocr_line' id='line_1_90' title="bbox 216 2319 1000 2359; baseline 0.006 -13"><span class='ocrx_word' id='word_1_645' title='bbox 216 2319 403 2353; x_wconf 82' lang='lat' dir='ltr'><strong>innitebatur;</strong></span> <span class='ocrx_word' id='word_1_646' title='bbox 419 2325 446 2348; x_wconf 89' lang='lat' dir='ltr'><strong>et</strong></span> <span class='ocrx_word' id='word_1_647' title='bbox 466 2328 529 2349; x_wconf 93' lang='lat' dir='ltr'><strong>cum</strong></span> <span class='ocrx_word' id='word_1_648' title='bbox 545 2329 560 2349; x_wconf 90' lang='lat' dir='ltr'><strong>a</strong></span> <span class='ocrx_word' id='word_1_649' title='bbox 579 2322 645 2350; x_wconf 89' lang='lat' dir='ltr'><strong>viris</strong></span> <span class='ocrx_word' id='word_1_650' title='bbox 662 2323 801 2358; x_wconf 87' lang='lat' dir='ltr'><strong>gravibus,</strong></span> <span class='ocrx_word' id='word_1_651' title='bbox 817 2323 919 2359; x_wconf 85' lang='lat' dir='ltr'><strong>quibus</strong></span> <span class='ocrx_word' id='word_1_652' title='bbox 933 2324 1000 2351; x_wconf 79' lang='lat' dir='ltr'><strong>licc-</strong></span> 
     </span>
    </p>
   </div>
   <div class='ocr_carea' id='block_1_91' title="bbox 215 2365 1001 2403">
    <p class='ocr_par' dir='ltr' id='par_1_91' title="bbox 215 2365 1001 2403">
     <span class='ocr_line' id='line_1_91' title="bbox 215 2365 1001 2403; baseline 0.006 -11"><span class='ocrx_word' id='word_1_653' title='bbox 215 2365 262 2392; x_wconf 86' lang='lat' dir='ltr'><strong>bat</strong></span> <span class='ocrx_word' id='word_1_654' title='bbox 289 2365 374 2394; x_wconf 84' lang='lat' dir='ltr'><strong>libere</strong></span> <span class='ocrx_word' id='word_1_655' title='bbox 385 2365 470 2402; x_wconf 65' lang='grc'><strong>490</strong></span> <span class='ocrx_word' id='word_1_656' title='bbox 483 2374 546 2394; x_wconf 92' lang='lat' dir='ltr'><strong>cum</strong></span> <span class='ocrx_word' id='word_1_657' title='bbox 581 2367 627 2395; x_wconf 88' lang='lat' dir='ltr'><strong>illo</strong></span> <span class='ocrx_word' id='word_1_658' title='bbox 654 2375 747 2403; x_wconf 82' lang='lat' dir='ltr'><strong>agere,</strong></span> <span class='ocrx_word' id='word_1_659' title='bbox 778 2369 868 2396; x_wconf 85' lang='lat' dir='ltr'><strong>nimiae</strong></span> <span class='ocrx_word' id='word_1_660' title='bbox 892 2369 918 2396; x_wconf 93' lang='lat' dir='ltr'><strong>in</strong></span> <span class='ocrx_word' id='word_1_661' title='bbox 948 2369 1001 2397; x_wconf 89' lang='lat' dir='ltr'><strong>hoc</strong></span> 
     </span>
    </p>
   </div>
   <div class='ocr_carea' id='block_1_92' title="bbox 214 2412 1001 2449">
    <p class='ocr_par' dir='ltr' id='par_1_92' title="bbox 214 2412 1001 2449">
     <span class='ocr_line' id='line_1_92' title="bbox 214 2412 1001 2449; baseline 0.005 -10"><span class='ocrx_word' id='word_1_662' title='bbox 214 2412 371 2440; x_wconf 64' lang='lat' dir='ltr'><strong>severitatis</strong></span> <span class='ocrx_word' id='word_1_663' title='bbox 393 2417 564 2447; x_wconf 77' lang='lat' dir='ltr'><strong>argueretur,</strong></span> <span class='ocrx_word' id='word_1_664' title='bbox 582 2413 720 2449; x_wconf 71' lang='lat' dir='ltr'><strong>allegabat</strong></span> <span class='ocrx_word' id='word_1_665' title='bbox 735 2414 780 2442; x_wconf 90' lang='lat' dir='ltr'><strong>ille</strong></span> <span class='ocrx_word' id='word_1_666' title='bbox 797 2419 893 2442; x_wconf 86' lang='lat' dir='ltr'><strong>contra</strong></span> <span class='ocrx_word' id='word_1_667' title='bbox 913 2416 940 2444; x_wconf 87' lang='lat' dir='ltr'><strong>in</strong></span> <span class='ocrx_word' id='word_1_668' title='bbox 958 2416 1001 2443; x_wconf 86' lang='lat' dir='ltr'><strong>de-</strong></span> 
     </span>
    </p>
   </div>
   <div class='ocr_carea' id='block_1_93' title="bbox 213 2458 1001 2495">
    <p class='ocr_par' dir='ltr' id='par_1_93' title="bbox 213 2458 1001 2495">
     <span class='ocr_line' id='line_1_93' title="bbox 213 2458 1001 2495; baseline 0.006 -12"><span class='ocrx_word' id='word_1_669' title='bbox 213 2458 367 2485; x_wconf 68' lang='lat' dir='ltr'><strong>fensionem</strong></span> <span class='ocrx_word' id='word_1_670' title='bbox 381 2458 424 2485; x_wconf 90' lang='lat' dir='ltr'><strong>sui</strong></span> <span class='ocrx_word' id='word_1_671' title='bbox 436 2458 528 2491; x_wconf 76' lang='lat' dir='ltr'><strong>regias</strong></span> <span class='ocrx_word' id='word_1_672' title='bbox 542 2458 614 2493; x_wconf 88' lang='lat' dir='ltr'><strong>leges</strong></span> <span class='ocrx_word' id='word_1_673' title='bbox 628 2458 816 2494; x_wconf 88' lang='lat' dir='ltr'><strong>usitatumque</strong></span> <span class='ocrx_word' id='word_1_674' title='bbox 829 2460 1001 2495; x_wconf 87' lang='lat' dir='ltr'><strong>principibus</strong></span> 
     </span>
    </p>
   </div>
   <div class='ocr_carea' id='block_1_94' title="bbox 213 2502 1001 2537">
    <p class='ocr_par' dir='ltr' id='par_1_94' title="bbox 213 2502 1001 2537">
     <span class='ocr_line' id='line_1_94' title="bbox 213 2502 1001 2537; baseline 0.006 -9"><span class='ocrx_word' id='word_1_675' title='bbox 213 2502 310 2535; x_wconf 74' lang='lat' dir='ltr'><strong>agendi</strong></span> <span class='ocrx_word' id='word_1_676' title='bbox 327 2502 452 2536; x_wconf 89' lang='lat' dir='ltr'><strong>modum,</strong></span> <span class='ocrx_word' id='word_1_677' title='bbox 470 2503 574 2531; x_wconf 86' lang='lat' dir='ltr'><strong>addens</strong></span> <span class='ocrx_word' id='word_1_678' title='bbox 586 2503 799 2537; x_wconf 90' lang='lat' dir='ltr'><strong>haudquaquam</strong></span> <span class='ocrx_word' id='word_1_679' title='bbox 817 2509 922 2532; x_wconf 91' lang='lat' dir='ltr'><strong>rectum</strong></span> <span class='ocrx_word' id='word_1_680' title='bbox 938 2513 1001 2533; x_wconf 87' lang='lat' dir='ltr'><strong>esse</strong></span> 
     </span>
    </p>
   </div>
   <div class='ocr_carea' id='block_1_95' title="bbox 214 2549 999 2585">
    <p class='ocr_par' dir='ltr' id='par_1_95' title="bbox 214 2549 999 2585">
     <span class='ocr_line' id='line_1_95' title="bbox 214 2549 999 2585; baseline 0.004 -10"><span class='ocrx_word' id='word_1_681' title='bbox 214 2549 354 2577; x_wconf 81' lang='lat' dir='ltr'><strong>Ilomanos</strong></span> <span class='ocrx_word' id='word_1_682' title='bbox 369 2549 404 2577; x_wconf 82' lang='lat' dir='ltr'><strong>ab</strong></span> <span class='ocrx_word' id='word_1_683' title='bbox 417 2549 585 2584; x_wconf 86' lang='lat' dir='ltr'><strong>imperatore</strong></span> <span class='ocrx_word' id='word_1_684' title='bbox 600 2549 749 2585; x_wconf 85' lang='lat' dir='ltr'><strong>gubernari</strong></span> <span class='ocrx_word' id='word_1_685' title='bbox 763 2550 834 2578; x_wconf 90' lang='lat' dir='ltr'><strong>sicut</strong></span> <span class='ocrx_word' id='word_1_686' title='bbox 850 2551 999 2579; x_wconf 88' lang='lat' dir='ltr'><strong>monachos</strong></span> 
     </span>
    </p>
   </div>
   <div class='ocr_carea' id='block_1_96' title="bbox 213 2595 998 2631">
    <p class='ocr_par' dir='ltr' id='par_1_96' title="bbox 213 2595 998 2631">
     <span class='ocr_line' id='line_1_96' title="bbox 213 2595 998 2631; baseline 0.004 -10"><span class='ocrx_word' id='word_1_687' title='bbox 213 2604 227 2621; x_wconf 73' lang='grc' dir='ltr'><strong>ει</strong></span> <span class='ocrx_word' id='word_1_688' title='bbox 242 2595 300 2622; x_wconf 85' lang='lat' dir='ltr'><strong>suis</strong></span> <span class='ocrx_word' id='word_1_689' title='bbox 317 2596 482 2630; x_wconf 72' lang='lat' dir='ltr'><strong>praepositis,</strong></span> <span class='ocrx_word' id='word_1_690' title='bbox 498 2595 544 2631; x_wconf 87' lang='lat' dir='ltr'><strong>qui</strong></span> <span class='ocrx_word' id='word_1_691' title='bbox 559 2595 657 2623; x_wconf 89' lang='lat' dir='ltr'><strong>delicta</strong></span> <span class='ocrx_word' id='word_1_692' title='bbox 672 2603 785 2623; x_wconf 89' lang='lat' dir='ltr'><strong>suorum</strong></span> <span class='ocrx_word' id='word_1_693' title='bbox 798 2596 998 2624; x_wconf 72' lang='lat' dir='ltr'><strong>emnobitarum</strong></span> 
     </span>
    </p>
   </div>
   <div class='ocr_carea' id='block_1_97' title="bbox 213 2640 996 2676">
    <p class='ocr_par' dir='ltr' id='par_1_97' title="bbox 213 2640 996 2676">
     <span class='ocr_line' id='line_1_97' title="bbox 213 2640 996 2676; baseline 0.001 -9"><span class='ocrx_word' id='word_1_694' title='bbox 213 2640 384 2676; x_wconf 64' lang='lat' dir='ltr'><strong>plenilentiis</strong></span> <span class='ocrx_word' id='word_1_695' title='bbox 416 2643 527 2676; x_wconf 88' lang='lat' dir='ltr'><strong>expiare</strong></span> <span class='ocrx_word' id='word_1_696' title='bbox 558 2641 627 2670; x_wconf 87' lang='lat' dir='ltr'><strong>satis</strong></span> <span class='ocrx_word' id='word_1_697' title='bbox 662 2640 790 2668; x_wconf 87' lang='lat' dir='ltr'><strong>habeant.</strong></span> <span class='ocrx_word' id='word_1_698' title='bbox 827 2640 996 2668; x_wconf 85' lang='lat' dir='ltr'><strong>Facilitatem</strong></span> 
     </span>
    </p>
   </div>
   <div class='ocr_carea' id='block_1_98' title="bbox 213 2686 1000 2722">
    <p class='ocr_par' dir='ltr' id='par_1_98' title="bbox 213 2686 1000 2722">
     <span class='ocr_line' id='line_1_98' title="bbox 213 2686 1000 2722; baseline 0 -9"><span class='ocrx_word' id='word_1_699' title='bbox 213 2691 305 2714; x_wconf 82' lang='lat' dir='ltr'><strong>autem</strong></span> <span class='ocrx_word' id='word_1_700' title='bbox 337 2687 467 2714; x_wconf 86' lang='lat' dir='ltr'><strong>credendi</strong></span> <span class='ocrx_word' id='word_1_701' title='bbox 505 2687 673 2714; x_wconf 84' lang='lat' dir='ltr'><strong>delatoribus</strong></span> <span class='ocrx_word' id='word_1_702' title='bbox 706 2686 825 2722; x_wconf 90' lang='lat' dir='ltr'><strong>quadam</strong></span> <span class='ocrx_word' id='word_1_703' title='bbox 854 2686 1000 2714; x_wconf 89' lang='lat' dir='ltr'><strong>elIicaciter</strong></span> 
     </span>
    </p>
   </div>
   <div class='ocr_carea' id='block_1_99' title="bbox 212 2731 998 2767">
    <p class='ocr_par' dir='ltr' id='par_1_99' title="bbox 212 2731 998 2767">
     <span class='ocr_line' id='line_1_99' title="bbox 212 2731 998 2767; baseline -0.001 -8"><span class='ocrx_word' id='word_1_704' title='bbox 212 2732 374 2760; x_wconf 89' lang='lat' dir='ltr'><strong>occurrendi</strong></span> <span class='ocrx_word' id='word_1_705' title='bbox 401 2733 580 2760; x_wconf 86' lang='lat' dir='ltr'><strong>nascentibus</strong></span> <span class='ocrx_word' id='word_1_706' title='bbox 602 2731 682 2760; x_wconf 90' lang='lat' dir='ltr'><strong>malis</strong></span> <span class='ocrx_word' id='word_1_707' title='bbox 705 2732 870 2760; x_wconf 86' lang='lat' dir='ltr'><strong>necessitate</strong></span> <span class='ocrx_word' id='word_1_708' title='bbox 897 2740 998 2767; x_wconf 70' lang='lat' dir='ltr'><strong>purga~</strong></span> 
     </span>
    </p>
   </div>
   <div class='ocr_carea' id='block_1_100' title="bbox 213 2778 998 2814">
    <p class='ocr_par' dir='ltr' id='par_1_100' title="bbox 213 2778 998 2814">
     <span class='ocr_line' id='line_1_100' title="bbox 213 2778 998 2814; baseline -0.001 -8"><span class='ocrx_word' id='word_1_709' title='bbox 213 2778 272 2811; x_wconf 86' lang='lat' dir='ltr'><strong>bat,</strong></span> <span class='ocrx_word' id='word_1_710' title='bbox 287 2786 350 2806; x_wconf 87' lang='lat' dir='ltr'><strong>cum</strong></span> <span class='ocrx_word' id='word_1_711' title='bbox 365 2778 481 2812; x_wconf 87' lang='lat' dir='ltr'><strong>diceret,</strong></span> <span class='ocrx_word' id='word_1_712' title='bbox 492 2779 684 2814; x_wconf 88' lang='lat' dir='ltr'><strong>qualecunque</strong></span> <span class='ocrx_word' id='word_1_713' title='bbox 698 2779 868 2806; x_wconf 86' lang='lat' dir='ltr'><strong>indicaretur</strong></span> <span class='ocrx_word' id='word_1_714' title='bbox 881 2779 998 2814; x_wconf 85' lang='lat' dir='ltr'><strong>principi</strong></span> 
     </span>
    </p>
   </div>
   <div class='ocr_carea' id='block_1_101' title="bbox 213 2823 998 2855">
    <p class='ocr_par' dir='ltr' id='par_1_101' title="bbox 213 2823 998 2855">
     <span class='ocr_line' id='line_1_101' title="bbox 213 2823 998 2855; baseline 0.004 -6"><span class='ocrx_word' id='word_1_715' title='bbox 213 2823 329 2855; x_wconf 81' lang='lat' dir='ltr'><strong>crimen,</strong></span> <span class='ocrx_word' id='word_1_716' title='bbox 342 2824 399 2852; x_wconf 84' lang='lat' dir='ltr'><strong>sive</strong></span> <span class='ocrx_word' id='word_1_717' title='bbox 416 2824 539 2852; x_wconf 89' lang='lat' dir='ltr'><strong>auditum</strong></span> <span class='ocrx_word' id='word_1_718' title='bbox 560 2832 624 2852; x_wconf 87' lang='lat' dir='ltr'><strong>vere</strong></span> <span class='ocrx_word' id='word_1_719' title='bbox 641 2831 656 2851; x_wconf 93' lang='lat' dir='ltr'><strong>a</strong></span> <span class='ocrx_word' id='word_1_720' title='bbox 672 2824 813 2852; x_wconf 80' lang='lat' dir='ltr'><strong>deferente</strong></span> <span class='ocrx_word' id='word_1_721' title='bbox 830 2825 888 2852; x_wconf 91' lang='lat' dir='ltr'><strong>sive</strong></span> <span class='ocrx_word' id='word_1_722' title='bbox 904 2824 998 2852; x_wconf 86' lang='lat' dir='ltr'><strong>ﬁctum</strong></span> 
     </span>
    </p>
   </div>
   <div class='ocr_carea' id='block_1_102' title="bbox 215 2869 996 2902">
    <p class='ocr_par' dir='ltr' id='par_1_102' title="bbox 215 2869 996 2902">
     <span class='ocr_line' id='line_1_102' title="bbox 215 2869 996 2902; baseline 0.004 -6"><span class='ocrx_word' id='word_1_723' title='bbox 215 2869 358 2902; x_wconf 82' lang='lat' dir='ltr'><strong>malevole,</strong></span> <span class='ocrx_word' id='word_1_724' title='bbox 386 2878 400 2897; x_wconf 75' lang='grc' dir='ltr'><strong>ο</strong></span> <span class='ocrx_word' id='word_1_725' title='bbox 428 2871 501 2899; x_wconf 88' lang='lat' dir='ltr'><strong>bono</strong></span> <span class='ocrx_word' id='word_1_726' title='bbox 526 2870 665 2899; x_wconf 88' lang='lat' dir='ltr'><strong>communi</strong></span> <span class='ocrx_word' id='word_1_727' title='bbox 695 2877 758 2899; x_wconf 83' lang='lat' dir='ltr'><strong>esse</strong></span> <span class='ocrx_word' id='word_1_728' title='bbox 790 2871 996 2900; x_wconf 79' lang='lat' dir='ltr'><strong>accusationem</strong></span> 
     </span>
    </p>
   </div>
   <div class='ocr_carea' id='block_1_103' title="bbox 1051 2277 1840 2311">
    <p class='ocr_par' dir='ltr' id='par_1_103' title="bbox 1051 2277 1840 2311">
     <span class='ocr_line' id='line_1_103' title="bbox 1051 2277 1840 2311; baseline 0 -7"><span class='ocrx_word' id='word_1_729' title='bbox 1051 2278 1113 2305; x_wconf 88' lang='lat' dir='ltr'><strong>dam</strong></span> <span class='ocrx_word' id='word_1_730' title='bbox 1136 2277 1290 2309; x_wconf 85' lang='lat' dir='ltr'><strong>videbatur,</strong></span> <span class='ocrx_word' id='word_1_731' title='bbox 1317 2281 1382 2304; x_wconf 91' lang='lat' dir='ltr'><strong>tunc</strong></span> <span class='ocrx_word' id='word_1_732' title='bbox 1399 2284 1466 2304; x_wconf 86' lang='lat' dir='ltr'><strong>sane</strong></span> <span class='ocrx_word' id='word_1_733' title='bbox 1488 2277 1620 2305; x_wconf 86' lang='lat' dir='ltr'><strong>salutaris</strong></span> <span class='ocrx_word' id='word_1_734' title='bbox 1643 2279 1670 2304; x_wconf 89' lang='lat' dir='ltr'><strong>et</strong></span> <span class='ocrx_word' id='word_1_735' title='bbox 1693 2281 1840 2311; x_wconf 88' lang='lat' dir='ltr'><strong>propterea</strong></span> 
     </span>
    </p>
   </div>
   <div class='ocr_carea' id='block_1_104' title="bbox 1053 2323 1843 2360">
    <p class='ocr_par' dir='ltr' id='par_1_104' title="bbox 1053 2323 1843 2360">
     <span class='ocr_line' id='line_1_104' title="bbox 1053 2323 1843 2360; baseline -0.003 -8"><span class='ocrx_word' id='word_1_736' title='bbox 1053 2325 1143 2352; x_wconf 87' lang='lat' dir='ltr'><strong>tacitis</strong></span> <span class='ocrx_word' id='word_1_737' title='bbox 1160 2323 1239 2360; x_wconf 58' lang='grc'><strong>49],</strong></span> <span class='ocrx_word' id='word_1_738' title='bbox 1257 2324 1354 2351; x_wconf 83' lang='lat' dir='ltr'><strong>saltem</strong></span> <span class='ocrx_word' id='word_1_739' title='bbox 1380 2324 1450 2351; x_wconf 87' lang='lat' dir='ltr'><strong>votis</strong></span> <span class='ocrx_word' id='word_1_740' title='bbox 1476 2323 1633 2358; x_wconf 73' lang='lat' dir='ltr'><strong>eapetibilis</strong></span> <span class='ocrx_word' id='word_1_741' title='bbox 1657 2323 1772 2350; x_wconf 90' lang='lat' dir='ltr'><strong>omnino</strong></span> <span class='ocrx_word' id='word_1_742' title='bbox 1799 2328 1843 2350; x_wconf 85' lang='lat' dir='ltr'><strong>est</strong></span> 
     </span>
    </p>
   </div>
   <div class='ocr_carea' id='block_1_105' title="bbox 1051 2369 1842 2404">
    <p class='ocr_par' dir='ltr' id='par_1_105' title="bbox 1051 2369 1842 2404">
     <span class='ocr_line' id='line_1_105' title="bbox 1051 2369 1842 2404; baseline -0.003 -6"><span class='ocrx_word' id='word_1_743' title='bbox 1051 2370 1166 2398; x_wconf 78' lang='lat' dir='ltr'><strong>mutatio</strong></span> <span class='ocrx_word' id='word_1_744' title='bbox 1190 2371 1255 2397; x_wconf 77' lang='lat' dir='ltr'><strong>talia</strong></span> <span class='ocrx_word' id='word_1_745' title='bbox 1269 2370 1392 2404; x_wconf 90' lang='lat' dir='ltr'><strong>jubentis</strong></span> <span class='ocrx_word' id='word_1_746' title='bbox 1406 2370 1555 2404; x_wconf 88' lang='lat' dir='ltr'><strong>principis;</strong></span> <span class='ocrx_word' id='word_1_747' title='bbox 1583 2370 1628 2398; x_wconf 86' lang='lat' dir='ltr'><strong>cui</strong></span> <span class='ocrx_word' id='word_1_748' title='bbox 1646 2374 1737 2397; x_wconf 87' lang='lat' dir='ltr'><strong>tamen</strong></span> <span class='ocrx_word' id='word_1_749' title='bbox 1758 2369 1786 2396; x_wconf 91' lang='lat' dir='ltr'><strong>hi</strong></span> <span class='ocrx_word' id='word_1_750' title='bbox 1803 2370 1842 2396; x_wconf 83' lang='lat' dir='ltr'><strong>ni—</strong></span> 
     </span>
    </p>
   </div>
   <div class='ocr_carea' id='block_1_106' title="bbox 1052 2415 1841 2451">
    <p class='ocr_par' dir='ltr' id='par_1_106' title="bbox 1052 2415 1841 2451">
     <span class='ocr_line' id='line_1_106' title="bbox 1052 2415 1841 2451; baseline -0.003 -9"><span class='ocrx_word' id='word_1_751' title='bbox 1052 2416 1134 2442; x_wconf 91' lang='lat' dir='ltr'><strong>n-.ium</strong></span> <span class='ocrx_word' id='word_1_752' title='bbox 1154 2416 1222 2443; x_wconf 86' lang='lat' dir='ltr'><strong>forte</strong></span> <span class='ocrx_word' id='word_1_753' title='bbox 1238 2416 1412 2451; x_wconf 85' lang='lat' dir='ltr'><strong>indulgentes</strong></span> <span class='ocrx_word' id='word_1_754' title='bbox 1427 2415 1531 2447; x_wconf 86' lang='lat' dir='ltr'><strong>sensui,</strong></span> <span class='ocrx_word' id='word_1_755' title='bbox 1547 2422 1601 2443; x_wconf 82' lang='lat' dir='ltr'><strong>nec</strong></span> <span class='ocrx_word' id='word_1_756' title='bbox 1617 2416 1687 2442; x_wconf 83' lang='lat' dir='ltr'><strong>satis</strong></span> <span class='ocrx_word' id='word_1_757' title='bbox 1707 2421 1841 2441; x_wconf 77' lang='lat' dir='ltr'><strong>caventes</strong></span> 
     </span>
    </p>
   </div>
   <div class='ocr_carea' id='block_1_107' title="bbox 1051 2460 1840 2496">
    <p class='ocr_par' dir='ltr' id='par_1_107' title="bbox 1051 2460 1840 2496">
     <span class='ocr_line' id='line_1_107' title="bbox 1051 2460 1840 2496; baseline -0.001 -9"><span class='ocrx_word' id='word_1_758' title='bbox 1051 2469 1085 2488; x_wconf 73' lang='lat' dir='ltr'><strong>nc</strong></span> <span class='ocrx_word' id='word_1_759' title='bbox 1110 2462 1136 2487; x_wconf 90' lang='lat' dir='ltr'><strong>in</strong></span> <span class='ocrx_word' id='word_1_760' title='bbox 1161 2466 1289 2496; x_wconf 79' lang='lat' dir='ltr'><strong>apertum</strong></span> <span class='ocrx_word' id='word_1_761' title='bbox 1313 2468 1415 2488; x_wconf 80' lang='lat' dir='ltr'><strong>arcana</strong></span> <span class='ocrx_word' id='word_1_762' title='bbox 1434 2461 1571 2488; x_wconf 85' lang='lat' dir='ltr'><strong>desideria</strong></span> <span class='ocrx_word' id='word_1_763' title='bbox 1599 2460 1752 2496; x_wconf 83' lang='lat' dir='ltr'><strong>prodirent,</strong></span> <span class='ocrx_word' id='word_1_764' title='bbox 1773 2461 1840 2486; x_wconf 90' lang='lat' dir='ltr'><strong>dum</strong></span> 
     </span>
    </p>
   </div>
   <div class='ocr_carea' id='block_1_108' title="bbox 1051 2506 1839 2542">
    <p class='ocr_par' dir='ltr' id='par_1_108' title="bbox 1051 2506 1839 2542">
     <span class='ocr_line' id='line_1_108' title="bbox 1051 2506 1839 2542; baseline 0 -9"><span class='ocrx_word' id='word_1_765' title='bbox 1051 2507 1248 2541; x_wconf 58' lang='lat' dir='ltr'><strong>pra‘sngiorum</strong></span> <span class='ocrx_word' id='word_1_766' title='bbox 1273 2508 1368 2534; x_wconf 89' lang='lat' dir='ltr'><strong>mortis</strong></span> <span class='ocrx_word' id='word_1_767' title='bbox 1386 2508 1500 2542; x_wconf 78' lang='lat' dir='ltr'><strong>Augusti</strong></span> <span class='ocrx_word' id='word_1_768' title='bbox 1523 2507 1637 2542; x_wconf 84' lang='lat' dir='ltr'><strong>auguria</strong></span> <span class='ocrx_word' id='word_1_769' title='bbox 1655 2511 1764 2542; x_wconf 87' lang='lat' dir='ltr'><strong>captaul</strong></span> <span class='ocrx_word' id='word_1_770' title='bbox 1787 2506 1839 2533; x_wconf 90' lang='lat' dir='ltr'><strong>im-</strong></span> 
     </span>
    </p>
   </div>
   <div class='ocr_carea' id='block_1_109' title="bbox 1051 2551 1839 2588">
    <p class='ocr_par' dir='ltr' id='par_1_109' title="bbox 1051 2551 1839 2588">
     <span class='ocr_line' id='line_1_109' title="bbox 1051 2551 1839 2588; baseline 0 -10"><span class='ocrx_word' id='word_1_771' title='bbox 1051 2552 1226 2587; x_wconf 80' lang='lat' dir='ltr'><strong>prudentius,</strong></span> <span class='ocrx_word' id='word_1_772' title='bbox 1244 2552 1304 2586; x_wconf 77' lang='lat' dir='ltr'><strong>cjus</strong></span> <span class='ocrx_word' id='word_1_773' title='bbox 1318 2554 1386 2579; x_wconf 83' lang='lat' dir='ltr'><strong>iram</strong></span> <span class='ocrx_word' id='word_1_774' title='bbox 1402 2553 1429 2580; x_wconf 90' lang='lat' dir='ltr'><strong>in</strong></span> <span class='ocrx_word' id='word_1_775' title='bbox 1451 2561 1481 2580; x_wconf 84' lang='lat' dir='ltr'><strong>se</strong></span> <span class='ocrx_word' id='word_1_776' title='bbox 1501 2553 1578 2588; x_wconf 87' lang='lat' dir='ltr'><strong>ipsos</strong></span> <span class='ocrx_word' id='word_1_777' title='bbox 1592 2557 1722 2579; x_wconf 84' lang='lat' dir='ltr'><strong>acuentes</strong></span> <span class='ocrx_word' id='word_1_778' title='bbox 1738 2551 1839 2586; x_wconf 62' lang='lat' dir='ltr'><strong>ingeno</strong></span> 
     </span>
    </p>
   </div>
   <div class='ocr_carea' id='block_1_110' title="bbox 1051 2598 1837 2633">
    <p class='ocr_par' dir='ltr' id='par_1_110' title="bbox 1051 2598 1837 2633">
     <span class='ocr_line' id='line_1_110' title="bbox 1051 2598 1837 2633; baseline -0.001 -8"><span class='ocrx_word' id='word_1_779' title='bbox 1051 2600 1117 2626; x_wconf 90' lang='lat' dir='ltr'><strong>tium</strong></span> <span class='ocrx_word' id='word_1_780' title='bbox 1136 2599 1186 2625; x_wconf 77' lang='lat' dir='ltr'><strong>sibi</strong></span> <span class='ocrx_word' id='word_1_781' title='bbox 1203 2598 1312 2626; x_wconf 87' lang='lat' dir='ltr'><strong>fuerunt</strong></span> <span class='ocrx_word' id='word_1_782' title='bbox 1338 2600 1472 2627; x_wconf 81' lang='lat' dir='ltr'><strong>malorum</strong></span> <span class='ocrx_word' id='word_1_783' title='bbox 1494 2606 1596 2626; x_wconf 63' lang='lat' dir='ltr'><strong>causa.</strong></span> <span class='ocrx_word' id='word_1_784' title='bbox 1617 2599 1722 2633; x_wconf 81' lang='lat' dir='ltr'><strong>Agebat</strong></span> <span class='ocrx_word' id='word_1_785' title='bbox 1746 2598 1793 2625; x_wconf 85' lang='lat' dir='ltr'><strong>ille</strong></span> <span class='ocrx_word' id='word_1_786' title='bbox 1810 2598 1837 2624; x_wconf 94' lang='lat' dir='ltr'><strong>in</strong></span> 
     </span>
    </p>
   </div>
   <div class='ocr_carea' id='block_1_111' title="bbox 1052 2644 1837 2679">
    <p class='ocr_par' dir='ltr' id='par_1_111' title="bbox 1052 2644 1837 2679">
     <span class='ocr_line' id='line_1_111' title="bbox 1052 2644 1837 2679; baseline -0.001 -8"><span class='ocrx_word' id='word_1_787' title='bbox 1052 2644 1103 2671; x_wconf 85' lang='lat' dir='ltr'><strong>hoc</strong></span> <span class='ocrx_word' id='word_1_788' title='bbox 1118 2644 1229 2679; x_wconf 85' lang='lat' dir='ltr'><strong>quidem</strong></span> <span class='ocrx_word' id='word_1_789' title='bbox 1250 2652 1303 2671; x_wconf 86' lang='lat' dir='ltr'><strong>non</strong></span> <span class='ocrx_word' id='word_1_790' title='bbox 1324 2649 1415 2677; x_wconf 82' lang='lat' dir='ltr'><strong>recte;</strong></span> <span class='ocrx_word' id='word_1_791' title='bbox 1430 2644 1488 2679; x_wconf 90' lang='lat' dir='ltr'><strong>qui,</strong></span> <span class='ocrx_word' id='word_1_792' title='bbox 1503 2651 1566 2671; x_wconf 91' lang='lat' dir='ltr'><strong>cum</strong></span> <span class='ocrx_word' id='word_1_793' title='bbox 1584 2645 1751 2679; x_wconf 76' lang='lat' dir='ltr'><strong>oportuisset</strong></span> <span class='ocrx_word' id='word_1_794' title='bbox 1765 2644 1837 2670; x_wconf 87' lang='lat' dir='ltr'><strong>obli-</strong></span> 
     </span>
    </p>
   </div>
   <div class='ocr_carea' id='block_1_112' title="bbox 1049 2689 1837 2724">
    <p class='ocr_par' dir='ltr' id='par_1_112' title="bbox 1049 2689 1837 2724">
     <span class='ocr_line' id='line_1_112' title="bbox 1049 2689 1837 2724; baseline 0 -7"><span class='ocrx_word' id='word_1_795' title='bbox 1049 2697 1135 2722; x_wconf 85' lang='lat' dir='ltr'><strong>quum</strong></span> <span class='ocrx_word' id='word_1_796' title='bbox 1161 2689 1194 2716; x_wconf 89' lang='lat' dir='ltr'><strong>ad</strong></span> <span class='ocrx_word' id='word_1_797' title='bbox 1224 2690 1292 2716; x_wconf 86' lang='lat' dir='ltr'><strong>recti</strong></span> <span class='ocrx_word' id='word_1_798' title='bbox 1315 2697 1440 2717; x_wconf 87' lang='lat' dir='ltr'><strong>normam</strong></span> <span class='ocrx_word' id='word_1_799' title='bbox 1468 2691 1608 2724; x_wconf 83' lang='lat' dir='ltr'><strong>corrigere</strong></span> <span class='ocrx_word' id='word_1_800' title='bbox 1635 2690 1729 2724; x_wconf 85' lang='lat' dir='ltr'><strong>sicque</strong></span> <span class='ocrx_word' id='word_1_801' title='bbox 1755 2689 1837 2717; x_wconf 66' lang='lat' dir='ltr'><strong>ambo</strong></span> 
     </span>
    </p>
   </div>
   <div class='ocr_carea' id='block_1_113' title="bbox 1049 2735 1836 2770">
    <p class='ocr_par' dir='ltr' id='par_1_113' title="bbox 1049 2735 1836 2770">
     <span class='ocr_line' id='line_1_113' title="bbox 1049 2735 1836 2770; baseline 0.001 -9"><span class='ocrx_word' id='word_1_802' title='bbox 1049 2742 1204 2769; x_wconf 63' lang='lat' dir='ltr'><strong>exaequare,</strong></span> <span class='ocrx_word' id='word_1_803' title='bbox 1215 2739 1310 2761; x_wconf 87' lang='lat' dir='ltr'><strong>contra</strong></span> <span class='ocrx_word' id='word_1_804' title='bbox 1323 2735 1438 2769; x_wconf 82' lang='lat' dir='ltr'><strong>cogebat</strong></span> <span class='ocrx_word' id='word_1_805' title='bbox 1449 2735 1615 2770; x_wconf 89' lang='lat' dir='ltr'><strong>detorquere</strong></span> <span class='ocrx_word' id='word_1_806' title='bbox 1628 2735 1702 2770; x_wconf 87' lang='lat' dir='ltr'><strong>quod</strong></span> <span class='ocrx_word' id='word_1_807' title='bbox 1715 2742 1763 2769; x_wconf 89' lang='lat' dir='ltr'><strong>per</strong></span> <span class='ocrx_word' id='word_1_808' title='bbox 1775 2742 1836 2762; x_wconf 74' lang='lat' dir='ltr'><strong>sese</strong></span> 
     </span>
    </p>
   </div>
   <div class='ocr_carea' id='block_1_114' title="bbox 1050 2781 1834 2816">
    <p class='ocr_par' dir='ltr' id='par_1_114' title="bbox 1050 2781 1834 2816">
     <span class='ocr_line' id='line_1_114' title="bbox 1050 2781 1834 2816; baseline 0 -8"><span class='ocrx_word' id='word_1_809' title='bbox 1050 2786 1155 2808; x_wconf 80' lang='lat' dir='ltr'><strong>rectum</strong></span> <span class='ocrx_word' id='word_1_810' title='bbox 1170 2781 1271 2814; x_wconf 82' lang='lat' dir='ltr'><strong>fuerat,</strong></span> <span class='ocrx_word' id='word_1_811' title='bbox 1288 2781 1518 2816; x_wconf 88' lang='lat' dir='ltr'><strong>conformareque</strong></span> <span class='ocrx_word' id='word_1_812' title='bbox 1539 2781 1572 2808; x_wconf 90' lang='lat' dir='ltr'><strong>ad</strong></span> <span class='ocrx_word' id='word_1_813' title='bbox 1589 2783 1749 2815; x_wconf 81' lang='lat' dir='ltr'><strong>pravitatem</strong></span> <span class='ocrx_word' id='word_1_814' title='bbox 1767 2781 1834 2808; x_wconf 86' lang='lat' dir='ltr'><strong>obl:-</strong></span> 
     </span>
    </p>
   </div>
   <div class='ocr_carea' id='block_1_115' title="bbox 1050 2827 1837 2862">
    <p class='ocr_par' dir='ltr' id='par_1_115' title="bbox 1050 2827 1837 2862">
     <span class='ocr_line' id='line_1_115' title="bbox 1050 2827 1837 2862; baseline 0.001 -9"><span class='ocrx_word' id='word_1_815' title='bbox 1050 2827 1108 2862; x_wconf 92' lang='lat' dir='ltr'><strong>qui,</strong></span> <span class='ocrx_word' id='word_1_816' title='bbox 1134 2834 1188 2854; x_wconf 90' lang='lat' dir='ltr'><strong>non</strong></span> <span class='ocrx_word' id='word_1_817' title='bbox 1213 2828 1363 2854; x_wconf 82' lang='lat' dir='ltr'><strong>cmendans</strong></span> <span class='ocrx_word' id='word_1_818' title='bbox 1387 2827 1413 2854; x_wconf 93' lang='lat' dir='ltr'><strong>id</strong></span> <span class='ocrx_word' id='word_1_819' title='bbox 1437 2827 1510 2861; x_wconf 88' lang='lat' dir='ltr'><strong>quod</strong></span> <span class='ocrx_word' id='word_1_820' title='bbox 1533 2831 1595 2854; x_wconf 88' lang='lat' dir='ltr'><strong>erat</strong></span> <span class='ocrx_word' id='word_1_821' title='bbox 1617 2827 1757 2859; x_wconf 87' lang='lat' dir='ltr'><strong>vitiosum,</strong></span> <span class='ocrx_word' id='word_1_822' title='bbox 1787 2834 1837 2855; x_wconf 70' lang='lat' dir='ltr'><strong>se:</strong></span> 
     </span>
    </p>
   </div>
   <div class='ocr_carea' id='block_1_116' title="bbox 1051 2873 1839 2908">
    <p class='ocr_par' dir='ltr' id='par_1_116' title="bbox 1051 2873 1839 2908">
     <span class='ocr_line' id='line_1_116' title="bbox 1051 2873 1839 2908; baseline 0 -6"><span class='ocrx_word' id='word_1_823' title='bbox 1051 2874 1161 2902; x_wconf 79' lang='lat' dir='ltr'><strong>crimini</strong></span> <span class='ocrx_word' id='word_1_824' title='bbox 1184 2878 1304 2906; x_wconf 85' lang='lat' dir='ltr'><strong>vertens,</strong></span> <span class='ocrx_word' id='word_1_825' title='bbox 1329 2874 1350 2902; x_wconf 84' lang='lat' dir='ltr'><strong>si</strong></span> <span class='ocrx_word' id='word_1_826' title='bbox 1376 2881 1429 2902; x_wconf 90' lang='lat' dir='ltr'><strong>non</strong></span> <span class='ocrx_word' id='word_1_827' title='bbox 1455 2873 1653 2908; x_wconf 83' lang='lat' dir='ltr'><strong>depravaretur</strong></span> <span class='ocrx_word' id='word_1_828' title='bbox 1674 2875 1746 2908; x_wconf 89' lang='lat' dir='ltr'><strong>quod</strong></span> <span class='ocrx_word' id='word_1_829' title='bbox 1768 2874 1839 2902; x_wconf 74' lang='lat' dir='ltr'><strong>bene</strong></span> 
     </span>
    </p>
   </div>
  </div>
