1944 3067
113 135 165 168 953

589 138 638 168 DE
655 137 850 168 MICHAELE
872 137 1103 168 PALEOLOGO
1121 138 1197 170 LIB.
1216 139 1267 169 VI.

1686 141 1738 172 951

114 201 170 219 νειν
193 191 358 227 ἠνάγκαζεν,
391 192 442 219 οὐκ
470 192 591 220 εὐθύνων
619 193 647 219 τὸ
662 193 700 228 μὴ
716 193 806 223 καλῶς
825 192 896 227 ἐχον,
913 195 934 222 Α
949 193 1072 226 γεγονὸς,
1088 193 1173 228 ἄνδρα
1189 193 1332 224 εὐλαϐείας
1349 193 1400 228 μὲν
1413 193 1453 225 είς
1471 193 1557 227 ἄκρον
1574 195 1738 228 μεταποιού-

111 239 169 265 ἆὶλ¹
186 239 322 273 ἐγκαλῶν,
335 239 360 265 εί
378 239 416 274 μὴ
426 238 591 274 στρεϐλοϊτο,
617 238 657 274 τῷ
684 238 775 270 καλῶς
798 239 897 273 ἔχοντι.

112 286 172 311 ’Ότι
188 285 217 311 δέ
231 285 276 312 καί
289 293 359 312 τισιν
375 285 487 312 ἐκείνων
506 284 677 320 Μρεξήγετο
698 285 732 312 τὰ
744 285 791 312 τοῦ
816 285 898 318 ζήλου

110 332 156 357 καὶ
177 330 224 357 τοῦ
241 331 324 365 μέσου
354 331 562 366 παρολισθαίνον
590 332 645 362 τοῖς
664 331 794 362 ἐναντίοις
808 339 897 365 προσ-

110 377 219 409 έπαιεν,
245 376 334 408 ἐξεστι
359 377 398 411 τῷ
417 376 597 412 διακρινοῦντι
624 378 736 403 σκοπεῖν
751 385 758 393 ι
775 376 845 412 πλὴν
864 377 898 404 τὰ

109 423 161 456 τῆς
179 421 317 456 τιμωρίας
347 419 487 447 σϐεννύειν
507 419 564 456 εἶχε
588 420 678 447 καὶτὸ
692 421 824 456 ἀμηγέπη
851 420 898 447 ἐπὶ

111 468 165 498 τοῖς
181 467 378 502 πραττομένοις
393 467 515 501 εὔλογον.

155 511 382 547 Ἐκκεκομμένης
395 512 484 539 τοίνυν
499 513 549 545 τῆς
563 512 723 548 παρῥησίιις
745 512 802 544 τοῖς
817 512 897 539 ἐλευ-

108 558 204 594 θέροις
220 558 273 584 ὑπὸ
288 559 383 585 σκότον
407 559 539 593 φάμουσα
556 558 747 595 ἐῤῥιπτοῦντο.
776 559 825 594 τὴν
846 559 897 593 τῆς

108 605 200 640 ἀρχῆς
215 604 392 640 παραϐασίαν
414 605 571 639 ἐλέγχοντα.
594 605 626 632 Ol
649 605 678 632 δέ
688 605 735 632 τὸν
753 604 896 640 γράφοντα

110 650 150 685 μὴ
171 650 278 685 ἔχοντες
288 651 421 686 τιμωρεῖν
435 651 484 685 (οὐ
499 650 553 685 γὰρ
563 648 598 686 ἦν
615 650 824 685 ἐμφανίζεσθαι)
839 651 897 683 τοῖς

107 695 271 730 εὑρίσκουσι
298 695 404 731 βαρέως
420 697 530 731 ἐπεῖχον
555 696 593 728 ὼς
610 696 703 727 αὐτοῖς
718 696 894 731 ὑϐρίζουσιν

107 741 190 776 ὓϐριν
215 742 271 777 γὰρ
292 743 407 769 ἐκάλουν
437 743 484 770 τὸν
507 742 630 777 ἔλεγχον.
662 743 823 778 Ἐγγράφως
842 751 897 770 τοι-

106 787 212 823 γαροῦν
226 788 359 823 ἐκυροῦτο
377 789 393 824 ἡ
412 791 534 823 τιμωρία
545 789 585 825 τῷ
601 789 681 825 μόνον
696 789 850 825 εὑρήσοντι,
870 790 894 817 εί

105 832 190 864 αὐτὸς
209 833 348 868 ἀναγνοίη,
366 834 390 860 εί
401 833 473 868 ἄλλῳ
491 833 603 867 ἐξείποι,
615 835 640 860 εί
657 834 695 869 μὴ
710 834 770 860 κάοι
786 843 895 869 παραυ·
910 847 933 877 Β

105 877 182 905 τίκα.
197 878 267 912 Πρδς
277 877 306 904 δὲ
321 877 369 905 καὶ
383 878 422 912 τῷ
437 878 668 913 βασιλογραφείου
686 878 891 914 ἐγκαλουμένῳ,

105 923 144 954 ὡς
157 923 213 958 ἔχοι
232 923 322 958 μόνον,
338 924 354 959 ἡ
372 923 472 959 ἀπειλὴ
484 923 597 956 θάνατος
609 924 750 958 ἄντικρυς.

105 1004 155 1028 κε’.
172 1002 240 1035 Περὶ
258 1001 311 1030 τοῦ
335 1001 482 1030 Καλοειδᾶ
498 1002 549 1029 καί
572 982 642 1036 περί
666 1001 719 1029 τοῦ
752 1000 892 1029 Ἰωάννου

410 1037 464 1064 τοῦ
479 1038 586 1065 Δούκα.

140 1105 184 1142 [Ρ.
195 1105 258 1142 535]
272 1106 428 1142 Τεκμηριοῖ
438 1106 467 1133 δὲ
484 1107 531 1133 καὶ
545 1106 578 1134 τδ
593 1107 660 1142 περὶ
679 1106 723 1134 τὸν
740 1106 892 1133 Καλοειδᾱν

105 1195 237 1224 habebat.
255 1195 350 1231 Neque
365 1195 484 1224 dilfiteor
498 1200 590 1224 tamen
605 1201 747 1232 peccatum
762 1205 776 1224 a
798 1205 891 1224 mona-

105 1240 179 1275 cltis,
197 1241 361 1276 quibusdam
374 1249 467 1268 eorum
484 1242 633 1270 inconsulti
645 1242 694 1269 zeli
709 1242 891 1270 effervescim-

104 1287 142 1312 tia
163 1287 404 1322 prorumpentibus
425 1295 481 1322 quo
506 1288 619 1315 minime
644 1289 813 1316 coaveniret.
838 1289 890 1316 Vc-

104 1339 167 1359 rutu
196 1340 230 1360 ne
255 1333 344 1368 ipsum
370 1334 481 1369 quidem
507 1334 723 1370 imperatorem,
756 1334 820 1361 dum
847 1334 889 1362 bis

102 1380 229 1412 obsistit,
248 1379 367 1406 medium
391 1379 509 1407 laudatae
537 1379 734 1407 moderationis
749 1380 888 1412 tenuisse,

103 1425 154 1452 sed
185 1425 343 1452 excedenda
373 1425 521 1460 impegisse
547 1425 574 1452 in
600 1426 771 1452 contrarium
795 1433 889 1453 extre-

103 1478 199 1503 ntum,
228 1469 337 1498 conﬁdo
361 1470 538 1506 judicaturos
566 1471 720 1505 sapientes,
749 1471 796 1499 ubi
824 1479 886 1507 quin

953 248 1045 274 μενον,
1062 240 1198 276 παρθενίᾳ
1213 240 1347 272 συζῶντα,
1360 240 1409 266 καὶ
1425 239 1613 275 ἐλεημοσύνην
1628 241 1675 267 καὶ
1687 241 1738 275 τὴν

952 285 1021 320 πρὸς
1040 285 1084 311 τὸν
1100 286 1214 320 πλησίον
1227 285 1342 320 ἀγάπην
1355 286 1533 322 ἀσύγκριτον,
1552 286 1736 320 ἐξυπηρετού‹

953 338 1033 364 μενον
1048 330 1077 357 δὲ
1101 332 1135 365 τῇ
1154 331 1281 366 δεσποίνῃ
1297 331 1352 357 τῶν
1367 331 1510 365 ταμιείων,
1524 331 1564 362 ὃν.
1580 332 1640 357 ἐπεὶ
1655 332 1749 366 μόνον’

951 375 1021 410 ἔχων
1037 375 1158 402 τοιοῦτον
1173 376 1255 408 ἑάλω,
1282 375 1343 402 οὔτε
1360 375 1390 402 τδ
1406 376 1521 407 εὐλαϐὲς
1545 376 1646 407 ἔσωζεν
1674 375 1737 402 οὔτε

951 421 1004 456 μὴν
1030 422 1047 457 ἠ
1075 421 1145 456 ὺπέρ
1173 422 1278 448 ἐκείνου
1294 423 1343 458 τῆς
1371 422 1516 456 δεσποίνης
1535 422 1637 456 σπουδὴ
1657 430 1738 456 περι.

948 467 1108 501 εποιήσατο,
1121 467 1188 494 ἀλλὰ
1198 468 1252 494 τῶν
1262 468 1395 503 ὀμμάτων
1408 469 1514 502 στερεῖν
1527 467 1645 494 κελεύων
1658 467 1736 501 μόλις

947 513 981 538 τὰ
997 512 1047 547 τῆς
1064 512 1201 544 κολάσεως
1221 514 1264 544 είς
1281 513 1310 538 τὺ
1337 513 1515 547 ἀνεκτότερον
1543 512 1673 548 περιίστα
1692 512 1735 539 διὰ

947 558 996 593 τὴν
1010 559 1060 591 τῆς
1075 558 1220 594 δεσποίνης
1232 558 1332 594 συχνὴν
1346 558 1475 585 ἱκετείαν.
1487 559 1657 593 Προστάσσει
1668 558 1735 592 γὰρ.

947 605 992 641 [Ρ.
1013 604 1077 641 556]
1095 605 1143 632 καὶ
1155 606 1250 637 ἄγεται
1266 606 1280 632 ό
1292 605 1459 639 κατάκριτος
1471 606 1547 640 παρὰ
1565 606 1612 632 τὸν
1628 605 1674 632 τοῦ
1687 607 1736 639 φό-

949 659 996 686 ρου
1011 650 1089 678 κίονα
1101 651 1130 677 ἐν
1159 651 1410 682 κωνσταντιαναϊς.
1439 651 1494 678 Καὶ
1516 652 1571 682 τοῖς
1593 651 1736 687 κληρικοϊς

947 697 1071 732 ἁπαντᾷν
1081 697 1235 724 ἐπιστέλλει
1249 697 1298 732 τὴν
1314 697 1448 731 ταχίστην
1474 697 1557 732 μηδὲν
1572 697 1669 728 εἰδόσι,
1688 697 1736 723 καὶ

947 744 986 778 τῷ
1001 743 1076 778 τόπῳ
1093 743 1267 778 ἐφίστασθαι.
1285 742 1445 777 Κληρικοὺς
1460 742 1488 768 δὲ
1511 742 1620 773 πάντως
1633 742 1736 774 ἐκάλει,

948 790 1076 820 ὑπόπτως
1088 789 1132 816 ἀεὶ
1146 789 1214 824 πρὸς
1232 788 1332 821 αὐτοὺς
1347 788 1428 823 ἔχων,
1448 788 1487 820 ὡς
1497 788 1558 819 ταῖς
1578 789 1619 828 εἰς
1635 788 1736 814 ἐκεῖνον

946 835 1094 870 τιμωρίαις
1107 833 1288 869 δεδιξάμενος.
1305 834 1400 865 Ὀσοις
1411 831 1458 860 οὖν
1479 834 1529 860 οὐκ
1541 834 1570 859 ἐν
1582 833 1684 868 είδήσει
1702 830 1736 868 ἦν

945 881 980 908 τὰ
995 880 1178 916 πραττόμενα,
1193 879 1371 915 ἀφικνοῦντο*
1388 880 1412 907 οἱ
1428 879 1450 906 δ’
1466 880 1567 910 ειδότες
1588 879 1734 914 ἐπραγμα-

946 927 1079 956 τεύσαντο
1092 927 1141 962 τὴν
1156 927 1310 961 ἀποφυγὴν,
1331 926 1369 958 ὡς
1393 924 1465 961 εἶχεν
1479 925 1606 956 ἕκαστος.
1629 925 1736 952 ’ἱστῶσι

946 975 1039 1001 τοίνυν
1066 974 1112 1001 τὸν
1128 973 1223 1009 ἄνδρα,
1243 973 1290 1000 καὶ
1318 972 1417 1007 πρῶτα
1435 973 1484 1008 μέν
1501 972 1551 1002 τὰς
1577 971 1671 1007 τρίχας
1685 971 1735 1005 τῆς

946 1021 1068 1055 κεφαλῆς
1082 1019 1132 1046 οὐκ
1146 1019 1175 1046 ἐν
1188 1019 1248 1054 χρῷ
1271 1018 1426 1054 κείραντες,
1451 1017 1489 1049 ὡς
1505 1018 1662 1052 συνεργοῖεν
1674 1017 1735 1044 καί-

947 1075 1004 1094 οντι
1018 1066 1057 1100 τῷ
1072 1066 1149 1101 πυρὶ,
1161 1065 1326 1100 ἐμϐάλλουσι
1343 1064 1403 1098 πῦρ
1425 1065 1483 1095 τοῖς
1499 1063 1613 1098 χάρταις
1635 1062 1736 1097 βεϐρά-

945 1121 1006 1144 ναις
1016 1111 1077 1140 οὖσι
1095 1111 1143 1138 καὶ
1162 1112 1195 1147 τῇ
1220 1111 1328 1147 κεφαλῇ
1352 1110 1497 1137 ἐντιθεϊσιν
1522 1109 1560 1141 ὡς
1574 1109 1632 1145 ἅμα
1647 1108 1735 1143 ταύτῃ

947 1203 1078 1234 queutata
1101 1199 1135 1226 dc
1163 1199 1214 1226 hoc
1236 1198 1352 1226 crimine
1366 1217 1373 1230 ,
1396 1197 1467 1232 quod
1496 1195 1729 1231 basilograpbium

945 1246 1163 1281 nuncupabatur.
1182 1245 1268 1279 Hujus
1283 1249 1312 1271 ut
1332 1251 1395 1272 reus
1414 1243 1476 1278 quis
1491 1247 1677 1278 perageretur,
1690 1249 1734 1268 sa-

945 1294 979 1320 tis
993 1296 1053 1319 erat
1070 1292 1181 1326 reperiri
1199 1298 1282 1326 penes
1300 1297 1362 1316 euut
1376 1289 1494 1324 aliquem
1510 1288 1571 1323 ejus
1582 1288 1691 1323 generis
1703 1287 1735 1314 li-

944 1339 1056 1367 bellum.
1074 1338 1205 1365 Convicto
1216 1344 1290 1364 mors
1306 1335 1504 1363 intentabatur.

1065 1404 1100 1432 23
1132 1404 1170 1432 De
1185 1404 1298 1432 Caloida
1316 1408 1339 1431 et
1354 1403 1386 1430 de
1401 1402 1505 1430 Joanne
1522 1401 1607 1430 Dura.

979 1474 1064 1506 Quom
1080 1477 1169 1500 autem
1187 1481 1240 1501 non
1263 1479 1333 1500 vana
1349 1478 1485 1507 quamque
1501 1469 1688 1498 irrevocabilis
1703 1477 1734 1497 ea

100 1516 163 1545 ﬁeri
185 1522 251 1544 tunc
271 1517 386 1552 contigit
403 1521 508 1545 attente
527 1518 728 1552 perspexeriut.
750 1518 885 1546 Ceterum
901 1513 923 1546 (ἶ
939 1519 1068 1554 supplicii
1089 1519 1204 1546 extremi
1230 1517 1408 1545 comminatio
1431 1517 1524 1549 fuerit,
1550 1515 1660 1543 abunde
1686 1515 1734 1542 de-

102 1571 167 1591 cum
182 1563 311 1599 utrinque
333 1568 394 1591 acta
413 1571 463 1591 sua
479 1563 605 1598 quaedam
623 1564 760 1592 coloraret
775 1565 889 1593 rationis

102 1608 223 1643 species,
252 1609 344 1637 valere
367 1609 412 1636 illa
435 1610 532 1637 debuit
556 1610 589 1637 ad
611 1610 826 1646 exstinguendos
847 1611 888 1638 Vel

102 1658 179 1682 certe
191 1655 386 1689 temperandos
400 1661 581 1691 utrorumque
593 1655 708 1684 insanos
723 1656 845 1690 ardores,
861 1663 889 1684 ut

101 1707 154 1728 nec
171 1701 298 1729 monachi
316 1705 371 1728 tam
391 1702 594 1730 contumaciter
609 1702 734 1738 Augusto
752 1710 887 1738 repugna-

103 1749 176 1779 rent,
202 1753 296 1780 pacem
313 1746 500 1775 Ecclesiarum
524 1747 684 1783 reipublicae
712 1748 888 1776 utilissimam

101 1792 361 1820 accmumodatioue
387 1794 482 1821 multis
508 1795 622 1828 probata
649 1796 830 1830 procuranti,
861 1801 889 1823 et

103 1839 229 1866 vicissim
252 1839 403 1873 imperator
424 1840 517 1868 mitius
529 1847 577 1868 eos
597 1846 748 1874 coerceret,
769 1849 887 1875 quorum

102 1884 280 1911 aestuantium
307 1890 380 1912 mettt
406 1885 549 1919 peccandi,
577 1886 640 1913 licet
666 1893 746 1918 vano,
769 1886 888 1913 infirmis

102 1937 213 1962 aequum
243 1933 303 1957 erat
328 1930 509 1958 conscienttis
539 1931 654 1965 ignosci.
679 1930 715 1958 Ut
740 1935 771 1958 ut
806 1939 888 1965 porro

101 1976 218 2011 quisque
233 1975 266 2003 de
281 1975 323 2003 his
338 1979 452 2009 statuat,
467 1975 531 2003 inde
542 1975 644 2004 factum
657 1981 699 2004 est
715 1981 744 2004 ut
756 1985 887 2012 oppressa

101 2021 212 2055 publice
242 2021 324 2048 saevis
357 2021 554 2056 suppliciorum
584 2023 717 2057 exemplis
748 2024 887 2050 contradi-

99 2067 180 2096 cendi
197 2067 312 2094 libertas
337 2067 365 2094 in
391 2066 519 2095 furtivam
545 2067 723 2095 maledicendi
749 2068 886 2096 licentiam

100 2117 270 2148 erumperet,
292 2112 446 2148 famosique
461 2112 545 2140 libelli
567 2113 638 2140 clam
655 2114 785 2141 noctibus
809 2121 888 2149 spar-

98 2161 249 2194 gerentur,
272 2157 374 2193 quibus
396 2158 557 2193 imperatori
580 2160 820 2194 exprobrabantur
838 2168 885 2187 ve-

941 1567 1112 1598 monstravit,
1127 1566 1200 1601 quod
1215 1565 1334 1593 Caloidae
1348 1565 1474 1600 contigit,
1494 1563 1553 1591 viro
1567 1563 1675 1591 eximite
1687 1570 1731 1589 re-

940 1612 1048 1648 ligionis
1058 1619 1226 1646 summaeque
1237 1611 1403 1644 sanctitatis,
1416 1611 1442 1638 in
1453 1610 1609 1644 virginitate
1620 1609 1733 1640 viventi,

939 1658 1136 1693 exercentique
1152 1666 1182 1686 se
1199 1657 1312 1686 assidue
1335 1657 1363 1683 in
1380 1655 1566 1690 eleemosynis
1578 1661 1611 1682 ac
1626 1654 1733 1682 caeteris

940 1705 966 1732 id
983 1712 1070 1740 genus
1090 1711 1155 1740 erga
1172 1704 1323 1738 proximos,
1342 1703 1401 1730 sine
1416 1701 1569 1729 differentia
1586 1700 1731 1728 delectuve

939 1759 1132 1785 personarum,
1147 1749 1334 1778 misericordis
1346 1749 1491 1776 charitatis
1504 1748 1645 1782 operibus.
1666 1747 1731 1776 Erat

938 1802 1028 1824 autem
1046 1796 1116 1824 idem
1132 1796 1166 1823 de
1183 1796 1287 1823 familia
1300 1794 1495 1829 impcratricis,
1510 1801 1598 1829 penus
1610 1793 1671 1828 ejus
1683 1802 1732 1821 cu-

939 1850 996 1870 ram
1016 1850 1124 1877 gerens.
1141 1842 1219 1869 Hunc
1234 1841 1427 1868 tantummodo
1444 1841 1546 1867 habere
1560 1840 1661 1868 librum
1688 1845 1731 1867 ta-

939 1887 990 1914 lem
1007 1888 1208 1923 deprehensum
1220 1895 1273 1914 non
1285 1894 1334 1915 sua
1359 1886 1446 1921 pietas
1461 1887 1592 1919 servavit,
1614 1893 1668 1913 non
1682 1893 1731 1920 pa-

939 1941 1026 1963 tronae
1047 1937 1174 1971 Augusta!
1188 1940 1322 1971 quantum
1348 1929 1441 1970 posset
1463 1942 1514 1970 pro
1537 1935 1591 1962 fido
1610 1939 1636 1961 et
1665 1941 1731 1961 caro

938 1981 1038 2008 cliente
1055 1988 1087 2008 ac
1114 1981 1242 2009 ministro
1266 1980 1419 2015 satagentis
1433 1980 1596 2014 suffragttio
1621 1980 1729 2007 studio-

939 2029 1048 2056 sissima
1061 2028 1189 2062 protexit.
1203 2027 1272 2054 Illud
1288 2028 1360 2054 enim
1377 2027 1511 2054 duntaxat
1526 2027 1730 2054 ardentissimis

937 2078 965 2100 et
978 2074 1145 2100 creberrime
1157 2072 1333 2107 ingeminatis
1345 2072 1471 2106 conjugis
1484 2079 1540 2099 suae
1553 2080 1603 2106 pro
1615 2072 1727 2099 Caloitla

939 2119 1067 2154 precibus
1080 2119 1123 2145 vix
1147 2118 1256 2145 tandem
1273 2118 1412 2152 Augustus
1433 2118 1577 2148 relaxavit.
1597 2121 1624 2144 ttt
1649 2124 1727 2151 pmna

939 2165 1034 2192 mortis
1049 2165 1075 2192 in
1087 2163 1303 2195 excmcationem
1319 2167 1481 2190 mutaretur.
1498 2162 1580 2190 Jussu
1594 2170 1658 2197 ergo
1667 2163 1727 2196 ejus

99 2209 158 2232 tera
177 2203 282 2232 scelera
298 2203 386 2230 invasi
405 2203 527 2237 perjurio
543 2203 651 2238 imperii
669 2205 882 2241 circumscripto

943 2211 1087 2237 damnatus
1101 2209 1134 2237 ad
1149 2209 1201 2238 fori
1216 2210 1371 2237 columnam
1389 2209 1414 2235 in
1430 2207 1636 2236 Constantianis
1653 2209 1728 2235 sisti-

98 2250 205 2286 pupillo
217 2252 410 2284 excaecatoque
425 2256 491 2276 vero
508 2249 627 2277 literede.

134 2297 184 2326 His
210 2297 358 2332 imperator
379 2303 442 2323 cum
454 2296 512 2324 suis
535 2304 616 2331 supra
632 2296 744 2324 modum
771 2296 884 2329 irritati,

97 2352 179 2380 quam
199 2344 226 2371 in
243 2348 370 2370 auctores
394 2342 547 2369 libellorum
560 2344 618 2370 suis
632 2343 743 2370 latebris
759 2347 832 2371 tutos
847 2344 887 2371 ef-

97 2390 211 2419 fundere
228 2390 295 2418 lram
308 2389 468 2424 nequibant,
486 2389 512 2416 in
528 2396 574 2416 eos
592 2390 639 2424 qui
652 2390 828 2418 sustulissent
844 2391 886 2418 in-

95 2440 192 2463 νι-ιιιοε
207 2435 278 2470 apud
299 2442 384 2469 seque
402 2438 536 2467 tenerent,
559 2442 701 2470 pceuarum
725 2435 887 2463 crudelitate

95 2483 245 2510 satiabant.
266 2480 332 2508 Nam
345 2486 372 2508 et
386 2481 470 2516 objici
485 2481 559 2514 talia,
575 2478 712 2516 utcunque
724 2489 797 2514 vera,
809 2489 886 2509 sum—

96 2537 169 2556 mam
188 2528 381 2556 contumeliam
401 2528 546 2562 putabant;
561 2531 587 2555 et
612 2527 693 2563 hujus
714 2528 887 2555 contumelia:

94 2582 175 2602 veros
188 2577 315 2601 auctores
324 2581 371 2601 eos
385 2574 597 2605 arbitrabantur,
615 2574 661 2608 qui
676 2573 777 2601 nefaria
789 2578 815 2601 et
827 2574 884 2600 visu

96 2620 186 2654 primo
200 2619 331 2646 abolenda
349 2618 452 2652 scripta
469 2625 532 2645 cum
548 2618 598 2653 ipsi
618 2618 750 2653 legerent.
769 2623 827 2646 tum
849 2619 886 2646 le~

93 2666 181 2702 genda
193 2666 300 2694 caeteris
319 2669 474 2693 servarent.
494 2664 558 2692 Fixa
575 2665 657 2700 igitur
674 2665 700 2692 in
716 2666 825 2700 publico
842 2666 884 2692 lex

92 2713 224 2747 cstbujus
234 2712 392 2739 sentcntiae:
408 2712 473 2744 «Qui
487 2712 619 2738 famosum
632 2711 806 2743 invenerit,si
818 2712 888 2746 lege-

93 2759 129 2786 rit
143 2759 212 2793 ipse.
227 2757 251 2785 si
268 2757 313 2784 alii
326 2756 434 2790 dixerit,
450 2756 472 2784 si
483 2764 535 2783 non
547 2757 638 2783 statim
656 2757 846 2786 combusserit.
862 2763 886 2790 si

93 2804 165 2838 apud
172 2810 202 2831 se
211 2803 310 2830 habere
321 2802 507 2837 deprehensus
516 2802 707 2836 fuerit,capitis
715 2803 865 2830 damnator.
874 2812 883 2828 ι

93 2851 265 2886 Quasstioncs
286 2850 347 2877 inde
372 2857 447 2877 acres
469 2848 581 2885 diraque
603 2848 684 2885 492
712 2848 814 2884 judicia
834 2849 887 2877 frc-

937 2261 993 2283 tur.
1008 2257 1183 2283 Advocantur
1199 2255 1295 2282 eodem
1311 2260 1338 2282 et
1355 2255 1459 2287 clerici,
1475 2255 1617 2288 repentino
1642 2261 1729 2288 eoque

935 2301 991 2328 acri
1008 2308 1039 2328 ac
1055 2300 1136 2328 minis
1153 2302 1180 2327 in
1201 2303 1362 2327 cunctantes
1377 2299 1483 2326 sancito
1508 2299 1611 2330 accitu,
1640 2297 1727 2333 ignari

936 2354 1016 2381 quam
1029 2347 1064 2372 ob
1078 2353 1201 2373 causam.
1223 2345 1329 2373 Adesse
1344 2350 1435 2372 atttem
1462 2352 1510 2372 eos
1526 2344 1630 2371 idcirco
1653 2352 1729 2378 prm-

935 2400 1000 2427 ceps
1015 2392 1111 2425 voluit,
1128 2397 1158 2420 ut
1171 2400 1258 2427 genus
1270 2391 1296 2419 id
1313 2392 1455 2419 hominum
1474 2391 1527 2418 sibi
1541 2390 1645 2417 dudum
1659 2397 1728 2417 con-

937 2439 1065 2466 tutttaciu:
1081 2443 1238 2473 suspectum
1269 2438 1395 2472 exemplo
1411 2438 1461 2464 diri
1476 2436 1601 2471 supplicii
1615 2442 1731 2463 terrere-

937 2487 992 2512 tur.
1009 2484 1172 2518 Quicunque
1195 2484 1279 2518 igitur
1296 2491 1329 2510 ex
1347 2483 1379 2510 iis
1396 2482 1463 2517 quid
1477 2482 1631 2517 spectaturi
1650 2489 1730 2508 vora-

937 2534 1033 2557 runtur
1049 2530 1222 2563 ignorarunt,
1238 2536 1293 2563 quo
1309 2527 1476 2562 jubebantur
1501 2531 1566 2554 sunt
1592 2526 1706 2562 profecti
1721 2535 1729 2559 ;

937 2575 983 2610 qui
999 2584 1054 2602 rem
1068 2579 1277 2609 pnesenserant,
1288 2573 1378 2608 fugam
1388 2573 1569 2607 expedierunt.
1584 2580 1636 2608 qtta
1649 2573 1728 2606 quis-

937 2629 989 2656 que
1018 2621 1106 2656 potuit
1131 2620 1276 2647 tutissime.
1298 2619 1431 2646 Perducto
1448 2617 1481 2645 ad
1501 2617 1589 2644 locum
1612 2617 1730 2644 Caloidte

937 2675 1015 2695 coma
1040 2669 1152 2694 detonsa
1175 2671 1227 2694 est.
1256 2673 1309 2692 non
1337 2663 1371 2691 ad
1392 2668 1494 2696 cutem,
1508 2662 1555 2690 sed
1576 2663 1637 2698 pilis
1652 2670 1667 2689 a
1685 2670 1730 2689 ra-

937 2713 997 2740 dice
1015 2712 1048 2738 ad
1067 2711 1185 2746 aliquant
1199 2710 1288 2737 adhuc
1304 2708 1477 2735 altitudinem
1501 2708 1605 2735 relictis
1618 2711 1730 2734 exstan-

938 2759 1020 2790 tibus,
1038 2762 1067 2783 ut
1080 2757 1208 2791 pabulum
1224 2755 1279 2787 igni
1291 2758 1385 2782 essent
1397 2761 1445 2788 per
1461 2754 1510 2780 bos
1524 2753 1620 2781 iutime
1631 2753 1729 2788 pellem

937 2803 1023 2838 ipsam
1042 2809 1073 2829 ac
1084 2801 1187 2829 calvam
1202 2800 1319 2828 ambusti
1333 2799 1441 2827 verticis
1454 2806 1613 2833 pervasnro.
1636 2798 1731 2833 Appli-

938 2855 1004 2878 cata:
1021 2848 1119 2876 dehinc
1140 2851 1270 2883 art-teque
1285 2853 1424 2881 oppressa:
1446 2845 1540 2873 miseri
1556 2845 1637 2881 capiti
1649 2844 1731 2872 c'tar-
