1944 3067
221 129 276 160 959

826 134 847 163 Ο
854 133 954 164 EORG
961 133 989 164 II
1008 134 1106 165 PACH
1113 134 1254 165 ΥΜΕΒΛΞ

1800 133 1848 164 960

218 186 317 222 ἐκείνῳ
325 186 360 213 τὰ
374 186 424 223 τῆς
440 188 575 224 τιμωρίας
588 189 618 221 ις
632 190 701 224 τόδε,
713 190 782 218 ἀλλὰ
798 192 845 219 καὶ
857 192 911 219 ἀπὸ
921 200 1006 227 προσ·
1022 200 1044 230 Α
1061 193 1151 228 ﬁdele,
1166 192 1295 228 βασιλεὺς
1318 192 1346 220 δὲ
1360 192 1391 220 οὗ
1404 192 1434 219 τδ
1458 191 1502 227 ἐφ’
1515 190 1617 219 ἑαυτοῦ
1636 190 1719 226 μόνον
1731 190 1847 226 προορώ-

217 232 294 258 ὠπου
309 232 397 259 ἐποίει
416 233 464 260 καὶ
478 234 528 269 τῆς
543 234 598 261 τῶν
610 236 708 262 κοινῶν
735 237 872 272 μεσιτείας
889 246 1009 273 παρακι-

216 279 273 304 νετν
284 278 335 305 οὐκ
345 278 477 306 ἀπώκνει.
491 280 546 307 Καὶ
558 282 773 316 παρεωραμένος
784 283 897 310 διετέλει
912 283 1010 319 μέχρις

216 321 248 352 οὗ
259 325 448 360 οίκειοχείροις
461 325 622 359 ἀσφαλείαις
635 327 672 362 μὴ
688 327 768 362 μόνον
781 330 941 364 προσήκατο
959 330 1010 364 τὴν

216 372 342 406 εἰρήνην,
365 371 433 398 ἀλλὰ
456 368 515 398 καὶ¹
538 372 618 400 πλέον
633 371 667 408 ἦν
687 374 808 410 ἓτοιμος,
837 376 862 403 ιι
891 375 1009 408 κελεύοι,

217 418 358 453 πράττειν.
379 418 409 444 '0
423 417 451 445 δὲ
466 419 524 450 τοῖς
538 418 588 454 μὲν
601 419 735 454 παροῦσιν
761 420 943 456 ἀρκούμενος,
960 421 1011 448 ἐπὶ

217 463 247 490 δὲ
264 464 295 492 τὸ
311 463 392 491 πλέον
407 463 513 490 ἐκείνου
539 463 590 499 μὲν
613 465 766 499 καταγνοὺς
779 466 860 501 δῆθεν
872 466 910 497 ῶς
924 475 1008 493 κατα-

187 548 191 554 Ι
218 510 369 545 ψυχθέντος
384 509 430 536 τδν
460 509 552 544 ζῆλον,
581 510 679 538 ἑαυτὸν
705 511 734 538 δὲ
763 511 825 547 μηδ’
846 511 1011 547 ἀνεχόμενον

218 555 364 590 παριστῶν
374 555 443 586 ὅλως
456 555 637 591 παραϐαίνειν
649 556 731 583 πλέον
740 557 796 584 τῶν
808 557 1010 593 συγκειμένων,

217 600 365 635 δεξάμενος
394 599 472 632 αὖθις
496 602 554 633 τοῖς
575 601 724 637 πραχθεῖσι
762 602 853 637 μόνοις
879 602 1012 638 ιμμένειν

218 647 233 674 ἑ
238 648 323 683 πήγγε
328 647 377 675 ιλε.

220 724 272 758 κζ’.
294 725 396 757 ὀπως
412 723 447 751 ἐκ
461 724 578 757 δύσεως
602 723 790 759 ὑπέστρεφεν
817 725 834 751 d
863 725 1014 759 Πορφυρο-

303 759 458 795 τέννητος,
472 759 523 786 καὶ
542 760 578 787 τὰ
590 760 664 786 κατὰ
675 760 730 786 τὸν
743 758 935 793 Κοτανίτζτην.

1062 246 1143 272 μενος
1165 238 1206 269 είς
1233 246 1264 264 τε
1277 237 1328 273 τὴν
1344 237 1391 264 ἀπ’
1409 237 1514 264 ἐκείνου
1535 236 1664 263 δουλείαν
1681 236 1729 262 καλ⁵
1745 235 1773 262 τὸ
1787 236 1845 271 eis;

1061 284 1131 319 πρὸς
1144 283 1253 311 εὔνοιαν
1267 283 1431 316 ἀδολίευτον,
1448 283 1516 310 ἀλλὰ
1538 283 1588 309 καὶ
1604 281 1641 308 τὰ
1656 281 1707 316 ὀψὲ
1720 281 1774 308 τῶν
1787 290 1844 308 και-

1062 328 1117 364 ρῶν
1144 328 1331 363 σκοπούμενος
1356 326 1507 362 ἐκτυφλοῦν
1541 327 1694 353 ἑὸούλετο·
1717 325 1785 360 μηδὲ
1798 326 1847 360 γὰρ

1062 374 1143 401 αὐτὸν
1153 374 1275 408 ὀμνύειν,
1292 374 1331 405 ὡς
1343 373 1487 408 ὲπιορκίας
1511 373 1630 404 ἁλῶναι,
1655 371 1726 399 ἀλλὰ
1738 371 1783 398 τὸν
1795 371 1847 398 υἱὸν

1061 420 1131 454 ὑπὲρ
1151 419 1234 446 αὐτοῦ
1251 420 1318 454 μηδὲ
1344 419 1535 451 συναινοῦντος
1557 420 1643 450 ὅλως.
1661 418 1715 444 Τὺν
1728 417 1756 444 δὲ
1771 417 1848 444 κακὸν

1061 464 1191 500 προεώρα
1214 465 1310 496 κακὸν,
1335 465 1364 492 οὐ
1383 464 1478 501 Θεσμῷ
1493 464 1637 499 μαντείας,
1670 463 1739 490 ἀλλὰ
1754 463 1849 497 φυσικῇ

1061 510 1160 544 γνώσει
1180 510 1304 545 προορῶν
1323 509 1352 536 τὸ
1370 510 1485 545 μέλλον·
1503 510 1548 536 τὸν
1577 510 1636 545 γὰρ
1652 508 1701 535 τοῦ
1717 507 1850 543 λῃστεύειν

1061 556 1102 587 εις
1113 557 1211 592 πεῖραν
1226 556 1329 590 ἥκοντα
1356 555 1438 591 μηδὲν
1455 555 1555 590 ὁρμαῖς
1582 555 1683 589 ἑτέρου
1699 554 1851 580 δουλεύοντα

1062 602 1213 636 ἀγαπῆσαι.
1243 602 1289 633 Ὠς
1313 600 1379 636 γοῦν
1408 602 1587 634 ἀμεταθέτως
1615 598 1851 635 εῐχενόβασιλεὺς

1061 645 1109 672 ἐπὶ
1136 645 1233 682 τούτῳ,
1261 647 1310 673 καὶ
1333 646 1380 673 τὸν
1394 646 1453 673 υἱὸν
1473 646 1537 676 τοὺς
1549 646 1657 680 ὅρκους
1682 644 1852 679 προτείνοντα

1061 691 1130 723 ὅλως
1157 692 1300 727 ἐπιορκίας
1325 692 1482 728 ἀπήλλαττε
1507 692 1601 726 λόγοις
1627 690 1730 726 (αὐτὸν
1745 690 1851 724 καὶγὰρ

1062 737 1208 772 φυλάττειν
1221 738 1285 770 τοὺς
1297 738 1396 773 ὅρκους
1412 737 1451 769 ὡς
1470 737 1539 773 μηδὲ
1552 736 1721 771 προδιδόντα
1739 735 1755 770 ἢ
1768 743 1852 761 συναι-

1063 783 1161 810 νοῦντα
1175 783 1205 810 τὸ
1220 783 1346 819 σύμπαν,
1365 783 1462 818 ἐκείνῳ
1478 783 1501 809 δ’
1515 783 1574 809 δντι
1598 782 1658 809 τῶν
1672 781 1763 817 ὅρκων
1783 781 1851 808 slsu-

257 826 299 863 [Ρ.
316 826 381 863 ⁵559]
408 826 462 854 Τοῢ
489 826 511 853 δ’
529 826 612 854 αὑτοῦ
635 826 714 858 ἔτους
737 826 905 862 ὑποστρέφει
923 826 972 861 μὲν
983 826 1013 859 ἐξ
1064 829 1137 864 θέρῳ
1151 828 1303 861 ἀκινδύνως
1317 830 1449 865 πράττειν
1473 829 1608 863 ἐξεῖναι),
1637 828 1767 855 ἀπειπὼν
1791 828 1852 862 πρδς

220 873 354 908 ἀνατολῆς
378 874 392 900 6
422 873 548 908 βασιλεὺς
576 873 749 907 Ἀνδρόνικος
764 891 772 903 .
795 873 846 907 τὴν
868 872 1012 899 δέσποιναν
1028 873 1050 900 Β
1063 875 1126 907 τοὺς
1140 875 1236 909 λόγους
1249 875 1296 902 καὶ
1306 876 1355 909 τὴν
1373 875 1444 910 ὑπὲρ
1462 874 1509 901 τοῦ
1528 875 1621 901 ικέτου
1643 873 1765 900 ἱκετείαν
1776 873 1850 899 ἀσθε-

221 921 311 947 ἔκεϊσε
320 918 488 952 καταλιπὼν,
501 918 616 954 ἀνήγετο
629 918 657 945 δὲ
674 917 727 953 πρὸ
742 917 838 944 τούτου
855 918 903 944 καὶ
914 919 946 944 ὲκ
963 917 1010 944 δύ-

222 973 292 997 σεως
308 966 321 992 ὁ
340 965 608 1001 Πορφυρογέννητος,
625 964 700 991 οὐδὲν
715 964 754 995 είς
767 963 897 999 τρόπαιον
919 963 1010 998 φέρων

222 1011 240 1045 ἢ
256 1012 303 1039 τὸν
314 1011 485 1046 Κοτανίτζην
498 1010 552 1038 ὑπο
560 1012 641 1046 χεῖρα
653 1010 839 1046 ποιησάμενος
853 1010 1011 1044 ὁμολογίαις

223 1058 345 1094 ινόρκοις
355 1058 403 1085 τοῦ
415 1059 497 1093 μηδέν
508 1066 535 1084 τι
547 1057 645 1084 παθεῖν
657 1058 689 1083 ὲκ
701 1056 834 1092 βασιλέως
851 1056 1011 1091 ἀνήκεστον.

225 1103 282 1131 Καὶ
295 1104 309 1130 ὁ
337 1103 387 1139 μὲν
411 1103 540 1139 ἐμμένων
555 1104 611 1134 τοῖς
628 1102 721 1138 ὅρκοις
737 1102 766 1133 ἐς
794 1101 871 1133 τέλος
889 1101 1012 1136 εὐορκεῖν

226 1193 403 1228 instanteque
426 1197 481 1220 tam
507 1191 711 1226 inexplebiliter
733 1191 868 1226 Augusto,
888 1193 921 1217 ut
949 1196 1012 1217 cum

227 1239 342 1267 baculus
372 1239 399 1266 in
428 1238 569 1266 tundentis
597 1245 680 1265 manu
708 1236 880 1265 vehementia
910 1236 1013 1263 ictuum

228 1284 335 1312 fractus
360 1284 517 1312 dissiliisset
545 1285 572 1310 in
591 1283 690 1313 frusta,
716 1282 838 1309 nondqu
853 1282 892 1308 ira
916 1282 1014 1309 satiata

228 1331 301 1359 sumi
317 1331 433 1358 alterum
459 1330 576 1365 jusserit
592 1330 740 1365 plagasque
759 1327 939 1356 aecumulari.
961 1325 1016 1353 Ne-

229 1385 282 1412 que
296 1377 342 1405 hic
357 1376 460 1404 infelici
485 1376 620 1404 malorum
647 1375 720 1402 ﬁnis.
737 1374 871 1402 Eumdrm
898 1377 925 1401 et
937 1381 952 1400 a
966 1380 1017 1400 suo

228 1428 377 1458 conspectu
390 1428 417 1450 et
433 1422 467 1450 ab
484 1422 722 1449 administratione
738 1427 830 1448 rerum
854 1422 973 1446 amovet.
987 1418 1016 1445 ln

230 1476 318 1504 eoque
333 1469 392 1503 ejus
407 1467 537 1501 despectu
549 1466 744 1502 perseveravit,
758 1464 848 1500 quoad
867 1464 912 1491 ille
928 1463 1017 1491 victus

230 1515 310 1542 malis
323 1518 350 1542 et
366 1514 465 1548 prioris
479 1513 595 1540 furtunae
609 1511 777 1539 desiderium
794 1519 848 1538 non
875 1509 966 1537 ferens
983 1509 1015 1536 ad

232 1569 329 1596 preces
353 1561 464 1588 inﬁmas
493 1558 646 1590 descendit,
672 1558 866 1591 declarataque
878 1563 1017 1591 perperam

231 1612 355 1636 actorum
384 1606 558 1642 paenitentia,
575 1609 603 1632 et
629 1604 735 1632 idoneis
751 1603 829 1639 quasi
856 1602 971 1629 vadibus
988 1607 1020 1628 ac

233 1654 394 1689 pignoribus
417 1653 451 1680 de
476 1660 506 1680 se
525 1652 608 1683 datis,
633 1650 803 1678 exhibitione
815 1648 1018 1677 contrariorum

233 1707 346 1734 operum
375 1704 404 1727 et
425 1705 569 1730 sensuum,
585 1697 664 1725 Iidem
679 1696 807 1732 promissi
839 1695 902 1722 fecit
922 1701 975 1729 quo
992 1700 1022 1720 se

233 1745 420 1780 obstringebat
431 1753 484 1773 non
496 1745 584 1772 solutn
603 1743 636 1771 ad
648 1743 777 1777 deinceps
790 1739 1021 1775 acquiescendum

235 1793 308 1828 paci,
324 1791 371 1820 sed
386 1795 414 1819 et
426 1791 448 1818 si
465 1791 530 1826 quid
546 1789 663 1818 ulterius
675 1797 708 1816 eo
724 1789 751 1815 in
783 1795 884 1824 genere
898 1787 1021 1821 Augusto

234 1838 312 1865 cordi
345 1842 430 1869 esset,
454 1837 522 1863 citra
554 1835 637 1862 ullam
669 1833 858 1868 exceptionem
878 1831 959 1866 49⁵1
975 1833 1023 1857 aut

236 1891 341 1911 moram
360 1881 606 1915 obtemperandum
632 1879 740 1906 cunctis
764 1877 958 1912 quaajulieret,
992 1875 1021 1902 in

237 1929 290 1956 hoc
315 1935 423 1963 quoque
447 1927 560 1957 nimius,
579 1930 608 1952 ut
627 1925 776 1960 imperator
792 1924 850 1958 ipse
876 1921 1022 1957 judicavit,

236 1974 284 2009 qui
313 1973 387 2009 quod
403 1972 570 2000 oll‘urehatur
596 1976 710 1998 eatenus
726 1970 858 1997 duntaxat
884 1968 1023 2002 accipiens

239 2025 270 2048 ut
283 2020 456 2047 Muzaloncm
474 2023 599 2053 perstare
622 2017 755 2053 deinceps
780 2017 808 2044 in
825 2014 937 2042 statutis
949 2015 1022 2042 circa

237 2073 332 2102 pacem
348 2065 530 2094 Ecclesiarum
548 2064 688 2098 gauderet,
718 2063 881 2097 improbavit
897 2062 967 2096 apud
995 2069 1026 2089 se

240 2112 361 2147 graviter
376 2110 604 2146 praeparationem
634 2109 720 2136 animi
747 2116 830 2143 quam
863 2106 1026 2135 ostendebat

241 2159 275 2185 ad
291 2158 416 2187 ulterius.
442 2156 464 2183 si
481 2156 635 2191 jubrretur,
652 2155 896 2191 progrediendum.
915 2154 943 2181 in
970 2160 1025 2188 quo

1031 1537 1053 1566 C

1060 921 1160 948 νοῦσαν
1186 922 1257 957 ὀρῶν
1271 922 1286 948 ὁ
1299 921 1447 957 δεξάμενος
1469 920 1570 956 βουλὴν
1589 921 1703 953 εἰσάγει
1717 919 1757 954 τῷ
1769 919 1851 957 κινδυ-

1061 966 1166 993 νεύοντι
1190 967 1358 1001 καταφυγεῖν
1375 966 1443 1002 προς
1467 966 1498 993 τὸ
1514 966 1611 993 Μέλαν
1628 966 1677 992 καὶ¹
1693 966 1728 992 τὰ
1743 966 1795 992 τῶν
1810 974 1852 999 μοι

1061 1011 1151 1046 ναχῶν
1164 1012 1366 1047 ἀμφιέσασθαι,
1392 1012 1418 1038 εῐ
1429 1020 1497 1043 ,πως
1515 1011 1652 1038 ἐντεῦθεν·
1672 1011 1790 1046 σωθείη·
1817 1009 1850 1044 τῷ

1062 1059 1118 1094 γὰρ
1135 1058 1210 1091 ἅπαξ
1235 1059 1270 1086 τὰ
1290 1059 1337 1085 τοῦ
1364 1059 1469 1093 κόσμου
1497 1058 1665 1093 ὁμολογίαις
1692 1057 1847 1092 ἀποθεμένῳ

1063 1105 1193 1140 φρικταῖς
1206 1104 1244 1139 μὴ
1256 1104 1289 1131 ἄν
1302 1113 1363 1131 τινα
1377 1104 1490 1131 δυνατὶν
1503 1101 1574 1131 εἶναι
1588 1104 1722 1134 ὑπόπτως
1738 1102 1807 1138 ἔχειν
1816 1103 1848 1133 ὡς

1064 1191 1212 1220 Occidente
1228 1192 1490 1228 Porphyrogenitus,
1521 1192 1593 1220 nihil
1621 1192 1656 1219 ad
1677 1196 1805 1226 tropteum
1817 1190 1849 1218 fe-

1064 1247 1139 1267 rens.
1156 1239 1215 1267 Non
1227 1240 1299 1267 enim
1323 1239 1395 1267 bello
1416 1239 1529 1272 vicerat,
1546 1240 1596 1267 sed
1622 1239 1697 1266 ultro
1709 1237 1848 1272 subjectum

1065 1286 1192 1320 potestati
1206 1287 1266 1321 ejus
1282 1285 1453 1313 CotanitLam
1472 1292 1566 1312 secum
1580 1285 1699 1317 ducens,
1716 1288 1847 1319 postquam

1066 1331 1091 1359 ei
1104 1331 1287 1366 jurejurando
1304 1335 1417 1359 caverit
1434 1331 1503 1358 nihil
1521 1331 1600 1358 illum
1622 1339 1707 1366 grave
1722 1330 1755 1357 ab
1771 1330 1846 1364 impe-

1066 1381 1159 1405 ratore
1198 1384 1357 1412 passurum.
1387 1378 1425 1405 Ac
1456 1377 1716 1412 Porphyrogenitus
1748 1375 1845 1411 quidem

1067 1428 1199 1458 quantum
1213 1423 1240 1451 in
1260 1424 1319 1457 ipso
1339 1428 1409 1455 erat,
1422 1428 1554 1458 praestare
1574 1424 1700 1458 juratam
1733 1422 1804 1449 ﬁdem
1818 1421 1844 1448 ad

1068 1474 1221 1497 extremum
1245 1469 1366 1496 volebat.
1382 1468 1535 1504 imperator
1548 1473 1646 1497 autem
1678 1468 1844 1495 turbulentum

1069 1516 1220 1544 Cotanitza;
1236 1515 1376 1550 ingenium
1401 1516 1470 1543 satis
1485 1520 1666 1550 perspectum
1696 1514 1803 1545 habens,
1826 1516 1847 1538 et

1073 1568 1230 1596 quanquam
1258 1561 1285 1587 in
1307 1560 1450 1595 presenti:
1467 1560 1533 1587 nihil
1552 1560 1587 1587 ab
1611 1568 1644 1587 eo
1662 1558 1801 1586 timendum
1815 1556 1847 1583 ri-

1071 1608 1158 1640 deret,
1177 1607 1203 1634 in
1224 1610 1364 1641 posterum
1379 1606 1551 1641 providenter
1566 1612 1698 1634 metuens
1711 1613 1743 1632 ne
1753 1606 1844 1638 captato

1071 1653 1219 1688 aliquando
1253 1656 1376 1686 tempore
1402 1652 1540 1686 negotium
1570 1652 1676 1680 heredi
1705 1650 1843 1681 lacessant,

1071 1700 1250 1734 depositaque
1279 1698 1404 1732 obsequii
1429 1699 1515 1731 larva,
1545 1706 1632 1733 quam
1653 1699 1678 1726 ei
1709 1695 1844 1731 desperatio

1073 1754 1163 1774 rerum
1181 1753 1293 1772 suarum
1310 1745 1412 1772 utiliter
1427 1745 1506 1772 modo
1532 1745 1682 1777 induisset,
1699 1744 1730 1771 ad
1752 1740 1845 1769 fraudes

1073 1792 1270 1828 perﬁdiamque
1280 1792 1377 1819 solitas
1400 1792 1597 1823 revolveretur,
1628 1796 1785 1827 praevertere
1801 1788 1845 1814 lor-

1073 1837 1202 1864 midalam
1218 1837 1364 1872 perniciem
1380 1836 1500 1871 suspecti
1518 1835 1845 1870 eapitisexraacationecn-

1073 1883 1176 1917 piehat.
1192 1881 1248 1910 Nec
1264 1883 1336 1910 enim
1363 1891 1417 1916 quo
1447 1882 1538 1909 minus
1556 1882 1583 1909 id
1603 1886 1708 1917 ageret.
1732 1880 1845 1914 religione

1074 1929 1238 1956 sacramenti
1264 1937 1294 1956 se
1321 1929 1407 1955 teucri
1433 1928 1597 1961 disserebat,
1617 1929 1711 1962 utique
1724 1935 1781 1954 cum
1799 1931 1845 1952 non

1075 1974 1132 2007 ipse
1148 1974 1281 2009 iurasset.
1300 1974 1346 2000 sed
1365 1974 1469 2008 alisque
1494 1973 1573 2008 jussu
1601 1978 1787 2005 consensuque
1804 1975 1845 1996 SUO

1076 2021 1167 2054 ﬁlius;
1193 2020 1237 2047 cui
1257 2019 1341 2055 [‘98
1364 2019 1499 2046 suﬁicerct
1526 2019 1559 2046 ad
1572 2019 1761 2047 exsolvendam
1777 2015 1844 2042 ﬁdem

1077 2067 1214 2094 abstinere
1242 2067 1331 2100 ipsum
1356 2073 1370 2092 a
1396 2065 1519 2100 supplice
1537 2065 1688 2094 multando.
1705 2071 1755 2090 non
1781 2061 1809 2088 ad
1822 2067 1846 2086 sc

1077 2117 1208 2147 praeterea
1226 2113 1362 2146 pertinuere
1379 2111 1572 2141 arbitrantem.
1589 2111 1611 2137 si
1629 2110 1693 2144 quid
1714 2108 1781 2134 aliud
1804 2111 1846 2132 suo

1079 2157 1195 2192 quodam
1212 2156 1330 2184 consilio
1342 2161 1418 2191 pater
1431 2156 1602 2183 decerneret.
1621 2155 1681 2182 Mali
1708 2159 1784 2187 porro
1797 2156 1846 2184 pra-

240 2203 488 2235 animadvertubat,
507 2210 559 2229 non
573 2202 631 2229 sine
651 2203 734 2228 tacito
751 2205 921 2235 contemptu,
946 2199 1025 2226 rrfri-
1043 2204 1063 2231 D
1079 2203 1159 2237 vique
1185 2203 1323 2229 hominem
1354 2202 1437 2228 animi
1460 2206 1486 2228 et
1512 2209 1574 2229 esse
1606 2207 1633 2228 ει
1663 2200 1718 2227 fore
1744 2195 1846 2224 Colauil-

239 2251 318 2278 lisse
331 2249 418 2276 zelum
436 2249 495 2282 ejus
527 2256 614 2283 usque
629 2248 661 2274 ad
678 2247 875 2274 relaxatiouem
896 2253 1024 2273 necessa-

241 2297 290 2323 riae.
304 2296 477 2326 constantiae,
491 2302 574 2329 quam
589 2294 616 2320 in
632 2293 713 2321 rebus
728 2293 867 2328 religionis
898 2292 1026 2318 invictam

240 2342 371 2369 exhibere
382 2341 532 2369 Christiani
556 2344 598 2368 est
610 2339 703 2368 cilicii.
730 2339 790 2374 lpse
809 2345 891 2373 porro
911 2338 1028 2371 impera-

243 2395 288 2417 tor
301 2395 330 2418 et
345 2394 410 2416 tunc
423 2394 451 2417 et
468 2396 574 2424 semper
590 2388 659 2416 alias
678 2395 733 2422 pra:
748 2387 782 2415 se
804 2387 866 2413 tulit
881 2386 1029 2413 abhorrere

243 2438 356 2465 omnino
370 2445 399 2464 se
413 2444 427 2463 a
443 2436 503 2471 plus
525 2434 702 2462 concedendo
717 2433 820 2460 Latinis
837 2432 918 2467 quam
943 2439 1030 2465 quan-

243 2487 301 2509 tum
326 2486 404 2509 erant
427 2480 658 2508 ronventionibns
693 2478 827 2512 stipulati.
859 2476 1027 2503 Muzalonem

243 2527 327 2562 igitur
341 2527 367 2553 iu
382 2526 472 2553 lorum
488 2525 633 2560 pristinum
648 2524 792 2559 recipiens,
802 2523 884 2556 jus-it
895 2531 926 2549 ea
940 2522 1028 2549 solum

244 2572 408 2600 inconcussa
434 2577 528 2599 tenere
549 2571 576 2598 in
595 2578 656 2605 qua:
669 2570 798 2604 utrinque
821 2576 836 2595 a
852 2567 1028 2596 concordiam

244 2618 426 2646 tractantibus
435 2620 613 2646 convenerat.

245 2700 291 2728 ‘17.
314 2699 348 2727 Ut
360 2707 392 2726 ex
405 2699 546 2727 Occidente
563 2699 670 2761 tgd‘ieri:
691 2697 948 2733 Porphyrogenitus;
962 2701 985 2722 et
1000 2696 1032 2723 de

589 2743 602 2760 ο
616 2742 659 2761 aut
674 2742 716 2761 ια.

589 2742 716 2762 otamtza.

285 2803 385 2831 Eodem
402 2811 474 2830 anno
488 2803 567 2830 rediit
582 2809 614 2829 cx
631 2802 742 2829 Oriente
761 2802 911 2836 imperator
926 2801 1034 2827 Andro-

250 2851 338 2880 nicus,
356 2850 466 2877 domina
486 2849 521 2877 ibi
550 2849 653 2876 relicta.
686 2849 812 2876 licdierat
828 2855 890 2876 autc
912 2848 983 2876 hunc
999 2855 1031 2874 cx

1079 2256 1138 2276 zam
1165 2253 1314 2282 pro-certo
1339 2248 1456 2274 habebnt
1477 2248 1635 2280 imperator,
1669 2253 1718 2272 non
1745 2242 1845 2270 uinctus

1078 2293 1190 2320 oraculo
1219 2297 1264 2320 aut
1282 2293 1445 2320 vaticinandi
1465 2296 1637 2319 moustrante
1653 2292 1685 2321 vi,
1703 2289 1746 2316 scd
1774 2291 1844 2313 natu—

1079 2339 1129 2366 rali
1145 2339 1289 2374 prudentia
1304 2339 1376 2373 quod
1408 2342 1469 2364 erat
1495 2344 1658 2365 eventurum
1686 2334 1843 2369 prteSagit‘nS.

1079 2393 1130 2412 nec
1149 2385 1306 2419 persuaderi
1325 2384 1374 2411 sibi
1399 2384 1494 2410 sincns
1512 2383 1630 2410 ferocem
1661 2383 1778 2416 juvenem
1804 2384 1843 2411 gII-

1080 2435 1151 2459 stata
1180 2431 1261 2457 semel
1289 2430 1426 2457 latrocinii
1455 2429 1610 2462 dulcedine,
1625 2431 1691 2456 lnoua
1717 2426 1764 2453 ﬁde
1797 2422 1842 2450 sub

1079 2477 1168 2504 alieno
1184 2476 1299 2510 imperio
1316 2476 1461 2507 victurum,
1491 2478 1733 2509 temperaturumve
1756 2471 1779 2496 in
1800 2475 1839 2495 oc-

1080 2523 1190 2549 casione
1204 2521 1391 2548 novandarum
1409 2529 1497 2548 rerum
1514 2529 1527 2548 a
1549 2521 1613 2556 iugo
1629 2517 1787 2548 excutieudu.
1803 2513 1838 2540 Ml

1081 2569 1133 2596 hoc
1161 2572 1262 2600 autem,
1292 2567 1336 2594 cui
1367 2567 1551 2594 inﬁcxiliiliter
1578 2559 1836 2599 lia-rebanpropnsilo

1082 2615 1182 2641 frustra
1199 2614 1446 2648 Porphyrogenilus
1463 2614 1611 2649 Augustum
1625 2615 1754 2640 dimovere
1767 2612 1836 2634 cnna-

1082 2661 1171 2692 batur,
1187 2659 1280 2686 datum
1292 2667 1306 2685 a
1318 2667 1348 2686 se
1358 2659 1549 2693 jusjurandum
1568 2659 1728 2687 obtendens:
1740 2659 1835 2686 resP°"'

1082 2707 1163 2734 debat
1189 2707 1262 2733 enim
1279 2710 1354 2740 patrr
1369 2705 1419 2740 ipsi
1436 2705 1469 2732 ad
1488 2706 1661 2733 conscientiae
1684 2701 1833 2729 securitatou

1083 2753 1150 2780 satis
1168 2758 1238 2782 esse,
1257 2750 1329 2785 quod
1348 2758 1397 2777 nec
1421 2751 1553 2784 prodente
1582 2759 1630 2778 nec
1655 2746 1772 2777 snadI-nte
1795 2746 1836 2768 nec

1082 2798 1249 2825 assentiente
1273 2804 1303 2824 se
1328 2796 1475 2831 quidquam
1506 2796 1533 2823 in
1553 2796 1702 2823 dedititium
1715 2792 1784 2817 aliter
1809 2793 1835 2811 ac

1084 2848 1220 2878 sperasset
1251 2848 1436 2870 statueretur:
1464 2851 1493 2870 sc
1518 2849 1607 2870 autent
1639 2842 1741 2869 sineret,
1757 2838 1836 2864 nnntc-
