1944 3067
85 136 137 169 961

555 136 602 167 DE
622 137 819 167 MICHAELE
838 136 1073 167 PALEOLOGO
1092 137 1167 169 LIB.
1187 137 1237 168 Vl.

1665 137 1719 169 962

87 192 278 228 στραφήσεται
292 191 362 228 πρὸς
377 191 412 218 τὰ
432 191 573 226 πρότερα·
603 191 771 226 σεϐασθῆναι
788 192 816 218 δὲ
832 192 879 219 καὶ
894 195 916 223 Α
934 191 1066 226 βασιλέως
1084 191 1191 219 ἐκεῖθεν
1207 190 1366 227 ἀπάραντος
1379 191 1460 224 αὐτὸς
1479 189 1514 228 ἦν
1531 192 1588 219 ἀντ’
1616 193 1721 220 ἐκείνου

85 239 115 265 τὺ
132 238 229 274 σχῆμα
245 237 285 273 τῷ
302 237 419 273 βασιλεῖ,
440 236 511 264 ὥστε
526 237 706 271 ἀποδέχεσθαι
718 237 764 262 τὸν
775 237 882 263 ἐνδεδυ-

85 283 155 310 κότα
170 283 209 318 μὴ
224 285 365 318 τιμωρεῖν.
377 282 474 309 Ταῦτα
486 282 574 316 λέγων
585 283 652 318 πρὸς
667 273 772 308 ἐκεῖνον
787 283 882 316 ὁΠορα

86 329 310 364 φυρογὲννητος,
329 329 376 355 καὶ
405 328 504 364 βουλὴν
529 328 648 362 εἰσάγων
679 329 729 362 τὴν
751 328 882 355 δοκοῦσαν

87 376 238 407 συνοίσειν,
269 375 349 409 δῆλος
368 373 402 409 ἦν
425 375 553 401 ἀπολύων
570 374 614 410 [Ρ.
630 374 694 410 540]
708 375 882 409 ἐγκλήματος

87 419 186 446 ἑαυτὸν
199 420 229 446 τὺ
245 420 339 454 μέρος,
356 420 380 446 εἰ
396 420 433 454 μὴ
451 420 537 446 ποιῶν
559 419 727 446 κινδυνεύοι·
744 419 773 445 τὺ
785 419 840 455 γὰρ
853 419 881 452 ἐξ

87 466 172 492 αὑτοῦ
185 466 248 492 ὅσον
272 463 307 500 ἦν
326 465 434 500 βοηθεῖν
459 465 582 496 δυνατὸν,
598 464 767 499 πεπρᾶχθαι.
795 465 882 491 Κατα-

88 511 168 547 νιτζῃ
186 512 236 547 μὲν
253 502 358 538 οὖνκαὶ
371 511 409 546 τῷ
426 511 546 546 γαμϐρῷ
563 511 707 545 Τορνικίιιυ
725 511 881 546 ἐπηρτημέ-

87 566 133 584 νον
146 557 194 583 τὸν
210 557 333 583 κίνδυνον
350 557 476 591 βλέποντι
503 557 606 590 ἀγαθὸν
623 557 710 583 ἐδόκει
724 557 753 582 τὸ
767 557 880 591 βούλευ-

89 611 140 638 μα,
152 603 199 629 καὶ
209 603 248 638 τῷ
265 602 441 637 βουλεύσαντι
460 603 559 638 χρῆται
575 603 672 638 μεσίτῃ
686 604 753 637 πρὸς
768 603 880 638 βασιλέα

88 649 133 684 ἐφ’
147 646 170 682 ᾧ
185 649 231 675 τὸν
245 650 362 684 μοναχὸν
378 649 536 680 ὑπενὸὖναι,
550 649 654 683 κόσμον
670 649 760 676 καὶτὰ
776 650 833 683 κόσ,
848 657 879 676 ου

88 694 197 729 χαίρειν
214 695 307 726 ἐάσας.
337 695 381 726 Ὠς
404 694 427 720 δ’
440 694 565 730 ἁπῄτητο
581 695 627 721 καὶ
646 694 713 720 αὐτὸ
730 695 761 720 τὸ
777 695 880 721 τέλειον

89 740 185 775 σχῆμα
200 740 352 775 λαμϐάνειν
370 740 417 767 καὶ
442 741 588 766 κατένευεν
605 740 717 770 αὐτίκα.
734 741 881 772 ἀπολυθεὶς

86 786 208 812 τελεῖται
223 787 258 812 τὰ
275 785 410 820 μοναχῶν,
426 786 474 812 καὶ
490 786 504 811 ὁ
520 785 585 820 χθὲς
601 785 742 822 λῃστεύων
764 785 880 821 σώςρων

88 831 195 866 ἑωρᾶτο
213 832 259 857 καὶ
272 831 387 863 ἄκακος,
403 831 472 867 πλὴν
485 832 515 858 οὐ
529 833 562 867 τῇ
573 832 623 866 τῆς
635 832 724 867 ψυχῆς
738 832 877 866 προθέσει,

87 876 158 903 ἀλλὰ
180 877 254 912 μόνῳ
270 877 310 912 τῷ
340 878 497 913 φαινομένῳ
509 885 517 892 ·
538 878 552 903 ὁ
567 878 621 913 γὰρ
638 878 879 912 μεμεριμνημένος

87 925 191 955 σκοπ”ς
215 925 262 951 ἐπὶ
287 924 376 960 τούτῳ
400 925 446 951 καὶ
469 925 531 951 λίαν
547 925 633 959 ἀπῆν,
655 925 779 958 ἀνάγκης
792 925 820 952 δὲ
834 924 878 960 ἄρ’

87 970 210 1005 ὑπούσης
223 970 253 996 τὺ
272 970 418 1005 γινόμενον
428 970 554 1002 ἀσθενές.
592 970 636 1001 'E;
651 971 749 997 ὁπόσον
764 970 792 996 δὲ
809 970 879 997 κατὰ

85 1015 181 1042 τοῦτον
199 1015 316 1051 προέϐη,
335 1015 447 1047 ἐσαῦθις
467 1014 596 1050 ἐροῦμεν.
612 1015 642 1042 '0
657 1015 723 1050 γοῦν
741 1016 881 1050 Πορφυροο

86 1062 218 1098 γέννητος
236 1062 282 1089 ἐπὶ
301 1061 407 1094 τούτοις
418 1062 479 1088 κατ’
494 1062 628 1094 ἀνατολὰς
641 1062 757 1097 γίνεται,
774 1063 822 1088 καὶ
829 1062 877 1088 τοῦ

87 1160 140 1181 nus
153 1153 223 1181 citra
241 1152 355 1188 perjurii
369 1153 522 1188 periculurn
539 1157 644 1188 posset,
663 1153 747 1188 quieti
763 1152 878 1188 publica:

86 1198 246 1227 consulere.
263 1198 326 1226 Haec
338 1199 498 1234 scrupulum
513 1207 569 1226 non
586 1199 742 1226 eximebant
759 1198 878 1235 Porphy-

86 1245 289 1280 rogenilo;qui
307 1252 369 1272 cutn
386 1245 420 1272 ab
431 1244 575 1272 obllrmato
594 1245 622 1272 in
637 1244 664 1272 id
695 1244 768 1280 quod
794 1245 877 1272 semel

87 1289 249 1317 decreverat
264 1290 350 1324 patris
361 1290 453 1317 animo
469 1290 675 1323 impetraturum
685 1297 716 1317 se
728 1290 877 1324 quidquam

86 1337 247 1371 desperaret
266 1335 444 1370 quantislibet
454 1343 503 1370 pro
520 1339 647 1370 suscepto
664 1343 715 1363 suo
738 1336 877 1370 precibus,

83 1383 111 1410 ei
140 1382 193 1415 ipsi
220 1380 356 1417 patefacta
387 1388 417 1408 re
434 1381 522 1409 suasit
550 1385 663 1416 ut,quzc
676 1389 729 1408 una
757 1382 879 1409 restabat

83 1428 192 1456 vitandi
207 1428 283 1455 exitii
300 1428 379 1460 ratio,
398 1427 558 1463 confugeret
572 1427 606 1454 ad
624 1432 743 1455 montem
753 1427 876 1463 Nigrum,

85 1474 199 1509 illicque
211 1473 366 1507 monastho
385 1472 482 1500 induto
503 1473 598 1500 habitu
614 1474 700 1501 vitam
718 1475 876 1510 religiosam

934 236 1135 272 μεταχειρίζων
1155 238 1244 265 τάκεῖ.

933 297 986 329 κη’.
1001 293 1134 327 Θάνατος
1149 293 1204 328 τῆς
1219 293 1384 327 δεσποίνης
1402 293 1524 327 ’Λννης,
1538 294 1588 321 καὶ
1604 294 1642 321 τὰ
1653 295 1722 322 τότε

1240 329 1408 363 συμϐάντα.

973 373 1043 400 Ἀλλ’
1056 373 1146 408 ὀλίγον
1160 373 1190 400 τὸ
1208 375 1320 408 μεταξὺ,
1334 375 1381 401 καὶ
1397 375 1413 409 ὴ
1427 374 1555 401 δέσποινα
1569 375 1619 408 μὲν
1635 375 1720 401 ’Ἄννα

932 421 991 446 ἐκεῖ
1003 420 1118 455 τελευτᾷ
1133 421 1180 446 τὶν
1199 420 1267 454 βίον,
1284 420 1447 454 ἀγγέλλεται
1462 420 1490 446 δὲ
1505 420 1564 454 μετ’
1579 420 1668 454 ὀλίγον
1679 420 1719 455 τῷ

934 465 1038 500 βασιλεί
1051 474 1060 482 ο
1084 466 1132 492 καὶ
1146 465 1175 496 ὃς
1191 465 1304 500 προνοίᾳ
1318 465 1364 491 τοῦ
1389 466 1427 500 μὴ
1444 465 1540 500 μαθεῖν
1559 466 1604 492 τὸν
1619 466 1676 499 υἱόν
1689 475 1720 492 τε

931 512 979 538 καὶ
1003 511 1126 546 βασιλέα,
1153 511 1191 542 ὡς
1207 511 1250 537 ἐπ’
1271 512 1429 546 ἀπορρήτῳ,
1455 511 1558 537 στέλλει
1578 512 1622 538 τὸν
1636 511 1720 538 αὑτοῦ

933 558 981 591 μὲν
997 558 1197 592 ἀρχιδιάκονον,
1215 557 1264 592 τῆς
1284 557 1448 592 Ἑκκλησίας
1471 557 1498 583 δὲ
1512 557 1716 593 χαρτοερύλακα,

930 604 977 630 τὸν
999 604 1204 638 Μελιτηνιώτην
1226 604 1441 636 Κωνσταντῐνον,
1463 603 1506 638 ἐφ’
1521 600 1543 637 ᾧ
1566 604 1719 639 μετακομί-

930 650 990 687 ζειν
1013 649 1058 676 τὸν
1083 649 1190 684 νεκρὸν,
1206 649 1242 681 ὡς
1263 649 1357 684 ἐχρῆν,
1375 650 1416 681 είς
1443 650 1571 676 Νίκαιαν.
1590 649 1665 684 ’Λμα
1690 650 1720 676 δὲ

931 695 1027 730 καιρὸν
1053 695 1143 722 λαϐὼν
1164 695 1288 729 εὐπρεπῆ
1314 695 1360 721 τοῦ
1384 695 1428 721 τδν
1454 695 1720 730 Πορφυρογέννητον,

931 741 1104 768 ἀποϐαλόντα
1129 740 1174 767 διὰ
1202 740 1233 767 τὺ
1253 740 1350 772 πένθος
1371 741 1406 767 τὰ
1429 741 1544 776 ἐρυθρὰ,
1562 742 1599 776 μὴ
1628 743 1721 776 φορεῖν

931 787 1025 813 ἄλλοτε
1042 787 1264 822 παρασκευάσαι,
1291 787 1455 822 εὐτρεπίσας
1474 787 1607 821 ἀλλόχροα
1623 787 1656 813 τὰ
1671 787 1720 813 σὺν

931 832 1021 867 λευκῷ
1035 833 1164 867 πορφυρᾶ
1182 833 1276 868 χρυσῴ
1290 833 1428 864 ποικιλτὰ,
1442 833 1490 859 καὶ
1503 834 1547 860 διὰ
1568 834 1720 868 μαργάρων

931 878 961 905 τὸ
977 878 1118 913 βασιλικὸν
1130 878 1173 914 [Ρ.
1191 877 1255 914 541]
1269 879 1382 913 σημεῖον
1397 879 1460 910 τοὺς
1476 879 1571 910 ἀετοὺς
1587 878 1722 913 περιθεὶς,

930 924 978 950 καὶ
996 924 1107 958 πέμψας
1121 925 1153 950 ἐκ
1167 925 1271 950 τούτων
1282 923 1378 951 πέδιλά
1394 932 1423 950 τε
1443 925 1491 950 καὶ
1506 924 1613 958 χαλινὰ,
1628 924 1720 959 σφίσιν

929 969 967 1001 ὡς
983 971 1157 1005 παρασήμοις
1171 970 1216 996 τὸν
1236 969 1294 996 υιὺν
1312 969 1495 1005 προσέταττεν
1518 969 1720 1004 ἐμπομπεύειν,

931 1016 1005 1050 μόνῳ
1021 1015 1076 1042 τῶν
1097 1015 1220 1051 ὲρυθρῶν
1240 1015 1374 1042 ἐκστάντα
1399 1015 1438 1050 τῷ
1456 1015 1572 1050 βασιλεῖ.
1588 1016 1673 1050 Σοφὸν
1690 1017 1719 1043 δὲ

929 1061 983 1096 ἄρα
996 1061 1087 1088 καὶτὸ
1101 1061 1146 1089 τοῦ
1162 1061 1258 1096 καιροῦ
1275 1059 1319 1097 ἦν,
1337 1061 1375 1093 ὼς
1390 1061 1428 1097 μὴ
1447 1062 1522 1095 δόξαι
1541 1062 1576 1089 τὰ
1593 1062 1719 1097 ἐπίσημα

930 1150 1049 1186 propria:
1075 1156 1187 1179 mterna:
1217 1151 1315 1180 salutis
1341 1159 1466 1187 scopum,
1492 1152 1636 1180 Cotanitza
1651 1161 1718 1182 sane

930 1205 985 1224 non
1000 1198 1154 1232 speetabat,
1169 1198 1276 1225 atnoliri
1292 1198 1445 1233 periculum
1455 1200 1562 1227 instans
1576 1199 1628 1227 hoc
1639 1203 1719 1235 quasi

930 1242 1014 1270 mimo
1029 1242 1200 1277 poenitentiae
1228 1248 1396 1277 contentus;
1412 1251 1446 1271 ex
1461 1251 1516 1279 quo
1530 1244 1596 1279 quid
1620 1252 1720 1272 conse-

929 1295 1024 1316 culum
1041 1289 1161 1324 denique
1187 1290 1235 1323 sit,
1250 1297 1303 1317 suo
1315 1290 1468 1318 referemus
1495 1290 1567 1318 loco.
1586 1290 1645 1318 Sub
1662 1291 1720 1319 htec

930 1342 1013 1369 porro
1025 1334 1278 1371 Porphyrogenitus
1303 1336 1330 1363 in
1345 1335 1484 1364 Orientem
1500 1341 1543 1364 est
1568 1336 1719 1372 profectus.

929 1380 1027 1414 patris,
1053 1380 1101 1415 qui
1116 1381 1198 1415 paulo
1211 1385 1274 1409 ante
1285 1381 1350 1409 inde
1379 1385 1542 1412 recesserat.
1563 1381 1638 1409 vices
1660 1382 1721 1409 obi-

931 1431 1020 1460 turus,
1041 1427 1241 1459 sustentandis,
1256 1434 1337 1462 prout
1357 1433 1460 1463 posset,
1487 1428 1546 1455 illic
1561 1428 1589 1455 in
1610 1427 1721 1456 ruinam

929 1472 1024 1506 pronis
1042 1474 1125 1500 rebus
1139 1473 1259 1508 imperii.

85 1520 271 1556 proﬁteretur.
299 1519 338 1546 ita
362 1519 450 1546 videri
468 1520 526 1547 lore
541 1527 569 1547 ut
592 1527 708 1547 securus
725 1521 759 1548 de
773 1529 806 1548 eo
819 1521 875 1556 jam
892 1533 913 1562 ο
929 1541 964 1569 28
997 1541 1069 1569 M0"
1084 1542 1198 1570 domum
1216 1544 1298 1570 Amm
1310 1552 1317 1558 _
1332 1550 1355 1570 ει
1372 1552 1431 1578 qua
1452 1549 1515 1571 "me
1543 1545 1614 1571 um”,
1698 1550 1707 1570 ι

87 1567 224 1580 A..-..-.....
237 1566 403 1580 ....l.............
414 1566 473 1580 ειη..
483 1567 570 1580 ,ωηιξη
582 1567 705 1580 ..-ι......,ιι
720 1567 864 1580 λης..-,..,..
968 1561 975 1568 “
1306 1564 1315 1576 ›
1614 1553 1695 1580 gerun
1710 1564 1719 1573 ο

83 1567 226 1602 Augustus
237 1566 404 1600 voluntatem
413 1566 473 1601 ejus
483 1567 571 1594 oculis
582 1567 705 1601 privandi
719 1567 878 1603 deponeret,

84 1615 187 1649 quippe
200 1617 229 1641 et
237 1613 363 1641 venerari
377 1621 438 1640 eum
453 1614 479 1640 id
490 1613 607 1641 instituti
622 1621 719 1649 genus,
737 1621 762 1641 et
774 1622 787 1640 a
796 1614 881 1642 semel

84 1660 217 1696 abjuncto
236 1667 251 1687 a
267 1660 351 1688 rebus
372 1660 500 1687 humanis
518 1659 598 1688 facile
625 1661 808 1688 inducendum
837 1662 880 1688 vi~

84 1705 145 1732 deri
174 1712 209 1732 ne
231 1704 410 1732 rebellionem
438 1708 465 1732 et
493 1704 590 1732 civiles
617 1705 711 1733 turbas
736 1710 899 1733 mcltteret.‘

86 1751 149 1780 Ha'c
161 1759 259 1788 parum
271 1751 383 1787 quidem
394 1751 426 1779 ad
439 1751 549 1787 genium
556 1751 710 1779 COtanitzze
723 1751 877 1779 faciebant:

83 1803 175 1825 tamen
193 1798 275 1825 homo
291 1797 419 1825 solertior
445 1805 527 1832 quam
554 1797 711 1831 religiosior
735 1797 879 1832 ingressus

85 1844 183 1872 intime
200 1844 227 1870 in
243 1851 338 1871 curam
351 1850 444 1870 rerum
463 1850 573 1870 suarum
588 1843 628 1869 sic
644 1847 771 1877 reputare
783 1849 876 1869 secum

85 1889 198 1921 institit,
214 1888 285 1916 istud
303 1887 354 1915 sibi
368 1888 457 1915 amice
473 1891 632 1923 suggestum
657 1894 671 1913 a
690 1887 879 1922 Porphyroge—

84 1935 145 1962 nito
175 1934 324 1961 consilium
341 1933 398 1960 fore
422 1933 460 1960 illi
484 1933 555 1968 apud
571 1940 666 1959 omnes
691 1932 878 1960 excusationis

85 1981 194 2009 idoneae
209 1979 283 2011 loco,
297 1985 331 2007 ne
342 1978 464 2013 perﬁdia:
479 1978 640 2012 culparetur
653 1977 688 2004 ob
712 1978 877 2004 exemi-alio-

85 2035 148 2054 nem
166 2026 263 2058 dediti,
275 2026 319 2053 cui
338 2024 445 2052 scilicet
473 2024 629 2051 avertendae
654 2023 721 2050 nihil
738 2023 879 2051 omisisset

84 2074 112 2100 in
130 2076 270 2108 potestate
283 2071 368 2098 situm
393 2077 443 2097 sua
457 2077 464 2102 ;
477 2069 530 2096 sibi
559 2072 649 2096 autem
667 2069 727 2102 uni,
745 2069 768 2096 si
783 2076 878 2104 parere

83 2119 216 2147 salutaria
233 2117 355 2145 monenti
371 2120 511 2148 renueret,
525 2115 710 2143 calamitatem
739 2115 878 2150 imputan-

82 2167 148 2194 dum
163 2171 254 2193 suam.
270 2163 362 2196 Quare
376 2162 460 2198 499
477 2169 538 2189 cum
554 2168 670 2189 summie
698 2161 737 2188 rei
760 2161 878 2188 rationi-

965 1607 1024 1636 Non
1041 1609 1121 1643 longo
1136 1614 1197 1644 post
1213 1610 1270 1637 haec
1287 1610 1432 1638 intervallo
1458 1611 1567 1638 domina
1584 1611 1663 1638 Anna
1680 1611 1722 1638 vi-

931 1659 964 1682 ta:
987 1655 1067 1681 linem
1088 1655 1193 1682 Invenit
1215 1654 1272 1682 illic
1297 1655 1342 1682 ubi
1365 1663 1425 1682 eam
1451 1656 1564 1683 haesisse
1586 1657 1718 1690 diximus,

930 1699 990 1727 viro
1005 1707 1037 1727 ex
1053 1699 1166 1728 Oriente
1189 1708 1300 1728 reverso
1321 1701 1349 1728 in
1373 1701 1480 1729 urbem.
1498 1700 1623 1729 Pet-latus
1642 1702 1718 1730 brevi

930 1747 963 1774 ad
975 1747 1169 1782 imperatorem
1181 1751 1224 1774 est
1235 1747 1294 1782 ejus
1307 1747 1398 1774 acerbi
1409 1755 1490 1774 casus
1501 1750 1628 1780 nuntius,
1638 1755 1718 1783 quem

930 1793 953 1820 is
970 1800 1136 1828 magnopere
1157 1793 1253 1821 haberi
1278 1793 1385 1821 studuit
1409 1801 1560 1827 arcanum,
1579 1801 1614 1822 ne
1635 1794 1719 1822 citius

930 1846 1012 1873 quam
1030 1846 1099 1873 opus
1121 1844 1195 1866 esset
1220 1841 1374 1874 perveniret
1397 1841 1431 1867 ad
1455 1841 1580 1868 notitiam
1597 1839 1720 1868 Junioris

930 1886 1057 1921 Augusti,
1073 1886 1118 1912 tali
1137 1891 1226 1914 morte
1241 1887 1405 1915 charissima
1420 1895 1505 1915 uxore
1519 1887 1631 1916 viduali.
1647 1887 1720 1916 Misit

929 1941 995 1968 ergo
1013 1933 1159 1960 coril’estim
1174 1933 1201 1960 in
1214 1933 1370 1965 Orientem,
1387 1934 1473 1962 celata
1489 1934 1635 1969 diligenter
1654 1934 1716 1961 mit-

932 1979 1007 2007 tendi
1025 1988 1119 2012 t‘ausa,
1132 1980 1315 2008 Melitenioten
1326 1981 1550 2014 Constantinum,
1567 1989 1645 2009 sumn
1659 1981 1720 2015 qni-

930 2026 1004 2057 dem,
1021 2025 1072 2052 hoc
1085 2030 1128 2052 est
1144 2025 1257 2059 palatini
1275 2026 1340 2053 cleri
1351 2046 1359 2058 ,
1377 2025 1619 2059 arebidiaconum,
1632 2027 1718 2053 eccle-

930 2072 979 2099 sia:
992 2079 1057 2098 vero
1068 2070 1323 2106 cltartophylacem,
1341 2076 1369 2098 ut
1381 2071 1498 2098 cadaver
1508 2071 1645 2099 dcl'unctze
1656 2080 1720 2107 por-

931 2118 982 2144 tari
1000 2117 1035 2144 de
1051 2125 1126 2144 mme
1145 2117 1265 2144 Nicaeam
1289 2121 1410 2143 curaret.
1434 2117 1521 2144 Simul
1539 2117 1621 2144 etiam
1638 2125 1719 2145 ocea-

929 2163 1033 2190 sionem
1051 2170 1082 2190 se
1094 2162 1269 2189 commodum
1287 2161 1446 2188 oll‘erentem
1471 2163 1618 2196 prudenter
1640 2162 1721 2197 500

82 2213 135 2240 bus
147 2211 291 2239 subductis
305 2217 361 2237 non
374 2209 428 2236 alia
444 2208 546 2235 certior
561 2212 707 2243 appareret
725 2208 768 2234 via
794 2202 879 2234 dccll-
894 2212 916 2240 ι)
930 2209 1045 2243 arripuit
1063 2208 1202 2243 redigendi
1221 2208 1254 2234 ad
1272 2208 1477 2234 convenientem
1496 2207 1625 2243 deinceps
1636 2217 1719 2235 urna-

82 2256 182 2284 nanda:
191 2255 278 2291 pestis
297 2255 358 2290 ejus
372 2255 487 2289 gemime
512 2260 573 2288 qua:
591 2250 726 2280 Joannem
753 2251 877 2279 Tornicii

81 2310 217 2340 generum
237 2309 325 2336 nuper
341 2303 528 2336 oppreSserat,
546 2303 667 2327 mentem
691 2299 723 2326 ad
748 2306 878 2326 necessa-

81 2350 155 2377 rium
191 2349 339 2376 consilitnn
366 2346 517 2382 appellens,
545 2345 604 2380 ipso
643 2342 877 2380 Porphy'rogenito

81 2396 235 2431 interprete
258 2395 366 2422 veniam
396 2393 431 2421 ab
462 2393 586 2427 Augusto
616 2391 730 2418 abstulit
745 2390 877 2426 sequendi

81 2442 158 2478 quod
172 2441 383 2469 ostendebatur.
397 2439 521 2474 Cumque
533 2437 649 2472 petitutn
667 2437 702 2464 ab
729 2437 789 2472 ipso
804 2441 878 2464 esset

81 2495 114 2517 ut
129 2489 222 2524 ipsum
238 2487 363 2515 habitum
391 2484 574 2520 professionis
603 2484 666 2511 vitae
684 2483 815 2518 perfectae
835 2483 878 2511 in-

80 2536 175 2564 dicem
201 2538 334 2566 sumeret,
353 2532 446 2560 statim
473 2531 579 2563 annuit,
594 2534 621 2557 et
645 2530 747 2556 tnundo
762 2530 821 2557 vale
837 2530 878 2557 di-

79 2590 150 2611 cens
162 2583 190 2608 in
204 2587 310 2608 sacram
327 2586 357 2606 se
369 2577 545 2612 transcripsit
571 2576 710 2608 militiam,
727 2576 878 2604 mutatiOne

80 2629 155 2656 mira
182 2634 216 2654 ex
242 2626 373 2653 hesterno
404 2623 511 2650 latrone
537 2621 688 2649 hodiernus
716 2621 877 2654 monachus,

80 2672 253 2703 innocentiae
276 2679 309 2698 ac
330 2669 517 2704 temperantiae
530 2667 612 2695 ntodo
639 2667 765 2698 studens,
797 2668 878 2702 longe

80 2722 166 2748 aliter
196 2719 290 2745 vivere
318 2723 406 2751 nuper
433 2719 573 2742 assuetus.
607 2713 660 2740 Sed
694 2721 788 2740 verum
803 2714 877 2742 intus

81 2763 258 2801 propositum
280 2761 314 2789 ad
333 2765 421 2788 ratam
449 2759 610 2794 religionem
638 2759 826 2786 necessarium
840 2761 878 2788 si-

81 2809 215 2839 mnlatori
230 2809 326 2836 deerat
341 2808 447 2835 animo.
465 2805 601 2833 Nmirum
615 2813 695 2839 qucnt
716 2805 819 2832 intueri
833 2813 878 2834 so-

81 2859 140 2886 lent
156 2857 203 2892 qui
234 2860 333 2890 sponte
357 2854 426 2882 liunt
456 2852 596 2885 monachi,
627 2851 714 2879 divini
745 2855 836 2882 cultus
850 2857 877 2881 et

930 2260 986 2282 tum
1001 2254 1231 2290 Porphyrogeniti
1257 2253 1432 2281 Constantini
1460 2253 1575 2281 minoris
1592 2254 1634 2281 sui
1654 2255 1718 2287 lilii;

930 2302 975 2329 cui
994 2301 1066 2336 quod
1084 2301 1220 2327 hactenus
1243 2300 1407 2330 indulserat,
1431 2304 1461 2326 ut
1485 2299 1577 2327 rubris
1595 2301 1719 2328 Vestibus

930 2346 1068 2380 etiamque
1081 2345 1181 2372 calceis
1192 2344 1319 2372 similiter
1334 2349 1416 2379 atque
1429 2345 1487 2380 ipse
1504 2349 1636 2378 uteretur,
1651 2350 1720 2373 tem-

930 2393 1064 2427 pestivum
1083 2392 1201 2427 amplius
1217 2399 1271 2418 non
1287 2395 1357 2423 erat,
1373 2391 1465 2419 adulto
1478 2397 1504 2419 et
1520 2392 1554 2418 ad
1571 2393 1720 2426 imperato-

930 2438 998 2465 riam
1008 2442 1104 2466 evecto
1114 2438 1273 2473 dignitatem
1288 2437 1471 2473 primogenito
1479 2438 1540 2471 ejus
1550 2438 1719 2466 Andronico:

930 2487 1057 2519 poterant
1068 2483 1142 2511 enim
1156 2483 1347 2510 aemulationes
1363 2488 1391 2510 et
1407 2483 1561 2511 ambitiosae
1578 2491 1640 2518 spes
1656 2483 1720 2511 inde

930 2537 1002 2559 natae
1019 2530 1119 2557 fratres
1137 2529 1319 2563 committere,
1345 2537 1406 2556 cum
1437 2530 1645 2564 perturbatione
1671 2538 1722 2564 pu-

929 2575 1008 2603 blicae
1031 2575 1251 2610 tranquillitatis.
1277 2573 1313 2602 Ut
1343 2575 1439 2610 igitur,
1460 2575 1534 2610 quod
1560 2576 1719 2603 necessario

929 2621 1087 2649 faciendum
1115 2625 1186 2653 erat,
1219 2628 1302 2655 quam
1326 2621 1438 2649 minime
1464 2622 1582 2648 moleste
1608 2627 1719 2656 captato

929 2673 990 2703 apte
1003 2673 1157 2702 opportuno
1173 2671 1296 2701 tempore
1311 2667 1398 2699 ﬁeret,
1414 2667 1487 2694 hunc
1508 2674 1599 2693 rerum
1613 2667 1719 2694 articu-

930 2714 985 2742 lutn
1013 2711 1331 2740 accommodatiSsimum
1359 2713 1392 2739 ad
1420 2712 1444 2738 id
1472 2718 1560 2745 ratus,
1584 2720 1638 2747 quo
1661 2713 1720 2747 ipse

930 2761 1002 2787 ultro
1011 2759 1207 2787 Constantinus
1217 2762 1329 2792 propter
1344 2758 1447 2785 luctum
1460 2758 1589 2793 Augusta:
1606 2765 1721 2786 mortuae

928 2807 1012 2835 i'ubra
1035 2805 1220 2840 deposuisset.
1244 2804 1330 2838 jussit
1354 2806 1505 2840 imperator
1530 2805 1718 2833 Melitenioten

930 2853 968 2881 illi
986 2860 1002 2880 a
1016 2860 1045 2881 se
1061 2851 1160 2880 olIsrrc
1174 2850 1270 2884 quales
1287 2856 1393 2885 gestare
1407 2851 1481 2878 illum
1497 2851 1627 2886 dtineeps
1641 2859 1722 2887 opor-
