1944 3067
84 115 130 148 95')

527 113 575 142 DE
596 111 790 142 MICHAELE
811 111 1041 140 PALzEOLOGU
1061 111 1135 142 LIB.
1155 111 1206 142 VI.

1658 112 1711 144 91.6

91 171 162 205 τάχει
180 171 290 197 τάκεῖσε
302 169 506 204 καταλσμσάνει
519 168 730 203 διαπεραιωθεὶς
744 169 789 193 τὸν
803 167 873 200 Σάγ-
890 172 910 196 Λ
926 166 950 192 οἳ
969 167 1000 200 δὴ
1018 166 1213 200 γλισχρότητος
1232 166 1283 200 μὲν
1306 165 1453 201 ἡττημένοι
1478 166 1642 201 λημμάτων,
1658 168 1711 193 δέει

87 225 172 250 γαριν.
195 216 261 242 Τότε
277 215 369 241 τοίνυν
389 214 496 249 βλέπων
512 213 560 249 τὴν
586 213 707 245 Σκυθῶν,
730 212 802 239 εἴποι
818 220 869 243 τις,

86 263 197 298 ἐρημίαν
227 263 286 288 ἐκεῖ
307 261 419 296 μονονοὺ
438 260 534 295 τρίχας
558 257 656 286 ἔτιλλε,
681 257 872 293 Κατῳκτίζετο

89 310 133 344 μὲν
148 309 203 343 γὰρ
223 308 347 338 ἐκτόπως
361 307 407 332 τὸν
424 307 518 338 τόπον,
536 306 583 331 καὶ
602 305 651 339 τὴν
665 303 764 339 χλεύην
782 312 871 329 κατω-

85 355 177 390 δύρετο
188 354 241 380 τῶν
259 353 342 379 ίδίων.
360 352 431 387 Πρὸς
445 351 472 377 δέ
489 359 519 385 γε
537 350 583 376 τὸν
602 348 805 383 Ἀλεξανδρείας
821 356 873 373 πα-

88 400 230 435 τριάρχην,
247 399 336 424 ἐκεῖσε
354 397 424 424 κατὰ
444 395 620 431 παραμυθίαν
634 395 672 429 τῷ
690 395 795 430 βασιλεῖ
810 403 872 420 συν-

86 446 220 479 διάγοντα,
237 444 287 479 τὴν
304 442 350 470 τοῦ
373 443 450 470 ταῦτ’
465 441 634 477 ἠρημῶσθαι
649 441 739 467 αἰτίαν
757 440 872 474 καρδίας

87 489 246 523 στεναγμοῖς
272 487 437 523 ἰσχυρίζετο,
458 485 506 513 τοῦ
521 486 605 512 τόπου
631 485 680 520 μὲν
699 484 872 520 μεμνημένος

85 536 121 566 ὡς
147 533 204 569 εἶχε
231 532 261 559 τὸ
285 532 431 567 πρότερον,
454 531 498 557 ὅτε
519 529 580 556 κατ’
607 530 769 564 ὲπιτροπίαν
792 528 874 559 αὐτὸς

87 579 259 615 ἐστρατήγει,
274 578 302 608 ἐς
326 578 426 604 ὁπόσον
441 576 469 602 δὲ
489 576 633 609 συμφορᾶς
654 574 819 609 κατηντήκει
835 572 874 608 τῷ

86 625 144 652 τότε
170 625 289 660 βλέπων,
303 624 340 654 ὡς
360 622 428 658 μηδὲ
451 622 531 657 βατδν
549 621 702 656 ἀνθρώποις
723 619 874 651 εἷναι,δέν-

85 671 175 706 ὄρεσιν
200 669 346 704 ὑψικόμοις
368 667 600 702 κατειλημμένον.
615 665 653 693 Τὸ
673 666 695 693 δ’
710 665 806 696 αἴτιον,
821 674 874 700 φη-

87 716 138 747 civ,
165 717 182 750 ὴ
199 715 254 741 τῶν
277 713 405 749 ζηλωτῶν
432 713 566 746 ἐπίθεσις,
583 712 630 739 καὶ
651 713 681 738 τὸ
705 710 875 745 ἐκπολεμοῦν

87 761 190 795 βασιλεί
208 760 238 786 τὸ
252 760 373 794 ὑπήκοον
401 758 538 790 σπεύδειν,
560 758 597 789 ὡς
614 759 647 784 τὰ
660 758 706 784 καὶ
723 758 757 783 τὰ
769 758 876 792 πέπρα-

86 816 146 834 κται
161 807 301 840 λέγοντας,
327 806 373 832 καὶ
388 805 425 836 ὡς
441 805 616 839 παρανομοίη
634 805 648 830 δ
672 804 809 839 βασιλεὺς,
828 803 874 829 καὶ

87 853 168 880 τᾶλλα
180 849 220 883 οἷς
236 853 284 884 τὰς
299 851 413 886 καρδίας
426 850 482 877 τῶν
497 850 649 885 ἀνθρώπων
671 849 874 885 ἁλλοτριοῦ-ιτες

86 900 130 926 τοῦ
149 899 341 934 βασιλεύοντος
366 896 475 923 ἐποίουν
497 898 544 923 καὶ
562 897 676 931 βασιλέα
696 898 760 932 περὶ
786 895 875 931 ἑαυτῷ

85 945 243 976 δεδοικέναι,
270 944 316 970 καὶ
341 944 390 978 τὴν
412 943 473 970 καθ’
488 943 585 969 ἑαυτὸν
611 942 744 977 ὀρρωδίαν
767 943 876 973 πάντως

86 991 198 1025 καρδίας
213 989 296 1024 οὔσης
309 989 343 1015 τὰ
361 989 428 1023 μέλη
445 988 692 1022 συγκατασπᾶσθαι
710 987 874 1020 ξυνέϐαινεν.

85 1037 189 1063 Αὐτίκα
205 1036 259 1069 γὰρ
283 1034 414 1068 μέλλησις
427 1033 581 1068 ἠκολούθει,
599 1034 647 1059 καὶ
669 1034 700 1059 τὸ
714 1033 876 1068 ὲπιτροπαῖς

87 1080 248 1116 στρατηγῶν
266 1082 313 1107 καὶ
332 1081 426 1115 μόναις
444 1078 605 1106 διοικεῖσθαι
624 1079 658 1105 τὰ
672 1079 742 1105 κατὰ
764 1079 875 1110 τόπους,

87 1170 152 1206 quin
177 1169 247 1204 pilos
272 1169 330 1204 ipse
344 1169 397 1196 sibi
419 1169 518 1203 capitis
544 1168 667 1196 velleret.
697 1167 878 1195 Miserabatur

87 1217 159 1243 cnim
181 1215 382 1242 incredibiliter
402 1215 587 1241 calamitatem
605 1215 729 1241 locorqu
747 1214 875 1246 illorum;

87 1264 113 1286 tt
135 1264 188 1287 tam
204 1260 315 1294 impune
334 1259 371 1286 ibi
397 1267 462 1286 suos
480 1259 599 1287 ludibrio
623 1267 684 1286 esse
699 1259 824 1286 barbaris
843 1258 877 1285 ad

89 1306 226 1340 propriam
253 1305 340 1339 ipsius
367 1297 505 1338 pertinere
527 1304 705 1339 ignominiam
733 1303 878 1338 reputabat

88 1359 219 1379 atterens.
238 1351 341 1378 Aderat
353 1350 377 1377 ei
396 1351 478 1384 hujus
497 1350 680 1384 expeditionis
699 1350 732 1377 ad
749 1350 877 1376 solatium

87 1407 183 1428 comes
199 1399 402 1426 Alexandrinus
414 1398 582 1433 patriarcha.
595 1398 672 1433 Apud
691 1399 763 1425 hunc
778 1406 879 1425 exone—

87 1454 152 1474 rans
177 1446 314 1477 animum,
335 1452 388 1471 non
415 1444 475 1471 sine
501 1444 564 1471 altis
588 1452 604 1472 e
630 1444 713 1471 corde
738 1444 878 1478 suspiriis,

86 1492 241 1519 aliirmabat
259 1494 428 1524 compertam
447 1497 509 1517 sero
527 1489 577 1516 sibi
597 1497 688 1516 veram
705 1497 816 1516 causam
831 1489 880 1516 ob~

88 1536 226 1563 versantis
237 1535 327 1562 oculis
338 1534 526 1565 desolationis.
543 1541 604 1568 quae
621 1539 723 1569 quanta
740 1541 880 1569 quamque

88 1582 256 1610 miserabilis
274 1587 348 1608 esset
369 1582 429 1616 ipse
447 1581 549 1614 optime
565 1580 689 1607 omnium
714 1587 819 1612 nosset,
834 1581 882 1608 ad-

82 1635 162 1676 jutus
180 1630 214 1657 ad
230 1630 256 1656 id
280 1627 412 1656 memoria
445 1626 569 1654 flerentis
590 1626 728 1669 quondam
753 1634 785 1654 ac
808 1627 881 1654 beati

87 1672 235 1711 regionum
253 1673 351 1701 barum
369 1677 477 1704 status,
494 1672 603 1706 qualem
626 1680 656 1699 se
671 1676 813 1706 spectasse
837 1680 882 1699 re-

87 1721 265 1752 cordabatur,
291 1727 354 1746 cum
372 1722 519 1752 antequam
536 1718 563 1745 in
585 1718 730 1752 imperium
755 1718 884 1745 evehere—

88 1772 144 1797 tur.
164 1764 299 1792 Romanis
317 1763 404 1799 copiis
419 1763 455 1791 ibi
474 1768 616 1798 prasesset.
633 1759 804 1798 Comparans
818 1770 884 1797 ergo

87 1811 184 1839 animo
200 1818 282 1845 quam
300 1809 410 1842 uberes,
425 1816 507 1843 quam
532 1807 692 1843 frequentes
707 1810 772 1836 olim
793 1808 882 1835 fclici-

88 1858 141 1885 bus
164 1856 262 1883 incolis
280 1860 370 1886 terra-,
387 1854 414 1881 iu
430 1858 560 1889 quantam
579 1861 663 1885 nunc,
681 1861 742 1888 quae
758 1860 883 1880 cernerc-

89 1909 144 1936 tur,
156 1902 342 1930 calamitatem
359 1900 540 1931 devenissent.
554 1905 583 1926 ut
599 1907 652 1926 non
668 1900 808 1926 exhausta:
817 1899 854 1926 cii
864 1899 883 1926 i-

88 1951 141 1977 bus
157 1949 321 1983 colonisque
334 1948 436 1981 solum,
453 1947 499 1974 sed
523 1953 556 1973 nc
583 1946 681 1981 perviae
700 1946 808 1980 quidem
826 1946 882 1980 jam

89 1995 253 2022 hominibus
274 1997 379 2026 essent,
405 1992 481 2020 nullo
501 1993 603 2027 passim
628 1991 741 2026 vestigio
758 1991 862 2018 viarum
875 2012 882 2024 ,

87 2043 226 2078 stirpibus
251 2047 335 2077 atque
360 2043 480 2069 arbustis
505 2041 600 2068 densis
615 2045 698 2074 atque
715 2040 778 2066 altis
793 2043 884 2066 enatis

88 2091 194 2124 ubique
209 2094 321 2116 temere.
349 2089 449 2120 Causa,
474 2088 623 2121 inquiebat,
646 2087 710 2113 mali
735 2087 801 2113 tanti
829 2087 886 2113 luec

88 2136 205 2163 demum
219 2139 271 2167 est,
283 2135 390 2169 eruptio
406 2133 554 2161 inconsulti
569 2134 618 2159 zeli
633 2133 758 2160 subditos
769 2131 884 2159 efferens

923 211 952 237 δὲ
967 211 1013 237 τοῦ
1034 212 1070 246 μή
1086 219 1113 238 τι
1128 212 1203 246 παρὰ
1222 211 1354 246 βασιλέως
1378 212 1474 238 παθεῖν
1489 212 1526 243 ὼς
1540 212 1616 247 παρὰ
1633 213 1662 238 τὸ
1674 214 1712 238 εἰ-

924 257 972 288 κὸς
988 257 1224 291 ἑλλελειμμένους,
1239 257 1271 283 τὰ
1289 257 1447 292 πταίσματα
1464 257 1710 291 συγκαλύπτοντες,

924 302 964 337 τῷ
981 303 1051 329 κατὰ
1065 303 1135 336 σφᾶς
1151 303 1226 329 ἀδεεῖ
1239 302 1326 338 ψευδῆ
1343 303 1504 338 γράφοντες,
1519 304 1644 338 ἠρήμουν
1663 304 1712 338 τὴν

924 347 1017 382 χώραν
1034 349 1081 374 καὶ
1098 348 1174 379 τέλος
1189 347 1292 382 ἔρημον
1306 347 1354 382 τὴν
1377 349 1539 383 οἰκουμένην
1557 349 1710 383 ἀπέφηναν.

924 393 1016 420 Ταῦτα
1032 394 1128 427 λέγων,
1143 393 1248 429 τρυφὰς
1266 394 1407 429 βασιλικὰς
1430 394 1549 428 ἀφεικὼς
1568 394 1616 421 καὶ
1631 394 1712 430 θερα-

924 440 1006 467 πείαν
1029 440 1148 472 ἃπασαν,
1166 440 1203 472 ὡς
1226 441 1358 468 σιτεῖσθαι
1375 442 1421 467 καὶ
1443 442 1499 471 τοῖς
1522 441 1643 475 τυχοῦσι,
1658 440 1712 467 τῶν

926 485 1044 520 πρίσθεν
1058 486 1096 517 ὡς
1109 484 1182 520 εἶχεν
1200 486 1339 511 ὲπέῆαινε.
1355 486 1461 520 Πέρσας
1477 486 1517 517 δὲ,
1533 486 1595 512 ὅσον
1610 487 1714 518 ἐκεῖνος

925 531 1109 566 προσεχώρει,
1129 531 1183 557 ὑπὸ
1200 532 1267 557 πόδα
1283 531 1326 566 [Ρ.
1341 531 1405 566 545]
1420 533 1518 567 χωρεῖν
1532 533 1590 558 ἐκεῖ
1602 533 1648 558 τοῦ
1665 531 1714 566 βα-

925 577 1019 608 σιλέως
1032 577 1253 612 διημερεύοντος,
1271 577 1308 608 ὡς
1324 578 1372 604 καὶ
1387 578 1427 603 ἔτι
1439 577 1543 612 θερμὰς
1556 577 1604 608 τὰς
1621 578 1714 609 ἑστίας

925 623 1038 650 ἐκείνων
1050 623 1317 658 καταλαμϐάνοντος,
1331 623 1398 650 ὅπου
1410 624 1438 650 δὲ
1450 623 1576 658 βασιλεὺς
1592 624 1714 659 ἐφειστή-

924 677 981 701 κει,
1006 667 1112 694 ἐκεῖθεν
1137 668 1191 703 πρὸ
1220 669 1285 702 μιᾶς
1311 669 1466 702 φθανόντων
1493 669 1637 704 ὲκείνωνῆ
1669 670 1713 695 καὶ

925 713 1059 748 δευτέρας
1075 713 1276 749 μετασκηνοῦν.
1301 714 1404 747 Πλῆθος
1420 715 1442 740 δ’
1456 712 1490 750 ἦν
1503 714 1619 748 ὀπωρῶν
1636 715 1715 741 ἐκκε-

926 760 1052 794 χυμένων
1072 759 1148 786 κάτω
1173 759 1226 786 τῶν
1248 759 1374 796 δένδρων,
1398 760 1436 791 ὡς
1456 760 1560 787 ἐκεῖθεν
1581 760 1611 786 τὸ
1636 761 1714 786 πλέον

927 805 973 831 τοῦ
998 805 1198 841 στρατιωτικοῦ
1226 805 1397 837 σιτίζεσθαι·
1422 805 1452 832 τδ
1476 806 1530 840 γὰρ
1555 806 1715 841 είσαχθῆναί

926 859 980 877 τισι
997 850 1050 877 τῶν
1076 850 1216 885 ἐδωδίμων
1230 851 1288 877 ἐκεῖ
1308 851 1355 877 καὶ
1377 850 1437 876 λίαν
1453 850 1496 877 διὰ
1511 851 1541 877 τὸ
1557 851 1615 880 δέος
1637 851 1714 877 ἀπώ-

929 904 1010 930 μοτον
1025 894 1071 931 ἦν.
1090 896 1172 922 Ὅθεν
1192 896 1241 922 καὶ
1267 896 1398 929 πολλάκις
1417 897 1535 932 πέμπων
1553 898 1565 923 ὁ
1588 897 1716 931 βασιλεὺς

927 942 962 968 τὰ
977 943 1025 977 τῆς
1037 942 1179 978 τραπέζης
1200 942 1302 978 τρύφη,
1316 943 1361 969 τὸν
1384 943 1503 978 σκληρὸν
1525 944 1654 978 πιτυρίαν
1671 943 1717 969 καὶ

929 987 1043 1022 μέλανα,
1063 989 1173 1022 γυναικί
1199 997 1229 1015 τε
1247 989 1305 1023 ἅμα
1329 990 1375 1016 καὶ
1398 990 1518 1024 πενθερᾷ
1546 990 1591 1016 καί
1608 997 1639 1022 γε
1663 998 1717 1014 πα-

928 1033 1048 1069 τριάρχῃ
1070 1034 1118 1060 καὶ
1134 1035 1190 1064 τοῖς
1210 1034 1360 1069 γνωρίμοις
1379 1035 1500 1069 παρίστα
1523 1035 1553 1062 τὸ
1569 1035 1716 1066 δυσπαθὲς,

928 1080 1042 1114 γράφων
1059 1080 1121 1115 μηδ’
1137 1079 1220 1107 αὑτοῦ
1242 1080 1393 1116 πηγιμαίου
1412 1080 1506 1112 ὕδατος
1529 1081 1667 1115 εὐπορεῖν,
1687 1081 1718 1106 τὸ

929 1168 1027 1199 malis;
1046 1169 1110 1195 hinc
1124 1169 1235 1204 defungi
1250 1170 1417 1205 cogebamur
1435 1169 1632 1205 perfnuctmiis
1652 1179 1718 1206 pro-

930 1214 1095 1244 visionibus.
1121 1214 1262 1242 mittendis
1282 1215 1340 1242 bch
1371 1216 1398 1243 in
1423 1217 1481 1243 loca
1499 1217 1645 1251 prmfcctis.
1663 1225 1718 1252 quo

932 1259 1026 1286 rcnire
1045 1259 1119 1294 ipsos
1143 1267 1193 1287 nos
1217 1266 1390 1295 oportuerat.
1413 1262 1446 1289 Et
1462 1263 1645 1295 venissemus,
1664 1264 1717 1290 nisi

932 1304 1008 1331 falsis
1026 1304 1070 1331 isti
1093 1305 1196 1333 nuntiis
1212 1307 1402 1333 necessitatem
1418 1307 1504 1335 nostri
1521 1308 1655 1334 adventus
1670 1309 1718 1335 ab-

931 1351 1105 1379 scondeient'.
1120 1351 1205 1378 Erant
1216 1352 1240 1378 bi
1257 1352 1383 1379 homines
1394 1354 1478 1384 avari,
1494 1354 1596 1389 rapinis
1610 1354 1717 1381 intenti:

931 1396 1082 1430 prmdarum
1108 1405 1219 1424 suarum
1241 1402 1268 1425 et
1289 1398 1501 1427 concussionum
1524 1400 1567 1428 hic
1583 1401 1720 1428 exercita-

932 1450 992 1469 rmn
1009 1447 1092 1469 testes
1112 1443 1213 1471 habere
1230 1444 1347 1478 Augusti
1364 1445 1508 1479 praesentis
1524 1445 1618 1472 oculos
1641 1446 1720 1472 timc-

932 1487 1007 1515 bant.
1022 1487 1085 1515 Ideo
1099 1488 1197 1516 litteris
1207 1488 1352 1516 fallacibus
1366 1490 1541 1517 occultabant
1554 1489 1720 1517 (ιΠυιιείυιιρε

936 1534 998 1562 belli
1013 1535 1162 1569 rninasqtte
1176 1536 1312 1568 locorum,
1334 1543 1367 1562 ne
1381 1536 1532 1563 remedium
1551 1537 1596 1568 iis,
1612 1537 1633 1564 si
1652 1544 1721 1565 nata:

936 1581 1065 1612 fuissent,
1087 1580 1271 1607 adhibendum
1294 1589 1309 1608 a
1326 1581 1405 1609 nobis
1422 1581 1575 1610 rat'onibus
1599 1583 1719 1617 ipsorum

937 1627 1049 1662 privatis
1063 1627 1293 1654 incommodaret.
1307 1628 1379 1663 Ergo
1390 1632 1419 1655 nt
1435 1629 1545 1664 impune
1557 1630 1624 1664 ipsis
1635 1635 1720 1662 essrt,

937 1676 966 1700 ut
983 1672 1162 1700 violentarnm
1186 1674 1377 1701 extorsionum
1402 1681 1498 1709 pmnas
1521 1683 1574 1701 non
1601 1675 1719 1708 luerent,

937 1719 1116 1747 mendacibus
1132 1727 1181 1746 nos
1201 1719 1334 1748 lactantes
1359 1720 1470 1754 scriptis
1488 1721 1626 1755 regionem
1649 1722 1721 1748 hanc

937 1769 1092 1798 vastarunt,
1108 1770 1135 1794 et
1150 1767 1177 1793 in
1193 1766 1329 1801 frequenti
1350 1768 1414 1794 olim
1433 1774 1465 1795 ac
1483 1769 1584 1802 passim
1601 1767 1722 1794 habitata

939 1814 1009 1837 terra
1024 1810 1210 1842 solitudinem,
1227 1818 1308 1845 quant
1323 1816 1463 1845 gementes
1482 1813 1631 1844 cernimus,
1651 1811 1723 1838 fece-

938 1861 1012 1883 runt.
1028 1855 1091 1883 llazc
1107 1856 1264 1891 deplorans,
1283 1858 1393 1884 omissis
1414 1858 1520 1885 deliciis
1536 1858 1628 1892 regiis,
1647 1858 1721 1884 cultu

938 1910 968 1930 ac
993 1903 1064 1929 fastu
1095 1903 1235 1937 principali
1259 1903 1405 1937 neglectis,
1429 1905 1543 1931 curandi
1560 1905 1624 1937 quin
1641 1909 1722 1930 (tiam

938 1949 1062 1983 corporis
1078 1951 1145 1976 adeo
1168 1949 1313 1976 immemor
1330 1954 1358 1976 nt
1381 1951 1469 1978 obviis
1492 1951 1646 1985 qnilmsipte
1665 1952 1724 1977 sine

938 1995 1043 2022 delectu
1061 1999 1108 2021 aut
1126 2000 1257 2029 apparatu
1273 2000 1441 2030 vesceretur,
1454 1997 1523 2022 ultra
1534 1996 1622 2030 quoad
1637 1999 1724 2031 potuit

939 2040 1077 2067 tendebat.
1098 2039 1249 2074 Coegitqne
1267 2044 1321 2066 tum
1341 2040 1448 2072 Persas,
1467 2047 1598 2076 quantum
1612 2047 1654 2069 est
1667 2043 1725 2076 ipse

939 2092 1111 2120 progressus,
1140 2084 1322 2112 retrocedere.
1353 2084 1415 2112 Erat
1440 2091 1530 2113 autem
1559 2087 1665 2114 itineris
1692 2093 1723 2111 ca

940 2135 1005 2157 tunc
1023 2129 1103 2160 ratio,
1120 2134 1148 2156 ut
1164 2129 1209 2156 ubi
1232 2130 1394 2164 praecedenti
1418 2138 1532 2164 vespere
1556 2131 1642 2158 I’crsu‘,
1665 2129 1724 2156 fne-

90 2183 118 2208 iu
145 2187 265 2208 conatus
291 2181 410 2208 rebelles
436 2179 613 2215 impugnandi
642 2179 813 2214 principem;
839 2179 882 2205 ubi
898 2183 924 2212 Ῑ)
940 2181 1009 2207 rant,
1026 2180 1163 2210 posterum
1181 2175 1216 2201 ibi
1233 2174 1304 2202 diem
1322 2176 1469 2210 imperator
1484 2177 1614 2211 exigeret,
1631 2179 1656 2203 iu
1676 2176 1724 2203 Ιιυ-

90 2228 205 2262 prodire
225 2226 304 2253 aliter
319 2227 345 2252 in
363 2233 419 2252 rem
440 2233 493 2251 non
511 2229 635 2259 possunt,
651 2223 799 2250 maledicas
813 2223 883 2249 inci-

91 2277 186 2299 tantes
199 2272 306 2306 linguas
318 2273 351 2298 ad
364 2271 496 2298 seditiose
509 2269 736 2297 murmuraudum
752 2269 884 2296 advorsus

87 2319 286 2352 imperantem,
306 2317 363 2344 haec
388 2320 415 2343 et
441 2316 486 2342 illa
511 2316 572 2350 ejus
594 2319 654 2342 acta
680 2318 885 2346 pet‘cettsuntcs,

88 2371 153 2397 qua:
172 2370 255 2397 prava
269 2371 330 2390 esse
345 2361 527 2390 contendunt.
545 2366 571 2388 et
586 2369 662 2388 reutn
681 2360 757 2387 illum
773 2359 887 2386 violata—

89 2417 156 2435 rum
179 2410 269 2442 lcgnnt
295 2413 322 2435 et
350 2408 511 2443 reipublicae
539 2407 659 2442 pessime
687 2405 885 2433 administratae

89 2455 276 2483 liccntissime
298 2459 447 2490 peragunt;
465 2453 544 2489 503
564 2461 612 2488 per
629 2453 687 2480 [nec
702 2453 736 2479 ab
764 2459 796 2478 eo
820 2452 887 2478 διὶσ-

88 2508 193 2528 nantes
219 2501 326 2526 animos
350 2499 506 2531 hominum,
528 2504 555 2526 et
582 2504 703 2525 metuere
727 2498 816 2532 ipsum
834 2497 886 2524 sibi

87 2551 227 2581 cogentes
245 2553 251 2570 :
270 2544 395 2572 naturale
412 2545 513 2579 quippe
529 2544 629 2578 cuique
643 2547 685 2570 est
699 2542 733 2569 ad
748 2542 886 2577 obiectum

89 2599 181 2626 grave
200 2591 261 2617 vita;
286 2598 316 2618 ac
343 2595 434 2618 status
459 2589 562 2624 proprii
583 2589 735 2624 periculum
761 2589 885 2615 horrere.

90 2637 166 2664 lline
184 2637 275 2671 capite
291 2637 447 2671 reipublic-ie
461 2637 494 2663 de
512 2643 541 2663 se
560 2636 690 2668 sollicito,
708 2640 735 2663 et
747 2642 781 2662 ea
793 2642 890 2662 neces-

88 2684 170 2710 saria
201 2683 244 2709 sui
268 2691 333 2709 cura
358 2691 372 2708 a
400 2682 571 2710 consulendo
594 2681 740 2709 efﬁcaciter
769 2681 889 2709 subditis

88 2736 207 2759 averso,
237 2729 358 2755 membra
384 2728 491 2762 imperii
518 2728 637 2762 discerpi
667 2728 792 2762 contigit.
817 2727 888 2755 Hinc

91 2780 203 2809 torpor,
222 2773 348 2805 addebat,
368 2774 489 2808 obrepsit
502 2773 599 2806 nobis;
622 2774 686 2800 hinc
704 2774 774 2800 tardi
795 2780 826 2800 ac
843 2781 888 2800 sc-

92 2827 166 2853 gnes
183 2818 285 2845 fuimus
307 2818 334 2844 in
349 2819 520 2845 occurrendo
543 2826 590 2853 per
609 2826 658 2845 nos
681 2818 886 2852 prorinciarum

938 2222 1030 2256 spitia,
1056 2221 1156 2256 quibus
1181 2220 1220 2247 illi
1243 2225 1322 2248 erant
1339 2222 1392 2253 usi,
1412 2221 1480 2249 focis
1497 2223 1586 2248 adhuc
1603 2223 1723 2256 ipsorum

937 2267 1070 2295 fumantia
1086 2268 1247 2294 succedens.
1274 2267 1368 2302 Itaque
1387 2268 1501 2296 diecula:
1523 2268 1566 2295 vix
1583 2269 1663 2296 ttnius
1679 2275 1726 2295 ant

938 2321 1076 2340 summum
1095 2313 1169 2340 bidui
1186 2313 1330 2341 intervallo
1347 2314 1424 2341 locus
1439 2315 1509 2342 idem
1525 2320 1552 2342 ct
1573 2315 1669 2342 Pclsas
1686 2316 1727 2342 di-

939 2361 1051 2388 miserat
1067 2360 1161 2395 pedem
1183 2368 1229 2387 sna
1248 2369 1344 2387 versus
1362 2361 1512 2388 referentes
1532 2366 1559 2388 et
1576 2363 1725 2389 instantem

909 2434 913 2439 κ
939 2407 1060 2441 vestigiis
1075 2406 1196 2441 ipsorum
1209 2407 1361 2442 cupiebat
1377 2408 1540 2442 Angustum.
1553 2408 1727 2442 Apparebant

939 2457 1030 2478 autem
1051 2456 1107 2479 tuta
1129 2459 1230 2486 passm)
1249 2453 1358 2487 regione
1369 2457 1456 2479 strata
1474 2453 1532 2480 suis
1546 2460 1659 2488 qumque
1675 2454 1728 2480 sub

940 2497 1086 2525 arboribus
1105 2505 1184 2532 poma
1207 2497 1323 2525 tlecidna
1342 2498 1502 2533 fructusque
1518 2498 1607 2525 omnis
1619 2499 1728 2530 generis

941 2544 1052 2574 maturi,
1068 2548 1144 2570 tanta
1157 2543 1234 2577 copia
1251 2547 1280 2569 ιιι
1300 2545 1396 2578 majori
1414 2544 1549 2571 exercitus
1567 2544 1635 2578 parti
1649 2545 1728 2571 cibtts

941 2588 1004 2615 inde
1022 2588 1169 2616 sulliceret.
1187 2587 1252 2615 Nam
1271 2590 1322 2616 alia
1339 2590 1444 2617 ratione
1462 2589 1575 2624 pra-beri
1595 2589 1682 2615 lorum
1702 2594 1729 2615 et

941 2634 1036 2661 infcni
1053 2635 1152 2661 castris
1170 2634 1223 2662 illis
1238 2639 1421 2661 commeatum
1437 2656 1443 2667 ,
1463 2635 1609 2662 interdicto
1624 2634 1727 2661 dudum

941 2681 966 2708 vi
981 2688 1013 2708 ac
1030 2685 1103 2708 metu
1119 2682 1209 2709 hostili
1227 2690 1273 2715 per
1294 2681 1374 2717 504
1392 2689 1499 2708 onmem
1519 2682 1590 2708 hunc
1607 2681 1658 2708 late
1675 2687 1729 2708 tra<

941 2731 1013 2754 ctum
1023 2728 1200 2759 commercio,
1212 2727 1377 2761 sperandum
1392 2727 1461 2753 hami
1474 2731 1543 2754 ctat.
1554 2725 1646 2760 Itaque
1659 2735 1730 2761 s:rpc

942 2773 969 2799 itt
987 2773 1123 2806 specimcn
1140 2773 1233 2799 miseri
1251 2780 1307 2806 quo
1324 2777 1388 2799 tunc
1407 2772 1533 2800 utebatur
1549 2773 1638 2799 vietus
1655 2777 1729 2798 misxt

942 2818 1091 2852 imperator
1105 2818 1139 2844 ad
1155 2818 1305 2852 Angusta”.
1319 2823 1346 2844 et
1359 2826 1480 2852 socrum,
1496 2819 1527 2845 ad
1546 2818 1727 2852 patriarcham
