1944 3067
220 136 272 168 967

823 131 846 161 G
854 129 986 160 EORGII
1007 127 1161 158 PACHYM
1169 126 1215 156 ER
1222 127 1253 156 Ε

1787 120 1843 152 968

218 194 246 221 δέ
262 201 294 227 γε
308 191 432 226 ποταμοῦ
447 190 589 225 τρυγοίπῳ
605 187 782 222 διηθούμενον
802 186 849 213 καὶ
871 185 1009 220 ἐξαιθρια-
1022 186 1046 215 Α
1062 183 1114 209 τῶν
1131 183 1180 216 τῆς
1207 181 1333 217 Προὺσης
1352 179 1442 216 μερῶν
1464 179 1603 212 ἀνάγεται,
1623 177 1659 203 τὰ
1683 176 1732 210 τῆς
1752 176 1844 202 αὐτῶν

220 240 334 272 ζόμενον
361 237 439 272 μόλις
468 235 598 270 προσιτὶν
622 233 693 260 εἶναί
716 233 741 260 οἱ
767 233 860 258 ποτόν.
874 231 920 265 Μὴ
944 229 1010 264 γοῦν

221 285 322 316 ἱκανῶς
342 285 411 318 ἔχων
426 282 488 309 τότε
511 281 620 308 διώκειν
641 279 670 305 ἐν
689 277 853 312 δυσχωρίαις
865 276 895 302 τὸ
912 276 1011 310 Περσι-

221 330 286 361 κὸν,
301 328 388 358 ἄλλως
405 335 434 353 τε
453 326 500 353 καὶ
526 325 629 355 ἐνδείας
658 322 838 357 ἐπικειμένης
860 321 914 347 τῶν
930 321 1013 353 ἀναγ-

222 376 320 408 καίων,
334 375 365 401 τδ
378 374 448 405 τέως
470 373 541 406 ἔγνω
556 371 601 397 τδν
623 372 706 397 τόπον
725 367 903 403 κατοχυροῦν,
918 367 966 393 καὶ
980 365 1013 400 δὴ

223 421 364 457 φρουρίοις
396 419 445 455 μὲν
463 419 570 453 συχνοῖς
595 420 627 443 τὰ
649 415 714 452 παρ’
729 416 846 449 ἑκάτερα
860 412 906 439 τοῦ
927 420 1012 439 ποτα-

225 467 277 502 μοῦ
292 465 467 500 διελάμὸανε,
482 464 516 490 τὰ
533 463 581 497 μὲν
596 461 770 496 πεπονηκότα
785 460 824 494 τῷ
847 459 935 494 χρόνῳ
955 458 1015 483 ἐπι-

225 512 366 542 σκευάζων
375 512 422 536 καὶ
436 509 579 539 συνιστῶν,
593 507 659 534 ἄλλα
669 506 698 532 δὲ
715 505 795 536 αὐτὸς
807 503 934 535 ἀνιστῶν,
947 502 1012 528 ὃπου

225 559 272 585 τοῦ
284 557 408 592 ποταμοῦ
428 554 634 590 λειψυδροῦντος
647 553 730 588 πόρον
742 552 795 577 ἔδει
808 549 958 584 γίγνεσθαι,
976 548 1013 579 ὡς

225 607 259 633 ἂν
281 606 339 640 ἅμα
366 605 414 639 μὲν
438 604 472 638 τῇ
497 602 551 628 τῶν
565 600 703 636 φρουρίων
726 597 885 630 πυκνότητι,
912 595 970 629 ἅμα
986 593 1015 619 δὲ

228 654 275 678 καὶ
291 652 352 682 ταῖς
362 651 416 676 τῶν
427 649 586 682 ἀναγκαίων
597 647 688 673 τόπων
702 642 886 678 προκατοχαῐς
902 641 930 667 ἐν
943 641 1016 674 ἀμη-

228 698 321 732 χάνοις
340 696 374 722 τὰ
390 695 444 721 τῶν
469 693 582 726 Περσῶν
608 692 747 726 γίνωνται.
763 686 904 714 Συστεῖλαι
918 685 946 711 δὲ
966 684 1015 710 θέ-

229 729 282 768 λων
296 741 344 768 καὶ
366 740 415 771 τὰς
442 738 553 773 ἐφόδους
571 737 624 764 τῶν
648 735 779 762 ἐπιόντων
800 733 837 763 ὼς
859 732 895 766 μὴ
919 729 1016 764 ἀνέδην

228 787 327 814 ὁπόθεν
345 786 482 819 βούλοιντο
504 782 656 810 διεκπαίειν
675 781 722 808 καὶ
739 778 930 806 ἐπεισπίπτειν
949 775 1017 809 ἀδὴ-

228 833 293 863 λως,
317 831 499 865 άξινηφόρους
522 828 552 859 ἐς
573 827 641 853 πολὺ
665 825 766 860 πλῆθος
791 820 1017 856 συναθροισϐἧναι

1061 230 1245 264 ἐπισκέψεως,
1261 228 1331 254 ὥστε
1348 226 1456 253 καὶτῶν
1468 224 1572 260 ἐχθρῶν
1583 223 1683 256 τελέως
1694 221 1846 258 ἐκδιωχθῆ-

1062 284 1118 307 ναι,
1133 275 1172 306 είς
1183 274 1278 310 καιρὸν
1295 273 1404 300 εὔθετον
1420 270 1596 305 ἀναθέμενος.

1061 353 1095 382 λ’.
1124 353 1161 380 τὰ
1186 352 1262 379 κατὰ
1290 350 1360 383 τοὺς
1387 349 1462 383 πρὸς
1491 348 1545 375 τὸν
1571 347 1675 374 arduas-
1696 345 1852 380 Μαρτῖνον

1324 384 1584 418 ἀποκρισιαρίους.

1102 454 1145 491 [Ρ.
1162 453 1226 490 5η]
1249 452 1354 487 Ξυνέϐη
1377 451 1406 478 δὲ
1419 450 1474 477 τότ’
1493 450 1545 476 ἀνὰ
1574 448 1699 485 Προῦσαν
1727 448 1853 480 διάγοντι

1064 501 1113 528 καὶ
1129 500 1163 526 τὰ
1179 499 1249 526 κατὰ.
1262 499 1307 525 τὸν
1326 498 1441 524 πάππαν
1458 496 1563 530 μαθεῖν,
1579 495 1609 526 ὃς
1626 494 1657 529 δὴ
1679 494 1724 521 καὶ
1743 493 1856 529 Μαρτῖ-

1064 555 1109 578 νος
1124 545 1191 581 μετὰ
1206 544 1340 572 Νικόλαον
1354 541 1398 578 ἦν.
1415 542 1487 577 Πρὸς
1501 541 1554 576 γὰρ
1567 541 1648 568 αὐτὸν
1662 539 1762 574 ἔφθασε
1778 538 1856 572 πέμ-

1065 591 1114 626 ψαι
1144 591 1189 617 τόν
1210 598 1240 616 τε
1272 587 1437 623 Ἡρακλείας
1461 587 1564 614 Λέοντα
1592 585 1640 612 καὶ
1662 585 1709 611 τὸν
1731 583 1857 613 Νικαίας

1065 637 1217 671 Θεοφάνην.
1235 635 1267 662 Οἳ
1285 635 1317 669 δὴ
1343 634 1390 661 καὶ
1414 632 1575 664 ἐπιστάντες
1590 632 1621 658 οὺ
1645 630 1705 657 κατ’
1727 629 1858 659 ἐλπίδας.

1066 682 1100 714 ἃς
1126 680 1199 716 εἶχον
1224 679 1462 713 ἀποστελλόμενοι,
1486 676 1550 712 παρ’
1577 676 1690 702 ἐκείνων
1714 675 1857 709 ἐδέχοντο.

1066 725 1137 752 ἀλλὰ
1153 724 1308 751 τούναντίον
1325 723 1410 750 άπαν.
1428 722 1468 749 Τὰ
1485 721 1540 756 γὰρ
1562 721 1622 748 καθ’
1636 721 1708 755 ἡμᾶς
1724 720 1763 750 ὡς
1778 717 1861 754 εῐχον

1069 770 1211 806 μαθόντες.
1236 770 1283 796 καὶ
1307 769 1376 803 ὅπερ
1396 765 1430 803 ἦν
1457 767 1688 798 ὑποτοπάσαντες,
1709 764 1810 799 χλεύην
1826 764 1862 789 τῇ

1068 817 1181 851 γεγονὸς
1194 816 1241 842 καὶ
1253 817 1303 842 οὑκ
1316 815 1445 850 ἀλήθειαν
1461 814 1590 848 ἄντικρυς
1604 811 1690 848 (παρὰ
1704 811 1787 846 μόνον
1801 811 1861 844 γὰρ

363 857 411 902 καί
427 857 514 910 μῆκος
530 857 578 908 μὲν
598 857 816 907 παραμετρῆσας
831 867 877 894 τοῦ
893 864 1016 899 ποταμοῦ
1032 857 1053 885 Β
1068 862 1179 898 βασιλέα
1193 862 1240 888 καὶ
1259 861 1434 896 πατριάρχην
1447 859 1493 886 καί
1512 867 1588 890 τινας
1605 858 1659 884 τῶν
1676 858 1741 892 περὶ
1754 857 1862 887 αὐτοὺς

231 924 292 950 ὅσον
311 921 345 957 ἢν
359 922 507 955 ἀναγκαῖον
519 916 747 953 κατοχυροῦσθαι,
761 914 862 944 πλάτος
874 912 901 939 δέ
915 912 946 937 τὸ
959 912 1019 936 lxa—

232 970 276 996 νὺν
293 968 482 1002 λογισάμενος,
502 964 605 998 σπουδῇ
622 965 655 989 τὰ
671 961 776 996 ,δένδρα
797 959 946 987 κόπτοντας
961 957 1020 981 ἐπι-

234 1016 325 1042 τάττει
347 1011 574 1040 ὲπικαταὸἁλλειν
598 1009 626 1036 ἓν
639 1009 682 1042 ἐφ’
698 1008 748 1038 ἐνὶ,
775 1006 823 1032 καὶ
846 1003 917 1030 οὕτω
935 1009 1019 1029 κατα-

235 1059 375 1087 πυκνῶσαι
389 1059 443 1089 τοῖς
456 1057 542 1084 κλωσὶ
553 1055 606 1082 τῶν
625 1054 741 1089 δένδρων
754 1051 800 1078 τὸν
817 1051 898 1076 τόπον
909 1048 946 1079 ὡς
958 1046 1019 1082 μηδ’

234 1107 298 1140 ὅφιν
313 1103 368 1132 οἶόν
385 1104 408 1130 τ’
424 1101 494 1130 εἶναι
511 1101 604 1137 σχεδὸν
618 1099 783 1135 διέρχεσθαι.
798 1095 891 1122 Ταῦτα
907 1093 974 1127 πρὸς
989 1091 1020 1118 τὺ

234 1152 321 1186 παρὺν
336 1149 467 1182 ἐπιτάξας
482 1157 512 1175 τε
526 1146 574 1175 καὶ
591 1143 803 1175 κατασκευάσας
827 1141 866 1176 τῷ
883 1140 1021 1175 ἐπιμεῖναι

234 1184 505 1230 ταλαιπωρούμενος,
527 1191 604 1222 τέλος
636 1189 806 1222 σιταρκήσας
831 1187 887 1217 τοῖς
917 1185 946 1210 ἐν
964 1184 1020 1230 τοῖς

235 1226 376 1277 φρουρίοις
394 1226 426 1265 τδ
449 1236 552 1269 ἱκανὸν,
566 1234 644 1271 παρὰ
662 1233 708 1260 τὸν
733 1230 855 1266 ποταμὸν
877 1229 959 1265 μέχρι
973 1226 1021 1254 καὶ

236 1332 319 1359 etiam
329 1334 357 1358 et
371 1328 440 1356 alios
450 1325 611 1356 familiares,
627 1323 797 1350 furfurosum
810 1326 906 1354 panem
922 1317 1021 1344 durum

237 1382 265 1405 et
279 1381 383 1406 atrum.
403 1374 453 1401 bas
469 1380 531 1400 esse
547 1370 673 1399 scribens
689 1367 811 1394 lautitias
825 1371 882 1392 sua:
899 1368 1022 1393 mensae;

189 1436 196 1443 -
237 1428 267 1452 ct
287 1420 452 1457 adiungebat
475 1418 572 1445 iisdem
600 1415 700 1443 litteris
722 1420 757 1441 ne
776 1412 894 1439 fontanae
913 1408 1022 1444 quidem

238 1469 292 1497 sibi
311 1454 390 1502 aqua:
405 1465 513 1500 copiam
529 1462 562 1490 ad
578 1465 672 1496 potum
687 1462 845 1493 suppetere.
861 1454 909 1483 sed
930 1461 945 1482 e
965 1459 1024 1480 tur-

239 1515 303 1542 bido
331 1500 462 1540 haustum
484 1509 607 1540 ﬂumine,
634 1506 687 1533 coli
710 1502 919 1532 transmissione
935 1500 1024 1527 obiter

239 1563 383 1594 purgatum
393 1556 640 1590 refrigeratcmque
653 1550 705 1578 sub
718 1550 774 1582 dio,
787 1555 867 1584 quem
880 1545 1025 1574 sitibunda:

239 1590 334 1632 fauces
350 1609 421 1637 aegre
434 1599 622 1630 admitterem,
638 1597 772 1630 liquorem
789 1592 938 1629 propitiati.
955 1590 1024 1617 Curti

240 1655 333 1678 autem
350 1648 445 1676 hostes
458 1646 499 1673 sic
523 1644 652 1673 instando
666 1641 849 1670 contrttsisset
864 1639 892 1666 in
911 1643 1025 1673 asperos

238 1697 295 1732 jam
312 1703 363 1722 nec
374 1694 454 1721 facile
473 1691 581 1727 pervios
596 1688 690 1717 limitis
706 1689 829 1723 ipsorum
844 1685 941 1716 saltus.
955 1684 1026 1712 haud

241 1730 272 1769 se
288 1740 396 1768 idoneis
415 1739 579 1765 instructutn
595 1735 682 1770 copiis
705 1733 827 1761 sentiens
843 1731 877 1758 ad
891 1738 938 1758 eos
955 1730 1028 1757 ulte-

243 1788 301 1814 rius
313 1783 530 1821 persequendos,
540 1787 567 1809 et
581 1780 693 1809 aliunde
705 1786 796 1806 rerum
810 1776 1027 1805 necessariarum

244 1833 359 1868 penuria
375 1834 501 1866 urgente,
524 1829 648 1863 cogitare
670 1827 704 1853 de
720 1825 808 1853 reditu
822 1828 935 1852 coacttts
952 1823 1028 1858 prius

244 1884 348 1910 tamen,
363 1876 454 1912 quoad
473 1883 516 1903 res
532 1873 651 1906 sinebat,
669 1871 778 1899 munire
793 1870 908 1897 limitem
924 1869 1030 1896 studuit

245 1925 357 1951 arcibus
377 1922 410 1948 ad
430 1926 574 1954 utramque
594 1918 715 1945 fluminis
741 1916 827 1951 ripam
855 1915 981 1942 excitatis
1003 1919 1030 1941 et

248 1968 375 2004 praesidio
402 1965 517 1993 insessis
537 1963 671 2000 plurimis.
688 1962 808 1995 Quarum
829 1960 935 1995 aliquas
950 1965 1029 1988 vetu—

246 2019 319 2042 state
334 2021 366 2041 ac
380 2016 533 2046 temporum
547 2008 655 2044 injuriis
664 2008 810 2034 semirutas
819 2005 915 2034 refecit
928 2006 1032 2033 instin-

246 2061 351 2094 xitque,
364 2064 449 2085 novas
464 2056 522 2090 ipse
530 2055 636 2090 aliquas
651 2053 814 2088 adjungens,
829 2051 866 2079 ibi
878 2051 1030 2086 praesertim

248 2105 294 2132 ubi
313 2105 422 2139 parcior
437 2107 514 2136 aqua:
533 2100 623 2127 amnis
640 2099 709 2126 vado
723 2098 812 2132 trajici
831 2101 928 2132 potest,
946 2101 974 2124 ut
991 2097 1031 2124 sie

247 2155 276 2178 et
289 2149 436 2177 crebritate
452 2146 644 2182 praesidiorum
663 2149 691 2172 et
704 2143 940 2180 praeuecupatione
954 2142 1029 2170 loco-

1068 908 1168 939 πάντες
1183 907 1375 942 ἐδυσμέναινον
1387 907 1420 942 τῇ
1436 907 1545 941 εἰρήνῃ,
1568 904 1616 931 καὶ
1634 903 1733 939 μᾶλλον
1751 903 1794 929 ὅτι
1809 904 1864 930 καὶ

1068 955 1174 985 ποιναῖς
1197 953 1351 984 ἀλλοκότοις
1375 951 1471 986 ἧθελεν
1494 949 1692 984 άσφαλίξεσθαι
1711 948 1819 982 ταύτην
1849 949 1864 974 ὁ

1069 1000 1220 1036 βασιλεὺς).
1247 999 1368 1029 ἐκείνους
1385 998 1435 1033 μὲν
1457 998 1486 1024 ἐν
1501 997 1609 1031 ἀτίμοις
1635 993 1717 1030 εἶχον,
1735 995 1786 1021 καὶ
1809 994 1865 1028 τὴν

1069 1047 1109 1078 είς
1131 1046 1177 1072 τὸν
1191 1045 1306 1073 πάππαν
1326 1044 1458 1080 πρόσοδον
1478 1043 1526 1078 tot
1548 1043 1594 1069 καὶ
1617 1042 1693 1077 μόλις
1712 1042 1863 1076 παρεῖχον.

1069 1094 1145 1125 τέλος
1160 1093 1189 1120 δέ
1206 1092 1317 1128 βασιλέα
1333 1091 1382 1125 μὶν
1395 1091 1516 1121 καὶτοὺς
1531 1089 1600 1124 ἀμφ’
1614 1088 1695 1116 αὑτὸν
1708 1088 1746 1119 ὡς
1758 1087 1866 1123 χλευαο

1071 1140 1136 1171 στὰς
1154 1138 1303 1173 ἐπιτιμίοις
1318 1138 1365 1164 καὶ
1386 1137 1424 1172 μὴ
1441 1135 1582 1170 ἀληθείαις
1601 1133 1776 1169 στοιχοῦντας
1793 1133 1868 1166 άφο-

1072 1186 1183 1221 ρισμοῖς
1210 1182 1412 1215 καθυπέὁαλον,
1442 1181 1505 1213 τοὺς
1531 1181 1560 1207 δὲ
1589 1179 1718 1215 πρέσὸεις
1746 1177 1866 1213 μηδενὸς

1071 1231 1238 1263 ἀξιώσαντες
1254 1229 1310 1256 τῶν
1329 1228 1443 1255 εἰκότων
1467 1226 1643 1262 ἀπέπεμπον.
1660 1223 1756 1252 Ταῦτα
1777 1223 1866 1257 ano-2i;

1073 1327 1144 1348 nona
1161 1319 1187 1346 in
1202 1325 1281 1346 arces
1298 1320 1400 1353 quanta
1413 1323 1482 1351 opus
1493 1319 1553 1343 erat
1570 1314 1657 1345 illata.
1670 1313 1762 1348 legens
1775 1313 1866 1340 ﬂumi-

1073 1366 1118 1392 nis
1137 1365 1224 1399 ripam
1237 1364 1329 1392 Prusae
1346 1363 1470 1397 partibus
1489 1368 1519 1388 se
1533 1361 1660 1387 adtnovet
1671 1378 1680 1391 ,
1692 1358 1863 1392 diligentiori

1074 1409 1244 1445 inspectione
1265 1409 1389 1435 locorum
1406 1406 1578 1441 eorumdem,
1595 1404 1634 1431 uti
1659 1407 1687 1432 et
1706 1403 1788 1438 plena
1813 1410 1865 1430 ex-

1074 1456 1201 1492 pulsione
1215 1453 1278 1482 inde
1292 1453 1412 1481 hostium
1424 1471 1432 1485 .
1450 1452 1478 1479 in
1493 1456 1600 1486 tempus
1616 1453 1803 1485 opportunum
1820 1448 1864 1476 di-

1037 1523 1060 1554 c
1076 1504 1151 1531 latis.

1093 1578 1137 1605 50.
1161 1576 1197 1604 De
1213 1575 1395 1610 apocrisiariis
1414 1574 1447 1601 ad
1460 1580 1555 1608 papam
1577 1571 1725 1599 Martinam
1743 1569 1845 1597 missis.

1111 1646 1231 1681 Contigit
1256 1649 1346 1672 autent
1372 1648 1439 1671 tunc
1463 1641 1534 1677 apud
1560 1641 1675 1669 Prusam
1702 1639 1864 1673 imperatori

1077 1690 1258 1719 cotmnoranti
1271 1689 1361 1717 afferri
1377 1688 1504 1716 nuntium
1519 1687 1553 1714 de
1562 1691 1635 1714 statu
1648 1692 1737 1713 rerum
1751 1692 1865 1712 suarum

1078 1739 1148 1773 apud
1176 1745 1285 1773 papam.
1311 1736 1446 1764 Martinus
1464 1735 1508 1762 hic
1522 1738 1589 1766 erat.
1604 1734 1651 1768 qui
1672 1732 1786 1760 Nicolao
1803 1739 1867 1759 suc-

1078 1790 1211 1812 cesserat.
1229 1783 1269 1810 Ad
1288 1782 1362 1809 hunc
1376 1784 1562 1809 maturaverat
1575 1780 1686 1806 tnittere
1698 1777 1867 1805 Heracleen-

1079 1838 1136 1857 sem
1150 1829 1307 1863 episcopum
1324 1827 1444 1855 Leonem
1457 1831 1485 1854 et
1500 1825 1638 1852 Nictenum
1656 1823 1867 1857 Theophanem.

1079 1871 1179 1899 Verum
1193 1872 1219 1898 hi
1236 1871 1342 1906 appulsi
1357 1877 1412 1905 quo
1427 1869 1617 1899 mittebantur,
1628 1867 1700 1895 haud
1713 1866 1869 1895 secundum

1079 1917 1314 1952 exspectationem
1333 1916 1456 1951 ipsorum
1484 1915 1547 1942 istic
1569 1919 1635 1942 sunt
1653 1913 1772 1948 excepti.
1800 1914 1869 1948 quin

1080 1962 1170 1989 omnia
1189 1962 1279 1997 potius
1294 1960 1411 1996 speratis
1434 1961 1539 1994 experti
1558 1959 1710 1987 contraria.
1731 1956 1869 1984 Nimirum

1081 2009 1169 2036 edocti
1187 2009 1220 2036 ad
1239 2016 1333 2036 verum
1351 2008 1467 2035 Romani
1483 2007 1516 2034 de
1531 2008 1611 2034 rebus
1625 2007 1736 2039 no~tris,
1755 2012 1779 2034 et
1796 2006 1869 2041 quod

1083 2064 1126 2083 res
1134 2055 1340 2089 eratsuspicati,
1354 2055 1443 2085 istam,
1456 2061 1515 2088 qua:
1527 2061 1690 2087 magnopere
1698 2053 1869 2087 jactabazur.

1083 2109 1176 2136 pacem
1193 2100 1261 2128 nihil
1275 2102 1382 2127 demum
1402 2099 1476 2126 aliud
1492 2099 1543 2126 nisi
1566 2099 1658 2126 fucum
1675 2103 1702 2125 et
1718 2099 1870 2125 ludibrium

1083 2155 1144 2175 esse
1159 2147 1269 2181 (praeter
1282 2146 1384 2181 quippe
1398 2145 1590 2180 imperatorem
1607 2143 1695 2172 solum
1711 2147 1738 2171 et
1752 2144 1872 2177 patriar-

249 2203 310 2222 runt
327 2193 551 2222 necessariorum
565 2210 573 2223 ,
593 2191 689 2225 inopes
706 2189 814 2217 consilii
832 2189 920 2216 Persa
933 2188 1024 2215 redde-

1086 2193 1164 2220 cham
1177 2193 1365 2228 quosdamque
1376 2199 1438 2218 eum
1457 2191 1499 2218 his
1511 2190 1650 2222 assiduos,
1661 2195 1776 2217 ca-tcros
1791 2190 1871 2224 plane

249 2246 354 2268 rentur.
371 2238 494 2272 Quorum
513 2237 594 2264 etiam
619 2235 791 2263 incursiones
805 2241 931 2262 coercere
955 2234 1034 2261 obice

248 2286 377 2323 opposito
388 2284 514 2315 studens.
529 2290 562 2310 ne
574 2287 604 2309 ut
615 2286 694 2309 antea
712 2281 882 2316 praelicenter
894 2281 963 2307 citra
978 2287 1034 2307 me-

249 2337 308 2359 tum
323 2331 397 2358 illum
413 2337 467 2364 quo
482 2327 591 2355 lubebat
607 2327 804 2361 irrumperent,
821 2325 988 2353 iuobservati
1000 2332 1031 2351 ex

250 2376 400 2412 improviso
426 2374 576 2406 irruentes,
603 2373 774 2408 securigeras
800 2379 897 2407 magno
921 2378 1034 2399 numer.)

250 2421 413 2458 congregari
434 2420 566 2457 praecipit,
586 2424 613 2446 et
628 2418 824 2453 longitudinem
841 2417 914 2445 ﬂuvii
928 2417 1036 2445 dimenq

255 2477 304 2496 sus
329 2472 459 2503 quantam
490 2465 651 2501 expediebat
666 2472 748 2498 opere
768 2464 889 2496 muniri,
917 2463 1036 2497 huicque

253 2514 353 2541 idonea
379 2511 525 2540 latttudine
547 2511 627 2546 juxta
653 2517 801 2545 congruam
831 2509 1034 2544 proportionem

254 2559 472 2591 accommodata,
500 2557 628 2585 festinato
660 2563 745 2583 caesas
777 2555 892 2582 arbores
921 2555 1036 2582 invicem

253 2605 410 2633 coacervari
428 2611 481 2630 una
499 2602 546 2630 utti
564 2601 735 2637 superposita
748 2600 841 2634 jussit,
858 2601 1038 2635 colligarique

253 2658 349 2681 mutuo
371 2650 520 2686 implicatis
545 2650 666 2685 ipsarum
685 2647 764 2684 505
781 2648 878 2679 ramis,
902 2647 1037 2674 densitate

252 2702 326 2726 tanta
343 2702 374 2724 ut
393 2703 426 2723 ne
441 2695 522 2730 angui
541 2695 650 2730 quidem
667 2694 724 2721 fere
744 2694 868 2728 quaedam
892 2691 950 2719 inec
964 2692 1038 2719 velut

252 2752 331 2779 ist-pes
343 2742 643 2778 praeberettransitum.
662 2739 710 2767 llis
727 2740 754 2766 in
771 2746 890 2774 praesens
904 2738 1039 2766 ordinatis

253 2796 278 2816 et
310 2789 438 2824 provisis,
464 2796 525 2816 cum
552 2787 709 2815 ulteriorem
728 2787 789 2814 istic
808 2792 913 2813 moram
938 2786 1038 2812 incom-

255 2837 335 2863 n.uda
353 2836 540 2868 gravescentia
566 2843 619 2863 non
647 2833 844 2867 permitterent,
863 2831 972 2860 tandem
989 2840 1039 2859 an—

1088 2245 1184 2266 omnes
1205 2237 1304 2264 taedere
1321 2236 1497 2271 concor-dite),
1519 2236 1632 2269 insuper
1649 2235 1731 2262 etiam
1753 2234 1816 2262 illas
1837 2235 1872 2260 ab

1088 2282 1254 2317 imperatore
1268 2282 1301 2309 ad
1320 2281 1398 2309 ﬁderit
1412 2281 1487 2316 pacis
1507 2282 1614 2308 sincere
1629 2280 1702 2307 inita:
1716 2279 1872 2306 faciendam

1086 2327 1226 2354 afl‘ectatas
1243 2334 1384 2362 pinnarum
1399 2326 1431 2352 ab
1445 2325 1572 2353 Ecclesia:
1586 2325 1795 2352 mansuetudine
1811 2326 1875 2352 alie~

1087 2381 1185 2401 narum
1205 2373 1366 2400 atrocitates
1381 2372 1579 2407 improbantes,
1598 2371 1695 2406 frigide
1710 2371 1820 2405 legatos
1842 2378 1875 2399 ac

1087 2420 1266 2454 contemptim
1285 2419 1413 2450 habuere,
1430 2426 1480 2446 nec
1493 2426 1541 2446 eos
1555 2418 1608 2445 nisi
1628 2425 1689 2446 sero
1702 2419 1744 2445 vix
1762 2418 1873 2445 tandem

1089 2471 1116 2494 et
1129 2474 1201 2500 aegre
1215 2466 1246 2493 ad
1262 2473 1359 2501 papam
1378 2465 1590 2492 introduxerunt
1604 2484 1612 2497 ,
1628 2471 1662 2492 eo
1677 2463 1787 2491 demunt
1810 2471 1875 2491 suc-

1089 2519 1168 2540 cessu
1187 2512 1343 2547 legationis.
1360 2516 1389 2539 ut
1406 2511 1554 2545 imperator
1577 2518 1639 2538 cum
1665 2511 1723 2537 suis
1742 2514 1872 2544 tanquam

1090 2557 1228 2588 illusores.
1241 2562 1268 2585 et
1282 2557 1513 2585 ostentationibus
1528 2556 1727 2592 suppliciorum
1741 2556 1775 2583 ad
1787 2556 1873 2583 simu-

1089 2603 1209 2635 laudam,
1221 2610 1302 2638 quam
1316 2609 1377 2629 vere
1387 2609 1441 2629 non
1455 2601 1584 2633 inierant.
1595 2601 1771 2629 concordiant
1784 2600 1873 2632 abusi,

1091 2647 1259 2675 anathemati
1276 2646 1487 2682 subjicereutur.
1503 2645 1562 2679 Quo
1585 2646 1658 2673 facto
1679 2646 1784 2680 legatos
1799 2645 1873 2672 nulla

1091 2693 1219 2728 dignatus
1245 2691 1440 2719 benevolentia
1461 2695 1507 2718 aut
1535 2691 1649 2718 honoris
1672 2690 1874 2725 signiﬁcatione

1091 2739 1268 2766 dimiserunt.
1289 2737 1369 2772 506
1391 2737 1454 2764 Haec
1476 2737 1523 2764 ubi
1541 2737 1696 2764 renuntiata
1718 2736 1874 2770 imperatori

1093 2793 1141 2820 per
1155 2784 1294 2812 Nicaenutn
1307 2789 1371 2812 sunt
1383 2788 1455 2818 (nam
1476 2782 1633 2810 Hcracleola
1649 2790 1681 2809 co
1693 2782 1792 2809 itinere
1805 2781 1877 2808 obie-

1095 2831 1148 2864 rat)
1168 2829 1356 2864 indignissime
1372 2830 1443 2860 tulit.
1459 2829 1526 2856 adeo
1538 2833 1567 2855 ut
1582 2836 1643 2856 cum
1662 2828 1733 2855 inter
1749 2835 1829 2856 sacra
1844 2828 1877 2854 dc
