1944 3067
110 141 164 173 973

596 144 645 174 DE
665 143 861 174 lillCll.\ELE
882 144 1112 175 l'.\l..l-IOLOGO
1132 146 1208 176 LIB.
1231 145 1280 175 l'l.

1685 145 1738 176 97L

108 198 199 232 ψυχῆς
215 198 427 231 καταστάσεσιν,
445 199 601 236 ὑπέροιρρυς
626 201 655 228 δὲ
669 202 728 233 ταῖς
745 202 893 237 ὲνευχῖαις,
909 201 933 229 Α
946 199 992 226 τοῦ
1010 201 1139 236 φρουρίου
1169 201 1388 236 uagae-dinosa.
1420 203 1467 228 καὶ
1488 201 1520 235 δὴ
1537 202 1738 236 ἐπιπτήταντες

109 243 140 274 ξα
148 242 205 275 ιθδς
224 242 273 278 τὴν
286 243 376 279 τρίχα,
404 245 450 271 καὶ
467 245 628 282 ὺπεραύχην
645 248 676 273 ὲκ
690 247 808 283 ψυχικοῦ
826 256 897 280 τινος

107 289 244 324 ὲκθὲρμου
262 291 421 326 κινήματος.
435 289 518 326 Οἶμαι
530 292 558 318 δὲ
573 293 721 321 κάντεῦθεν
736 295 784 329 τὴν
799 295 897 328 ὀνομα-

109 335 172 361 σὶαν
199 337 285 370 σχεῖν.
313 337 391 372 παρὰ
408 337 457 373 τὴν
473 339 541 374 προς
561 338 629 371 Td);
654 341 812 376 ὁμοιότητα.
826 343 896 376 Προ-

108 382 239 415 αχθέντες
258 382 347 409 τοίνυν
363 385 423 415 ταῖς
441 385 554 420 τόλμαις
570 387 594 412 oi.
613 387 709 414 Ἰταλοὶ
725 389 770 414 ἐπὶ
787 389 820 414 τὰ
833 388 897 414 Βελι

107 427 233 462 λάγραδα
261 429 369 463 πρῶτον
394 429 496 464 ὥρμων
513 431 550 463 ὡς
567 433 596 465 ἐξ
621 433 709 467 αὐτῆς
725 434 896 469 αἱρήσοντες.

109 472 146 498 Τὸ
161 473 189 499 δέ
205 482 236 507 γε
254 474 385 510 φρούριον
404 476 481 503 ἔνθεν
494 477 544 511 μὲν
559 477 604 504 τὸν
619 477 691 505 οὕτω
708 488 764 510 πως
782 479 898 514 λεγόμε-

108 527 154 544 νον
168 521 323 555 ἐπιχωρίως
340 521 473 557 ’Δσούνην
487 524 610 558 ποταμὸν
626 526 823 561 προῖσχᾶμενον
837 526 898 553 ἐπί-

109 566 200 592 κειταί
216 567 240 592 oi
260 568 330 594 κατὰ
346 568 478 604 πλευρὰν,
497 570 566 605 πλὴν
591 572 641 598 οὐκ
659 572 702 598 ἐπ’
719 573 896 608 ἀγχωμάλου,

109 611 170 637 ἀλλ’
185 613 322 647 ἐκκρεμὲς
343 614 555 651 πλημμυροῦντι
573 617 647 644 κάτω
663 619 896 653 γεωλοφούμενον·

109 656 140 686 οὗ
157 659 188 694 δὴ
206 661 251 686 καὶ
264 661 363 693 ἔξωθεν
379 662 486 697 ἐμϐόλῳ
499 663 552 689 τινὶ
572 665 723 700 σκευαστῷ,
736 666 773 697 ὡς
790 667 826 701 μὴ
842 667 898 698 τοῖς

110 706 311 740 ἐπιτιθεμένοις
321 707 445 742 ἐμποδὼν
464 709 621 744 ξτταμένοις
636 710 793 743 κωλύοιντο,
805 712 899 745 ὑδρεύ-

109 760 187 778 ονται
200 752 336 787 ὁσημέραι
349 754 396 780 τοῦ
413 755 536 789 ποταμοῦ
555 756 687 788 πίνοντες.
706 757 790 784 Τὸσον
815 758 842 784 δὲ
859 758 897 793 τῷ

111 798 261 833 φρουριῳό
277 800 398 834 ποταμὸς
414 801 579 835 παράκειται
601 802 666 829 ὥστ’
695 803 748 829 ἀπὸ
777 804 898 837 ἐγγίονος

111 843 176 875 θέας
199 845 263 876 τοὺς
278 845 354 877 ὲντδς
369 846 511 881 σαρίτταις
539 847 683 882 ἀπείργειν
705 850 768 880 τοὺς
783 849 895 884 ἐμποδί-

113 888 222 921 ζοντας,
239 891 286 917 καί
298 891 324 923 γ’
339 891 375 923 ὡς
391 892 503 925 πέλταις
519 893 558 929 τῷ
581 895 755 929 σκεπάσματι
771 896 834 927 τοὺς
855 895 896 930 ἐφ’

113 935 187 971 ὕδωρ
204 937 292 969 ἰόντας
310 938 438 973 χρῆσθαι.
461 940 522 966 Ἐπὶ
547 940 648 974 θάτερα
662 941 690 967 δὲ
710 941 805 968 τούτου
818 942 897 976 λόφος

111 981 205 1016 ἕτερος
223 983 383 1018 ὐπερανέχει
397 985 446 1019 τῆς
468 986 603 1019 πεδιάδος,
619 988 785 1023 καταντικρὺ
802 988 898 1022 κείμε-

111 1035 168 1058 νος⁹
194 1025 224 1054 οὗ
247 1028 279 1064 δὴ
306 1030 351 1055 καὶ
373 1031 495 1065 ποταμὸς
514 1032 626 1064 Βοώτης
649 1033 796 1068 λεγόμενος
819 1034 898 1066 ἄλλος

113 1072 287 1107 πλημμυρῶν
306 1074 374 1100 κατὰ
393 1075 479 1110 μέσην
491 1077 621 1111 ἀπείργει
638 1078 672 1104 τὰ
688 1079 803 1106 Κάνινα.
822 1081 899 1115 Παμ-

112 1118 212 1154 πληθεὶ
224 1118 287 1153 γοῦν
300 1121 401 1146 ἐκεῖνον
415 1129 448 1147 πε
453 1124 646 1158 ραιωσάμενοι,
657 1126 842 1160 κατασχόντες
853 1127 899 1153 τὸν

111 1162 195 1197 λόφον
211 1165 364 1201 μετεώρους
380 1165 462 1199 ὄντας
480 1168 526 1194 ἐπὶ
546 1168 584 1204 τῷ
601 1169 724 1204 μέλλοντι
746 1171 821 1206 φόϐῳ
836 1173 900 1204 τοὺς

112 1255 189 1283 sibus
207 1256 364 1290 despectus,
383 1256 468 1286 ﬂavus
483 1259 585 1292 crines,
608 1262 716 1289 cervice
748 1262 899 1292 insolenter

112 1302 186 1329 elata
212 1303 335 1331 incitatis
360 1304 570 1341 circumagenda
595 1308 716 1336 molibus
745 1311 897 1337 naturalem

112 1349 259 1383 quemdam
280 1350 406 1376 ardorem
436 1351 604 1385 praeferens;
634 1353 706 1380 unde
736 1355 897 1382 credideuim

111 1401 177 1420 eum
195 1394 271 1422 Rhos
284 1400 411 1422 vocatum
424 1404 457 1423 ex
470 1397 651 1425 similitudine
659 1399 758 1434 capitis
768 1400 827 1435 ejus
841 1407 897 1429 tum

111 1446 200 1466 coma:
210 1444 266 1467 tum
275 1441 365 1469 vultus
371 1442 464 1470 colore
471 1443 652 1476 rubescentis,
663 1453 724 1472 cum
735 1451 799 1472 nota
807 1447 899 1481 specie

113 1484 252 1519 phalangii
267 1485 345 1512 Rhox
365 1486 449 1514 dicta.
463 1487 519 1515 Ista
545 1488 629 1524 igitur
651 1489 815 1518 confidentia
838 1491 899 1519 itali

113 1534 237 1563 ruentes.
261 1531 410 1560 admovent
427 1540 456 1559 se
480 1533 599 1567 primum
624 1534 811 1571 Bellagradis:
828 1537 900 1565 arcis

114 1576 141 1604 id
175 1583 284 1610 nomen,
316 1585 397 1612 quam
427 1577 510 1613 510
539 1579 629 1614 primo
660 1587 690 1608 se
725 1587 902 1615 speraverant

114 1623 219 1657 impetit
241 1628 382 1657 capturos.
406 1624 494 1660 Hujus
519 1629 610 1652 autem
641 1625 704 1653 talis
732 1626 840 1661 quidem
861 1633 903 1656 est

114 1668 196 1696 situs.
205 1667 292 1696 Habet
302 1669 364 1697 hinc
374 1671 485 1705 quidem
499 1675 659 1705 praetentum
669 1680 776 1700 amnem
793 1674 901 1708 propria

115 1714 305 1748 indigenarum
341 1715 433 1751 lingua
472 1722 598 1744 vocatum
629 1717 761 1747 Asunem.
792 1719 903 1753 Adjacet

114 1765 207 1787 autem
225 1761 300 1788 amni
319 1768 366 1787 arx
382 1769 397 1788 a
413 1761 508 1795 latere,
523 1770 577 1790 non
595 1763 678 1798 plano
702 1772 779 1800 aequa
794 1772 900 1799 campo,

115 1806 165 1834 sed
182 1811 311 1842 suggestu
324 1808 440 1842 quodam
456 1808 580 1836 eminens
604 1809 689 1837 nativi
715 1810 804 1841 collis.
822 1804 902 1845 cujus

115 1853 203 1880 imum
218 1853 306 1880 solum
333 1853 433 1882 ﬂuvius
459 1854 547 1882 alluit.
575 1853 616 1882 Ex
644 1862 698 1890 quo
727 1863 761 1883 ne
790 1856 902 1884 haurire

115 1899 150 1926 ad
169 1898 360 1933 quotidianum
375 1906 456 1926 usum
473 1899 564 1927 hostili
579 1899 605 1927 vi
631 1900 793 1934 priesidiarii
811 1901 903 1936 probi-

115 1945 258 1977 berentur,
288 1949 446 1979 protensum
463 1952 478 1972 a
496 1945 634 1973 radicibus
663 1945 725 1973 clivi
742 1946 774 1973 ad
802 1947 901 1975 ﬂumen

116 1995 238 2025 aggestze
261 1991 341 2018 molis
367 1991 510 2018 brachium
537 1992 654 2027 tegebat,
682 1999 750 2026 opus
775 1993 839 2020 olim
868 1993 902 2020 ad

116 2036 264 2063 dubiorum
285 2037 445 2064 discrimina
468 2041 621 2073 temporum
650 2045 785 2074 paratum,
816 2039 902 2068 Tanta

117 2090 200 2116 porro
223 2084 313 2110 amnis
334 2083 366 2110 ad
394 2091 483 2111 arcem
509 2084 609 2111 vicinia
638 2089 690 2118 est,
709 2090 739 2112 ut
757 2086 804 2121 qui
822 2094 853 2114 ex
869 2095 903 2115 eo

116 2128 214 2162 aquari
236 2128 343 2156 externi
365 2129 525 2158 obsidentes
544 2130 649 2163 volunt.
673 2131 696 2158 si
722 2121 749 2158 id
778 2132 821 2159 ubi
839 2140 903 2168 pro-

117 2177 210 2202 ximus
225 2179 263 2202 est
282 2180 446 2209 conspectus
466 2181 583 2209 tentent,
615 2177 726 2205 sarissis
755 2179 829 2205 intus
855 2179 902 2206 de-

116 2222 240 2257 gentium
275 2223 394 2257 contigui
422 2223 488 2249 sint.
522 2222 612 2256 Quare
645 2224 753 2252 nonnisi
788 2227 904 2258 protecti

117 2270 200 2304 peltis
232 2269 258 2297 id
289 2275 348 2297 tuto
374 2269 581 2305 aggrediantur.
605 2270 643 2297 Ex
665 2271 783 2299 adverso
812 2277 904 2299 autem

118 2316 199 2350 hujus
213 2323 293 2350 quem
313 2323 361 2343 arx
377 2315 477 2343 insidet
501 2316 589 2348 collis,
618 2316 689 2344 alius
707 2317 809 2344 eminet
823 2324 905 2351 supra

117 2369 212 2396 aequor
231 2369 389 2395 camporum
406 2362 537 2394 tumulus,
555 2362 588 2389 ad
604 2369 686 2396 quem
700 2362 768 2390 alter
793 2362 905 2395 ﬂuvius,

117 2406 221 2433 Bonses
233 2407 408 2441 appellatus.
422 2407 560 2440 proﬂuens
588 2412 615 2435 et
640 2407 780 2443 planitiem
808 2415 906 2436 secans

118 2453 235 2480 mediam
261 2453 330 2480 lines
361 2453 530 2481 Caninorum
561 2454 676 2481 dirimit.
705 2453 818 2480 Booscm
840 2461 906 2488 ergo

118 2506 228 2526 amnem
252 2499 387 2526 universae
417 2499 576 2526 Latinorum
605 2500 692 2534 copia:
725 2503 906 2534 transgressa:

117 2546 256 2572 tumulum
270 2554 351 2581 quem
364 2545 421 2572 dixi
453 2550 602 2580 occupant,
634 2551 662 2574 et
685 2554 752 2574 sane
774 2546 906 2573 sollicitos

117 2596 343 2626 quo'apparatus
368 2591 419 2618 iste
444 2591 581 2619 desineret
600 2591 825 2626 Bellagradenscs
851 2592 906 2617 cir—

117 2637 300 2671 cumsident;
320 2640 442 2672 ‘moxque
471 2638 590 2665 ballistis
619 2637 739 2665 admotis
760 2637 905 2673 graudium

118 2685 235 2712 incussu
254 2684 374 2718 lapidum
391 2683 557 2711 labelactare
574 2692 680 2711 murum
697 2684 905 2719 aggrediuntur.

118 2729 241 2764 Perlata,
263 2730 408 2758 velocitate
435 2737 553 2762 summa,
586 2730 667 2764 hujus
697 2729 906 2764 oppugnationis

120 2776 193 2802 I'ama
211 2775 243 2802 ad
259 2775 540 2809 auresimperatnris,
566 2775 658 2802 subito
685 2774 729 2802 ille
754 2773 826 2801 haud
859 2782 906 2809 pa-

119 2831 182 2850 rum
199 2822 380 2850 conturbatus
393 2827 455 2849 est:
472 2823 556 2849 etiam
573 2829 659 2855 usque
686 2821 718 2847 ad
736 2821 845 2848 anxiam
873 2821 907 2848 de

119 2875 228 2895 summa
247 2867 523 2895 rcruml’ormidinem
551 2867 647 2894 nuntio
678 2866 723 2893 tali
751 2866 905 2900 perculsus.

951 247 1136 282 μηχανήματα
1168 247 1319 282 πετροϐὁλα
1347 241 1452 274 ἐκεῖθεν
1485 247 1575 282 βολαῖς
1613 247 1737 283 ἰσχυραῖ;

950 292 1067 318 ἐκάκουν
1091 292 1121 318 τὸ
1148 293 1248 328 τεῖχος.
1271 293 1303 319 Ἣ
1318 293 1420 320 τούτων
1437 292 1502 326 γοῦν
1518 293 1596 327 φήμη
1623 293 1735 328 ἀπτέρῳ
1767 324 1770 329 _

950 338 1029 373 τάχει
1045 338 1125 374 μέχρι
1140 340 1187 366 καὶ
1206 339 1354 373 βασιλικῶν
1369 339 1460 365 ἀκοῶν
1478 339 1585 373 φθάνει,
1603 340 1651 366 καὶ
1673 339 1737 370 τοὺς
1768 332 1778 372 ἶ,

948 383 1096 418 λογισμοὺς
1119 385 1251 419 ταρὰσσει
1280 385 1318 418 τῷ
1351 384 1473 420 βασιλεῖ,
1504 387 1553 412 καὶ
1583 386 1647 421 περ).
1682 385 1737 412 τῶν

948 429 1016 455 ὅλων
1029 430 1219 463 τετρεμαίνειν
1236 431 1364 458 ποιεῖται.
1382 430 1468 464 Θυμῷ
1482 431 1535 465 γὰρ
1565 431 1737 465 συγκράτους

948 475 1048 509 τόλμας
1076 474 1132 510 πῦρ
1157 475 1239 510 ἐλαίῳ
1265 476 1432 510 μιγνύμενον
1452 476 1485 511 ἣν
1515 485 1556 507 τις
1581 476 1666 510 λέγοι,
1687 476 1737 502 οὐκ

948 521 981 548 ἂν
993 522 1043 556 τῆς
1059 522 1161 554 εἰκῆνος
1176 522 1306 557 ἁμάρτοι,
1323 523 1390 549 Οὐδὲ
1403 523 1457 557 γὰρ
1473 523 1537 550 ἄλλο
1559 532 1600 553 τις
1615 521 1672 558 εἶχε
1689 532 1736 549 το-

949 568 1047 600 πάζειν
1075 569 1164 595 ἐκεῖνο
1179 569 1194 603 ἢ
1216 569 1264 600 τὰς
1281 569 1471 604 ὲπιαχεοεὶτας
1486 569 1615 604 δυνάμεις
1635 570 1667 595 ἐκ
1683 578 1739 603 μη-

949 614 1039 648 χανῶν
1053 614 1138 640 τόαων
1163 613 1207 640 διὰ
1224 614 1361 649 θαλάσσῃ
1380 615 1462 649 μηδὲν
1479 614 1555 643 ἰέναι.
1573 614 1673 646 ταύτας
1685 615 1738 648 ἣίη

947 660 992 687 διὰ
1009 659 1093 694 ξηρᾶς
1110 661 1223 691 εὐοδεῖν,
1243 660 1324 687 πλέον
1347 660 1462 695 ὲχούτας
1483 661 1588 687 ἐκείνου
1613 661 1643 686 τὸ
1659 660 1739 686 δύνα-

949 707 1011 733 σθαι
1027 706 1064 742 τῷ
1080 707 1125 733 ἀπ’
1142 707 1227 741 αὐτῆς
1244 707 1368 741 βαλϐῖδος
1382 707 1432 741 τῆς
1447 707 1535 741 μάχης
1545 706 1738 740 κερδαίνοντες

948 753 1062 787 ἀποζῆν.
1082 752 1124 788 [Ρ.
1142 752 1206 788 548]
1224 752 1270 788 Τῷ
1285 762 1326 779 τοι
1347 754 1393 779 καὶ
1408 752 1592 787 καταφεύγειν
1620 753 1671 786 μὲν
1691 752 1738 777 ἐπὶ

948 797 1014 825 Θεὸν
1026 798 1107 831 ἔγνω,
1123 799 1278 834 ἑτοιμάζειν
1287 799 1313 825 δὲ
1328 799 1374 824 καὶ
1387 798 1518 832 δυνάμεις
1531 798 1580 829 τὰς
1596 799 1740 833 ἀποχρών-

946 853 1000 876 τως
1018 844 1183 877 ἀνθεξούσας
1200 844 1310 879 πλῆθος,
1330 845 1366 876 ὡς
1383 844 1440 879 ἅμα
1456 844 1494 880 τῷ
1511 845 1628 879 φανῆναι
1643 845 1740 879 στῆναι

952 891 1105 925 σφαλέντας
1117 891 1171 917 κάκ
1190 891 1238 925 τῆς
1257 891 1369 926 πρώτης
1393 891 1490 925 πείρας
1507 890 1538 917 τὸ
1557 891 1652 925 πρόσω
1685 900 1737 925 μο-

953 937 1049 968 οὸντας
1066 936 1176 963 ἄϐατον.
1194 937 1233 962 Τὰ
1248 937 1297 970 μὲν
1308 935 1354 962 οὖν
1370 936 1438 971 πρὸς
1451 935 1518 962 Θεὸν
1533 935 1620 966 οὕτως
1633 935 1739 970 ὲξητοι-

954 984 1056 1018 μάζετο
1067 992 1073 997 ·
1101 983 1276 1019 παρήγγελτο
1292 982 1345 1017 γὰρ
1364 982 1523 1018 πατριάρχῃ
1539 991 1567 1008 τε
1585 982 1632 1008 καὶ
1647 983 1741 1017 ἀρχιεο

953 1033 1030 1069 ρεῦσι
1048 1033 1155 1067 σύναμα
1173 1032 1253 1058 παντὶ
1266 1031 1304 1066 τῷ
1328 1031 1421 1067 κλήρῳ
1447 1031 1556 1065 πρῶτον
1573 1030 1624 1064 μὲν
1641 1030 1741 1056 πάννυ-

954 1089 1001 1115 χον
1026 1079 1144 1106 ἱκετείαν
1171 1078 1239 1113 προς
1254 1077 1320 1104 Θεὸν
1344 1078 1403 1104 κατ’
1418 1078 1531 1104 ἐκείνοιν
1560 1076 1739 1111 ποιήσασθαι.

951 1123 1014 1152 εἶτα
1032 1125 1061 1151 δὲ
1079 1125 1125 1159 ἃμ·
1141 1125 1177 1159 ἕῳ
1196 1123 1369 1159 πατριάρχην
1388 1131 1418 1149 τε
1431 1124 1477 1149 καὶ
1490 1123 1538 1149 σὺν
1555 1122 1628 1157 αὐτῷ
1643 1122 1674 1154 ἒξ
1690 1122 1718 1148 ἅτ
1730 1136 1739 1142 -

952 1171 1016 1203 hoc
1029 1171 1083 1197 τῶν
1109 1170 1281 1204 προῦχίντων
1298 1169 1460 1204 ἀρχιερέων,
1487 1169 1536 1200 τὰς
1553 1169 1628 1205 ἱερὰς
1644 1168 1740 1199 στολὰς

953 1261 1105 1296 chutabat
1136 1259 1262 1287 videlicet
1292 1259 1403 1286 incitari
1431 1258 1544 1285 Latinos
1560 1258 1586 1284 lu
1604 1257 1676 1284 hanc
1699 1258 1739 1284 ir-

952 1308 1105 1343 ruptiouem
1138 1307 1162 1332 vi
1192 1305 1295 1340 duplici
1317 1309 1434 1338 utraque.
1459 1303 1627 1335 vehementi,
1656 1302 1696 1329 ira
1713 1306 1741 1329 et

950 1353 1076 1385 audacia,
1092 1359 1207 1387 quarum
1228 1350 1310 1378 simul
1326 1351 1469 1378 mistaruin
1483 1357 1516 1377 ex
1531 1353 1625 1376 irutuo
1640 1348 1741 1375 crescit

952 1399 1093 1426 euusortio
1106 1397 1254 1432 pernicies,
1271 1396 1346 1424 velut
1363 1403 1426 1423 cum
1444 1395 1498 1430 igni
1514 1395 1607 1422 oleum
1619 1394 1739 1422 additur.

953 1444 1024 1479 lii-go
1053 1443 1130 1478 511
1152 1447 1281 1477 expertus
1302 1445 1405 1477 quanta
1428 1441 1589 1468 diﬂicultate
1606 1444 1646 1467 tot
1672 1439 1741 1466 arti-

955 1489 1025 1517 ﬁciis
1039 1492 1218 1520 tractatuum,
1231 1492 1269 1514 tot
1280 1488 1396 1523 objectis
1408 1486 1584 1522 apparatibus
1597 1485 1740 1516 classium,

914 1544 936 1573 ο
951 1543 1022 1571 aegre
1039 1535 1170 1562 hactenus
1184 1534 1283 1568 vixque
1301 1534 1466 1564 obstitisset,
1486 1540 1519 1560 ne
1549 1532 1617 1559 mari
1638 1530 1741 1558 Latiam

953 1580 1040 1616 cupiat
1078 1580 1105 1608 in
1134 1585 1257 1608 nostram
1291 1579 1480 1607 continentem
1509 1578 1740 1612 impurtarentur;

953 1629 1049 1655 videns
1062 1627 1119 1662 jam
1134 1634 1181 1655 eas
1196 1627 1279 1662 potiri
1302 1633 1409 1661 campo,
1425 1630 1452 1652 et
1479 1624 1638 1659 expeditum
1666 1623 1742 1651 deiu-

953 1683 1018 1709 ceps
1028 1674 1194 1710 planumque
1209 1673 1331 1701 terrestri
1345 1680 1492 1707 progressu
1511 1672 1538 1698 in
1556 1671 1614 1706 ipsa
1631 1670 1739 1698 visceva

954 1719 1062 1755 imperii
1076 1720 1128 1746 iter
1155 1719 1296 1749 insistere,
1316 1717 1411 1744 ultimo
1437 1716 1488 1744 sibi
1505 1720 1603 1744 conatu
1623 1719 1739 1742 conten-

953 1765 1070 1792 dendum
1094 1766 1241 1797 statuebat,
1257 1772 1311 1800 quo
1339 1764 1422 1791 istum
1444 1764 1564 1798 primum
1584 1761 1740 1789 retunderet

953 1811 1094 1846 impetum;
1107 1818 1169 1838 nam
1184 1818 1217 1838 ro
1229 1810 1251 1838 si
1266 1818 1317 1838 non
1329 1811 1417 1838 solum
1431 1804 1542 1845 impune
1556 1810 1741 1845 defungeretu-

953 1863 1007 1890 tur.
1017 1858 1063 1886 sed
1080 1867 1113 1886 cx
1127 1859 1179 1887 hoc
1196 1859 1277 1887 etiam
1294 1867 1355 1887 cum
1373 1859 1464 1886 fructu
1482 1865 1626 1894 opermque
1643 1858 1734 1893 pretio

953 1905 1084 1936 redirent.
1101 1905 1128 1932 in
1154 1909 1259 1932 tantum
1290 1904 1431 1939 augendos
1459 1905 1609 1940 apparebat
1635 1904 1740 1931 feroces

954 1950 1074 1985 ipsorum
1087 1951 1207 1984 animos,
1224 1956 1254 1979 ut
1271 1951 1306 1979 iis
1330 1951 1426 1979 obsisti
1444 1951 1563 1986 amplius
1602 1950 1739 1985 nequiret.

953 1996 1038 2030 Igitur
1051 2000 1081 2023 ut
1094 1996 1120 2023 in
1139 2002 1194 2024 tam
1211 1996 1322 2031 ancipiti
1338 1996 1499 2023 discrimine
1513 2003 1629 2023 summa:
1647 2003 1740 2022 rerum

953 2042 1107 2070 faciendum
1120 2043 1233 2070 omnino
1250 2043 1302 2070 sibi
1316 2042 1432 2077 putavit,
1463 2046 1492 2069 ut
1514 2041 1547 2068 ad
1574 2040 1659 2068 Deum
1675 2045 1739 2067 ante

953 2089 1045 2116 omnia
1060 2093 1230 2116 recurreret:
1252 2088 1334 2116 simul
1348 2092 1439 2115 tamen
1460 2087 1561 2115 deinde
1581 2091 1634 2114 tam
1649 2094 1743 2113 numn-

953 2142 1030 2163 rosas
1039 2140 1150 2169 tamque
1159 2134 1263 2162 validas
1272 2141 1306 2161 eo
1320 2134 1475 2161 destinaret
1484 2133 1590 2168 copias.
1605 2137 1634 2159 ut
1645 2140 1741 2159 COI'lllll

955 2180 1066 2215 objectu
1096 2180 1156 2208 solo
1199 2179 1304 2214 epressi
1330 2183 1459 2213 retroque
1485 2178 1554 2205 trusi
1584 2185 1613 2205 re
1642 2177 1742 2204 infecta

922 2216 944 2243 θ
960 2227 1053 2254 hostes
1074 2225 1163 2262 primo
1196 2225 1386 2260 experimento
1411 2224 1559 2254 discerent.
1576 2231 1657 2258 quam
1688 2231 1742 2250 non

957 2272 1038 2300 facile
1068 2271 1166 2307 perviae
1194 2272 1316 2306 ipsorum
1347 2270 1431 2297 armis
1463 2269 1609 2296 ulteriores
1632 2268 1742 2303 imperii

959 2321 1084 2354 regiones
1098 2317 1197 2350 forent,
1219 2324 1336 2352 quarum
1360 2317 1455 2349 utique
1480 2315 1562 2342 limen
1592 2315 1679 2349 ipsum
1710 2321 1743 2341 ac.

958 2366 1071 2394 limitem
1102 2365 1226 2392 viderent
1254 2361 1425 2391 ineluctabili
1452 2361 1573 2396 potentia
1600 2360 1741 2387 vallatum.

959 2410 1046 2437 Porro
1061 2417 1123 2444 quae
1138 2409 1171 2436 ad
1198 2408 1243 2435 Dei
1277 2406 1499 2442 propitiatiouem
1530 2406 1693 2436 attinebant,
1715 2405 1742 2432 in

959 2457 1032 2484 hunc
1052 2456 1161 2483 modum
1180 2458 1333 2489 praeparata
1360 2458 1437 2480 sunt.
1469 2451 1661 2479 Denuutiatum
1695 2458 1743 2484 pa-

959 2503 1099 2534 triarchae.
1130 2501 1279 2537 episcopis,
1313 2500 1443 2527 universo
1456 2499 1530 2526 clero
1556 2504 1608 2529 est.
1627 2499 1743 2533 primum

957 2546 1069 2580 quidem
1085 2549 1114 2572 ut
1132 2548 1239 2572 noctem
1262 2542 1342 2569 simul
1363 2547 1447 2569 lotam
1460 2541 1631 2577 imploraudo
1646 2546 1742 2568 contra

959 2591 1052 2619 hostes
1069 2590 1113 2618 Dei
1129 2589 1230 2617 auxilio
1249 2588 1409 2624 pervigilem
1425 2588 1567 2619 ducerent,
1582 2587 1633 2614 sub
1659 2595 1743 2614 auro-

959 2645 1016 2663 ram
1033 2643 1099 2663 vero
1114 2635 1168 2662 diei
1186 2634 1358 2667 iitSequctttis
1374 2633 1543 2668 patriarcha,
1561 2640 1607 2660 sex
1638 2633 1700 2660 aliis
1729 2641 1744 2658 e

959 2681 1104 2716 praecipuis
1117 2680 1308 2714 episcoporum
1324 2685 1418 2705 secum
1436 2677 1585 2713 assumptis
1603 2681 1630 2705 et
1657 2678 1743 2705 sacris

958 2735 1054 2755 omnes
1070 2727 1148 2755 stolis
1172 2724 1272 2756 induti,
1295 2725 1405 2752 cunctis
1434 2725 1544 2752 interim
1571 2725 1633 2752 aliis
1659 2725 1743 2752 Deum

958 2773 1161 2805 invocantibus,
1181 2771 1400 2800 benedictionem
1419 2771 1490 2798 sacri
1506 2771 1558 2799 olei
1590 2771 1742 2800 solemnem

959 2820 1010 2847 rite
1037 2823 1216 2855 peragerent;
1246 2825 1303 2845 tum
1334 2824 1445 2854 paratos
1472 2819 1506 2847 ad
1539 2818 1566 2846 id
1597 2818 1745 2847 fasciculos

959 2872 1160 2902 segmenturum
1178 2865 1272 2902 papyri
1297 2869 1461 2894 consecrato
1503 2865 1640 2901 tingerent
1669 2867 1742 2895 oleo.
