1944 3067
227 118 295 151 Ῐθ;)3

674 121 706 151 Ρ.
727 119 880 151 POSSINI
901 119 1225 154 OBSERVATIONUM
1247 123 1320 154 LIB.
1344 124 1368 154 Ῐ.

1776 123 1842 154 10ῗὰ

225 176 325 203 tltversi
350 175 457 210 generis
481 175 597 203 militum
626 175 816 203 contuberniis
837 180 865 202 et
885 175 1009 210 hospitiis
1024 178 1046 206 Δ
1061 178 1192 205 vetuisset
1217 178 1378 207 nominatim
1406 187 1441 207 ne
1465 180 1548 207 etiam
1570 181 1630 212 eius
1657 178 1843 207 confessarius

226 223 312 250 fuisse
324 223 410 250 divisa
422 242 429 254 ,
441 222 483 249 ita
508 227 536 249 ut
551 221 743 256 Paphlagones
757 221 830 248 verbi
846 221 932 256 gratia
954 227 1008 248 uno

226 270 252 296 in
270 268 370 303 oppido
392 269 538 295 stationem
557 268 709 300 haberent,
726 267 845 294 Thraces
875 267 902 293 in
930 266 984 293 alio
999 286 1007 298 ,

226 315 351 350 Phryges,
362 314 531 347 Macedones,
541 313 616 348 Mysi,
630 313 713 340 Cares
726 317 753 340 et
765 312 860 346 reliqui
870 312 1007 344 similiter,

225 362 307 390 atque
323 358 391 384 adeo
404 361 443 384 tot
457 363 550 384 essent
565 364 680 392 corpora
696 361 762 391 quot
773 357 869 391 allogia
883 356 940 384 sive
960 356 1009 383 lto-

225 403 304 438 spitia
324 407 371 430 aut
391 403 447 429 loca
467 402 588 429 hibernis
608 402 750 434 attributa,
774 402 846 429 unde
866 401 1009 428 invalucrit

225 454 252 475 ιιι
267 448 329 483 ipsa:
344 449 396 475 illa:
412 448 532 483 legiones
546 447 643 482 at/ogia
659 448 716 475 sive
730 447 827 482 allagia
840 447 1006 474 dicerentur.

224 494 287 521 lltec
298 494 319 520 si
336 494 426 520 ntinus
437 493 555 528 cuipiam
569 492 723 525 arriserint,
735 493 872 519 remittam
881 492 1008 527 equidem

219 542 285 576 ejus
304 547 387 567 causa
413 547 466 566 non
485 543 597 574 gravate
617 538 651 565 de
670 538 775 573 origine
791 545 823 565 ac
845 538 1006 565 notatione:

224 589 258 615 de
278 587 389 614 notione
412 586 521 620 quidem
540 585 615 612 vocis
640 592 737 612 vereor
759 589 789 611 ut
808 584 922 619 possim,
945 591 1006 611 cum

222 635 283 668 cjtls
307 638 446 660 auctorem
464 632 578 659 habeam
605 631 744 659 idotteum.
759 630 892 665 Georgius
908 631 1006 665 Acrop.

223 689 249 708 c.
265 681 299 707 59
327 679 413 710 Ilist.,
432 686 460 713 p.
478 678 512 705 (ili
527 677 572 704 ed.
594 676 674 711 “ego,
693 677 726 703 dc
746 676 860 710 quodam
875 675 1008 703 Constan-

222 726 281 753 tino
302 724 455 760 Margaritc,
479 723 595 757 primunt
609 723 676 749 dicit
693 722 776 749 fuisse
795 721 870 748 illum
892 721 1008 756 ἄρχοντα

223 771 346 805 ἀλλογίου
360 769 453 801 αὑτοῦ,
470 768 560 795 nimir'
575 775 599 794 λι
615 768 682 801 imp.
698 766 850 800 Theodori;
867 771 924 794 tum
944 773 1005 801 pag.

224 821 354 852 sequente
367 816 392 844 id
405 814 640 851 ipsuntes'pticans
651 813 703 840 ait:
722 813 750 839 '0
761 812 789 839 δὲ
804 812 927 848 βασιλεὺς
941 811 1007 838 Θεό-

219 865 306 898 δωρος
320 863 436 898 ἄρχοντα
448 861 498 895 τῆς
511 859 591 886 αὑτοῦ
612 859 791 893 κατωνόμακε
802 858 916 890 τάξεως.
931 856 1005 885 Con-

223 911 373 937 stantinum
390 907 559 941 Margaritent
571 913 651 941 quem
668 910 732 932 ante
752 905 858 932 dixerat
875 904 1004 938 ἀλλαγιου

221 956 355 990 (tantum;
370 955 498 989 ἄρχοντι,
523 959 596 980 nunc
613 956 690 979 vocat
705 951 823 986 ἄρχοντα
836 951 885 986 τῆς
904 950 1007 982 τάξεως

220 1002 378 1036 βασιλικῆς.
404 999 486 1034 igitur
513 999 585 1026 idem
609 998 686 1030 τάξις
708 1003 736 1025 et
757 997 894 1029 ἀλλάγιον.
910 996 1006 1029 Τάξεις

223 1053 313 1075 autem
327 1051 354 1073 et
366 1046 492 1080 τάγματα
504 1044 625 1080 legiones
640 1049 688 1070 aut
701 1043 826 1070 cohortes
845 1041 944 1070 Graecis
965 1043 1007 1070 di-

224 1102 282 1123 ctas
298 1094 358 1129 quis
372 1093 459 1120 nescit
477 1092 537 1126 (l)?

259 1140 340 1176 542
360 1138 526 1167 Ἁλῦανῑται
539 1146 565 1172 p.
582 1137 644 1165 557.
658 1136 720 1172 Agit
736 1136 770 1163 de
783 1136 880 1164 vicinis
891 1137 1007 1172 Dyrrha-

223 1187 287 1214 chio
303 1185 422 1221 populis,
439 1188 486 1210 attt
501 1183 592 1218 potius
605 1181 771 1209 suburbanis
789 1181 908 1208 rusticis.
924 1182 1005 1208 Alba-

226 1240 321 1259 norum
340 1230 477 1265 regionem
490 1229 517 1255 in
532 1228 687 1255 Macedonia
700 1227 860 1254 Ptolemaeus
871 1227 1005 1261 agnoscit.

225 1280 310 1307 Porro
326 1277 436 1312 antiqua
457 1275 614 1303 Macedonia
631 1273 777 1309 postremis
794 1274 867 1300 hisce
882 1272 1002 1300 Orienta-

220 1326 258 1353 lis
274 1323 381 1359 imperii
393 1321 562 1350 senescentis
575 1319 742 1354 temporibus
754 1319 780 1346 in
792 1324 909 1353 quatuor
921 1319 1006 1346 divisa

227 1373 316 1404 partes
334 1367 453 1403 priscum
474 1373 573 1393 nomen
596 1366 623 1391 in
641 1365 699 1391 sola
720 1364 920 1391 mediterranea
938 1364 1005 1391 reti-

225 1419 331 1442 nuerat.
345 1414 412 1440 Pars
425 1419 488 1438 vero
504 1411 563 1446 ejus
575 1410 694 1438 conlinis
710 1410 850 1437 Dalmatiae
862 1415 889 1437 et
902 1410 1006 1445 Illyrio)

226 1461 337 1488 Albania
352 1460 406 1494 jam
426 1463 500 1489 tunc,
521 1457 560 1483 uti
578 1461 605 1484 et
622 1456 714 1487 hodie,
731 1456 937 1491 appellabatur;
961 1456 1006 1483 ttbi

1058 222 1196 258 Josephus
1210 224 1298 259 ipsum
1315 233 1416 253 arcano
1430 225 1602 253 conﬁtentem
1618 225 1748 260 deinceps
1765 224 1843 252 audi-

1060 273 1101 295 ret
1110 273 1158 296 aut
1171 269 1335 297 absolveret.
1351 270 1380 297 Id
1395 274 1486 298 tamen
1502 270 1555 298 sibi
1569 270 1655 297 fuisse
1670 270 1842 304 prohtbitum

1059 314 1175 348 negabat
1189 314 1336 349 Iosephus.
1355 315 1428 343 Sane
1442 316 1546 343 scimus
1558 315 1758 343 dissimulando
1778 322 1843 350 per-

1058 359 1166 386 miisse
1182 361 1364 394 patriarcham
1387 365 1415 388 ut
1429 362 1583 396 Augustus,
1598 361 1660 388 licet
1673 369 1687 388 a
1703 368 1734 388 se
1749 361 1844 388 inter-

1058 404 1145 431 dictus
1159 405 1254 435 sacris.
1268 405 1355 440 aliqua
1371 409 1459 432 tatnen
1476 406 1684 440 participatione
1701 411 1842 432 sacrornnt

1059 454 1196 483 uteretur;
1218 456 1246 477 ut
1259 451 1388 478 distincte
1406 451 1585 486 Pachytncres
1601 450 1696 482 refert,
1714 451 1844 477 inconse-

1057 497 1196 530 quentiam
1214 497 1274 531 ejus
1291 497 1354 525 iacti
1376 506 1522 527 excusans.
1540 498 1559 525 l.
1577 506 1606 525 ttt
1619 519 1627 530 ,
1643 505 1667 525 c.
1686 498 1729 525 ll.
1749 497 1843 530 Quare

1058 542 1115 570 ﬁeri
1130 543 1218 577 potuit
1233 548 1261 570 ut
1277 548 1306 570 et
1318 543 1344 570 in
1360 544 1539 578 relinquendo
1557 544 1594 570 illi
1609 551 1658 570 usu
1671 543 1760 570 libero
1775 550 1843 569 con-

1057 587 1185 615 fessionis
1214 596 1320 616 arcanat
1351 589 1534 621 conniveret,
1562 596 1617 615 non
1654 586 1844 615 interdicendo

1057 631 1177 668 Josepho
1191 634 1250 668 ejus
1266 633 1433 661 eonl'essario
1448 642 1482 661 ne
1499 634 1551 669 ipsi
1569 633 1737 668 patuit-mia).
1751 640 1844 660 sacra-

1057 685 1179 707 mentum
1197 681 1323 715 privatim
1339 680 1518 708 ministraret.
1530 679 1596 707 Vidc
1609 688 1668 715 qua:
1680 680 1844 706 adnotamus

1058 735 1084 752 Vt
1092 725 1142 753 rbo
1161 726 1355 760 πνευματικός.

1071 797 1076 801 .
1098 772 1242 807 Ἁιαφορά
1269 781 1295 807 p.
1311 772 1373 800 575.
1392 772 1528 808 Ἀναφορά
1551 772 1596 799 hic
1617 777 1695 800 sonat
1711 771 1844 806 prolatio-

1059 827 1125 849 nem.
1140 824 1170 846 ut
1186 819 1248 846 alihi
1263 819 1398 854 προφορά.
1413 818 1512 846 Notum
1526 819 1599 846 enim
1615 818 1784 853 προφορικόν
1798 817 1843 843 λό-

1057 874 1105 899 γον
1118 865 1220 900 opponi
1233 865 1377 900 ὲνδιαϐέτῳ
1388 865 1458 900 apud
1468 864 1588 897 Graecos,
1599 869 1628 890 ut
1643 863 1714 898 apud
1730 862 1844 889 Latinos

1057 911 1205 946 opponitur
1233 918 1324 938 sermo
1347 918 1414 938 voce
1435 910 1557 945 prolatus
1578 914 1670 936 mente
1696 913 1842 942 concepto.

1058 956 1148 984 Videri
1166 956 1247 984 ctiam
1266 961 1356 991 potest
1371 955 1492 983 adhibita
1509 962 1559 982 vox
1573 963 1632 990 quae
1645 958 1757 989 propter
1768 961 1844 980 com-

1057 1003 1220 1038 positionem
1240 1009 1273 1030 ει
1290 1001 1482 1036 ρι-ιιροείιίοῐιε
1497 1001 1547 1028 ἀνὰ
1559 1021 1567 1033 ,
1582 1001 1774 1036 repetitionem
1797 1003 1845 1026 attt

1057 1049 1271 1084 resumptionem
1286 1047 1466 1082 significante,
1483 1047 1608 1074 innueret
1624 1046 1703 1073 istam
1721 1053 1844 1079 pronun-

1058 1094 1199 1122 tiationem
1216 1094 1287 1121 inter
1303 1093 1381 1129 543
1392 1101 1469 1121 sacra
1485 1093 1619 1128 publicam
1635 1092 1756 1119 nominis
1766 1099 1844 1126 papae

1058 1147 1111 1166 non
1127 1145 1202 1166 nunc
1218 1138 1336 1172 printum
1359 1137 1523 1170 institutam,
1539 1137 1586 1164 sed
1603 1144 1664 1164 cum
1687 1136 1754 1164 olim
1779 1140 1844 1163 ante

1058 1184 1176 1211 schisma
1194 1183 1291 1210 [uisset
1305 1183 1417 1215 usitata,
1431 1190 1504 1209 nunc
1519 1182 1685 1209 restitutam.

1099 1229 1202 1263 Ὰνέμα
1217 1229 1331 1262 πύργος
1356 1236 1383 1263 p.
1398 1228 1461 1255 378.
1482 1227 1519 1254 De
1538 1227 1643 1255 Joanne
1665 1226 1753 1254 Vecco
1778 1227 1843 1262 agit.

1056 1274 1151 1301 Turris
1167 1274 1223 1301 haec
1240 1275 1361 1305 Anemae,
1377 1280 1448 1307 quae,
1461 1273 1508 1300 ubi
1524 1277 1551 1300 et
1571 1272 1643 1299 unde
1656 1272 1694 1299 sic
1709 1272 1784 1299 dicta
1797 1273 1842 1304 sit,

1056 1322 1137 1349 docet
1155 1321 1232 1348 Anna
1247 1320 1398 1352 Comnena,
1414 1320 1434 1347 l.
1450 1328 1489 1348 ιιι
1508 1319 1653 1352 Alea-indis,
1670 1327 1686 1354 p
1716 1320 1780 1352 364,
1798 1320 1844 1347 u.i

1058 1371 1199 1402 postquam
1214 1366 1411 1400 deprehensam
1429 1365 1569 1392 Mieltaclis
1582 1366 1693 1393 Anemaz
1709 1364 1737 1390 in
1754 1364 1844 1399 intpw

1058 1417 1174 1440 morem
1190 1410 1314 1439 Alexium
1324 1411 1539 1445 conjurationem
1552 1410 1654 1441 retulit,
1669 1414 1697 1437 et
1707 1417 1737 1437 se
1753 1409 1843 1444 ipsam

1057 1466 1166 1485 curasse
1179 1457 1293 1484 dect-clm
1305 1457 1355 1491 ipsi
1370 1457 1396 1483 in
1408 1463 1515 1491 poenam
1527 1456 1718 1483 excaecationis
1728 1456 1842 1490 gratiam

217 1513 282 1535 erat
298 1503 522 1541 Dyrrltachiensis
536 1502 642 1531 civitas.
656 1501 736 1535 cujus
750 1510 828 1528 casus
843 1507 920 1529 terra!
931 1507 1006 1529 motu
1019 1507 1042 1537 C
1058 1504 1186 1531 damnato
1202 1502 1269 1535 lieri,
1288 1502 1381 1529 subdit
1396 1502 1507 1529 doctum
1522 1509 1583 1528 eum
1600 1502 1683 1528 fuisse
1699 1501 1726 1528 in
1743 1501 1841 1528 turrim

224 1559 325 1580 eversa‘.
348 1550 394 1577 hic
416 1552 594 1576 memoratur.
624 1546 661 1573 Ex
687 1547 801 1574 Albania
824 1555 905 1581 porro
934 1552 1006 1574 recte

219 1598 326 1635 gentile
342 1603 441 1624 nomen
458 1593 590 1623 formatur
607 1593 751 1620 Albanitaz.

266 1640 432 1677 ’Λμηραλῆς
453 1647 480 1674 p.
497 1638 559 1666 508.
583 1637 696 1664 Videtur
722 1645 853 1673 usurpare
877 1637 1005 1673 ἀμηραλῆ

225 1692 252 1716 ut
273 1686 411 1722 propriunt
430 1684 480 1711 viri
492 1690 604 1714 nomen,
616 1690 770 1717 quanquam
784 1687 812 1709 et
824 1683 907 1710 \‘idcri
920 1683 1008 1718 possit

225 1732 418 1768 appellativum
435 1729 596 1757 vocabulum
611 1728 761 1763 dignitatis,
781 1728 935 1763 praefectum
948 1737 1006 1756 nta-

226 1781 262 1807 ris
278 1779 416 1810 indicans;
432 1777 509 1809 cuius
527 1781 554 1803 et
573 1776 693 1804 notionis
710 1780 737 1802 et
754 1775 829 1802 vocis
849 1783 926 1802 usum
941 1775 1006 1802 satis

223 1825 358 1853 celebrent
373 1823 443 1857 apud
461 1824 509 1850 hos
521 1822 669 1856 scriptores
687 1821 848 1855 Neogratcos
867 1821 958 1855 quivis
974 1821 1002 1847 in

225 1872 258 1898 iis
268 1874 397 1898 versatos
408 1868 494 1899 novit.
510 1872 538 1894 et
552 1867 631 1894 docet
644 1867 776 1894 Meursius
789 1867 872 1894 verbo
890 1868 1008 1902 ’Λμηρά-

219 1917 278 1948 ita;
293 1921 321 1942 et
343 1914 475 1949 ’Δμηρᾶς.
492 1913 546 1948 Ego
558 1912 618 1938 sine
630 1911 789 1946 praeiudicio
802 1919 860 1939 rem
874 1912 1005 1947 integram

225 1963 252 1988 in
271 1960 361 1988 tnedio
379 1959 519 1993 relinquo,
537 1957 693 1992 exprimens
710 1957 736 1983 itt
756 1956 883 1984 versione
903 1956 1007 1983 Latinis

218 2006 320 2034 litteris
334 2012 392 2032 eam
402 2004 495 2039 'ipsam
511 2011 615 2034 vocem,
627 2011 708 2037 quam
723 2003 808 2029 lector
828 2010 876 2037 pro
897 2010 946 2029 suo
962 2011 1007 2029 ar-

223 2051 303 2079 bitrio
319 2050 360 2078 vel
375 2048 483 2084 proprie
497 2048 539 2075 vel
552 2048 714 2082 appellativo
727 2054 835 2074 sumere
850 2047 959 2082 poterit.

264 2096 477 2129 Ἀναδέχεσθαι
498 2093 547 2121 καὶ
564 2093 699 2128 ἀναδοχή
729 2100 756 2128 ρ.
781 2093 845 2120 256.
870 2091 927 2120 Hoc
945 2092 1006 2120 loco

221 2145 291 2171 duas
315 2141 346 2178 [Ρ
366 2139 429 2176 569]
446 2136 505 2167 illas
538 2146 619 2167 voces
643 2138 775 2173 ἀναδοχῆς
801 2143 829 2166 ct
851 2139 1007 2173 ἀναδέχοιτο

1059 1557 1142 1584 prope
1170 1549 1299 1583 palatium
1315 1547 1473 1575 aediﬁcatam
1486 1566 1493 1579 ,
1512 1552 1539 1575 et
1556 1547 1592 1574 ibi
1608 1547 1731 1573 habitum
1747 1547 1775 1573 in
1793 1554 1842 1574 cn-

1058 1595 1155 1622 stodla.
1172 1594 1291 1622 Ascribit
1305 1593 1403 1621 deinde
1415 1594 1474 1621 haec
1485 1594 1578 1626 verba,
1588 1601 1648 1628 qua:
1662 1593 1785 1619 indicant
1798 1592 1841 1619 isti

1057 1641 1187 1675 deinceps
1208 1641 1269 1667 loco
1292 1640 1373 1667 turris
1388 1639 1496 1667 Anema:
1517 1639 1729 1675 appellationth
1749 1638 1843 1666 adltat~

1057 1688 1137 1715 sisse.
1153 1686 1237 1714 Οὔπω
1252 1687 1273 1713 δ’
1287 1683 1365 1718 οὗτος
1390 1687 1440 1721 τῆς
1461 1687 1573 1721 εἱρκτῆς
1594 1684 1783 1720 ἠλευθεροῦτο,
1795 1685 1843 1710 x11

1056 1732 1102 1759 τὸν
1129 1732 1280 1767 Γρηγόριον
1302 1729 1380 1762 αὖθις
1405 1732 1421 1766 ἡ
1446 1731 1493 1757 τοῦ
1515 1730 1615 1765 ’Δνέμα
1634 1727 1706 1765 εἶχεν
1731 1730 1841 1764 εἰρκτή.

1057 1778 1162 1812 Πύργοέ
1179 1778 1202 1804 δ’
1215 1775 1249 1812 ἦν
1271 1786 1312 1809 τις
1332 1778 1385 1804 τῶν
1401 1777 1486 1812 ὰγγοῦ
1508 1777 1562 1803 τῶν
1576 1778 1605 1803 ὲν
1620 1776 1786 1810 Βλαχέρναις
1801 1776 1842 1801 δι-

1057 1824 1181 1858 ακτόρων
1211 1823 1390 1858 διακειμένων
1414 1822 1511 1857 τειχῶν
1535 1823 1584 1857 τῆς
1610 1822 1723 1855 πόὶεως,
1751 1823 1766 1848 ὁ
1793 1821 1842 1848 τοῦ

1063 1870 1165 1905 ’Δνεμᾶ
1179 1869 1355 1904 καλούμενος,
1370 1869 1465 1903 ὥσπερ
1476 1877 1502 1895 τι
1517 1868 1597 1903 λάχος
1613 1868 1661 1904 τὴν
1681 1868 1843 1902 ἐπωνυμίαν

1056 1915 1170 1949 ταυτηνὶ
1187 1916 1397 1950 κληρωσάμενος
1419 1914 1462 1941 διὰ
1477 1915 1506 1940 τὸ
1524 1915 1637 1949 πρώτως
1653 1913 1698 1940 τὸν
1721 1914 1782 1940 Ἀνε
1788 1914 1843 1948 μᾶν

1059 1961 1225 1996 σιδηρόδετον
1241 1959 1367 1992 δεξισθαι
1391 1960 1437 1986 ἐπὶ
1452 1960 1535 1986 πολὺν
1557 1960 1585 1985 ἐν
1609 1959 1683 1994 αὐτῴ
1699 1968 1843 1995 χρονοτρι-

1055 2010 1177 2042 δήσαντα
1190 2007 1294 2041 χρόνον.
1308 2005 1372 2033 llaec
1387 2006 1422 2033 ibi
1441 2006 1535 2037 Anna;
1550 2013 1610 2040 qua;
1624 2006 1663 2033 sic
1678 2006 1743 2032 olim
1759 2006 1844 2033 verti-

1056 2059 1134 2079 mus:
1152 2051 1275 2078 Noudtmt
1298 2051 1319 2077 ir
1345 2059 1373 2077 eo
1396 2059 1500 2077 carcere
1521 2050 1645 2077 liberatus
1664 2051 1764 2086 fuerat,
1783 2059 1843 2078 cum

1056 2096 1139 2122 alium
1160 2096 1286 2129 hospitem
1309 2095 1463 2130 Gregorium
1485 2096 1538 2122 [nec
1559 2102 1617 2130 qua:
1635 2096 1708 2127 prius
1734 2096 1843 2123 Anema'

1057 2143 1145 2177 fuerat
1162 2142 1240 2168 tutius
1255 2141 1372 2169 custodia
1387 2141 1494 2175 excepit.
1513 2140 1601 2168 Turris
1613 2146 1701 2167 autem
1713 2146 1772 2168 erat
1789 2150 1842 2168 una

224 2189 356 2226 peculiari
381 2187 499 2222 quadam
526 2185 652 2221 usurpari
673 2184 858 2213 ecclesiastica
881 2185 1004 2217 notione,
1022 2191 1043 2219 ῃ
1057 2188 1178 2219 quautam
1193 2195 1226 2214 ex
1248 2188 1281 2213 iis
1301 2195 1358 2219 qua:
1383 2194 1428 2220 per
1450 2186 1572 2213 meantum
1602 2186 1717 2213 civitati:
1738 2191 1843 2220 partem

223 2237 301 2264 facile
312 2235 442 2262 attentius
454 2232 545 2260 omnia
555 2230 786 2265 eircumspicienti
798 2234 881 2265 patet.
892 2229 1006 2258 Videtur

220 2285 311 2307 autem
328 2279 404 2313 prius
416 2277 577 2305 vocabulum
594 2275 726 2310 ἀναδοχῆς
741 2275 770 2302 in
788 2283 821 2303 eo
839 2275 884 2302 hic
900 2276 1005 2311 signiti-

221 2331 283 2353 catu
297 2324 370 2359 poni,
384 2328 414 2351 ut
425 2322 734 2350 inalicetabsolutionem
744 2322 968 2349 sacramentalem
979 2322 1005 2348 in

218 2370 353 2398 tribunali
364 2369 543 2397 confessionis
550 2375 654 2396 arcana:
667 2367 799 2402 impertiri
811 2367 1006 2402 paenitentibus

221 2417 327 2444 solitam
344 2423 359 2442 a
373 2415 515 2442 sacerdote
526 2412 740 2449 jurisdictionem
756 2412 825 2440 adid
836 2412 1002 2439 ordiuariam

215 2463 262 2490 uel
278 2461 427 2497 delcgatam
443 2460 570 2487 habente.
589 2458 723 2486 Similiter
745 2457 857 2486 verbum
880 2457 1005 2492 ἀναδέχε-

222 2511 284 2536 σθαι
300 2507 429 2542 exprintit
442 2506 577 2533 actionem
593 2505 679 2540 ipsam
694 2504 846 2531 sacerdotis
860 2503 1003 2530 absolven-

221 2557 265 2583 tis.
281 2554 411 2582 Continet
431 2557 521 2579 autem
540 2550 675 2586 posterior
689 2557 752 2585 pars
765 2551 846 2585 hujus
860 2549 1004 2577 sententia:

213 2601 355 2629 ‘ralioncm
377 2598 477 2634 prioris
494 2605 500 2623 :
523 2597 582 2624 ideo
597 2596 670 2624 enim
689 2596 784 2624 scribit
801 2600 897 2622 auctor
913 2595 1003 2622 incre-

218 2647 306 2682 pitum
315 2644 470 2679 Josepltutn
482 2643 559 2678 quasi
575 2641 780 2676 ahsolvisset_in
794 2641 853 2668 foro
863 2641 1004 2668 conscien-

217 2693 265 2720 tiae
278 2693 429 2726 Augustum
446 2694 541 2717 cotttra
556 2688 722 2716 voluntatem
737 2687 915 2722 patriarchae;
932 2685 1004 2721 quod

211 2743 363 2772 ,postquam
381 2735 664 2762 excontmunicaverat
674 2734 825 2769 Augustum
838 2732 1004 2767 patriarcha.

1054 2232 1259 2260 Bina/ternorum
1277 2233 1377 2267 regiam
1395 2234 1511 2266 proxime
1528 2238 1688 2267 spectantem
1703 2234 1784 2260 certis
1801 2234 1844 2260 in-

1055 2279 1171 2306 teruallis
1196 2279 1328 2313 disposita:
1346 2283 1418 2305 sunt.
1447 2278 1489 2305 Ea
1511 2279 1637 2314 insignem
1659 2287 1691 2305 ex
1716 2287 1746 2306 eo
1766 2288 1844 2314 quem

1056 2332 1198 2351 narramus
1211 2330 1301 2350 eventu
1315 2324 1517 2358 appellationem
1532 2325 1558 2350 in
1573 2332 1648 2350 omne
1662 2329 1766 2358 tempus
1780 2333 1844 2359 pro-

1055 2371 1142 2404 priam
1158 2375 1237 2396 nacta
1253 2374 1290 2396 est
1305 2377 1315 2396 .'
1332 2371 1413 2396 turri:
1425 2370 1484 2404 jam
1502 2371 1600 2404 passim
1614 2370 1720 2397 Anema:
1735 2377 1844 2402 vocata,

1055 2420 1191 2449 propterea
1211 2415 1279 2450 quod
1292 2415 1417 2442 Anemam
1431 2417 1500 2451 ferro
1512 2417 1624 2443 cinctum
1639 2417 1753 2444 urimum
1765 2426 1846 2444 acce-

1057 2461 1123 2494 perit
1138 2461 1234 2495 diuque
1254 2461 1379 2488 tenuerit.

1100 2506 1298 2540 Ἀνεμοπύλιιι
1322 2514 1349 2541 p.
1367 2506 1429 2535 llo.
1447 2508 1483 2534 De
1505 2507 1589 2536 Icario
1605 2508 1642 2535 ait
1664 2508 1748 2536 fuisse
1763 2509 1840 2536 illum

1055 2551 1226 2586 κατάρχοντα
1236 2552 1317 2585 νήσου
1335 2553 1467 2587 μεγίστης
1481 2553 1515 2588 ἣν
1527 2554 1699 2588 ἁνεμοπύλας
1710 2555 1770 2586 ἔθος
1784 2557 1841 2586 τοίς

1055 2596 1225 2624 ὲκείκαλείν.
1246 2596 1305 2624 Non
1324 2605 1384 2625 esse
1403 2598 1454 2626 hoc
1465 2606 1565 2626 nomen
1579 2599 1651 2626 illius
1668 2599 1766 2626 insula:
1780 2601 1840 2626 vul-

1055 2650 1120 2677 gare
1145 2642 1256 2677 ubique,
1273 2643 1354 2670 docet
1369 2644 1427 2678 ipse
1437 2650 1551 2676 auctor,
1566 2645 1630 2672 dum
1646 2645 1680 2672 ab
1697 2645 1796 2673 incolis
1812 2645 1838 2672 id

1055 2695 1165 2722 proprte
1190 2689 1314 2722 usurpari
1337 2689 1447 2716 solitum
1476 2690 1616 2717 admonet.
1638 2691 1678 2717 Att
1696 2699 1791 2718 verum
1812 2696 1840 2718 et

1057 2733 1183 2760 omnibus
1198 2739 1292 2761 notum
1311 2734 1391 2770 hujus
1407 2735 1501 2763 insulto
1516 2743 1616 2764 nomen
1632 2736 1731 2772 Lipara
1745 2737 1838 2770 fuerit,

247 2828 296 2862 ⁵μ)
312 2829 351 2855 tif.
380 2827 488 2854 Passio.
512 2827 634 2855 Glossar.
652 2827 767 2854 alterum
790 2826 961 2861 (Androniu)
977 2834 1002 2854 v.
1031 2826 1145 2863 Ἀλλαγή
1161 2833 1230 2855 extr.
