1944 3067
123 146 198 179 1005

809 156 1070 189 GLOSSARIUM.

1686 156 1753 188 1006

119 211 181 239 qua:
195 209 297 239 septem
308 209 366 240 aut,
378 211 408 234 ut
419 207 476 240 alii,
488 207 581 236 decem
592 209 743 239 Eoliarum
758 213 897 242 insularun

960 213 1126 244 διιίνιιτοῖς
1151 213 1353 248 πεφρασμένοις
1376 212 1425 248 (ita
1444 211 1518 239 clare
1541 211 1620 239 ambo
1646 212 1753 239 codices

120 250 240 278 maxima
270 256 296 279 et
324 252 404 279 unica
426 253 499 281 inter
526 262 621 284 omnes
651 258 770 286 habitata
803 260 907 294 fertur,

120 295 153 332 [Ρ
170 296 236 333 570]
258 297 378 325 viderint
393 299 548 334 peritiores.
571 302 625 337 Ego
642 304 743 340 ἐπέχω,
759 307 847 341 quoad
867 308 908 334 in-

120 343 224 370 dicium
241 344 392 371 occurrerit
405 346 518 374 certius.
536 347 563 374 Si
580 349 631 376 huc
644 351 688 382 sit,
705 357 817 387 apparet
827 362 907 382 causa

120 396 172 416 cur
189 389 260 417 hanc
274 389 390 417 insulam
407 390 588 428 Pachymercs
613 397 745 433 μεγίστην
761 400 907 427 maximam

120 437 233 470 dixerit,
253 438 318 466 licet
335 447 386 467 nec
398 439 486 468 Cretae
498 449 549 468 nec
565 441 665 470 Siciliae
681 446 905 479 comparabilem.

119 488 250 518 respectu
269 484 394 513 videlicet
415 486 450 514 ad
475 494 522 514 sex
547 492 594 516 aut
613 496 711 517 novem
733 489 837 519 Eolias
854 492 906 519 mi«

120 537 214 557 nores.

161 576 338 611 Ἀντίδωρον
361 585 388 612 p.
402 578 464 607 36L
481 578 586 608 Rursus
614 581 648 609 de
675 582 770 610 eodem
797 591 824 618 p.
842 583 906 612 407.

119 621 186 648 Erat
216 622 260 649 hic
287 630 389 657 merus,
406 631 460 651 non
491 631 665 654 consecratus
686 632 734 655 aut
757 629 785 655 in
804 628 906 657 Christi

118 675 219 702 corpus
232 675 383 695 Conversus
399 670 486 704 panis,
504 671 549 704 qui
566 673 673 700 cunctis
686 674 843 708 promiscue
862 675 905 701 in-

119 718 162 739 ter
178 720 256 741 sacra
274 713 299 740 in
317 714 432 742 ecclesia
451 715 667 744 distribuebatur
690 719 761 754 apud
785 719 905 752 Graecos,

119 758 158 785 uti
173 764 201 786 et
218 759 290 794 apud
307 759 428 792 Latinos,
450 761 503 788 ritu
526 762 660 798 hodieque
677 764 799 800 vigente,
816 765 907 794 dictus

117 804 276 838 ἀντίδωρον,
291 805 364 840 quod
376 806 434 833 vice
448 807 518 834 sacri
529 807 592 835 doni
609 808 798 843 Eucharistiae,
813 810 906 846 dispo-

118 849 229 882 sitione,
250 858 330 884 quam
355 851 596 885 exquisitissimam
621 854 722 882 Christi
745 863 846 891 corpus
863 865 906 885 re-

117 894 213 929 quirit,
229 903 283 922 non
301 899 469 931 prseparatis,
486 899 699 928 ministraretur.
723 901 760 930 De
776 904 829 930 hoc
843 903 904 932 fuse

116 944 145 966 et
162 940 397 974 erudite‘lacobns
413 942 485 970 Goar
504 943 571 972 0rd.
591 945 689 979 Praed.,
707 947 784 976 Notis
799 949 832 977 ad
848 949 903 977 Eu-

115 985 238 1021 cholog.,
255 994 282 1021 p.
299 987 361 1020 154,
375 996 456 1023 quem
472 990 542 1018 vide.

158 1032 364 1061 Ἀντικανονία
380 1042 407 1069 p.
422 1035 483 1063 36L
501 1036 577 1064 Hanc
598 1046 693 1066 vocem
708 1048 723 1068 a
737 1039 904 1077 Pachymete

114 1084 144 1111 p.
169 1078 221 1104 375
246 1083 404 1113 usurpatam
429 1081 463 1108 ad
487 1082 696 1117 signiﬁcandum
718 1085 902 1122 illegitimum,

114 1124 292 1159 irregularem
307 1130 336 1153 et
356 1127 442 1154 sacris
461 1127 543 1164 544
559 1131 713 1159 canontbus
733 1134 902 1162 contrarium

113 1176 207 1201 usum,
223 1170 381 1204 conjectura
396 1172 516 1200 divinavi
530 1194 536 1205 ,
552 1181 613 1202 cum
630 1176 739 1204 codices
753 1185 851 1207 omnes
865 1180 901 1208 ibi

112 1215 339 1243 manifestissime
359 1218 480 1253 corrupti
509 1220 588 1247 aliter
616 1229 667 1250 nec
694 1223 902 1260 intelligibiliter

112 1268 176 1287 eum
198 1261 287 1289 locum
309 1263 484 1291 exhiberem.
499 1263 630 1294 Advertat
649 1275 757 1303 aequum
777 1271 901 1299 animum

113 1307 235 1341 prudens
249 1308 333 1335 lector
348 1313 376 1336 et
386 1309 501 1344 judicet.
518 1312 573 1339 lsto
586 1313 658 1348 quod
674 1315 794 1343 iudicavi
811 1318 901 1353 capite

111 1353 175 1381 libri
197 1362 211 1381 ν
231 1354 370 1383 disserens
395 1356 544 1391 imperator
567 1360 640 1394 apud
666 1362 849 1396 patriarcham
873 1370 902 1392 et

111 1402 246 1435 synodum
261 1402 294 1429 de
309 1402 479 1431 concilianda
498 1398 570 1432 inter
583 1405 720 1435 Ecclesias
735 1408 859 1438 Latinam
874 1417 901 1439 et

110 1445 233 1473 Grmcam
255 1455 332 1482 pace,
350 1454 494 1477 enumerat
509 1451 598 1486 capita
618 1453 652 1480 de
676 1455 775 1489 quibus
800 1463 901 1485 conve-

110 1493 242 1520 niendum
258 1500 341 1526 esset,
353 1499 382 1522 ut
396 1503 448 1530 pax
462 1496 506 1524 illa
521 1498 708 1536 coalesceret;
721 1507 748 1529 et
759 1505 900 1532 contendit
914 1497 917 1500 ’

109 1539 300 1567 demonstrare
316 1541 419 1569 nullum
438 1550 533 1571 eorum
550 1544 602 1572 tale
620 1552 680 1572 esse
697 1554 712 1573 a
731 1556 785 1583 quo
799 1550 899 1579 admit-
914 1565 935 1595 α

109 1587 193 1613 tendo
207 1587 355 1615 abhorrere
373 1589 516 1624 quisquam
533 1591 632 1620 debeat
645 1599 720 1622 metu
734 1597 820 1632 eulpae
832 1606 900 1626 con-

107 1632 268 1660 sciscendae.
286 1634 406 1663 Primum
422 1636 496 1664 enim
505 1637 672 1674 λειτουργεῖν
685 1649 715 1668 τε
730 1644 776 1668 καὶ
792 1652 900 1679 μνημο-

107 1678 206 1710 νεύειν,
221 1680 320 1714 quibus
341 1681 440 1714 verbis,
463 1688 544 1718 prout
570 1691 601 1712 ea
617 1687 674 1713 suis
700 1687 767 1715 locis
792 1689 819 1716 in
840 1678 900 1718 hoc

107 1722 247 1750 Glossario
271 1731 445 1760 enarramus,
473 1727 648 1762 signiﬁcavit,
675 1731 759 1764 priori
786 1733 898 1767 quidem

106 1769 253 1797 admittere
269 1770 380 1799 Latinos
406 1772 435 1799 in
459 1775 682 1804 communionem
705 1784 789 1805 sacrae
807 1778 899 1806 Litur-

105 1815 171 1850 giae,
190 1816 245 1843 hoc
257 1822 299 1844 est
315 1825 376 1844 eam
393 1818 461 1853 ipsis
475 1822 657 1854 praesentibus
673 1827 701 1850 et
715 1825 898 1852 communiter

105 1864 249 1890 orantibus
263 1871 316 1891 non
334 1866 453 1893 aversari
470 1867 619 1901 celebrare,
635 1869 727 1897 altero
740 1878 806 1898 vero
823 1880 900 1899 mcu-

106 1909 209 1936 tionem
222 1917 299 1945 papa:
311 1910 401 1939 facere
412 1912 547 1947 publicam
563 1915 593 1941 in
609 1915 742 1951 liturgicis
753 1917 893 1952 precibus:

104 1963 149 1987 ea,
171 1956 292 1990 inquam,
308 1957 388 1985 ambo
403 1966 463 1986 esse
479 1960 553 1988 licita
570 1962 686 1990 evicisse
701 1964 752 1991 sibi
768 1965 842 1993 visus
853 1971 896 1994 est

103 2002 268 2029 auctoritate
281 2002 413 2031 Manuelis
430 2006 591 2040 patriarchae
607 2016 669 2036 eum
684 2016 732 2037 sua
748 2012 853 2047 synodo
866 2017 894 2040 et

101 2047 216 2074 Joannis
239 2048 319 2076 Ducw
343 2050 528 2085 imperatoris,
554 2061 623 2088 quos
653 2055 736 2083 missa
759 2057 894 2092 legatione

102 2094 147 2121 illa
164 2094 236 2122 ultro
252 2096 410 2130 promisisse
424 2105 508 2133 papae,
522 2099 546 2126 si
566 2100 720 2129 abstineret
737 2111 751 2130 a
766 2104 893 2139 juvandis

102 2141 210 2169 Latinis
236 2144 282 2176 qui
315 2143 552 2180 Constantinopoli
589 2151 654 2175 tunc
690 2150 890 2184 potiebantur,

101 2188 225 2215 Ostendit
236 2196 268 2215 ex
287 2189 379 2217 codice
396 2189 524 2219 Ecclesia:
540 2192 572 2220 ad
592 2193 671 2221 ﬁdem
687 2195 748 2230 ejus
760 2196 796 2223 rei
809 2202 891 2232 gesta:

960 260 1058 295 optimi
1073 259 1092 286 Β
1105 265 1132 287 et
1147 261 1179 290 A.
1194 268 1256 287 cum
1276 260 1457 301 fragmentum
1477 267 1492 286 a
1514 258 1625 286 Petav'o
1649 259 1751 285 editum

959 306 1167 340 πεφραγμένως
1190 306 1271 340 legat)
1297 304 1544 339 ἀναγινώσκοντας.
1570 304 1634 332 Huic
1654 306 1693 331 sic
1719 305 1750 331 ad

959 351 1076 377 verbum
1094 355 1192 377 sonant
1209 358 1216 377 :
1237 351 1267 378 Ut
1285 351 1391 377 omnino
1413 359 1463 377 non
1481 356 1635 377 accusatus:
1659 351 1752 384 impie-

961 397 1027 423 tatis
1054 397 1108 423 sive
1133 397 1260 423 hwreseos
1283 396 1374 427 Italos.
1399 397 1531 430 petierint,
1552 396 1656 423 sublato
1676 398 1751 423 modo

959 444 1142 471 additamenta
1162 452 1176 471 e
1188 443 1314 479 symbolo,
1328 444 1355 470 in
1369 443 1476 478 reliquis
1492 444 1630 478 scripturis
1650 443 1677 470 id
1689 451 1750 470 con-

958 491 1090 524 scriptum
1106 490 1240 522 habentes,
1257 490 1335 516 simul
1346 490 1436 525 efferre
1447 498 1505 516 cum
1522 489 1583 516 aliis
1599 498 1656 524 qua:
1675 498 1705 515 ea:
1718 490 1750 516 iis

959 535 1061 562 chartis
1081 534 1276 570 pronuntiando
1293 535 1416 569 legerent.
1444 533 1519 561 lianc
1537 534 1617 567 plane
1640 538 1750 561 senten-

962 582 1048 613 tiam,
1074 581 1154 615 paulo
1179 581 1342 608 elariorfbus
1364 581 1496 607 duntaxat
1523 581 1632 613 verbis.
1663 580 1749 607 inter-

962 626 1079 661 pretatio
1092 625 1151 660 ejus
1163 626 1262 659 capitis
1277 631 1368 653 nostra
1385 627 1524 661 exprimit.
1541 626 1651 653 Transit
1671 626 1750 653 deui-

961 679 1015 706 que
1033 672 1065 700 ad
1081 672 1323 699 demonstrandum
1340 672 1406 698 nihil
1421 679 1482 699 esse
1499 672 1581 699 illiciti
1603 672 1630 699 in
1648 673 1748 699 admit-

961 719 1042 746 tenda
1058 718 1318 746 commemoratione
1336 718 1456 745 nominis
1477 726 1553 752 papa:
1572 719 1598 744 in
1617 718 1748 753 liturgicis

961 764 1169 800 precationibus
1184 764 1352 792 Graecorum.
1371 764 1403 791 Et
1420 765 1453 792 de
1470 764 1522 792 hoc
1537 765 1626 799 capite
1652 766 1691 792 sic
1707 767 1747 792 lo-

957 811 1051 846 quitur
1065 811 1093 838 in
1109 811 1204 838 codice
1218 810 1368 838 Barberino
1384 819 1390 837 :
1407 812 1474 837 Ttva‘t
1485 811 1507 837 δ’
1521 811 1593 846 ἔχειν
1613 812 1661 845 τὴν
1690 820 1748 837 κοι-

958 857 1060 884 νωνίαν
1076 857 1092 892 ἠ
1106 857 1149 883 ἐπ’
1159 857 1307 891 ἐκκλησίας
1324 857 1448 891 ἀναφορὰ
1464 857 1510 883 τοῦ
1528 858 1668 892 ὀνόματος,
1679 858 1745 885 ὃπου

956 912 989 939 γε
1001 903 1047 930 καὶ
1064 905 1101 938 μὴ
1116 903 1230 934 πάππας
1246 902 1324 934 ὕντας
1341 903 1404 935 τοὺς
1421 903 1519 935 ἄλλους
1548 905 1654 938 ἀνάγκη
1683 913 1747 939 μετ-

955 950 1032 985 έχειν
1043 951 1098 980 τοίς
1109 948 1320 984 ἐκκλησιάζουσι
1333 950 1544 984 συνισταμένους
1559 951 1747 984 λειτουργοῦν-

954 1004 1002 1027 τος
1018 995 1064 1022 τοῦ
1093 996 1197 1030 ἱερέως,
1209 997 1255 1022 καὶ
1267 996 1316 1031 τὴν
1331 996 1444 1031 Τριάδος
1459 996 1538 1031 χάριν
1555 997 1746 1031 παραδιδόντος

954 1042 1063 1073 κοινῶς.
1087 1041 1238 1069 Allatianus
1261 1042 1289 1069 in
1308 1042 1359 1070 hoc
1382 1046 1487 1069 tantum
1511 1043 1647 1078 discrepat
1664 1043 1744 1080 545

953 1087 1026 1121 quod
1040 1087 1183 1114 articulum
1194 1088 1396 1122 praepositivum
1405 1088 1454 1122 τήν
1467 1093 1530 1115 ante
1543 1096 1635 1116 vocem
1649 1098 1744 1116 xeno)-

953 1133 1015 1159 νίαν
1025 1139 1080 1159 non
1092 1132 1173 1160 habet
1184 1141 1192 1165 ;
1205 1134 1244 1160 uti
1259 1140 1347 1168 neque
1365 1134 1448 1162 editio
1465 1135 1624 1163 Pelaviana.
1636 1135 1667 1171 [Ρ
1679 1136 1744 1172 57Ιῖ

952 1177 1040 1208 Porro
1055 1179 1156 1207 cubare
1167 1179 1195 1207 in
1211 1180 1311 1208 mendo
1331 1181 1414 1208 verba
1439 1182 1483 1208 illa
1510 1182 1582 1217 ἔχειν
1602 1183 1743 1209 κοινωνίαν

953 1225 997 1252 vel
1008 1225 1057 1260 τὴν
1072 1226 1215 1252 κοινωνίαν
1230 1226 1294 1253 inde
1307 1227 1481 1254 manifestum
1495 1234 1547 1259 est,
1564 1229 1635 1262 quod
1650 1229 1742 1256 inlini-

953 1273 1027 1298 tivus
1038 1272 1109 1307 ἔχειν
1121 1281 1176 1300 non
1191 1277 1280 1308 potest
1291 1274 1439 1305 cohaerere,
1455 1276 1529 1302 salxa
1545 1276 1662 1310 syntaxi,
1678 1284 1741 1304 cunt

953 1318 1122 1346 nominativo
1134 1319 1268 1354 ἀναφορὰ.
1282 1320 1327 1354 qui
1345 1320 1479 1355 seqnitur.
1495 1321 1571 1349 Unde
1583 1322 1643 1349 sine
1657 1323 1743 1350 dubio

951 1364 1135 1400 Pachymeres
1153 1365 1294 1399 scripserit
1319 1365 1375 1400 ἔχει
1393 1367 1419 1392 in
1444 1367 1585 1401 praesentis
1602 1367 1741 1394 indicativi

953 1410 1033 1438 tertia
1049 1419 1177 1445 persona.
1191 1411 1260 1444 Quid
1275 1419 1339 1446 ergo
1359 1411 1424 1439 illud
1440 1421 1454 1438 ν
1466 1414 1623 1440 redundans
1638 1415 1665 1440 in
1682 1423 1742 1442 ont-

952 1456 1034 1483 nibus
1057 1456 1271 1490 exemplaribus,
1294 1457 1321 1483 in
1348 1456 1497 1484 Barbcrino
1524 1466 1589 1485 vero
1618 1460 1740 1486 omnium

951 1503 1055 1537 optimo
1077 1507 1209 1537 praeterea
1224 1502 1354 1539 articulus
1367 1503 1434 1538 τὴν;
1449 1503 1513 1538 quid
1534 1503 1602 1534 inec.
1617 1505 1739 1538 inquam.

952 1548 1025 1576 aliud
1043 1548 1157 1576 dixerim
1171 1556 1252 1583 quam
1278 1549 1391 1584 vestigia
1414 1550 1441 1576 in
1465 1551 1630 1586 apographis
1652 1551 1741 1578 adhuc

952 1595 1088 1622 exstantia
1120 1594 1274 1630 archetypas
1299 1595 1462 1629 scripturae?
1487 1596 1590 1623 Auctor
1611 1597 1741 1624 videlicet

951 1642 991 1670 sic
1007 1642 1084 1670 initio
1098 1643 1253 1677 scripserat,
1268 1642 1330 1669 τίνοι
1347 1642 1370 1669 δ’
1385 1642 1442 1677 ἔχει
1456 1644 1643 1670 ἀντικανονίαν
1661 1654 1668 1671 :
1691 1652 1739 1679 pro

951 1687 1050 1722 quibus
1076 1689 1260 1723 exscriptores
1285 1696 1429 1723 perperam
1458 1695 1609 1724 posuerunt
1631 1690 1692 1717 τίνα
1716 1689 1739 1717 δ’
1779 1731 1782 1734 ν

949 1733 1022 1769 ἔχειν
1039 1734 1181 1761 κοινωνίαν
1193 1755 1199 1766 ,
1215 1735 1306 1762 securi
1325 1735 1500 1770 σολοικισμοῦ
1516 1740 1541 1763 et
1556 1737 1739 1771 perturbatio-

948 1782 992 1808 nis
1005 1781 1201 1808 inextricabilis
1217 1781 1244 1807 in
1259 1789 1338 1816 quam
1356 1786 1410 1808 tota
1435 1783 1572 1810 sententia
1596 1792 1642 1818 per
1665 1784 1739 1811 istud

948 1825 1070 1861 ipsorum
1086 1826 1237 1861 παρόραμα
1251 1826 1386 1861 implicata
1405 1833 1544 1860 remanet;
1564 1833 1594 1856 ut
1609 1829 1678 1856 nihil
1695 1830 1737 1857 di-

947 1877 1006 1896 cam
1021 1870 1055 1897 de
1070 1870 1180 1898 taediosa
1194 1871 1357 1905 repetitione
1371 1871 1493 1906 ejusdem
1507 1873 1628 1901 nominis
1643 1883 1738 1902 κοινω-

947 1916 991 1942 νῐα
1010 1916 1098 1943 altero
1128 1918 1217 1943 statim
1236 1922 1296 1951 post
1324 1925 1415 1950 versu,
1430 1923 1458 1945 et
1470 1919 1579 1954 quidem
1595 1928 1678 1948 sensu
1698 1922 1738 1948 in-

947 1962 1109 1990 sulsissime.
1129 1964 1199 1996 Quid
1212 1965 1284 1990 enim
1303 1965 1386 2000 magis
1401 1965 1592 1999 ἀσυλλόγιστον
1605 1967 1670 2002 ﬁngi
1691 1976 1737 2003 p0-

947 2011 1089 2042 testquam
1103 2009 1155 2036 hoc
1166 2009 1247 2036 modo
1260 2012 1443 2044 argumentari
1459 2020 1466 2038 :
1482 2012 1568 2044 Quam
1580 2016 1650 2041 enim
1660 2016 1736 2042 habet

944 2055 1152 2081 communionem
1170 2055 1285 2089 prolatio
1299 2057 1422 2087 nominis,
1439 2065 1498 2083 cum
1514 2058 1580 2085 alios
1599 2060 1644 2093 qui
1657 2068 1735 2094 papa:

945 2107 996 2126 non
1020 2104 1080 2126 sunt
1103 2108 1205 2128 necesse
1221 2101 1256 2128 sit
1280 2103 1443 2137 participare
1460 2106 1638 2132 communioni
1651 2107 1663 2133 .7
1680 2113 1733 2134 etc.

944 2145 1004 2173 Non
1027 2153 1070 2174 me
1088 2146 1157 2174 l‘allit
1175 2147 1259 2175 videri
1279 2148 1360 2176 alicui
1376 2157 1457 2184 posse
1477 2159 1569 2178 vocem
1588 2153 1732 2180 κοινωνίαν

943 2192 1029 2227 priori
1050 2193 1110 2220 loco
1139 2193 1256 2228 positam
1282 2196 1409 2230 usurpari
1432 2196 1460 2223 in
1481 2204 1513 2224 ea
1542 2199 1653 2226 notione
1679 2208 1732 2235 qua

100 2234 255 2261 faciendam
273 2235 390 2269 prolato.
412 2236 587 2265 Demonstrat
609 2239 708 2268 deinde
730 2243 889 2270 eorumdem
906 2249 928 2277 ι)
943 2239 1031 2266 κοινὸν
1047 2239 1185 2266 interdum
1203 2241 1369 2269 immundum
1384 2247 1474 2276 sonat,
1493 2249 1522 2271 ut
1537 2245 1671 2281 signiticet
1693 2247 1734 2274 la-

99 2280 264 2308 auctoritate
279 2280 390 2309 Latinos
406 2289 519 2318 propter
534 2286 700 2313 additioncm
715 2287 740 2314 in
759 2287 888 2323 Symbolo

99 2333 154 2352 non
171 2333 232 2353 esse
247 2327 387 2355 habendos
404 2328 557 2363 haereticos,
580 2339 642 2358 cum
665 2332 702 2359 illi
729 2334 797 2361 nihil
825 2340 889 2364 tunc

98 2372 173 2398 aliud
194 2380 209 2399 a
232 2372 338 2401 Latinis
369 2376 520 2411 exegerint,
542 2377 594 2405 nisi
619 2383 647 2405 ut
672 2379 887 2409 additamentum

97 2417 171 2444 istud
184 2427 197 2445 a
212 2419 339 2454 Symbolo
362 2422 496 2454 tollerent,
508 2422 575 2450 nihil
588 2425 762 2458 prohibentes
782 2429 889 2461 quomi-

97 2469 150 2488 nus
165 2463 191 2489 in
207 2464 314 2492 ceteris
333 2467 477 2501 scripturis
491 2467 518 2495 id
532 2469 683 2498 retinerent
698 2475 725 2498 et
747 2472 885 2507 legerent;

97 2509 170 2543 quod
186 2511 306 2539 ostendit
319 2511 472 2542 doctrinam
495 2515 582 2551 ipsam
608 2525 639 2544 ac
663 2518 761 2554 dogma
782 2527 887 2556 nequa-

95 2563 178 2591 quam
195 2557 261 2592 ipsis
286 2558 471 2594 displicuisse,
497 2569 529 2589 ac
554 2570 758 2599 consequenter
782 2567 885 2595 crimen

95 2601 141 2628 hic
159 2601 280 2635 hatresis,
294 2603 398 2638 judicio
417 2612 524 2638 eorum,
543 2615 599 2634 non
618 2608 713 2637 fuisse.
730 2611 806 2638 Hanc
820 2616 886 2646 puto

95 2655 158 2674 esse
174 2649 336 2676 sententiam
354 2650 461 2679 illorum
477 2654 621 2681 verborum
636 2675 643 2688 ,
663 2655 784 2692 alioquin
802 2658 885 2693 hujus

95 2694 242 2729 scriptoris
259 2703 335 2723 more
357 2704 390 2724 ac
410 2699 538 2732 peculiari
557 2701 637 2734 genio
658 2709 724 2729 sane
739 2703 884 2738 perplexo-

95 2747 157 2766 rum
175 2748 183 2766 :
199 2740 261 2772 Πῶς
280 2741 318 2776 μὴ
343 2744 559 2778 κατηγοροῦντες
579 2746 647 2779 ὅλως
663 2748 790 2781 ἀπεσείας
809 2750 885 2786 (huic

94 2786 155 2812 voci
175 2786 321 2815 Vaticanus
340 2789 481 2818 substituit
493 2791 610 2826 αἵρεσιν,
635 2801 689 2821 non
721 2796 802 2832 male)
820 2799 883 2830 τοὺς

99 2831 229 2865 Ἰταλοὺς,
248 2833 341 2868 ἠξίουν
358 2837 561 2871 παραιροῦντας
586 2839 635 2873 τὴν
660 2841 820 2878 προσθήκην
837 2845 882 2871 τοῦ

95 2878 243 2913 συμεόλου,
260 2881 288 2907 ἐν
305 2882 364 2913 ταῖς
380 2881 485 2915 λοιπαῖς
498 2883 673 2919 ἀνάγραπτον
684 2886 805 2922 ἔχοντας,
821 2898 883 2918 σνν-

945 2287 1001 2313 bem
1013 2294 1045 2312 ac
1057 2286 1203 2320 maculam,
1216 2288 1354 2315 sententia
1365 2290 1419 2323 jam
1434 2294 1573 2326 utcunqtte
1584 2292 1730 2325 tolerabili,

943 2332 990 2360 sed
1007 2340 1067 2367 qua:
1078 2341 1131 2360 non
1145 2333 1214 2360 tollit
1230 2335 1493 2364 verisimilitudincm
1507 2339 1585 2374 longe
1600 2339 1730 2374 majorem

943 2378 1142 2407 emendationis
1160 2384 1277 2411 nostrm.
1293 2381 1326 2408 ad
1342 2390 1422 2416 quatit
1450 2383 1511 2410 ideo
1533 2392 1588 2411 non
1607 2385 1730 2414 dubitavi

943 2424 1118 2452 conlormare
1142 2426 1300 2454 editionem.
1327 2427 1353 2455 Si
1382 2436 1442 2463 quts
1465 2436 1568 2464 quierat
1594 2434 1730 2467 quomodo

942 2469 1090 2498 Vaticanus
1105 2472 1189 2499 codex
1207 2475 1280 2500 hunc
1296 2475 1385 2502 locum
1401 2478 1587 2511 expresserit,
1604 2479 1672 2506 sciat
1688 2483 1730 2506 lo-
1750 2494 1752 2496 τ

942 2520 999 2544 ιυιιι
1016 2517 1159 2552 omisisse;
1176 2519 1215 2546 sic
1240 2520 1401 2556 plerumque
1413 2542 1421 2555 ,
1443 2530 1504 2550 cum
1521 2524 1586 2558 quid
1609 2525 1729 2561 ambigui

941 2564 1069 2596 occurrit,
1089 2564 1199 2601 defungi
1217 2567 1323 2594 solitus.

982 2609 1176 2644 Ἀντιλλάξας
1199 2619 1226 2646 p.
1254 2613 1312 2640 t/tO.
1330 2615 1391 2649 Agit
1405 2615 1440 2643 de
1459 2615 1591 2645 militibus
1615 2618 1730 2648 Cmsaris

941 2655 1135 2685 insidiantibus
1156 2659 1216 2686 urbi
1238 2658 1556 2697 Constantinopolitanm.
1574 2673 1656 2699 quant
1675 2667 1730 2693 im-

939 2703 1050 2738 proviso
1066 2704 1231 2740 intercipere
1248 2707 1389 2740 parabant,
1405 2716 1512 2736 summo
1529 2716 1672 2745 propterea
1690 2712 1728 2738 si-

939 2749 1023 2776 lentio
1034 2755 1155 2784 agentes,
1167 2759 1200 2777 nc
1210 2753 1434 2786 responsantibus
1446 2762 1461 2782 c
1476 2763 1553 2782 tnuro
1565 2757 1728 2791 quibusdam

938 2796 1130 2831 proderentur.
1146 2797 1233 2826 Codd.
1248 2798 1268 2824 Β
1283 2804 1311 2826 et
1323 2800 1417 2828 Aeum
1433 2802 1548 2837 simplici
1563 2803 1576 2829 λ
1592 2803 1726 2836 scribunt,

937 2843 1026 2870 Vatic.
1054 2843 1170 2871 alterum
1193 2848 1208 2871 λ
1229 2845 1315 2874 addit.
1333 2848 1422 2875 Audio
1447 2849 1474 2875 in
1497 2849 1599 2885 vulgari
1625 2849 1727 2878 Graecis

938 2890 1019 2920 hodie
1037 2891 1137 2919 usitata
1154 2892 1244 2929 lingua
1255 2893 1415 2928 ἀντιλλάξας
1429 2896 1482 2925 dici
1499 2905 1547 2933 pro
1557 2897 1726 2934 civ-militia:
